4088 6538
316 413 423 477 753

1259 424 1725 488 DISPUTATIO
1764 427 1926 491 CUM
1964 429 2333 494 HERBANO
2370 434 2658 497 JUD/ED.

3478 440 3603 505 754"

316 543 462 626 σου,
516 527 611 626 τὸν
658 529 794 626 θεὸν
820 532 1079 602 ἐμφαίνει
1118 534 1485 607 ἑγνωρικέναι
1517 538 1582 590 ὲν
1610 540 1744 609 ἡμῖν
1785 541 1899 604 τοῖς

2004 543 2250 601 declarat
2284 547 2460 604 Deum
2499 559 2697 605 notum
2742 549 2939 607 fecisse
2969 552 3024 607 iu
3048 516 3209 609 vobis
3245 556 3463 626 populis
3489 558 3583 614 Je-

316 616 486 684 λαοῖς,
517 619 734 689 Ἰησοῦν
757 624 1014 694 Χριστὸν,
1034 626 1185 690 ὅστις
1213 629 1360 681 ἐστὶν
1376 630 1410 700 ή
1432 630 1647 701 μεγάλη
1672 630 1904 702 δύναμις

316 708 413 763 τοῦ
468 702 609 766 Θεοῦ
659 714 758 770 καὶ
819 717 1055 788 Πατρός.
1111 718 1324 783 Πολλὰς
1366 720 1476 793 γὰρ
1515 722 1776 794 δυνάμεις
1809 723 1909 777 καὶ

318 801 492 856 πολλὰ
528 808 734 876 σημεῖα
775 808 869 860 καὶ
902 809 1105 880 τέρατα
1141 811 1335 874 αὐτὸς,
1362 811 1441 877 ῶς
1472 812 1605 876 Θεὸς
1637 814 1700 867 ἐκ
1728 813 1865 869 Θεοῦ
1886 858 1903 882 ,

316 892 439 955 ταῖς
469 898 815 964 συναγωγαῖς
843 896 957 968 (56)
992 898 1150 968 ὑμῶν
1196 899 1532 970 σωματικῶς
1559 901 1903 974 ἁναστρεφό·

319 999 485 1053 μενος
529 983 806 1054 τετέλεκε,
857 987 963 1043 κᾶν
1008 990 1169 1061 ὑμεῖς
1197 991 1257 1044 ού
1302 993 1761 1065 προσεσχήκατεο
1787 993 1903 1048 ἀλλ’

317 1071 433 1141 οῦν,
465 1076 649 1132 ἱκανοὶ
693 1079 818 1133 τότε
854 1082 920 1135 ὲκ
950 1079 1047 1135 τοῦ
1088 1081 1252 1153 ὄχλου
1288 1084 1446 1154 ὑμῶν
1490 1084 1693 1149 ιδόντες
1736 1084 1903 1139 αὑτοῦ

318 1168 389 1222 τὰ
444 1171 647 1241 σημεῖα
686 1172 785 1226 καὶ
829 1172 901 1227 τὰ
945 1173 1170 1245 τέρατα,
1206 1174 1537 1229 ἐπίστευσαν
1576 1177 1653 1249 τῷ
1678 1177 1904 1248 ὀνόματι

318 1260 509 1326 αὑτοῦ,
571 1263 668 1317 καὶ
720 1265 821 1319 ούκ
851 1265 1153 1321 ἀπώλοντο.
1188 1268 1320 1331 Καὶ,
1354 1268 1431 1332 ὡς
1456 1262 1637 1339 οἶμαι,
1689 1270 1904 1333 τούτοις

318 1352 554 1423 ἁρμόσει
629 1358 725 1409 καὶ
776 1356 839 1410 τὸ
906 1357 1210 1429 εἰρημένον,
1257 1359 1377 1412 ὑπὸ.
1415 1360 1519 1414 τοῦ,
1568 1362 1854 1432 προφήτου
1882 1403 1907 1428 ,

320 1445 711 1515 Ἐγνώρισας,
765 1448 1090 1517 φάσκοντος,
1137 1450 1263 1517 τοῖς
1290 1450 1465 1518 λαοῖς
1491 1451 1609 1520 τὴν
1643 1453 1906 1521 δύναμιν

318 1551 438 1592 σου
459 1554 475 1567 ⁸
529 1537 853 1607 ἐλυτρώσω
879 1539 951 1594 ἐν
978 1538 1059 1606 τῷ
1089 1541 1379 1611 ,ϐραχίονι
1425 1559 1542 1597 σου
1568 1541 1711 1609 τοὺς
1735 1542 1904 1610 υἱοὺς

318 1628 524 1683 Ἰακὼό
559 1630 658 1683 καὶ
702 1630 939 1709 Ἰωσήφ.
981 1631 1172 1702 Ὑμεῖς
1204 1632 1263 1685 δὲ
1310 1634 1368 1685 ὲν
1420 1633 1648 1703 ἀπιστίᾳ
1688 1632 1904 1703 διαμεί-

318 1737 513 1784 ναντες
538 1722 691 1775 οὐδὲν
726 1723 913 1796 ἕτερον
937 1767 952 1793 ,
982 1726 1015 1797 ἢ
1059 1725 1242 1789 καθὼς
1268 1724 1525 1778 ἐκάλεσεν
1559 1724 1820 1794 Ἰωάννης
1875 1724 1908 1775 ό

320 1812 436 1876 υίὸς
464 1814 759 1886 Ζαχαρίου,
813 1818 1161 1888 γεννήματα
1199 1817 1479 1887 ἐχιδνῶν,
1515 1816 1611 1870 καὶ
1651 1816 1723 1870 τά
1750 1815 1899 1885 ἑξῆς-

2007 650 2129 692 sum
2155 635 2464 705 Christum,
2492 642 2587 711 qui
2615 642 2840 711 quidem
2862 654 2947 700 est
2973 660 3168 717 magna
3215 649 3459 716 potentia
3482 649 3582 705 Dei

2005 735 2063 783 et
2090 728 2299 784 Patris.
2345 730 2545 785 Multas
2588 734 2735 787 enim
2765 735 3003 792 virtutes
3034 746 3091 792 et
3129 738 3315 793 multa
3346 739 3599 809 signa‘et'

2004 814 2257 886 prodigia
2280 817 2417 886 ipse,
2446 820 2669 875 utDeus
2710 836 2779 876 ex
2807 823 2941 889 Deo,
2980 824 3037 879 in
3067 826 3359 897 synagogis
3381 830 3583 885 vestris

2004 907 2369 977 corporaliter
2402 920 2763 967 conversatus
2793 912 3047 984 perfecit,
3080 917 3299 973 tametsi
3328 933 3427 973 vos
3458 920 3580 974 ani-

2005 1011 2155 1053 mum
2190 1014 2303 1053 non
2330 1000 2653 1059 advertistis
2689 1020 2870 1075 neque
2889 1007 3239 1063 attendistis:
3269 1009 3366 1080 qui
3397 1019 3581 1066 tamen

2005 1097 2140 1145 tunc
2169 1105 2235 1147 ex
2266 1092 2429 1147 turba
2454 1102 2639 1150 vestra
2666 1095 2851 1152 idonei
2881 1098 3128 1166 fuerunt,
3157 1100 3322 1171 hujus
3345 1100 3500 1172 signa
3523 1109 3582 1158 et

2004 1180 2253 1253 prodigia
2294 1183 2505 1249 intuiti,
2550 1188 2762 1244 nomini
2817 1190 2941 1261 ejus
2983 1192 3367 1259 crediderunt,
3398 1210 3582 1265 neque

2004 1271 2312 1340 perierunt.
2370 1273 2572 1347 Atque,
2624 1288 2687 1333 ut
2747 1281 2974 1350 Opinor,
3024 1282 3082 1336 in
3142 1281 3246 1337 hos
3303 1290 3584 1352 competet

2003 1362 2152 1433 quod
2184 1363 2395 1420 dictum
2442 1376 2527 1422 est
2555 1385 2586 1424 a
2645 1372 2935 1441 propheta-
2964 1372 3187 1429 dicente
3218 1392 3231 1428 :
3279 1372 3476 1429 Notam
3500 1376 3582 1445 fe-

2003 1456 2121 1509 cisti
2140 1458 2347 1528 poputis
2368 1464 2658 1530 potentiam
2681 1472 2829 1519 tuam
2843 1482 2869 1529 ς
2888 1465 3154 1520 redemisti
3183 1468 3239 1521 in
3263 1466 3475 1521 brachio
3491 1474 3581 1519 tuo

2001 1546 2145 1616 ﬁlios
2167 1548 2330 1604 Jacob
2355 1560 2405 1605 et
2432 1552 2625 1626 Ioseph
2654 1556 2720 1611 ".
2753 1556 2863 1611 Vos
2896 1567 3082 1614 autem
3118 1558 3215 1629 qui
3260 1558 3317 1612 in
3348 1558 3580 1628 perﬁdia

2002 1650 2060 1696 et
2116 1642 2512 1700 incredulitate
2564 1649 2987 1717 permansistis,
3046 1650 3187 1704 nihil
3250 1649 3401 1705 aliud
3447 1649 3582 1705 estis

2004 1750 2171 1805 quam
2191 1736 2341 1806 quod
2360 1737 2602 1794 Joannes
2652 1740 2932 1796 Zachariae
2970 1741 3118 1797 filius
3174 1742 3414 1805 vocavit,
3438 1742 3584 1812 uipe-

2007 1838 2192 1877 rarum
2214 1828 2486 1896 progenies
2518 1828 2606 1893 ιδ’,
2635 1837 2747 1883 etc.
2774 1830 2857 1883 An
2889 1829 3006 1885 huic
3029 1830 3103 1885 ita
3157 1830 3341 1885 sunt?
3362 1830 3469 1885 Sed
3499 1837 3584 1885 at—

332 1903 494 1958 Ἀλλά
513 1882 691 1959 ταῦτα
716 1882 1031 1977 μὲν-οὕτως’
1066 1882 1300 1981 πρόσαγε
1318 1909 1397 1975 δὲ,
1419 1908 1544 1964 τινα
1564 1908 1593 1961 ό
1619 1882 1902 1979 προφήτῆς

2005 1915 2171 1973 tende
2214 1882 2225 1895 ’
2250 1882 2552 1988 diligenter
2567 1882 2605 1982 ,1
2652 1936 2909 1990 quamam
3308 1882 3394 1977 de
3410 1882 3427 1885 ν
3442 1882 3580 1991 gen-

320 1999 420 2068 τῆς
445 1999 690 2071 κλήσεως
718 2003 830 2073 (57)
861 2004 969 2058 τῶν
1000 2004 1172 2058 ὲθνῶν
1198 2006 1396 2073 ἐπάγει
1430 2019 1445 2036 ο
1474 2003 1794 2072 Ἐνέγκατε
1818 2000 1901 2068 τῷ

320 2092 540 2160 Κυρίῳ,
589 2094 761 2165 φησιν
784 2110 800 2126 ο
850 2096 971 2167 οὐχὶ
1013 2100 1071 2152 αι
1100 2096 1341 2166 πατριαὶ
1376 2094 1497 2150 τῶν
1517 2095 1710 2150 ἐθνῶν
1732 2109 1752 2161 ,'
1792 2096 1902 2149 Kal.

258 2208 267 2218 -
320 2182 441 2237 τινα
496 2183 790 2254 ὲνὲγκατε;
853 2185 1046 2252 δόξαν
1097 2187 1195 2242 καὶ
1235 2187 1435 2257 τιμήν.
1478 2186 1706 2251 Πάντως
1744 2188 1898 2258 ὁρᾷς,

318 2278 471 2341 ὅπως
520 2277 818 2350 δοξάζομεν
885 2280 1049 2351 ἡμεῖς
1096 2281 1159 2333 αῑν
1198 2279 1432 2352 πατριαὶ
1453 2280 1563 2333 τῶν
1593 2278 1763 2333 ἐθνῶν
1807 2279 1900 2332 τὸν

319 2370 454 2423 Θεὸν
483 2369 573 2423 τὸν
609 2371 763 2439 ἅγιον
791 2371 882 2425 τοῦ
924 2372 1111 2443 νόμον,
1164 2373 1258 2427 καὶ
1297 2371 1652 2443 προσάγομεν
1698 2372 1901 2440 ἀρτίως

319 2460 489 2530 τιμήν
514 2460 592 2532 τῷ
622 2460 847 2532 ὀνόματι
880 2462 1077 2528 αὐτοῦ,
1127 2462 1223 2516 καὶ
1246 2461 1324 2533 τῷ
1354 2462 1471 2534 Υἱῷ
1504 2462 1669 2516 αὐτοῦ
1694 2462 1772 2533 τῷ
1805 2478 1902 2535 μο-

320 2553 553 2618 νογενεὶ
610 2552 837 2621 Ἄρατε,
879 2555 1034 2624 φησὶ,
1078 2554 1298 2619 θυσίας
1340 2554 1439 2607 καὶ
1468 2554 1900 2622 εἰσπορεύεσθε

317 2646 407 2709 εὶς
434 2643 539 2709 τὰς
568 2644 760 2710 αὐλὰς
779 2644 986 2699 αὐτοῦ.
1014 2644 1490 2714 Προσκυνήσατε
1509 2643 1591 2711 τῷ
1610 2644 1805 2712 Κυρίῳ
1831 2644 1902 2698 ἐν

317 2733 486 2804 αὐλῇ
511 2735 649 2804 ἁγίᾳ
673 2734 881 2790 αὐτοῦ.
912 2735 1268 2803 Σαλευθήτω
1288 2737 1405 2793 ἀπὸ
1440 2736 1765 2806 προσώπου
1795 2740 1901 2790 ai)-

321 2826 431 2881 τοῦ
486 2825 655 2882 πᾶσα
710 2827 749 2896 ἡ
797 2827 894 2899 γῆ.
945 2827 1270 2899 Σαλευθήτω
1306 2828 1385 2894 δὲ,
1441 2827 1577 2881 ἀλλὰ
1619 2830 1686 2898 τῇ
1730 2826 1899 2901 φρίκῃ

320 2918 764 2991 ὲκπληττομένη,
822 2922 919 2975 καὶ
971 2920 1298 2992 λογιζομένη
1347 2920 1446 2991 τήν
1494 2920 1900 2990 συγκατάσασιν

320 3010 418 3065 τοῦ
463 3011 598 3065 Θεοῦ
625 3012 801 3082 Λόγου
828 3053 842 3077 ,
873 3014 968 3067 καὶ
993 3013 1092 3087 τὴν
1136 3013 1549 3086 ὲνανθρώπησιν
1581 3013 1771 3077 αὐτοῦ,
1804 3013 1901 3067 καὶ

320 3104 392 3157 τὰ
438 3106 640 3175 σημεῖα
693 3105 790 3158 καὶ
830 3105 899 3158 τὰ
931 3106 1139 3177 τέρατα
1184 3107 1350 3161 αὑτοῦ
1372 3124 1387 3137 °
1423 3109 1646 3162 Εἷπατε
1681 3108 1754 3162 ἐν
1775 3106 1901 3172 τοῖς

2002 2006 2151 2062 tium
2191 2009 2481 2065 vocatione
2540 2010 2779 2067 subinde
2838 2012 2994 2067 addit
3032 2031 3046 2068 :
3090 2012 3324 2083 Aﬂ‘erte,
3355 2011 3578 2082 inquit,

2004 2098 2243 2164 Domino,
2297 2116 2407 2155 non
2463 2101 2643 2156 tribus
2687 2102 3025 2168 Iudaeorum,
3062 2102 3161 2158 sed
3193 2104 3385 2173 patria:
3417 2101 3582 2173 650

1999 2188 2253 2256 gentium.
2296 2189 2365 2244 Et
2390 2205 2640 2259 quaenam
2684 2189 2921 2247 τίσει·ιεῖ
2950 2191 3192 2249 Gloriam
3234 2200 3285 2245 et
3327 2194 3580 2246 honorem

2002 2279 2072 2333 ".
2129 2280 2296 2335 Plane
2341 2280 2522 2347 vides,
2572 2297 2684 2352 quo
2716 2282 2885 2338 modo
2946 2297 3049 2339 nos
3099 2282 3291 2353 patriae
3332 2282 3600 2353 gentium.

1998 2372 2173 2427 Deum
2200 2382 2451 2429 sanctum
2484 2374 2621 2446 legis
2652 2375 3047 2447 gloriﬁcamus,
3100 2383 3158 2433 et
3202 2376 3367 2431 modo
3399 2377 3580 2432 hono-

2001 2478 2117 2517 rem
2153 2462 2455 2519 deferimus
2479 2465 2601 2536 ejus
2622 2465 2855 2533 nomini,
2881 2466 3094 2523 etFilio
3125 2467 3245 2539 ejus
3268 2467 3575 2539 unigenito,

2002 2553 2188 2609 Tollite
2212 2549 2916 2625 hostias,inquit,etintroite
2941 2558 2997 2611 in
3016 2559 3158 2611 atria
3184 2558 3297 2628 ejus
3316 2573 3335 2612 :
3356 2558 3578 2611 adorate

2000 2643 2303 2699 Dominum.
2319 2646 2377 2699 in
2406 2646 2544 2700 atrio
2593 2654 2778 2702 sancto
2808 2648 2941 2718 ejus.
2974 2646 3219 2703 Exsultet
3248 2664 3282 2701 α
3308 2647 3443 2717 facie
3465 2646 3577 2717 ejus

2000 2736 2169 2788 omnis
2189 2742 2338 2790 terra
2358 2736 2422 2791 ".
2448 2736 2707 2791 Exsultet‘
2724 2746 2934 2803 autem,
2948 2738 3045 2794 sed
3059 2738 3293 2793 horrore
3315 2737 3574 2800 attonita.

2000 2841 2190 2881 secum
2221 2834 2485 2898 reputans
2519 2827 2848 2884 descensum
2881 2830 3050 2886 Verbi
3076 2830 3195 2894 Dei,
3246 2840 3302 2885 et
3324 2830 3580 2886 humana:

2000 2929 2211 2977 naturae
2235 2921 2690 2992 assumptionem,
2718 2930 2775 2978 et
2824 2922 2979 2994 signa
3016 2932 3075 2978 et
3108 2922 3429 2994 prodigiosa
3476 2922 3581 2976 mi-

1999 3014 2187 3069 racula
2216 3014 2427 3084 ipsius:
2460 3014 2629 3069 Dicite
2642 3016 2695 3068 in
2718 3009 2992 3086 gentibus:
3016 3014 3282 3081 Quoniam
3320 3014 3579 3069 Dominus

2002 3106 2325 3178 regnauit".
2343 3106 2678 3173 Quomodo?
2703 3107 2841 3162 Illud
2871 3107 3118 3177 quidem,
3146 3106 3425 3173 Dominus,
3455 3105 3579 3161 dei-

322 3194 548 3258 ἕθνεσι,
582 3195 671 3249 ὅτι
699 3197 910 3265 Κύριος
928 3198 1314 3253 ἐϐασίλευσε.
1341 3199 1563 3271 Πηλίκῳ
1584 3201 1772 3272 τρόπῳ
1789 3218 1811 3267 ;η
1828 3201 1901 3255 Τὸ

2004 3203 2175 3252 tatem
2209 3196 2481 3252 declarat:
2519 3197 2627 3253 hoc
2668 3213 2823 3263 vero,
2852 3214 2969 3265 rex,
3000 3198 3423 3253 humanitatem.
3462 3197 3580 3253 Hoc

328 3286 447 3356 μὲν,
469 3288 704 3356 Κύριος,
724 3289 957 3361 θεότητα
973 3290 1143 3363 δηλοῖ,
1157 3292 1215 3346 τὸ
1236 3293 1293 3347 δὲ
1314 3293 1792 3364 βασιλεὺς(57⁹),
1807 3294 1905 3347 άν-

322 3378 693 3449 θρωπότηταο
754 3382 885 3452 περὶ
931 3384 1034 3453 τῆς
1076 3383 1544 3456 ὲνανθρωπήσεως
1591 3378 1687 3437 οὖν
1734 3383 1901 3438 αὑτοῦ

320 3469 486 3523 τοῦτο
526 3472 762 3541 εἴρηται.
812 3472 1243 3543 Εύαγγελίζεται
1281 3475 1519 3530 ἐνταῦθα
1555 3477 1583 3529 ὁ
1615 3478 1904 3549 προφήτης

322 3564 437 3627 τοῖς
483 3563 683 3628 ἔθνεσι,
732 3567 1183 3638 προτρεπόμενος
1231 3569 1403 3622 ἅπασι
1452 3571 1564 3632 τοῖς
1593 3571 1903 3640 προφήταις

323 3656 438 3715 τοῖς
491 3673 594 3725 μετ
654 3656 816 3711 αὐτὸν
864 3658 1120 3729 μέλλουσι
1165 3661 1245 3722 εἰς
1277 3659 1367 3713 τὸν
1409 3659 1522 3729 βίον
1566 3660 1899 3731 ἐγείρεσθαι.

324 3747 551 3803 Εῑπατε
575 3748 646 3803 ἐν
664 3748 788 3816 τοῖς
806 3750 1011 3805 ἔθνεσι
1055 3754 1151 3805 καὶ
1190 3752 1383 3822 ὑμεῖς,
1411 3751 1602 3823 ἐπειδὴ
1630 3753 1787 3821 κάγὼ
1818 3752 1902 3805 λε-

323 3842 556 3913 λάληκα,
584 3844 665 3897 ὅτι
696 3844 1024 3913 γινώσκεται
1046 3845 1253 3914 Κύριος
1276 3862 1291 3877 ο
1337 3848 1395 3898 ὲν
1421 3847 1551 3916 ὑμῖν
1591 3845 1902 3916 βασιλεύσει

323 3935 757 4007 ἑνανθρωπήσας
788 3976 803 4002 ,
829 3938 924 3991 καὶ
967 3935 1305 4008 κατορθώσει
1348 3937 1447 4007 τὴν
1479 3936 1809 4008 οἰκουμένην
1844 3937 1902 3989 ὲν

323 4026 628 4099 θεογνωσίᾳ
673 4028 887 4097 διάγειν
915 4031 1009 4084 καὶ
1048 4029 1232 4101 ἔργοις
1273 4027 1608 4099 θεαρέστοις,
1650 4028 1784 4096 ἥτις
1828 4029 1901 4081 οὺ

326 4121 779 4189 σαλευθήσεται
816 4121 919 4176 ἀπ’
969 4121 1179 4175 αὐτοῦ.
1239 4120 1428 4175 Ταῦτα
1466 4119 1641 4183 οὕτως
1672 4120 1784 4191 ἔχει
1810 4160 1826 4185 ,
1858 4114 1903 4174 ὦ

336 4211 559 4281 Ἐρϐἄν,
575 4215 631 4266 ἐν
648 4212 874 4284 ἀληθείᾳ
891 4216 984 4267 καὶ
1005 4210 1341 4285 δικαιοσύνῃ,
1356 4212 1450 4266 καὶ
1467 4213 1566 4266 οὐκ
1578 4213 1752 4274 ἄλλως
1763 4230 1901 4277 πως.

322 4303 523 4356 τοίνυν
551 4303 637 4357 διὰ
653 4302 813 4357 τοῦτο
830 4304 1067 4374 πρόσχες
1085 4320 1195 4374 μοι,
1214 4305 1308 4357 καὶ
1323 4303 1640 4357 εἰσάκουσόν
1664 4321 1788 4374 μου,
1808 4305 1905 4358 καὶ

324 4394 594 4448 κατάλιπε
609 4395 700 4448 τὸν
711 4394 1066 4464 Ἰουδαῖσμδν,
1085 4395 1177 4448 καὶ
1193 4394 1455 4467 πρόσελθε
1472 4396 1549 4465 τῷ
1561 4395 1801 4467 Χριστῷ,
1817 4396 1904 4451 ἵνα

323 4481 386 4539 εὖ
402 4488 724 4553 σοιγένοιτο,
738 4486 835 4540 καὶ
857 4488 915 4539 ἐν
940 4486 1019 4556 τῷ
1038 4484 1154 4551 νῦν,
1168 4488 1264 4540 καὶ
1291 4488 1349 4538 ὲν
1370 4485 1447 4556 τῷ
1462 4485 1899 4557 μέλλοντιιαίῶνι.

2002 3287 2172 3360 igitur
2198 3288 2267 3344 de
2290 3290 2411 3360 ejus
2469 3289 2724 3346 humana:
2781 3299 3006 3346 natura.
3042 3290 3417 3361 assumptione
3463 3290 3601 3345 sive

2003 3380 2385 3437 incarnatione
2413 3380 2625 3438 dictum
2659 3392 2765 3439 est.
2795 3381 2934 3437 Nam
2958 3382 3052 3438 hic
3084 3383 3349 3454 gentibus
3362 3397 3584 3437 annun-e

2003 3472 2104 3527 tiat
2129 3474 2420 3544 propheta,
2444 3474 3290 3545 adhortansomnesprophelas
3311 3484 3438 3544 post
3452 3488 3519 3528 cu
3529 3487 3601 3525 m'

2002 3574 2291 3633 venturos,
2358 3566 2435 3621 ad.
2466 3567 2619 3622 hanc
2644 3568 2816 3622 vitam
2859 3567 3113 3623 excitari.
3146 3566 3317 3622 Dicite
3347 3567 3403 3619 in
3457 3581 3584 3635 gen-

2005 3655 2141 3708 tibus
2168 3664 2223 3709 et
2254 3668 2386 3721 vos;
2413 3655 2867 3726 quandoquidem
2919 3664 2978 3710 et
3011 3670 3119 3725 ego
3140 3653 3581 3723 dixi,.quod.:cm

2006 3746 2297 3816 gnoseitur
2318 3746 2620 3802 Dominus:
2645 3747 2700 3802 in
2727 3746 2889 3802 vobis
2914 3746 3167 3819 regnabit
3190 3746 3357 3800 homo
3382 3744 3580 3808 factus,

2002 3845 2059 3891 et
2085 3852 2211 3891 cum
2249 3837 2411 3893 laude
2439 3838 2662 3905 eﬂiciet,
2694 3847 2758 3894 ut
2789 3848 3064 3895 terrarum
3085 3837 3243 3893 orbis
3265 3836 3323 3892 in
3358 3837 3457 3891 Dei
3488 3850 3584 3891 co-

2002 3928 2250 3999 gnitione
2280 3938 2337 3985 et
2359 3930 2627 4000 operibus
2658 3931 2771 3986 Deo
2790 3931 2964 4002 gratis
2993 3931 3164 3986 vitam
3194 3938 3339 4001 agat,
3369 3929 3458 3999 qui
3479 3943 3583 3981 non

2003 4020 2411 4074 commovebitur
2447 4020 2510 4074 ab
2550 4036 2631 4075 eo.
2692 4021 2819 4075 Haac
2848 4020 2921 4074 ita
2974 4027 3124 4083 sunt,
3155 4034 3188 4074 0
3222 4017 3498 4081 Herbane,
3526 4016 3583 4070 in

2003 4110 2239 4165 veritate
2284 4119 2337 4166 el
2370 4111 2606 4183 justitia,
2663 4127 2769 4168 nec
2798 4127 2961 4168 secus
2991 4112 3107 4166 ullo
3151 4110 3338 4166 modo.
3374 4108 3583 4174 Quam-

2004 4201 2197 4257 obrem
2254 4202 2500 4257 animum
2555 4203 2693 4259 mihi
2747 4212 2809 4259 et
2852 4211 3092 4259 mentem
3126 4201 3351 4265 adhibe,
3376 4210 3432 4255 et
3454 4197 3583 4253 audi

2005 4310 2115 4359 nte,
2141 4303 2201 4350 et
2229 4295 2481 4365 relinque
2509 4295 2883 4362 Judaismum,
2935 4304 2993 4351 ct
3041 4296 3109 4350 ad
3158 4294 3440 4367 Christum
3492 4307 3584 4346 ac-

2005 4384 2162 4451 cede,
2195 4392 2258 4440 ut
2304 4384 2447 4441 bene
2472 4386 2545 4441 sit
2596 4386 2698 4441 tibi
2727 4395 2785 4442 et
2831 4386 2887 4443 in
2934 4386 3041 4442 hoc
3072 4394 3129 4441 et
3175 4386 3231 4440 in
3261 4384 3451 4440 futuro
3480 4398 3582 4437 sa:-

2004 4478 2153 4532 culo.

394 4574 644 4630 EPBAN.
682 4574 829 4645 Ποῑῳ
870 4574 1058 4645 τρόπῳ
1099 4573 1203 4644 ἔφη
1246 4576 1275 4627 ό
1319 4576 1629 4646 προφήτης,
1670 4576 1802 4630 Ὅτι
1844 4578 1900 4631 oi

2076 4568 2283 4624 llERB.
2307 4568 2597 4637 Quomodo
2650 4569 2832 4640 inquit
2860 4568 3169 4640 propheta:
3205 4566 3470 4632 Quoniam
3508 4565 3589 4618 dii

323 4666 449 4721 θεοὶ
473 4666 594 4720 τῶν
629 4667 819 4721 ἐθνῶν
845 4665 1140 4735 δαιμόνια,
1183 4668 1217 4721 ό
1261 4664 1330 4719 δὲ
1365 4667 1581 4735 Κύριος
1612 4666 1757 4734 τοὺς
1792 4669 1897 4721 οὐ·

314 4760 547 4832 ρανοὺς
590 4759 927 4828 sucina-er;
966 4758 1120 4810 Ἐπεὶ
1164 4753 1257 4811 οὖν
1304 4759 1504 4821 πάντες
1539 4759 1589 4812 οἱ
1639 4758 1751 4812 θεοὶ
1791 4758 1905 4813 τῶν.

323 4849 497 4903 ἐθνῶν
518 4850 794 4920 δαιμόνια,
826 4849 971 4922 ἔχεις
995 4848 1180 4918 διᾶραι
1211 4848 1374 4911 αὐτὸς
1413 4847 1590 4919 στόμα
1623 4848 1753 4920 περὶ
1790 4847 1903 4901 τῶν

321 4940 583 4994 τοιούτων
599 4957 617 5008 ;

397 5034 507 5086 Καὶ
529 5036 571 5085 0
598 5032 817 5089 ΑΙΊΟΣ.
859 5033 982 5088 Ὀτι
1017 5035 1116 5104 μὲν
1143 5032 1345 5096 πάντες
1371 5033 1419 5085 οἱ
1456 5031 1572 5086 θεοὶ
1596 5030 1707 5086 τῶν
1732 5030 1906 5085 ἐθνῶν

322 5123 600 5195 δαιμόνια,
628 5125 766 5195 μετὰ
795 5123 977 5195 πάσης
1005 5122 1362 5194 άληθείας.⁹0
1385 5122 1442 5176 δὲ
1476 5120 1678 5192 Κύριος
1693 5121 1905 5193 Ἰησοῦς

323 5213 563 5284 Χριστὸς
594 5214 732 5285 μετὰ
756 5215 958 5279 πολλῆς
989 5215 1260 5278 συνέσεως
1290 5214 1382 5267 τὸν
1413 5213 1642 5285 οὐρανὸν
1676 5215 1771 5268 καὶ
1798 5214 1899 5286 τὴν

323 5302 432 5373 γῆν
459 5304 556 5359 καὶ
577 5305 676 5377 τὴν
703 5305 981 5361 θάλασσαν
1027 5305 1283 5376 ἐποίησεν
1312 5321 1326 5335 ·
1356 5304 1437 5357 ἔτι
1464 5305 1522 5359 δὲ
1554 5305 1649 5359 καὶ
1670 5304 1769 5377 τὴν
1792 5305 1900 5359 τῶν

324 5393 575 5465 οὐρανῶν
601 5396 880 5467 βασιλείαν
902 5394 1356 5467 δεδημιούργηκε,
1389 5394 1483 5448 καὶ
1503 5394 1664 5459 αὐτὸς
1683 5394 1902 5448 ἐπίστα-

328 5502 453 5555 μαι.
494 5487 704 5543 υύκοῦν
750 5488 882 5561 περὶ
915 5487 1011 5541 τοῦ
1047 5487 1181 5558 ἐμοῦ
1222 5486 1494 5540 Δεσπότου
1531 5487 1626 5539 καὶ
1674 5486 1901 5555 ποιητοῦ

2004 4662 2240 4731 gentium
2279 4661 2564 4724 daemonia,
2612 4660 2870 4715 Dominus
2918 4669 3098 4714 autem
3139 4651 3294 4712 caelos
3346 4656 3465 4726 fecit
3497 4656 3584 4708 “1'

2004 4750 2463 4822 Quandoquidem
2486 4766 2682 4807 omnes
2733 4751 2981 4823 gentium
3006 4750 3085 4806 dii
3110 4758 3241 4805 sunt
3286 4747 3595 4811 daemonia.

2006 4843 2187 4900 audes
2210 4843 2380 4916 igitur
2400 4843 2470 4900 de
2500 4843 2705 4900 talibus
2733 4842 2988 4899 hisceret

2076 5023 2135 5080 S.
2168 5022 2373 5080 ARCH.
2399 5022 2556 5091 Quod
2576 5038 2770 5078 omnes
2790 5021 3016 5092 quidem
3060 5018 3317 5092 gentium
3341 5018 3435 5075 dii
3453 5028 3598 5073 sunt:

2005 5116 2308 5182 daemonia,
2370 5117 2531 5187 longe
2560 5124 2647 5172 est
2671 5114 3045 5170 verissimum.
3087 5111 3354 5166 Dominus
3397 5119 3599 5165 autem.

2006 5208 2166 5264 Jesus
2189 5206 2447 5262 Christus
2476 5219 2604 5261 cum
2634 5203 2808 5258 multa
2863 5199 3137 5272 sapientia
3161 5198 3365 5254 caelum
3383 5206 3581 5253 euer-

2006 5316 2123 5356 ram
2157 5307 2214 5356 et
2240 5314 2390 5354 mare
2411 5297 2541 5353 fecit
2562 5313 2579 5365 ;
2601 5303 2869 5367 praeterea
2922 5294 3090 5349 etiam
3122 5307 3356 5364 regnum
3411 5291 3583 5348 cmlo—

2007 5409 2129 5448 rum
2159 5390 2343 5461 opifex
2398 5388 2678 5445 condidit:
2732 5396 2790 5442 et
2837 5388 2960 5458 ipse
2988 5385 3124 5441 scio.
3164 5383 3279 5439 lloc
3313 5383 3484 5456 igitur
3515 5382 3586 5438 de

2008 5500 2134 5540 meo
2165 5484 2301 5538 hero
2331 5491 2389 5537 et
2421 5490 2673 5537 creatore
2694 5488 2751 5536 et
2775 5479 3008 5534 Domino
3058 5492 3171 5532 non
3204 5476 3414 5548 poteris
3434 5474 3587 5530 diee-

398 5599 440 5634 "
471 5599 616 5658 Psal.
648 5618 826 5668 Lxxvl,
856 5603 942 5658 15.
1020 5602 1081 5633 ⁸⁷*
1104 5601 1296 5657 Matth.
1328 5617 1408 5667 ιιι,
1438 5602 1491 5655 7.
1570 5602 1612 5634 ³⁸
1641 5602 1788 5657 Psal.
1816 5618 1902 5659 xcv

2003 5605 2033 5656 τ.
2112 5601 2154 5632 ¹⁹
2186 5598 2321 5654 ibid.
2350 5598 2403 5653 8.
2482 5598 2529 5630 ³⁸
2559 5594 2696 5652 ibid.
2750 5595 2838 5650 10.
2916 5595 2958 5626 ³¹
2991 5592 3126 5650 ibid.
3162 5593 3217 5648 5.

1845 5712 2073 5771 NOTAE.

399 5806 514 5875 (56)
549 5805 680 5872 Ταῖς
706 5822 847 5861 συν.
881 5806 1043 5861 Forte
1074 5808 1132 5861 ὲν
1160 5809 1276 5872 ταῖς
1324 5824 1440 5864 συν.
1473 5808 1565 5865 Sic
1584 5817 1640 5865 et
1667 5823 1813 5876 mox,
1845 5811 1901 5866 ὲν

328 5879 435 5941 tot,
469 5876 638 5946 λαοῖς,
662 5892 719 5933 ut
747 5878 910 5948 paulo
932 5886 1082 5933 ante.

2086 5804 2201 5873 (57)
2246 5803 2363 5872 Τῆς
2400 5807 2496 5857 κλ.
2525 5803 2689 5873 Deest
2716 5801 2860 5873 forte
2891 5802 3035 5871 περί.

2079 5869 2215 5947 (57‘)
2251 5869 2569 5939 Βασιλεύς.
2597 5870 2759 5929 Forte
2788 5869 3167 5936 ἐϐασίλευσε,
3186 5869 3445 5941 regnauit.
