4094 6538
503 393 612 460 7¹υ9

502 606 660 652 terra
681 591 928 654 salutare
958 593 1054 648 Dei
1081 595 1248 647 nostri
1263 593 1309 625 ³⁸
1333 611 1349 659 ;
1374 595 1568 650 oculos
1596 595 1790 662 habes,
1821 604 1878 651 et
1902 596 2080 662 vides,

498 687 780 761 quomodo
815 685 1072 741 universa
1097 693 1245 741 terra
1299 687 1461 756 plena
1491 696 1576 742 est
1618 688 1705 744 sui
1751 688 1968 743 Domini
1991 703 2084 744 co-

496 781 771 852 gnitione.
801 778 936 834 Nam
963 785 992 833 a
1019 777 1273 833 terminis
1303 794 1477 850 usque
1502 779 1571 834 ad
1603 780 1876 836 terminos
1899 788 2080 842 terrae,

500 875 650 930 sicut
698 887 843 944 Saepe
883 873 1020 938 dixi,
1072 872 1436 944 Evangelium
1479 872 1635 943 regni
1688 871 1818 926 Jesu
1869 868 2079 924 Christi

499 983 643 1037 sepe
669 967 1027 1038 praedicatum
1054 973 1160 1028 est,
1187 973 1246 1021 et
1271 965 1589 1034 receptione
1617 965 1766 1034 justa
1800 970 1857 1018 et
1901 963 2080 1017 hono—

502 1059 663 1113 rabili
713 1059 945 1130 dignum‘
990 1058 1267 1123 habitum,
1311 1057 1586 1112 creditum
1633 1065 1722 1112 est
1769 1065 1828 1110 et
1876 1069 2081 1127 appro-

503 1146 717 1202 iratum.

1459 395 1522 457 Si
1547 396 1971 460 GREGENTII
2011 399 2223 461 EPISC
2284 399 2816 460 TAPIIARENSIS

501 515 724 572 semper
753 495 986 569 virgine.
1021 495 1137 553 Hoc
1163 511 1300 553 vero
1327 513 1340 552 :
1372 497 1627 555 Viderunt
1661 517 1841 556 omnes
1863 504 2078 557 termini

2182 502 2448 573 καιοσύνη
2482 503 2540 556 δὲ
2591 502 2689 556 τοῦ
2742 501 2880 556 Θεοῦ
2932 500 3036 555 οὐκ
3088 501 3245 557 ἐστιν
3281 503 3497 576 ἕτερον,
3524 503 3644 561 ἀλλ’
3674 509 3708 579 ἦ
3748 511 3779 562 6
3881 517 3888 523 ‘

3667 402 3778 466 760

2188 595 2364 662 Λόγος
2391 593 2490 664 τῆς
2517 591 2778 663 θεότητος
2809 591 3000 660 αὑτοῦ,
3018 593 3047 646 6
3070 594 3382 664 σαρκωθεὶς
3417 596 3484 649 ὲκ
3518 597 3776 670 Πνεῦμα-

2188 703 2280 748 τος
2310 683 2467 753 ἀγίου
2499 685 2594 739 καὶ
2621 684 2842 754 Μαρίας
2887 686 2988 756 τῆς
3040 685 3431 756 ἀειπαρθένου.
3466 687 3540 740 Τὸ
3565 688 3647 753 δὲ,
3675 691 3777 744 Εἷ-

2186 772 2383 827 δοσαν
2417 774 2618 829 πάντα
2671 773 2746 827 τὰ
2781 773 3009 841 πέρατα
3056 773 3166 844 τῆς
3215 774 3330 845 γῆς
3359 775 3428 831 τὸ
3474 779 3780 848 σωτήριον

2187 865 2295 920 τοῦ
2347 866 2497 922 Θεοῦ
2557 865 2751 935 ἡμῶν,
2801 866 3122 937 ὀφθαλμοὺς
3170 867 3446 939 κέκτησαι
3506 870 3604 923 καὶ
3649 871 3778 942 βλέ-

2189 976 2312 1024 πεις
2359 959 2496 1030 (65),
2548 959 2697 1022 ὅπως
2761 957 3016 1028 ἐπλήσθη.
3072 959 3106 1027 ὴ
3157 957 3424 1030 σύμπασα
3487 961 3606 1032 γῆ,
3674 962 3778 1015 τοῦ

2186 1051 2392 1121 γνῶναι
2437 1051 2612 1121 αὐτῆς
2660 1051 2753 1106 τὸν
2794 1051 3024 1122 Κύριον.
3070 1051 3206 1104 Ἀπὸ
3236 1051 3348 1124 γὰρ
3384 1053 3637 1124 περάτων
3667 1055 3778 1118 ἕως

2185 1144 2442 1212 περάτων
2475 1144 2577 1215 τῆς
2600 1144 2728 1215 γῆς,
2760 1143 2838 1207 ὡς
2861 1142 3148 1213 πολλαχῶς
3167 1142 3468 1214 λελάληκα,
3499 1146 3562 1198 τὸ
3594 1147 3776 1216 Εὐαγ-

497 1239 680 1307 γέλιον
726 1241 822 1309 τῆς
866 1240 1042 1310 Ἰησοῦ
1084 1239 1320 1312 Χριστοῦ
1379 1240 1658 1312 βασιλείας
1710 1240 2072 1312 κεκήρυκται,
2111 1240 2206 1294 καὶ
2237 1239 2512 1310 ἀποδοχῆς
2540 1239 2702 1306 ἀξίας
2759 1240 2854 1293 καὶ
2915 1240 3105 1312 τιμίας
3145 1241 3382 1308 ἀξιωθὲν
3412 1240 3776 1297 πεπίστευται

497 1333 588 1383 καὶ
615 1331 994 1384 ἀποδέδεκται.

573 1421 774 1475 IIERB.
811 1421 1290 1488 Quemadmodum
1330 1421 1466 1476 meis
1487 1421 1676 1476 verbis
1705 1420 1823 1492 ipse
1842 1435 1953 1475 non
1981 1435 2076 1475 ae-

497 1512 762 1582 quiescis.
788 1527 968 1582 neque
990 1513 1128 1566 meis
1150 1512 1710 1582 interpretationibus
1738 1511 2032 1568 assentiris
2060 1529 2074 1566 :

497 1604 762 1660 similiter
784 1620 889 1676 ego
911 1604 1023 1660 tuis
1036 1603 1205 1660 dictis
1231 1603 1396 1660 ﬁdem
1423 1604 1632 1659 nullam
1660 1603 1864 1660 habeo.

566 1779 625 1838 8.
658 1781 864 1839 ARCH.
886 1781 1112 1839 Iustum
1131 1791 1237 1849 est,
1269 1789 1332 1838 ut
1362 1783 1459 1854 qui
1487 1783 1629 1840 dicit
1655 1783 1880 1849 eximia,
1909 1782 2078 1838 etiam

2254 1419 2502 1474 EPBAN.
2576 1421 2674 1473 Ὃν
2731 1417 2935 1489 τρόπον
2998 1436 3062 1472 ου
3119 1419 3372 1492 στέργεις
3429 1420 3593 1484 αὐτὸς
3659 1423 3775 1485 τοῖς

2182 1511 2336 1582 ὲμοτς
2366 1513 2608 1583 ῥήμασιν
2627 1551 2643 1575 ,
2672 1510 2794 1564 οὐδὲ
2840 1509 3004 1584 πείθῃ
3034 1512 3157 1574 ταῖς
3205 1512 3373 1580 ὲμαῖς
3417 1510 3769 1582 ἑρμηνείαις,

2183 1601 2585 1673 παραπλησίως
2619 1599 2781 1670 κάγὼ
2810 1600 3024 1656 ἀπειθῶ
3048 1603 3160 1666 τοῖς
3191 1601 3300 1656 ὑπὸ
3326 1600 3420 1655 σοῦ
3451 1619 3544 1673 μοι
3569 1603 3774 1670 ἀγγελ-

2182 1692 2457 1763 λομένοις.

2253 1785 2367 1839 Καὶ
2399 1787 2443 1839 0
2473 1785 2692 1840 ΑΓΙΟΣ.
2714 1783 2935 1840 Δίκαιόν
2961 1785 3132 1849 ἑστιν,
3166 1786 3253 1839 ἵνα
3278 1784 3456 1852 λέγων
3489 1783 3772 1855 ἐξαίρετα,

495 1874 706 1929 audiat.
739 1875 797 1930 Si
827 1877 976 1931 enim
1026 1891 1127 1948 per
1157 1875 1504 1930 iracundiam
1541 1875 1733 1931 verbis
1763 1874 2075 1942 assentiris,

2180 1874 2277 1928 καὶ
2319 1874 2709 1946 εἰσακούηται·
2740 1876 2793 1929 εί
2849 1875 2958 1946 γάρ
3009 1876 3151 1930 κατά
3181 1877 3346 1947 μῆνιν
3389 1874 3774 1942 ὲξακολουθείς

496 1977 705 2023 temere
749 1975 808 2024 et
838 1969 895 2024 in
919 1984 1124 2024 vanum
1161 1977 1385 2040 tempus
1406 1968 1698 2040 perdimus
1724 1967 2076 2023 disserendo.

565 2143 774 2198 HERB.
804 2143 936 2200 Sum
968 2145 1108 2201 mihi
1141 2145 1424 2212 conscius,
1455 2145 1603 2216 quod
1635 2144 1867 2200 meliora
1891 2155 1949 2200 et
1974 2159 2075 2214 po-

497 2235 640 2288 tiora
661 2235 788 2291 dico
813 2245 869 2292 et
899 2237 1116 2293 dissero
1163 2253 1328 2308 quam
1357 2248 1438 2294 tu.
1481 2237 1630 2293 idem
1660 2237 1779 2292 scio
1821 2245 1877 2292 et
1921 2245 1974 2292 te
2006 2236 2076 2291 de

496 2343 584 2382 me
610 2326 903 2398 suspicari.
933 2328 1210 2386 Caeterum
1234 2329 1369 2402 quid
1402 2330 1551 2386 inter
1583 2344 1686 2384 nos
1723 2329 1820 2384 tlet
1841 2329 1867 2382 ?

567 2505 626 2562 S.
675 2506 884 2564 ARCH.
913 2507 1035 2564 Non
1063 2508 1120 2564 in
1150 2509 1410 2580 superbia
1438 2517 1497 2564 et
1525 2517 1854 2580 contemptu
1901 2509 2075 2566 debe-

494 2595 948 2667 musdisceptare
976 2598 1196 2654 etinter
1218 2614 1322 2654 nos
1342 2600 1684 2656 contendere
1704 2639 1720 2665 ,
1749 2600 1845 2655 sed
1875 2615 2074 2656 secun-

494 2689 627 2744 dum
658 2689 756 2745 Dei
787 2691 1046 2746 timorem
1085 2690 1144 2745 in
1169 2690 1400 2754 veritate
1428 2703 1485 2748 et
1507 2691 1750 2763 iustitia.
1787 2691 2072 2762 Scriptum

491 2791 583 2836 est
636 2782 786 2836 enim
821 2800 835 2836 :
867 2780 972 2848 Qui
1007 2782 1183 2855 diligit
1233 2784 1610 2855 iniquitatem,
1661 2785 1772 2840 odit
1829 2786 2074 2840 animum

490 2889 649 2927 suam
665 2874 734 2928 ".

561 2965 767 3023 HERB.
797 2966 1133 3041 injuStitiam
1163 2983 1271 3024 non
1303 2983 1431 3026 amo
1469 2969 1610 3041 ipse,
1642 2969 1809 3026 absit.
1856 2969 1918 3026 In
1952 2971 2074 3044 lege

489 3061 758 3130 scriptum
786 3070 892 3128 est,
930 3063 1080 3134 quod
1110 3063 1291 3118 omnis
1339 3063 1568 3134 iniquus
1596 3073 1653 3119 et
1683 3064 1961 3134 superbus
1985 3063 2072 3118 in-

488 3149 640 3207 cidet
686 3153 742 3208 in
783 3155 1196 3226 quadrupulum
1231 3156 1566 3228 supplicium
1601 3170 1632 3211 a
1665 3156 1899 3211 Domino
1928 3173 1943 3211 :
1971 3154 2074 3222 Qui

488 3245 630 3297 enim
661 3243 876 3313 [aratur
923 3245 1125 3310 bovem,
1157 3226 1390 3318 quatuor
1432 3246 1716 3317 rependet,
1757 3257 1808 3300 et
1836 3246 1900 3300 de
1925 3248 2072 3301 omni
2096 3226 2140 3286 δ

487 3336 698 3405 negotio
736 3336 1043 3408 quadrupli:
1068 3338 1150 3403 '°;
1209 3338 1254 3393 si
1307 3347 1526 3402 autem,
1569 3339 1750 3408 inquit
1793 3337 1904 3414 lex,
1945 3354 2071 3394 eum

489 3439 604 3479 non
631 3425 1043 3482 manifestatum
1066 3428 1237 3484 fuerit
1274 3429 1506 3495 furtum,
1543 3445 1656 3484 non
1686 3430 1952 3502 rependet
1980 3431 2074 3486 Al-

491 3515 743 3572 tissimus
791 3527 1021 3589 propter
1066 3520 1229 3576 aliam
1272 3535 1524 3588 causam;
1557 3523 1767 3593 absque
1795 3523 1945 3578 omni
1978 3517 2106 3580 de-'

491 3605 742 3663 fensione
790 3608 848 3664 in
901 3610 1315 3683 quad‘rupulum
1352 3614 1622 3686 rependet
1678 3615 1898 3685 ipsum,
1958 3630 2072 3670 non

491 3697 765 3757 innocens
787 3701 1150 3774 iudicabitur.
1191 3703 1349 3772 Quod
1401 3707 1446 3762 si
1492 3706 1727 3778 pauperi
1774 3707 2071 3778 colaphum

491 3794 814 3868 impegcris,
848 3797 1034 3854 veniet
1058 3797 1158 3855 tibi
1188 3808 1408 3871 quater,
1449 3801 1596 3857 unde
1620 3819 1732 3857 non
1762 3803 2073 3873 suspicatus

491 3903 573 3944 es.
605 3889 880 3956 Quoniam
910 3890 1081 3964 igitur
1114 3901 1169 3948 et
1195 3908 1379 3950 sermo
1408 3904 1466 3950 et
1496 3895 1644 3952 actio
1684 3896 1934 3966 punitur,
1975 3912 2074 3952 ne-

495 3997 606 4052 que
634 3998 739 4054 ego
757 3983 946 4054 ipsein
975 3985 1241 4055 superbia
1258 3997 1312 4043 et
1327 3996 1650 4062 contemptu
1678 3996 1860 4042 tecum
1879 3987 2073 4057 dispu-

495 4071 656 4138 tabo;
709 4073 803 4128 sed
833 4084 1308 4145 quatenusmens
1358 4090 1512 4134 certo
1559 4079 1688 4145 scit,
1743 4080 1817 4135 et'
1853 4079 2072 4150 plenam

495 4161 661 4218 ﬁdem
686 4163 874 4231 habet,
895 4165 950 4221 id
980 4167 1129 4237 quod
1162 4169 1392 4234 dicitur,
1424 4170 1564 4225 falso
1592 4185 1805 4225 carere.

567 4253 626 4308 S.
653 4253 862 4312 ARCH.
892 4255 1162 4326 Equidem
1204 4257 1323 4314 haec
1352 4259 1426 4314 ita
1469 4274 1592 4314 esse
1633 4260 1750 4315 scio
1787 4259 1924 4315 :sed
1960 4275 2071 4316 non

497 4344 568 4401 de
597 4345 686 4401 his
722 4346 886 4403 nobis
915 4348 1297 4405 controversia
1337 4357 1395 4405 et
1441 4359 1696 4421 suscepta
1732 4350 2071 4421 diSputatio,

497 4437 594 4493 sed
631 4438 701 4494 de
729 4438 836 4494 ﬁde
885 4447 942 4494 et
983 4440 1234 4495 veritate.
1278 4443 1458 4511 Atque
1488 4450 1550 4496 ut
1599 4441 1894 4511 intelligas,
1937 4441 2070 4497 etin

2177 1968 2291 2030 τοῖς
2326 1968 2587 2038 ῥήμασιν,
2615 1967 2742 2038 είκῆ
2771 1968 2866 2020 καὶ
2899 1969 3082 2040 μάτην
3110 1969 3206 2022 τὸν
3235 1967 3432 2040 καιρὸν
3471 1967 3771 2022 ἀναλίσκο-

2182 2074 2283 2128 μεν
2314 2057 2714 2129 διαλεγόμενοι.

2249 2150 2495 2204 EPBAN.
2559 2151 2852 2222 Κέκτημαι
2907 2152 2967 2206 ιν
3015 2149 3095 2222 τῷ
3154 2151 3418 2206 συνειδότι
3484 2168 3613 2223 μου,
3678 2151 3768 2206 ὅτι

2177 2244 2469 2315 κρείττονά
2500 2261 2596 2297 σου
2619 2243 2948 2314 διαλέγομαι
2974 2261 2988 2276 ο
3024 2244 3086 2297 τὸ
3116 2244 3253 2298 αὐτὸ
3281 2240 3399 2298 οἶδα
3423 2244 3524 2298 καὶ
3551 2245 3610 2297 σὲ
3629 2243 3770 2312 περὶ

2177 2335 2312 2406 ἐμοῦ
2369 2334 2719 2389 ὑποπτεύειν.
2772 2334 2882 2388 Καὶ
2933 2333 3152 2400 λοιπὸν,
3203 2334 3256 2388 τί
3307 2334 3518 2406 μεταξὺ
3599 2331 3770 2404 ἡμῶν

2174 2425 2468 2498 γενήσεται
2496 2442 2515 2487 :

2245 2517 2357 2572 Καὶ
2383 2517 2428 2574 Ο
2470 2518 2690 2572 ΑΠΟΣ.
2722 2517 2837 2573 Ούκ
2865 2517 3164 2589 ὀφείλομεν
3189 2519 3248 2572 ὲν
3282 2517 3639 2590 ὑπερηφανίᾳ
3664 2521 3764 2573 καὶ

2174 2607 2524 2674 ὲξουδενώσει
2572 2607 2922 2677 διαλέγεσθαι
2967 2609 3106 2680 πρὸς
3139 2609 3393 2674 ἑαυτοὺς,
3422 2608 3560 2662 ἀλλὰ
3609 2609 3758 2663 κατά

2173 2697 2311 2753 Θεοῦ
2333 2698 2497 2768 φόϐον
2525 2699 2585 2754 ὲν
2611 2697 2848 2770 ἀληθείᾳ
2867 2715 2926 2752 τε
2949 2700 3044 2753 καὶ
3067 2699 3408 2770 δικαιοσύνῃ.
3439 2699 3762 2770 Γέγραπται

2173 2789 2304 2863 γὰρ,
2353 2789 2419 2845 ’0
2459 2789 2706 2862 ἀγαπῶν
2748 2789 2866 2860 τὴν
2897 2789 3164 2856 ἀδικίαν,
3191 2789 3370 2860 μισεῖ
3394 2791 3512 2860 τὴν
3534 2789 3762 2846 ἑαυτοῦ

2171 2883 2406 2954 ψυχήν.

2241 2971 2493 3028 ΕΡΒΑΝ.
2527 2973 2640 3044 Τὴν
2662 2971 2877 3026 ἀδικίαν
2908 2971 3072 3036 αὐτὸς
3096 2969 3200 3024 οὐκ
3221 2969 3444 3037 ἀγαπῶ,
3476 2970 3553 3043 μὴ
3580 2977 3759 3040 γένοι-

2172 3082 2256 3120 το.
2297 3066 2389 3120 Ἐν
2432 3064 2513 3137 τῷ
2566 3066 2722 3136 νόμῳ
2758 3063 3098 3135 γέγραπται,
3130 3062 3214 3116 ὅτι
3256 3064 3369 3126 πᾶς
3415 3064 3605 3128 ἄδικος
3661 3065 3763 3118 καὶ

2174 3156 2529 3228 ὑπερήφανος
2585 3155 2914 3225 ἐμπεσεῖται
2971 3156 3032 3207 ὲν
3091 3151 3476 3225 τετραπλασίᾳ
3532 3153 3760 3209 κολάσει

2171 3248 2324 3324 παρά
2370 3248 2599 3320 Κυρίου.
2636 3247 2704 3302 '0
2739 3246 2853 3317 γὰρ
2891 3246 3170 3301 κλέπτων
3217 3244 3403 3311 βοῦν,
3438 3245 3750 3315 τέσσαρας

2173 3341 2480 3406 ἀποτίσει,
2514 3339 2614 3394 καί
2661 3339 2763 3394 ἐπὶ
2799 3338 3027 3405 παντὸς
3076 3337 3423 3408 πράγματος
3461 3339 3535 3391 τὰ
3571 3351 3760 3406 παρα-

2173 3432 2438 3501 πλήσια·
2469 3432 2567 3487 ἐὰν
2605 3431 2686 3500 δὲ,
2713 3431 2880 3503 φησὶν
2907 3431 2936 3484 6
2985 3429 3150 3500 νόμος
3172 3469 3187 3492 ,
3223 3428 3301 3500 μὴ
3345 3428 3760 3501 φανερωθέντος

2171 3527 2264 3580 τοῦ
2293 3525 2633 3596 κλέμματος
2687 3523 2787 3578 οῦκ
2817 3522 3067 3577 ἀποτίσει
3101 3523 3131 3574 6
3159 3521 3430 3592 ’Υψιστος
3464 3520 3534 3574 δι’
3557 3519 3759 3591 tis-ipa;

2171 3617 2502 3682 ὑποθέσεως,
2531 3615 2660 3670 ἄνευ
2716 3614 2900 3684 πάσης
2952 3612 3260 3682 ἀπολογίας
3312 3613 3394 3676 εἰς
3434 3613 3498 3666 τὸ
3553 3599 3758 3682 τετρα-

2171 3712 2339 3766 πλοῦν
2399 3709 2647 3764 ἀποτίσει
2710 3707 2862 3773 αύτδ,
2892 3707 2992 3760 οὐκ
3037 3704 3456 3777 ἀθωωθήσεται.
3495 3704 3625 3758 Ἐὰν
3659 3703 3745 3768 δὲ,

2171 3807 2328 3877 φησι,
2370 3804 2613 3877 ῥαπίσῃς
2639 3800 2872 3871 πένητα,
2909 3799 3031 3870 ἥξει
3068 3815 3154 3853 σοι
3189 3797 3252 3852 τδ
3297 3796 3430 3851 αὐτὸ
3455 3796 3757 3868 τετράκις.

2167 3897 2290 3952 ὅθεν
2305 3896 2403 3966 οὐχ
2421 3892 2742 3965 ύφώρακας.
2771 3889 2982 3944 Οὐκοῦν
2996 3889 3119 3943 ἐπεὶ
3145 3888 3240 3943 καὶ
3258 3887 3412 3958 λόγος
3439 3888 3535 3940 καὶ
3556 3887 3760 3956 πρᾶξις

2171 3986 2478 4048 εὐθύνεται,
2513 3983 2624 4037 οὐδ’
2659 3981 2824 4046 αὐτὸς
2860 3979 2972 4048 ἐγὼ
2999 3982 3056 4033 ὲν
3088 3978 3447 4051 ὑπερηφανία
3478 3978 3574 4031 καὶ
3605 3976 3760 4042 ἔξου-

2171 4077 2396 4132 δενώσει
2447 4077 2585 4147 πρὸς
2633 4074 2695 4127 σε
2737 4071 3192 4143 διαλεχθήσομαι,
3251 4069 3367 4123 ἀλλ’
3428 4069 3557 4123 ὅσον
3614 4067 3755 4139 πλη-

2172 4170 2488 4243 ροφορεϊται
2524 4169 2552 4220 6
2585 4164 2729 4230 νοῦς,
2765 4165 2848 4218 ὅτι
2885 4164 3035 4217 ἐστὶν
3076 4161 3306 4234 ἀψευδὲς
3342 4161 3405 4215 τὸ
3439 4161 3756 4232 λεγόμενον.

2244 4261 2354 4315 Καὶ
2383 4261 2425 4314 0
2452 4258 2674 4312 ΔΓΙΟΣ.
2707 4255 2882 4326 Κάγὼ
2906 4254 3084 4311 ταῦτα
3120 4253 3296 4318 οὕτως
3341 4252 3488 4323 ἔχειν
3531 4252 3758 4307 ἐπίστα-

2176 4366 2313 4421 μαν
2344 4349 2460 4403 ἀλλ’
2485 4350 2549 4404 οὐ
2597 4349 2728 4419 περὶ
2773 4346 2979 4401 τούτων
3030 4348 3164 4417 ἡμῖν
3217 4345 3251 4416 ἠ
3313 4343 3575 4410 διάλεξις,
3619 4343 3758 4398 ἀλλὰ

2172 4441 2305 4513 περὶ
2361 4441 2604 4504 πίστεως
2667 4438 2764 4492 καὶ
2809 4436 3087 4508 ἀληθείας.
3121 4435 3234 4490 Καὶ
3278 4434 3368 4489 ἵνα
3425 4435 3614 4504 συνιῇς
3661 4432 3762 4486 καὶ

497 4527 818 4600 cognitione
861 4530 1148 4586 veritatem
1177 4545 1302 4601 quae
1329 4540 1414 4586 est
1440 4531 1496 4586 iu
1529 4526 1753 4587 Christo
1795 4531 1950 4597 Jesu,
1987 4541 2072 4588 te-

2178 4532 2461 4606 ὲπιγνώσῃ
2500 4534 2602 4602 τὴν
2633 4529 2894 4601 ἀλήθειαν
2938 4530 3038 4598 τὴν
3087 4530 3146 4582 ὲν
3176 4525 3399 4599 Χριστῷ
3430 4524 3633 4592 Ἰησοῦ,
3662 4523 3759 4578 καὶ

499 4633 656 4684 neas,
693 4629 752 4677 et
787 4622 943 4694 regni
983 4623 1252 4678 caelorum
1283 4623 1462 4679 haeres
1508 4623 1639 4689 (las;
1680 4638 1812 4680 vere
1845 4624 2072 4695 quidem

500 4710 602 4766 tibi
626 4711 866 4768 faustum
887 4713 1184 4778 annuntio,
1205 4712 1355 4784 quod
1385 4711 1596 4768 Christi
1631 4728 1828 4768 servus
1849 4714 2075 4770 videhe‘

500 4803 599 4869 ris,
632 4804 748 4860 sive
778 4805 834 4860 in
860 4805 1159 4876 principio,
1186 4806 1303 4860 sive
1339 4804 1393 4860 in
1418 4806 1527 4861 tlne
1560 4824 1576 4860 :
1600 4805 1840 4876 huicque
1868 4808 2078 4864 servire

501 4897 603 4952 tibi
637 4897 855 4968 adiacet
907 4906 966 4953 et
1010 4898 1318 4962 incumbit,
1356 4909 1413 4954 et
1461 4899 1629 4970 hujus
1667 4901 2078 4970 posterioribus

501 4987 674 5043 debes
706 4987 1037 5062 agglutinari
1095 4999 1155 5046 et
1207 4990 1624 5057 adhaerescere,
1675 5005 1799 5048 eum
1855 4994 2082 5049 noveris

503 5077 687 5147 ipsum
726 5093 848 5133 esse
883 5079 979 5149 qui
1016 5081 1170 5137 venit
1193 5121 1210 5145 .
1239 5095 1366 5136 cum
1406 5082 1665 5153 respiciet
1698 5083 1815 5153 ipse
1837 5098 1868 5138 e
1899 5086 2076 5150 caelis,

503 5175 561 5222 et
595 5167 696 5223 tibi
728 5167 914 5224 cordis
937 5184 1002 5225 ac
1021 5170 1225 5226 mentis
1242 5171 1437 5227 oculos
1457 5173 1689 5242 aperiet,
1718 5180 1775 5228 et
1802 5173 2079 5228 illumina-

505 5258 612 5323 bit,
647 5267 705 5314 et
739 5259 1107 5317 sanetilicabit
1151 5271 1208 5317 et
1243 5278 1462 5317 omnem
1511 5263 1803 5317 veritatem
1844 5263 1946 5318 tibi
1981 5263 2081 5318 de-

506 5353 858 5417 monstrabit,
894 5360 954 5410 et
994 5354 1142 5425 quod
1193 5355 1310 5425 ipse
1352 5367 1478 5412 eum
1522 5353 1676 5408 omni
1728 5355 1961 5410 veritate
1994 5364 2080 5409 est

508 5441 737 5499 Messias
766 5443 1046 5511 Christus,
1099 5445 1168 5500 de
1196 5461 1308 5516 quo
1356 5445 1641 5517 propheta:
1685 5446 1856 5500 multa
1887 5446 2080 5502 vatici-

506 5536 622 5592 nati
652 5545 800 5592 sunt.

563 5655 610 5693 ⁸⁸
637 5659 778 5718 Psal.
808 5674 971 5726 xcvu,
1007 5657 1062 5716 5.
1139 5659 1183 5691 ”
1203 5659 1347 5714 Psal.
1377 5675 1430 5724 χ,
1458 5658 1509 5713 6.
1574 5658 1619 5690 ³ο
1643 5657 1816 5713 Exod.
1847 5674 1976 5725 χχιι,
2011 5659 2060 5713 1.

2177 4626 2596 4698 κληρονομήσῃς
2645 4621 2744 4694 τὴν
2791 4619 3071 4692 βασιλείαν
3111 4618 3221 4674 τῶν
3265 4616 3535 4687 οὐρανῶν.
3583 4615 3760 4686 ’Δμὴν

2176 4719 2285 4788 γὰρ
2316 4713 2744 4785 εὐαγγελίζομαι
2782 4731 2887 4778 σοι,
2911 4713 2994 4766 ὃτι
3021 4710 3264 4783 Χριστοῦ
3304 4709 3492 4774 δοῦλος
3515 4707 3758 4780 ὀφθήσῃ,

2175 4810 2283 4864 κᾶν
2314 4810 2371 4862 ἑν
2392 4809 2558 4880 ἀρχῇ,
2593 4806 2699 4860 κᾶν
2730 4808 2789 4860 ὲν
2814 4805 2894 4876 τῷ
2933 4803 3078 4858 τέλει
3103 4819 3116 4832 ·
3149 4802 3245 4858 καὶ
3276 4799 3428 4874 αὺτῷ
3469 4817 3553 4854 σοι
3589 4800 3759 4870 πρόσ-

2177 4918 2358 4956 κειται
2389 4899 2696 4962 δουλεῦσαι,
2722 4897 2819 4952 καὶ
2844 4897 3075 4951 ὄπισθεν
3099 4893 3254 4949 τοῦδε
3294 4893 3537 4962 ὀφείλεις
3565 4890 3761 4960 κολλη-

2179 4995 2364 5064 θῆναι,
2401 4993 2566 5062 γνοὺς
2610 4990 2776 5046 αὐτὸν
2823 4984 2964 5043 εῖναι
3025 4987 3118 5042 τὸν
3172 4986 3498 5058 ἐρχόμενον,
3555 4983 3761 5038 ὁπόταν

2178 5085 2448 5156 ἐπιϐλέψῃ
2493 5083 2654 5146 αὐτὸς
2682 5084 2748 5137 ὲκ
2785 5081 2896 5136 τῶν
2932 5079 3204 5152 οὐρανῶν,
3239 5078 3337 5132 καὶ
3364 5075 3610 5149 διανοίξῃ
3629 5074 3760 5134 τοὺς

2177 5183 2278 5251 τῆς
2309 5177 2537 5248 καρδίας
2567 5192 2661 5228 σου
2695 5173 3030 5245 ὀφθαλμοὺς,
3066 5171 3162 5251 καί
3193 5171 3442 5242 φωτίσει,
3468 5169 3566 5222 καὶ
3602 5165 3760 5235 ἀγιά-

2181 5247 2287 5333 σει,
2320 5247 2417 5322 καὶ
2443 5265 2716 5330 ύποδείξει
2747 5281 2829 5318 σοι
2876 5263 2978 5334 τὴν
3024 5247 3208 5316 πᾶσὶν
3246 5259 3529 5329 ἀλήθειαν,
3553 5256 3650 5309 καὶ
3676 5255 3760 5308 ὅτι

2184 5361 2322 5432 μετά
2371 5359 2555 5430 πάσης
2587 5355 2848 5428 ἀληθείας
2895 5354 3059 5418 αὐτός
3103 5357 3253 5408 ἐστιν
3282 5354 3310 5405 6
3335 5349 3584 5412 Μεσσίας
3625 5349 3762 5416 Χρι-

2191 5452 2343 5514 στὸς,
2403 5450 2534 5521 περὶ
2593 5442 2654 5503 οῦ
2705 5447 2754 5500 οι
2804 5446 3084 5518 προφῆται
3148 5443 3322 5498 πολλά
3385 5439 3760 5513 προεκελάδη-

2190 5559 2310 5596 σαν.

2008 5749 2240 5808 ΝΟΤιΕ.

578 5850 686 5920 (65)
717 5849 899 5907 Βλέπ.
932 5851 1092 5908 Forte
1126 5849 1200 5921 μὴ
1228 5849 1382 5918 βλέπ.
1415 5845 1614 5902 GrLoa.
