4094 6534
327 423 432 495 τιι

1285 431 1745 494 DISPUTATIO
1784 434 1943 494 CUM
1981 434 2350 497 HERBANO
2389 435 2677 497 JUDI’EO.

3498 428 3605 494 762

400 548 648 604 EPBAN.
683 547 844 618 Μέγα
884 566 972 621 μοι
996 548 1055 603 τὸ
1082 548 1575 623 πληροφορηθῆναι
1602 554 1659 605 ἐν
1689 550 1910 622 Χριστῷ

2087 552 2294 607 HERB.
2343 553 2600 623 Magnum
2645 550 2780 607 mihi
2808 559 2977 613 esset,
3004 558 3160 606 certo
3187 549 3350 615 scire,
3385 558 3442 604 et
3476 551 3599 620 ple-

327 660 446 707 σου,
475 643 557 697 ὅτι
598 643 760 707 αὐτός
781 645 931 697 ἐστιν
964 644 992 696 ό
1020 643 1336 716 ἐρχόμενος.
1363 644 1435 697 T6
1466 644 1575 716 γὰρ
1601 643 1909 711 κατελθεῖν,

327 736 423 790 καὶ
479 735 735 805 γενέσθαι
794 735 1079 806 ἄνθρωπον
1136 737 1269 791 Θεὸν
1318 736 1490 802 ὄντα,
1539 739 1634 791 καὶ
1686 737 1911 810 ἑκουσίᾳ

327 827 528 900 γνώμῃ
580 826 764 881 δοῦναι
819 828 910 882 τὸν
965 826 1278 898 κακοῦργον
1332 829 1585 896 θάνατον,
1619 830 1774 897 ξένον
1814 830 1912 885 καὶ

329 919 645 991 ἀπόρρητόν
674 922 811 975 ἐστι.
834 920 946 974 Καὶ
979 922 1029 975 εἰ
1056 920 1258 992 ἀληθὲς
1288 921 1446 976 τοῦτό
1470 925 1609 990 ἐστι,
1640 923 1762 978 τίνα
1790 923 1912 994 βίαν

327 1013 617 1082 ἐκέκτητο,
652 1013 756 1077 ὅτι,
791 1012 1019 1083 μηδενὸς
1063 1011 1493 1082 ἀναγκάζοντος,
1545 1013 1781 1069 ἔσπευσε
1815 1014 1909 1069 τοῦ

329 1104 769 1176 παραγενέσθαι,
800 1106 895 1158 καὶ
917 1105 1255 1178 παραδοῦναι
1283 1107 1477 1160 ἑαυτὸν
1523 1106 1613 1161 ἵνα
1638 1106 1913 1179 ἀποθάνη-

327 1211 417 1247 ται
446 1211 460 1259 ;
512 1193 833 1265 Ἐξίσταμαι
857 1190 1030 1250 ταῦτα
1054 1194 1427 1266 λογιζόμενος.
1471 1195 1540 1249 Ἠ
1564 1196 1673 1267 γὰρ
1702 1196 1911 1268 φοϐερὰ

327 1282 512 1355 ἐκείνη
549 1283 731 1353 φύσις,
766 1286 828 1339 τὸ
857 1284 1086 1359 φοϐερὸν
1118 1289 1297 1341 ἐκεῖνο
1325 1286 1554 1358 κράτος,
1585 1289 1619 1359 ἡ
1654 1289 1913 1360 ἀπόρρη-

325 1391 420 1439 τος
469 1376 649 1446 ἐκείνη
687 1376 937 1449 δύναμις,
985 1380 1014 1432 6
1060 1378 1303 1451 φοϐερὰν
1349 1380 1504 1446 δόξαν
1546 1381 1910 1453 κεκτημένος,

328 1466 588 1521 τοσοῦτον
639 1467 896 1540 ἔδραμεν,
924 1468 1012 1524 ῖνα
1062 1471 1307 1543 ἀτιμάσῃ
1349 1471 1537 1536 ἁπλῶς
1566 1472 1666 1544 τὴν
1715 1472 1911 1525 ἐαυτοῦ

331 1559 815 1630 μεγαλοπρέπειαν
846 1578 861 1593 °
910 1561 1175 1619 ἀδύνατον
1218 1565 1400 1629 τοῦτο,
1433 1565 1527 1619 καὶ
1563 1564 1915 1620 παντάπασιν

327 1654 791 1725 ἀπαραμύθητον.

398 1928 510 1982 Καὶ
543 1928 826 1984 ΟΑΓΙΟΣ.
868 1929 1109 1999 Ἀγνοεῖς
1142 1933 1236 1986 τοῦ
1275 1934 1579 2006 μυστηρίου
1617 1934 1717 2005 τὴν
1759 1935 1916 1989 δύνα-

331 2037 449 2091 μιν,
478 2021 573 2075 καὶ⁸
596 2021 686 2076 διὰ
724 2021 885 2077 τοῦτο
915 2022 1244 2095 θαυμάζεις.
1283 2025 1571 2079 Ἀδύνατον
1600 2025 1709 2096 γὰρ
1750 2027 1808 2080 ἐν
1838 2024 1916 2097 τῷ

327 2111 481 2183 ζόφῳ
507 2112 608 2183 τῆς
650 2112 848 2179 νυκτὸς
883 2115 1262 2188 κρατούμενον
1295 2119 1390 2170 καὶ
1423 2119 1754 2188 καθήμενον.
1779 2119 1915 2188 ὁρᾷν

328 2204 399 2257 τὰ
433 2204 526 2258 ἐπὶ
559 2205 654 2259 τοῦ
682 2206 906 2278 αίθὲρος
949 2208 1247 2278 πετόμενα.
1269 2210 1381 2262 Καὶ
1423 2210 1552 2273 τοὺς
1602 2209 1918 2279 ὀφθαλμοὺς

325 2293 387 2346 δέ
415 2294 771 2367 πηρωθέντας
801 2296 1004 2367 φέρων,
1036 2299 1155 2361 πῶς
1180 2298 1470 2369 δυνήσεται
1498 2299 1753 2372 καθαρῶς
1783 2302 1916 2371 ὁρᾷν

326 2385 432 2456 τὴν
495 2387 691 2441 ἀκτῖνα
739 2388 832 2443 τοῦ
890 2389 1087 2460 ήλίου;
1132 2390 1541 2463 Παραπλησίως
1589 2390 1685 2445 καὶ
1733 2392 1918 2455 αὐτός.

329 2477 556 2547 Πνεῦμα
578 2478 687 2548 γὰρ
712 2479 887 2548 ἆγιον,
910 2482 969 2535 ἐν
993 2479 1075 2547 οἷς
1099 2482 1159 2536 οὒ
1184 2484 1622 2556 κατασκηνώσει,
1641 2485 1918 2549 δυσκόλως

329 2568 449 2622 ἐκεῖ
473 2570 824 2640 πνευματικὰ
850 2574 1271 2629 κατοπτεύεται.
1308 2576 1606 2629 Πίστευσον
1631 2576 1814 2630 τοίνυν
1836 2578 1917 2642 εἰς

328 2660 422 2714 τὸν
458 2660 665 2733 Κύριον
702 2663 914 2734 Ἰησοῦν
935 2667 1193 2738 Χριστὸν,
1228 2669 1324 2723 καὶ
1354 2668 1683 2741 βαπτίσθητι
1708 2671 1804 2723 ἐπὶ
1832 2670 1911 2741 τῷ

328 2752 561 2824 ὀνόματι
602 2754 698 2809 τοῦ
742 2757 982 2828 Πατρὺς,
1018 2760 1116 2814 καὶ
1164 2759 1260 2813 τοῦ
1306 2760 1462 2827 Υίοῦ,
1500 2762 1594 2815 καὶ
1627 2760 1722 2814 τοῦ
1758 2762 1918 2831 ἁγίου

331 2845 672 2916 Πνεύματος,
697 2849 791 2902 καὶ
825 2850 1130 2921 τηνικαῦτα
1152 2852 1285 2924 συνή
1296 2870 1430 2918 σεις,
1455 2851 1585 2924 περὶ
1616 2847 1690 2908 ὧν
1716 2854 1920 2927 ἀρτίως

329 2937 555 3008 ἀπορῶν
597 2940 973 3015 καταπλήττῃ.

404 3028 652 3085 ΕΡΒΑΝ.
695 3030 883 3097 Οὕτως
914 3033 1125 3098 ἁπλῶς,
1162 3034 1257 3087 καὶ
1287 3033 1366 3098 ὡς
1413 3033 1596 3106 ἔτυχε,
1628 3036 1924 3107 πεισθῆναί

334 3138 404 3193 με
437 3121 719 3186 ἀδύνατον,
752 3124 848 3178 ἐὰν
885 3127 982 3197 μὴ,
1020 3126 1096 3190 ὡς
1128 3126 1396 3193 ἐπιποθῶ,
1435 3130 1529 3182 καὶ
1568 3128 1666 3200 τὴν
1717 3130 1922 3203 πληρο-

2014 660 2143 699 nam
2179 644 2341 700 fidem
2394 644 2449 697 in
2499 653 2593 698 tuo
2638 642 2861 698 Christo
2891 641 3128 705 habere,
3160 640 3308 711 quod
3363 639 3480 710 ipse
3515 648 3603 695 est

2015 737 2109 807 qui
2137 738 2309 792 vcnit.
2341 736 2476 791 Nam
2507 751 2634 791 eum
2659 734 2753 804 qui
2790 734 2935 789 Deus
2952 741 3093 799 erat,
3123 745 3154 786 e
3176 730 3332 785 caelis
3367 730 3601 785 descen-

2015 831 2183 895 disse,
2219 838 2275 884 et
2300 828 2504 883 factum
2531 843 2653 882 esse
2684 825 2991 888 hominem,
3020 831 3077 878 et
3106 831 3301 891 sponte
3332 836 3433 877 sua
3456 836 3603 875 mor-

2015 931 2123 978 tem
2178 920 2485 977 maleficam
2534 917 2838 989 cppetiisse
2860 959 2874 981 ,
2906 916 3171 980 alienum,
3206 912 3510 969 absurdum
3546 921 3602 967 et

2017 1012 2302 1067 infandum
2334 1020 2438 1066 est.
2467 1010 2536 1064 Et
2567 1008 2613 1063 si
2653 1008 2756 1062 hoc
2780 1020 2973 1061 verum
3006 1012 3113 1069 est,
3167 1018 3290 1072 quae
3316 1003 3431 1067 vis,
3480 1018 3603 1073 quae

2017 1104 2360 1173 intemperia:
2404 1118 2531 1158 eum
2581 1100 2909 1172 adegerunt,
2950 1106 3028 1162 ut,
3062 1097 3284 1153 nemine
3346 1104 3599 1167 cegente,

2016 1199 2305 1256 festinaret
2339 1198 2552 1261 venire,
2592 1203 2649 1251 et
2676 1211 2734 1250 se
2763 1194 2943 1264 ipsum
2978 1191 3198 1247 tradere
3254 1200 3316 1245 ut
3349 1204 3603 1245 morere-

2019 1292 2142 1346 tur?
2168 1291 2295 1345 Haec
2326 1304 2544 1344 meeum
2588 1294 2875 1357 reputans,
2912 1301 3022 1339 non
3060 1298 3180 1339 sum
3200 1282 3345 1354 apud
3370 1296 3479 1346 me.
3503 1282 3601 1336 llla

2016 1384 2162 1438 enim
2192 1382 2482 1437 horribilis
2527 1389 2746 1443 natura,
2785 1378 2924 1433 illud
2968 1375 3219 1431 terribile
3270 1375 3465 1440 robur,
3507 1375 3602 1429 illa
3694 1418 3699 1424 .

2016 1475 2315 1531 ineffabilis
2353 1472 2626 1543 potentia,
2653 1472 2743 1526 ille
2765 1471 2859 1541 qui
2898 1468 3235 1525 formidabili
3258 1467 3434 1537 gloria
3461 1482 3603 1536 pra:-

2016 1568 2165 1622 ditus
2190 1575 2294 1629 est,
2318 1573 2531 1619 tantum
2560 1567 2898 1634 properavit,
2929 1572 2988 1618 ut
3009 1562 3280 1618 dedecore
3311 1569 3362 1616 et
3395 1560 3601 1631 probro

2018 1674 2172 1715 suam
2197 1660 2424 1713 omnino
2472 1657 2707 1712 foedaret
2745 1656 3072 1727 dignitatem
3102 1663 3158 1710 et
3202 1655 3547 1725 maiestatem
3584 1672 3598 1708 :

2016 1753 2124 1808 hoe
2167 1752 2283 1807 fieri
2314 1768 2425 1805 non
2457 1760 2659 1820 potest,
2696 1749 2803 1805 hoc
2832 1749 3161 1804 incredibile
3183 1789 3197 1814 ,
3234 1748 3341 1803 hoc
3370 1760 3602 1818 prorsus

2020 1844 2443 1901 inconsolabile.

2089 1934 2146 1991 S.
2170 1933 2377 1989 ARCH.
2408 1932 2530 1988 Vim
2548 1930 2796 2003 mysterii
2826 1930 3087 2000 quoniam
3122 1929 3363 1999 ignoras,
3392 1926 3603 1982 idcirco

2017 2023 2261 2079 miraris.
2297 2022 2434 2078 Nam
2473 2024 2570 2093 qui
2604 2021 2787 2077 noctis
2812 2019 3047 2091 caligine
3078 2028 3134 2074 et
3173 2018 3421 2073 tenebris
3456 2017 3602 2072 deti-

2017 2124 2184 2172 netur
2220 2125 2278 2172 et
2308 2116 2545 2179 desidet,
2599 2115 2753 2170 nullo
2793 2114 2961 2169 modo
3008 2120 3193 2183 potest
3247 2126 3311 2167 ea
3350 2125 3600 2175 cernere,

2018 2223 2141 2277 quae
2171 2207 2227 2262 in
2256 2208 2465 2262 aethere
2499 2206 2757 2262 volitant.
2815 2205 2883 2259 Et
2911 2205 3006 2274 qui
3061 2203 3288 2258 mutilos
3328 2217 3394 2256 ac
3441 2202 3603 2257 laesos

2020 2282 2194 2352 habet
2220 2299 2435 2363 oculos,
2490 2297 2624 2353 solis
2667 2296 2855 2350 radios
2879 2294 3163 2366 quomodo
3214 2294 3423 2364 poterit
3466 2306 3603 2364 pure

2022 2388 2274 2444 intueri?
2301 2388 2574 2443 Similiter
2602 2395 2657 2441 et
2685 2394 2741 2440 tu
2780 2385 2918 2455 ipse.
2947 2385 3007 2439 ln
3028 2383 3232 2454 quibus
3254 2381 3403 2437 enim
3429 2379 3606 2451 Spiri-

2020 2489 2112 2536 tus
2138 2488 2363 2535 sanctus
2393 2495 2504 2535 non
2540 2478 2834 2542 habitavit,
2863 2477 2920 2532 in
2943 2477 3052 2532 illis
3081 2474 3302 2531 dillicile
3333 2473 3605 2544 spiritalia

2020 2573 2468 2643 conspiciuntur.
2506 2570 2715 2627 Credas
2753 2570 2926 2639 igitur
2970 2568 3027 2622 in
3065 2568 3364 2623 Dominum
3414 2565 3605 2622 Iesum

2021 2666 2182 2738 653
2212 2665 2516 2730 Christum,
2550 2672 2606 2719 et
2638 2672 2834 2719 sancto
2859 2662 3083 2716 lavacro
3121 2659 3395 2731 tinguaris
3417 2658 3472 2713 in
3504 2673 3607 2714 no-

2021 2760 2170 2815 mine
2203 2758 2404 2819 Patris,
2435 2767 2493 2812 et
2540 2756 2691 2820 Filii,
2720 2763 2777 2810 et
2827 2754 3070 2825 Spiritus
3117 2752 3295 2809 sancti
3335 2770 3348 2806 :
3382 2760 3439 2807 et
3474 2760 3606 2806 tunc

2023 2856 2297 2926 intelliges
2318 2869 2403 2919 ea,
2432 2868 2554 2921 quae
2585 2851 2853 2906 dubitans
2891 2858 2947 2905 et
2972 2858 3203 2919 stupens
3231 2846 3547 2902 admiraris.

2094 3033 2298 3089 llERB.
2333 3030 2424 3086 Sic
2461 3029 2812 3100 simpliciter,
2841 3036 2897 3081 et
2938 3037 2997 3082 ut
3033 3035 3095 3081 ut
3132 3039 3255 3081 sors
3290 3023 3449 3091 tulit,
3474 3038 3606 3094 per-

2023 3125 2246 3182 suaderi
2280 3132 2335 3179 et
2370 3122 2599 3178 credere
2634 3122 2788 3176 nullo
2827 3119 2992 3174 modo
3025 3134 3273 3189 possum,
3300 3116 3432 3184 nisi,
3462 3119 3607 3172 sicut

333 3212 534 3281 φορίαν
584 3213 935 3299 είσδέξωμαι.
987 3218 1262 3288 Διήγησαι
1311 3219 1605 3291 τοιγαροῦν
1656 3221 1779 3293 ἐμοὶ
1826 3222 1915 3276 καὶ

2024 3217 2311 3280 desidero,
2342 3221 2548 3270 certam
2587 3212 2751 3268 fidem
2786 3219 2842 3267 et
2868 3211 3094 3282 penitus
3123 3208 3410 3279 explorata
3443 3224 3605 3265 acce-

332 3302 495 3356 πάλιν
528 3303 660 3373 περὶ
686 3297 763 3357 ὧν
792 3306 983 3375 ἐρωτῶ
1013 3323 1093 3359 σε.
1125 3306 1226 3360 Διὰ
1260 3307 1421 3361 ποίαν
1455 3309 1640 3364 αἰτίαν
1671 3311 1912 3365 πέπονθε

2018 3325 2170 3382 pero.
2201 3308 2430 3378 Explica
2468 3306 2638 3377 igitur
2675 3304 2843 3368 mihi,
2871 3313 2926 3358 et
2966 3318 3160 3358 rursus
3197 3302 3440 3358 edissere
3482 3318 3605 3371 qua:

331 3394 403 3448 τὰ
454 3395 605 3449 δεινὰ
658 3399 842 3452 ἐκεῖνα
886 3402 913 3453 6
948 3400 1186 3470 Χριστός
1235 3417 1353 3468 σου,
1383 3402 1479 3456 καὶ
1517 3403 1655 3474 πρὸς
1703 3404 1914 3469 τούτοις

330 3487 427 3539 καὶ
453 3488 814 3562 τετελεύτηκε
837 3509 853 3558 ;

399 3671 510 3725 Kal.
542 3672 836 3728 ΟΑΓῙΟΣ.
874 3674 948 3727 Ού
1021 3670 1345 3736 πλειστάκις
1411 3690 1492 3729 σοι
1546 3676 1768 3749 εἴρηκα,
1818 3681 1916 3733 καὶ

328 3762 495 3816 πάλιν
526 3767 737 3837 ἐρωτᾷς
757 3784 772 3831 ;

402 3856 888 3927 ΕΡΒΑΝ.¹Ἀγνοιά
910 3878 992 3925 τις
1021 3860 1271 3933 περιέχει
1305 3879 1406 3930 μου
1439 3861 1569 3924 τοὺς
1591 3861 1911 3933 λογισμοὺς.

330 3947 426 3998 καὶ
456 3945 660 4012 εὐθέως
686 3951 756 4025 τὰ
785 3951 890 4004 ὑπὸ
929 3952 1023 4006 σοῦ
1062 3971 1154 4025 μοι
1193 3955 1466 4025 λεγόμενα
1496 3956 1913 4028 παραγινομένη

329 4039 409 4101 είς
447 4038 619 4107 λήθην
649 4041 1076 4112 ἀποκαθίστησι.

408 4133 516 4185 Καὶ
548 4133 591 4185 Ο
614 4133 835 4187 ΑΓιοΣ.
875 4134 1062 4199 Οὕτως
1093 4122 1270 4206 οἴμαι.
1304 4140 1365 4191 Οί
1414 4138 1524 4210 γὰρ
1562 4139 1637 4209 μὴ
1672 4155 1914 4207 πεφωτι-

331 4228 520 4297 σμένοι
571 4229 653 4290 είς
711 4227 772 4281 τὸ
829 4226 1093 4291 ζωοποιδν
1141 4230 1314 4300 ὄνομα
1353 4231 1452 4301 τῆς
1478 4230 1637 4300 ἁγίας
1662 4230 1915 4301 Τριάδος,

329 4320 428 4373 καὶ
493 4319 710 4390 χείρονα
758 4318 964 4372 τούτων
1013 4320 1505 4391 καθυπομένουσιν.
1562 4323 1627 4375 Τί
1673 4322 1729 4375 δὲ
1779 4322 1917 4378 ἔπα-

328 4413 423 4466 θεν
480 4413 509 4464 6
561 4411 832 4483 Χριστὸς,
900 4412 995 4464 καὶ
1062 4412 1151 4466 διὰ
1206 4414 1281 4475 τί,
1341 4414 1438 4466 καί
1490 4413 1607 4477 πῶς
1653 4414 1793 4485 μετὰ
1855 4414 1917 4468 τὸ

330 4501 504 4557 πολλὰ
553 4501 750 4555 παθεῖν
797 4501 1158 4572 ἐτελεύτησε,
1186 4501 1447 4574 πρόσεχε·
1489 4502 1700 4566 Πάντες
1733 4503 1784 4556 oi
1830 4502 1920 4557 ἄν·

2016 3413 2070 3459 te
2103 3403 2408 3469 interrogo.
2439 3397 2613 3464 Quam
2650 3398 2721 3450 ob
2756 3411 2975 3451 causam
3010 3395 3219 3450 atrocia
3248 3403 3305 3450 et
3328 3394 3607 3450 horrenda

2016 3495 2107 3550 illa
2138 3502 2269 3548 tuus
2297 3491 2560 3548 Christus
2595 3504 2894 3560 perpessus
2929 3496 3043 3553 est,
3072 3496 3338 3559 praeterea
3372 3493 3428 3543 et
3455 3502 3607 3542 mor-

2014 3594 2145 3640 tuus
2174 3585 2295 3638 est?

2087 3678 2143 3733 S.
2179 3676 2384 3732 ARCH.
2418 3674 2536 3730 Non
2585 3673 2692 3729 hoc
2730 3671 2843 3743 jam
2886 3671 2985 3728 tibi
3029 3670 3331 3740 saepissime
3374 3668 3520 3735 dixi,
3550 3680 3608 3727 et

2016 3783 2208 3822 rursus
2239 3764 2590 3836 interrogas?

2088 3856 2296 3911 llERB.
2329 3854 2643 3925 Ignorantia
2679 3853 2930 3923 quaedam
2966 3865 3117 3906 meas
3148 3849 3390 3905 rationes
3423 3859 3479 3905 et
3512 3865 3610 3905 eo-

2016 3949 2313 4022 gitationes
2338 3947 2579 4011 obsidet,
2604 3963 2725 4016 qua:
2758 3945 2945 4000 subito
2972 3944 3251 4014 obrepens
3275 3958 3339 3998 ea
3365 3958 3487 4013 quae
3509 3942 3611 3998 abs

2018 4052 2071 4098 te
2102 4042 2385 4103 dicuntur,
2414 4040 2469 4094 in
2503 4039 2839 4093 oblivionem
2866 4035 3092 4105 abripit.

2090 4133 2146 4188 S.
2192 4131 2399 4187 ARCH.
2452 4131 2545 4185 Sic
2602 4124 3011 4199 opinor.'Nam
3058 4126 3153 4197 qui
3211 4126 3268 4181 in
3327 4124 3610 4180 vivificum

2015 4240 2221 4280 nomen
2275 4231 2482 4278 sanctae
2530 4221 2823 4276 Trinitatis
2869 4236 2979 4275 non
3031 4227 3160 4274 sunt
3206 4218 3499 4273 illuminati
3554 4227 3612 4274 et

2017 4317 2260 4383 accensi,
2290 4317 2378 4372 his
2408 4317 2688 4371 deteriora
2722 4316 3026 4385 patiuntur.
3057 4312 3172 4368 Cur
3203 4322 3383 4366 autem
3412 4324 3612 4381 passus

2017 4421 2104 4468 est
2145 4410 2429 4477 Christus,
2472 4416 2528 4465 et
2567 4408 2962 4479 quamobrem,
3006 4415 3061 4461 et
3106 4404 3415 4475 quomodo,
3456 4414 3611 4475 post-

2018 4516 2184 4572 quam
2211 4502 2384 4558 multa
2418 4516 2614 4570 passus
2644 4507 2758 4563 est,
2788 4508 3042 4553 mortuus
3076 4507 3192 4563 est,
3226 4497 3452 4552 attende
3481 4498 3610 4552 dili-

329 4593 540 4663 θρωποι
573 4591 682 4645 ἀπὸ
720 4591 894 4661 Ἀδὰμ
930 4592 1094 4663 μέχρι
1118 4594 1219 4663 τῆς
1242 4591 1485 4664 Χριστοῦ
1526 4592 1832 4664 παρουσίας
1858 4595 1915 4646 ἐν

2019 4602 2232 4665 genter.
2260 4592 2464 4659 Omnes
2497 4592 2750 4647 homines
2779 4592 2849 4646 ab
2878 4591 3051 4647 Adam
3088 4605 3263 4661 usque
3295 4589 3364 4646 ad
3397 4590 3607 4645 Christi

338 4684 552 4755 μεγάλῃ
583 4685 762 4756 πλάνῃ
792 4685 888 4737 καὶ
923 4683 1487 4756 ἐπιφρικωδεστάτοις
1524 4684 1925 4756 παραπτώμα-

336 4795 426 4831 σιν
482 4777 734 4841 ἐλεεινῶς
785 4775 1292 4847 περιπεπτὼκασιν.
1324 4778 1436 4832 Καὶ
1486 4779 1547 4831 ού
1600 4777 1747 4846 λέγω
1793 4778 1924 4849 περὶ

331 4869 444 4924 τῶν
492 4870 572 4932 είς
610 4869 677 4923 τὰ
715 4869 923 4940 μάταια
954 4868 1149 4923 εἴδωλα
1199 4868 1388 4933 ἁπλῶς
1424 4869 1922 4939 ἀποπλανηθέντων

329 4962 526 5028 ἐθνῶν,
553 4961 689 5015 ἀλλά
728 4962 824 5015 καὶ
859 4962 991 5034 περὶ
1032 4961 1189 5031 ὑμῶν
1231 4960 1342 5014 τῶν
1382 4960 1690 5027 Ἰουδαίων,
1726 4962 1923 5025 οἵτινες

330 5055 556 5109 ἐλάϐετε
589 5054 681 5107 τὸν
714 5054 901 5125 νόμον,
937 5054 1035 5108 καὶ
1058 5053 1161 5107 οὐκ
1198 5052 1525 5123 ἐφυλάξατε.
1563 5053 1774 5107 Οὐκοῦν
1806 5036 1921 5123 ἠύ-

332 5143 594 5213 φραίνετο
640 5144 670 5197 6
708 5143 946 5216 πονηρὸς
992 5145 1202 5209 ἐκεῖνος
1259 5144 1494 5213 δαίμων,
1529 5145 1558 5197 6
1589 5142 1682 5197 τὸν
1741 5142 1918 5212 Ἀδὰμ

331 5232 752 5305 ἀποπλανήσας,
805 5233 1021 5305 βλέπων
1050 5234 1296 5289 ’ἃπασαν
1358 5237 1464 5306 τὴν
1515 5236 1696 5290 κτίσιν
1741 5235 1920 5289 ὀπίσω

331 5324 503 5379 αὐτοῦ
533 5328 848 5396 κεχηνυῖαν,
874 5327 971 5380 καὶ
1000 5329 1067 5380 τὰ
1102 5328 1313 5398 μεγάλα
1352 5329 1707 5399 ἐφρυάττετο.
1733 5328 1800 5381 Τί
1826 5322 1918 5384 οὖν

332 5420 557 5486 ἐγένετο
579 5436 595 5485 ;
621 5419 758 5482 Θεὸς
782 5419 1034 5473 ἐλυπεῖτο
1055 5421 1084 5473 6
1112 5420 1211 5492 τὴν
1234 5422 1632 5493 ἁνθρωπότητα
1654 5422 1917 5495 δημιουρ-

331 5512 533 5583 γήσας,
567 5512 662 5565 καὶ
699 5511 844 5566 κατὰ
871 5512 1163 5584 τυραννίδα
1192 5515 1469 5567 ἐκσπᾶσαι
1503 5515 1595 5568 τὸν
1628 5514 1916 5585 ἄνθρωπον

332 5602 445 5658 ἀπὸ
467 5602 579 5655 τῶν
610 5604 812 5675 χειρῶν
860 5603 954 5657 τοῦ
983 5603 1174 5675 θηρίου
1213 5603 1313 5657 οὐκ
1358 5603 1629 5659 ἐϐούλετο.
1656 5604 1918 5658 Βουλεύε-

329 5713 424 5750 ται
478 5695 539 5750 δὲ
580 5696 799 5751 δικαίαν
847 5696 1145 5767 πρόφασιν,
1175 5697 1270 5749 καὶ
1313 5696 1631 5752 ἀποστέλλει
1691 5699 1756 5751 ἐκ
1806 5696 1915 5750 τῶν

330 5788 586 5859 οὐρανῶν
621 5788 712 5842 τὸν
742 5788 917 5857 Λόγον
966 5789 1134 5842 αὐτοῦ
1165 5789 1260 5843 ἐπὶ
1288 5791 1389 5863 τὴν
1419 5790 1581 5861 ἁγίαν
1612 5790 1910 5860 Παρθένον.

334 5876 450 5935 hat
496 5878 629 5933 εἴσω
678 5880 849 5953 αὐτῆς
903 5881 1111 5944 ἐκεῖνος
1161 5880 1471 5952 γενόμενος,
1538 5880 1761 5935 πλάττει
1810 5880 1911 5952 μὲν

2026 4686 2347 4750 adventum,
2370 4684 2428 4739 in
2452 4700 2713 4754 magnum
2741 4699 2986 4739 errorem
3012 4690 3071 4737 et
3095 4683 3152 4737 in
3181 4682 3611 4737 horribilissima

2023 4787 2251 4849 peccata
2294 4777 2693 4832 miserabiliter
2729 4784 3082 4831 corruerunt.
3116 4776 3306 4846 Neque
3342 4775 3448 4830 hoc
3488 4784 3611 4831 tan-

2024 4870 2310 4925 tummodo
2351 4869 2419 4926 de
2457 4869 2720 4939 gentibus
2755 4868 2910 4933 dico,
2939 4883 3062 4938 qua:
3098 4868 3323 4923 omnino
3366 4866 3435 4921 ad
3470 4882 3611 4923 vana

2023 4960 2349 5016 ﬁctitiorum
2388 4960 2621 5017 deorum
2663 4961 2958 5015 simulacra
2995 4974 3187 5014 errore
3221 4958 3426 5014 delusa:
3461 4959 3614 5015 abic-

2023 5062 2182 5121 runt;
2220 5053 2317 5109 sed
2351 5062 2407 5109 et
2439 5053 2507 5108 de
2539 5053 2699 5108 vobis
2730 5052 2868 5123 ipsis
2899 5054 3139 5119 Judmis,
3172 5054 3266 5125 qui
3302 5054 3475 5125 legem
3512 5053 3612 5108 Dei

2022 5145 2344 5216 accepistis,
2374 5153 2430 5202 et
2460 5161 2573 5200 non
2605 5145 2946 5201 custodistis.
2973 5145 3153 5213 Quare
3186 5146 3477 5201 laetabatur
3506 5145 3612 5201 im-

2020 5237 2234 5308 probus
2268 5238 2359 5293 illc
2393 5237 2629 5301 daemon,
2660 5235 2778 5306 qui,
2802 5251 2925 5291 cum
2964 5237 3231 5291 Adamum
3267 5235 3611 5301 seduxisset,

2018 5329 2217 5384 videns
2264 5328 2583 5384 universam
2634 5335 2944 5381 creaturam
2998 5335 3123 5396 post
3166 5341 3225 5381 se
3274 5325 3612 5390 inhiantem,

2018 5422 2177 5475 valde
2217 5437 2341 5476 cum
2386 5437 2586 5491 magno
2628 5402 2851 5473 fremitu
2894 5418 3225 5473 exsultabat.
3255 5418 3399 5485 Quid
3440 5418 3615 5490 igitur

2018 5511 2226 5569 factum
2256 5512 2375 5566 est?
2402 5512 2566 5572 Deus,
2598 5510 2690 5580 qui
2720 5510 3021 5563 humanum
3048 5524 3222 5579 genus
3248 5508 3612 5579 produxerat,

2018 5603 2241 5658 dolebat
2263 5613 2320 5659 et
2346 5603 2650 5673 angebatur
2679 5620 2691 5654 :
2720 5617 2901 5671 neque
2930 5609 3113 5656 tamen
3140 5616 3240 5671 per
3262 5601 3613 5673 tyrannidem

2018 5696 2301 5751 hominem
2328 5710 2358 5749 e
2387 5694 2644 5749 manibus
2670 5694 2796 5748 fera:
2822 5692 3060 5747 avellere
3086 5700 3142 5747 et
3164 5708 3195 5747 e
3221 5690 3478 5747 faucibus
3503 5692 3616 5748 cri-

2018 5802 2153 5857 pere
2187 5787 2427 5842 volebat.
2455 5786 2675 5841 Justutn
2712 5785 2937 5840 modum
2974 5783 3090 5838 sive
3120 5784 3322 5854 justam
3359 5784 3614 5838 occasio-

2018 5896 2142 5937 nem
2175 5879 2464 5948 deliberat,
2482 5886 2647 5951 atque
2674 5878 2916 5936 Verbum
2948 5892 3141 5946 suum,
3174 5875 3229 5932 id
3260 5875 3605 5947 esLIt‘iliunt.
