  <div class='ocr_page' id='page_1' title='image "/cluster/home/n/w/nwhite01/storage/ocr_20150623/86:1/hvd.32044019208909/389.png"; bbox 0 0 4094 6552; ppageno 0'>
   <div class='ocr_carea' id='block_1_1' title="bbox 509 425 614 492">
    <p class='ocr_par' dir='ltr' id='par_1_1' title="bbox 509 425 614 492">
     <span class='ocr_line' id='line_1_1' title="bbox 509 425 614 492; baseline 0 -1"><span class='ocrx_word' id='word_1_1' title='bbox 509 425 614 492; x_wconf 55' lang='grc'><strong>963</strong></span> 
     </span>
    </p>
   </div>
   <div class='ocr_carea' id='block_1_2' title="bbox 1449 429 2822 502">
    <p class='ocr_par' dir='ltr' id='par_1_2' title="bbox 1449 429 2822 502">
     <span class='ocr_line' id='line_1_2' title="bbox 1449 429 2822 502; baseline 0.005 -12"><span class='ocrx_word' id='word_1_2' title='bbox 1449 430 1511 491; x_wconf 90' lang='lat' dir='ltr'><strong>S.</strong></span> <span class='ocrx_word' id='word_1_3' title='bbox 1546 429 1973 492; x_wconf 86' lang='lat' dir='ltr'><strong>GREGENTII</strong></span> <span class='ocrx_word' id='word_1_4' title='bbox 2014 429 2248 502; x_wconf 85' lang='lat' dir='ltr'><strong>EPISC,</strong></span> <span class='ocrx_word' id='word_1_5' title='bbox 2289 431 2822 501; x_wconf 79' lang='lat' dir='ltr'><strong>TAPHARENSIS</strong></span> 
     </span>
    </p>
   </div>
   <div class='ocr_carea' id='block_1_3' title="bbox 3679 435 3788 501">
    <p class='ocr_par' dir='ltr' id='par_1_3' title="bbox 3679 435 3788 501">
     <span class='ocr_line' id='line_1_3' title="bbox 3679 435 3788 501; baseline -0.009 0"><span class='ocrx_word' id='word_1_6' title='bbox 3679 435 3788 501; x_wconf 71' lang='grc'><strong>764</strong></span> 
     </span>
    </p>
   </div>
   <div class='ocr_carea' id='block_1_4' title="bbox 510 537 2106 614">
    <p class='ocr_par' dir='ltr' id='par_1_4' title="bbox 510 537 2096 612">
     <span class='ocr_line' id='line_1_4' title="bbox 510 537 2096 612; baseline -0.001 -17"><span class='ocrx_word' id='word_1_7' title='bbox 510 541 568 596; x_wconf 87' lang='lat' dir='ltr'><strong>in</strong></span> <span class='ocrx_word' id='word_1_8' title='bbox 598 550 841 596; x_wconf 88' lang='lat' dir='ltr'><strong>sanctam</strong></span> <span class='ocrx_word' id='word_1_9' title='bbox 871 539 1148 611; x_wconf 80' lang='lat' dir='ltr'><strong>Virginem</strong></span> <span class='ocrx_word' id='word_1_10' title='bbox 1187 553 1217 594; x_wconf 93' lang='lat' dir='ltr'><strong>e</strong></span> <span class='ocrx_word' id='word_1_11' title='bbox 1247 537 1404 594; x_wconf 82' lang='lat' dir='ltr'><strong>caelis</strong></span> <span class='ocrx_word' id='word_1_12' title='bbox 1437 538 1643 594; x_wconf 89' lang='lat' dir='ltr'><strong>emittit</strong></span> <span class='ocrx_word' id='word_1_13' title='bbox 1687 557 1700 592; x_wconf 90' lang='lat'>:</span> <span class='ocrx_word' id='word_1_14' title='bbox 1743 539 1888 603; x_wconf 82' lang='lat' dir='ltr'><strong>intra</strong></span> <span class='ocrx_word' id='word_1_15' title='bbox 1928 554 2096 612; x_wconf 76' lang='lat' dir='ltr'><strong>quam</strong></span> 
     </span>
    </p>
   </div>
   <div class='ocr_carea' id='block_1_5' title="bbox 2207 537 3790 614">
    <p class='ocr_par' dir='ltr' id='par_1_5' title="bbox 2207 539 3790 614">
     <span class='ocr_line' id='line_1_5' title="bbox 2207 539 3790 614; baseline 0.008 -22"><span class='ocrx_word' id='word_1_16' title='bbox 2207 539 2380 610; x_wconf 78' lang='grc' dir='ltr'><strong>ἑαυτῷ</strong></span> <span class='ocrx_word' id='word_1_17' title='bbox 2414 539 2704 613; x_wconf 79' lang='grc' dir='ltr'><strong>ἄνθρωπον</strong></span> <span class='ocrx_word' id='word_1_18' title='bbox 2747 539 2806 606; x_wconf 79' lang='grc' dir='ltr'><strong>ἐξ</strong></span> <span class='ocrx_word' id='word_1_19' title='bbox 2851 539 3139 612; x_wconf 81' lang='grc' dir='ltr'><strong>ἀχράντων</strong></span> <span class='ocrx_word' id='word_1_20' title='bbox 3177 540 3430 614; x_wconf 76' lang='grc' dir='ltr'><strong>αἱμάτων</strong></span> <span class='ocrx_word' id='word_1_21' title='bbox 3472 542 3571 614; x_wconf 85' lang='grc' dir='ltr'><strong>τῆς</strong></span> <span class='ocrx_word' id='word_1_22' title='bbox 3624 545 3790 614; x_wconf 74' lang='grc' dir='ltr'><strong>ἁγίας</strong></span> 
     </span>
    </p>
   </div>
   <div class='ocr_carea' id='block_1_6' title="bbox 514 630 2096 703">
    <p class='ocr_par' dir='ltr' id='par_1_6' title="bbox 514 630 2096 703">
     <span class='ocr_line' id='line_1_6' title="bbox 514 630 2096 703; baseline -0.002 -14"><span class='ocrx_word' id='word_1_23' title='bbox 514 634 607 690; x_wconf 79' lang='lat' dir='ltr'><strong>ille</strong></span> <span class='ocrx_word' id='word_1_24' title='bbox 647 649 771 688; x_wconf 91' lang='lat' dir='ltr'><strong>cum</strong></span> <span class='ocrx_word' id='word_1_25' title='bbox 813 643 987 698; x_wconf 81' lang='lat' dir='ltr'><strong>esset,</strong></span> <span class='ocrx_word' id='word_1_26' title='bbox 1020 633 1218 687; x_wconf 82' lang='lat' dir='ltr'><strong>format</strong></span> <span class='ocrx_word' id='word_1_27' title='bbox 1250 630 1356 685; x_wconf 86' lang='lat' dir='ltr'><strong>sibi</strong></span> <span class='ocrx_word' id='word_1_28' title='bbox 1393 631 1507 701; x_wconf 90' lang='lat' dir='ltr'><strong>ipse</strong></span> <span class='ocrx_word' id='word_1_29' title='bbox 1540 630 1820 695; x_wconf 81' lang='lat' dir='ltr'><strong>hominem</strong></span> <span class='ocrx_word' id='word_1_30' title='bbox 1854 647 1920 697; x_wconf 65' lang='lat' dir='ltr'><strong>ex</strong></span> <span class='ocrx_word' id='word_1_31' title='bbox 1954 646 2096 703; x_wconf 91' lang='lat' dir='ltr'><strong>puro</strong></span> 
     </span>
    </p>
   </div>
   <div class='ocr_carea' id='block_1_7' title="bbox 508 723 2094 795">
    <p class='ocr_par' dir='ltr' id='par_1_7' title="bbox 508 723 2094 795">
     <span class='ocr_line' id='line_1_7' title="bbox 508 723 2094 795; baseline 0.001 -17"><span class='ocrx_word' id='word_1_32' title='bbox 508 736 565 780; x_wconf 76' lang='lat' dir='ltr'><strong>et</strong></span> <span class='ocrx_word' id='word_1_33' title='bbox 605 726 894 795; x_wconf 87' lang='lat' dir='ltr'><strong>impolluto</strong></span> <span class='ocrx_word' id='word_1_34' title='bbox 929 725 1194 795; x_wconf 81' lang='lat' dir='ltr'><strong>sanguine</strong></span> <span class='ocrx_word' id='word_1_35' title='bbox 1230 733 1434 778; x_wconf 67' lang='lat' dir='ltr'><strong>sancta:</strong></span> <span class='ocrx_word' id='word_1_36' title='bbox 1463 723 1706 795; x_wconf 76' lang='lat' dir='ltr'><strong>Virginis</strong></span> <span class='ocrx_word' id='word_1_37' title='bbox 1738 730 1796 778; x_wconf 82' lang='lat' dir='ltr'><strong>et</strong></span> <span class='ocrx_word' id='word_1_38' title='bbox 1826 724 2094 794; x_wconf 72' lang='lat' dir='ltr'><strong>Deiparae,</strong></span> 
     </span>
    </p>
   </div>
   <div class='ocr_carea' id='block_1_8' title="bbox 507 813 2096 888">
    <p class='ocr_par' dir='ltr' id='par_1_8' title="bbox 507 813 2096 888">
     <span class='ocr_line' id='line_1_8' title="bbox 507 813 2096 888; baseline -0.003 -16"><span class='ocrx_word' id='word_1_39' title='bbox 507 819 630 888; x_wconf 80' lang='lat' dir='ltr'><strong>Ipse</strong></span> <span class='ocrx_word' id='word_1_40' title='bbox 669 817 894 886; x_wconf 86' lang='lat' dir='ltr'><strong>quidem</strong></span> <span class='ocrx_word' id='word_1_41' title='bbox 939 816 1131 872; x_wconf 87' lang='lat' dir='ltr'><strong>unitur</strong></span> <span class='ocrx_word' id='word_1_42' title='bbox 1177 815 1388 882; x_wconf 83' lang='lat' dir='ltr'><strong>homini</strong></span> <span class='ocrx_word' id='word_1_43' title='bbox 1434 813 1855 868; x_wconf 88' lang='lat' dir='ltr'><strong>immutabiliter</strong></span> <span class='ocrx_word' id='word_1_44' title='bbox 1893 829 2096 868; x_wconf 91' lang='lat' dir='ltr'><strong>secun-</strong></span> 
     </span>
    </p>
   </div>
   <div class='ocr_carea' id='block_1_9' title="bbox 507 906 2098 980">
    <p class='ocr_par' dir='ltr' id='par_1_9' title="bbox 507 906 2098 980">
     <span class='ocr_line' id='line_1_9' title="bbox 507 906 2098 980; baseline -0.002 -15"><span class='ocrx_word' id='word_1_45' title='bbox 507 911 642 965; x_wconf 91' lang='lat' dir='ltr'><strong>dum</strong></span> <span class='ocrx_word' id='word_1_46' title='bbox 670 910 990 980; x_wconf 80' lang='lat' dir='ltr'><strong>hypostasin</strong></span> <span class='ocrx_word' id='word_1_47' title='bbox 1011 948 1024 969; x_wconf 94' lang='lat'><strong>,</strong></span> <span class='ocrx_word' id='word_1_48' title='bbox 1052 918 1107 962; x_wconf 91' lang='lat' dir='ltr'><strong>et</strong></span> <span class='ocrx_word' id='word_1_49' title='bbox 1138 907 1264 973; x_wconf 87' lang='lat' dir='ltr'><strong>inde</strong></span> <span class='ocrx_word' id='word_1_50' title='bbox 1294 906 1538 978; x_wconf 75' lang='lat' dir='ltr'><strong>gignitur</strong></span> <span class='ocrx_word' id='word_1_51' title='bbox 1569 924 1582 960; x_wconf 92' lang='lat'><strong>:</strong></span> <span class='ocrx_word' id='word_1_52' title='bbox 1613 915 1667 961; x_wconf 92' lang='lat' dir='ltr'><strong>et</strong></span> <span class='ocrx_word' id='word_1_53' title='bbox 1693 907 1923 971; x_wconf 79' lang='lat' dir='ltr'><strong>crescit,</strong></span> <span class='ocrx_word' id='word_1_54' title='bbox 1951 907 2098 962; x_wconf 86' lang='lat' dir='ltr'><strong>Deus</strong></span> 
     </span>
    </p>
   </div>
   <div class='ocr_carea' id='block_1_10' title="bbox 510 998 2097 1064">
    <p class='ocr_par' dir='ltr' id='par_1_10' title="bbox 510 998 2097 1064">
     <span class='ocr_line' id='line_1_10' title="bbox 510 998 2097 1064; baseline -0.003 -8"><span class='ocrx_word' id='word_1_55' title='bbox 510 1018 636 1057; x_wconf 87' lang='lat' dir='ltr'><strong>cum</strong></span> <span class='ocrx_word' id='word_1_56' title='bbox 671 1009 848 1059; x_wconf 83' lang='lat' dir='ltr'><strong>esset.</strong></span> <span class='ocrx_word' id='word_1_57' title='bbox 879 1000 1220 1054; x_wconf 79' lang='lat' dir='ltr'><strong>humanitate</strong></span> <span class='ocrx_word' id='word_1_58' title='bbox 1240 1041 1254 1064; x_wconf 94' lang='lat'><strong>,</strong></span> <span class='ocrx_word' id='word_1_59' title='bbox 1284 999 1434 1054; x_wconf 90' lang='lat' dir='ltr'><strong>intus</strong></span> <span class='ocrx_word' id='word_1_60' title='bbox 1466 999 1677 1053; x_wconf 83' lang='lat' dir='ltr'><strong>habens</strong></span> <span class='ocrx_word' id='word_1_61' title='bbox 1705 1007 1944 1054; x_wconf 89' lang='lat' dir='ltr'><strong>mentem</strong></span> <span class='ocrx_word' id='word_1_62' title='bbox 1975 998 2097 1054; x_wconf 92' lang='lat' dir='ltr'><strong>dei-</strong></span> 
     </span>
    </p>
   </div>
   <div class='ocr_carea' id='block_1_11' title="bbox 516 1090 2099 1162">
    <p class='ocr_par' dir='ltr' id='par_1_11' title="bbox 516 1090 2099 1162">
     <span class='ocr_line' id='line_1_11' title="bbox 516 1090 2099 1162; baseline 0 -17"><span class='ocrx_word' id='word_1_63' title='bbox 516 1093 666 1147; x_wconf 83' lang='lat' dir='ltr'><strong>tatis.</strong></span> <span class='ocrx_word' id='word_1_64' title='bbox 698 1091 959 1162; x_wconf 82' lang='lat' dir='ltr'><strong>Proﬂigat</strong></span> <span class='ocrx_word' id='word_1_65' title='bbox 989 1100 1045 1146; x_wconf 90' lang='lat' dir='ltr'><strong>et</strong></span> <span class='ocrx_word' id='word_1_66' title='bbox 1079 1091 1368 1146; x_wconf 79' lang='lat' dir='ltr'><strong>confundit</strong></span> <span class='ocrx_word' id='word_1_67' title='bbox 1402 1090 1700 1156; x_wconf 69' lang='lat' dir='ltr'><strong>daemonas.</strong></span> <span class='ocrx_word' id='word_1_68' title='bbox 1730 1090 1888 1145; x_wconf 81' lang='lat' dir='ltr'><strong>Hunc</strong></span> <span class='ocrx_word' id='word_1_69' title='bbox 1919 1090 2099 1146; x_wconf 87' lang='lat' dir='ltr'><strong>admi-</strong></span> 
     </span>
    </p>
   </div>
   <div class='ocr_carea' id='block_1_12' title="bbox 514 1183 2098 1255">
    <p class='ocr_par' dir='ltr' id='par_1_12' title="bbox 514 1183 2098 1255">
     <span class='ocr_line' id='line_1_12' title="bbox 514 1183 2098 1255; baseline -0.001 -17"><span class='ocrx_word' id='word_1_70' title='bbox 514 1195 709 1240; x_wconf 89' lang='lat' dir='ltr'><strong>rantur</strong></span> <span class='ocrx_word' id='word_1_71' title='bbox 739 1184 974 1255; x_wconf 86' lang='lat' dir='ltr'><strong>improbi</strong></span> <span class='ocrx_word' id='word_1_72' title='bbox 1009 1184 1304 1248; x_wconf 66' lang='lat' dir='ltr'><strong>daemones.</strong></span> <span class='ocrx_word' id='word_1_73' title='bbox 1334 1184 1602 1240; x_wconf 69' lang='lat' dir='ltr'><strong>Praeterea</strong></span> <span class='ocrx_word' id='word_1_74' title='bbox 1635 1183 1978 1254; x_wconf 90' lang='lat' dir='ltr'><strong>impeccabili</strong></span> <span class='ocrx_word' id='word_1_75' title='bbox 2013 1183 2098 1237; x_wconf 86' lang='lat' dir='ltr'><strong>in-</strong></span> 
     </span>
    </p>
   </div>
   <div class='ocr_carea' id='block_1_13' title="bbox 511 1275 2096 1346">
    <p class='ocr_par' dir='ltr' id='par_1_13' title="bbox 511 1275 2096 1346">
     <span class='ocr_line' id='line_1_13' title="bbox 511 1275 2096 1346; baseline -0.001 -16"><span class='ocrx_word' id='word_1_76' title='bbox 511 1296 534 1330; x_wconf 67' lang='grc' dir='ltr'><strong>ι</strong></span> <span class='ocrx_word' id='word_1_77' title='bbox 553 1278 703 1333; x_wconf 88' lang='lat' dir='ltr'><strong>idcut</strong></span> <span class='ocrx_word' id='word_1_78' title='bbox 730 1294 743 1342; x_wconf 87' lang='lat'>;</span> <span class='ocrx_word' id='word_1_79' title='bbox 778 1287 973 1346; x_wconf 78' lang='lat' dir='ltr'><strong>atque,</strong></span> <span class='ocrx_word' id='word_1_80' title='bbox 1002 1286 1063 1330; x_wconf 94' lang='lat' dir='ltr'><strong>ut</strong></span> <span class='ocrx_word' id='word_1_81' title='bbox 1087 1275 1240 1345; x_wconf 87' lang='lat' dir='ltr'><strong>prius</strong></span> <span class='ocrx_word' id='word_1_82' title='bbox 1269 1275 1413 1338; x_wconf 79' lang='lat' dir='ltr'><strong>dixi,</strong></span> <span class='ocrx_word' id='word_1_83' title='bbox 1442 1290 1542 1344; x_wconf 90' lang='lat' dir='ltr'><strong>per</strong></span> <span class='ocrx_word' id='word_1_84' title='bbox 1565 1291 1662 1330; x_wconf 85' lang='lat' dir='ltr'><strong>vos</strong></span> <span class='ocrx_word' id='word_1_85' title='bbox 1691 1275 1950 1330; x_wconf 68' lang='lat' dir='ltr'><strong>Hebraeos</strong></span> <span class='ocrx_word' id='word_1_86' title='bbox 1979 1291 2096 1329; x_wconf 91' lang='lat' dir='ltr'><strong>ma-</strong></span> 
     </span>
    </p>
   </div>
   <div class='ocr_carea' id='block_1_14' title="bbox 514 1353 2099 1439">
    <p class='ocr_par' dir='ltr' id='par_1_14' title="bbox 514 1353 2099 1439">
     <span class='ocr_line' id='line_1_14' title="bbox 514 1353 2099 1439; baseline -0.001 -15"><span class='ocrx_word' id='word_1_87' title='bbox 514 1371 813 1436; x_wconf 74' lang='lat' dir='ltr'><strong>rhinautur</strong></span> <span class='ocrx_word' id='word_1_88' title='bbox 849 1353 899 1424; x_wconf 88' lang='lat' dir='ltr'><strong>ei</strong></span> <span class='ocrx_word' id='word_1_89' title='bbox 935 1378 1197 1434; x_wconf 83' lang='lat' dir='ltr'><strong>mortem,</strong></span> <span class='ocrx_word' id='word_1_90' title='bbox 1232 1384 1396 1439; x_wconf 90' lang='lat' dir='ltr'><strong>quam</strong></span> <span class='ocrx_word' id='word_1_91' title='bbox 1431 1368 1521 1422; x_wconf 90' lang='lat' dir='ltr'><strong>ille</strong></span> <span class='ocrx_word' id='word_1_92' title='bbox 1554 1368 1792 1424; x_wconf 84' lang='lat' dir='ltr'><strong>volebat.</strong></span> <span class='ocrx_word' id='word_1_93' title='bbox 1826 1368 2099 1428; x_wconf 78' lang='lat' dir='ltr'><strong>Venditur</strong></span> 
     </span>
    </p>
   </div>
   <div class='ocr_carea' id='block_1_15' title="bbox 515 1458 2101 1534">
    <p class='ocr_par' dir='ltr' id='par_1_15' title="bbox 515 1458 2101 1534">
     <span class='ocr_line' id='line_1_15' title="bbox 515 1458 2101 1534; baseline 0 -20"><span class='ocrx_word' id='word_1_94' title='bbox 515 1462 737 1534; x_wconf 75' lang='lat' dir='ltr'><strong>triginta</strong></span> <span class='ocrx_word' id='word_1_95' title='bbox 760 1461 1055 1532; x_wconf 76' lang='lat' dir='ltr'><strong>argenteis,</strong></span> <span class='ocrx_word' id='word_1_96' title='bbox 1082 1460 1355 1530; x_wconf 88' lang='lat' dir='ltr'><strong>proditur,</strong></span> <span class='ocrx_word' id='word_1_97' title='bbox 1379 1459 1639 1526; x_wconf 76' lang='lat' dir='ltr'><strong>vincitur,</strong></span> <span class='ocrx_word' id='word_1_98' title='bbox 1664 1458 1914 1528; x_wconf 85' lang='lat' dir='ltr'><strong>colaphis</strong></span> <span class='ocrx_word' id='word_1_99' title='bbox 1937 1460 2101 1520; x_wconf 59' lang='lat' dir='ltr'><strong>cadi-</strong></span> 
     </span>
    </p>
   </div>
   <div class='ocr_carea' id='block_1_16' title="bbox 516 1553 2098 1621">
    <p class='ocr_par' dir='ltr' id='par_1_16' title="bbox 516 1553 2098 1621">
     <span class='ocr_line' id='line_1_16' title="bbox 516 1553 2098 1621; baseline 0.002 -16"><span class='ocrx_word' id='word_1_100' title='bbox 516 1564 611 1617; x_wconf 70' lang='lat' dir='ltr'><strong>tur</strong></span> <span class='ocrx_word' id='word_1_101' title='bbox 637 1563 698 1606; x_wconf 91' lang='lat' dir='ltr'><strong>ut</strong></span> <span class='ocrx_word' id='word_1_102' title='bbox 725 1554 890 1612; x_wconf 91' lang='lat' dir='ltr'><strong>homo</strong></span> <span class='ocrx_word' id='word_1_103' title='bbox 924 1571 937 1607; x_wconf 90' lang='lat'><strong>:</strong></span> <span class='ocrx_word' id='word_1_104' title='bbox 969 1553 1180 1607; x_wconf 87' lang='lat' dir='ltr'><strong>habitat</strong></span> <span class='ocrx_word' id='word_1_105' title='bbox 1210 1553 1265 1606; x_wconf 87' lang='lat' dir='ltr'><strong>in</strong></span> <span class='ocrx_word' id='word_1_106' title='bbox 1297 1567 1548 1615; x_wconf 89' lang='lat' dir='ltr'><strong>carcere,</strong></span> <span class='ocrx_word' id='word_1_107' title='bbox 1578 1560 1806 1621; x_wconf 83' lang='lat' dir='ltr'><strong>prOpter</strong></span> <span class='ocrx_word' id='word_1_108' title='bbox 1833 1553 2098 1608; x_wconf 90' lang='lat' dir='ltr'><strong>condem-</strong></span> 
     </span>
    </p>
   </div>
   <div class='ocr_carea' id='block_1_17' title="bbox 514 1644 2098 1714">
    <p class='ocr_par' dir='ltr' id='par_1_17' title="bbox 514 1644 2098 1714">
     <span class='ocr_line' id='line_1_17' title="bbox 514 1644 2098 1714; baseline 0 -15"><span class='ocrx_word' id='word_1_109' title='bbox 514 1654 703 1710; x_wconf 73' lang='lat' dir='ltr'><strong>natum</strong></span> <span class='ocrx_word' id='word_1_110' title='bbox 744 1646 1012 1710; x_wconf 83' lang='lat' dir='ltr'><strong>Adamum</strong></span> <span class='ocrx_word' id='word_1_111' title='bbox 1057 1662 1072 1713; x_wconf 69' lang='grc' dir='ltr'>ξ</span> <span class='ocrx_word' id='word_1_112' title='bbox 1111 1645 1176 1714; x_wconf 77' lang='lat' dir='ltr'><strong>ad</strong></span> <span class='ocrx_word' id='word_1_113' title='bbox 1224 1644 1431 1700; x_wconf 80' lang='lat' dir='ltr'><strong>inferos</strong></span> <span class='ocrx_word' id='word_1_114' title='bbox 1470 1644 1756 1709; x_wconf 88' lang='lat' dir='ltr'><strong>descendit</strong></span> <span class='ocrx_word' id='word_1_115' title='bbox 1798 1663 1811 1700; x_wconf 90' lang='lat'><strong>:</strong></span> <span class='ocrx_word' id='word_1_116' title='bbox 1854 1646 2098 1700; x_wconf 88' lang='lat' dir='ltr'><strong>luctatur</strong></span> 
     </span>
    </p>
   </div>
   <div class='ocr_carea' id='block_1_18' title="bbox 513 1736 2096 1809">
    <p class='ocr_par' dir='ltr' id='par_1_18' title="bbox 513 1736 2096 1809">
     <span class='ocr_line' id='line_1_18' title="bbox 513 1736 2096 1809; baseline 0.002 -19"><span class='ocrx_word' id='word_1_117' title='bbox 513 1752 636 1798; x_wconf 87' lang='lat' dir='ltr'><strong>cum</strong></span> <span class='ocrx_word' id='word_1_118' title='bbox 677 1736 927 1808; x_wconf 82' lang='lat' dir='ltr'><strong>principe</strong></span> <span class='ocrx_word' id='word_1_119' title='bbox 971 1736 1274 1806; x_wconf 80' lang='lat' dir='ltr'><strong>inferorum</strong></span> <span class='ocrx_word' id='word_1_120' title='bbox 1315 1747 1530 1804; x_wconf 79' lang='lat' dir='ltr'><strong>etcum</strong></span> <span class='ocrx_word' id='word_1_121' title='bbox 1572 1737 1961 1805; x_wconf 86' lang='lat' dir='ltr'><strong>corruptione,</strong></span> <span class='ocrx_word' id='word_1_122' title='bbox 1994 1753 2096 1809; x_wconf 90' lang='lat' dir='ltr'><strong>pro</strong></span> 
     </span>
    </p>
   </div>
   <div class='ocr_carea' id='block_1_19' title="bbox 2200 631 3790 708">
    <p class='ocr_par' dir='ltr' id='par_1_19' title="bbox 2200 631 3790 708">
     <span class='ocr_line' id='line_1_19' title="bbox 2200 631 3790 708; baseline 0.004 -23"><span class='ocrx_word' id='word_1_123' title='bbox 2200 631 2480 702; x_wconf 82' lang='grc' dir='ltr'><strong>Παρθένου</strong></span> <span class='ocrx_word' id='word_1_124' title='bbox 2533 633 2628 686; x_wconf 78' lang='grc' dir='ltr'><strong>καὶ</strong></span> <span class='ocrx_word' id='word_1_125' title='bbox 2672 631 2959 688; x_wconf 79' lang='grc' dir='ltr'><strong>Θεοτόκου.</strong></span> <span class='ocrx_word' id='word_1_126' title='bbox 3001 633 3252 693; x_wconf 81' lang='grc' dir='ltr'><strong>Ἐνοῦται</strong></span> <span class='ocrx_word' id='word_1_127' title='bbox 3296 635 3353 688; x_wconf 84' lang='grc' dir='ltr'><strong>δὲ</strong></span> <span class='ocrx_word' id='word_1_128' title='bbox 3387 635 3549 700; x_wconf 79' lang='grc' dir='ltr'><strong>αὐτὸς</strong></span> <span class='ocrx_word' id='word_1_129' title='bbox 3584 637 3663 708; x_wconf 81' lang='grc' dir='ltr'><strong>τῷ</strong></span> <span class='ocrx_word' id='word_1_130' title='bbox 3689 639 3790 692; x_wconf 78' lang='grc' dir='ltr'><strong>ἀν·-</strong></span> 
     </span>
    </p>
   </div>
   <div class='ocr_carea' id='block_1_20' title="bbox 2201 722 3788 798">
    <p class='ocr_par' dir='ltr' id='par_1_20' title="bbox 2201 722 3788 798">
     <span class='ocr_line' id='line_1_20' title="bbox 2201 722 3788 798; baseline 0.005 -22"><span class='ocrx_word' id='word_1_131' title='bbox 2201 722 2408 794; x_wconf 80' lang='grc' dir='ltr'><strong>θρώπῳ</strong></span> <span class='ocrx_word' id='word_1_132' title='bbox 2450 723 2831 788; x_wconf 72' lang='grc' dir='ltr'><strong>ἀναλλοιώτως</strong></span> <span class='ocrx_word' id='word_1_133' title='bbox 2876 724 2998 780; x_wconf 85' lang='grc' dir='ltr'><strong>καθ’</strong></span> <span class='ocrx_word' id='word_1_134' title='bbox 3043 725 3366 792; x_wconf 82' lang='grc' dir='ltr'><strong>ὑπόστασιν,</strong></span> <span class='ocrx_word' id='word_1_135' title='bbox 3389 727 3486 782; x_wconf 74' lang='grc' dir='ltr'><strong>καὶ</strong></span> <span class='ocrx_word' id='word_1_136' title='bbox 3524 732 3788 798; x_wconf 73' lang='grc' dir='ltr'><strong>γεννᾶται</strong></span> 
     </span>
    </p>
   </div>
   <div class='ocr_carea' id='block_1_21' title="bbox 2201 798 3784 894">
    <p class='ocr_par' dir='ltr' id='par_1_21' title="bbox 2201 798 3784 894">
     <span class='ocr_line' id='line_1_21' title="bbox 2201 798 3784 894; baseline 0.008 -29"><span class='ocrx_word' id='word_1_137' title='bbox 2201 798 2451 874; x_wconf 68' lang='grc' dir='ltr'><strong>ἐκεῖθεν·</strong></span> <span class='ocrx_word' id='word_1_138' title='bbox 2487 817 2582 869; x_wconf 78' lang='grc' dir='ltr'><strong>καὶ</strong></span> <span class='ocrx_word' id='word_1_139' title='bbox 2635 815 2858 881; x_wconf 70' lang='grc' dir='ltr'><strong>αὒξεται</strong></span> <span class='ocrx_word' id='word_1_140' title='bbox 2914 816 3049 881; x_wconf 79' lang='grc' dir='ltr'><strong>Θεὸς</strong></span> <span class='ocrx_word' id='word_1_141' title='bbox 3102 817 3209 883; x_wconf 80' lang='grc' dir='ltr'><strong>ὢν,</strong></span> <span class='ocrx_word' id='word_1_142' title='bbox 3268 823 3335 891; x_wconf 78' lang='grc' dir='ltr'><strong>τῇ</strong></span> <span class='ocrx_word' id='word_1_143' title='bbox 3366 820 3784 894; x_wconf 79' lang='grc' dir='ltr'><strong>ἀνθρωπότητι,</strong></span> 
     </span>
    </p>
   </div>
   <div class='ocr_carea' id='block_1_22' title="bbox 2200 906 3786 984">
    <p class='ocr_par' dir='ltr' id='par_1_22' title="bbox 2200 906 3786 984">
     <span class='ocr_line' id='line_1_22' title="bbox 2200 906 3786 984; baseline 0.005 -25"><span class='ocrx_word' id='word_1_144' title='bbox 2200 906 2351 961; x_wconf 74' lang='grc' dir='ltr'><strong>ἔνδον</strong></span> <span class='ocrx_word' id='word_1_145' title='bbox 2381 909 2719 978; x_wconf 81' lang='grc' dir='ltr'><strong>κεκτημένος</strong></span> <span class='ocrx_word' id='word_1_146' title='bbox 2747 909 2840 963; x_wconf 78' lang='grc' dir='ltr'><strong>τὸν</strong></span> <span class='ocrx_word' id='word_1_147' title='bbox 2869 909 2992 964; x_wconf 83' lang='grc' dir='ltr'>νοῦν</span> <span class='ocrx_word' id='word_1_148' title='bbox 3026 911 3128 980; x_wconf 85' lang='grc' dir='ltr'><strong>τῆς</strong></span> <span class='ocrx_word' id='word_1_149' title='bbox 3160 909 3440 981; x_wconf 78' lang='grc' dir='ltr'><strong>θεότητος.</strong></span> <span class='ocrx_word' id='word_1_150' title='bbox 3486 912 3654 984; x_wconf 79' lang='grc' dir='ltr'><strong>Ἠττᾷ</strong></span> <span class='ocrx_word' id='word_1_151' title='bbox 3689 915 3786 975; x_wconf 65' lang='grc' dir='ltr'><strong>καὶ</strong></span> 
     </span>
    </p>
   </div>
   <div class='ocr_carea' id='block_1_23' title="bbox 2199 999 3787 1076">
    <p class='ocr_par' dir='ltr' id='par_1_23' title="bbox 2199 999 3787 1076">
     <span class='ocr_line' id='line_1_23' title="bbox 2199 999 3787 1076; baseline 0.006 -24"><span class='ocrx_word' id='word_1_152' title='bbox 2199 999 2556 1070; x_wconf 82' lang='grc' dir='ltr'><strong>καταισχύνει</strong></span> <span class='ocrx_word' id='word_1_153' title='bbox 2610 1004 2740 1066; x_wconf 81' lang='grc' dir='ltr'><strong>τοὺς</strong></span> <span class='ocrx_word' id='word_1_154' title='bbox 2783 1001 3068 1072; x_wconf 82' lang='grc' dir='ltr'><strong>δαίμονας.</strong></span> <span class='ocrx_word' id='word_1_155' title='bbox 3098 1005 3456 1076; x_wconf 78' lang='grc' dir='ltr'><strong>Θαυμάζουσι</strong></span> <span class='ocrx_word' id='word_1_156' title='bbox 3495 1007 3684 1062; x_wconf 83' lang='grc' dir='ltr'><strong>τοῦτον</strong></span> <span class='ocrx_word' id='word_1_157' title='bbox 3735 1010 3787 1062; x_wconf 77' lang='lat' dir='ltr'><strong>oi</strong></span> 
     </span>
    </p>
   </div>
   <div class='ocr_carea' id='block_1_24' title="bbox 2200 1092 3789 1170">
    <p class='ocr_par' dir='ltr' id='par_1_24' title="bbox 2200 1092 3789 1170">
     <span class='ocr_line' id='line_1_24' title="bbox 2200 1092 3789 1170; baseline 0.006 -26"><span class='ocrx_word' id='word_1_158' title='bbox 2200 1093 2427 1162; x_wconf 75' lang='grc' dir='ltr'><strong>πονηροὶ</strong></span> <span class='ocrx_word' id='word_1_159' title='bbox 2489 1092 2763 1163; x_wconf 85' lang='grc' dir='ltr'><strong>δαίμονες.</strong></span> <span class='ocrx_word' id='word_1_160' title='bbox 2797 1095 2954 1149; x_wconf 76' lang='grc' dir='ltr'><strong>Μετὰ</strong></span> <span class='ocrx_word' id='word_1_161' title='bbox 3008 1095 3188 1162; x_wconf 79' lang='grc' dir='ltr'><strong>τοῦτο,</strong></span> <span class='ocrx_word' id='word_1_162' title='bbox 3237 1097 3498 1167; x_wconf 81' lang='grc' dir='ltr'><strong>φθονοῦσι</strong></span> <span class='ocrx_word' id='word_1_163' title='bbox 3532 1099 3611 1170; x_wconf 83' lang='grc' dir='ltr'><strong>τῷ</strong></span> <span class='ocrx_word' id='word_1_164' title='bbox 3652 1100 3789 1154; x_wconf 82' lang='grc' dir='ltr'><strong>ἀνα-</strong></span> 
     </span>
    </p>
   </div>
   <div class='ocr_carea' id='block_1_25' title="bbox 2203 1183 3787 1258">
    <p class='ocr_par' dir='ltr' id='par_1_25' title="bbox 2203 1183 3787 1258">
     <span class='ocr_line' id='line_1_25' title="bbox 2203 1183 3787 1258; baseline 0.006 -26"><span class='ocrx_word' id='word_1_165' title='bbox 2203 1183 2508 1253; x_wconf 84' lang='grc' dir='ltr'><strong>μαρτήτῳ·</strong></span> <span class='ocrx_word' id='word_1_166' title='bbox 2573 1183 3040 1249; x_wconf 76' lang='grc' dir='ltr'><strong>συσκευάζουσιν,</strong></span> <span class='ocrx_word' id='word_1_167' title='bbox 3094 1186 3170 1250; x_wconf 83' lang='grc' dir='ltr'><strong>ὡς</strong></span> <span class='ocrx_word' id='word_1_168' title='bbox 3228 1189 3326 1241; x_wconf 74' lang='grc' dir='ltr'><strong>καὶ</strong></span> <span class='ocrx_word' id='word_1_169' title='bbox 3374 1188 3634 1258; x_wconf 81' lang='grc' dir='ltr'><strong>ἀνωτέρω</strong></span> <span class='ocrx_word' id='word_1_170' title='bbox 3702 1207 3787 1244; x_wconf 91' lang='grc' dir='ltr'><strong>σοι</strong></span> 
     </span>
    </p>
   </div>
   <div class='ocr_carea' id='block_1_26' title="bbox 2200 1271 3786 1346">
    <p class='ocr_par' dir='ltr' id='par_1_26' title="bbox 2200 1271 3786 1346">
     <span class='ocr_line' id='line_1_26' title="bbox 2200 1271 3786 1346; baseline 0.006 -23"><span class='ocrx_word' id='word_1_171' title='bbox 2200 1271 2492 1337; x_wconf 74' lang='grc' dir='ltr'><strong>λελάληκα,</strong></span> <span class='ocrx_word' id='word_1_172' title='bbox 2534 1272 2602 1325; x_wconf 84' lang='grc' dir='ltr'><strong>δι’</strong></span> <span class='ocrx_word' id='word_1_173' title='bbox 2653 1273 2809 1342; x_wconf 82' lang='grc' dir='ltr'><strong>ὑμῶν</strong></span> <span class='ocrx_word' id='word_1_174' title='bbox 2863 1273 2974 1326; x_wconf 84' lang='grc' dir='ltr'><strong>τῶν</strong></span> <span class='ocrx_word' id='word_1_175' title='bbox 3044 1274 3336 1346; x_wconf 78' lang='grc' dir='ltr'><strong>Ἐϐραίων,</strong></span> <span class='ocrx_word' id='word_1_176' title='bbox 3395 1275 3487 1330; x_wconf 80' lang='grc' dir='ltr'><strong>τὸν</strong></span> <span class='ocrx_word' id='word_1_177' title='bbox 3551 1277 3786 1332; x_wconf 85' lang='grc' dir='ltr'><strong>θάνατον</strong></span> 
     </span>
    </p>
   </div>
   <div class='ocr_carea' id='block_1_27' title="bbox 2201 1363 3788 1440">
    <p class='ocr_par' dir='ltr' id='par_1_27' title="bbox 2201 1363 3788 1440">
     <span class='ocr_line' id='line_1_27' title="bbox 2201 1363 3788 1440; baseline 0.006 -24"><span class='ocrx_word' id='word_1_178' title='bbox 2201 1363 2388 1429; x_wconf 79' lang='grc' dir='ltr'><strong>αὐτοῦ,</strong></span> <span class='ocrx_word' id='word_1_179' title='bbox 2421 1365 2590 1436; x_wconf 82' lang='grc' dir='ltr'><strong>ὅνπερ</strong></span> <span class='ocrx_word' id='word_1_180' title='bbox 2643 1366 2898 1429; x_wconf 81' lang='grc' dir='ltr'><strong>κάκεῖνος</strong></span> <span class='ocrx_word' id='word_1_181' title='bbox 2943 1366 3218 1421; x_wconf 74' lang='grc' dir='ltr'><strong>ἐϐούλετο.</strong></span> <span class='ocrx_word' id='word_1_182' title='bbox 3261 1370 3645 1440; x_wconf 85' lang='grc' dir='ltr'><strong>Πιπράσκεται</strong></span> <span class='ocrx_word' id='word_1_183' title='bbox 3701 1372 3788 1437; x_wconf 75' lang='grc' dir='ltr'><strong>είς</strong></span> 
     </span>
    </p>
   </div>
   <div class='ocr_carea' id='block_1_28' title="bbox 2199 1454 3787 1538">
    <p class='ocr_par' dir='ltr' id='par_1_28' title="bbox 2199 1454 3787 1538">
     <span class='ocr_line' id='line_1_28' title="bbox 2199 1454 3787 1538; baseline 0.005 -31"><span class='ocrx_word' id='word_1_184' title='bbox 2199 1455 2495 1524; x_wconf 74' lang='grc' dir='ltr'><strong>τριάκοντα</strong></span> <span class='ocrx_word' id='word_1_185' title='bbox 2523 1454 2784 1527; x_wconf 85' lang='grc' dir='ltr'><strong>ἀργύρια,</strong></span> <span class='ocrx_word' id='word_1_186' title='bbox 2807 1455 3132 1538; x_wconf 79' lang='grc' dir='ltr'><strong>προδίδοται.</strong></span> <span class='ocrx_word' id='word_1_187' title='bbox 3163 1457 3464 1529; x_wconf 87' lang='grc' dir='ltr'><strong>δεσμεῖται,</strong></span> <span class='ocrx_word' id='word_1_188' title='bbox 3495 1460 3787 1531; x_wconf 76' lang='grc' dir='ltr'><strong>ῥαπίζεται</strong></span> 
     </span>
    </p>
   </div>
   <div class='ocr_carea' id='block_1_29' title="bbox 2198 1547 3788 1627">
    <p class='ocr_par' dir='ltr' id='par_1_29' title="bbox 2198 1547 3788 1627">
     <span class='ocr_line' id='line_1_29' title="bbox 2198 1547 3788 1627; baseline 0.005 -27"><span class='ocrx_word' id='word_1_189' title='bbox 2198 1547 2275 1612; x_wconf 85' lang='grc' dir='ltr'><strong>ὡς</strong></span> <span class='ocrx_word' id='word_1_190' title='bbox 2297 1547 2393 1602; x_wconf 81' lang='grc' dir='ltr'><strong>ἄνθ</strong></span> <span class='ocrx_word' id='word_1_191' title='bbox 2403 1566 2581 1620; x_wconf 77' lang='grc' dir='ltr'><strong>ρωπος</strong></span> <span class='ocrx_word' id='word_1_192' title='bbox 2600 1565 2612 1589; x_wconf 51' lang='grc' dir='ltr'><strong>ι</strong></span> <span class='ocrx_word' id='word_1_193' title='bbox 2637 1552 2882 1607; x_wconf 85' lang='grc' dir='ltr'><strong>κατοικεί</strong></span> <span class='ocrx_word' id='word_1_194' title='bbox 2901 1549 3268 1624; x_wconf 80' lang='grc' dir='ltr'><strong>δεσμωτήρια,</strong></span> <span class='ocrx_word' id='word_1_195' title='bbox 3289 1553 3376 1608; x_wconf 77' lang='grc' dir='ltr'><strong>διὰ</strong></span> <span class='ocrx_word' id='word_1_196' title='bbox 3397 1553 3490 1608; x_wconf 76' lang='grc' dir='ltr'><strong>τὸν</strong></span> <span class='ocrx_word' id='word_1_197' title='bbox 3520 1558 3788 1627; x_wconf 68' lang='grc' dir='ltr'><strong>κατάκριτ</strong></span> 
     </span>
    </p>
   </div>
   <div class='ocr_carea' id='block_1_30' title="bbox 2197 1640 3789 1717">
    <p class='ocr_par' dir='ltr' id='par_1_30' title="bbox 2197 1640 3789 1717">
     <span class='ocr_line' id='line_1_30' title="bbox 2197 1640 3789 1717; baseline 0.006 -25"><span class='ocrx_word' id='word_1_198' title='bbox 2197 1655 2288 1693; x_wconf 88' lang='grc' dir='ltr'><strong>τον</strong></span> <span class='ocrx_word' id='word_1_199' title='bbox 2322 1640 2493 1710; x_wconf 83' lang='grc' dir='ltr'><strong>Ἀδάμ</strong></span> <span class='ocrx_word' id='word_1_200' title='bbox 2514 1657 2528 1671; x_wconf 76' lang='grc' dir='ltr'>ο</span> <span class='ocrx_word' id='word_1_201' title='bbox 2555 1641 2879 1712; x_wconf 78' lang='grc' dir='ltr'><strong>κατέρχεται</strong></span> <span class='ocrx_word' id='word_1_202' title='bbox 2919 1645 2977 1697; x_wconf 74' lang='grc' dir='ltr'><strong>ἐν</strong></span> <span class='ocrx_word' id='word_1_203' title='bbox 3000 1643 3078 1715; x_wconf 85' lang='grc' dir='ltr'><strong>τῷ</strong></span> <span class='ocrx_word' id='word_1_204' title='bbox 3109 1645 3231 1716; x_wconf 75' lang='grc' dir='ltr'><strong>ᾇδηο</strong></span> <span class='ocrx_word' id='word_1_205' title='bbox 3259 1645 3482 1700; x_wconf 81' lang='grc' dir='ltr'><strong>παλαίει</strong></span> <span class='ocrx_word' id='word_1_206' title='bbox 3523 1647 3663 1717; x_wconf 84' lang='grc' dir='ltr'><strong>μετά</strong></span> <span class='ocrx_word' id='word_1_207' title='bbox 3689 1647 3789 1701; x_wconf 77' lang='grc' dir='ltr'><strong>τοῦ</strong></span> 
     </span>
    </p>
   </div>
   <div class='ocr_carea' id='block_1_31' title="bbox 2198 1732 3792 1805">
    <p class='ocr_par' dir='ltr' id='par_1_31' title="bbox 2198 1732 3792 1805">
     <span class='ocr_line' id='line_1_31' title="bbox 2198 1732 3792 1805; baseline 0.004 -20"><span class='ocrx_word' id='word_1_208' title='bbox 2198 1732 2326 1805; x_wconf 66' lang='grc' dir='ltr'><strong>ᾅδου</strong></span> <span class='ocrx_word' id='word_1_209' title='bbox 2355 1733 2451 1786; x_wconf 76' lang='grc' dir='ltr'><strong>καὶ</strong></span> <span class='ocrx_word' id='word_1_210' title='bbox 2491 1734 2590 1802; x_wconf 86' lang='grc' dir='ltr'><strong>τῆς</strong></span> <span class='ocrx_word' id='word_1_211' title='bbox 2616 1732 2842 1803; x_wconf 68' lang='grc' dir='ltr'><strong>φθορᾶς,</strong></span> <span class='ocrx_word' id='word_1_212' title='bbox 2876 1736 3000 1790; x_wconf 73' lang='grc' dir='ltr'><strong>ἀντὶ</strong></span> <span class='ocrx_word' id='word_1_213' title='bbox 3033 1736 3141 1790; x_wconf 85' lang='grc' dir='ltr'><strong>τῶν</strong></span> <span class='ocrx_word' id='word_1_214' title='bbox 3181 1738 3364 1792; x_wconf 83' lang='grc' dir='ltr'><strong>ὲκεῖσε</strong></span> <span class='ocrx_word' id='word_1_215' title='bbox 3397 1739 3457 1792; x_wconf 78' lang='grc' dir='ltr'><strong>ὲν</strong></span> <span class='ocrx_word' id='word_1_216' title='bbox 3485 1741 3792 1804; x_wconf 81' lang='grc' dir='ltr'>σκοτεινοῖς</span> 
     </span>
    </p>
   </div>
   <div class='ocr_carea' id='block_1_32' title="bbox 513 1824 2106 1901">
    <p class='ocr_par' dir='ltr' id='par_1_32' title="bbox 513 1824 2093 1892">
     <span class='ocr_line' id='line_1_32' title="bbox 513 1824 2093 1892; baseline 0.003 -14"><span class='ocrx_word' id='word_1_217' title='bbox 513 1824 600 1879; x_wconf 87' lang='lat' dir='ltr'><strong>bis</strong></span> <span class='ocrx_word' id='word_1_218' title='bbox 639 1826 732 1892; x_wconf 88' lang='lat' dir='ltr'><strong>qui</strong></span> <span class='ocrx_word' id='word_1_219' title='bbox 773 1825 883 1880; x_wconf 88' lang='lat' dir='ltr'><strong>illic</strong></span> <span class='ocrx_word' id='word_1_220' title='bbox 927 1826 983 1880; x_wconf 90' lang='lat' dir='ltr'><strong>in</strong></span> <span class='ocrx_word' id='word_1_221' title='bbox 1025 1827 1272 1881; x_wconf 86' lang='lat' dir='ltr'><strong>tenebris</strong></span> <span class='ocrx_word' id='word_1_222' title='bbox 1309 1838 1364 1880; x_wconf 90' lang='lat' dir='ltr'><strong>et</strong></span> <span class='ocrx_word' id='word_1_223' title='bbox 1402 1827 1598 1880; x_wconf 90' lang='lat' dir='ltr'><strong>umbra</strong></span> <span class='ocrx_word' id='word_1_224' title='bbox 1642 1826 1837 1881; x_wconf 88' lang='lat' dir='ltr'><strong>mortis</strong></span> <span class='ocrx_word' id='word_1_225' title='bbox 1876 1826 2093 1884; x_wconf 89' lang='lat' dir='ltr'><strong>detine-</strong></span> 
     </span>
    </p>
   </div>
   <div class='ocr_carea' id='block_1_33' title="bbox 2207 1824 3796 1901">
    <p class='ocr_par' dir='ltr' id='par_1_33' title="bbox 2207 1824 3796 1901">
     <span class='ocr_line' id='line_1_33' title="bbox 2207 1824 3796 1901; baseline 0.003 -23"><span class='ocrx_word' id='word_1_226' title='bbox 2207 1825 2294 1879; x_wconf 72' lang='grc' dir='ltr'><strong>καὶ</strong></span> <span class='ocrx_word' id='word_1_227' title='bbox 2346 1825 2474 1895; x_wconf 79' lang='grc' dir='ltr'><strong>σκιᾷ</strong></span> <span class='ocrx_word' id='word_1_228' title='bbox 2533 1824 2764 1878; x_wconf 87' lang='grc' dir='ltr'><strong>θανάτου</strong></span> <span class='ocrx_word' id='word_1_229' title='bbox 2803 1826 3222 1898; x_wconf 59' lang='grc' dir='ltr'><strong>κατεχομένων</strong></span> <span class='ocrx_word' id='word_1_230' title='bbox 3258 1830 3406 1901; x_wconf 75' lang='grc' dir='ltr'><strong>νικᾷ,</strong></span> <span class='ocrx_word' id='word_1_231' title='bbox 3456 1829 3553 1882; x_wconf 74' lang='grc' dir='ltr'><strong>καὶ</strong></span> <span class='ocrx_word' id='word_1_232' title='bbox 3606 1830 3796 1901; x_wconf 74' lang='grc' dir='ltr'><strong>ὲκσπᾷ</strong></span> 
     </span>
    </p>
   </div>
   <div class='ocr_carea' id='block_1_34' title="bbox 511 1888 2106 1992">
    <p class='ocr_par' dir='ltr' id='par_1_34' title="bbox 511 1888 2098 1989">
     <span class='ocr_line' id='line_1_34' title="bbox 511 1888 2098 1989; baseline 0.001 -17"><span class='ocrx_word' id='word_1_233' title='bbox 511 1888 718 1972; x_wconf 77' lang='lat' dir='ltr'><strong>bantur</strong></span> <span class='ocrx_word' id='word_1_234' title='bbox 753 1935 767 1971; x_wconf 88' lang='lat'><strong>:</strong></span> <span class='ocrx_word' id='word_1_235' title='bbox 802 1918 1012 1985; x_wconf 88' lang='lat' dir='ltr'><strong>vincit,</strong></span> <span class='ocrx_word' id='word_1_236' title='bbox 1042 1928 1100 1988; x_wconf 82' lang='lat' dir='ltr'><strong>et</strong></span> <span class='ocrx_word' id='word_1_237' title='bbox 1132 1934 1228 1977; x_wconf 87' lang='lat' dir='ltr'><strong>eos</strong></span> <span class='ocrx_word' id='word_1_238' title='bbox 1258 1919 1499 1973; x_wconf 85' lang='lat' dir='ltr'><strong>extrahit</strong></span> <span class='ocrx_word' id='word_1_239' title='bbox 1532 1934 1594 1972; x_wconf 82' lang='lat' dir='ltr'><strong>ac</strong></span> <span class='ocrx_word' id='word_1_240' title='bbox 1626 1918 1827 1974; x_wconf 86' lang='lat' dir='ltr'><strong>liberat</strong></span> <span class='ocrx_word' id='word_1_241' title='bbox 1857 1919 1950 1989; x_wconf 89' lang='lat' dir='ltr'><strong>qui</strong></span> <span class='ocrx_word' id='word_1_242' title='bbox 1987 1920 2098 1974; x_wconf 89' lang='lat' dir='ltr'><strong>illic</strong></span> 
     </span>
    </p>
   </div>
   <div class='ocr_carea' id='block_1_35' title="bbox 2207 1888 3793 1992">
    <p class='ocr_par' dir='ltr' id='par_1_35' title="bbox 2207 1888 3793 1992">
     <span class='ocr_line' id='line_1_35' title="bbox 2207 1888 3793 1992; baseline 0.006 -24"><span class='ocrx_word' id='word_1_243' title='bbox 2207 1917 2328 1982; x_wconf 81' lang='grc' dir='ltr'><strong>τοὺς</strong></span> <span class='ocrx_word' id='word_1_244' title='bbox 2379 1888 2498 1980; x_wconf 71' lang='grc' dir='ltr'><strong>ἐκεῖ</strong></span> <span class='ocrx_word' id='word_1_245' title='bbox 2549 1888 3212 1992; x_wconf 41' lang='grc' dir='ltr'><strong>κατεχομένους-’.ἀνισή</strong></span> <span class='ocrx_word' id='word_1_246' title='bbox 3263 1888 3494 1987; x_wconf 64' lang='grc' dir='ltr'><strong>ἑαυτδν,</strong></span> <span class='ocrx_word' id='word_1_247' title='bbox 3527 1923 3625 1986; x_wconf 74' lang='grc' dir='ltr'><strong>καὶ</strong></span> <span class='ocrx_word' id='word_1_248' title='bbox 3659 1888 3793 1987; x_wconf 73' lang='grc' dir='ltr'><strong>τοὺς</strong></span> 
     </span>
    </p>
   </div>
   <div class='ocr_carea' id='block_1_36' title="bbox 515 2007 2106 2082">
    <p class='ocr_par' dir='ltr' id='par_1_36' title="bbox 515 2009 2102 2080">
     <span class='ocr_line' id='line_1_36' title="bbox 515 2009 2102 2080; baseline 0.002 -17"><span class='ocrx_word' id='word_1_249' title='bbox 515 2009 922 2064; x_wconf 87' lang='lat' dir='ltr'><strong>coercebantur</strong></span> <span class='ocrx_word' id='word_1_250' title='bbox 963 2028 976 2064; x_wconf 94' lang='lat'>:</span> <span class='ocrx_word' id='word_1_251' title='bbox 1021 2025 1080 2079; x_wconf 82' lang='lat' dir='ltr'><strong>se</strong></span> <span class='ocrx_word' id='word_1_252' title='bbox 1126 2011 1304 2080; x_wconf 85' lang='lat' dir='ltr'><strong>ipsum</strong></span> <span class='ocrx_word' id='word_1_253' title='bbox 1343 2025 1372 2076; x_wconf 66' lang='grc' dir='ltr'><strong>ες</strong></span> <span class='ocrx_word' id='word_1_254' title='bbox 1414 2011 1647 2070; x_wconf 88' lang='lat' dir='ltr'><strong>mortuis</strong></span> <span class='ocrx_word' id='word_1_255' title='bbox 1684 2011 2016 2079; x_wconf 76' lang='lat' dir='ltr'><strong>exsuscitat,</strong></span> <span class='ocrx_word' id='word_1_256' title='bbox 2046 2021 2102 2074; x_wconf 87' lang='lat' dir='ltr'><strong>et</strong></span> 
     </span>
    </p>
   </div>
   <div class='ocr_carea' id='block_1_37' title="bbox 2207 2007 3791 2082">
    <p class='ocr_par' dir='ltr' id='par_1_37' title="bbox 2207 2007 3791 2082">
     <span class='ocr_line' id='line_1_37' title="bbox 2207 2007 3791 2082; baseline 0.006 -22"><span class='ocrx_word' id='word_1_257' title='bbox 2207 2008 2326 2080; x_wconf 76' lang='grc' dir='ltr'><strong>μετ’</strong></span> <span class='ocrx_word' id='word_1_258' title='bbox 2355 2007 2521 2070; x_wconf 78' lang='grc' dir='ltr'><strong>αὑτοῦ</strong></span> <span class='ocrx_word' id='word_1_259' title='bbox 2548 2022 2562 2038; x_wconf 88' lang='grc'><strong>·</strong></span> <span class='ocrx_word' id='word_1_260' title='bbox 2594 2011 2740 2062; x_wconf 80' lang='grc' dir='ltr'><strong>ποιεῖ</strong></span> <span class='ocrx_word' id='word_1_261' title='bbox 2767 2009 3055 2081; x_wconf 81' lang='grc' dir='ltr'><strong>μάρτυρας</strong></span> <span class='ocrx_word' id='word_1_262' title='bbox 3084 2011 3184 2082; x_wconf 82' lang='grc' dir='ltr'><strong>τῆς</strong></span> <span class='ocrx_word' id='word_1_263' title='bbox 3210 2013 3565 2079; x_wconf 80' lang='grc' dir='ltr'><strong>ἀναστάσεως</strong></span> <span class='ocrx_word' id='word_1_264' title='bbox 3598 2014 3791 2081; x_wconf 71' lang='grc' dir='ltr'><strong>αὑτοῦ,</strong></span> 
     </span>
    </p>
   </div>
   <div class='ocr_carea' id='block_1_38' title="bbox 517 2103 2102 2172">
    <p class='ocr_par' dir='ltr' id='par_1_38' title="bbox 517 2103 2102 2172">
     <span class='ocr_line' id='line_1_38' title="bbox 517 2103 2102 2172; baseline 0.001 -15"><span class='ocrx_word' id='word_1_265' title='bbox 517 2119 616 2157; x_wconf 90' lang='lat' dir='ltr'><strong>eos</strong></span> <span class='ocrx_word' id='word_1_266' title='bbox 640 2103 734 2172; x_wconf 90' lang='lat' dir='ltr'><strong>qui</strong></span> <span class='ocrx_word' id='word_1_267' title='bbox 759 2118 947 2159; x_wconf 90' lang='lat' dir='ltr'><strong>secum</strong></span> <span class='ocrx_word' id='word_1_268' title='bbox 973 2111 1132 2166; x_wconf 78' lang='lat' dir='ltr'><strong>erant</strong></span> <span class='ocrx_word' id='word_1_269' title='bbox 1157 2122 1170 2171; x_wconf 69' lang='grc' dir='ltr'><strong>ς</strong></span> <span class='ocrx_word' id='word_1_270' title='bbox 1198 2103 1328 2157; x_wconf 83' lang='lat' dir='ltr'><strong>facit</strong></span> <span class='ocrx_word' id='word_1_271' title='bbox 1351 2119 1462 2163; x_wconf 71' lang='lat' dir='ltr'><strong>suae</strong></span> <span class='ocrx_word' id='word_1_272' title='bbox 1487 2103 1911 2159; x_wconf 81' lang='lat' dir='ltr'><strong>resurrectionis</strong></span> <span class='ocrx_word' id='word_1_273' title='bbox 1936 2113 2102 2159; x_wconf 89' lang='lat' dir='ltr'><strong>testes</strong></span> 
     </span>
    </p>
   </div>
   <div class='ocr_carea' id='block_1_39' title="bbox 518 2193 2105 2269">
    <p class='ocr_par' dir='ltr' id='par_1_39' title="bbox 518 2193 2105 2269">
     <span class='ocr_line' id='line_1_39' title="bbox 518 2193 2105 2269; baseline 0.001 -21"><span class='ocrx_word' id='word_1_274' title='bbox 518 2193 811 2248; x_wconf 81' lang='lat' dir='ltr'><strong>duodecim</strong></span> <span class='ocrx_word' id='word_1_275' title='bbox 837 2194 1160 2269; x_wconf 81' lang='lat' dir='ltr'><strong>discipulos,</strong></span> <span class='ocrx_word' id='word_1_276' title='bbox 1183 2193 1383 2249; x_wconf 89' lang='lat' dir='ltr'><strong>deinde</strong></span> <span class='ocrx_word' id='word_1_277' title='bbox 1409 2197 1775 2266; x_wconf 81' lang='lat' dir='ltr'><strong>septuaginta,</strong></span> <span class='ocrx_word' id='word_1_278' title='bbox 1801 2203 1916 2250; x_wconf 89' lang='lat' dir='ltr'><strong>tum</strong></span> <span class='ocrx_word' id='word_1_279' title='bbox 1941 2195 2105 2266; x_wconf 90' lang='lat' dir='ltr'><strong>quin-</strong></span> 
     </span>
    </p>
   </div>
   <div class='ocr_carea' id='block_1_40' title="bbox 517 2287 2103 2357">
    <p class='ocr_par' dir='ltr' id='par_1_40' title="bbox 517 2287 2103 2357">
     <span class='ocr_line' id='line_1_40' title="bbox 517 2287 2103 2357; baseline 0.001 -17"><span class='ocrx_word' id='word_1_280' title='bbox 517 2296 734 2357; x_wconf 80' lang='lat' dir='ltr'><strong>gentos.</strong></span> <span class='ocrx_word' id='word_1_281' title='bbox 763 2287 1025 2348; x_wconf 81' lang='lat' dir='ltr'><strong>Ascendit</strong></span> <span class='ocrx_word' id='word_1_282' title='bbox 1057 2303 1183 2341; x_wconf 91' lang='lat' dir='ltr'><strong>cum</strong></span> <span class='ocrx_word' id='word_1_283' title='bbox 1221 2288 1560 2342; x_wconf 85' lang='lat' dir='ltr'><strong>humanitate</strong></span> <span class='ocrx_word' id='word_1_284' title='bbox 1599 2288 1652 2341; x_wconf 91' lang='lat' dir='ltr'><strong>in</strong></span> <span class='ocrx_word' id='word_1_285' title='bbox 1686 2289 1890 2351; x_wconf 75' lang='lat' dir='ltr'><strong>cmlos,</strong></span> <span class='ocrx_word' id='word_1_286' title='bbox 1918 2287 2103 2344; x_wconf 88' lang='lat' dir='ltr'><strong>missis</strong></span> 
     </span>
    </p>
   </div>
   <div class='ocr_carea' id='block_1_41' title="bbox 520 2375 2104 2449">
    <p class='ocr_par' dir='ltr' id='par_1_41' title="bbox 520 2375 2104 2449">
     <span class='ocr_line' id='line_1_41' title="bbox 520 2375 2104 2449; baseline 0.003 -19"><span class='ocrx_word' id='word_1_287' title='bbox 520 2376 586 2431; x_wconf 83' lang='lat' dir='ltr'><strong>ad</strong></span> <span class='ocrx_word' id='word_1_288' title='bbox 617 2391 715 2430; x_wconf 90' lang='lat' dir='ltr'><strong>vos</strong></span> <span class='ocrx_word' id='word_1_289' title='bbox 743 2375 839 2446; x_wconf 85' lang='lat' dir='ltr'><strong>qui</strong></span> <span class='ocrx_word' id='word_1_290' title='bbox 871 2376 1023 2434; x_wconf 86' lang='lat' dir='ltr'><strong>illum</strong></span> <span class='ocrx_word' id='word_1_291' title='bbox 1055 2377 1432 2442; x_wconf 67' lang='lat' dir='ltr'><strong>cruciﬁxistis,</strong></span> <span class='ocrx_word' id='word_1_292' title='bbox 1456 2378 1744 2449; x_wconf 90' lang='lat' dir='ltr'><strong>discipulis</strong></span> <span class='ocrx_word' id='word_1_293' title='bbox 1774 2380 1908 2434; x_wconf 89' lang='lat' dir='ltr'><strong>suis.</strong></span> <span class='ocrx_word' id='word_1_294' title='bbox 1935 2380 2104 2436; x_wconf 86' lang='lat' dir='ltr'><strong>Deni-</strong></span> 
     </span>
    </p>
   </div>
   <div class='ocr_carea' id='block_1_42' title="bbox 521 2467 2103 2541">
    <p class='ocr_par' dir='ltr' id='par_1_42' title="bbox 521 2467 2103 2541">
     <span class='ocr_line' id='line_1_42' title="bbox 521 2467 2103 2541; baseline 0.004 -19"><span class='ocrx_word' id='word_1_295' title='bbox 521 2484 629 2538; x_wconf 88' lang='lat' dir='ltr'><strong>que</strong></span> <span class='ocrx_word' id='word_1_296' title='bbox 660 2484 785 2522; x_wconf 88' lang='lat' dir='ltr'><strong>cum</strong></span> <span class='ocrx_word' id='word_1_297' title='bbox 810 2484 908 2534; x_wconf 82' lang='lat' dir='ltr'><strong>vos</strong></span> <span class='ocrx_word' id='word_1_298' title='bbox 939 2467 992 2539; x_wconf 86' lang='lat' dir='ltr'><strong>in</strong></span> <span class='ocrx_word' id='word_1_299' title='bbox 1023 2468 1252 2538; x_wconf 70' lang='lat' dir='ltr'><strong>perfidia</strong></span> <span class='ocrx_word' id='word_1_300' title='bbox 1276 2480 1333 2524; x_wconf 89' lang='lat' dir='ltr'><strong>et</strong></span> <span class='ocrx_word' id='word_1_301' title='bbox 1353 2472 1701 2526; x_wconf 88' lang='lat' dir='ltr'><strong>contumacia</strong></span> <span class='ocrx_word' id='word_1_302' title='bbox 1730 2479 1896 2541; x_wconf 89' lang='lat' dir='ltr'><strong>atque</strong></span> <span class='ocrx_word' id='word_1_303' title='bbox 1922 2471 2103 2528; x_wconf 79' lang='lat' dir='ltr'><strong>incre-</strong></span> 
     </span>
    </p>
   </div>
   <div class='ocr_carea' id='block_1_43' title="bbox 521 2561 2104 2634">
    <p class='ocr_par' dir='ltr' id='par_1_43' title="bbox 521 2561 2104 2634">
     <span class='ocr_line' id='line_1_43' title="bbox 521 2561 2104 2634; baseline 0.002 -19"><span class='ocrx_word' id='word_1_304' title='bbox 521 2561 752 2616; x_wconf 89' lang='lat' dir='ltr'><strong>dulitate</strong></span> <span class='ocrx_word' id='word_1_305' title='bbox 788 2563 1229 2632; x_wconf 69' lang='lat' dir='ltr'><strong>permansissetis</strong></span> <span class='ocrx_word' id='word_1_306' title='bbox 1263 2563 1609 2633; x_wconf 86' lang='lat' dir='ltr'><strong>pervicaces,</strong></span> <span class='ocrx_word' id='word_1_307' title='bbox 1646 2563 1774 2618; x_wconf 85' lang='lat' dir='ltr'><strong>dato</strong></span> <span class='ocrx_word' id='word_1_308' title='bbox 1810 2564 1945 2633; x_wconf 90' lang='lat' dir='ltr'><strong>ipsis</strong></span> <span class='ocrx_word' id='word_1_309' title='bbox 1979 2563 2104 2634; x_wconf 85' lang='lat' dir='ltr'><strong>Spi-</strong></span> 
     </span>
    </p>
   </div>
   <div class='ocr_carea' id='block_1_44' title="bbox 521 2654 2103 2726">
    <p class='ocr_par' dir='ltr' id='par_1_44' title="bbox 521 2654 2103 2726">
     <span class='ocr_line' id='line_1_44' title="bbox 521 2654 2103 2726; baseline 0.003 -20"><span class='ocrx_word' id='word_1_310' title='bbox 521 2654 630 2708; x_wconf 83' lang='lat' dir='ltr'><strong>ritu</strong></span> <span class='ocrx_word' id='word_1_311' title='bbox 666 2663 886 2720; x_wconf 78' lang='lat' dir='ltr'><strong>sancto,</strong></span> <span class='ocrx_word' id='word_1_312' title='bbox 919 2656 984 2709; x_wconf 92' lang='lat' dir='ltr'><strong>ad</strong></span> <span class='ocrx_word' id='word_1_313' title='bbox 1021 2671 1213 2709; x_wconf 88' lang='lat' dir='ltr'><strong>omnes</strong></span> <span class='ocrx_word' id='word_1_314' title='bbox 1244 2663 1434 2725; x_wconf 78' lang='lat' dir='ltr'><strong>gentes</strong></span> <span class='ocrx_word' id='word_1_315' title='bbox 1468 2656 1647 2726; x_wconf 87' lang='lat' dir='ltr'><strong>misit,</strong></span> <span class='ocrx_word' id='word_1_316' title='bbox 1680 2656 1873 2714; x_wconf 89' lang='lat' dir='ltr'><strong>dicens</strong></span> <span class='ocrx_word' id='word_1_317' title='bbox 1909 2674 1921 2709; x_wconf 89' lang='lat'>:</span> <span class='ocrx_word' id='word_1_318' title='bbox 1955 2655 2103 2711; x_wconf 85' lang='lat' dir='ltr'><strong>Gen-</strong></span> 
     </span>
    </p>
   </div>
   <div class='ocr_carea' id='block_1_45' title="bbox 523 2745 2098 2816">
    <p class='ocr_par' dir='ltr' id='par_1_45' title="bbox 523 2745 2098 2816">
     <span class='ocr_line' id='line_1_45' title="bbox 523 2745 2098 2816; baseline 0.003 -17"><span class='ocrx_word' id='word_1_319' title='bbox 523 2745 676 2800; x_wconf 86' lang='lat' dir='ltr'><strong>tibus</strong></span> <span class='ocrx_word' id='word_1_320' title='bbox 702 2745 890 2814; x_wconf 89' lang='lat' dir='ltr'><strong>dicite,</strong></span> <span class='ocrx_word' id='word_1_321' title='bbox 917 2746 1211 2816; x_wconf 82' lang='lat' dir='ltr'><strong>relinquite</strong></span> <span class='ocrx_word' id='word_1_322' title='bbox 1236 2747 1400 2803; x_wconf 81' lang='lat' dir='ltr'><strong>falsos</strong></span> <span class='ocrx_word' id='word_1_323' title='bbox 1424 2756 1479 2801; x_wconf 89' lang='lat' dir='ltr'><strong>et</strong></span> <span class='ocrx_word' id='word_1_324' title='bbox 1503 2748 1910 2805; x_wconf 86' lang='lat' dir='ltr'><strong>commentitios</strong></span> <span class='ocrx_word' id='word_1_325' title='bbox 1935 2748 2098 2815; x_wconf 89' lang='lat' dir='ltr'><strong>deos;</strong></span> 
     </span>
    </p>
   </div>
   <div class='ocr_carea' id='block_1_46' title="bbox 519 2836 2103 2910">
    <p class='ocr_par' dir='ltr' id='par_1_46' title="bbox 519 2836 2103 2910">
     <span class='ocr_line' id='line_1_46' title="bbox 519 2836 2103 2910; baseline 0.003 -20"><span class='ocrx_word' id='word_1_326' title='bbox 519 2845 577 2891; x_wconf 92' lang='lat' dir='ltr'><strong>ct</strong></span> <span class='ocrx_word' id='word_1_327' title='bbox 609 2836 820 2892; x_wconf 86' lang='lat' dir='ltr'><strong>credite</strong></span> <span class='ocrx_word' id='word_1_328' title='bbox 857 2837 913 2892; x_wconf 91' lang='lat' dir='ltr'><strong>in</strong></span> <span class='ocrx_word' id='word_1_329' title='bbox 948 2838 1121 2892; x_wconf 92' lang='lat' dir='ltr'><strong>Deum</strong></span> <span class='ocrx_word' id='word_1_330' title='bbox 1157 2839 1622 2908; x_wconf 86' lang='lat' dir='ltr'><strong>omnipotentem,</strong></span> <span class='ocrx_word' id='word_1_331' title='bbox 1655 2839 1710 2893; x_wconf 90' lang='lat' dir='ltr'><strong>in</strong></span> <span class='ocrx_word' id='word_1_332' title='bbox 1744 2840 1945 2894; x_wconf 91' lang='lat' dir='ltr'><strong>Filium</strong></span> <span class='ocrx_word' id='word_1_333' title='bbox 1983 2840 2103 2910; x_wconf 85' lang='lat' dir='ltr'><strong>ejus</strong></span> 
     </span>
    </p>
   </div>
   <div class='ocr_carea' id='block_1_47' title="bbox 521 2929 2102 3000">
    <p class='ocr_par' dir='ltr' id='par_1_47' title="bbox 521 2929 2102 3000">
     <span class='ocr_line' id='line_1_47' title="bbox 521 2929 2102 3000; baseline 0.003 -18"><span class='ocrx_word' id='word_1_334' title='bbox 521 2929 897 3000; x_wconf 79' lang='lat' dir='ltr'><strong>unigenitum,</strong></span> <span class='ocrx_word' id='word_1_335' title='bbox 923 2930 1171 3000; x_wconf 89' lang='lat' dir='ltr'><strong>colaphis</strong></span> <span class='ocrx_word' id='word_1_336' title='bbox 1209 2946 1440 2996; x_wconf 56' lang='lat' dir='ltr'><strong>casum,</strong></span> <span class='ocrx_word' id='word_1_337' title='bbox 1473 2931 1827 2997; x_wconf 81' lang='lat' dir='ltr'><strong>cruciﬁxum,</strong></span> <span class='ocrx_word' id='word_1_338' title='bbox 1860 2942 1916 2988; x_wconf 89' lang='lat' dir='ltr'><strong>et</strong></span> <span class='ocrx_word' id='word_1_339' title='bbox 1953 2948 2102 2988; x_wconf 86' lang='lat' dir='ltr'><strong>mor-</strong></span> 
     </span>
    </p>
   </div>
   <div class='ocr_carea' id='block_1_48' title="bbox 2202 2098 3792 2177">
    <p class='ocr_par' dir='ltr' id='par_1_48' title="bbox 2202 2098 3792 2177">
     <span class='ocr_line' id='line_1_48' title="bbox 2202 2098 3792 2177; baseline 0.004 -24"><span class='ocrx_word' id='word_1_340' title='bbox 2202 2101 2328 2162; x_wconf 78' lang='grc' dir='ltr'><strong>τοὺς</strong></span> <span class='ocrx_word' id='word_1_341' title='bbox 2371 2099 2439 2170; x_wconf 84' lang='grc' dir='ltr'><strong>ιβ’</strong></span> <span class='ocrx_word' id='word_1_342' title='bbox 2475 2099 2728 2170; x_wconf 77' lang='grc' dir='ltr'><strong>μαθητὰς</strong></span> <span class='ocrx_word' id='word_1_343' title='bbox 2771 2101 2960 2168; x_wconf 77' lang='grc' dir='ltr'><strong>αὑτοῦ,</strong></span> <span class='ocrx_word' id='word_1_344' title='bbox 2993 2098 3115 2157; x_wconf 86' lang='grc' dir='ltr'><strong>εἷτα</strong></span> <span class='ocrx_word' id='word_1_345' title='bbox 3146 2106 3273 2168; x_wconf 74' lang='grc' dir='ltr'><strong>τοὺς</strong></span> <span class='ocrx_word' id='word_1_346' title='bbox 3304 2111 3368 2170; x_wconf 87' lang='grc' dir='ltr'><strong>ο’,</strong></span> <span class='ocrx_word' id='word_1_347' title='bbox 3405 2100 3529 2160; x_wconf 76' lang='grc' dir='ltr'><strong>εἶτα</strong></span> <span class='ocrx_word' id='word_1_348' title='bbox 3553 2109 3683 2171; x_wconf 73' lang='grc' dir='ltr'><strong>τοὺς</strong></span> <span class='ocrx_word' id='word_1_349' title='bbox 3712 2114 3792 2177; x_wconf 80' lang='grc' dir='ltr'><strong>φ’,</strong></span> 
     </span>
    </p>
   </div>
   <div class='ocr_carea' id='block_1_49' title="bbox 2204 2192 3795 2269">
    <p class='ocr_par' dir='ltr' id='par_1_49' title="bbox 2204 2192 3795 2269">
     <span class='ocr_line' id='line_1_49' title="bbox 2204 2192 3795 2269; baseline 0.004 -22"><span class='ocrx_word' id='word_1_350' title='bbox 2204 2193 2487 2258; x_wconf 75' lang='grc' dir='ltr'><strong>ἀναϐαίνει</strong></span> <span class='ocrx_word' id='word_1_351' title='bbox 2523 2196 2590 2265; x_wconf 76' lang='grc' dir='ltr'><strong>τῇ</strong></span> <span class='ocrx_word' id='word_1_352' title='bbox 2621 2192 3003 2266; x_wconf 84' lang='grc' dir='ltr'><strong>ἀνθρωπότητι</strong></span> <span class='ocrx_word' id='word_1_353' title='bbox 3045 2196 3125 2259; x_wconf 85' lang='grc' dir='ltr'><strong>εἰς</strong></span> <span class='ocrx_word' id='word_1_354' title='bbox 3156 2197 3285 2262; x_wconf 80' lang='grc' dir='ltr'><strong>τοὺς</strong></span> <span class='ocrx_word' id='word_1_355' title='bbox 3315 2198 3611 2269; x_wconf 74' lang='grc' dir='ltr'><strong>οὐρανοὺς,</strong></span> <span class='ocrx_word' id='word_1_356' title='bbox 3645 2200 3795 2253; x_wconf 80' lang='grc' dir='ltr'><strong>ἀπο-</strong></span> 
     </span>
    </p>
   </div>
   <div class='ocr_carea' id='block_1_50' title="bbox 2207 2283 3807 2358">
    <p class='ocr_par' dir='ltr' id='par_1_50' title="bbox 2207 2283 3807 2358">
     <span class='ocr_line' id='line_1_50' title="bbox 2207 2283 3807 2358; baseline 0.004 -20"><span class='ocrx_word' id='word_1_357' title='bbox 2207 2283 2420 2348; x_wconf 83' lang='grc' dir='ltr'><strong>στείλας</strong></span> <span class='ocrx_word' id='word_1_358' title='bbox 2456 2283 2591 2354; x_wconf 75' lang='grc' dir='ltr'><strong>πρδς</strong></span> <span class='ocrx_word' id='word_1_359' title='bbox 2623 2285 2765 2356; x_wconf 83' lang='grc' dir='ltr'><strong>ὑμᾶς</strong></span> <span class='ocrx_word' id='word_1_360' title='bbox 2814 2287 2938 2350; x_wconf 69' lang='grc' dir='ltr'><strong>τοὺς</strong></span> <span class='ocrx_word' id='word_1_361' title='bbox 2987 2287 3411 2358; x_wconf 83' lang='grc' dir='ltr'><strong>σταυρώσαντας</strong></span> <span class='ocrx_word' id='word_1_362' title='bbox 3447 2288 3633 2357; x_wconf 82' lang='grc' dir='ltr'><strong>αὐτὸν,</strong></span> <span class='ocrx_word' id='word_1_363' title='bbox 3663 2292 3807 2356; x_wconf 66' lang='grc' dir='ltr'><strong>τοὺς</strong></span> 
     </span>
    </p>
   </div>
   <div class='ocr_carea' id='block_1_51' title="bbox 2207 2374 3797 2454">
    <p class='ocr_par' dir='ltr' id='par_1_51' title="bbox 2207 2374 3797 2454">
     <span class='ocr_line' id='line_1_51' title="bbox 2207 2374 3797 2454; baseline 0.003 -24"><span class='ocrx_word' id='word_1_364' title='bbox 2207 2376 2459 2449; x_wconf 83' lang='grc' dir='ltr'><strong>μαθητὰς</strong></span> <span class='ocrx_word' id='word_1_365' title='bbox 2490 2375 2675 2430; x_wconf 79' lang='grc' dir='ltr'><strong>αὑτοῦ.</strong></span> <span class='ocrx_word' id='word_1_366' title='bbox 2711 2374 2846 2432; x_wconf 77' lang='grc' dir='ltr'><strong>Εἶτα</strong></span> <span class='ocrx_word' id='word_1_367' title='bbox 2883 2377 3156 2448; x_wconf 83' lang='grc' dir='ltr'><strong>μενόντων</strong></span> <span class='ocrx_word' id='word_1_368' title='bbox 3191 2379 3347 2450; x_wconf 84' lang='grc' dir='ltr'><strong>ὑμῶν</strong></span> <span class='ocrx_word' id='word_1_369' title='bbox 3375 2381 3432 2432; x_wconf 81' lang='grc' dir='ltr'><strong>ὲν</strong></span> <span class='ocrx_word' id='word_1_370' title='bbox 3458 2381 3527 2451; x_wconf 80' lang='grc' dir='ltr'><strong>τῇ</strong></span> <span class='ocrx_word' id='word_1_371' title='bbox 3558 2380 3797 2454; x_wconf 53' lang='grc' dir='ltr'><strong>ἀπιστίᾳ</strong></span> 
     </span>
    </p>
   </div>
   <div class='ocr_carea' id='block_1_52' title="bbox 2203 2467 3795 2541">
    <p class='ocr_par' dir='ltr' id='par_1_52' title="bbox 2203 2467 3795 2541">
     <span class='ocr_line' id='line_1_52' title="bbox 2203 2467 3795 2541; baseline 0.002 -19"><span class='ocrx_word' id='word_1_372' title='bbox 2203 2470 2300 2523; x_wconf 77' lang='grc' dir='ltr'><strong>καὶ</strong></span> <span class='ocrx_word' id='word_1_373' title='bbox 2334 2467 2608 2539; x_wconf 77' lang='grc' dir='ltr'><strong>ἀπειθείᾳ,</strong></span> <span class='ocrx_word' id='word_1_374' title='bbox 2646 2467 2770 2532; x_wconf 75' lang='grc' dir='ltr'><strong>δοὺς</strong></span> <span class='ocrx_word' id='word_1_375' title='bbox 2797 2470 2984 2532; x_wconf 75' lang='grc' dir='ltr'><strong>αὐτοῖς</strong></span> <span class='ocrx_word' id='word_1_376' title='bbox 3006 2469 3067 2523; x_wconf 79' lang='grc' dir='ltr'><strong>τὸ</strong></span> <span class='ocrx_word' id='word_1_377' title='bbox 3105 2468 3328 2541; x_wconf 79' lang='grc' dir='ltr'><strong>Πνεῦμα</strong></span> <span class='ocrx_word' id='word_1_378' title='bbox 3352 2470 3414 2524; x_wconf 78' lang='grc' dir='ltr'><strong>τὸ</strong></span> <span class='ocrx_word' id='word_1_379' title='bbox 3442 2469 3622 2539; x_wconf 72' lang='grc' dir='ltr'><strong>ἅγιον,</strong></span> <span class='ocrx_word' id='word_1_380' title='bbox 3651 2471 3795 2525; x_wconf 82' lang='grc' dir='ltr'><strong>ἀπο-</strong></span> 
     </span>
    </p>
   </div>
   <div class='ocr_carea' id='block_1_53' title="bbox 2206 2562 3797 2635">
    <p class='ocr_par' dir='ltr' id='par_1_53' title="bbox 2206 2562 3797 2635">
     <span class='ocr_line' id='line_1_53' title="bbox 2206 2562 3797 2635; baseline 0.001 -19"><span class='ocrx_word' id='word_1_381' title='bbox 2206 2562 2415 2616; x_wconf 76' lang='grc' dir='ltr'><strong>στέλλει</strong></span> <span class='ocrx_word' id='word_1_382' title='bbox 2476 2564 2559 2625; x_wconf 84' lang='grc' dir='ltr'><strong>είς</strong></span> <span class='ocrx_word' id='word_1_383' title='bbox 2617 2563 2798 2616; x_wconf 88' lang='grc' dir='ltr'><strong>πάντα</strong></span> <span class='ocrx_word' id='word_1_384' title='bbox 2843 2563 2913 2616; x_wconf 75' lang='grc' dir='ltr'><strong>τὰ</strong></span> <span class='ocrx_word' id='word_1_385' title='bbox 2969 2563 3119 2635; x_wconf 81' lang='grc' dir='ltr'><strong>ἔθνη,</strong></span> <span class='ocrx_word' id='word_1_386' title='bbox 3180 2563 3372 2617; x_wconf 76' lang='grc' dir='ltr'><strong>εἰπών’</strong></span> <span class='ocrx_word' id='word_1_387' title='bbox 3439 2564 3646 2618; x_wconf 75' lang='grc' dir='ltr'><strong>Εἴπατε</strong></span> <span class='ocrx_word' id='word_1_388' title='bbox 3677 2567 3797 2629; x_wconf 79' lang='grc' dir='ltr'><strong>τοῖς</strong></span> 
     </span>
    </p>
   </div>
   <div class='ocr_carea' id='block_1_54' title="bbox 2203 2653 3798 2720">
    <p class='ocr_par' dir='ltr' id='par_1_54' title="bbox 2203 2653 3798 2720">
     <span class='ocr_line' id='line_1_54' title="bbox 2203 2653 3798 2720; baseline 0 -12"><span class='ocrx_word' id='word_1_389' title='bbox 2203 2654 2403 2717; x_wconf 71' lang='grc' dir='ltr'><strong>ἔθνεσι,</strong></span> <span class='ocrx_word' id='word_1_390' title='bbox 2449 2653 2781 2708; x_wconf 82' lang='grc' dir='ltr'><strong>καταλίπετε</strong></span> <span class='ocrx_word' id='word_1_391' title='bbox 2838 2655 2906 2709; x_wconf 85' lang='grc' dir='ltr'><strong>τὰ</strong></span> <span class='ocrx_word' id='word_1_392' title='bbox 2967 2655 3181 2720; x_wconf 85' lang='grc' dir='ltr'><strong>είδωλα,</strong></span> <span class='ocrx_word' id='word_1_393' title='bbox 3208 2656 3302 2709; x_wconf 77' lang='grc' dir='ltr'><strong>καὶ</strong></span> <span class='ocrx_word' id='word_1_394' title='bbox 3343 2654 3673 2709; x_wconf 81' lang='grc' dir='ltr'><strong>πιστεύσατε</strong></span> <span class='ocrx_word' id='word_1_395' title='bbox 3711 2657 3798 2719; x_wconf 80' lang='grc' dir='ltr'><strong>εἰς</strong></span> 
     </span>
    </p>
   </div>
   <div class='ocr_carea' id='block_1_55' title="bbox 2204 2747 3798 2825">
    <p class='ocr_par' dir='ltr' id='par_1_55' title="bbox 2204 2747 3798 2825">
     <span class='ocr_line' id='line_1_55' title="bbox 2204 2747 3798 2825; baseline 0.002 -24"><span class='ocrx_word' id='word_1_396' title='bbox 2204 2747 2338 2802; x_wconf 80' lang='grc' dir='ltr'><strong>Θεὸν</strong></span> <span class='ocrx_word' id='word_1_397' title='bbox 2379 2748 2826 2825; x_wconf 86' lang='grc' dir='ltr'><strong>παντοκράτορα,</strong></span> <span class='ocrx_word' id='word_1_398' title='bbox 2868 2752 2960 2802; x_wconf 71' lang='grc' dir='ltr'><strong>καὶ</strong></span> <span class='ocrx_word' id='word_1_399' title='bbox 3016 2749 3099 2813; x_wconf 79' lang='grc' dir='ltr'><strong>είς</strong></span> <span class='ocrx_word' id='word_1_400' title='bbox 3159 2749 3253 2804; x_wconf 80' lang='grc' dir='ltr'><strong>τὸν</strong></span> <span class='ocrx_word' id='word_1_401' title='bbox 3295 2749 3425 2804; x_wconf 80' lang='grc' dir='ltr'><strong>Υίδν</strong></span> <span class='ocrx_word' id='word_1_402' title='bbox 3469 2749 3636 2804; x_wconf 78' lang='grc' dir='ltr'><strong>αὑτοῦ</strong></span> <span class='ocrx_word' id='word_1_403' title='bbox 3703 2749 3798 2810; x_wconf 68' lang='grc' dir='ltr'><strong>τὸν</strong></span> 
     </span>
    </p>
   </div>
   <div class='ocr_carea' id='block_1_56' title="bbox 2207 2841 3799 2917">
    <p class='ocr_par' dir='ltr' id='par_1_56' title="bbox 2207 2841 3799 2917">
     <span class='ocr_line' id='line_1_56' title="bbox 2207 2841 3799 2917; baseline -0.001 -21"><span class='ocrx_word' id='word_1_404' title='bbox 2207 2843 2498 2913; x_wconf 83' lang='grc' dir='ltr'><strong>μονογενῆ,</strong></span> <span class='ocrx_word' id='word_1_405' title='bbox 2528 2843 2619 2896; x_wconf 82' lang='grc' dir='ltr'><strong>τὸν</strong></span> <span class='ocrx_word' id='word_1_406' title='bbox 2679 2841 3042 2915; x_wconf 78' lang='grc' dir='ltr'><strong>ραπισθέντα,</strong></span> <span class='ocrx_word' id='word_1_407' title='bbox 3076 2845 3173 2899; x_wconf 56' lang='grc' dir='ltr'><strong>καὶ⁵</strong></span> <span class='ocrx_word' id='word_1_408' title='bbox 3229 2842 3639 2917; x_wconf 70' lang='grc' dir='ltr'><strong>σταυρωθέντα,</strong></span> <span class='ocrx_word' id='word_1_409' title='bbox 3697 2844 3799 2900; x_wconf 73' lang='grc' dir='ltr'><strong>καὶ</strong></span> 
     </span>
    </p>
   </div>
   <div class='ocr_carea' id='block_1_57' title="bbox 2203 2934 3798 3007">
    <p class='ocr_par' dir='ltr' id='par_1_57' title="bbox 2203 2934 3798 3007">
     <span class='ocr_line' id='line_1_57' title="bbox 2203 2934 3798 3007; baseline 0.003 -19"><span class='ocrx_word' id='word_1_410' title='bbox 2203 2934 2570 3001; x_wconf 80' lang='grc' dir='ltr'><strong>ἀποθανόντα,</strong></span> <span class='ocrx_word' id='word_1_411' title='bbox 2595 2935 2692 2990; x_wconf 84' lang='grc' dir='ltr'><strong>καὶ</strong></span> <span class='ocrx_word' id='word_1_412' title='bbox 2715 2936 3028 2990; x_wconf 84' lang='grc' dir='ltr'><strong>ἀναστάντα</strong></span> <span class='ocrx_word' id='word_1_413' title='bbox 3060 2937 3402 3007; x_wconf 82' lang='grc' dir='ltr'><strong>παραδόξως,</strong></span> <span class='ocrx_word' id='word_1_414' title='bbox 3436 2937 3534 2992; x_wconf 78' lang='grc' dir='ltr'><strong>καὶ</strong></span> <span class='ocrx_word' id='word_1_415' title='bbox 3591 2938 3673 3001; x_wconf 90' lang='grc' dir='ltr'><strong>είς</strong></span> <span class='ocrx_word' id='word_1_416' title='bbox 3729 2937 3798 2999; x_wconf 76' lang='grc' dir='ltr'><strong>τὸ</strong></span> 
     </span>
    </p>
   </div>
   <div class='ocr_carea' id='block_1_58' title="bbox 2205 3024 3798 3100">
    <p class='ocr_par' dir='ltr' id='par_1_58' title="bbox 2205 3024 3798 3100">
     <span class='ocr_line' id='line_1_58' title="bbox 2205 3024 3798 3100; baseline 0.003 -21"><span class='ocrx_word' id='word_1_417' title='bbox 2205 3027 2434 3098; x_wconf 69' lang='grc' dir='ltr'><strong>Πνεῦμα</strong></span> <span class='ocrx_word' id='word_1_418' title='bbox 2485 3027 2548 3081; x_wconf 80' lang='grc' dir='ltr'><strong>τδ</strong></span> <span class='ocrx_word' id='word_1_419' title='bbox 2592 3027 2767 3096; x_wconf 76' lang='grc' dir='ltr'><strong>ἅγιον.</strong></span> <span class='ocrx_word' id='word_1_420' title='bbox 2808 3028 2873 3082; x_wconf 91' lang='lat'><strong>&#39;0</strong></span> <span class='ocrx_word' id='word_1_421' title='bbox 2896 3029 3236 3093; x_wconf 77' lang='grc' dir='ltr'><strong>πιστεύσας</strong></span> <span class='ocrx_word' id='word_1_422' title='bbox 3277 3024 3393 3085; x_wconf 83' lang='grc' dir='ltr'><strong>οὖν</strong></span> <span class='ocrx_word' id='word_1_423' title='bbox 3427 3028 3798 3100; x_wconf 75' lang='grc' dir='ltr'><strong>βαπτισθεὶς</strong></span> 
     </span>
    </p>
   </div>
   <div class='ocr_carea' id='block_1_59' title="bbox 520 3019 2103 3092">
    <p class='ocr_par' dir='ltr' id='par_1_59' title="bbox 520 3019 2103 3092">
     <span class='ocr_line' id='line_1_59' title="bbox 520 3019 2103 3092; baseline 0.002 -18"><span class='ocrx_word' id='word_1_424' title='bbox 520 3029 698 3084; x_wconf 90' lang='lat' dir='ltr'><strong>tuum,</strong></span> <span class='ocrx_word' id='word_1_425' title='bbox 725 3028 781 3074; x_wconf 89' lang='lat' dir='ltr'><strong>et</strong></span> <span class='ocrx_word' id='word_1_426' title='bbox 808 3019 1212 3087; x_wconf 79' lang='lat' dir='ltr'><strong>admirabiliter</strong></span> <span class='ocrx_word' id='word_1_427' title='bbox 1241 3037 1270 3075; x_wconf 90' lang='lat' dir='ltr'><strong>a</strong></span> <span class='ocrx_word' id='word_1_428' title='bbox 1302 3020 1535 3090; x_wconf 80' lang='lat' dir='ltr'><strong>mortuis</strong></span> <span class='ocrx_word' id='word_1_429' title='bbox 1566 3029 1906 3087; x_wconf 83' lang='lat' dir='ltr'><strong>revocatum,</strong></span> <span class='ocrx_word' id='word_1_430' title='bbox 1937 3032 2103 3092; x_wconf 88' lang='lat' dir='ltr'><strong>atque</strong></span> 
     </span>
    </p>
   </div>
   <div class='ocr_carea' id='block_1_60' title="bbox 518 3113 2106 3190">
    <p class='ocr_par' dir='ltr' id='par_1_60' title="bbox 518 3113 2101 3184">
     <span class='ocr_line' id='line_1_60' title="bbox 518 3113 2101 3184; baseline 0 -16"><span class='ocrx_word' id='word_1_431' title='bbox 518 3114 576 3168; x_wconf 90' lang='lat' dir='ltr'><strong>in</strong></span> <span class='ocrx_word' id='word_1_432' title='bbox 608 3113 876 3184; x_wconf 90' lang='lat' dir='ltr'><strong>Spiritum</strong></span> <span class='ocrx_word' id='word_1_433' title='bbox 906 3122 1180 3181; x_wconf 70' lang='lat' dir='ltr'><strong>sanctum,</strong></span> <span class='ocrx_word' id='word_1_434' title='bbox 1213 3113 1314 3178; x_wconf 80' lang='lat' dir='ltr'><strong>Qui</strong></span> <span class='ocrx_word' id='word_1_435' title='bbox 1347 3115 1660 3176; x_wconf 81' lang='lat' dir='ltr'><strong>crediderit,</strong></span> <span class='ocrx_word' id='word_1_436' title='bbox 1690 3122 1738 3167; x_wconf 86' lang='lat' dir='ltr'><strong>et</strong></span> <span class='ocrx_word' id='word_1_437' title='bbox 1767 3113 1987 3184; x_wconf 80' lang='lat' dir='ltr'><strong>puriﬁco</strong></span> <span class='ocrx_word' id='word_1_438' title='bbox 2016 3113 2101 3169; x_wconf 89' lang='lat' dir='ltr'><strong>la-</strong></span> 
     </span>
    </p>
   </div>
   <div class='ocr_carea' id='block_1_61' title="bbox 2207 3113 3794 3190">
    <p class='ocr_par' dir='ltr' id='par_1_61' title="bbox 2207 3117 3794 3190">
     <span class='ocr_line' id='line_1_61' title="bbox 2207 3117 3794 3190; baseline 0.001 -17"><span class='ocrx_word' id='word_1_439' title='bbox 2207 3118 2546 3189; x_wconf 78' lang='grc' dir='ltr'><strong>σωθήσεται</strong></span> <span class='ocrx_word' id='word_1_440' title='bbox 2581 3137 2594 3150; x_wconf 89' lang='grc'><strong>·</strong></span> <span class='ocrx_word' id='word_1_441' title='bbox 2645 3122 2680 3176; x_wconf 79' lang='grc' dir='ltr'><em>ὁ</em></span> <span class='ocrx_word' id='word_1_442' title='bbox 2729 3117 2798 3173; x_wconf 81' lang='grc' dir='ltr'><strong>δὲ</strong></span> <span class='ocrx_word' id='word_1_443' title='bbox 2853 3118 3204 3188; x_wconf 81' lang='grc' dir='ltr'><strong>ἀπιστήσας</strong></span> <span class='ocrx_word' id='word_1_444' title='bbox 3268 3120 3794 3190; x_wconf 77' lang='grc' dir='ltr'><strong>κατακριθήσεται,</strong></span> 
     </span>
    </p>
   </div>
   <div class='ocr_carea' id='block_1_62' title="bbox 515 3203 2106 3294">
    <p class='ocr_par' dir='ltr' id='par_1_62' title="bbox 515 3204 2100 3276">
     <span class='ocr_line' id='line_1_62' title="bbox 515 3204 2100 3276; baseline -0.002 -17"><span class='ocrx_word' id='word_1_445' title='bbox 515 3223 674 3262; x_wconf 82' lang='lat' dir='ltr'><strong>vacro</strong></span> <span class='ocrx_word' id='word_1_446' title='bbox 706 3207 897 3263; x_wconf 76' lang='lat' dir='ltr'><strong>tinctus</strong></span> <span class='ocrx_word' id='word_1_447' title='bbox 931 3205 1123 3276; x_wconf 70' lang='lat' dir='ltr'><strong>fuerit,</strong></span> <span class='ocrx_word' id='word_1_448' title='bbox 1152 3204 1332 3271; x_wconf 66' lang='lat' dir='ltr'><strong>salvus</strong></span> <span class='ocrx_word' id='word_1_449' title='bbox 1362 3206 1462 3258; x_wconf 81' lang='lat' dir='ltr'><strong>erit</strong></span> <span class='ocrx_word' id='word_1_450' title='bbox 1492 3221 1510 3259; x_wconf 74' lang='lat'><strong><em>:</em></strong></span> <span class='ocrx_word' id='word_1_451' title='bbox 1539 3205 1628 3275; x_wconf 72' lang='lat' dir='ltr'><strong>qui</strong></span> <span class='ocrx_word' id='word_1_452' title='bbox 1654 3221 1758 3264; x_wconf 72' lang='lat' dir='ltr'><strong>non</strong></span> <span class='ocrx_word' id='word_1_453' title='bbox 1789 3205 2100 3270; x_wconf 78' lang='lat' dir='ltr'><strong>crediderit,</strong></span> 
     </span>
    </p>
   </div>
   <div class='ocr_carea' id='block_1_63' title="bbox 2207 3203 3799 3294">
    <p class='ocr_par' dir='ltr' id='par_1_63' title="bbox 2207 3203 3799 3294">
     <span class='ocr_line' id='line_1_63' title="bbox 2207 3203 3799 3294; baseline 0 -31"><span class='ocrx_word' id='word_1_454' title='bbox 2207 3211 2307 3268; x_wconf 79' lang='grc' dir='ltr'><strong>Διὰ</strong></span> <span class='ocrx_word' id='word_1_455' title='bbox 2360 3210 2520 3264; x_wconf 81' lang='grc' dir='ltr'><strong>τοῦτο</strong></span> <span class='ocrx_word' id='word_1_456' title='bbox 2572 3209 2774 3265; x_wconf 80' lang='grc' dir='ltr'><strong>ἔπαθεν</strong></span> <span class='ocrx_word' id='word_1_457' title='bbox 2802 3250 2818 3278; x_wconf 91' lang='grc'><strong>,</strong></span> <span class='ocrx_word' id='word_1_458' title='bbox 2845 3203 2891 3269; x_wconf 80' lang='grc' dir='ltr'><strong>ὦ</strong></span> <span class='ocrx_word' id='word_1_459' title='bbox 2954 3211 3178 3282; x_wconf 71' lang='grc' dir='ltr'><strong>Ἐρδᾶν,</strong></span> <span class='ocrx_word' id='word_1_460' title='bbox 3202 3213 3232 3274; x_wconf 82' lang='grc' dir='ltr'><strong>ό</strong></span> <span class='ocrx_word' id='word_1_461' title='bbox 3263 3209 3467 3294; x_wconf 78' lang='grc' dir='ltr'><strong>Κύριος</strong></span> <span class='ocrx_word' id='word_1_462' title='bbox 3491 3210 3648 3284; x_wconf 70' lang='grc' dir='ltr'><strong>ἡμῶν</strong></span> <span class='ocrx_word' id='word_1_463' title='bbox 3689 3212 3799 3289; x_wconf 74' lang='grc' dir='ltr'><strong>Ἰην</strong></span> 
     </span>
    </p>
   </div>
   <div class='ocr_carea' id='block_1_64' title="bbox 515 3295 2106 3378">
    <p class='ocr_par' dir='ltr' id='par_1_64' title="bbox 515 3295 2103 3366">
     <span class='ocr_line' id='line_1_64' title="bbox 515 3295 2103 3366; baseline 0.003 -16"><span class='ocrx_word' id='word_1_464' title='bbox 515 3295 954 3360; x_wconf 66' lang='grc' dir='ltr'><strong>σοητιεηιηαὺὶηιν</strong></span> <span class='ocrx_word' id='word_1_465' title='bbox 974 3296 1040 3351; x_wconf 81' lang='grc'><strong>³⁸.</strong></span> <span class='ocrx_word' id='word_1_466' title='bbox 1069 3295 1152 3351; x_wconf 93' lang='lat' dir='ltr'><strong>0b</strong></span> <span class='ocrx_word' id='word_1_467' title='bbox 1197 3296 1338 3350; x_wconf 90' lang='lat' dir='ltr'><strong>hanc</strong></span> <span class='ocrx_word' id='word_1_468' title='bbox 1377 3296 1565 3366; x_wconf 88' lang='lat' dir='ltr'><strong>itaque</strong></span> <span class='ocrx_word' id='word_1_469' title='bbox 1608 3311 1860 3359; x_wconf 88' lang='lat' dir='ltr'><strong>causam,</strong></span> <span class='ocrx_word' id='word_1_470' title='bbox 1891 3311 1925 3351; x_wconf 89' lang='grc' dir='ltr'><strong>ο</strong></span> <span class='ocrx_word' id='word_1_471' title='bbox 1963 3297 2103 3354; x_wconf 63' lang='lat' dir='ltr'><strong>11ers-</strong></span> 
     </span>
    </p>
   </div>
   <div class='ocr_carea' id='block_1_65' title="bbox 2207 3295 2616 3378">
    <p class='ocr_par' dir='ltr' id='par_1_65' title="bbox 2211 3306 2616 3378">
     <span class='ocr_line' id='line_1_65' title="bbox 2211 3306 2616 3378; baseline 0.002 -5"><span class='ocrx_word' id='word_1_472' title='bbox 2211 3306 2338 3373; x_wconf 67' lang='grc' dir='ltr'><strong>σεῦς</strong></span> <span class='ocrx_word' id='word_1_473' title='bbox 2361 3306 2616 3378; x_wconf 53' lang='grc' dir='ltr'><strong>Χριστόςρ</strong></span> 
     </span>
    </p>
   </div>
   <div class='ocr_carea' id='block_1_66' title="bbox 517 3386 2202 3456">
    <p class='ocr_par' dir='ltr' id='par_1_66' title="bbox 517 3386 2202 3456">
     <span class='ocr_line' id='line_1_66' title="bbox 517 3386 2202 3456; baseline 0.001 -14"><span class='ocrx_word' id='word_1_474' title='bbox 517 3389 684 3452; x_wconf 84' lang='lat' dir='ltr'><strong>bane,</strong></span> <span class='ocrx_word' id='word_1_475' title='bbox 708 3387 973 3442; x_wconf 89' lang='lat' dir='ltr'><strong>Dominus</strong></span> <span class='ocrx_word' id='word_1_476' title='bbox 1002 3397 1191 3450; x_wconf 88' lang='lat' dir='ltr'><strong>noster</strong></span> <span class='ocrx_word' id='word_1_477' title='bbox 1213 3387 1372 3442; x_wconf 82' lang='lat' dir='ltr'><strong>Jesus</strong></span> <span class='ocrx_word' id='word_1_478' title='bbox 1395 3386 1648 3447; x_wconf 86' lang='lat' dir='ltr'><strong>Christus</strong></span> <span class='ocrx_word' id='word_1_479' title='bbox 1674 3403 1868 3456; x_wconf 88' lang='lat' dir='ltr'><strong>passus</strong></span> <span class='ocrx_word' id='word_1_480' title='bbox 1891 3397 1994 3448; x_wconf 87' lang='lat' dir='ltr'><strong>est.</strong></span> <span class='ocrx_word' id='word_1_481' title='bbox 2197 3406 2202 3411; x_wconf 90' lang='grc'><strong>·</strong></span> 
     </span>
    </p>
   </div>
   <div class='ocr_carea' id='block_1_67' title="bbox 590 3473 2106 3564">
    <p class='ocr_par' dir='ltr' id='par_1_67' title="bbox 590 3473 2104 3550">
     <span class='ocr_line' id='line_1_67' title="bbox 590 3473 2104 3550; baseline 0.003 -16"><span class='ocrx_word' id='word_1_482' title='bbox 590 3473 796 3548; x_wconf 67' lang='grc' dir='ltr'><strong>ΙΙΕῐὶΒ.</strong></span> <span class='ocrx_word' id='word_1_483' title='bbox 831 3479 888 3536; x_wconf 90' lang='lat' dir='ltr'><strong>Si</strong></span> <span class='ocrx_word' id='word_1_484' title='bbox 933 3495 1127 3534; x_wconf 90' lang='lat' dir='ltr'><strong>omnes</strong></span> <span class='ocrx_word' id='word_1_485' title='bbox 1166 3479 1350 3534; x_wconf 86' lang='lat' dir='ltr'><strong>salvos</strong></span> <span class='ocrx_word' id='word_1_486' title='bbox 1389 3478 1508 3533; x_wconf 79' lang='lat' dir='ltr'><strong>ﬁeri</strong></span> <span class='ocrx_word' id='word_1_487' title='bbox 1549 3478 1798 3546; x_wconf 88' lang='lat' dir='ltr'><strong>volebat,</strong></span> <span class='ocrx_word' id='word_1_488' title='bbox 1828 3496 1992 3550; x_wconf 90' lang='lat' dir='ltr'><strong>quam</strong></span> <span class='ocrx_word' id='word_1_489' title='bbox 2032 3481 2104 3538; x_wconf 89' lang='lat' dir='ltr'><strong>ob</strong></span> 
     </span>
    </p>
   </div>
   <div class='ocr_carea' id='block_1_68' title="bbox 2207 3473 3797 3564">
    <p class='ocr_par' dir='ltr' id='par_1_68' title="bbox 2283 3485 3797 3564">
     <span class='ocr_line' id='line_1_68' title="bbox 2283 3485 3797 3564; baseline 0.004 -24"><span class='ocrx_word' id='word_1_490' title='bbox 2283 3485 2532 3540; x_wconf 81' lang='lat' dir='ltr'><strong>EPBAN.</strong></span> <span class='ocrx_word' id='word_1_491' title='bbox 2556 3486 2669 3541; x_wconf 80' lang='lat' dir='ltr'><strong>Kal</strong></span> <span class='ocrx_word' id='word_1_492' title='bbox 2701 3486 2750 3540; x_wconf 81' lang='grc' dir='ltr'><strong>εί</strong></span> <span class='ocrx_word' id='word_1_493' title='bbox 2789 3487 3047 3544; x_wconf 73' lang='grc' dir='ltr'><strong>ἐϐούλετο</strong></span> <span class='ocrx_word' id='word_1_494' title='bbox 3079 3489 3292 3556; x_wconf 85' lang='grc' dir='ltr'><strong>πάντας</strong></span> <span class='ocrx_word' id='word_1_495' title='bbox 3329 3491 3593 3562; x_wconf 83' lang='grc' dir='ltr'><strong>σωθῆναι,</strong></span> <span class='ocrx_word' id='word_1_496' title='bbox 3624 3491 3692 3546; x_wconf 82' lang='grc' dir='ltr'><strong>δι’</strong></span> <span class='ocrx_word' id='word_1_497' title='bbox 3726 3491 3797 3564; x_wconf 65' lang='grc' dir='ltr'><strong>ἣν</strong></span> 
     </span>
    </p>
   </div>
   <div class='ocr_carea' id='block_1_69' title="bbox 518 3572 2106 3655">
    <p class='ocr_par' dir='ltr' id='par_1_69' title="bbox 518 3572 2105 3643">
     <span class='ocr_line' id='line_1_69' title="bbox 518 3572 2105 3643; baseline 0.003 -17"><span class='ocrx_word' id='word_1_498' title='bbox 518 3589 744 3628; x_wconf 78' lang='lat' dir='ltr'><strong>causam</strong></span> <span class='ocrx_word' id='word_1_499' title='bbox 777 3589 1003 3628; x_wconf 89' lang='lat' dir='ltr'><strong>suarum</strong></span> <span class='ocrx_word' id='word_1_500' title='bbox 1041 3572 1463 3643; x_wconf 90' lang='lat' dir='ltr'><strong>perpessionum</strong></span> <span class='ocrx_word' id='word_1_501' title='bbox 1495 3580 1551 3627; x_wconf 91' lang='lat' dir='ltr'><strong>et</strong></span> <span class='ocrx_word' id='word_1_502' title='bbox 1580 3572 1834 3627; x_wconf 90' lang='lat' dir='ltr'><strong>dolorum</strong></span> <span class='ocrx_word' id='word_1_503' title='bbox 1871 3575 2105 3641; x_wconf 82' lang='lat' dir='ltr'><strong>scanda-</strong></span> 
     </span>
    </p>
   </div>
   <div class='ocr_carea' id='block_1_70' title="bbox 2207 3572 3796 3655">
    <p class='ocr_par' dir='ltr' id='par_1_70' title="bbox 2211 3577 3796 3655">
     <span class='ocr_line' id='line_1_70' title="bbox 2211 3577 3796 3655; baseline 0.004 -24"><span class='ocrx_word' id='word_1_504' title='bbox 2211 3577 2392 3632; x_wconf 77' lang='grc' dir='ltr'><strong>αἰτίαν</strong></span> <span class='ocrx_word' id='word_1_505' title='bbox 2445 3578 2508 3631; x_wconf 79' lang='grc' dir='ltr'><strong>τὸ</strong></span> <span class='ocrx_word' id='word_1_506' title='bbox 2561 3579 2862 3634; x_wconf 80' lang='grc' dir='ltr'><strong>σκάνδαλον</strong></span> <span class='ocrx_word' id='word_1_507' title='bbox 2895 3580 3006 3636; x_wconf 85' lang='grc' dir='ltr'><strong>τῶν</strong></span> <span class='ocrx_word' id='word_1_508' title='bbox 3031 3583 3220 3638; x_wconf 87' lang='grc' dir='ltr'><strong>παθῶν</strong></span> <span class='ocrx_word' id='word_1_509' title='bbox 3253 3581 3440 3647; x_wconf 83' lang='grc' dir='ltr'><strong>αὐτοῦ,</strong></span> <span class='ocrx_word' id='word_1_510' title='bbox 3470 3582 3578 3655; x_wconf 80' lang='grc' dir='ltr'><strong>πρὸ</strong></span> <span class='ocrx_word' id='word_1_511' title='bbox 3624 3600 3796 3655; x_wconf 83' lang='grc' dir='ltr'><strong>προσ-</strong></span> 
     </span>
    </p>
   </div>
   <div class='ocr_carea' id='block_1_71' title="bbox 518 3664 2106 3746">
    <p class='ocr_par' dir='ltr' id='par_1_71' title="bbox 518 3665 2105 3736">
     <span class='ocr_line' id='line_1_71' title="bbox 518 3665 2105 3736; baseline 0.001 -14"><span class='ocrx_word' id='word_1_512' title='bbox 518 3667 635 3722; x_wconf 89' lang='lat' dir='ltr'><strong>lum</strong></span> <span class='ocrx_word' id='word_1_513' title='bbox 673 3666 730 3722; x_wconf 91' lang='lat' dir='ltr'><strong>in</strong></span> <span class='ocrx_word' id='word_1_514' title='bbox 767 3665 968 3722; x_wconf 78' lang='lat' dir='ltr'><strong>faciem</strong></span> <span class='ocrx_word' id='word_1_515' title='bbox 1003 3667 1180 3734; x_wconf 84' lang='lat' dir='ltr'><strong>oculis</strong></span> <span class='ocrx_word' id='word_1_516' title='bbox 1215 3666 1463 3736; x_wconf 80' lang='lat' dir='ltr'><strong>omnium</strong></span> <span class='ocrx_word' id='word_1_517' title='bbox 1500 3666 1816 3736; x_wconf 88' lang='lat' dir='ltr'><strong>proposuit,</strong></span> <span class='ocrx_word' id='word_1_518' title='bbox 1849 3677 1911 3723; x_wconf 91' lang='lat' dir='ltr'><strong>ut</strong></span> <span class='ocrx_word' id='word_1_519' title='bbox 1943 3683 2105 3724; x_wconf 87' lang='lat' dir='ltr'><strong>scan-</strong></span> 
     </span>
    </p>
   </div>
   <div class='ocr_carea' id='block_1_72' title="bbox 2207 3664 3798 3746">
    <p class='ocr_par' dir='ltr' id='par_1_72' title="bbox 2211 3664 3798 3746">
     <span class='ocr_line' id='line_1_72' title="bbox 2211 3664 3798 3746; baseline 0.004 -25"><span class='ocrx_word' id='word_1_520' title='bbox 2211 3664 2365 3721; x_wconf 81' lang='grc' dir='ltr'>ὡπου</span> <span class='ocrx_word' id='word_1_521' title='bbox 2398 3667 2616 3733; x_wconf 77' lang='grc' dir='ltr'><strong>πάντων</strong></span> <span class='ocrx_word' id='word_1_522' title='bbox 2647 3669 3005 3742; x_wconf 77' lang='grc' dir='ltr'><strong>προτέθεικεν</strong></span> <span class='ocrx_word' id='word_1_523' title='bbox 3037 3671 3528 3740; x_wconf 74' lang='grc' dir='ltr'><strong>σκανδαλίζεσθαις</strong></span> <span class='ocrx_word' id='word_1_524' title='bbox 3571 3675 3692 3738; x_wconf 65' lang='grc' dir='ltr'><strong>Οὐκ</strong></span> <span class='ocrx_word' id='word_1_525' title='bbox 3724 3669 3798 3746; x_wconf 75' lang='grc' dir='ltr'><strong>ἦν</strong></span> 
     </span>
    </p>
   </div>
   <div class='ocr_carea' id='block_1_73' title="bbox 518 3757 2106 3843">
    <p class='ocr_par' dir='ltr' id='par_1_73' title="bbox 518 3759 2106 3822">
     <span class='ocr_line' id='line_1_73' title="bbox 518 3759 2106 3822; baseline 0.003 -10"><span class='ocrx_word' id='word_1_526' title='bbox 518 3761 645 3815; x_wconf 87' lang='lat' dir='ltr'><strong>dalo</strong></span> <span class='ocrx_word' id='word_1_527' title='bbox 674 3768 730 3816; x_wconf 88' lang='lat' dir='ltr'><strong>et</strong></span> <span class='ocrx_word' id='word_1_528' title='bbox 757 3761 1052 3817; x_wconf 78' lang='lat' dir='ltr'><strong>oﬂ&#39;ensioni</strong></span> <span class='ocrx_word' id='word_1_529' title='bbox 1082 3760 1300 3816; x_wconf 87' lang='lat' dir='ltr'><strong>essent?</strong></span> <span class='ocrx_word' id='word_1_530' title='bbox 1327 3759 1447 3815; x_wconf 84' lang='lat' dir='ltr'><strong>Non</strong></span> <span class='ocrx_word' id='word_1_531' title='bbox 1479 3769 1601 3814; x_wconf 85' lang='lat' dir='ltr'><strong>erat</strong></span> <span class='ocrx_word' id='word_1_532' title='bbox 1629 3761 1742 3815; x_wconf 92' lang='lat' dir='ltr'><strong>Deo</strong></span> <span class='ocrx_word' id='word_1_533' title='bbox 1771 3762 2106 3822; x_wconf 45' lang='lat' dir='ltr'><strong>conveniens</strong></span> 
     </span>
    </p>
   </div>
   <div class='ocr_carea' id='block_1_74' title="bbox 2207 3757 3928 3843">
    <p class='ocr_par' dir='ltr' id='par_1_74' title="bbox 2212 3757 3928 3843">
     <span class='ocr_line' id='line_1_74' title="bbox 2212 3757 3928 3843; baseline 0.004 -32"><span class='ocrx_word' id='word_1_534' title='bbox 2212 3757 2706 3831; x_wconf 83' lang='grc' dir='ltr'><strong>θεοπρεπέστερον,</strong></span> <span class='ocrx_word' id='word_1_535' title='bbox 2741 3760 2830 3815; x_wconf 78' lang='grc' dir='ltr'><strong>ἵνα</strong></span> <span class='ocrx_word' id='word_1_536' title='bbox 2882 3761 3050 3833; x_wconf 82' lang='grc' dir='ltr'><strong>μηδὲν</strong></span> <span class='ocrx_word' id='word_1_537' title='bbox 3095 3765 3153 3817; x_wconf 78' lang='grc' dir='ltr'><strong>ἑν</strong></span> <span class='ocrx_word' id='word_1_538' title='bbox 3212 3763 3402 3835; x_wconf 74' lang='grc' dir='ltr'><strong>μηδενὶ</strong></span> <span class='ocrx_word' id='word_1_539' title='bbox 3433 3764 3627 3836; x_wconf 72' lang='grc' dir='ltr'><strong>μηδεὶς</strong></span> <span class='ocrx_word' id='word_1_540' title='bbox 3659 3770 3928 3843; x_wconf 39' lang='lat' dir='ltr'><strong>upon“?</strong></span> 
     </span>
    </p>
   </div>
   <div class='ocr_carea' id='block_1_75' title="bbox 522 3852 2103 3917">
    <p class='ocr_par' dir='ltr' id='par_1_75' title="bbox 522 3852 2103 3917">
     <span class='ocr_line' id='line_1_75' title="bbox 522 3852 2103 3917; baseline 0.002 -11"><span class='ocrx_word' id='word_1_541' title='bbox 522 3853 662 3917; x_wconf 90' lang='lat' dir='ltr'><strong>tius,</strong></span> <span class='ocrx_word' id='word_1_542' title='bbox 701 3861 762 3906; x_wconf 93' lang='lat' dir='ltr'><strong>ut</strong></span> <span class='ocrx_word' id='word_1_543' title='bbox 809 3854 998 3908; x_wconf 90' lang='lat' dir='ltr'><strong>nullus</strong></span> <span class='ocrx_word' id='word_1_544' title='bbox 1043 3853 1270 3908; x_wconf 91' lang='lat' dir='ltr'><strong>omnino</strong></span> <span class='ocrx_word' id='word_1_545' title='bbox 1317 3852 1428 3907; x_wconf 86' lang='lat' dir='ltr'><strong>ulla</strong></span> <span class='ocrx_word' id='word_1_546' title='bbox 1475 3853 1531 3911; x_wconf 90' lang='lat' dir='ltr'><strong>in</strong></span> <span class='ocrx_word' id='word_1_547' title='bbox 1577 3869 1637 3908; x_wconf 88' lang='lat' dir='ltr'><strong>re</strong></span> <span class='ocrx_word' id='word_1_548' title='bbox 1681 3852 1737 3906; x_wconf 92' lang='lat' dir='ltr'><strong>in</strong></span> <span class='ocrx_word' id='word_1_549' title='bbox 1784 3853 2103 3909; x_wconf 88' lang='lat' dir='ltr'><strong>scandalum</strong></span> 
     </span>
    </p>
   </div>
   <div class='ocr_carea' id='block_1_76' title="bbox 519 3943 2106 4014">
    <p class='ocr_par' dir='ltr' id='par_1_76' title="bbox 519 3943 2106 4014">
     <span class='ocr_line' id='line_1_76' title="bbox 519 3943 2106 4014; baseline 0.003 -19"><span class='ocrx_word' id='word_1_550' title='bbox 519 3943 941 4012; x_wconf 86' lang='lat' dir='ltr'><strong>perpessionum</strong></span> <span class='ocrx_word' id='word_1_551' title='bbox 991 3945 1112 4014; x_wconf 90' lang='lat' dir='ltr'><strong>ejus</strong></span> <span class='ocrx_word' id='word_1_552' title='bbox 1163 3944 1529 4014; x_wconf 69' lang='lat' dir='ltr'><strong>impingeret,</strong></span> <span class='ocrx_word' id='word_1_553' title='bbox 1576 3943 1670 3998; x_wconf 86' lang='lat' dir='ltr'><strong>sed</strong></span> <span class='ocrx_word' id='word_1_554' title='bbox 1717 3959 1911 4000; x_wconf 87' lang='lat' dir='ltr'><strong>omnes</strong></span> <span class='ocrx_word' id='word_1_555' title='bbox 1956 3953 2106 4000; x_wconf 87' lang='lat' dir='ltr'><strong>recta</strong></span> 
     </span>
    </p>
   </div>
   <div class='ocr_carea' id='block_1_77' title="bbox 522 4032 2105 4108">
    <p class='ocr_par' dir='ltr' id='par_1_77' title="bbox 522 4032 2105 4108">
     <span class='ocr_line' id='line_1_77' title="bbox 522 4032 2105 4108; baseline 0.003 -22"><span class='ocrx_word' id='word_1_556' title='bbox 522 4033 608 4086; x_wconf 87' lang='lat' dir='ltr'><strong>via</strong></span> <span class='ocrx_word' id='word_1_557' title='bbox 657 4032 725 4085; x_wconf 86' lang='lat' dir='ltr'><strong>ad</strong></span> <span class='ocrx_word' id='word_1_558' title='bbox 773 4048 897 4088; x_wconf 91' lang='lat' dir='ltr'><strong>cum</strong></span> <span class='ocrx_word' id='word_1_559' title='bbox 942 4034 1275 4108; x_wconf 85' lang='lat' dir='ltr'><strong>accedentes</strong></span> <span class='ocrx_word' id='word_1_560' title='bbox 1321 4033 1487 4108; x_wconf 63' lang='lat'><strong>655</strong></span> <span class='ocrx_word' id='word_1_561' title='bbox 1530 4034 1823 4100; x_wconf 80' lang='lat' dir='ltr'><strong>crederent</strong></span> <span class='ocrx_word' id='word_1_562' title='bbox 1870 4045 1926 4090; x_wconf 89' lang='lat' dir='ltr'><strong>et</strong></span> <span class='ocrx_word' id='word_1_563' title='bbox 1969 4037 2105 4107; x_wconf 74' lang='lat' dir='ltr'><strong>salvi</strong></span> 
     </span>
    </p>
   </div>
   <div class='ocr_carea' id='block_1_78' title="bbox 521 4123 754 4179">
    <p class='ocr_par' dir='ltr' id='par_1_78' title="bbox 521 4123 754 4179">
     <span class='ocr_line' id='line_1_78' title="bbox 521 4123 754 4179; baseline -0.009 -1"><span class='ocrx_word' id='word_1_564' title='bbox 521 4123 754 4179; x_wconf 76' lang='lat' dir='ltr'><strong>ﬁerent?</strong></span> 
     </span>
    </p>
   </div>
   <div class='ocr_carea' id='block_1_79' title="bbox 596 4214 2107 4290">
    <p class='ocr_par' dir='ltr' id='par_1_79' title="bbox 596 4214 2107 4290">
     <span class='ocr_line' id='line_1_79' title="bbox 596 4214 2107 4290; baseline 0.005 -20"><span class='ocrx_word' id='word_1_565' title='bbox 596 4214 652 4270; x_wconf 92' lang='lat' dir='ltr'><strong>S.</strong></span> <span class='ocrx_word' id='word_1_566' title='bbox 666 4214 867 4271; x_wconf 78' lang='lat' dir='ltr'><strong>ARCH.</strong></span> <span class='ocrx_word' id='word_1_567' title='bbox 882 4216 1003 4271; x_wconf 75' lang='lat' dir='ltr'><strong>Non</strong></span> <span class='ocrx_word' id='word_1_568' title='bbox 1018 4217 1140 4275; x_wconf 82' lang='lat' dir='ltr'><strong>vult</strong></span> <span class='ocrx_word' id='word_1_569' title='bbox 1159 4219 1302 4275; x_wconf 86' lang='lat' dir='ltr'><strong>Deus</strong></span> <span class='ocrx_word' id='word_1_570' title='bbox 1319 4227 1545 4274; x_wconf 83' lang='lat' dir='ltr'><strong>sanctus</strong></span> <span class='ocrx_word' id='word_1_571' title='bbox 1560 4234 1741 4288; x_wconf 88' lang='lat' dir='ltr'><strong>neque</strong></span> <span class='ocrx_word' id='word_1_572' title='bbox 1764 4219 1868 4290; x_wconf 85' lang='lat' dir='ltr'><strong>ipsi</strong></span> <span class='ocrx_word' id='word_1_573' title='bbox 1885 4220 2107 4278; x_wconf 83' lang='lat' dir='ltr'><strong>diabolo</strong></span> 
     </span>
    </p>
   </div>
   <div class='ocr_carea' id='block_1_80' title="bbox 529 4307 2108 4384">
    <p class='ocr_par' dir='ltr' id='par_1_80' title="bbox 529 4307 2108 4384">
     <span class='ocr_line' id='line_1_80' title="bbox 529 4307 2108 4384; baseline 0.004 -22"><span class='ocrx_word' id='word_1_574' title='bbox 529 4307 790 4378; x_wconf 89' lang='lat' dir='ltr'><strong>injuriam</strong></span> <span class='ocrx_word' id='word_1_575' title='bbox 815 4307 1018 4375; x_wconf 79' lang='lat' dir='ltr'><strong>facere,</strong></span> <span class='ocrx_word' id='word_1_576' title='bbox 1045 4319 1142 4364; x_wconf 87' lang='lat' dir='ltr'><strong>aut</strong></span> <span class='ocrx_word' id='word_1_577' title='bbox 1172 4311 1286 4365; x_wconf 90' lang='lat' dir='ltr'><strong>ullo</strong></span> <span class='ocrx_word' id='word_1_578' title='bbox 1304 4311 1468 4364; x_wconf 86' lang='lat' dir='ltr'><strong>modo</strong></span> <span class='ocrx_word' id='word_1_579' title='bbox 1492 4312 1679 4381; x_wconf 91' lang='lat' dir='ltr'><strong>inique</strong></span> <span class='ocrx_word' id='word_1_580' title='bbox 1699 4327 1861 4383; x_wconf 74' lang='lat' dir='ltr'><strong>agere</strong></span> <span class='ocrx_word' id='word_1_581' title='bbox 1887 4330 1901 4366; x_wconf 89' lang='lat'><strong>:</strong></span> <span class='ocrx_word' id='word_1_582' title='bbox 1932 4329 2108 4384; x_wconf 89' lang='lat' dir='ltr'><strong>usque</strong></span> 
     </span>
    </p>
   </div>
   <div class='ocr_carea' id='block_1_81' title="bbox 418 4399 2110 4478">
    <p class='ocr_par' dir='ltr' id='par_1_81' title="bbox 418 4399 2110 4478">
     <span class='ocr_line' id='line_1_81' title="bbox 418 4399 2110 4478; baseline 0.004 -23"><span class='ocrx_word' id='word_1_583' title='bbox 418 4459 422 4465; x_wconf 58' lang='grc'><strong>,</strong></span> <span class='ocrx_word' id='word_1_584' title='bbox 523 4399 665 4456; x_wconf 89' lang='lat' dir='ltr'><strong>adeo</strong></span> <span class='ocrx_word' id='word_1_585' title='bbox 682 4401 952 4470; x_wconf 78' lang='lat' dir='ltr'><strong>exquisita</strong></span> <span class='ocrx_word' id='word_1_586' title='bbox 970 4413 1025 4455; x_wconf 89' lang='lat' dir='ltr'><strong>et</strong></span> <span class='ocrx_word' id='word_1_587' title='bbox 1045 4403 1515 4474; x_wconf 78' lang='lat' dir='ltr'><strong>perfectajustitia</strong></span> <span class='ocrx_word' id='word_1_588' title='bbox 1536 4404 1797 4475; x_wconf 67' lang='lat' dir='ltr'><strong>prteditus</strong></span> <span class='ocrx_word' id='word_1_589' title='bbox 1812 4416 1916 4461; x_wconf 91' lang='lat' dir='ltr'><strong>est.</strong></span> <span class='ocrx_word' id='word_1_590' title='bbox 1936 4406 2110 4478; x_wconf 82' lang='lat' dir='ltr'><strong>Hujus</strong></span> 
     </span>
    </p>
   </div>
   <div class='ocr_carea' id='block_1_82' title="bbox 523 4494 2109 4571">
    <p class='ocr_par' dir='ltr' id='par_1_82' title="bbox 523 4494 2109 4571">
     <span class='ocr_line' id='line_1_82' title="bbox 523 4494 2109 4571; baseline 0.005 -23"><span class='ocrx_word' id='word_1_591' title='bbox 523 4508 692 4548; x_wconf 85' lang='lat' dir='ltr'><strong>causa</strong></span> <span class='ocrx_word' id='word_1_592' title='bbox 720 4494 908 4548; x_wconf 80' lang='lat' dir='ltr'><strong>beatos</strong></span> <span class='ocrx_word' id='word_1_593' title='bbox 937 4494 1119 4560; x_wconf 86' lang='lat' dir='ltr'><strong>reddit</strong></span> <span class='ocrx_word' id='word_1_594' title='bbox 1140 4505 1199 4550; x_wconf 84' lang='lat' dir='ltr'><strong>et</strong></span> <span class='ocrx_word' id='word_1_595' title='bbox 1221 4496 1526 4552; x_wconf 79' lang='lat' dir='ltr'><strong>sanctiﬁcat</strong></span> <span class='ocrx_word' id='word_1_596' title='bbox 1552 4513 1669 4560; x_wconf 87' lang='lat' dir='ltr'><strong>eos,</strong></span> <span class='ocrx_word' id='word_1_597' title='bbox 1691 4499 1786 4571; x_wconf 73' lang='lat' dir='ltr'><strong>qui</strong></span> <span class='ocrx_word' id='word_1_598' title='bbox 1817 4499 1875 4554; x_wconf 92' lang='lat' dir='ltr'><strong>in</strong></span> <span class='ocrx_word' id='word_1_599' title='bbox 1893 4500 2109 4571; x_wconf 88' lang='lat' dir='ltr'><strong>justitia</strong></span> 
     </span>
    </p>
   </div>
   <div class='ocr_carea' id='block_1_83' title="bbox 2216 3850 3796 3928">
    <p class='ocr_par' dir='ltr' id='par_1_83' title="bbox 2216 3850 3796 3928">
     <span class='ocr_line' id='line_1_83' title="bbox 2216 3850 3796 3928; baseline 0.003 -23"><span class='ocrx_word' id='word_1_600' title='bbox 2216 3850 2418 3914; x_wconf 77' lang='grc' dir='ltr'><strong>έκοπτε</strong></span> <span class='ocrx_word' id='word_1_601' title='bbox 2463 3854 2540 3922; x_wconf 81' lang='grc' dir='ltr'><strong>τῷ</strong></span> <span class='ocrx_word' id='word_1_602' title='bbox 2582 3853 2866 3925; x_wconf 82' lang='grc' dir='ltr'><strong>σκανδᾴλῳ</strong></span> <span class='ocrx_word' id='word_1_603' title='bbox 2919 3854 3026 3909; x_wconf 86' lang='grc' dir='ltr'><strong>τῶν</strong></span> <span class='ocrx_word' id='word_1_604' title='bbox 3064 3853 3408 3928; x_wconf 35' lang='grc' dir='ltr'><strong>παθημάτων,</strong></span> <span class='ocrx_word' id='word_1_605' title='bbox 3436 3855 3623 3918; x_wconf 77' lang='grc' dir='ltr'><strong>αὐτοῦ,</strong></span> <span class='ocrx_word' id='word_1_606' title='bbox 3656 3855 3796 3910; x_wconf 63' lang='grc' dir='ltr'><strong>ἀλλὰ</strong></span> 
     </span>
    </p>
   </div>
   <div class='ocr_carea' id='block_1_84' title="bbox 2213 3945 3796 4034">
    <p class='ocr_par' dir='ltr' id='par_1_84' title="bbox 2213 3945 3796 4034">
     <span class='ocr_line' id='line_1_84' title="bbox 2213 3945 3796 4034; baseline 0.004 -37"><span class='ocrx_word' id='word_1_607' title='bbox 2213 3946 2417 4012; x_wconf 67' lang='grc' dir='ltr'><strong>πάντες</strong></span> <span class='ocrx_word' id='word_1_608' title='bbox 2457 3946 2544 4000; x_wconf 80' lang='grc' dir='ltr'><strong>ἐπ’</strong></span> <span class='ocrx_word' id='word_1_609' title='bbox 2591 3945 2810 4011; x_wconf 79' lang='grc' dir='ltr'><strong>εὐθείας</strong></span> <span class='ocrx_word' id='word_1_610' title='bbox 2853 3949 3286 4019; x_wconf 75' lang='grc' dir='ltr'><strong>προσερχόμενοι</strong></span> <span class='ocrx_word' id='word_1_611' title='bbox 3311 3989 3328 4016; x_wconf 89' lang='grc'><strong>,</strong></span> <span class='ocrx_word' id='word_1_612' title='bbox 3365 3947 3654 4034; x_wconf 72' lang='grc' dir='ltr'><strong>ἐπίστευον</strong></span> <span class='ocrx_word' id='word_1_613' title='bbox 3698 3950 3796 4014; x_wconf 77' lang='grc' dir='ltr'><strong>καὶ</strong></span> 
     </span>
    </p>
   </div>
   <div class='ocr_carea' id='block_1_85' title="bbox 2214 4035 2527 4106">
    <p class='ocr_par' dir='ltr' id='par_1_85' title="bbox 2214 4035 2527 4106">
     <span class='ocr_line' id='line_1_85' title="bbox 2214 4035 2527 4106; baseline 0.013 -17"><span class='ocrx_word' id='word_1_614' title='bbox 2214 4035 2485 4102; x_wconf 78' lang='grc' dir='ltr'><strong>ἐσώζοντο</strong></span> <span class='ocrx_word' id='word_1_615' title='bbox 2511 4055 2527 4106; x_wconf 89' lang='lat'><strong>;</strong></span> 
     </span>
    </p>
   </div>
   <div class='ocr_carea' id='block_1_86' title="bbox 2284 4223 3802 4297">
    <p class='ocr_par' dir='ltr' id='par_1_86' title="bbox 2284 4223 3802 4297">
     <span class='ocr_line' id='line_1_86' title="bbox 2284 4223 3802 4297; baseline -0.001 -17"><span class='ocrx_word' id='word_1_616' title='bbox 2284 4225 2396 4280; x_wconf 81' lang='lat' dir='ltr'><strong>Kal</strong></span> <span class='ocrx_word' id='word_1_617' title='bbox 2423 4225 2465 4279; x_wconf 85' lang='lat'><strong>0</strong></span> <span class='ocrx_word' id='word_1_618' title='bbox 2499 4225 2717 4279; x_wconf 80' lang='grc' dir='ltr'><strong>ΑΙἸΟΣ.</strong></span> <span class='ocrx_word' id='word_1_619' title='bbox 2753 4225 2828 4279; x_wconf 85' lang='grc' dir='ltr'><strong>υύ</strong></span> <span class='ocrx_word' id='word_1_620' title='bbox 2859 4224 3109 4296; x_wconf 82' lang='grc' dir='ltr'><strong>βούλεται</strong></span> <span class='ocrx_word' id='word_1_621' title='bbox 3127 4228 3157 4281; x_wconf 84' lang='grc' dir='ltr'>ὁ</span> <span class='ocrx_word' id='word_1_622' title='bbox 3179 4225 3313 4290; x_wconf 80' lang='grc' dir='ltr'><strong>Θεὸς</strong></span> <span class='ocrx_word' id='word_1_623' title='bbox 3337 4228 3367 4282; x_wconf 88' lang='grc' dir='ltr'><strong>ό</strong></span> <span class='ocrx_word' id='word_1_624' title='bbox 3390 4227 3545 4297; x_wconf 76' lang='grc' dir='ltr'><strong>ἅγιος</strong></span> <span class='ocrx_word' id='word_1_625' title='bbox 3566 4223 3690 4281; x_wconf 71' lang='grc' dir='ltr'><strong>οὐδὲ</strong></span> <span class='ocrx_word' id='word_1_626' title='bbox 3714 4226 3802 4291; x_wconf 65' lang='grc' dir='ltr'><strong>είςΔ</strong></span> 
     </span>
    </p>
   </div>
   <div class='ocr_carea' id='block_1_87' title="bbox 2215 4314 3802 4388">
    <p class='ocr_par' dir='ltr' id='par_1_87' title="bbox 2215 4314 3802 4388">
     <span class='ocr_line' id='line_1_87' title="bbox 2215 4314 3802 4388; baseline 0 -18"><span class='ocrx_word' id='word_1_627' title='bbox 2215 4316 2378 4370; x_wconf 73' lang='grc' dir='ltr'><strong>αὐτὸν</strong></span> <span class='ocrx_word' id='word_1_628' title='bbox 2437 4316 2529 4371; x_wconf 84' lang='grc' dir='ltr'><strong>τδν</strong></span> <span class='ocrx_word' id='word_1_629' title='bbox 2576 4315 2824 4371; x_wconf 70' lang='grc' dir='ltr'><strong>διάϐολον</strong></span> <span class='ocrx_word' id='word_1_630' title='bbox 2872 4317 3088 4372; x_wconf 79' lang='grc' dir='ltr'><strong>ἀδικίαν</strong></span> <span class='ocrx_word' id='word_1_631' title='bbox 3124 4317 3485 4388; x_wconf 75' lang='grc' dir='ltr'><strong>ἐργάσασθαι,</strong></span> <span class='ocrx_word' id='word_1_632' title='bbox 3519 4314 3802 4386; x_wconf 77' lang='grc' dir='ltr'><strong>τοσαύτην</strong></span> 
     </span>
    </p>
   </div>
   <div class='ocr_carea' id='block_1_88' title="bbox 2214 4406 3794 4481">
    <p class='ocr_par' dir='ltr' id='par_1_88' title="bbox 2214 4406 3794 4481">
     <span class='ocr_line' id='line_1_88' title="bbox 2214 4406 3794 4481; baseline -0.001 -20"><span class='ocrx_word' id='word_1_633' title='bbox 2214 4407 2505 4481; x_wconf 76' lang='grc' dir='ltr'><strong>ᾲκρὶδειαν</strong></span> <span class='ocrx_word' id='word_1_634' title='bbox 2527 4406 2666 4479; x_wconf 72' lang='grc' dir='ltr'><strong>ἔχων</strong></span> <span class='ocrx_word' id='word_1_635' title='bbox 2689 4409 2818 4480; x_wconf 77' lang='grc' dir='ltr'><strong>περὶ</strong></span> <span class='ocrx_word' id='word_1_636' title='bbox 2841 4408 3213 4480; x_wconf 80' lang='grc' dir='ltr'><strong>δικαιοσύνης.</strong></span> <span class='ocrx_word' id='word_1_637' title='bbox 3246 4408 3356 4463; x_wconf 84' lang='lat' dir='ltr'><strong>Kal</strong></span> <span class='ocrx_word' id='word_1_638' title='bbox 3381 4408 3570 4462; x_wconf 74' lang='grc' dir='ltr'><strong>ἕνεκεν</strong></span> <span class='ocrx_word' id='word_1_639' title='bbox 3598 4406 3794 4473; x_wconf 68' lang='grc' dir='ltr'><strong>τούτου</strong></span> 
     </span>
    </p>
   </div>
   <div class='ocr_carea' id='block_1_89' title="bbox 2219 4499 3798 4573">
    <p class='ocr_par' dir='ltr' id='par_1_89' title="bbox 2219 4499 3798 4573">
     <span class='ocr_line' id='line_1_89' title="bbox 2219 4499 3798 4573; baseline -0.001 -19"><span class='ocrx_word' id='word_1_640' title='bbox 2219 4500 2516 4573; x_wconf 76' lang='grc' dir='ltr'><strong>μακαρίζει</strong></span> <span class='ocrx_word' id='word_1_641' title='bbox 2545 4500 2640 4567; x_wconf 67' lang='grc' dir='ltr'><strong>καὶ</strong></span> <span class='ocrx_word' id='word_1_642' title='bbox 2663 4501 2883 4570; x_wconf 77' lang='grc' dir='ltr'><strong>ἁγιάζει</strong></span> <span class='ocrx_word' id='word_1_643' title='bbox 2917 4502 3045 4565; x_wconf 79' lang='grc' dir='ltr'><strong>τοὺς</strong></span> <span class='ocrx_word' id='word_1_644' title='bbox 3081 4502 3139 4554; x_wconf 83' lang='grc' dir='ltr'><strong>ὲν</strong></span> <span class='ocrx_word' id='word_1_645' title='bbox 3170 4499 3489 4572; x_wconf 71' lang='grc' dir='ltr'><strong>δικαιοσύνῃ</strong></span> <span class='ocrx_word' id='word_1_646' title='bbox 3515 4500 3611 4554; x_wconf 71' lang='grc' dir='ltr'><strong>καὶ</strong></span> <span class='ocrx_word' id='word_1_647' title='bbox 3635 4501 3798 4568; x_wconf 76' lang='grc' dir='ltr'><strong>ἁγιασ-</strong></span> 
     </span>
    </p>
   </div>
   <div class='ocr_carea' id='block_1_90' title="bbox 520 4565 2106 4667">
    <p class='ocr_par' dir='ltr' id='par_1_90' title="bbox 520 4565 2106 4659">
     <span class='ocr_line' id='line_1_90' title="bbox 520 4565 2106 4659; baseline 0.006 -20"><span class='ocrx_word' id='word_1_648' title='bbox 520 4593 580 4639; x_wconf 83' lang='lat' dir='ltr'><strong>et</strong></span> <span class='ocrx_word' id='word_1_649' title='bbox 620 4585 912 4642; x_wconf 89' lang='lat' dir='ltr'><strong>sanctitate</strong></span> <span class='ocrx_word' id='word_1_650' title='bbox 951 4596 1306 4656; x_wconf 79' lang='lat' dir='ltr'><strong>percurrunt.</strong></span> <span class='ocrx_word' id='word_1_651' title='bbox 1345 4589 1480 4653; x_wconf 86' lang='lat' dir='ltr'><strong>Nam</strong></span> <span class='ocrx_word' id='word_1_652' title='bbox 1518 4589 1588 4644; x_wconf 92' lang='lat' dir='ltr'><strong>ab</strong></span> <span class='ocrx_word' id='word_1_653' title='bbox 1631 4565 1793 4645; x_wconf 59' lang='lat' dir='ltr'><strong>initio</strong></span> <span class='ocrx_word' id='word_1_654' title='bbox 1828 4565 2106 4659; x_wconf 73' lang='lat' dir='ltr'><strong>hominem</strong></span> 
     </span>
    </p>
   </div>
   <div class='ocr_carea' id='block_1_91' title="bbox 2207 4565 3796 4667">
    <p class='ocr_par' dir='ltr' id='par_1_91' title="bbox 2216 4565 3796 4667">
     <span class='ocr_line' id='line_1_91' title="bbox 2216 4565 3796 4667; baseline 0 -19"><span class='ocrx_word' id='word_1_655' title='bbox 2216 4565 2339 4666; x_wconf 76' lang='grc' dir='ltr'><strong>σμῷ</strong></span> <span class='ocrx_word' id='word_1_656' title='bbox 2378 4565 2850 4666; x_wconf 62' lang='grc' dir='ltr'><strong>προστρέχοντας.</strong></span> <span class='ocrx_word' id='word_1_657' title='bbox 2897 4594 3018 4655; x_wconf 78' lang='grc' dir='ltr'><strong>Ἀπ’</strong></span> <span class='ocrx_word' id='word_1_658' title='bbox 3061 4595 3238 4666; x_wconf 83' lang='grc' dir='ltr'><strong>ἀρχῆς</strong></span> <span class='ocrx_word' id='word_1_659' title='bbox 3295 4593 3404 4667; x_wconf 81' lang='grc' dir='ltr'><strong>γὰρ</strong></span> <span class='ocrx_word' id='word_1_660' title='bbox 3447 4565 3796 4660; x_wconf 58' lang='grc' dir='ltr'><strong>αὐτεξούσιον</strong></span> 
     </span>
    </p>
   </div>
   <div class='ocr_carea' id='block_1_92' title="bbox 524 4676 2110 4751">
    <p class='ocr_par' dir='ltr' id='par_1_92' title="bbox 524 4676 2110 4751">
     <span class='ocr_line' id='line_1_92' title="bbox 524 4676 2110 4751; baseline 0.004 -20"><span class='ocrx_word' id='word_1_661' title='bbox 524 4676 613 4731; x_wconf 87' lang='lat' dir='ltr'><strong>sui</strong></span> <span class='ocrx_word' id='word_1_662' title='bbox 638 4677 782 4748; x_wconf 85' lang='lat' dir='ltr'><strong>juris</strong></span> <span class='ocrx_word' id='word_1_663' title='bbox 811 4686 868 4733; x_wconf 91' lang='lat' dir='ltr'><strong>et</strong></span> <span class='ocrx_word' id='word_1_664' title='bbox 893 4679 1108 4734; x_wconf 88' lang='lat' dir='ltr'><strong>arbitrii</strong></span> <span class='ocrx_word' id='word_1_665' title='bbox 1139 4679 1398 4734; x_wconf 84' lang='lat' dir='ltr'><strong>formavit</strong></span> <span class='ocrx_word' id='word_1_666' title='bbox 1431 4697 1443 4733; x_wconf 91' lang='lat'><strong>:</strong></span> <span class='ocrx_word' id='word_1_667' title='bbox 1473 4689 1530 4735; x_wconf 90' lang='lat' dir='ltr'><strong>et</strong></span> <span class='ocrx_word' id='word_1_668' title='bbox 1553 4681 1764 4735; x_wconf 85' lang='lat' dir='ltr'><strong>mavult</strong></span> <span class='ocrx_word' id='word_1_669' title='bbox 1789 4696 1891 4735; x_wconf 89' lang='lat' dir='ltr'><strong>nos</strong></span> <span class='ocrx_word' id='word_1_670' title='bbox 1916 4683 2110 4751; x_wconf 83' lang='lat' dir='ltr'><strong>volun-</strong></span> 
     </span>
    </p>
   </div>
   <div class='ocr_carea' id='block_1_93' title="bbox 527 4769 2111 4843">
    <p class='ocr_par' dir='ltr' id='par_1_93' title="bbox 527 4769 2111 4843">
     <span class='ocr_line' id='line_1_93' title="bbox 527 4769 2111 4843; baseline 0.006 -21"><span class='ocrx_word' id='word_1_671' title='bbox 527 4777 639 4824; x_wconf 83' lang='lat' dir='ltr'><strong>tate</strong></span> <span class='ocrx_word' id='word_1_672' title='bbox 690 4769 833 4824; x_wconf 88' lang='lat' dir='ltr'><strong>bona</strong></span> <span class='ocrx_word' id='word_1_673' title='bbox 879 4779 936 4826; x_wconf 87' lang='lat' dir='ltr'><strong>et</strong></span> <span class='ocrx_word' id='word_1_674' title='bbox 979 4771 1214 4826; x_wconf 89' lang='lat' dir='ltr'><strong>consilio</strong></span> <span class='ocrx_word' id='word_1_675' title='bbox 1255 4771 1360 4826; x_wconf 89' lang='lat' dir='ltr'><strong>sibi</strong></span> <span class='ocrx_word' id='word_1_676' title='bbox 1407 4771 1638 4843; x_wconf 86' lang='lat' dir='ltr'><strong>subjici,</strong></span> <span class='ocrx_word' id='word_1_677' title='bbox 1672 4781 1729 4828; x_wconf 88' lang='lat' dir='ltr'><strong>et</strong></span> <span class='ocrx_word' id='word_1_678' title='bbox 1769 4773 1998 4842; x_wconf 84' lang='lat' dir='ltr'><strong>obedire</strong></span> <span class='ocrx_word' id='word_1_679' title='bbox 2042 4777 2111 4834; x_wconf 91' lang='lat' dir='ltr'><strong>ad</strong></span> 
     </span>
    </p>
   </div>
   <div class='ocr_carea' id='block_1_94' title="bbox 524 4863 2114 4940">
    <p class='ocr_par' dir='ltr' id='par_1_94' title="bbox 524 4863 2114 4940">
     <span class='ocr_line' id='line_1_94' title="bbox 524 4863 2114 4940; baseline 0.008 -28"><span class='ocrx_word' id='word_1_680' title='bbox 524 4863 712 4917; x_wconf 85' lang='lat' dir='ltr'><strong>omnia</strong></span> <span class='ocrx_word' id='word_1_681' title='bbox 743 4864 943 4933; x_wconf 86' lang='lat' dir='ltr'><strong>placita</strong></span> <span class='ocrx_word' id='word_1_682' title='bbox 975 4874 1030 4919; x_wconf 90' lang='lat' dir='ltr'><strong>et</strong></span> <span class='ocrx_word' id='word_1_683' title='bbox 1059 4864 1347 4929; x_wconf 84' lang='lat' dir='ltr'><strong>mandata,</strong></span> <span class='ocrx_word' id='word_1_684' title='bbox 1375 4881 1540 4935; x_wconf 91' lang='lat' dir='ltr'><strong>quam</strong></span> <span class='ocrx_word' id='word_1_685' title='bbox 1571 4865 1816 4921; x_wconf 88' lang='lat' dir='ltr'><strong>violento</strong></span> <span class='ocrx_word' id='word_1_686' title='bbox 1845 4877 1912 4932; x_wconf 54' lang='lat' dir='ltr'><strong>et,</strong></span> <span class='ocrx_word' id='word_1_687' title='bbox 1931 4879 2114 4940; x_wconf 81' lang='lat' dir='ltr'><strong>tyran-</strong></span> 
     </span>
    </p>
   </div>
   <div class='ocr_carea' id='block_1_95' title="bbox 2217 4686 3798 4758">
    <p class='ocr_par' dir='ltr' id='par_1_95' title="bbox 2217 4686 3798 4758">
     <span class='ocr_line' id='line_1_95' title="bbox 2217 4686 3798 4758; baseline -0.002 -16"><span class='ocrx_word' id='word_1_688' title='bbox 2217 4687 2457 4742; x_wconf 75' lang='grc' dir='ltr'><strong>ἐπλασεν.</strong></span> <span class='ocrx_word' id='word_1_689' title='bbox 2497 4687 2528 4751; x_wconf 75' lang='grc' dir='ltr'><strong>δ</strong></span> <span class='ocrx_word' id='word_1_690' title='bbox 2561 4686 2695 4751; x_wconf 81' lang='grc' dir='ltr'><strong>Θεὸς</strong></span> <span class='ocrx_word' id='word_1_691' title='bbox 2744 4687 2836 4740; x_wconf 80' lang='grc' dir='ltr'><strong>τὸν</strong></span> <span class='ocrx_word' id='word_1_692' title='bbox 2885 4686 3198 4758; x_wconf 80' lang='grc' dir='ltr'><strong>ἄνθρωπον,</strong></span> <span class='ocrx_word' id='word_1_693' title='bbox 3252 4688 3348 4741; x_wconf 78' lang='grc' dir='ltr'><strong>καὶ</strong></span> <span class='ocrx_word' id='word_1_694' title='bbox 3406 4687 3597 4756; x_wconf 74' lang='grc' dir='ltr'><strong>ἀγαπᾷ</strong></span> <span class='ocrx_word' id='word_1_695' title='bbox 3652 4686 3798 4748; x_wconf 66' lang='grc' dir='ltr'><strong>κατὰ</strong></span> 
     </span>
    </p>
   </div>
   <div class='ocr_carea' id='block_1_96' title="bbox 2217 4777 3797 4850">
    <p class='ocr_par' dir='ltr' id='par_1_96' title="bbox 2217 4777 3797 4850">
     <span class='ocr_line' id='line_1_96' title="bbox 2217 4777 3797 4850; baseline -0.001 -17"><span class='ocrx_word' id='word_1_696' title='bbox 2217 4779 2539 4850; x_wconf 83' lang='grc' dir='ltr'><strong>προαίρεσιν</strong></span> <span class='ocrx_word' id='word_1_697' title='bbox 2596 4777 2812 4850; x_wconf 74' lang='grc' dir='ltr'><strong>ἀγαθὴν</strong></span> <span class='ocrx_word' id='word_1_698' title='bbox 2882 4779 3084 4849; x_wconf 78' lang='grc' dir='ltr'><strong>μᾶλλον</strong></span> <span class='ocrx_word' id='word_1_699' title='bbox 3129 4778 3378 4832; x_wconf 80' lang='grc' dir='ltr'><strong>ὑπείκειν</strong></span> <span class='ocrx_word' id='word_1_700' title='bbox 3441 4780 3592 4850; x_wconf 75' lang='grc' dir='ltr'><strong>ἡμᾶς</strong></span> <span class='ocrx_word' id='word_1_701' title='bbox 3646 4777 3797 4848; x_wconf 80' lang='grc' dir='ltr'><strong>αὐτῷ</strong></span> 
     </span>
    </p>
   </div>
   <div class='ocr_carea' id='block_1_97' title="bbox 2218 4869 3799 4943">
    <p class='ocr_par' dir='ltr' id='par_1_97' title="bbox 2218 4869 3799 4943">
     <span class='ocr_line' id='line_1_97' title="bbox 2218 4869 3799 4943; baseline -0.001 -17"><span class='ocrx_word' id='word_1_702' title='bbox 2218 4873 2451 4935; x_wconf 83' lang='grc' dir='ltr'><strong>πάντοτε</strong></span> <span class='ocrx_word' id='word_1_703' title='bbox 2480 4872 2561 4937; x_wconf 81' lang='grc' dir='ltr'><strong>εἰς</strong></span> <span class='ocrx_word' id='word_1_704' title='bbox 2592 4873 2771 4939; x_wconf 75' lang='grc' dir='ltr'><strong>πάντα</strong></span> <span class='ocrx_word' id='word_1_705' title='bbox 2795 4872 2871 4926; x_wconf 71' lang='grc' dir='ltr'><strong>τὰ.</strong></span> <span class='ocrx_word' id='word_1_706' title='bbox 2889 4871 3177 4943; x_wconf 77' lang='grc' dir='ltr'><strong>θελήματα</strong></span> <span class='ocrx_word' id='word_1_707' title='bbox 3210 4870 3401 4934; x_wconf 79' lang='grc' dir='ltr'><strong>αὐτοῦ.</strong></span> <span class='ocrx_word' id='word_1_708' title='bbox 3440 4872 3536 4930; x_wconf 68' lang='grc' dir='ltr'><strong>καὶ</strong></span> <span class='ocrx_word' id='word_1_709' title='bbox 3561 4871 3622 4925; x_wconf 81' lang='grc' dir='ltr'><strong>οὗ</strong></span> <span class='ocrx_word' id='word_1_710' title='bbox 3654 4869 3799 4926; x_wconf 80' lang='grc' dir='ltr'><strong>κατά</strong></span> 
     </span>
    </p>
   </div>
   <div class='ocr_carea' id='block_1_98' title="bbox 524 4951 2106 5036">
    <p class='ocr_par' dir='ltr' id='par_1_98' title="bbox 524 4951 2106 5030">
     <span class='ocr_line' id='line_1_98' title="bbox 524 4951 2106 5030; baseline 0.007 -24"><span class='ocrx_word' id='word_1_711' title='bbox 524 4951 652 5009; x_wconf 89' lang='lat' dir='ltr'><strong>uico</strong></span> <span class='ocrx_word' id='word_1_712' title='bbox 692 4963 911 5010; x_wconf 86' lang='lat' dir='ltr'><strong>coactos</strong></span> <span class='ocrx_word' id='word_1_713' title='bbox 950 4954 1205 5024; x_wconf 90' lang='lat' dir='ltr'><strong>imperio.</strong></span> <span class='ocrx_word' id='word_1_714' title='bbox 1239 4955 1508 5022; x_wconf 87' lang='lat' dir='ltr'><strong>Quoniam</strong></span> <span class='ocrx_word' id='word_1_715' title='bbox 1549 4957 1718 5028; x_wconf 81' lang='lat' dir='ltr'><strong>igitur</strong></span> <span class='ocrx_word' id='word_1_716' title='bbox 1757 4973 1950 5017; x_wconf 87' lang='lat' dir='ltr'><strong>omnes</strong></span> <span class='ocrx_word' id='word_1_717' title='bbox 1987 4976 2106 5030; x_wconf 81' lang='lat' dir='ltr'><strong>pec—</strong></span> 
     </span>
    </p>
   </div>
   <div class='ocr_carea' id='block_1_99' title="bbox 2207 4951 3800 5036">
    <p class='ocr_par' dir='ltr' id='par_1_99' title="bbox 2216 4963 3800 5036">
     <span class='ocr_line' id='line_1_99' title="bbox 2216 4963 3800 5036; baseline -0.001 -18"><span class='ocrx_word' id='word_1_718' title='bbox 2216 4964 2531 5036; x_wconf 82' lang='grc' dir='ltr'><strong>τυραννὶδα.</strong></span> <span class='ocrx_word' id='word_1_719' title='bbox 2561 4963 2771 5019; x_wconf 83' lang='grc' dir='ltr'><strong>Οὐκοῦν</strong></span> <span class='ocrx_word' id='word_1_720' title='bbox 2819 4963 3020 5036; x_wconf 70' lang='grc' dir='ltr'><strong>ἐπειδὴ.</strong></span> <span class='ocrx_word' id='word_1_721' title='bbox 3069 4965 3275 5028; x_wconf 83' lang='grc' dir='ltr'><strong>πάντες</strong></span> <span class='ocrx_word' id='word_1_722' title='bbox 3318 4964 3668 5035; x_wconf 80' lang='grc' dir='ltr'><strong>ἡμάρτομεν,</strong></span> <span class='ocrx_word' id='word_1_723' title='bbox 3703 4963 3800 5018; x_wconf 71' lang='grc' dir='ltr'><strong>καὶ</strong></span> 
     </span>
    </p>
   </div>
   <div class='ocr_carea' id='block_1_100' title="bbox 525 5045 2109 5121">
    <p class='ocr_par' dir='ltr' id='par_1_100' title="bbox 525 5045 2109 5121">
     <span class='ocr_line' id='line_1_100' title="bbox 525 5045 2109 5121; baseline 0.005 -23"><span class='ocrx_word' id='word_1_724' title='bbox 525 5045 797 5111; x_wconf 86' lang='lat' dir='ltr'><strong>cavimus,</strong></span> <span class='ocrx_word' id='word_1_725' title='bbox 824 5055 881 5100; x_wconf 90' lang='lat' dir='ltr'><strong>et</strong></span> <span class='ocrx_word' id='word_1_726' title='bbox 903 5046 1178 5117; x_wconf 85' lang='lat' dir='ltr'><strong>judicium</strong></span> <span class='ocrx_word' id='word_1_727' title='bbox 1209 5047 1512 5102; x_wconf 69' lang='lat' dir='ltr'><strong>adveniens</strong></span> <span class='ocrx_word' id='word_1_728' title='bbox 1541 5049 1701 5104; x_wconf 91' lang='lat' dir='ltr'><strong>nobis</strong></span> <span class='ocrx_word' id='word_1_729' title='bbox 1735 5050 2109 5121; x_wconf 87' lang='lat' dir='ltr'><strong>impendebat,</strong></span> 
     </span>
    </p>
   </div>
   <div class='ocr_carea' id='block_1_101' title="bbox 526 5139 2112 5216">
    <p class='ocr_par' dir='ltr' id='par_1_101' title="bbox 526 5139 2112 5216">
     <span class='ocr_line' id='line_1_101' title="bbox 526 5139 2112 5216; baseline 0.007 -27"><span class='ocrx_word' id='word_1_730' title='bbox 526 5146 692 5205; x_wconf 88' lang='lat' dir='ltr'><strong>atque</strong></span> <span class='ocrx_word' id='word_1_731' title='bbox 736 5139 929 5193; x_wconf 80' lang='lat' dir='ltr'><strong>aeterni</strong></span> <span class='ocrx_word' id='word_1_732' title='bbox 972 5141 1230 5209; x_wconf 86' lang='lat' dir='ltr'><strong>supplicii</strong></span> <span class='ocrx_word' id='word_1_733' title='bbox 1279 5140 1602 5207; x_wconf 85' lang='lat' dir='ltr'><strong>retributio;</strong></span> <span class='ocrx_word' id='word_1_734' title='bbox 1642 5143 1837 5204; x_wconf 82' lang='lat' dir='ltr'><strong>volens</strong></span> <span class='ocrx_word' id='word_1_735' title='bbox 1881 5144 1972 5208; x_wconf 79' lang='lat' dir='ltr'><strong>ille</strong></span> <span class='ocrx_word' id='word_1_736' title='bbox 2017 5145 2112 5216; x_wconf 92' lang='lat' dir='ltr'><strong>qui</strong></span> 
     </span>
    </p>
   </div>
   <div class='ocr_carea' id='block_1_102' title="bbox 527 5227 2110 5308">
    <p class='ocr_par' dir='ltr' id='par_1_102' title="bbox 527 5227 2110 5308">
     <span class='ocr_line' id='line_1_102' title="bbox 527 5227 2110 5308; baseline 0.009 -27"><span class='ocrx_word' id='word_1_737' title='bbox 527 5227 879 5298; x_wconf 89' lang='lat' dir='ltr'><strong>superbonus</strong></span> <span class='ocrx_word' id='word_1_738' title='bbox 928 5239 1013 5285; x_wconf 91' lang='lat' dir='ltr'><strong>est</strong></span> <span class='ocrx_word' id='word_1_739' title='bbox 1057 5241 1114 5286; x_wconf 90' lang='lat' dir='ltr'><strong>et</strong></span> <span class='ocrx_word' id='word_1_740' title='bbox 1160 5233 1397 5289; x_wconf 91' lang='lat' dir='ltr'><strong>multum</strong></span> <span class='ocrx_word' id='word_1_741' title='bbox 1446 5235 1766 5292; x_wconf 88' lang='lat' dir='ltr'><strong>misericors</strong></span> <span class='ocrx_word' id='word_1_742' title='bbox 1818 5236 2110 5308; x_wconf 88' lang='lat' dir='ltr'><strong>Dominus,</strong></span> 
     </span>
    </p>
   </div>
   <div class='ocr_carea' id='block_1_103' title="bbox 528 5321 2113 5389">
    <p class='ocr_par' dir='ltr' id='par_1_103' title="bbox 528 5321 2113 5389">
     <span class='ocr_line' id='line_1_103' title="bbox 528 5321 2113 5389; baseline 0.008 -14"><span class='ocrx_word' id='word_1_743' title='bbox 528 5321 783 5376; x_wconf 87' lang='lat' dir='ltr'><strong>misereri</strong></span> <span class='ocrx_word' id='word_1_744' title='bbox 823 5331 881 5378; x_wconf 88' lang='lat' dir='ltr'><strong>et</strong></span> <span class='ocrx_word' id='word_1_745' title='bbox 919 5337 1144 5379; x_wconf 77' lang='lat' dir='ltr'><strong>servare</strong></span> <span class='ocrx_word' id='word_1_746' title='bbox 1187 5335 1494 5381; x_wconf 87' lang='lat' dir='ltr'><strong>creaturam</strong></span> <span class='ocrx_word' id='word_1_747' title='bbox 1540 5342 1696 5384; x_wconf 88' lang='lat' dir='ltr'><strong>suam</strong></span> <span class='ocrx_word' id='word_1_748' title='bbox 1739 5347 1753 5384; x_wconf 88' lang='lat'><strong>:</strong></span> <span class='ocrx_word' id='word_1_749' title='bbox 1790 5345 1917 5385; x_wconf 91' lang='lat' dir='ltr'><strong>cum</strong></span> <span class='ocrx_word' id='word_1_750' title='bbox 1963 5331 2113 5389; x_wconf 86' lang='lat' dir='ltr'><strong>nulla</strong></span> 
     </span>
    </p>
   </div>
   <div class='ocr_carea' id='block_1_104' title="bbox 527 5415 2111 5486">
    <p class='ocr_par' dir='ltr' id='par_1_104' title="bbox 527 5415 2111 5486">
     <span class='ocr_line' id='line_1_104' title="bbox 527 5415 2111 5486; baseline 0.006 -19"><span class='ocrx_word' id='word_1_751' title='bbox 527 5422 678 5469; x_wconf 86' lang='lat' dir='ltr'><strong>esset</strong></span> <span class='ocrx_word' id='word_1_752' title='bbox 709 5415 812 5470; x_wconf 90' lang='lat' dir='ltr'><strong>alia</strong></span> <span class='ocrx_word' id='word_1_753' title='bbox 842 5416 993 5486; x_wconf 88' lang='lat' dir='ltr'><strong>justa</strong></span> <span class='ocrx_word' id='word_1_754' title='bbox 1023 5431 1217 5482; x_wconf 88' lang='lat' dir='ltr'><strong>causa,</strong></span> <span class='ocrx_word' id='word_1_755' title='bbox 1251 5421 1568 5476; x_wconf 79' lang='lat' dir='ltr'><strong>necessario</strong></span> <span class='ocrx_word' id='word_1_756' title='bbox 1603 5421 1745 5478; x_wconf 86' lang='lat' dir='ltr'><strong>hanc</strong></span> <span class='ocrx_word' id='word_1_757' title='bbox 1777 5422 1922 5478; x_wconf 92' lang='lat' dir='ltr'><strong>bona</strong></span> <span class='ocrx_word' id='word_1_758' title='bbox 1957 5441 2111 5480; x_wconf 49' lang='lat' dir='ltr'><strong>come</strong></span> 
     </span>
    </p>
   </div>
   <div class='ocr_carea' id='block_1_105' title="bbox 530 5508 2114 5584">
    <p class='ocr_par' dir='ltr' id='par_1_105' title="bbox 530 5508 2114 5584">
     <span class='ocr_line' id='line_1_105' title="bbox 530 5508 2114 5584; baseline 0.006 -22"><span class='ocrx_word' id='word_1_759' title='bbox 530 5508 888 5565; x_wconf 85' lang='lat' dir='ltr'><strong>miseratione</strong></span> <span class='ocrx_word' id='word_1_760' title='bbox 931 5511 1283 5580; x_wconf 77' lang='lat' dir='ltr'><strong>excogitavit.</strong></span> <span class='ocrx_word' id='word_1_761' title='bbox 1321 5512 1390 5566; x_wconf 86' lang='lat' dir='ltr'><strong>Et</strong></span> <span class='ocrx_word' id='word_1_762' title='bbox 1435 5513 1903 5584; x_wconf 87' lang='lat' dir='ltr'><strong>quemadmodum</strong></span> <span class='ocrx_word' id='word_1_763' title='bbox 1949 5516 2114 5572; x_wconf 90' lang='lat' dir='ltr'><strong>latuit</strong></span> 
     </span>
    </p>
   </div>
   <div class='ocr_carea' id='block_1_106' title="bbox 532 5595 2113 5674">
    <p class='ocr_par' dir='ltr' id='par_1_106' title="bbox 532 5595 2113 5674">
     <span class='ocr_line' id='line_1_106' title="bbox 532 5595 2113 5674; baseline 0.006 -19"><span class='ocrx_word' id='word_1_764' title='bbox 532 5595 818 5657; x_wconf 83' lang='lat' dir='ltr'><strong>diabolum</strong></span> <span class='ocrx_word' id='word_1_765' title='bbox 851 5601 949 5672; x_wconf 90' lang='lat' dir='ltr'><strong>qui</strong></span> <span class='ocrx_word' id='word_1_766' title='bbox 987 5618 1113 5658; x_wconf 89' lang='lat' dir='ltr'><strong>eum</strong></span> <span class='ocrx_word' id='word_1_767' title='bbox 1151 5603 1382 5659; x_wconf 85' lang='lat' dir='ltr'><strong>adortus</strong></span> <span class='ocrx_word' id='word_1_768' title='bbox 1412 5613 1498 5660; x_wconf 88' lang='lat' dir='ltr'><strong>est</strong></span> <span class='ocrx_word' id='word_1_769' title='bbox 1531 5614 1593 5659; x_wconf 86' lang='lat' dir='ltr'><strong>ut</strong></span> <span class='ocrx_word' id='word_1_770' title='bbox 1624 5605 1936 5674; x_wconf 87' lang='lat' dir='ltr'><strong>hominem,</strong></span> <span class='ocrx_word' id='word_1_771' title='bbox 1967 5617 2026 5664; x_wconf 89' lang='lat' dir='ltr'><strong>et</strong></span> <span class='ocrx_word' id='word_1_772' title='bbox 2055 5608 2113 5664; x_wconf 89' lang='lat' dir='ltr'><strong>in</strong></span> 
     </span>
    </p>
   </div>
   <div class='ocr_carea' id='block_1_107' title="bbox 532 5694 2114 5774">
    <p class='ocr_par' dir='ltr' id='par_1_107' title="bbox 532 5694 2114 5774">
     <span class='ocr_line' id='line_1_107' title="bbox 532 5694 2114 5774; baseline 0.004 -22"><span class='ocrx_word' id='word_1_773' title='bbox 532 5709 656 5764; x_wconf 70' lang='lat' dir='ltr'><strong>ejus</strong></span> <span class='ocrx_word' id='word_1_774' title='bbox 685 5695 1030 5750; x_wconf 80' lang='lat' dir='ltr'><strong>divinitatem</strong></span> <span class='ocrx_word' id='word_1_775' title='bbox 1063 5694 1329 5764; x_wconf 87' lang='lat' dir='ltr'><strong>incurrit,</strong></span> <span class='ocrx_word' id='word_1_776' title='bbox 1355 5705 1412 5752; x_wconf 89' lang='lat' dir='ltr'><strong>et</strong></span> <span class='ocrx_word' id='word_1_777' title='bbox 1438 5697 1702 5754; x_wconf 81' lang='lat' dir='ltr'><strong>confusus</strong></span> <span class='ocrx_word' id='word_1_778' title='bbox 1728 5705 1815 5755; x_wconf 85' lang='lat' dir='ltr'><strong>est</strong></span> <span class='ocrx_word' id='word_1_779' title='bbox 1845 5717 1858 5755; x_wconf 91' lang='lat'><strong>:</strong></span> <span class='ocrx_word' id='word_1_780' title='bbox 1887 5700 1968 5757; x_wconf 88' lang='lat' dir='ltr'><strong>sic</strong></span> <span class='ocrx_word' id='word_1_781' title='bbox 1995 5702 2114 5774; x_wconf 87' lang='lat' dir='ltr'><strong>ejus</strong></span> 
     </span>
    </p>
   </div>
   <div class='ocr_carea' id='block_1_108' title="bbox 619 5875 1112 5942">
    <p class='ocr_par' dir='ltr' id='par_1_108' title="bbox 619 5875 1112 5942">
     <span class='ocr_line' id='line_1_108' title="bbox 619 5875 1112 5942; baseline -0.002 -10"><span class='ocrx_word' id='word_1_782' title='bbox 619 5875 659 5910; x_wconf 82' lang='lat'><strong><em>”</em></strong></span> <span class='ocrx_word' id='word_1_783' title='bbox 677 5875 842 5932; x_wconf 67' lang='lat' dir='ltr'><strong>Marc.</strong></span> <span class='ocrx_word' id='word_1_784' title='bbox 868 5891 975 5942; x_wconf 65' lang='lat' dir='ltr'><strong>xvi,</strong></span> <span class='ocrx_word' id='word_1_785' title='bbox 1005 5877 1087 5933; x_wconf 78' lang='grc' dir='ltr'><strong>ιϐ.</strong></span> <span class='ocrx_word' id='word_1_786' title='bbox 1110 5929 1112 5931; x_wconf 71' lang='grc'><strong>,</strong></span> 
     </span>
    </p>
   </div>
   <div class='ocr_carea' id='block_1_109' title="bbox 2213 5054 3801 5134">
    <p class='ocr_par' dir='ltr' id='par_1_109' title="bbox 2213 5054 3801 5134">
     <span class='ocr_line' id='line_1_109' title="bbox 2213 5054 3801 5134; baseline -0.002 -22"><span class='ocrx_word' id='word_1_787' title='bbox 2213 5059 2504 5130; x_wconf 81' lang='grc' dir='ltr'><strong>προέκειτο</strong></span> <span class='ocrx_word' id='word_1_788' title='bbox 2529 5059 2660 5128; x_wconf 80' lang='grc' dir='ltr'><strong>ἡμῖν</strong></span> <span class='ocrx_word' id='word_1_789' title='bbox 2687 5059 2729 5134; x_wconf 23' lang='grc' dir='ltr'><strong>ἠ,</strong></span> <span class='ocrx_word' id='word_1_790' title='bbox 2757 5057 3142 5128; x_wconf 66' lang='grc' dir='ltr'><strong>προερχομένη</strong></span> <span class='ocrx_word' id='word_1_791' title='bbox 3165 5057 3369 5128; x_wconf 82' lang='grc' dir='ltr'><strong>κρίσις,</strong></span> <span class='ocrx_word' id='word_1_792' title='bbox 3410 5058 3505 5110; x_wconf 74' lang='grc' dir='ltr'><strong>καὶ</strong></span> <span class='ocrx_word' id='word_1_793' title='bbox 3532 5055 3633 5125; x_wconf 78' lang='grc' dir='ltr'><strong>τῆς</strong></span> <span class='ocrx_word' id='word_1_794' title='bbox 3667 5054 3801 5109; x_wconf 74' lang='lat' dir='ltr'><strong>alm-</strong></span> 
     </span>
    </p>
   </div>
   <div class='ocr_carea' id='block_1_110' title="bbox 2211 5147 3800 5221">
    <p class='ocr_par' dir='ltr' id='par_1_110' title="bbox 2211 5147 3800 5221">
     <span class='ocr_line' id='line_1_110' title="bbox 2211 5147 3800 5221; baseline -0.004 -15"><span class='ocrx_word' id='word_1_795' title='bbox 2211 5153 2328 5208; x_wconf 88' lang='grc' dir='ltr'><strong>νίου</strong></span> <span class='ocrx_word' id='word_1_796' title='bbox 2376 5151 2652 5215; x_wconf 80' lang='grc' dir='ltr'><strong>κολάσεως</strong></span> <span class='ocrx_word' id='word_1_797' title='bbox 2686 5149 3070 5215; x_wconf 86' lang='grc' dir='ltr'><strong>ἀνταπόδοσις,</strong></span> <span class='ocrx_word' id='word_1_798' title='bbox 3102 5149 3424 5221; x_wconf 65' lang='grc' dir='ltr'><strong>βούλόμενρς</strong></span> <span class='ocrx_word' id='word_1_799' title='bbox 3450 5151 3480 5203; x_wconf 86' lang='grc' dir='ltr'><strong>ό</strong></span> <span class='ocrx_word' id='word_1_800' title='bbox 3511 5147 3800 5219; x_wconf 68' lang='grc' dir='ltr'><strong>ὑπεράγαςι</strong></span> 
     </span>
    </p>
   </div>
   <div class='ocr_carea' id='block_1_111' title="bbox 2214 5240 3800 5316">
    <p class='ocr_par' dir='ltr' id='par_1_111' title="bbox 2214 5240 3800 5316">
     <span class='ocr_line' id='line_1_111' title="bbox 2214 5240 3800 5316; baseline -0.004 -16"><span class='ocrx_word' id='word_1_801' title='bbox 2214 5245 2306 5310; x_wconf 87' lang='grc' dir='ltr'><strong>θος</strong></span> <span class='ocrx_word' id='word_1_802' title='bbox 2334 5245 2429 5299; x_wconf 81' lang='grc' dir='ltr'><strong>καὶ</strong></span> <span class='ocrx_word' id='word_1_803' title='bbox 2471 5244 2761 5307; x_wconf 81' lang='grc' dir='ltr'><strong>πολνὲλεος</strong></span> <span class='ocrx_word' id='word_1_804' title='bbox 2806 5243 3089 5316; x_wconf 79' lang='grc' dir='ltr'><strong>Δεσπότης</strong></span> <span class='ocrx_word' id='word_1_805' title='bbox 3111 5241 3337 5312; x_wconf 72' lang='grc' dir='ltr'><strong>ἐλεῆσαι</strong></span> <span class='ocrx_word' id='word_1_806' title='bbox 3355 5281 3372 5307; x_wconf 84' lang='grc'><strong>,</strong></span> <span class='ocrx_word' id='word_1_807' title='bbox 3409 5242 3506 5298; x_wconf 77' lang='grc' dir='ltr'><strong>καὶ</strong></span> <span class='ocrx_word' id='word_1_808' title='bbox 3533 5241 3708 5295; x_wconf 83' lang='grc' dir='ltr'><strong>σῶσαι</strong></span> <span class='ocrx_word' id='word_1_809' title='bbox 3737 5240 3800 5294; x_wconf 77' lang='grc' dir='ltr'><strong>τδ</strong></span> 
     </span>
    </p>
   </div>
   <div class='ocr_carea' id='block_1_112' title="bbox 2214 5332 3800 5409">
    <p class='ocr_par' dir='ltr' id='par_1_112' title="bbox 2214 5332 3800 5409">
     <span class='ocr_line' id='line_1_112' title="bbox 2214 5332 3800 5409; baseline -0.001 -16"><span class='ocrx_word' id='word_1_810' title='bbox 2214 5338 2444 5409; x_wconf 85' lang='grc' dir='ltr'><strong>πλάσμα</strong></span> <span class='ocrx_word' id='word_1_811' title='bbox 2512 5338 2572 5391; x_wconf 76' lang='grc' dir='ltr'><strong>τὸ</strong></span> <span class='ocrx_word' id='word_1_812' title='bbox 2614 5337 2783 5404; x_wconf 77' lang='grc' dir='ltr'><strong>ίδιον.⁹</strong></span> <span class='ocrx_word' id='word_1_813' title='bbox 2819 5336 3038 5400; x_wconf 82' lang='grc' dir='ltr'><strong>δικαίας</strong></span> <span class='ocrx_word' id='word_1_814' title='bbox 3088 5336 3423 5408; x_wconf 82' lang='grc' dir='ltr'><strong>προφάσεως</strong></span> <span class='ocrx_word' id='word_1_815' title='bbox 3475 5334 3674 5406; x_wconf 62' lang='grc' dir='ltr'><strong>ἑτέρας</strong></span> <span class='ocrx_word' id='word_1_816' title='bbox 3721 5332 3800 5405; x_wconf 70' lang='grc' dir='ltr'><strong>μὴ</strong></span> 
     </span>
    </p>
   </div>
   <div class='ocr_carea' id='block_1_113' title="bbox 2221 5426 3801 5502">
    <p class='ocr_par' dir='ltr' id='par_1_113' title="bbox 2221 5426 3801 5502">
     <span class='ocr_line' id='line_1_113' title="bbox 2221 5426 3801 5502; baseline -0.003 -19"><span class='ocrx_word' id='word_1_817' title='bbox 2221 5431 2607 5502; x_wconf 64' lang='grc' dir='ltr'><strong>ὑπαρχούσης,</strong></span> <span class='ocrx_word' id='word_1_818' title='bbox 2665 5429 2724 5496; x_wconf 73' lang='grc' dir='ltr'>ἐξ</span> <span class='ocrx_word' id='word_1_819' title='bbox 2775 5428 3022 5500; x_wconf 81' lang='grc' dir='ltr'><strong>ἀνάγκης</strong></span> <span class='ocrx_word' id='word_1_820' title='bbox 3084 5427 3291 5499; x_wconf 83' lang='grc' dir='ltr'><strong>ταύτην</strong></span> <span class='ocrx_word' id='word_1_821' title='bbox 3356 5426 3801 5497; x_wconf 79' lang='grc' dir='ltr'><strong>εὐσυμπαθήτως</strong></span> 
     </span>
    </p>
   </div>
   <div class='ocr_carea' id='block_1_114' title="bbox 2219 5513 3802 5590">
    <p class='ocr_par' dir='ltr' id='par_1_114' title="bbox 2219 5513 3802 5590">
     <span class='ocr_line' id='line_1_114' title="bbox 2219 5513 3802 5590; baseline -0.004 -16"><span class='ocrx_word' id='word_1_822' title='bbox 2219 5520 2575 5589; x_wconf 76' lang='grc' dir='ltr'><strong>ἐπενοήσατο.</strong></span> <span class='ocrx_word' id='word_1_823' title='bbox 2607 5519 2720 5583; x_wconf 80' lang='grc' dir='ltr'><strong>Καὶ</strong></span> <span class='ocrx_word' id='word_1_824' title='bbox 2771 5517 2960 5590; x_wconf 76' lang='grc' dir='ltr'><strong>ὥσπερ</strong></span> <span class='ocrx_word' id='word_1_825' title='bbox 3013 5516 3205 5572; x_wconf 74' lang='grc' dir='ltr'><strong>ἔλαθεν</strong></span> <span class='ocrx_word' id='word_1_826' title='bbox 3257 5515 3349 5571; x_wconf 81' lang='grc' dir='ltr'><strong>τὸν</strong></span> <span class='ocrx_word' id='word_1_827' title='bbox 3401 5513 3672 5582; x_wconf 78' lang='grc' dir='ltr'><strong>διάϐολον,</strong></span> <span class='ocrx_word' id='word_1_828' title='bbox 3704 5514 3802 5567; x_wconf 81' lang='grc' dir='ltr'><strong>κα).</strong></span> 
     </span>
    </p>
   </div>
   <div class='ocr_carea' id='block_1_115' title="bbox 2223 5604 3800 5681">
    <p class='ocr_par' dir='ltr' id='par_1_115' title="bbox 2223 5604 3800 5681">
     <span class='ocr_line' id='line_1_115' title="bbox 2223 5604 3800 5681; baseline -0.006 -17"><span class='ocrx_word' id='word_1_829' title='bbox 2223 5608 2559 5681; x_wconf 78' lang='grc' dir='ltr'><strong>προσέϐαλεν</strong></span> <span class='ocrx_word' id='word_1_830' title='bbox 2583 5607 2734 5680; x_wconf 81' lang='grc' dir='ltr'><strong>αὐτῷ</strong></span> <span class='ocrx_word' id='word_1_831' title='bbox 2765 5607 2841 5672; x_wconf 84' lang='grc' dir='ltr'><strong>ὡς</strong></span> <span class='ocrx_word' id='word_1_832' title='bbox 2867 5606 3166 5680; x_wconf 84' lang='grc' dir='ltr'><strong>ἀνθρώπῳ,</strong></span> <span class='ocrx_word' id='word_1_833' title='bbox 3202 5604 3298 5660; x_wconf 73' lang='grc' dir='ltr'><strong>καὶ</strong></span> <span class='ocrx_word' id='word_1_834' title='bbox 3320 5605 3698 5677; x_wconf 85' lang='grc' dir='ltr'><strong>προσέκρουσε</strong></span> <span class='ocrx_word' id='word_1_835' title='bbox 3731 5605 3800 5674; x_wconf 77' lang='grc' dir='ltr'><strong>τῇ</strong></span> 
     </span>
    </p>
   </div>
   <div class='ocr_carea' id='block_1_116' title="bbox 2224 5695 3801 5776">
    <p class='ocr_par' dir='ltr' id='par_1_116' title="bbox 2224 5695 3801 5776">
     <span class='ocr_line' id='line_1_116' title="bbox 2224 5695 3801 5776; baseline -0.006 -18"><span class='ocrx_word' id='word_1_836' title='bbox 2224 5703 2460 5775; x_wconf 85' lang='grc' dir='ltr'><strong>θεότητι,</strong></span> <span class='ocrx_word' id='word_1_837' title='bbox 2487 5702 2583 5756; x_wconf 76' lang='grc' dir='ltr'><strong>καὶ</strong></span> <span class='ocrx_word' id='word_1_838' title='bbox 2614 5699 3174 5776; x_wconf 53' lang='grc' dir='ltr'><strong>κατῃσχύνθη,,οὖτως</strong></span> <span class='ocrx_word' id='word_1_839' title='bbox 3197 5699 3316 5764; x_wconf 58' lang='grc' dir='ltr'><strong>ἐστὶ</strong></span> <span class='ocrx_word' id='word_1_840' title='bbox 3349 5698 3417 5754; x_wconf 79' lang='grc' dir='ltr'><strong>τὰ</strong></span> <span class='ocrx_word' id='word_1_841' title='bbox 3457 5698 3606 5769; x_wconf 76' lang='grc' dir='ltr'><strong>πάθη</strong></span> <span class='ocrx_word' id='word_1_842' title='bbox 3633 5695 3801 5757; x_wconf 70' lang='grc' dir='ltr'><strong>αὐτοῦ</strong></span> 
     </span>
    </p>
   </div>
  </div>
