4088 6532
318 450 426 525 765.

1279 453 1735 517 DISPUTATIO
1775 456 1932 517 CUM
1972 458 2333 521 llERBANO
2370 461 2654 525 JUDEO.

3475 463 3585 528 ῗϐθ

317 558 564 635 δοκίμιον
600 556 835 623 πίστεως
864 560 1211 634 σωζομένων.
1238 560 1350 614 Καὶ
1393 561 1563 630 λέγει·
1598 563 1826 633 Μεγάλη
1852 564 1886 633 ἡ

2008 566 2384 635 perpessiones
2407 578 2535 622 sunt
2559 572 2917 641 probationes
2943 571 3066 626 ﬁdei
3093 586 3286 626 eorum
3314 572 3409 642 qui
3437 576 3585 630 salu-

320 650 504 723 πίστις
537 649 720 702 αὐτῶν
743 666 756 681 ·
792 651 821 703 ὁ
866 652 946 719 δὲ,
975 654 1055 707 Δι’
1088 654 1154 723 ἦν
1186 652 1366 705 αίτίαν
1396 654 1643 724 μεγάλης
1677 657 1841 726 φησὶν
1870 655 1898 708 ὁ

316 739 545 813 Κύριος.
600 740 933 813 Πρώοθέντα
960 761 1029 815 με
1060 745 1344 809 ἀκούουσι,
1368 746 1464 797 καὶ
1495 745 1895 816 συλληφθέντα,

320 832 681 905 ραπισθὲντα,
736 835 1137 907 ἐμπαιχθέντα,
1171 838 1523 908 δεσμωτήρια
1575 840 1896 909 οἰκήσαντα,

320 918 755 997 μαστιγωθέντα,
776 928 868 980 καὶ
886 926 1230 1001 ἀποθανόντα
1256 922 1487 981 θάνατον
1511 927 1896 995 ἐπονείδιστον,

315 1019 375 1074 ὃν
401 1018 494 1071 καὶ
525 1015 682 1071 αὐτοὶ
708 1019 756 1091 oi
784 1018 1081 1090 κακοῦργοι
1116 1018 1339 1089 διδόασι,
1383 1018 1477 1090 καὶ
1509 1019 1766 1090 ταφέντα,
1801 1021 1898 1075 καὶ

314 1112 672 1165 ἀναστάντα’
742 1112 837 1167 καὶ
884 1110 1062 1165 ταῦτα
1124 1110 1306 1165 πάντα
1362 1112 1782 1183 ἐνωτιζόμενοι,
1835 1112 1897 1165 οὐ

320 1201 791 1276 σκανδαλίζονται,
826 1197 945 1256 ἀλλ’
968 1203 1296 1274 ὁμολογοῦσι
1337 1203 1471 1257 Θεὸν
1500 1206 1565 1275 ἐκ
1608 1204 1744 1258 Θεοῦ
1765 1244 1780 1270 ,
1805 1206 1899 1259 καὶ

318 1294 567 1364 βασιλέα,
596 1298 692 1349 καὶ
726 1295 973 1367 πλάστην
998 1295 1090 1349 καὶ
1124 1295 1467 1367 δημιουργὸν
1491 1296 1703 1350 ἑαυτῶν
1728 1312 1744 1329 ο
1780 1297 1898 1361 πῶς

314 1385 410 1440 οῦν
460 1387 520 1439 οὐ
575 1387 944 1461 προσδέξομαι
1001 1388 1221 1452 αὐτοὺς,
1254 1390 1347 1443 καὶ
1394 1389 1624 1460 ἐλεήσω,
1659 1390 1755 1444 καὶ
1798 1390 1900 1461 τῆς

315 1480 597 1551 ἀκηράτου
638 1497 739 1550 μου
765 1478 1049 1549 βασιλείας
1081 1478 1439 1547 καταξιὼσω;
1482 1482 1545 1534 Εί
1578 1482 1686 1552 γὰρ
1715 1485 1896 1553 γυμνῇ

312 1574 380 1642 τῇ
409 1571 625 1642 θεότητι
655 1572 908 1645 παρίμην
936 1570 1071 1644 (66),
1110 1573 1205 1627 καὶ
1237 1572 1530 1646 βλέποντες
1568 1574 1856 1628 ἐπίστευον
1879 1616 1895 1641 ,

313 1658 463 1734 εἶχες
491 1663 558 1717 ἃν
587 1666 685 1718 καὶ
713 1664 880 1728 αὐτὸς
908 1664 1133 1733 εὔλογον
1161 1665 1462 1740 ἀπολογίας
1497 1666 1774 1737 πρόφασιν
1803 1667 1896 1740 ⁴τοῦ

315 1756 570 1825 ἐγκαλεῖν
602 1774 714 1827 μοι,
745 1756 820 1821 ὡς
850 1758 990 1829 μετά
1030 1758 1124 1811 σοῦ
1158 1757 1469 1831 πράττοντα
1496 1756 1677 1814 ἄδικα.
1715 1758 1899 1813 Ἐπει-

312 1848 379 1918 δὴ
417 1848 478 1902 δέ
514 1848 693 1903 ταῦτα
726 1848 1218 1920 παρηκολούθησεν
1240 1890 1255 1913 ,
1291 1847 1501 1921 ἐρράγη
1536 1848 1597 1902 τὸ
1627 1847 1898 1919 δικαίωμά

317 1954 411 1990 σου
434 1938 542 2010 πρὸ
558 1938 848 2010 προσώπου
871 1956 980 1992 σου.
997 1938 1182 1992 Ταῦτα
1204 1937 1377 2003 οὕτως
1402 1938 1534 2009 ἔχει,
1551 1938 1773 2008 Ἐρδᾶπδ
1799 1938 1894 1993 καὶ
1926 1925 1969 1981 Β

314 2029 465 2093 δόλος
485 2032 543 2083 ἐν
562 2031 639 2101 τῷ
661 2031 889 2102 στόματί
922 2047 1022 2101 μου
1046 2030 1143 2100 οὐχ
1181 2030 1562 2103 εὑρεθήσεται.
1588 2030 1899 2084 Σκάνδαλον

314 2121 375 2176 δέ
400 2120 651 2195 φαίνεται
674 2123 743 2176 τά
772 2120 1073 2193 παθήματα
1091 2121 1258 2174 αὑτοῦ
1287 2112 1399 2185 τοῖς
1422 2120 1694 2187 ἀπίστοις,
1712 2121 1823 2175 ’τισὶ⁸
1839 2120 1898 2174 δὲ

318 2214 411 2267 καὶ
436 2213 638 2285 μωρία,
655 2213 762 2277 hoc;
786 2206 847 2268 οὗ
870 2213 1304 2285 χρηματίζουσιν
1334 2212 1574 2266 ἄπιστοι·
1594 2211 1733 2283 μετά
1756 2212 1812 2266 δέ
1838 2212 1899 2266 τὸ

320 2305 689 2375 βαπτισθῆναι
744 2306 945 2367 αὐτοὺς
970 2344 985 2368 ,
1008 2303 1147 2359 Θεοῦ
1190 2306 1408 2370 σύνεσις
1438 2306 1533 2377 καὶ
1564 2303 1701 2359 Θεοῦ
1742 2305 1900 2374 σοφῖα

317 2397 492 2452 ταῦτα
517 2397 914 2451 κατοπτεύεται
946 2398 1153 2459 αὐτοῖς.

2006 666 2115 711 tem
2156 659 2454 729 accipiunt.
2483 662 2550 715 Et
2588 663 2753 717 dicit:
2783 663 2972 734 Magna
3013 672 3098 717 est
3137 664 3382 732 ipsorum
3426 665 3581 721 ﬁdes.

2000 748 2373 814 Quamobrem
2414 754 2642 824 magna?
2680 754 2816 810 dicit
2856 755 3140 809 Dominus.
3175 755 3257 809 Me
3300 754 3582 824 proditum

2001 842 2222 910 quidem
2260 844 2523 910 audiunt,
2554 855 2609 900 et
2643 847 3138 917 comprehensum,
3171 847 3422 916 colaphis
3456 863 3584 917 pcr-

2001 948 2223 988 cussum
2242 974 2255 999 ,
2284 935 2535 1001 illusum,
2564 953 2786 997 carcere
2818 940 3063 993 vinctum
3082 980 3096 1004 ,
3122 939 3450 994 verberibus
3477 955 3585 994 cre-

1996 1026 2152 1090 ‘sum,
2188 1035 2243 1080 et
2278 1038 2455 1095 morte
2497 1031 2814 1100 turpissima
2854 1030 3144 1095 affectum,
3175 1047 3339 1100 quam
3383 1041 3439 1085 ct
3479 1030 3581 1101 ipsi

2006 1115 2240 1169 maleﬁci
2270 1124 2325 1170 et
2353 1109 2605 1173 scelerati
2634 1121 2885 1175 homines
2910 1122 3091 1183 luunt,
3118 1129 3173 1175 et
3204 1121 3500 1191 sepultum,
3528 1131 3582 1177 et

2002 1206 2393 1279 resuscitatum
2428 1229 2441 1265 :
2473 1221 2529 1266 et
2553 1212 2668 1266 haec
2701 1213 2885 1266 omnia
2920 1212 3288 1284 percipientcs
3319 1213 3583 1279 auribus,

2001 1313 2115 1353 non
2159 1301 2625 1373 scandalizantur,
2663 1304 2715 1359 id
2761 1312 2872 1371 est,
2912 1286 3020 1357 non
3066 1294 3447 1369 cil‘enduntur,
3484 1305 3582 1360 sed

1999 1389 2173 1445 Deum
2204 1391 2272 1445 de
2300 1392 2409 1447 Deo
2440 1394 2795 1461 confitentur,
2818 1404 2871 1450 el
2897 1411 3100 1467 regem,
3124 1402 3179 1459 ct
3204 1393 3580 1459 formatorem,

2000 1492 2058 1537 et
2102 1492 2407 1539 creatorem
2459 1501 2623 1540 suum
2670 1503 2683 1537 ε
2732 1476 3010 1555 quomodo
3062 1486 3230 1556 igitur
3276 1501 3386 1539 non
3437 1485 3585 1554 ipsos

2000 1577 2329 1645 suscipiam,
2362 1588 2414 1631 et
2453 1593 2563 1631 non
2602 1578 2944 1633 miserebor?
2983 1594 3083 1632 cur
3117 1594 3225 1631 non
3266 1592 3362 1631 eos
3404 1577 3585 1631 incor-

2001 1675 2167 1736 rupto
2202 1676 2257 1722 et
2286 1676 2493 1723 :eterno
2529 1685 2697 1740 regno
2733 1685 2857 1725 meo
2890 1669 3086 1739 dignos
3119 1668 3483 1737 existimabo?
3522 1666 3582 1722 Si

1998 1757 2147 1812 enim
2180 1758 2329 1813 nuda
2360 1758 2651 1814 divinitate
2687 1758 3063 1823 advenissem,
3090 1767 3147 1814 et
3176 1758 3430 1813 videntes
3461 1772 3583 1813 cre-

2002 1849 2221 1916 derent,
2248 1850 2483 1906 haberes
2512 1859 2569 1905 et
2594 1853 2711 1922 ipse
2734 1854 2937 1922 justam
2966 1849 3308 1905 defensionis
3335 1865 3581 1915 causam,

1994 1950 2050 1995 ct
2082 1957 2168 1996 me
2209 1942 2532 2007 incusandi,
2564 1952 2625 1998 ut
2660 1952 2841 1998 tecum
2880 1943 3069 2012 iniqua
3107 1950 3384 2013 agentem.
3419 1941 3584 1996 Post-

1995 2048 2161 2102 quam
2188 2048 2321 2088 vero
2352 2034 2470 2089 bzec
2500 2045 2629 2089 sunt
2652 2045 2972 2106 consecuta,
2999 2035 3168 2089 fracta
3195 2042 3278 2089 est
3304 2044 3396 2087 tua
3424 2032 3585 2103 justi-

1995 2123 2177 2178 ﬁcatio
2204 2134 2330 2181 ante
2358 2125 2553 2180 faciem
2586 2134 2759 2182 tuam.
2789 2126 2916 2181 Hrec
2950 2127 3025 2180 ita
3058 2133 3208 2195 sunt,
3237 2140 3271 2180 ο
3300 2124 3581 2189 Herbane,

1994 2223 2050 2268 et
2084 2215 2247 2271 dolus
2283 2216 2339 2271 in
2373 2232 2469 2272 ore
2499 2233 2624 2273 meo
2667 2232 2777 2272 non
2820 2217 3154 2271 invenietur.
3188 2215 3586 2286 Perpessiones

1993 2306 2115 2376 ejus
2154 2307 2473 2363 inﬁdelibus
2516 2316 2647 2364 sunt
2689 2308 3009 2365 scandalum
3052 2308 3170 2363 sive
3216 2307 3583 2371 offensiones,

1996 2399 2329 2468 quibusdam
2360 2402 2527 2455 etiam
2558 2400 2814 2465 stultitia,
2847 2399 3111 2470 quamdiu
3147 2408 3278 2455 sunt
3306 2398 3584 2466 inﬁdeles,

320 2506 425 2546 nec
452 2490 688 2546 credunt
718 2506 733 2544 :
766 2490 862 2544 sed
892 2501 1182 2561 postquam
1213 2505 1370 2547 sacro
1402 2489 1623 2545 lavacro
1653 2498 1782 2546 sunt
1805 2489 1963 2545 tincti
1999 2501 2058 2546 ct
2090 2492 2296 2559 renati,
2361 2494 2479 2549 haec
2516 2495 2654 2565 ipsis
2686 2494 2946 2549 videntur
3014 2494 3110 2549 Dei
3183 2494 3586 2566 intelligentia,

323 2579 418 2657 Dei
454 2580 744 2650 sapientia.

392 2662 639 2723 EPBAN.
663 2667 899 2741 Φοὸερδν
925 2668 985 2723 τὸ
1008 2668 1323 2739 μυστήριον.
1347 2668 1515 2739 Πλὴν,
1542 2667 1610 2720 δι’
1635 2667 1703 2739 ἢν
1720 2666 1903 2722 αίτίαν

320 2767 379 2818 ἐν
395 2767 507 2828 τοῖς
522 2762 763 2819 Σάὄόασι
790 2764 1021 2837 περιιὼν
1046 2764 1286 2836 ἰατρείας
1315 2763 1581 2827 ἐπετέλει,
1599 2766 1737 2833 ὅπερ
1767 2763 1796 2815 ὁ
1818 2762 1907 2815 νό-

324 2873 424 2927 μος
442 2856 672 2911 κωλύειν
693 2856 926 2926 πέφυκε,
946 2857 1043 2911 καὶ
1068 2857 1122 2911 εί
1142 2874 1223 2920 τις
1236 2856 1334 2910 οὐκ
1360 2857 1606 2927 ἐπιμένει
1631 2858 1691 2908 ἐν
1711 2855 1903 2925 τούτῳ,

319 2946 399 3009 ὥς
453 2947 772 3017 παράνομον
827 2945 1047 3012 κολάζει
1102 2947 1301 3012 aut-6v;
1343 2946 1431 3000 διά
1476 2946 1585 3017 γὰρ
1622 2946 1805 3010 τοῦτο,
1828 2946 1906 3010 ὡς

322 3033 504 3107 οἶμαι,
532 3038 628 3103 καὶ
651 3039 703 3091 oi
727 3037 963 3109 πατέρες
991 3037 1151 3108 ήμῶν
1173 3036 1604 3108 ὀξυχολήσαντες
1629 3035 1908 3108 ἐσταύρω-

325 3144 426 3180 σαν
482 3126 665 3193 αὐτὺν,
693 3128 820 3181 ἐπεὶ
861 3127 962 3188 οὐκ
1007 3128 1193 3199 ἐτήρει
1237 3122 1301 3181 τδ
1333 3128 1613 3183 Σάδὸατον
1638 3126 1781 3183 κατά
1816 3126 1908 3181 τδν

324 3217 512 3291 νόμον,
544 3217 661 3271 ἀλλ’
695 3217 946 3294 ἐπετέλει
969 3219 1037 3273 τὰ
1065 3221 1139 3291 μὴ
1162 3218 1373 3285 δέοντα.

2078 2667 2283 2724 llERB.
2312 2670 2591 2725 Horribile
2625 2672 2969 2743 mysterium.
2995 2672 3390 2727 Verumtamen
3423 2681 3586 2740 quam

2008 2760 2081 2816 ob
2109 2777 2331 2815 causam
2362 2762 2418 2816 in
2448 2763 2690 2818 sabbatis
2712 2762 3045 2817 circumiens
3076 2761 3306 2816 sanabat
3327 2767 3587 2829 tegrotos,

2011 2853 2161 2925 quod
2195 2854 2283 2908 lex
2316 2854 2497 2910 facere
2529 2855 2714 2910 vetat?
2746 2863 2803 2909 et
2835 2855 2879 2909 si
2914 2854 3041 2925 quis
3076 2869 3183 2908 non
3221 2859 3503 2923 permanet
3535 2849 3592 2905 in

2012 2960 2108 3009 eo,
2138 2945 2299 3015 punit
2330 2944 2541 3015 ipsum,
2570 2954 2629 2999 ut
2665 2944 2935 3014 nefarium
2972 2960 3037 2998 ac
3069 2943 3205 3014 legis
3233 2940 3593 2996 violatorem?

2004 3034 2086 3091 0b
2115 3051 2236 3090 eam
2269 3051 2511 3100 causam,
2539 3043 2601 3090 ut
2626 3052 2774 3102 reor,
2801 3044 2987 3112 patres
3013 3034 3191 3089 nostri
3219 3033 3334 3088 acri
3361 3033 3443 3087 ira
3469 3047 3595 3102 per-

2005 3126 2099 3183 citi
2140 3128 2320 3197 ipsum
2360 3128 2510 3183 cruci
2550 3127 2890 3191 deﬁxerunt,
2924 3127 3054 3197 quia
3098 3140 3209 3180 non
3252 3123 3591 3180 observabat

2006 3220 2297 3275 sabbatum
2328 3219 2633 3291 secundum
2668 3220 2842 3291 legem
2861 3260 2874 3286 ,
2902 3217 2997 3274 sed
3029 3232 3151 3289 qua:
3180 3232 3292 3272 non
3323 3216 3406 3272 fas
3438 3223 3594 3283 erat,

2010 3310 2265 3367 faciebat.

395 3390 509 3447 Καὶ
533 3390 818 3448 οΑῙἹΟΣ.
854 3392 980 3448 Ὅτι
1036 3357 1141 3464 μὲν
1181 3394 1462 3465 ίάτρευεν,
1494 3392 1714 3465 ἀληθῶς
1750 3392 1910 3447 τοῦτο

2011 3357 2385 3458 “Evince.
2419 3400 2576 3469 Quod
2615 3401 2838 3472 quidem
2885 3400 2977 3465 hic
3020 3400 3281 3464 sanabat,
3315 3415 3446 3455 vere
3489 3397 3600 3455 hoc

326 3485 576 3555 ετρηκας.
621 3485 863 3557 ἰἀτρευε
894 3486 975 3552 δέ,
1004 3487 1101 3557 οὐχ
1130 3487 1206 3551 ὡς
1230 3487 1411 3557 ἰατρὸς
1442 3487 1538 3540 τοῦ
1562 3486 1768 3557 κόσμου
1790 3485 1915 3539 τού-

325 3594 442 3639 του,
467 3575 583 3630 ἀλλ’
607 3577 683 3641 ὡς
710 3578 861 3643 Θεδς,
885 3579 1028 3650 λόγῳ
1052 3579 1197 3649 μόνῳ
1224 3579 1540 3647 ἐφθέγγετο,
1587 3579 1682 3633 καὶ
1713 3578 1914 3642 εὐθέως

327 3669 359 3721 ὁ
396 3668 640 3723 ἀσθενῶν
668 3670 967 3743 οίῳδήποτε
1002 3671 1284 3741 κατείχετο
1312 3673 1599 3741 νοσήματι,
1627 3672 1787 3741 ὑγιὴς
1821 3671 1912 3723 εὑ-

332 3760 551 3831 ρίσκετο
570 3777 585 3791 '
609 3762 789 3834 φθόνῳ
841 3758 1131 3834 τηκόμενοι
1176 3763 1228 3817 oi
1270 3762 1714 3834 ἀρχισυνάγωγοι
1744 3761 1838 3815 καὶ
1865 3761 1915 3813 οἱ

331 3854 679 3924 Γραμματεῖς
707 3855 803 3909 καὶ
828 3856 878 3908 οἱ
904 3857 1189 3927 Φαρισαῖοι
1222 3856 1351 3927 περὶ
1384 3854 1552 3909 αὑτοῦ
1579 3854 1747 3909 ταῦτα
1779 3871 1915 3907 κατ-

330 3948 682 4015 ειργάσαντο,
749 3947 937 4019 ἐπειδὴ
988 3948 1512 4018 θαυματουργοῦντα
1562 3948 1725 4001 αὐτὸν
1777 3946 1914 4015 ὑπὲρ

332 4036 576 4105 ἐκείνους
635 4039 971 4110 ἐμεγάλυνεν
1021 4041 1050 4093 ὁ
1081 4038 1230 4103 λαός.
1273 4037 1410 4091 Ποία
1456 4038 1770 4109 παράϐασις
1819 4036 1915 4091 τοῦ

334 4125 523 4199 νόμου,
575 4129 637 4182 τὸ
684 4131 898 4201 ἐγεῖραι
948 4132 1215 4202 νεκροὺς,
1256 4130 1317 4185 τὸ
1348 4131 1558 4195 ἀνοῖξαι
1604 4129 1914 4200 ὀφθαλμοὺς

333 4220 573 4288 τυφλῶν,
600 4222 696 4275 καὶ
734 4221 798 4275 τὸ
846 4222 1127 4295 εἰρηκέναι
1160 4223 1241 4295 τῷ
1272 4223 1589 4296 παραλύτῳ,
1632 4225 1915 4293 Ἐγειραι.

334 4302 486 4375 ἆρόν
522 4323 641 4365 σου
671 4310 778 4365 τὸν
818 4311 1135 4381 κράϐατον,
1182 4314 1283 4369 καί
1320 4313 1650 4384 περιπάτει,
1707 4315 1803 4367 καὶ
1848 4313 1919 4366 τὰ

334 4400 548 4463 τούτοις
578 4403 938 4473 παραπλήσια
958 4422 972 4469 ;

408 4491 655 4547 EPBAN.
690 4491 752 4547 Εί
779 4493 906 4557 Υἱὸς
930 4491 998 4566 ἦν
1026 4494 1123 4549 τοῦ
1147 4496 1283 4553 Θεοῦ
1305 4496 1533 4568 ἀληθὴς,
1560 4496 1628 4551 δι’
1651 4497 1717 4568 ἣν
1740 4497 1918 4551 αἰτίαν

337 4582 544 4652 ἐμήνυε
572 4586 684 4648 τοῖς
721 4585 996 4655 μαθηταῖς
1018 4588 1211 4655 αὐτοῦ,
1234 4589 1439 4657 λέγων,
1477 4591 1560 4643 ὅτι
1589 4591 1919 4659 Πορεύομαι

2015 3492 2222 3547 dixisti.
2254 3493 2496 3548 Sanabat
2522 3502 2730 3557 autem,
2763 3509 2874 3548 non
2909 3501 2971 3546 ut
3012 3493 3179 3563 hujus
3202 3491 3396 3547 mundi
3423 3490 3601 3546 medi-

2017 3600 2146 3648 cus,
2173 3585 2267 3639 sed
2291 3594 2349 3639 ut
2377 3586 2520 3640 Deus
2547 3604 2560 3639 :
2590 3587 2707 3641 solo
2734 3585 2906 3640 verbo
2935 3585 3179 3649 diccbat,
3205 3594 3261 3640 et
3282 3600 3407 3639 mox
3428 3600 3601 3655 aegro-

2018 3685 2108 3730 tus
2137 3692 2470 3746 quocunque
2497 3677 2694 3731 morbo
2716 3676 3094 3741 detinebatur,
3128 3689 3297 3730 sanus
3315 3686 3373 3731 et
3405 3676 3600 3730 valens

2019 3760 2428 3823 inveniebatur.
2460 3768 2660 3823 Livore
2691 3768 2915 3823 invidia:
2946 3769 3289 3822 tabescentes
3318 3766 3604 3837 principes

2022 3876 2340 3932 synagogaz,
2368 3868 2425 3915 et
2455 3859 2663 3914 Scriba:
2697 3868 2753 3914 et
2777 3859 3072 3921 Pharisaﬁ,
3099 3859 3155 3912 in
3189 3874 3315 3911 eum
3352 3857 3600 3927 exempla

2017 3952 2312 4007 ediderunt
2364 3969 2377 4006 :
2434 3952 2694 4023 quoniam
2758 3952 2935 4022 ipsum
2998 3951 3261 4005 miracula
3307 3950 3599 4005 facientem

2018 4059 2181 4113 supra
2233 4044 2357 4097 illos
2404 4042 2642 4113 populus
2689 4040 3093 4112 magniﬁcabat.
3136 4040 3245 4096 Sed
3296 4056 3418 4111 quaa
3465 4040 3603 4110 legis

2019 4133 2424 4203 transgressio?
2451 4133 2695 4186 Mortuos
2722 4132 2789 4185 ad
2815 4131 2981 4185 vitam
3016 4145 3304 4195 revocare,
3330 4144 3603 4184 caecorum

2018 4226 2208 4280 oculos
2248 4224 2494 4295 aperire,
2526 4230 2581 4277 et
2617 4220 2918 4292 paralytico
2958 4220 3145 4275 dicere
3187 4237 3202 4274 :
3246 4219 3443 4290 Surge,
3479 4217 3606 4271 tolle

2018 4319 2300 4387 grabatum
2324 4324 2497 4377 tuum,
2536 4322 2583 4367 et
2619 4312 2833 4367 ambula
2857 4313 2900 4344 ³¹
2939 4329 2953 4366 :
2991 4320 3046 4367 et
3075 4327 3197 4382 qua:
3239 4321 3368 4365 sunt
3400 4310 3486 4365 his
3526 4310 3606 4365 si-

2019 4409 2200 4463 milia?

2091 4502 2295 4556 llERB.
2326 4500 2383 4574 si
2416 4515 2582 4554 verus
2610 4508 2728 4553 erat
2755 4496 2852 4552 Dei
2882 4496 3075 4556 Filius,
3100 4494 3459 4565 quamobrem
3492 4492 3609 4547 suis

2020 4593 2307 4664 discipulis
2357 4590 2735 4662 signiﬁcabat,
2778 4590 2970 4644 dicens
3016 4604 3031 4641 :
3084 4587 3227 4641 Vada
3276 4586 3348 4638 ad
3390 4584 3608 4638 Patrem

339 4674 489 4742 πρὸς
540 4675 651 4731 τὸν
698 4679 933 4747 Πατέρα
976 4699 1098 4750 μου
1142 4682 1240 4747 καί
1296 4681 1527 4750 Πατιέρα
1590 4682 1789 4752 ὑμῶν,
1815 4683 1911 4737 καὶ

2024 4702 2194 4739 meum
2238 4695 2287 4737 et
2336 4683 2553 4737 Patrem
2608 4689 2865 4744 vestrum,
2908 4678 3077 4731 Deum
3128 4693 3302 4730 meum
3348 4684 3396 4728 et
3440 4674 3609 4727 Deum

342 4769 491 4822 Θεόν
534 4787 655 4839 μου
708 4773 808 4826 καί
858 4772 1009 4826 Θεὸν
1057 4772 1263 4842 tigrim;
1330 4774 1597 4829 Ἐνταῦθα
1647 4773 1916 4828 δείκνυσιν

342 4859 536 4915 ἑαυτὸν
567 4860 658 4914 διὰ
682 4861 776 4915 τοῦ
811 4862 941 4916 ίδίου
966 4864 1235 4935 στόματος
1274 4864 1586 4935 ἄνθρωπον,
1616 4865 1921 4936 παρόμοιον

341 4954 452 5009 τῶν
496 4954 812 5009 ἀποστόλων
859 4957 1050 5023 αὐτοῦ,
1084 4960 1177 5013 καὶ
1216 4959 1278 5011 οὐ
1319 4958 1472 5013 Θεόν.
1506 4958 1637 5026 Ἐμὲ
1679 4960 1788 5028 γάρ
1817 4959 1921 5011 κᾶν

356 5044 611 5098 Ἰουδαῖον
643 5049 1020 5115 κατοπτεύεις,
1045 5050 1183 5104 ἀλλά
1212 5051 1472 5113 πολλάκις
1501 5051 1744 5119 ἀνέγνων
1768 5050 1922 5118 ὑμῶν

342 5135 412 5190 τά
458 5135 790 5205 Εὑαγγέλια,
820 5138 991 5194 εἰπών
1047 5157 1158 5194 τινι
1222 5140 1363 5213 φίλῳ
1431 5158 1532 5211 μου
1584 5140 1920 5211 Χριστιανῷ,

345 5228 564 5300 Πάρεχέ
618 5248 708 5301 μοι
781 5232 889 5285 ἀπὸ
955 5233 1065 5286 τῶν
1132 5234 1355 5304 βιϐλίων
1420 5233 1530 5296 τῶν
1593 5214 1921 5305 ὑμετέρων,

346 5320 497 5383 ὅπως
557 5321 721 5396 γνοὺς
768 5322 1038 5395 ὼφεληθῶ
1066 5365 1082 5390 ,
1138 5326 1234 5383 καὶ
1291 5328 1539 5397 γένωμαι
1588 5326 1747 5395 κάγὼ
1790 5329 1925 5399 Χρι-

353 5412 585 5475 στιανός.

1948 4730 1994 4787 D

2023 4787 2253 4831 vestrum
2293 4775 2394 4827 '3'?
2439 4773 2539 4829 llic
2584 4788 2680 4827 ore
2727 4770 2951 4841 proprio
2999 4784 3057 4823 se
3107 4768 3286 4838 ipsum
3332 4765 3512 4835 arguit
3554 4774 3609 4818 et

2023 4868 2363 4922 demonstrat
2390 4864 2690 4924 hominem,
2717 4860 2950 4915 similem
2976 4857 3092 4912 suis
3113 4854 3398 4926 apostolis,
3420 4861 3477 4907 et
3499 4868 3608 4907 non

2024 4960 2217 5013 Deum.
2244 4956 2361 5011 Etsi
2392 4971 2479 5009 me
2508 4953 2757 5010 Judaeum
2788 4950 3094 5019 conspicis,
3120 4947 3225 5018 legi
3257 4955 3437 5001 tamen
3469 4961 3611 5015 sa-pe

2024 5058 2208 5104 vestra
2251 5046 2573 5117 Evangelia,
2614 5058 2741 5098 cum
2782 5041 2959 5096 amico
3026 5053 3150 5093 meo
3193 5037 3411 5091 cuidam
3452 5036 3614 5091 Chri-

2030 5141 2215 5195 stiano
2248 5139 2510 5194 dixissem
2550 5153 2563 5190 :
2605 5135 2796 5189 Prmbe
2837 5132 3063 5187 mihiex
3096 5129 3296 5185 vestris
3318 5128 3474 5183 libris
3512 5129 3613 5182 ali-

2032 5250 2198 5304 quos,
2227 5242 2288 5288 ut
2314 5233 2514 5288 borum
2542 5230 2764 5301 adjutus
2792 5229 3062 5293 lectione,
3092 5225 3213 5280 ﬁam
3245 5223 3608 5279 Christianus.

424 5503 533 5556 Καὶ
562 5507 603 5558 Ο
632 5507 848 5560 ΑΓΙυΣ.
876 5506 951 5561 Οὐ
982 5509 1285 5577 μεμπτέον,
1309 5511 1356 5561 εἰ
1409 5510 1508 5574 τὰς
1550 5510 1778 5579 Γραφάς
1813 5512 1911 5563 τῶι.

2199 5513 2403 5570 ARCH.
2436 5514 2553 5568 Non
2599 5528 2659 5567 cs
2703 5510 3011 5582 culpandus
3050 5524 3228 5579 neque
3270 5506 3616 5578 arguendus,

350 5595 698 5666 Χριστιανῶν
754 5598 1173 5666 ἀναγινώσκεις.
1225 5600 1336 5654 Καὶ
1398 5601 1505 5670 γὰρ
1555 5602 1717 5672 ἡμεῖς
1762 5602 1911 5656 τοῦτε

2031 5604 2194 5676 655
2227 5605 2270 5658 si
2293 5603 2728 5659 Christianorum
2764 5601 3078 5672 Scripturas
3109 5598 3265 5670 legis.
3296 5598 3411 5652 Hoc
3444 5596 3616 5667 siqui-

426 5710 470 5743 ³²
491 5710 649 5765 Joau.
676 5727 748 5776 xl,
776 5711 858 5765 12.
940 5714 983 5744 δ’
1003 5714 1018 5730 ⁴
1039 5711 1197 5767 Joan.
1223 5729 1310 5777 xx,
1336 5713 1419 5771 l7.

1874 5784 2104 5865 nom.

427 5872 851 5942 (66)”u1v'jtm'.
898 5875 1059 5933 Forte
1097 5880 1294 5949 παρῆν,
1367 5880 1447 5931 vel
1524 5880 1771 5951 παρῄειν.
1828 5882 2038 5937 GLZLOS.
