  <div class='ocr_page' id='page_1' title='image "/cluster/home/n/w/nwhite01/storage/ocr_20150623/86:1/hvd.32044019208909/391.png"; bbox 0 0 4094 6538; ppageno 0'>
   <div class='ocr_carea' id='block_1_1' title="bbox 538 387 3858 466">
    <p class='ocr_par' dir='ltr' id='par_1_1' title="bbox 538 387 3858 466">
     <span class='ocr_line' id='line_1_1' title="bbox 538 387 3858 466; baseline 0.003 -14"><span class='ocrx_word' id='word_1_1' title='bbox 538 397 651 466; x_wconf 69' lang='grc' dir='ltr'><strong>π’)</strong></span> <span class='ocrx_word' id='word_1_2' title='bbox 1499 393 1564 453; x_wconf 92' lang='lat' dir='ltr'><strong>S.</strong></span> <span class='ocrx_word' id='word_1_3' title='bbox 1617 388 2047 452; x_wconf 84' lang='lat' dir='ltr'><strong>GREGENTII</strong></span> <span class='ocrx_word' id='word_1_4' title='bbox 2087 387 2324 450; x_wconf 87' lang='lat' dir='ltr'><strong>EPISC.</strong></span> <span class='ocrx_word' id='word_1_5' title='bbox 2367 390 2903 453; x_wconf 79' lang='lat' dir='ltr'><strong>TAPHARENSIS</strong></span> <span class='ocrx_word' id='word_1_6' title='bbox 3745 398 3858 462; x_wconf 70' lang='lat'><strong>768</strong></span> 
     </span>
    </p>
   </div>
   <div class='ocr_carea' id='block_1_2' title="bbox 542 508 2122 586">
    <p class='ocr_par' dir='ltr' id='par_1_2' title="bbox 542 510 2120 586">
     <span class='ocr_line' id='line_1_2' title="bbox 542 510 2120 586; baseline -0.005 -14"><span class='ocrx_word' id='word_1_7' title='bbox 542 517 669 572; x_wconf 91' lang='lat' dir='ltr'><strong>dem</strong></span> <span class='ocrx_word' id='word_1_8' title='bbox 699 512 1075 586; x_wconf 81' lang='lat' dir='ltr'><strong>approbamus</strong></span> <span class='ocrx_word' id='word_1_9' title='bbox 1109 530 1124 568; x_wconf 89' lang='lat'>:</span> <span class='ocrx_word' id='word_1_10' title='bbox 1162 511 1207 568; x_wconf 87' lang='lat' dir='ltr'><strong>si</strong></span> <span class='ocrx_word' id='word_1_11' title='bbox 1239 511 1364 583; x_wconf 88' lang='lat' dir='ltr'><strong>quis</strong></span> <span class='ocrx_word' id='word_1_12' title='bbox 1399 510 1705 566; x_wconf 81' lang='lat' dir='ltr'><strong>inﬁdelium</strong></span> <span class='ocrx_word' id='word_1_13' title='bbox 1733 512 1880 583; x_wconf 86' lang='lat' dir='ltr'><strong>legat</strong></span> <span class='ocrx_word' id='word_1_14' title='bbox 1907 519 1963 565; x_wconf 88' lang='lat' dir='ltr'><strong>et</strong></span> <span class='ocrx_word' id='word_1_15' title='bbox 1988 510 2120 565; x_wconf 88' lang='lat' dir='ltr'><strong>inth</strong></span> 
     </span>
    </p>
   </div>
   <div class='ocr_carea' id='block_1_3' title="bbox 2223 508 3855 586">
    <p class='ocr_par' dir='ltr' id='par_1_3' title="bbox 2251 508 3855 585">
     <span class='ocr_line' id='line_1_3' title="bbox 2251 508 3855 585; baseline 0.007 -23"><span class='ocrx_word' id='word_1_16' title='bbox 2251 508 2655 580; x_wconf 80' lang='grc' dir='ltr'>ἀποδεχόμεθα,</span> <span class='ocrx_word' id='word_1_17' title='bbox 2681 511 2844 585; x_wconf 82' lang='grc' dir='ltr'>εἴπερ</span> <span class='ocrx_word' id='word_1_18' title='bbox 2891 529 2981 577; x_wconf 91' lang='grc' dir='ltr'><strong>τις</strong></span> <span class='ocrx_word' id='word_1_19' title='bbox 3027 511 3140 568; x_wconf 89' lang='grc' dir='ltr'><strong>τῶν</strong></span> <span class='ocrx_word' id='word_1_20' title='bbox 3168 511 3419 569; x_wconf 79' lang='grc' dir='ltr'>ἀπίστων</span> <span class='ocrx_word' id='word_1_21' title='bbox 3447 515 3855 584; x_wconf 75' lang='grc' dir='ltr'><strong>ἀναγινώσκων</strong></span> 
     </span>
    </p>
   </div>
   <div class='ocr_carea' id='block_1_4' title="bbox 540 603 2122 680">
    <p class='ocr_par' dir='ltr' id='par_1_4' title="bbox 540 603 2122 678">
     <span class='ocr_line' id='line_1_4' title="bbox 540 603 2122 678; baseline -0.003 -18"><span class='ocrx_word' id='word_1_22' title='bbox 540 606 706 678; x_wconf 88' lang='lat' dir='ltr'><strong>ligat,</strong></span> <span class='ocrx_word' id='word_1_23' title='bbox 743 605 982 661; x_wconf 77' lang='lat' dir='ltr'><strong>fortasse</strong></span> <span class='ocrx_word' id='word_1_24' title='bbox 1031 605 1180 660; x_wconf 92' lang='lat' dir='ltr'><strong>illico</strong></span> <span class='ocrx_word' id='word_1_25' title='bbox 1221 603 1525 676; x_wconf 89' lang='lat' dir='ltr'><strong>juvabitur.</strong></span> <span class='ocrx_word' id='word_1_26' title='bbox 1567 603 1724 670; x_wconf 90' lang='lat' dir='ltr'><strong>Quod</strong></span> <span class='ocrx_word' id='word_1_27' title='bbox 1765 619 1898 658; x_wconf 86' lang='lat' dir='ltr'><strong>vero</strong></span> <span class='ocrx_word' id='word_1_28' title='bbox 1944 619 2012 658; x_wconf 87' lang='lat' dir='ltr'><strong>ex</strong></span> <span class='ocrx_word' id='word_1_29' title='bbox 2057 603 2122 657; x_wconf 73' lang='lat' dir='ltr'><strong>ill;</strong></span> 
     </span>
    </p>
   </div>
   <div class='ocr_carea' id='block_1_5' title="bbox 2223 603 3852 680">
    <p class='ocr_par' dir='ltr' id='par_1_5' title="bbox 2253 603 3852 680">
     <span class='ocr_line' id='line_1_5' title="bbox 2253 603 3852 680; baseline 0.004 -24"><span class='ocrx_word' id='word_1_30' title='bbox 2253 603 2350 656; x_wconf 79' lang='grc' dir='ltr'>καὶ</span> <span class='ocrx_word' id='word_1_31' title='bbox 2373 605 2577 674; x_wconf 78' lang='grc' dir='ltr'>συνεὶς,</span> <span class='ocrx_word' id='word_1_32' title='bbox 2593 606 2728 668; x_wconf 72' lang='lat' dir='ltr'><strong>tam;</strong></span> <span class='ocrx_word' id='word_1_33' title='bbox 2746 606 3100 678; x_wconf 80' lang='grc' dir='ltr'>παραχρῆμα</span> <span class='ocrx_word' id='word_1_34' title='bbox 3119 606 3852 680; x_wconf 81' lang='grc' dir='ltr'>ὠφεληθήσονται(67).”οτι</span> 
     </span>
    </p>
   </div>
   <div class='ocr_carea' id='block_1_6' title="bbox 542 689 2122 769">
    <p class='ocr_par' dir='ltr' id='par_1_6' title="bbox 542 697 2122 763">
     <span class='ocr_line' id='line_1_6' title="bbox 542 697 2122 763; baseline -0.001 -11"><span class='ocrx_word' id='word_1_35' title='bbox 542 697 822 763; x_wconf 91' lang='lat' dir='ltr'><strong>dictione,</strong></span> <span class='ocrx_word' id='word_1_36' title='bbox 853 699 1148 753; x_wconf 92' lang='lat' dir='ltr'><strong>Dominum</strong></span> <span class='ocrx_word' id='word_1_37' title='bbox 1186 713 1370 752; x_wconf 91' lang='lat' dir='ltr'><strong>meum</strong></span> <span class='ocrx_word' id='word_1_38' title='bbox 1401 698 1588 753; x_wconf 83' lang='lat' dir='ltr'><strong>Jesum</strong></span> <span class='ocrx_word' id='word_1_39' title='bbox 1623 697 1936 761; x_wconf 85' lang='lat' dir='ltr'><strong>Christum,</strong></span> <span class='ocrx_word' id='word_1_40' title='bbox 1970 697 2122 752; x_wconf 86' lang='lat' dir='ltr'><strong>solun</strong></span> 
     </span>
    </p>
   </div>
   <div class='ocr_carea' id='block_1_7' title="bbox 2223 689 3851 769">
    <p class='ocr_par' dir='ltr' id='par_1_7' title="bbox 2252 689 3851 769">
     <span class='ocr_line' id='line_1_7' title="bbox 2252 689 3851 769; baseline 0.007 -27"><span class='ocrx_word' id='word_1_41' title='bbox 2252 689 2318 742; x_wconf 75' lang='grc' dir='ltr'>ἐκ</span> <span class='ocrx_word' id='word_1_42' title='bbox 2342 689 2514 762; x_wconf 85' lang='grc' dir='ltr'>μόνης</span> <span class='ocrx_word' id='word_1_43' title='bbox 2540 692 2646 763; x_wconf 83' lang='grc' dir='ltr'>τῆς</span> <span class='ocrx_word' id='word_1_44' title='bbox 2667 693 2881 764; x_wconf 78' lang='grc' dir='ltr'>ρήσεως</span> <span class='ocrx_word' id='word_1_45' title='bbox 2910 694 3116 766; x_wconf 80' lang='grc' dir='ltr'><strong>ταύτης</strong></span> <span class='ocrx_word' id='word_1_46' title='bbox 3137 695 3427 767; x_wconf 76' lang='grc' dir='ltr'>ἄνθρωπον</span> <span class='ocrx_word' id='word_1_47' title='bbox 3453 697 3634 769; x_wconf 81' lang='grc' dir='ltr'>μόνον,</span> <span class='ocrx_word' id='word_1_48' title='bbox 3669 701 3768 752; x_wconf 70' lang='grc' dir='ltr'><strong>καὶ</strong></span> <span class='ocrx_word' id='word_1_49' title='bbox 3787 701 3851 753; x_wconf 76' lang='grc' dir='ltr'>οὒ</span> 
     </span>
    </p>
   </div>
   <div class='ocr_carea' id='block_1_8' title="bbox 543 787 2151 858">
    <p class='ocr_par' dir='ltr' id='par_1_8' title="bbox 543 787 2151 858">
     <span class='ocr_line' id='line_1_8' title="bbox 543 787 2151 858; baseline 0.002 -17"><span class='ocrx_word' id='word_1_50' title='bbox 543 787 859 852; x_wconf 87' lang='lat' dir='ltr'><strong>hominem,</strong></span> <span class='ocrx_word' id='word_1_51' title='bbox 885 799 943 844; x_wconf 90' lang='lat' dir='ltr'><strong>et</strong></span> <span class='ocrx_word' id='word_1_52' title='bbox 976 802 1090 842; x_wconf 89' lang='lat' dir='ltr'><strong>non</strong></span> <span class='ocrx_word' id='word_1_53' title='bbox 1124 787 1298 843; x_wconf 88' lang='lat' dir='ltr'><strong>Deum</strong></span> <span class='ocrx_word' id='word_1_54' title='bbox 1339 787 1668 858; x_wconf 84' lang='lat' dir='ltr'><strong>suspicaris,</strong></span> <span class='ocrx_word' id='word_1_55' title='bbox 1702 788 1830 858; x_wconf 88' lang='lat' dir='ltr'><strong>quia</strong></span> <span class='ocrx_word' id='word_1_56' title='bbox 1866 789 2005 843; x_wconf 78' lang='lat' dir='ltr'><strong>dixit</strong></span> <span class='ocrx_word' id='word_1_57' title='bbox 2035 789 2151 844; x_wconf 88' lang='lat' dir='ltr'><strong>suis</strong></span> 
     </span>
    </p>
   </div>
   <div class='ocr_carea' id='block_1_9' title="bbox 544 876 2148 948">
    <p class='ocr_par' dir='ltr' id='par_1_9' title="bbox 544 876 2148 948">
     <span class='ocr_line' id='line_1_9' title="bbox 544 876 2148 948; baseline 0.004 -18"><span class='ocrx_word' id='word_1_58' title='bbox 544 876 834 948; x_wconf 84' lang='lat' dir='ltr'><strong>discipulis</strong></span> <span class='ocrx_word' id='word_1_59' title='bbox 878 896 892 932; x_wconf 88' lang='lat'><strong>:</strong></span> <span class='ocrx_word' id='word_1_60' title='bbox 935 878 1082 933; x_wconf 85' lang='lat' dir='ltr'><strong>Vada</strong></span> <span class='ocrx_word' id='word_1_61' title='bbox 1125 879 1198 933; x_wconf 86' lang='lat' dir='ltr'><strong>ad</strong></span> <span class='ocrx_word' id='word_1_62' title='bbox 1241 878 1461 933; x_wconf 81' lang='lat' dir='ltr'><strong>Patrem</strong></span> <span class='ocrx_word' id='word_1_63' title='bbox 1504 896 1707 944; x_wconf 84' lang='lat' dir='ltr'><strong>meum,</strong></span> <span class='ocrx_word' id='word_1_64' title='bbox 1745 888 1884 942; x_wconf 64' lang='grc' dir='ltr'>ειη..</span> <span class='ocrx_word' id='word_1_65' title='bbox 1923 880 2148 936; x_wconf 88' lang='lat' dir='ltr'><strong>attende</strong></span> 
     </span>
    </p>
   </div>
   <div class='ocr_carea' id='block_1_10' title="bbox 543 970 2150 1042">
    <p class='ocr_par' dir='ltr' id='par_1_10' title="bbox 543 970 2150 1042">
     <span class='ocr_line' id='line_1_10' title="bbox 543 970 2150 1042; baseline 0.002 -19"><span class='ocrx_word' id='word_1_66' title='bbox 543 970 859 1042; x_wconf 80' lang='lat' dir='ltr'><strong>diligenter.</strong></span> <span class='ocrx_word' id='word_1_67' title='bbox 880 971 1021 1038; x_wconf 86' lang='lat' dir='ltr'><strong>Quia</strong></span> <span class='ocrx_word' id='word_1_68' title='bbox 1041 972 1348 1028; x_wconf 87' lang='lat' dir='ltr'><strong>secundum</strong></span> <span class='ocrx_word' id='word_1_69' title='bbox 1368 973 1736 1037; x_wconf 90' lang='lat' dir='ltr'><strong>divinitatem,</strong></span> <span class='ocrx_word' id='word_1_70' title='bbox 1757 974 1905 1028; x_wconf 86' lang='lat' dir='ltr'><strong>Deus</strong></span> <span class='ocrx_word' id='word_1_71' title='bbox 1921 982 2041 1028; x_wconf 90' lang='lat' dir='ltr'><strong>erat</strong></span> <span class='ocrx_word' id='word_1_72' title='bbox 2057 1015 2073 1038; x_wconf 95' lang='lat'><strong>,</strong></span> <span class='ocrx_word' id='word_1_73' title='bbox 2091 981 2150 1030; x_wconf 90' lang='lat' dir='ltr'><strong>et</strong></span> 
     </span>
    </p>
   </div>
   <div class='ocr_carea' id='block_1_11' title="bbox 546 1064 2146 1133">
    <p class='ocr_par' dir='ltr' id='par_1_11' title="bbox 546 1064 2146 1133">
     <span class='ocr_line' id='line_1_11' title="bbox 546 1064 2146 1133; baseline 0.005 -16"><span class='ocrx_word' id='word_1_74' title='bbox 546 1064 719 1120; x_wconf 88' lang='lat' dir='ltr'><strong>Filius</strong></span> <span class='ocrx_word' id='word_1_75' title='bbox 759 1064 888 1131; x_wconf 83' lang='lat' dir='ltr'><strong>Dei;</strong></span> <span class='ocrx_word' id='word_1_76' title='bbox 933 1066 1240 1122; x_wconf 86' lang='lat' dir='ltr'><strong>secundum</strong></span> <span class='ocrx_word' id='word_1_77' title='bbox 1283 1076 1567 1133; x_wconf 88' lang='lat' dir='ltr'><strong>naturam,</strong></span> <span class='ocrx_word' id='word_1_78' title='bbox 1596 1068 1733 1123; x_wconf 82' lang='lat' dir='ltr'><strong>dixit</strong></span> <span class='ocrx_word' id='word_1_79' title='bbox 1767 1070 1944 1124; x_wconf 89' lang='lat' dir='ltr'><strong>Deum</strong></span> <span class='ocrx_word' id='word_1_80' title='bbox 1983 1085 2146 1125; x_wconf 86' lang='lat' dir='ltr'><strong>suum</strong></span> 
     </span>
    </p>
   </div>
   <div class='ocr_carea' id='block_1_12' title="bbox 544 1157 2143 1229">
    <p class='ocr_par' dir='ltr' id='par_1_12' title="bbox 544 1157 2143 1229">
     <span class='ocr_line' id='line_1_12' title="bbox 544 1157 2143 1229; baseline 0.004 -17"><span class='ocrx_word' id='word_1_81' title='bbox 544 1157 790 1224; x_wconf 80' lang='lat' dir='ltr'><strong>Patrem;</strong></span> <span class='ocrx_word' id='word_1_82' title='bbox 813 1158 1120 1214; x_wconf 90' lang='lat' dir='ltr'><strong>secundum</strong></span> <span class='ocrx_word' id='word_1_83' title='bbox 1136 1176 1453 1216; x_wconf 81' lang='lat' dir='ltr'><strong>mensuram</strong></span> <span class='ocrx_word' id='word_1_84' title='bbox 1474 1178 1606 1217; x_wconf 89' lang='lat' dir='ltr'><strong>vero</strong></span> <span class='ocrx_word' id='word_1_85' title='bbox 1626 1162 1988 1219; x_wconf 81' lang='lat' dir='ltr'><strong>humanitatis</strong></span> <span class='ocrx_word' id='word_1_86' title='bbox 2007 1178 2143 1229; x_wconf 66' lang='lat' dir='ltr'><strong>suae,</strong></span> 
     </span>
    </p>
   </div>
   <div class='ocr_carea' id='block_1_13' title="bbox 543 1249 2146 1321">
    <p class='ocr_par' dir='ltr' id='par_1_13' title="bbox 543 1249 2146 1321">
     <span class='ocr_line' id='line_1_13' title="bbox 543 1249 2146 1321; baseline 0.006 -20"><span class='ocrx_word' id='word_1_87' title='bbox 543 1249 846 1306; x_wconf 85' lang='lat' dir='ltr'><strong>ostendens</strong></span> <span class='ocrx_word' id='word_1_88' title='bbox 903 1251 1051 1321; x_wconf 91' lang='lat' dir='ltr'><strong>quod</strong></span> <span class='ocrx_word' id='word_1_89' title='bbox 1098 1267 1290 1308; x_wconf 82' lang='lat' dir='ltr'><strong>revera</strong></span> <span class='ocrx_word' id='word_1_90' title='bbox 1340 1254 1508 1308; x_wconf 86' lang='lat' dir='ltr'><strong>homo</strong></span> <span class='ocrx_word' id='word_1_91' title='bbox 1551 1262 1701 1319; x_wconf 85' lang='lat' dir='ltr'><strong>erat,</strong></span> <span class='ocrx_word' id='word_1_92' title='bbox 1751 1255 1917 1309; x_wconf 82' lang='lat' dir='ltr'><strong>manu</strong></span> <span class='ocrx_word' id='word_1_93' title='bbox 1964 1256 2146 1312; x_wconf 85' lang='lat' dir='ltr'><strong>Patris</strong></span> 
     </span>
    </p>
   </div>
   <div class='ocr_carea' id='block_1_14' title="bbox 542 1335 2145 1410">
    <p class='ocr_par' dir='ltr' id='par_1_14' title="bbox 542 1335 2145 1410">
     <span class='ocr_line' id='line_1_14' title="bbox 542 1335 2145 1410; baseline 0.007 -19"><span class='ocrx_word' id='word_1_94' title='bbox 542 1335 803 1404; x_wconf 78' lang='lat' dir='ltr'><strong>effectus,</strong></span> <span class='ocrx_word' id='word_1_95' title='bbox 839 1341 1227 1410; x_wconf 84' lang='lat' dir='ltr'><strong>pronuntiavit</strong></span> <span class='ocrx_word' id='word_1_96' title='bbox 1264 1343 1483 1398; x_wconf 86' lang='lat' dir='ltr'><strong>Patrem</strong></span> <span class='ocrx_word' id='word_1_97' title='bbox 1528 1359 1724 1408; x_wconf 87' lang='lat' dir='ltr'><strong>suum,</strong></span> <span class='ocrx_word' id='word_1_98' title='bbox 1756 1345 2048 1400; x_wconf 89' lang='lat' dir='ltr'><strong>Dominum</strong></span> <span class='ocrx_word' id='word_1_99' title='bbox 2087 1355 2145 1402; x_wconf 86' lang='lat' dir='ltr'><strong>et</strong></span> 
     </span>
    </p>
   </div>
   <div class='ocr_carea' id='block_1_15' title="bbox 543 1428 2142 1508">
    <p class='ocr_par' dir='ltr' id='par_1_15' title="bbox 543 1428 2142 1508">
     <span class='ocr_line' id='line_1_15' title="bbox 543 1428 2142 1508; baseline 0.007 -26"><span class='ocrx_word' id='word_1_100' title='bbox 543 1428 739 1484; x_wconf 88' lang='lat' dir='ltr'><strong>herum</strong></span> <span class='ocrx_word' id='word_1_101' title='bbox 783 1431 1087 1501; x_wconf 82' lang='lat' dir='ltr'><strong>appellans.</strong></span> <span class='ocrx_word' id='word_1_102' title='bbox 1134 1433 1210 1488; x_wconf 87' lang='lat' dir='ltr'><strong>De</strong></span> <span class='ocrx_word' id='word_1_103' title='bbox 1263 1434 1378 1488; x_wconf 89' lang='lat' dir='ltr'><strong>suis</strong></span> <span class='ocrx_word' id='word_1_104' title='bbox 1422 1444 1608 1490; x_wconf 89' lang='lat' dir='ltr'><strong>autem</strong></span> <span class='ocrx_word' id='word_1_105' title='bbox 1660 1436 1951 1507; x_wconf 84' lang='lat' dir='ltr'><strong>discipulis</strong></span> <span class='ocrx_word' id='word_1_106' title='bbox 1992 1438 2142 1508; x_wconf 89' lang='lat' dir='ltr'><strong>quod</strong></span> 
     </span>
    </p>
   </div>
   <div class='ocr_carea' id='block_1_16' title="bbox 542 1519 2139 1597">
    <p class='ocr_par' dir='ltr' id='par_1_16' title="bbox 542 1519 2139 1597">
     <span class='ocr_line' id='line_1_16' title="bbox 542 1519 2139 1597; baseline 0.01 -25"><span class='ocrx_word' id='word_1_107' title='bbox 542 1519 650 1574; x_wconf 84' lang='lat' dir='ltr'><strong>hoc</strong></span> <span class='ocrx_word' id='word_1_108' title='bbox 679 1520 849 1588; x_wconf 80' lang='lat' dir='ltr'><strong>dixit,</strong></span> <span class='ocrx_word' id='word_1_109' title='bbox 879 1522 1017 1578; x_wconf 85' lang='lat' dir='ltr'><strong>nihil</strong></span> <span class='ocrx_word' id='word_1_110' title='bbox 1047 1539 1343 1595; x_wconf 88' lang='lat' dir='ltr'><strong>perperam</strong></span> <span class='ocrx_word' id='word_1_111' title='bbox 1377 1528 1645 1586; x_wconf 90' lang='lat' dir='ltr'><strong>mentitus</strong></span> <span class='ocrx_word' id='word_1_112' title='bbox 1675 1538 1778 1585; x_wconf 86' lang='lat' dir='ltr'><strong>est.</strong></span> <span class='ocrx_word' id='word_1_113' title='bbox 1803 1530 1961 1597; x_wconf 87' lang='lat' dir='ltr'><strong>Quod</strong></span> <span class='ocrx_word' id='word_1_114' title='bbox 1991 1533 2139 1588; x_wconf 92' lang='lat' dir='ltr'><strong>enim</strong></span> 
     </span>
    </p>
   </div>
   <div class='ocr_carea' id='block_1_17' title="bbox 541 1613 2142 1694">
    <p class='ocr_par' dir='ltr' id='par_1_17' title="bbox 541 1613 2142 1694">
     <span class='ocr_line' id='line_1_17' title="bbox 541 1613 2142 1694; baseline 0.007 -26"><span class='ocrx_word' id='word_1_115' title='bbox 541 1613 758 1668; x_wconf 82' lang='lat' dir='ltr'><strong>Patrem</strong></span> <span class='ocrx_word' id='word_1_116' title='bbox 788 1615 1188 1686; x_wconf 89' lang='lat' dir='ltr'><strong>discipulorum</strong></span> <span class='ocrx_word' id='word_1_117' title='bbox 1223 1635 1450 1675; x_wconf 89' lang='lat' dir='ltr'><strong>suorum</strong></span> <span class='ocrx_word' id='word_1_118' title='bbox 1482 1621 1624 1676; x_wconf 82' lang='lat' dir='ltr'><strong>dixit</strong></span> <span class='ocrx_word' id='word_1_119' title='bbox 1647 1623 1842 1690; x_wconf 87' lang='lat' dir='ltr'><strong>Deum,</strong></span> <span class='ocrx_word' id='word_1_120' title='bbox 1867 1625 2142 1694; x_wconf 86' lang='lat' dir='ltr'><strong>propheta</strong></span> 
     </span>
    </p>
   </div>
   <div class='ocr_carea' id='block_1_18' title="bbox 540 1700 2137 1782">
    <p class='ocr_par' dir='ltr' id='par_1_18' title="bbox 540 1700 2137 1782">
     <span class='ocr_line' id='line_1_18' title="bbox 540 1700 2137 1782; baseline 0.011 -28"><span class='ocrx_word' id='word_1_121' title='bbox 540 1700 686 1756; x_wconf 90' lang='lat' dir='ltr'><strong>idem</strong></span> <span class='ocrx_word' id='word_1_122' title='bbox 703 1703 810 1758; x_wconf 88' lang='lat' dir='ltr'><strong>ait:</strong></span> <span class='ocrx_word' id='word_1_123' title='bbox 831 1703 994 1760; x_wconf 79' lang='lat' dir='ltr'><strong>Filios</strong></span> <span class='ocrx_word' id='word_1_124' title='bbox 1016 1709 1195 1777; x_wconf 83' lang='lat' dir='ltr'><strong>genui,</strong></span> <span class='ocrx_word' id='word_1_125' title='bbox 1213 1717 1262 1762; x_wconf 83' lang='lat' dir='ltr'><strong>et</strong></span> <span class='ocrx_word' id='word_1_126' title='bbox 1279 1709 1534 1766; x_wconf 74' lang='lat' dir='ltr'><strong>exaltavi.</strong></span> <span class='ocrx_word' id='word_1_127' title='bbox 1554 1712 1713 1779; x_wconf 88' lang='lat' dir='ltr'><strong>Quod</strong></span> <span class='ocrx_word' id='word_1_128' title='bbox 1732 1723 1919 1770; x_wconf 89' lang='lat' dir='ltr'><strong>autem</strong></span> <span class='ocrx_word' id='word_1_129' title='bbox 1939 1716 2137 1782; x_wconf 87' lang='lat' dir='ltr'><strong>Deum,</strong></span> 
     </span>
    </p>
   </div>
   <div class='ocr_carea' id='block_1_19' title="bbox 537 1793 2135 1879">
    <p class='ocr_par' dir='ltr' id='par_1_19' title="bbox 537 1793 2135 1879">
     <span class='ocr_line' id='line_1_19' title="bbox 537 1793 2135 1879; baseline 0.014 -36"><span class='ocrx_word' id='word_1_130' title='bbox 537 1793 719 1848; x_wconf 89' lang='lat' dir='ltr'><strong>omnis</strong></span> <span class='ocrx_word' id='word_1_131' title='bbox 754 1795 1031 1868; x_wconf 76' lang='lat' dir='ltr'><strong>terrigena</strong></span> <span class='ocrx_word' id='word_1_132' title='bbox 1058 1798 1274 1856; x_wconf 85' lang='lat' dir='ltr'><strong>factura</strong></span> <span class='ocrx_word' id='word_1_133' title='bbox 1302 1812 1388 1857; x_wconf 89' lang='lat' dir='ltr'><strong>est</strong></span> <span class='ocrx_word' id='word_1_134' title='bbox 1418 1814 1476 1859; x_wconf 91' lang='lat' dir='ltr'><strong>et</strong></span> <span class='ocrx_word' id='word_1_135' title='bbox 1500 1816 1757 1862; x_wconf 88' lang='lat' dir='ltr'><strong>creatura</strong></span> <span class='ocrx_word' id='word_1_136' title='bbox 1789 1807 1965 1879; x_wconf 84' lang='lat' dir='ltr'><strong>ipsius</strong></span> <span class='ocrx_word' id='word_1_137' title='bbox 1990 1809 2087 1865; x_wconf 88' lang='lat' dir='ltr'><strong>Dei</strong></span> <span class='ocrx_word' id='word_1_138' title='bbox 2117 1826 2135 1866; x_wconf 89' lang='lat'><strong><em>:</em></strong></span> 
     </span>
    </p>
   </div>
   <div class='ocr_carea' id='block_1_20' title="bbox 2250 781 3848 862">
    <p class='ocr_par' dir='ltr' id='par_1_20' title="bbox 2250 781 3848 862">
     <span class='ocr_line' id='line_1_20' title="bbox 2250 781 3848 862; baseline 0.006 -29"><span class='ocrx_word' id='word_1_139' title='bbox 2250 781 2384 834; x_wconf 84' lang='grc' dir='ltr'>Θεὸν</span> <span class='ocrx_word' id='word_1_140' title='bbox 2428 784 2790 850; x_wconf 78' lang='grc' dir='ltr'>κατοπτεύεις</span> <span class='ocrx_word' id='word_1_141' title='bbox 2831 786 2926 839; x_wconf 90' lang='grc' dir='ltr'><strong>τὸν</strong></span> <span class='ocrx_word' id='word_1_142' title='bbox 2958 785 3168 860; x_wconf 80' lang='grc' dir='ltr'>Κύριόν</span> <span class='ocrx_word' id='word_1_143' title='bbox 3209 805 3311 857; x_wconf 87' lang='grc' dir='ltr'><strong>μου</strong></span> <span class='ocrx_word' id='word_1_144' title='bbox 3349 789 3554 860; x_wconf 79' lang='grc' dir='ltr'><strong>Ἰησοῦν</strong></span> <span class='ocrx_word' id='word_1_145' title='bbox 3583 791 3848 862; x_wconf 84' lang='grc' dir='ltr'>Χριστὸν,</span> 
     </span>
    </p>
   </div>
   <div class='ocr_carea' id='block_1_21' title="bbox 2248 871 3851 954">
    <p class='ocr_par' dir='ltr' id='par_1_21' title="bbox 2248 871 3851 954">
     <span class='ocr_line' id='line_1_21' title="bbox 2248 871 3851 954; baseline 0.009 -28"><span class='ocrx_word' id='word_1_146' title='bbox 2248 871 2331 927; x_wconf 81' lang='grc' dir='ltr'>ὅτι</span> <span class='ocrx_word' id='word_1_147' title='bbox 2378 874 2573 946; x_wconf 77' lang='grc' dir='ltr'>εἴρηκε</span> <span class='ocrx_word' id='word_1_148' title='bbox 2614 879 2731 942; x_wconf 79' lang='grc' dir='ltr'>τοῖς</span> <span class='ocrx_word' id='word_1_149' title='bbox 2781 878 3058 950; x_wconf 79' lang='grc' dir='ltr'><strong>μαθηταῖς</strong></span> <span class='ocrx_word' id='word_1_150' title='bbox 3088 881 3282 936; x_wconf 85' lang='grc' dir='ltr'>αὐτοῦ·</span> <span class='ocrx_word' id='word_1_151' title='bbox 3313 883 3648 954; x_wconf 80' lang='grc' dir='ltr'>Πορεὺομαι</span> <span class='ocrx_word' id='word_1_152' title='bbox 3695 886 3851 954; x_wconf 76' lang='grc' dir='ltr'>,πρὸς</span> 
     </span>
    </p>
   </div>
   <div class='ocr_carea' id='block_1_22' title="bbox 2249 967 3897 1051">
    <p class='ocr_par' dir='ltr' id='par_1_22' title="bbox 2249 967 3897 1051">
     <span class='ocr_line' id='line_1_22' title="bbox 2249 967 3897 1051; baseline 0.008 -30"><span class='ocrx_word' id='word_1_153' title='bbox 2249 967 2360 1023; x_wconf 77' lang='grc' dir='ltr'><strong>τὸν</strong></span> <span class='ocrx_word' id='word_1_154' title='bbox 2381 971 2618 1040; x_wconf 82' lang='grc' dir='ltr'><strong>Πατέρα</strong></span> <span class='ocrx_word' id='word_1_155' title='bbox 2640 989 2784 1042; x_wconf 82' lang='grc' dir='ltr'>μου,</span> <span class='ocrx_word' id='word_1_156' title='bbox 2825 975 2924 1027; x_wconf 77' lang='grc' dir='ltr'>καὶ</span> <span class='ocrx_word' id='word_1_157' title='bbox 2960 974 3029 1028; x_wconf 82' lang='grc' dir='ltr'><strong>τὰ</strong></span> <span class='ocrx_word' id='word_1_158' title='bbox 3062 974 3192 1047; x_wconf 77' lang='grc' dir='ltr'><strong>ἑξῆς</strong></span> <span class='ocrx_word' id='word_1_159' title='bbox 3214 1017 3234 1042; x_wconf 86' lang='lat'><strong>,</strong></span> <span class='ocrx_word' id='word_1_160' title='bbox 3259 978 3523 1048; x_wconf 77' lang='grc' dir='ltr'><strong>πρόσεχε.</strong></span> <span class='ocrx_word' id='word_1_161' title='bbox 3548 979 3711 1034; x_wconf 83' lang='grc' dir='ltr'><strong>Κατὰ</strong></span> <span class='ocrx_word' id='word_1_162' title='bbox 3744 980 3853 1051; x_wconf 81' lang='grc' dir='ltr'>μὲν</span> <span class='ocrx_word' id='word_1_163' title='bbox 3893 982 3897 984; x_wconf 74' lang='grc'><strong>’</strong></span> 
     </span>
    </p>
   </div>
   <div class='ocr_carea' id='block_1_23' title="bbox 2247 1061 3846 1139">
    <p class='ocr_par' dir='ltr' id='par_1_23' title="bbox 2247 1061 3846 1139">
     <span class='ocr_line' id='line_1_23' title="bbox 2247 1061 3846 1139; baseline 0.008 -25"><span class='ocrx_word' id='word_1_164' title='bbox 2247 1061 2346 1132; x_wconf 85' lang='grc' dir='ltr'>τὴν</span> <span class='ocrx_word' id='word_1_165' title='bbox 2393 1061 2647 1136; x_wconf 84' lang='grc' dir='ltr'>θεότητα,</span> <span class='ocrx_word' id='word_1_166' title='bbox 2677 1064 2759 1120; x_wconf 82' lang='grc' dir='ltr'>ὅτι</span> <span class='ocrx_word' id='word_1_167' title='bbox 2808 1066 2946 1131; x_wconf 85' lang='grc' dir='ltr'><strong>Θεὸς</strong></span> <span class='ocrx_word' id='word_1_168' title='bbox 2995 1063 3100 1139; x_wconf 79' lang='grc' dir='ltr'><strong>ἦν,</strong></span> <span class='ocrx_word' id='word_1_169' title='bbox 3157 1068 3255 1122; x_wconf 76' lang='grc' dir='ltr'>καὶ</span> <span class='ocrx_word' id='word_1_170' title='bbox 3307 1068 3439 1134; x_wconf 78' lang='grc' dir='ltr'>Υἱὸς</span> <span class='ocrx_word' id='word_1_171' title='bbox 3487 1068 3662 1124; x_wconf 78' lang='grc' dir='ltr'>Θεοῦο</span> <span class='ocrx_word' id='word_1_172' title='bbox 3697 1073 3846 1127; x_wconf 68' lang='grc' dir='ltr'>κατὰ</span> 
     </span>
    </p>
   </div>
   <div class='ocr_carea' id='block_1_24' title="bbox 2247 1153 3847 1234">
    <p class='ocr_par' dir='ltr' id='par_1_24' title="bbox 2247 1153 3847 1234">
     <span class='ocr_line' id='line_1_24' title="bbox 2247 1153 3847 1234; baseline 0.006 -27"><span class='ocrx_word' id='word_1_173' title='bbox 2247 1153 2412 1224; x_wconf 82' lang='grc' dir='ltr'>φύσιν</span> <span class='ocrx_word' id='word_1_174' title='bbox 2461 1155 2656 1228; x_wconf 74' lang='grc' dir='ltr'>εἴρηκε</span> <span class='ocrx_word' id='word_1_175' title='bbox 2697 1157 2788 1211; x_wconf 84' lang='grc' dir='ltr'><strong>τὸν</strong></span> <span class='ocrx_word' id='word_1_176' title='bbox 2825 1157 2962 1213; x_wconf 93' lang='grc' dir='ltr'>Θεὸν</span> <span class='ocrx_word' id='word_1_177' title='bbox 2996 1159 3194 1215; x_wconf 84' lang='grc' dir='ltr'>ἑαυτοῦ</span> <span class='ocrx_word' id='word_1_178' title='bbox 3221 1163 3445 1234; x_wconf 73' lang='grc' dir='ltr'>Πατέρα</span> <span class='ocrx_word' id='word_1_179' title='bbox 3474 1177 3488 1192; x_wconf 90' lang='grc'><strong>·</strong></span> <span class='ocrx_word' id='word_1_180' title='bbox 3521 1161 3668 1217; x_wconf 77' lang='grc' dir='ltr'>κατὰ</span> <span class='ocrx_word' id='word_1_181' title='bbox 3693 1164 3754 1216; x_wconf 70' lang='grc' dir='ltr'>δὲ</span> <span class='ocrx_word' id='word_1_182' title='bbox 3779 1164 3847 1217; x_wconf 84' lang='grc' dir='ltr'>τὸ</span> 
     </span>
    </p>
   </div>
   <div class='ocr_carea' id='block_1_25' title="bbox 2250 1249 3838 1326">
    <p class='ocr_par' dir='ltr' id='par_1_25' title="bbox 2250 1249 3838 1326">
     <span class='ocr_line' id='line_1_25' title="bbox 2250 1249 3838 1326; baseline 0.005 -24"><span class='ocrx_word' id='word_1_183' title='bbox 2250 1249 2454 1320; x_wconf 77' lang='grc' dir='ltr'>μέτρον</span> <span class='ocrx_word' id='word_1_184' title='bbox 2507 1251 2610 1322; x_wconf 83' lang='grc' dir='ltr'>τῆς</span> <span class='ocrx_word' id='word_1_185' title='bbox 2660 1250 3088 1326; x_wconf 77' lang='grc' dir='ltr'>ἀνθρωτιότητος</span> <span class='ocrx_word' id='word_1_186' title='bbox 3137 1253 3330 1320; x_wconf 85' lang='grc' dir='ltr'>αὐτοῦ,</span> <span class='ocrx_word' id='word_1_187' title='bbox 3360 1255 3577 1320; x_wconf 78' lang='grc' dir='ltr'>δεικνὺς</span> <span class='ocrx_word' id='word_1_188' title='bbox 3623 1256 3708 1310; x_wconf 86' lang='grc' dir='ltr'>ὅτι</span> <span class='ocrx_word' id='word_1_189' title='bbox 3749 1259 3838 1310; x_wconf 77' lang='grc' dir='ltr'><strong>ἐπ’</strong></span> 
     </span>
    </p>
   </div>
   <div class='ocr_carea' id='block_1_26' title="bbox 2245 1339 3842 1418">
    <p class='ocr_par' dir='ltr' id='par_1_26' title="bbox 2245 1339 3842 1418">
     <span class='ocr_line' id='line_1_26' title="bbox 2245 1339 3842 1418; baseline 0.005 -24"><span class='ocrx_word' id='word_1_190' title='bbox 2245 1339 2507 1412; x_wconf 77' lang='grc' dir='ltr'><strong>ἀληθείας</strong></span> <span class='ocrx_word' id='word_1_191' title='bbox 2556 1340 2848 1414; x_wconf 80' lang='grc' dir='ltr'>ἄνθρωπος</span> <span class='ocrx_word' id='word_1_192' title='bbox 2886 1339 2977 1415; x_wconf 77' lang='grc' dir='ltr'><strong>ἦν,</strong></span> <span class='ocrx_word' id='word_1_193' title='bbox 3011 1345 3161 1418; x_wconf 77' lang='grc' dir='ltr'>χειρὶ</span> <span class='ocrx_word' id='word_1_194' title='bbox 3189 1344 3286 1399; x_wconf 84' lang='grc' dir='ltr'><strong>τοῦ</strong></span> <span class='ocrx_word' id='word_1_195' title='bbox 3325 1347 3542 1418; x_wconf 83' lang='grc' dir='ltr'>Πατρὸς</span> <span class='ocrx_word' id='word_1_196' title='bbox 3573 1347 3842 1401; x_wconf 81' lang='grc' dir='ltr'>ἀποτελε-</span> 
     </span>
    </p>
   </div>
   <div class='ocr_carea' id='block_1_27' title="bbox 2249 1432 3842 1511">
    <p class='ocr_par' dir='ltr' id='par_1_27' title="bbox 2249 1432 3842 1511">
     <span class='ocr_line' id='line_1_27' title="bbox 2249 1432 3842 1511; baseline 0.005 -26"><span class='ocrx_word' id='word_1_197' title='bbox 2249 1432 2418 1498; x_wconf 72' lang='grc' dir='ltr'>σθεὶς,</span> <span class='ocrx_word' id='word_1_198' title='bbox 2451 1434 2713 1507; x_wconf 74' lang='grc' dir='ltr'>ἐνέφηνεν</span> <span class='ocrx_word' id='word_1_199' title='bbox 2759 1436 2954 1491; x_wconf 76' lang='grc' dir='ltr'>ἑαυτοῦ</span> <span class='ocrx_word' id='word_1_200' title='bbox 2997 1437 3091 1492; x_wconf 90' lang='grc' dir='ltr'><strong>τὸν</strong></span> <span class='ocrx_word' id='word_1_201' title='bbox 3145 1439 3387 1510; x_wconf 82' lang='grc' dir='ltr'>Πατέρα,</span> <span class='ocrx_word' id='word_1_202' title='bbox 3410 1439 3616 1511; x_wconf 80' lang='grc' dir='ltr'>Κύριόν</span> <span class='ocrx_word' id='word_1_203' title='bbox 3649 1458 3712 1494; x_wconf 90' lang='grc' dir='ltr'>τε</span> <span class='ocrx_word' id='word_1_204' title='bbox 3744 1441 3842 1495; x_wconf 75' lang='grc' dir='ltr'>καὶ</span> 
     </span>
    </p>
   </div>
   <div class='ocr_carea' id='block_1_28' title="bbox 2246 1527 3840 1606">
    <p class='ocr_par' dir='ltr' id='par_1_28' title="bbox 2246 1527 3840 1606">
     <span class='ocr_line' id='line_1_28' title="bbox 2246 1527 3840 1606; baseline 0.006 -28"><span class='ocrx_word' id='word_1_205' title='bbox 2246 1527 2526 1597; x_wconf 86' lang='grc' dir='ltr'>Δεσπότην</span> <span class='ocrx_word' id='word_1_206' title='bbox 2585 1528 2901 1586; x_wconf 78' lang='grc' dir='ltr'>ἀποκαλῶν.</span> <span class='ocrx_word' id='word_1_207' title='bbox 2945 1531 3084 1603; x_wconf 76' lang='grc' dir='ltr'>Περὶ</span> <span class='ocrx_word' id='word_1_208' title='bbox 3117 1531 3174 1586; x_wconf 82' lang='grc' dir='ltr'>δὲ</span> <span class='ocrx_word' id='word_1_209' title='bbox 3207 1532 3320 1586; x_wconf 89' lang='grc' dir='ltr'><strong>τῶν</strong></span> <span class='ocrx_word' id='word_1_210' title='bbox 3361 1532 3624 1606; x_wconf 81' lang='grc' dir='ltr'>μαθητῶν</span> <span class='ocrx_word' id='word_1_211' title='bbox 3667 1534 3840 1588; x_wconf 82' lang='grc' dir='ltr'>αὐτοῦ</span> 
     </span>
    </p>
   </div>
   <div class='ocr_carea' id='block_1_29' title="bbox 2244 1621 3847 1702">
    <p class='ocr_par' dir='ltr' id='par_1_29' title="bbox 2244 1621 3847 1702">
     <span class='ocr_line' id='line_1_29' title="bbox 2244 1621 3847 1702; baseline 0.004 -27"><span class='ocrx_word' id='word_1_212' title='bbox 2244 1621 2326 1675; x_wconf 85' lang='grc' dir='ltr'><strong>ὅτι</strong></span> <span class='ocrx_word' id='word_1_213' title='bbox 2375 1621 2568 1694; x_wconf 77' lang='grc' dir='ltr'>εἴρηκε</span> <span class='ocrx_word' id='word_1_214' title='bbox 2609 1621 2796 1689; x_wconf 84' lang='grc' dir='ltr'>τοῦτο,</span> <span class='ocrx_word' id='word_1_215' title='bbox 2825 1623 2978 1678; x_wconf 80' lang='grc' dir='ltr'>οὐδὲν</span> <span class='ocrx_word' id='word_1_216' title='bbox 3026 1625 3414 1696; x_wconf 79' lang='grc' dir='ltr'>παρεψεύσατο</span> <span class='ocrx_word' id='word_1_217' title='bbox 3437 1667 3455 1692; x_wconf 85' lang='grc'><em>,</em></span> <span class='ocrx_word' id='word_1_218' title='bbox 3483 1629 3693 1700; x_wconf 81' lang='grc' dir='ltr'>ὅτιμὲν</span> <span class='ocrx_word' id='word_1_219' title='bbox 3726 1629 3847 1702; x_wconf 76' lang='grc' dir='ltr'>γὰρ</span> 
     </span>
    </p>
   </div>
   <div class='ocr_carea' id='block_1_30' title="bbox 2245 1715 3836 1791">
    <p class='ocr_par' dir='ltr' id='par_1_30' title="bbox 2245 1715 3836 1791">
     <span class='ocr_line' id='line_1_30' title="bbox 2245 1715 3836 1791; baseline 0.005 -23"><span class='ocrx_word' id='word_1_220' title='bbox 2245 1715 2466 1786; x_wconf 78' lang='grc' dir='ltr'><strong>Πατέρα</strong></span> <span class='ocrx_word' id='word_1_221' title='bbox 2525 1715 2827 1789; x_wconf 79' lang='grc' dir='ltr'>λελάληκεν</span> <span class='ocrx_word' id='word_1_222' title='bbox 2881 1717 2992 1772; x_wconf 90' lang='grc' dir='ltr'><strong>τῶν</strong></span> <span class='ocrx_word' id='word_1_223' title='bbox 3027 1719 3291 1791; x_wconf 82' lang='grc' dir='ltr'><strong>μαθητῶν</strong></span> <span class='ocrx_word' id='word_1_224' title='bbox 3330 1720 3495 1775; x_wconf 80' lang='grc' dir='ltr'>αὑτοῦ</span> <span class='ocrx_word' id='word_1_225' title='bbox 3534 1721 3630 1775; x_wconf 88' lang='grc' dir='ltr'><strong>τὸν</strong></span> <span class='ocrx_word' id='word_1_226' title='bbox 3674 1721 3836 1787; x_wconf 79' lang='grc' dir='ltr'>Θεὸν,</span> 
     </span>
    </p>
   </div>
   <div class='ocr_carea' id='block_1_31' title="bbox 2246 1806 3834 1883">
    <p class='ocr_par' dir='ltr' id='par_1_31' title="bbox 2246 1806 3834 1883">
     <span class='ocr_line' id='line_1_31' title="bbox 2246 1806 3834 1883; baseline 0.006 -23"><span class='ocrx_word' id='word_1_227' title='bbox 2246 1806 2416 1878; x_wconf 77' lang='grc' dir='ltr'>φησὶν</span> <span class='ocrx_word' id='word_1_228' title='bbox 2439 1810 2468 1862; x_wconf 85' lang='grc' dir='ltr'>ὁ</span> <span class='ocrx_word' id='word_1_229' title='bbox 2523 1809 2840 1882; x_wconf 84' lang='grc' dir='ltr'>προφήτης,</span> <span class='ocrx_word' id='word_1_230' title='bbox 2883 1809 3057 1877; x_wconf 81' lang='grc' dir='ltr'>Υιοὺς</span> <span class='ocrx_word' id='word_1_231' title='bbox 3094 1810 3432 1882; x_wconf 70' lang='grc' dir='ltr'>ἐγέννησα,</span> <span class='ocrx_word' id='word_1_232' title='bbox 3455 1813 3556 1868; x_wconf 70' lang='grc' dir='ltr'>καὶ</span> <span class='ocrx_word' id='word_1_233' title='bbox 3586 1813 3834 1883; x_wconf 55' lang='lat' dir='ltr'><strong>{tv-worn</strong></span> 
     </span>
    </p>
   </div>
   <div class='ocr_carea' id='block_1_32' title="bbox 538 1872 2122 1978">
    <p class='ocr_par' dir='ltr' id='par_1_32' title="bbox 538 1883 2122 1974">
     <span class='ocr_line' id='line_1_32' title="bbox 538 1883 2122 1974; baseline 0.013 -36"><span class='ocrx_word' id='word_1_234' title='bbox 538 1883 651 1940; x_wconf 90' lang='lat' dir='ltr'><strong>imo</strong></span> <span class='ocrx_word' id='word_1_235' title='bbox 683 1902 817 1942; x_wconf 87' lang='lat' dir='ltr'><strong>vero</strong></span> <span class='ocrx_word' id='word_1_236' title='bbox 851 1899 1170 1948; x_wconf 88' lang='lat' dir='ltr'><strong>sanctorum</strong></span> <span class='ocrx_word' id='word_1_237' title='bbox 1203 1895 1352 1951; x_wconf 89' lang='lat' dir='ltr'><strong>Deus</strong></span> <span class='ocrx_word' id='word_1_238' title='bbox 1383 1907 1470 1953; x_wconf 90' lang='lat' dir='ltr'><strong>est</strong></span> <span class='ocrx_word' id='word_1_239' title='bbox 1503 1899 1793 1955; x_wconf 89' lang='lat' dir='ltr'><strong>Dominus.</strong></span> <span class='ocrx_word' id='word_1_240' title='bbox 1828 1903 1900 1957; x_wconf 81' lang='lat' dir='ltr'><strong>At</strong></span> <span class='ocrx_word' id='word_1_241' title='bbox 1935 1901 2122 1974; x_wconf 89' lang='lat' dir='ltr'><strong>impio-</strong></span> 
     </span>
    </p>
   </div>
   <div class='ocr_carea' id='block_1_33' title="bbox 2223 1872 3840 1978">
    <p class='ocr_par' dir='ltr' id='par_1_33' title="bbox 2241 1872 3840 1978">
     <span class='ocr_line' id='line_1_33' title="bbox 2241 1872 3840 1978; baseline 0.005 -25"><span class='ocrx_word' id='word_1_242' title='bbox 2241 1872 2366 1954; x_wconf 71' lang='grc' dir='ltr'>’Ὅτι</span> <span class='ocrx_word' id='word_1_243' title='bbox 2402 1901 2461 1955; x_wconf 83' lang='grc' dir='ltr'>δὲ</span> <span class='ocrx_word' id='word_1_244' title='bbox 2493 1872 2589 1956; x_wconf 56' lang='grc' dir='ltr'><strong>καί</strong></span> <span class='ocrx_word' id='word_1_245' title='bbox 2617 1872 2908 1968; x_wconf 51' lang='grc' dir='ltr'>Θεὸνξπᾶς</span> <span class='ocrx_word' id='word_1_246' title='bbox 2953 1872 3198 1976; x_wconf 47' lang='grc' dir='ltr'>γηγενὴς</span> <span class='ocrx_word' id='word_1_247' title='bbox 3231 1872 3446 1977; x_wconf 76' lang='grc' dir='ltr'>ποίημα</span> <span class='ocrx_word' id='word_1_248' title='bbox 3493 1906 3587 1960; x_wconf 82' lang='grc' dir='ltr'>καὶ</span> <span class='ocrx_word' id='word_1_249' title='bbox 3619 1872 3840 1978; x_wconf 67' lang='grc' dir='ltr'>κτίσμα</span> 
     </span>
    </p>
   </div>
   <div class='ocr_carea' id='block_1_34' title="bbox 537 1988 2133 2062">
    <p class='ocr_par' dir='ltr' id='par_1_34' title="bbox 537 1988 2133 2062">
     <span class='ocr_line' id='line_1_34' title="bbox 537 1988 2133 2062; baseline 0.014 -32"><span class='ocrx_word' id='word_1_250' title='bbox 537 1992 659 2032; x_wconf 87' lang='lat' dir='ltr'><strong>rum</strong></span> <span class='ocrx_word' id='word_1_251' title='bbox 707 1988 766 2036; x_wconf 89' lang='lat' dir='ltr'><strong>et</strong></span> <span class='ocrx_word' id='word_1_252' title='bbox 812 1994 1168 2051; x_wconf 87' lang='lat' dir='ltr'><strong>peccatorum</strong></span> <span class='ocrx_word' id='word_1_253' title='bbox 1222 2003 1332 2042; x_wconf 90' lang='lat' dir='ltr'><strong>non</strong></span> <span class='ocrx_word' id='word_1_254' title='bbox 1379 1999 1464 2045; x_wconf 89' lang='lat' dir='ltr'><strong>est</strong></span> <span class='ocrx_word' id='word_1_255' title='bbox 1510 1991 1656 2048; x_wconf 89' lang='lat' dir='ltr'><strong>Deus</strong></span> <span class='ocrx_word' id='word_1_256' title='bbox 1699 1994 1999 2062; x_wconf 91' lang='lat' dir='ltr'><strong>Dominus,</strong></span> <span class='ocrx_word' id='word_1_257' title='bbox 2037 1998 2133 2054; x_wconf 86' lang='lat' dir='ltr'><strong>sed</strong></span> 
     </span>
    </p>
   </div>
   <div class='ocr_carea' id='block_1_35' title="bbox 534 2076 2135 2156">
    <p class='ocr_par' dir='ltr' id='par_1_35' title="bbox 534 2076 2135 2156">
     <span class='ocr_line' id='line_1_35' title="bbox 534 2076 2135 2156; baseline 0.012 -31"><span class='ocrx_word' id='word_1_258' title='bbox 534 2082 824 2140; x_wconf 88' lang='lat' dir='ltr'><strong>peccatum</strong></span> <span class='ocrx_word' id='word_1_259' title='bbox 857 2083 944 2130; x_wconf 90' lang='lat' dir='ltr'><strong>est</strong></span> <span class='ocrx_word' id='word_1_260' title='bbox 968 2076 1106 2133; x_wconf 91' lang='lat' dir='ltr'><strong>deus</strong></span> <span class='ocrx_word' id='word_1_261' title='bbox 1133 2079 1404 2148; x_wconf 89' lang='lat' dir='ltr'><strong>ipsorum,</strong></span> <span class='ocrx_word' id='word_1_262' title='bbox 1431 2084 1582 2154; x_wconf 88' lang='lat' dir='ltr'><strong>quod</strong></span> <span class='ocrx_word' id='word_1_263' title='bbox 1609 2087 1831 2156; x_wconf 87' lang='lat' dir='ltr'><strong>quidem</strong></span> <span class='ocrx_word' id='word_1_264' title='bbox 1865 2099 2053 2144; x_wconf 89' lang='lat' dir='ltr'><strong>amant</strong></span> <span class='ocrx_word' id='word_1_265' title='bbox 2078 2099 2135 2145; x_wconf 94' lang='lat' dir='ltr'><strong>et</strong></span> 
     </span>
    </p>
   </div>
   <div class='ocr_carea' id='block_1_36' title="bbox 535 2169 2133 2252">
    <p class='ocr_par' dir='ltr' id='par_1_36' title="bbox 535 2169 2133 2252">
     <span class='ocr_line' id='line_1_36' title="bbox 535 2169 2133 2252; baseline 0.014 -36"><span class='ocrx_word' id='word_1_266' title='bbox 535 2175 840 2232; x_wconf 86' lang='lat' dir='ltr'><strong>operantur</strong></span> <span class='ocrx_word' id='word_1_267' title='bbox 876 2185 889 2221; x_wconf 91' lang='lat'><strong>:</strong></span> <span class='ocrx_word' id='word_1_268' title='bbox 926 2169 1090 2225; x_wconf 90' lang='lat' dir='ltr'><strong>Pater</strong></span> <span class='ocrx_word' id='word_1_269' title='bbox 1119 2172 1345 2242; x_wconf 90' lang='lat' dir='ltr'><strong>quidem</strong></span> <span class='ocrx_word' id='word_1_270' title='bbox 1377 2177 1653 2246; x_wconf 87' lang='lat' dir='ltr'><strong>jnstorum</strong></span> <span class='ocrx_word' id='word_1_271' title='bbox 1689 2180 1866 2247; x_wconf 85' lang='lat' dir='ltr'><strong>Deus,</strong></span> <span class='ocrx_word' id='word_1_272' title='bbox 1891 2198 2001 2237; x_wconf 90' lang='lat' dir='ltr'><strong>non</strong></span> <span class='ocrx_word' id='word_1_273' title='bbox 2034 2199 2133 2252; x_wconf 87' lang='lat' dir='ltr'><strong>per</strong></span> 
     </span>
    </p>
   </div>
   <div class='ocr_carea' id='block_1_37' title="bbox 533 2259 2128 2344">
    <p class='ocr_par' dir='ltr' id='par_1_37' title="bbox 533 2259 2128 2344">
     <span class='ocr_line' id='line_1_37' title="bbox 533 2259 2128 2344; baseline 0.014 -37"><span class='ocrx_word' id='word_1_274' title='bbox 533 2264 820 2322; x_wconf 89' lang='lat' dir='ltr'><strong>naturam,</strong></span> <span class='ocrx_word' id='word_1_275' title='bbox 848 2259 944 2314; x_wconf 89' lang='lat' dir='ltr'><strong>sed</strong></span> <span class='ocrx_word' id='word_1_276' title='bbox 978 2277 1076 2330; x_wconf 87' lang='lat' dir='ltr'><strong>per</strong></span> <span class='ocrx_word' id='word_1_277' title='bbox 1103 2264 1338 2332; x_wconf 86' lang='lat' dir='ltr'><strong>gratiam</strong></span> <span class='ocrx_word' id='word_1_278' title='bbox 1375 2285 1387 2319; x_wconf 90' lang='lat'><strong>:</strong></span> <span class='ocrx_word' id='word_1_279' title='bbox 1419 2268 1564 2323; x_wconf 84' lang='lat' dir='ltr'><strong>Deus</strong></span> <span class='ocrx_word' id='word_1_280' title='bbox 1593 2279 1776 2326; x_wconf 89' lang='lat' dir='ltr'><strong>autem</strong></span> <span class='ocrx_word' id='word_1_281' title='bbox 1796 2313 1810 2334; x_wconf 96' lang='lat'><strong>,</strong></span> <span class='ocrx_word' id='word_1_282' title='bbox 1842 2282 1900 2326; x_wconf 93' lang='lat' dir='ltr'><strong>ut</strong></span> <span class='ocrx_word' id='word_1_283' title='bbox 1928 2274 2026 2344; x_wconf 87' lang='lat' dir='ltr'><strong>qui</strong></span> <span class='ocrx_word' id='word_1_284' title='bbox 2061 2274 2128 2330; x_wconf 90' lang='lat' dir='ltr'><strong>ab</strong></span> 
     </span>
    </p>
   </div>
   <div class='ocr_carea' id='block_1_38' title="bbox 533 2349 1983 2433">
    <p class='ocr_par' dir='ltr' id='par_1_38' title="bbox 533 2349 1983 2433">
     <span class='ocr_line' id='line_1_38' title="bbox 533 2349 1983 2433; baseline 0.012 -31"><span class='ocrx_word' id='word_1_285' title='bbox 533 2364 602 2403; x_wconf 91' lang='lat' dir='ltr'><strong>eo</strong></span> <span class='ocrx_word' id='word_1_286' title='bbox 627 2349 775 2421; x_wconf 88' lang='lat' dir='ltr'><strong>quod</strong></span> <span class='ocrx_word' id='word_1_287' title='bbox 806 2367 919 2408; x_wconf 90' lang='lat' dir='ltr'><strong>non</strong></span> <span class='ocrx_word' id='word_1_288' title='bbox 948 2362 1088 2419; x_wconf 88' lang='lat' dir='ltr'><strong>erat,</strong></span> <span class='ocrx_word' id='word_1_289' title='bbox 1117 2355 1186 2410; x_wconf 91' lang='lat' dir='ltr'><strong>ad</strong></span> <span class='ocrx_word' id='word_1_290' title='bbox 1215 2356 1269 2410; x_wconf 94' lang='lat' dir='ltr'><strong>id</strong></span> <span class='ocrx_word' id='word_1_291' title='bbox 1297 2359 1442 2428; x_wconf 88' lang='lat' dir='ltr'><strong>quod</strong></span> <span class='ocrx_word' id='word_1_292' title='bbox 1470 2372 1576 2426; x_wconf 90' lang='lat' dir='ltr'><strong>est,</strong></span> <span class='ocrx_word' id='word_1_293' title='bbox 1608 2362 1757 2433; x_wconf 91' lang='lat' dir='ltr'><strong>ipsos</strong></span> <span class='ocrx_word' id='word_1_294' title='bbox 1780 2364 1983 2421; x_wconf 79' lang='lat' dir='ltr'><strong>eﬂ‘ccit.</strong></span> 
     </span>
    </p>
   </div>
   <div class='ocr_carea' id='block_1_39' title="bbox 519 2603 2125 2699">
    <p class='ocr_par' dir='ltr' id='par_1_39' title="bbox 519 2603 2125 2699">
     <span class='ocr_line' id='line_1_39' title="bbox 519 2603 2125 2699; baseline 0.011 -28"><span class='ocrx_word' id='word_1_295' title='bbox 519 2603 522 2608; x_wconf 60' lang='grc'><em>’</em></span> <span class='ocrx_word' id='word_1_296' title='bbox 601 2617 808 2672; x_wconf 80' lang='lat' dir='ltr'><strong>HERB.</strong></span> <span class='ocrx_word' id='word_1_297' title='bbox 863 2618 992 2676; x_wconf 80' lang='lat' dir='ltr'><strong>llaec</strong></span> <span class='ocrx_word' id='word_1_298' title='bbox 1031 2622 1202 2677; x_wconf 88' lang='lat' dir='ltr'><strong>verba</strong></span> <span class='ocrx_word' id='word_1_299' title='bbox 1253 2624 1421 2680; x_wconf 87' lang='lat' dir='ltr'><strong>etiam</strong></span> <span class='ocrx_word' id='word_1_300' title='bbox 1479 2625 1606 2683; x_wconf 89' lang='lat' dir='ltr'><strong>aliis</strong></span> <span class='ocrx_word' id='word_1_301' title='bbox 1654 2627 2125 2699; x_wconf 77' lang='lat' dir='ltr'><strong>significabuntur</strong></span> 
     </span>
    </p>
   </div>
   <div class='ocr_carea' id='block_1_40' title="bbox 531 2707 2121 2797">
    <p class='ocr_par' dir='ltr' id='par_1_40' title="bbox 531 2707 2121 2797">
     <span class='ocr_line' id='line_1_40' title="bbox 531 2707 2121 2797; baseline 0.012 -35"><span class='ocrx_word' id='word_1_302' title='bbox 531 2707 783 2779; x_wconf 84' lang='lat' dir='ltr'><strong>(videbat</strong></span> <span class='ocrx_word' id='word_1_303' title='bbox 826 2711 973 2766; x_wconf 90' lang='lat' dir='ltr'><strong>enim</strong></span> <span class='ocrx_word' id='word_1_304' title='bbox 1030 2713 1338 2772; x_wconf 86' lang='lat' dir='ltr'><strong>Palladium</strong></span> <span class='ocrx_word' id='word_1_305' title='bbox 1380 2718 1777 2778; x_wconf 86' lang='lat' dir='ltr'><strong>scholasticum</strong></span> <span class='ocrx_word' id='word_1_306' title='bbox 1838 2724 2121 2797; x_wconf 86' lang='lat' dir='ltr'><strong>archiepi-</strong></span> 
     </span>
    </p>
   </div>
   <div class='ocr_carea' id='block_1_41' title="bbox 527 2799 2121 2876">
    <p class='ocr_par' dir='ltr' id='par_1_41' title="bbox 527 2799 2121 2876">
     <span class='ocr_line' id='line_1_41' title="bbox 527 2799 2121 2876; baseline 0.011 -24"><span class='ocrx_word' id='word_1_307' title='bbox 527 2799 878 2870; x_wconf 89' lang='lat' dir='ltr'><strong>scopi,quem</strong></span> <span class='ocrx_word' id='word_1_308' title='bbox 913 2801 984 2857; x_wconf 87' lang='lat' dir='ltr'><strong>ab</strong></span> <span class='ocrx_word' id='word_1_309' title='bbox 1003 2803 1342 2862; x_wconf 81' lang='lat' dir='ltr'><strong>Alexandria</strong></span> <span class='ocrx_word' id='word_1_310' title='bbox 1366 2807 1696 2876; x_wconf 80' lang='lat' dir='ltr'><strong>adduxerat,</strong></span> <span class='ocrx_word' id='word_1_311' title='bbox 1717 2811 1887 2868; x_wconf 88' lang='lat' dir='ltr'><strong>verba</strong></span> <span class='ocrx_word' id='word_1_312' title='bbox 1910 2813 2121 2870; x_wconf 84' lang='lat' dir='ltr'><strong>utrius-</strong></span> 
     </span>
    </p>
   </div>
   <div class='ocr_carea' id='block_1_42' title="bbox 524 2899 998 2960">
    <p class='ocr_par' dir='ltr' id='par_1_42' title="bbox 524 2899 998 2960">
     <span class='ocr_line' id='line_1_42' title="bbox 524 2899 998 2960; baseline 0.006 -16"><span class='ocrx_word' id='word_1_313' title='bbox 524 2906 635 2960; x_wconf 75' lang='lat' dir='ltr'><strong>que</strong></span> <span class='ocrx_word' id='word_1_314' title='bbox 661 2899 998 2958; x_wconf 85' lang='lat' dir='ltr'><strong>notantem).</strong></span> 
     </span>
    </p>
   </div>
   <div class='ocr_carea' id='block_1_43' title="bbox 597 2982 2116 3064">
    <p class='ocr_par' dir='ltr' id='par_1_43' title="bbox 597 2982 2116 3064">
     <span class='ocr_line' id='line_1_43' title="bbox 597 2982 2116 3064; baseline 0.011 -26"><span class='ocrx_word' id='word_1_315' title='bbox 597 2982 656 3038; x_wconf 89' lang='lat' dir='ltr'><strong>S.</strong></span> <span class='ocrx_word' id='word_1_316' title='bbox 696 2983 904 3042; x_wconf 77' lang='lat' dir='ltr'><strong>ARCH.</strong></span> <span class='ocrx_word' id='word_1_317' title='bbox 939 2988 1238 3058; x_wconf 89' lang='lat' dir='ltr'><strong>Propterea</strong></span> <span class='ocrx_word' id='word_1_318' title='bbox 1275 2989 1420 3046; x_wconf 80' lang='lat' dir='ltr'><strong>dixit</strong></span> <span class='ocrx_word' id='word_1_319' title='bbox 1461 2994 1732 3064; x_wconf 87' lang='lat' dir='ltr'><strong>propheta</strong></span> <span class='ocrx_word' id='word_1_320' title='bbox 1766 3009 1781 3050; x_wconf 91' lang='lat'><strong>:</strong></span> <span class='ocrx_word' id='word_1_321' title='bbox 1810 2997 2116 3056; x_wconf 82' lang='lat' dir='ltr'><strong>Declaratio</strong></span> 
     </span>
    </p>
   </div>
   <div class='ocr_carea' id='block_1_44' title="bbox 522 3080 2114 3162">
    <p class='ocr_par' dir='ltr' id='par_1_44' title="bbox 522 3080 2114 3162">
     <span class='ocr_line' id='line_1_44' title="bbox 522 3080 2114 3162; baseline 0.011 -33"><span class='ocrx_word' id='word_1_322' title='bbox 522 3092 828 3132; x_wconf 67' lang='lat' dir='ltr'><strong>sermonum</strong></span> <span class='ocrx_word' id='word_1_323' title='bbox 874 3087 1085 3134; x_wconf 84' lang='lat' dir='ltr'><strong>tuorum</strong></span> <span class='ocrx_word' id='word_1_324' title='bbox 1132 3080 1457 3139; x_wconf 82' lang='lat' dir='ltr'><strong>illuminabit</strong></span> <span class='ocrx_word' id='word_1_325' title='bbox 1516 3097 1566 3141; x_wconf 78' lang='lat' dir='ltr'><strong>et</strong></span> <span class='ocrx_word' id='word_1_326' title='bbox 1611 3087 1909 3161; x_wconf 73' lang='lat' dir='ltr'><strong>inteltigere</strong></span> <span class='ocrx_word' id='word_1_327' title='bbox 1957 3092 2114 3162; x_wconf 76' lang='lat' dir='ltr'><strong>faciet</strong></span> 
     </span>
    </p>
   </div>
   <div class='ocr_carea' id='block_1_45' title="bbox 523 3168 874 3238">
    <p class='ocr_par' dir='ltr' id='par_1_45' title="bbox 523 3168 874 3238">
     <span class='ocr_line' id='line_1_45' title="bbox 523 3168 874 3238; baseline 0.014 -19"><span class='ocrx_word' id='word_1_328' title='bbox 523 3168 778 3238; x_wconf 74' lang='lat' dir='ltr'><strong>parvulos</strong></span> <span class='ocrx_word' id='word_1_329' title='bbox 807 3170 874 3224; x_wconf 83' lang='grc'><strong>³⁸.</strong></span> 
     </span>
    </p>
   </div>
   <div class='ocr_carea' id='block_1_46' title="bbox 596 3259 2120 3341">
    <p class='ocr_par' dir='ltr' id='par_1_46' title="bbox 596 3259 2120 3341">
     <span class='ocr_line' id='line_1_46' title="bbox 596 3259 2120 3341; baseline 0.012 -29"><span class='ocrx_word' id='word_1_330' title='bbox 596 3259 802 3314; x_wconf 81' lang='lat' dir='ltr'><strong>HERB.</strong></span> <span class='ocrx_word' id='word_1_331' title='bbox 831 3261 1070 3328; x_wconf 88' lang='lat' dir='ltr'><strong>Quinam</strong></span> <span class='ocrx_word' id='word_1_332' title='bbox 1128 3273 1260 3320; x_wconf 87' lang='lat' dir='ltr'><strong>sunt</strong></span> <span class='ocrx_word' id='word_1_333' title='bbox 1293 3268 1534 3336; x_wconf 83' lang='lat' dir='ltr'><strong>parvuli,</strong></span> <span class='ocrx_word' id='word_1_334' title='bbox 1569 3269 1637 3324; x_wconf 91' lang='lat' dir='ltr'><strong>de</strong></span> <span class='ocrx_word' id='word_1_335' title='bbox 1690 3271 1898 3341; x_wconf 81' lang='lat' dir='ltr'><strong>quibus</strong></span> <span class='ocrx_word' id='word_1_336' title='bbox 1935 3274 2120 3330; x_wconf 84' lang='lat' dir='ltr'><strong>dixit?</strong></span> 
     </span>
    </p>
   </div>
   <div class='ocr_carea' id='block_1_47' title="bbox 598 3350 2116 3427">
    <p class='ocr_par' dir='ltr' id='par_1_47' title="bbox 598 3350 2116 3427">
     <span class='ocr_line' id='line_1_47' title="bbox 598 3350 2116 3427; baseline 0.013 -25"><span class='ocrx_word' id='word_1_337' title='bbox 598 3350 655 3403; x_wconf 87' lang='lat' dir='ltr'><strong>S.</strong></span> <span class='ocrx_word' id='word_1_338' title='bbox 686 3351 895 3406; x_wconf 79' lang='lat' dir='ltr'><strong>ARClI.</strong></span> <span class='ocrx_word' id='word_1_339' title='bbox 931 3353 1203 3410; x_wconf 86' lang='lat' dir='ltr'><strong>Parvulos</strong></span> <span class='ocrx_word' id='word_1_340' title='bbox 1236 3355 1380 3410; x_wconf 82' lang='lat' dir='ltr'><strong>dixit</strong></span> <span class='ocrx_word' id='word_1_341' title='bbox 1409 3374 1508 3412; x_wconf 90' lang='lat' dir='ltr'><strong>vos</strong></span> <span class='ocrx_word' id='word_1_342' title='bbox 1541 3360 1821 3427; x_wconf 65' lang='lat' dir='ltr'><strong>Hebraeos,</strong></span> <span class='ocrx_word' id='word_1_343' title='bbox 1847 3365 2000 3420; x_wconf 92' lang='lat' dir='ltr'><strong>velut</strong></span> <span class='ocrx_word' id='word_1_344' title='bbox 2029 3367 2116 3421; x_wconf 89' lang='lat' dir='ltr'><strong>in-</strong></span> 
     </span>
    </p>
   </div>
   <div class='ocr_carea' id='block_1_48' title="bbox 525 3440 2116 3526">
    <p class='ocr_par' dir='ltr' id='par_1_48' title="bbox 525 3440 2116 3526">
     <span class='ocr_line' id='line_1_48' title="bbox 525 3440 2116 3526; baseline 0.013 -32"><span class='ocrx_word' id='word_1_345' title='bbox 525 3440 792 3509; x_wconf 90' lang='lat' dir='ltr'><strong>fantulos,</strong></span> <span class='ocrx_word' id='word_1_346' title='bbox 813 3451 1074 3514; x_wconf 86' lang='lat' dir='ltr'><strong>tanquam</strong></span> <span class='ocrx_word' id='word_1_347' title='bbox 1097 3447 1210 3502; x_wconf 88' lang='lat' dir='ltr'><strong>alio</strong></span> <span class='ocrx_word' id='word_1_348' title='bbox 1226 3448 1393 3517; x_wconf 87' lang='lat' dir='ltr'><strong>lacte,</strong></span> <span class='ocrx_word' id='word_1_349' title='bbox 1415 3451 1547 3521; x_wconf 89' lang='lat' dir='ltr'><strong>quia</strong></span> <span class='ocrx_word' id='word_1_350' title='bbox 1563 3453 1652 3508; x_wconf 90' lang='lat' dir='ltr'><strong>lex</strong></span> <span class='ocrx_word' id='word_1_351' title='bbox 1674 3455 1747 3510; x_wconf 90' lang='lat' dir='ltr'><strong>sit</strong></span> <span class='ocrx_word' id='word_1_352' title='bbox 1766 3456 2116 3526; x_wconf 78' lang='lat' dir='ltr'><strong>imperfecta,</strong></span> 
     </span>
    </p>
   </div>
   <div class='ocr_carea' id='block_1_49' title="bbox 524 3533 2116 3619">
    <p class='ocr_par' dir='ltr' id='par_1_49' title="bbox 524 3533 2116 3619">
     <span class='ocr_line' id='line_1_49' title="bbox 524 3533 2116 3619; baseline 0.013 -33"><span class='ocrx_word' id='word_1_353' title='bbox 524 3533 756 3590; x_wconf 88' lang='lat' dir='ltr'><strong>alendos</strong></span> <span class='ocrx_word' id='word_1_354' title='bbox 805 3542 864 3590; x_wconf 90' lang='lat' dir='ltr'><strong>et</strong></span> <span class='ocrx_word' id='word_1_355' title='bbox 915 3539 1276 3606; x_wconf 87' lang='lat' dir='ltr'><strong>erudiendos,</strong></span> <span class='ocrx_word' id='word_1_356' title='bbox 1330 3551 1392 3596; x_wconf 89' lang='lat' dir='ltr'><strong>ut</strong></span> <span class='ocrx_word' id='word_1_357' title='bbox 1431 3554 1681 3616; x_wconf 87' lang='lat' dir='ltr'><strong>tempore</strong></span> <span class='ocrx_word' id='word_1_358' title='bbox 1722 3551 2116 3619; x_wconf 80' lang='lat' dir='ltr'><strong>progrediente</strong></span> 
     </span>
    </p>
   </div>
   <div class='ocr_carea' id='block_1_50' title="bbox 521 3623 2116 3712">
    <p class='ocr_par' dir='ltr' id='par_1_50' title="bbox 521 3623 2116 3712">
     <span class='ocr_line' id='line_1_50' title="bbox 521 3623 2116 3712; baseline 0.013 -33"><span class='ocrx_word' id='word_1_359' title='bbox 521 3623 737 3680; x_wconf 86' lang='lat' dir='ltr'><strong>Christi</strong></span> <span class='ocrx_word' id='word_1_360' title='bbox 765 3625 1170 3694; x_wconf 87' lang='lat' dir='ltr'><strong>adventum,et</strong></span> <span class='ocrx_word' id='word_1_361' title='bbox 1202 3647 1303 3702; x_wconf 89' lang='lat' dir='ltr'><strong>per</strong></span> <span class='ocrx_word' id='word_1_362' title='bbox 1355 3635 1478 3704; x_wconf 86' lang='lat' dir='ltr'><strong>ejus</strong></span> <span class='ocrx_word' id='word_1_363' title='bbox 1533 3637 1769 3708; x_wconf 79' lang='lat' dir='ltr'><strong>gratiam</strong></span> <span class='ocrx_word' id='word_1_364' title='bbox 1813 3656 1936 3712; x_wconf 71' lang='lat' dir='ltr'><strong>qua:</strong></span> <span class='ocrx_word' id='word_1_365' title='bbox 1983 3652 2116 3700; x_wconf 90' lang='lat' dir='ltr'><strong>sunt</strong></span> 
     </span>
    </p>
   </div>
   <div class='ocr_carea' id='block_1_51' title="bbox 520 3715 2111 3798">
    <p class='ocr_par' dir='ltr' id='par_1_51' title="bbox 520 3715 2111 3798">
     <span class='ocr_line' id='line_1_51' title="bbox 520 3715 2111 3798; baseline 0.014 -30"><span class='ocrx_word' id='word_1_366' title='bbox 520 3715 768 3785; x_wconf 86' lang='lat' dir='ltr'><strong>perfecta</strong></span> <span class='ocrx_word' id='word_1_367' title='bbox 817 3718 1130 3791; x_wconf 76' lang='lat' dir='ltr'><strong>attingatis,</strong></span> <span class='ocrx_word' id='word_1_368' title='bbox 1168 3723 1276 3780; x_wconf 87' lang='lat' dir='ltr'><strong>etsi</strong></span> <span class='ocrx_word' id='word_1_369' title='bbox 1325 3739 1356 3779; x_wconf 90' lang='lat' dir='ltr'><strong>a</strong></span> <span class='ocrx_word' id='word_1_370' title='bbox 1403 3729 1694 3798; x_wconf 90' lang='lat' dir='ltr'><strong>proposito</strong></span> <span class='ocrx_word' id='word_1_371' title='bbox 1730 3731 2111 3792; x_wconf 86' lang='lat' dir='ltr'><strong>aberravistis.</strong></span> 
     </span>
    </p>
   </div>
   <div class='ocr_carea' id='block_1_52' title="bbox 593 3891 2111 3982">
    <p class='ocr_par' dir='ltr' id='par_1_52' title="bbox 593 3891 2111 3982">
     <span class='ocr_line' id='line_1_52' title="bbox 593 3891 2111 3982; baseline 0.017 -35"><span class='ocrx_word' id='word_1_372' title='bbox 593 3891 796 3950; x_wconf 76' lang='lat' dir='ltr'><strong>IIERB.</strong></span> <span class='ocrx_word' id='word_1_373' title='bbox 820 3896 1002 3953; x_wconf 81' lang='lat' dir='ltr'><strong>Moses</strong></span> <span class='ocrx_word' id='word_1_374' title='bbox 1027 3910 1084 3955; x_wconf 87' lang='lat' dir='ltr'><strong>et</strong></span> <span class='ocrx_word' id='word_1_375' title='bbox 1108 3901 1260 3958; x_wconf 89' lang='lat' dir='ltr'><strong>Elias</strong></span> <span class='ocrx_word' id='word_1_376' title='bbox 1295 3919 1406 3959; x_wconf 91' lang='lat' dir='ltr'><strong>non</strong></span> <span class='ocrx_word' id='word_1_377' title='bbox 1432 3922 1532 3976; x_wconf 87' lang='lat' dir='ltr'><strong>per</strong></span> <span class='ocrx_word' id='word_1_378' title='bbox 1565 3908 1708 3966; x_wconf 87' lang='lat' dir='ltr'><strong>hanc</strong></span> <span class='ocrx_word' id='word_1_379' title='bbox 1731 3913 2111 3982; x_wconf 81' lang='lat' dir='ltr'><strong>imperfectam</strong></span> 
     </span>
    </p>
   </div>
   <div class='ocr_carea' id='block_1_53' title="bbox 520 3985 2111 4079">
    <p class='ocr_par' dir='ltr' id='par_1_53' title="bbox 520 3985 2111 4079">
     <span class='ocr_line' id='line_1_53' title="bbox 520 3985 2111 4079; baseline 0.018 -41"><span class='ocrx_word' id='word_1_380' title='bbox 520 3985 700 4056; x_wconf 87' lang='lat' dir='ltr'><strong>legem</strong></span> <span class='ocrx_word' id='word_1_381' title='bbox 741 3996 989 4045; x_wconf 88' lang='lat' dir='ltr'><strong>nostram</strong></span> <span class='ocrx_word' id='word_1_382' title='bbox 1027 3992 1131 4047; x_wconf 86' lang='lat' dir='ltr'><strong>visi</strong></span> <span class='ocrx_word' id='word_1_383' title='bbox 1170 4004 1303 4050; x_wconf 89' lang='lat' dir='ltr'><strong>sunt</strong></span> <span class='ocrx_word' id='word_1_384' title='bbox 1355 3999 1612 4067; x_wconf 82' lang='lat' dir='ltr'><strong>perfecti,</strong></span> <span class='ocrx_word' id='word_1_385' title='bbox 1653 4003 1769 4059; x_wconf 83' lang='lat' dir='ltr'><strong>Deo</strong></span> <span class='ocrx_word' id='word_1_386' title='bbox 1802 4005 1942 4077; x_wconf 85' lang='lat' dir='ltr'><strong>legis</strong></span> <span class='ocrx_word' id='word_1_387' title='bbox 1967 4025 2111 4079; x_wconf 73' lang='lat' dir='ltr'><strong>pra:-</strong></span> 
     </span>
    </p>
   </div>
   <div class='ocr_carea' id='block_1_54' title="bbox 517 4077 2110 4164">
    <p class='ocr_par' dir='ltr' id='par_1_54' title="bbox 517 4077 2110 4164">
     <span class='ocr_line' id='line_1_54' title="bbox 517 4077 2110 4164; baseline 0.017 -34"><span class='ocrx_word' id='word_1_388' title='bbox 517 4077 669 4131; x_wconf 86' lang='lat' dir='ltr'><strong>clare</strong></span> <span class='ocrx_word' id='word_1_389' title='bbox 702 4086 758 4132; x_wconf 88' lang='lat' dir='ltr'><strong>et</strong></span> <span class='ocrx_word' id='word_1_390' title='bbox 784 4078 927 4135; x_wconf 90' lang='lat' dir='ltr'><strong>bene</strong></span> <span class='ocrx_word' id='word_1_391' title='bbox 965 4082 1290 4151; x_wconf 89' lang='lat' dir='ltr'><strong>placentes?</strong></span> <span class='ocrx_word' id='word_1_392' title='bbox 1343 4087 1520 4155; x_wconf 88' lang='lat' dir='ltr'><strong>Quam</strong></span> <span class='ocrx_word' id='word_1_393' title='bbox 1574 4093 1744 4164; x_wconf 87' lang='lat' dir='ltr'><strong>igitur</strong></span> <span class='ocrx_word' id='word_1_394' title='bbox 1777 4097 1848 4151; x_wconf 93' lang='lat' dir='ltr'><strong>ob</strong></span> <span class='ocrx_word' id='word_1_395' title='bbox 1886 4077 2110 4156; x_wconf 85' lang='lat' dir='ltr'><strong>causam</strong></span> 
     </span>
    </p>
   </div>
   <div class='ocr_carea' id='block_1_55' title="bbox 520 4169 2110 4254">
    <p class='ocr_par' dir='ltr' id='par_1_55' title="bbox 520 4169 2110 4254">
     <span class='ocr_line' id='line_1_55' title="bbox 520 4169 2110 4254; baseline 0.017 -31"><span class='ocrx_word' id='word_1_396' title='bbox 520 4169 698 4240; x_wconf 88' lang='lat' dir='ltr'><strong>legem</strong></span> <span class='ocrx_word' id='word_1_397' title='bbox 729 4170 1108 4242; x_wconf 88' lang='lat' dir='ltr'><strong>imperfectam</strong></span> <span class='ocrx_word' id='word_1_398' title='bbox 1155 4177 1498 4237; x_wconf 82' lang='lat' dir='ltr'><strong>dixisti?llle</strong></span> <span class='ocrx_word' id='word_1_399' title='bbox 1535 4186 1760 4254; x_wconf 91' lang='lat' dir='ltr'><strong>quidem</strong></span> <span class='ocrx_word' id='word_1_400' title='bbox 1802 4190 2026 4248; x_wconf 90' lang='lat' dir='ltr'><strong>videtur</strong></span> <span class='ocrx_word' id='word_1_401' title='bbox 2048 4210 2110 4250; x_wconf 93' lang='lat' dir='ltr'><strong>os</strong></span> 
     </span>
    </p>
   </div>
   <div class='ocr_carea' id='block_1_56' title="bbox 519 4262 2109 4349">
    <p class='ocr_par' dir='ltr' id='par_1_56' title="bbox 519 4262 2109 4349">
     <span class='ocr_line' id='line_1_56' title="bbox 519 4262 2109 4349; baseline 0.018 -35"><span class='ocrx_word' id='word_1_402' title='bbox 519 4262 589 4316; x_wconf 91' lang='lat' dir='ltr'><strong>ad</strong></span> <span class='ocrx_word' id='word_1_403' title='bbox 619 4278 681 4318; x_wconf 92' lang='lat' dir='ltr'><strong>os</strong></span> <span class='ocrx_word' id='word_1_404' title='bbox 722 4279 851 4319; x_wconf 91' lang='lat' dir='ltr'><strong>cum</strong></span> <span class='ocrx_word' id='word_1_405' title='bbox 908 4266 1021 4322; x_wconf 91' lang='lat' dir='ltr'><strong>Deo</strong></span> <span class='ocrx_word' id='word_1_406' title='bbox 1080 4271 1391 4329; x_wconf 90' lang='lat' dir='ltr'><strong>collocutus</strong></span> <span class='ocrx_word' id='word_1_407' title='bbox 1445 4291 1590 4344; x_wconf 90' lang='lat' dir='ltr'><strong>esse,</strong></span> <span class='ocrx_word' id='word_1_408' title='bbox 1639 4284 2109 4349; x_wconf 87' lang='lat' dir='ltr'><strong>quemadmodum</strong></span> 
     </span>
    </p>
   </div>
   <div class='ocr_carea' id='block_1_57' title="bbox 518 4356 2111 4455">
    <p class='ocr_par' dir='ltr' id='par_1_57' title="bbox 518 4356 2111 4455">
     <span class='ocr_line' id='line_1_57' title="bbox 518 4356 2111 4455; baseline 0.019 -48"><span class='ocrx_word' id='word_1_409' title='bbox 518 4356 748 4425; x_wconf 89' lang='lat' dir='ltr'><strong>quidam</strong></span> <span class='ocrx_word' id='word_1_410' title='bbox 773 4359 987 4415; x_wconf 90' lang='lat' dir='ltr'><strong>amicus</strong></span> <span class='ocrx_word' id='word_1_411' title='bbox 1005 4377 1131 4416; x_wconf 88' lang='lat' dir='ltr'><strong>cum</strong></span> <span class='ocrx_word' id='word_1_412' title='bbox 1158 4367 1338 4421; x_wconf 87' lang='lat' dir='ltr'><strong>amico</strong></span> <span class='ocrx_word' id='word_1_413' title='bbox 1359 4368 1564 4425; x_wconf 91' lang='lat' dir='ltr'><strong>dilecto</strong></span> <span class='ocrx_word' id='word_1_414' title='bbox 1587 4389 1688 4428; x_wconf 91' lang='lat' dir='ltr'><strong>suo</strong></span> <span class='ocrx_word' id='word_1_415' title='bbox 1717 4394 1728 4428; x_wconf 93' lang='lat'>:</span> <span class='ocrx_word' id='word_1_416' title='bbox 1757 4387 1923 4448; x_wconf 87' lang='lat' dir='ltr'><strong>atque</strong></span> <span class='ocrx_word' id='word_1_417' title='bbox 1947 4381 2111 4455; x_wconf 64' lang='lat' dir='ltr'><strong>Egy-</strong></span> 
     </span>
    </p>
   </div>
   <div class='ocr_carea' id='block_1_58' title="bbox 514 4453 2109 4543">
    <p class='ocr_par' dir='ltr' id='par_1_58' title="bbox 514 4453 2109 4543">
     <span class='ocr_line' id='line_1_58' title="bbox 514 4453 2109 4543; baseline 0.016 -40"><span class='ocrx_word' id='word_1_418' title='bbox 514 4460 700 4520; x_wconf 82' lang='lat' dir='ltr'><strong>ptum,</strong></span> <span class='ocrx_word' id='word_1_419' title='bbox 734 4459 794 4506; x_wconf 89' lang='lat' dir='ltr'><strong>ut</strong></span> <span class='ocrx_word' id='word_1_420' title='bbox 827 4453 975 4510; x_wconf 91' lang='lat' dir='ltr'><strong>Deus</strong></span> <span class='ocrx_word' id='word_1_421' title='bbox 1005 4455 1374 4526; x_wconf 88' lang='lat' dir='ltr'><strong>Pharaonem,</strong></span> <span class='ocrx_word' id='word_1_422' title='bbox 1418 4461 1714 4532; x_wconf 77' lang='lat' dir='ltr'><strong>ﬂagellavit</strong></span> <span class='ocrx_word' id='word_1_423' title='bbox 1745 4477 1954 4538; x_wconf 88' lang='lat' dir='ltr'><strong>septem</strong></span> <span class='ocrx_word' id='word_1_424' title='bbox 1991 4453 2109 4543; x_wconf 84' lang='lat' dir='ltr'><strong>pla-</strong></span> 
     </span>
    </p>
   </div>
   <div class='ocr_carea' id='block_1_59' title="bbox 2237 1990 3843 2063">
    <p class='ocr_par' dir='ltr' id='par_1_59' title="bbox 2237 1990 3843 2063">
     <span class='ocr_line' id='line_1_59' title="bbox 2237 1990 3843 2063; baseline 0.003 -19"><span class='ocrx_word' id='word_1_425' title='bbox 2237 1990 2406 2045; x_wconf 82' lang='grc' dir='ltr'>αὑτοῦ</span> <span class='ocrx_word' id='word_1_426' title='bbox 2444 1990 2541 2045; x_wconf 83' lang='grc' dir='ltr'><strong>τοῦ</strong></span> <span class='ocrx_word' id='word_1_427' title='bbox 2580 1990 2740 2049; x_wconf 89' lang='grc' dir='ltr'>Θεοῦ.</span> <span class='ocrx_word' id='word_1_428' title='bbox 2768 1991 3083 2048; x_wconf 74' lang='grc' dir='ltr'>Μᾶλλονδὲ</span> <span class='ocrx_word' id='word_1_429' title='bbox 3119 1993 3230 2048; x_wconf 88' lang='grc' dir='ltr'><strong>τῶν</strong></span> <span class='ocrx_word' id='word_1_430' title='bbox 3254 1994 3425 2063; x_wconf 81' lang='grc' dir='ltr'>ἁγίων</span> <span class='ocrx_word' id='word_1_431' title='bbox 3465 1995 3588 2048; x_wconf 76' lang='grc' dir='ltr'>ἐστὶ</span> <span class='ocrx_word' id='word_1_432' title='bbox 3640 1994 3777 2059; x_wconf 84' lang='grc' dir='ltr'>Θεὸς</span> <span class='ocrx_word' id='word_1_433' title='bbox 3801 1997 3843 2049; x_wconf 75' lang='grc' dir='ltr'>ἁ</span> 
     </span>
    </p>
   </div>
   <div class='ocr_carea' id='block_1_60' title="bbox 2234 2086 3834 2163">
    <p class='ocr_par' dir='ltr' id='par_1_60' title="bbox 2234 2086 3834 2163">
     <span class='ocr_line' id='line_1_60' title="bbox 2234 2086 3834 2163; baseline 0.004 -24"><span class='ocrx_word' id='word_1_434' title='bbox 2234 2086 2464 2158; x_wconf 82' lang='grc' dir='ltr'>Κύριος.</span> <span class='ocrx_word' id='word_1_435' title='bbox 2515 2087 2638 2144; x_wconf 85' lang='grc' dir='ltr'>Τῶν</span> <span class='ocrx_word' id='word_1_436' title='bbox 2692 2088 2752 2143; x_wconf 76' lang='grc' dir='ltr'>δὲ</span> <span class='ocrx_word' id='word_1_437' title='bbox 2791 2088 3004 2144; x_wconf 74' lang='grc' dir='ltr'>ἀσεϐῶν</span> <span class='ocrx_word' id='word_1_438' title='bbox 3034 2090 3131 2145; x_wconf 79' lang='grc' dir='ltr'>καὶ</span> <span class='ocrx_word' id='word_1_439' title='bbox 3173 2090 3517 2163; x_wconf 81' lang='grc' dir='ltr'><strong>ἁμαρτωλῶν</strong></span> <span class='ocrx_word' id='word_1_440' title='bbox 3560 2092 3666 2145; x_wconf 79' lang='grc' dir='ltr'>οὐκ</span> <span class='ocrx_word' id='word_1_441' title='bbox 3709 2092 3834 2146; x_wconf 81' lang='grc' dir='ltr'>ἐστι</span> 
     </span>
    </p>
   </div>
   <div class='ocr_carea' id='block_1_61' title="bbox 2231 2179 3830 2254">
    <p class='ocr_par' dir='ltr' id='par_1_61' title="bbox 2231 2179 3830 2254">
     <span class='ocr_line' id='line_1_61' title="bbox 2231 2179 3830 2254; baseline 0.003 -22"><span class='ocrx_word' id='word_1_442' title='bbox 2231 2179 2365 2243; x_wconf 86' lang='grc' dir='ltr'>Θεὸς</span> <span class='ocrx_word' id='word_1_443' title='bbox 2392 2182 2422 2234; x_wconf 88' lang='grc' dir='ltr'>ὁ</span> <span class='ocrx_word' id='word_1_444' title='bbox 2465 2179 2698 2252; x_wconf 79' lang='grc' dir='ltr'>Κύριος,</span> <span class='ocrx_word' id='word_1_445' title='bbox 2750 2180 2869 2237; x_wconf 82' lang='grc' dir='ltr'>ἀλλ’</span> <span class='ocrx_word' id='word_1_446' title='bbox 2899 2183 2934 2252; x_wconf 79' lang='grc' dir='ltr'>ἠ</span> <span class='ocrx_word' id='word_1_447' title='bbox 2970 2180 3216 2254; x_wconf 81' lang='grc' dir='ltr'>ἁμαρτία</span> <span class='ocrx_word' id='word_1_448' title='bbox 3261 2181 3382 2236; x_wconf 76' lang='grc' dir='ltr'>ἐστὶ</span> <span class='ocrx_word' id='word_1_449' title='bbox 3430 2181 3565 2246; x_wconf 92' lang='grc' dir='ltr'>Θεὸς</span> <span class='ocrx_word' id='word_1_450' title='bbox 3602 2183 3830 2251; x_wconf 80' lang='grc' dir='ltr'>αὐτῶν,</span> 
     </span>
    </p>
   </div>
   <div class='ocr_carea' id='block_1_62' title="bbox 2227 2273 3836 2347">
    <p class='ocr_par' dir='ltr' id='par_1_62' title="bbox 2227 2273 3836 2347">
     <span class='ocr_line' id='line_1_62' title="bbox 2227 2273 3836 2347; baseline 0.002 -21"><span class='ocrx_word' id='word_1_451' title='bbox 2227 2273 2406 2345; x_wconf 81' lang='grc' dir='ltr'>ἥνπερ</span> <span class='ocrx_word' id='word_1_452' title='bbox 2437 2273 2699 2343; x_wconf 83' lang='grc' dir='ltr'><strong>ἀγαπῶσι</strong></span> <span class='ocrx_word' id='word_1_453' title='bbox 2723 2274 2818 2329; x_wconf 73' lang='grc' dir='ltr'>καὶ</span> <span class='ocrx_word' id='word_1_454' title='bbox 2844 2275 3195 2346; x_wconf 75' lang='grc' dir='ltr'>ἐργάζονται.</span> <span class='ocrx_word' id='word_1_455' title='bbox 3227 2274 3420 2347; x_wconf 81' lang='grc' dir='ltr'>Πατὴρ</span> <span class='ocrx_word' id='word_1_456' title='bbox 3454 2274 3554 2346; x_wconf 75' lang='grc' dir='ltr'>μὲν</span> <span class='ocrx_word' id='word_1_457' title='bbox 3576 2274 3688 2347; x_wconf 81' lang='grc' dir='ltr'><strong>γὰρ</strong></span> <span class='ocrx_word' id='word_1_458' title='bbox 3715 2275 3836 2329; x_wconf 72' lang='grc' dir='ltr'><strong>τῶν</strong></span> 
     </span>
    </p>
   </div>
   <div class='ocr_carea' id='block_1_63' title="bbox 2228 2365 3822 2438">
    <p class='ocr_par' dir='ltr' id='par_1_63' title="bbox 2228 2365 3822 2438">
     <span class='ocr_line' id='line_1_63' title="bbox 2228 2365 3822 2438; baseline 0.003 -21"><span class='ocrx_word' id='word_1_459' title='bbox 2228 2365 2531 2433; x_wconf 82' lang='grc' dir='ltr'>δικαίων,ὁ</span> <span class='ocrx_word' id='word_1_460' title='bbox 2576 2365 2713 2430; x_wconf 88' lang='grc' dir='ltr'>Θεὸς</span> <span class='ocrx_word' id='word_1_461' title='bbox 2738 2367 2800 2420; x_wconf 82' lang='grc' dir='ltr'>οὐ</span> <span class='ocrx_word' id='word_1_462' title='bbox 2825 2365 2971 2420; x_wconf 86' lang='grc' dir='ltr'>κατά</span> <span class='ocrx_word' id='word_1_463' title='bbox 3007 2365 3195 2436; x_wconf 79' lang='grc' dir='ltr'>φύσιν,</span> <span class='ocrx_word' id='word_1_464' title='bbox 3237 2365 3380 2421; x_wconf 80' lang='grc' dir='ltr'>ἀλλὰ</span> <span class='ocrx_word' id='word_1_465' title='bbox 3429 2366 3574 2422; x_wconf 80' lang='grc' dir='ltr'>κατὰ</span> <span class='ocrx_word' id='word_1_466' title='bbox 3616 2367 3822 2438; x_wconf 61' lang='grc' dir='ltr'>χάριν</span> 
     </span>
    </p>
   </div>
   <div class='ocr_carea' id='block_1_64' title="bbox 2225 2451 3828 2531">
    <p class='ocr_par' dir='ltr' id='par_1_64' title="bbox 2225 2451 3828 2531">
     <span class='ocr_line' id='line_1_64' title="bbox 2225 2451 3828 2531; baseline 0.001 -23"><span class='ocrx_word' id='word_1_467' title='bbox 2225 2454 2359 2520; x_wconf 88' lang='grc' dir='ltr'>Θεὸς</span> <span class='ocrx_word' id='word_1_468' title='bbox 2391 2456 2473 2523; x_wconf 83' lang='grc' dir='ltr'><strong>δὲ,</strong></span> <span class='ocrx_word' id='word_1_469' title='bbox 2505 2456 2584 2521; x_wconf 83' lang='grc' dir='ltr'><strong>ὡς</strong></span> <span class='ocrx_word' id='word_1_470' title='bbox 2612 2456 2722 2510; x_wconf 80' lang='grc' dir='ltr'>ἀπὸ</span> <span class='ocrx_word' id='word_1_471' title='bbox 2749 2455 2844 2511; x_wconf 89' lang='grc' dir='ltr'><strong>τοῦ</strong></span> <span class='ocrx_word' id='word_1_472' title='bbox 2872 2456 2950 2528; x_wconf 77' lang='grc' dir='ltr'><strong>μὴ</strong></span> <span class='ocrx_word' id='word_1_473' title='bbox 2971 2457 3152 2524; x_wconf 72' lang='grc' dir='ltr'>ὄντος,</span> <span class='ocrx_word' id='word_1_474' title='bbox 3177 2459 3259 2520; x_wconf 84' lang='grc' dir='ltr'>εἰς</span> <span class='ocrx_word' id='word_1_475' title='bbox 3280 2457 3343 2510; x_wconf 91' lang='grc' dir='ltr'>τὸ</span> <span class='ocrx_word' id='word_1_476' title='bbox 3363 2451 3526 2523; x_wconf 77' lang='grc' dir='ltr'>εἶναι,</span> <span class='ocrx_word' id='word_1_477' title='bbox 3561 2455 3828 2531; x_wconf 57' lang='grc' dir='ltr'>δημιουρ.</span> 
     </span>
    </p>
   </div>
   <div class='ocr_carea' id='block_1_65' title="bbox 2225 2547 2652 2617">
    <p class='ocr_par' dir='ltr' id='par_1_65' title="bbox 2225 2547 2652 2617">
     <span class='ocr_line' id='line_1_65' title="bbox 2225 2547 2652 2617; baseline 0.014 -19"><span class='ocrx_word' id='word_1_478' title='bbox 2225 2548 2405 2617; x_wconf 80' lang='grc' dir='ltr'><strong>γήσας</strong></span> <span class='ocrx_word' id='word_1_479' title='bbox 2431 2547 2652 2612; x_wconf 69' lang='grc' dir='ltr'>αὐτούς.</span> 
     </span>
    </p>
   </div>
   <div class='ocr_carea' id='block_1_66' title="bbox 2296 2639 3830 2713">
    <p class='ocr_par' dir='ltr' id='par_1_66' title="bbox 2296 2639 3830 2713">
     <span class='ocr_line' id='line_1_66' title="bbox 2296 2639 3830 2713; baseline 0.001 -21"><span class='ocrx_word' id='word_1_480' title='bbox 2296 2639 2546 2694; x_wconf 82' lang='grc' dir='ltr'><strong>ΕΡΒΔΝ.</strong></span> <span class='ocrx_word' id='word_1_481' title='bbox 2578 2639 2764 2694; x_wconf 85' lang='grc' dir='ltr'>Ταῦτα</span> <span class='ocrx_word' id='word_1_482' title='bbox 2797 2640 2866 2696; x_wconf 82' lang='grc' dir='ltr'><strong>τὰ</strong></span> <span class='ocrx_word' id='word_1_483' title='bbox 2914 2642 3137 2713; x_wconf 78' lang='grc' dir='ltr'>ῥήματα</span> <span class='ocrx_word' id='word_1_484' title='bbox 3171 2639 3268 2696; x_wconf 73' lang='grc' dir='ltr'>καὶ</span> <span class='ocrx_word' id='word_1_485' title='bbox 3319 2639 3531 2709; x_wconf 78' lang='grc' dir='ltr'>ἑτέροις</span> <span class='ocrx_word' id='word_1_486' title='bbox 3564 2640 3830 2712; x_wconf 63' lang='grc' dir='ltr'>δηλωθήι</span> 
     </span>
    </p>
   </div>
   <div class='ocr_carea' id='block_1_67' title="bbox 2225 2729 3830 2804">
    <p class='ocr_par' dir='ltr' id='par_1_67' title="bbox 2225 2729 3830 2804">
     <span class='ocr_line' id='line_1_67' title="bbox 2225 2729 3830 2804; baseline 0 -20"><span class='ocrx_word' id='word_1_487' title='bbox 2225 2747 2432 2788; x_wconf 89' lang='grc' dir='ltr'>σονται.</span> <span class='ocrx_word' id='word_1_488' title='bbox 2468 2733 2488 2801; x_wconf 81' lang='lat'><strong>(</strong></span> <span class='ocrx_word' id='word_1_489' title='bbox 2513 2729 2695 2804; x_wconf 87' lang='grc' dir='ltr'>Ἑώρα</span> <span class='ocrx_word' id='word_1_490' title='bbox 2723 2732 2836 2804; x_wconf 85' lang='grc' dir='ltr'><strong>γὰρ</strong></span> <span class='ocrx_word' id='word_1_491' title='bbox 2868 2732 3177 2788; x_wconf 72' lang='grc' dir='ltr'>Παλλάδιον</span> <span class='ocrx_word' id='word_1_492' title='bbox 3205 2729 3298 2785; x_wconf 88' lang='grc' dir='ltr'><strong>τὸν</strong></span> <span class='ocrx_word' id='word_1_493' title='bbox 3335 2730 3693 2802; x_wconf 80' lang='grc' dir='ltr'>σχολαστικὸν</span> <span class='ocrx_word' id='word_1_494' title='bbox 3723 2730 3830 2785; x_wconf 81' lang='grc' dir='ltr'>τοῦ.</span> 
     </span>
    </p>
   </div>
   <div class='ocr_carea' id='block_1_68' title="bbox 2220 2822 3819 2896">
    <p class='ocr_par' dir='ltr' id='par_1_68' title="bbox 2220 2822 3819 2896">
     <span class='ocr_line' id='line_1_68' title="bbox 2220 2822 3819 2896; baseline 0.002 -18"><span class='ocrx_word' id='word_1_495' title='bbox 2220 2822 2657 2895; x_wconf 79' lang='grc' dir='ltr'>ἀρχιεπισκόπου</span> <span class='ocrx_word' id='word_1_496' title='bbox 2686 2863 2704 2891; x_wconf 87' lang='grc'>,</span> <span class='ocrx_word' id='word_1_497' title='bbox 2753 2824 2814 2879; x_wconf 83' lang='grc' dir='ltr'>ὃν</span> <span class='ocrx_word' id='word_1_498' title='bbox 2847 2824 2958 2879; x_wconf 81' lang='grc' dir='ltr'>ἀπὸ</span> <span class='ocrx_word' id='word_1_499' title='bbox 3021 2823 3434 2894; x_wconf 76' lang='grc' dir='ltr'>Ἀλεξανδρείας·</span> <span class='ocrx_word' id='word_1_500' title='bbox 3482 2824 3705 2896; x_wconf 67' lang='grc' dir='ltr'>ἤγαγε,</span> <span class='ocrx_word' id='word_1_501' title='bbox 3750 2829 3819 2881; x_wconf 73' lang='grc' dir='ltr'>τὰ</span> 
     </span>
    </p>
   </div>
   <div class='ocr_carea' id='block_1_69' title="bbox 2222 2917 3242 2990">
    <p class='ocr_par' dir='ltr' id='par_1_69' title="bbox 2222 2917 3242 2990">
     <span class='ocr_line' id='line_1_69' title="bbox 2222 2917 3242 2990; baseline 0.004 -20"><span class='ocrx_word' id='word_1_502' title='bbox 2222 2918 2446 2989; x_wconf 78' lang='grc' dir='ltr'>ῥήματα</span> <span class='ocrx_word' id='word_1_503' title='bbox 2478 2917 2759 2989; x_wconf 71' lang='grc' dir='ltr'>ἑκατέρων</span> <span class='ocrx_word' id='word_1_504' title='bbox 2791 2917 3242 2990; x_wconf 77' lang='grc' dir='ltr'>σημειούμενον.)</span> 
     </span>
    </p>
   </div>
   <div class='ocr_carea' id='block_1_70' title="bbox 2290 2999 3814 3086">
    <p class='ocr_par' dir='ltr' id='par_1_70' title="bbox 2290 2999 3814 3086">
     <span class='ocr_line' id='line_1_70' title="bbox 2290 2999 3814 3086; baseline 0.004 -24"><span class='ocrx_word' id='word_1_505' title='bbox 2290 3010 2400 3063; x_wconf 76' lang='grc' dir='ltr'><strong>Καὶ</strong></span> <span class='ocrx_word' id='word_1_506' title='bbox 2426 3010 2470 3065; x_wconf 95' lang='lat' dir='ltr'><strong>o</strong></span> <span class='ocrx_word' id='word_1_507' title='bbox 2496 3011 2716 3065; x_wconf 80' lang='grc' dir='ltr'><strong>ΑΓΙοΣ.</strong></span> <span class='ocrx_word' id='word_1_508' title='bbox 2772 3010 2875 3065; x_wconf 76' lang='grc' dir='ltr'><strong>Διά</strong></span> <span class='ocrx_word' id='word_1_509' title='bbox 2933 2999 3108 3066; x_wconf 69' lang='grc' dir='ltr'>ταῦτα</span> <span class='ocrx_word' id='word_1_510' title='bbox 3155 3014 3380 3084; x_wconf 79' lang='grc' dir='ltr'>ετρηκεν</span> <span class='ocrx_word' id='word_1_511' title='bbox 3411 3016 3440 3070; x_wconf 73' lang='grc' dir='ltr'><strong>δ</strong></span> <span class='ocrx_word' id='word_1_512' title='bbox 3473 3015 3814 3086; x_wconf 72' lang='grc' dir='ltr'><strong>προφήτης·</strong></span> 
     </span>
    </p>
   </div>
   <div class='ocr_carea' id='block_1_71' title="bbox 2227 3099 3824 3174">
    <p class='ocr_par' dir='ltr' id='par_1_71' title="bbox 2227 3099 3824 3174">
     <span class='ocr_line' id='line_1_71' title="bbox 2227 3099 3824 3174; baseline 0.004 -20"><span class='ocrx_word' id='word_1_513' title='bbox 2227 3100 2301 3154; x_wconf 84' lang='grc' dir='ltr'><em>Ἠ</em></span> <span class='ocrx_word' id='word_1_514' title='bbox 2321 3099 2592 3169; x_wconf 76' lang='grc' dir='ltr'>δήλωσις</span> <span class='ocrx_word' id='word_1_515' title='bbox 2640 3100 2762 3156; x_wconf 80' lang='grc' dir='ltr'>τῶν</span> <span class='ocrx_word' id='word_1_516' title='bbox 2787 3104 2987 3174; x_wconf 73' lang='grc' dir='ltr'>λόγων</span> <span class='ocrx_word' id='word_1_517' title='bbox 3020 3120 3140 3159; x_wconf 83' lang='grc' dir='ltr'><strong>σου</strong></span> <span class='ocrx_word' id='word_1_518' title='bbox 3166 3106 3379 3174; x_wconf 68' lang='lat' dir='ltr'><strong>spumei</strong></span> <span class='ocrx_word' id='word_1_519' title='bbox 3413 3105 3514 3162; x_wconf 74' lang='grc' dir='ltr'><strong>καὶ</strong></span> <span class='ocrx_word' id='word_1_520' title='bbox 3543 3107 3824 3163; x_wconf 71' lang='grc' dir='ltr'>συνετιεῖ</span> 
     </span>
    </p>
   </div>
   <div class='ocr_carea' id='block_1_72' title="bbox 2142 3191 2498 3264">
    <p class='ocr_par' dir='ltr' id='par_1_72' title="bbox 2142 3191 2498 3264">
     <span class='ocr_line' id='line_1_72' title="bbox 2142 3191 2498 3264; baseline 0.006 -19"><span class='ocrx_word' id='word_1_521' title='bbox 2142 3205 2187 3264; x_wconf 77' lang='lat' dir='ltr'><strong>C</strong></span> <span class='ocrx_word' id='word_1_522' title='bbox 2220 3191 2498 3259; x_wconf 72' lang='grc' dir='ltr'>νηπίους.</span> 
     </span>
    </p>
   </div>
   <div class='ocr_carea' id='block_1_73' title="bbox 2290 3280 3704 3360">
    <p class='ocr_par' dir='ltr' id='par_1_73' title="bbox 2290 3280 3704 3360">
     <span class='ocr_line' id='line_1_73' title="bbox 2290 3280 3704 3360; baseline 0.006 -25"><span class='ocrx_word' id='word_1_523' title='bbox 2290 3284 2538 3339; x_wconf 77' lang='lat' dir='ltr'><strong>EPBAN.</strong></span> <span class='ocrx_word' id='word_1_524' title='bbox 2572 3283 2707 3339; x_wconf 83' lang='grc' dir='ltr'>Τίνα</span> <span class='ocrx_word' id='word_1_525' title='bbox 2739 3284 2847 3338; x_wconf 79' lang='grc' dir='ltr'>εἰσὶ</span> <span class='ocrx_word' id='word_1_526' title='bbox 2876 3284 2948 3338; x_wconf 76' lang='grc' dir='ltr'>τὰ</span> <span class='ocrx_word' id='word_1_527' title='bbox 2966 3286 3173 3360; x_wconf 47' lang='grc' dir='ltr'>ονὴπια,</span> <span class='ocrx_word' id='word_1_528' title='bbox 3205 3289 3336 3355; x_wconf 73' lang='grc' dir='ltr'>περὶ</span> <span class='ocrx_word' id='word_1_529' title='bbox 3364 3280 3440 3343; x_wconf 82' lang='grc' dir='ltr'><strong>ῶν</strong></span> <span class='ocrx_word' id='word_1_530' title='bbox 3472 3290 3666 3360; x_wconf 75' lang='grc' dir='ltr'>εἴρηκε</span> <span class='ocrx_word' id='word_1_531' title='bbox 3688 3331 3704 3355; x_wconf 88' lang='grc'><em>,</em></span> 
     </span>
    </p>
   </div>
   <div class='ocr_carea' id='block_1_74' title="bbox 2289 3374 3809 3454">
    <p class='ocr_par' dir='ltr' id='par_1_74' title="bbox 2289 3374 3809 3454">
     <span class='ocr_line' id='line_1_74' title="bbox 2289 3374 3809 3454; baseline 0.005 -26"><span class='ocrx_word' id='word_1_532' title='bbox 2289 3375 2402 3429; x_wconf 75' lang='grc' dir='ltr'><strong>Καὶ</strong></span> <span class='ocrx_word' id='word_1_533' title='bbox 2418 3377 2458 3429; x_wconf 93' lang='lat'><strong>0</strong></span> <span class='ocrx_word' id='word_1_534' title='bbox 2484 3374 2702 3430; x_wconf 84' lang='grc' dir='ltr'><strong>ΑΓΙΟΣ.</strong></span> <span class='ocrx_word' id='word_1_535' title='bbox 2720 3377 2912 3447; x_wconf 84' lang='grc' dir='ltr'>Νήπια</span> <span class='ocrx_word' id='word_1_536' title='bbox 2929 3375 3154 3447; x_wconf 73' lang='grc' dir='ltr'>εἴρηκεν</span> <span class='ocrx_word' id='word_1_537' title='bbox 3178 3379 3322 3449; x_wconf 71' lang='grc' dir='ltr'>ὑμᾶς</span> <span class='ocrx_word' id='word_1_538' title='bbox 3340 3380 3470 3444; x_wconf 82' lang='grc' dir='ltr'>τοὺς</span> <span class='ocrx_word' id='word_1_539' title='bbox 3498 3381 3809 3454; x_wconf 78' lang='grc' dir='ltr'>Ἐὄραίους,</span> 
     </span>
    </p>
   </div>
   <div class='ocr_carea' id='block_1_75' title="bbox 2217 3467 3819 3545">
    <p class='ocr_par' dir='ltr' id='par_1_75' title="bbox 2217 3467 3819 3545">
     <span class='ocr_line' id='line_1_75' title="bbox 2217 3467 3819 3545; baseline 0.005 -25"><span class='ocrx_word' id='word_1_540' title='bbox 2217 3468 2347 3531; x_wconf 81' lang='grc' dir='ltr'>τοὺς</span> <span class='ocrx_word' id='word_1_541' title='bbox 2390 3467 2467 3532; x_wconf 81' lang='grc' dir='ltr'>ὡς</span> <span class='ocrx_word' id='word_1_542' title='bbox 2511 3468 2708 3540; x_wconf 85' lang='grc' dir='ltr'>νήπια,</span> <span class='ocrx_word' id='word_1_543' title='bbox 2738 3469 2816 3534; x_wconf 84' lang='grc' dir='ltr'>ὡς</span> <span class='ocrx_word' id='word_1_544' title='bbox 2847 3469 2992 3540; x_wconf 77' lang='grc' dir='ltr'>ἄλλῳ</span> <span class='ocrx_word' id='word_1_545' title='bbox 3037 3470 3297 3545; x_wconf 76' lang='grc' dir='ltr'>γάλακτι,</span> <span class='ocrx_word' id='word_1_546' title='bbox 3332 3471 3425 3525; x_wconf 78' lang='grc' dir='ltr'>διὰ</span> <span class='ocrx_word' id='word_1_547' title='bbox 3454 3471 3552 3526; x_wconf 83' lang='grc' dir='ltr'><strong>τοῦ</strong></span> <span class='ocrx_word' id='word_1_548' title='bbox 3583 3474 3819 3539; x_wconf 75' lang='grc' dir='ltr'>ἀτελοῦς</span> 
     </span>
    </p>
   </div>
   <div class='ocr_carea' id='block_1_76' title="bbox 2176 3560 3816 3636">
    <p class='ocr_par' dir='ltr' id='par_1_76' title="bbox 2176 3560 3816 3636">
     <span class='ocr_line' id='line_1_76' title="bbox 2176 3560 3816 3636; baseline 0.004 -24"><span class='ocrx_word' id='word_1_549' title='bbox 2176 3596 2178 3599; x_wconf 94' lang='grc'><strong><em>-</em></strong></span> <span class='ocrx_word' id='word_1_550' title='bbox 2214 3560 2407 3630; x_wconf 80' lang='grc' dir='ltr'>νόμου,</span> <span class='ocrx_word' id='word_1_551' title='bbox 2453 3561 2830 3631; x_wconf 76' lang='grc' dir='ltr'>τρεφομένους</span> <span class='ocrx_word' id='word_1_552' title='bbox 2861 3561 2958 3614; x_wconf 74' lang='grc' dir='ltr'><strong>καὶ</strong></span> <span class='ocrx_word' id='word_1_553' title='bbox 3006 3561 3464 3633; x_wconf 71' lang='grc' dir='ltr'><strong>παιδευομένους,</strong></span> <span class='ocrx_word' id='word_1_554' title='bbox 3499 3565 3587 3619; x_wconf 79' lang='grc' dir='ltr'><strong>ἵνα</strong></span> <span class='ocrx_word' id='word_1_555' title='bbox 3628 3565 3816 3636; x_wconf 80' lang='grc' dir='ltr'>καιρῷ</span> 
     </span>
    </p>
   </div>
   <div class='ocr_carea' id='block_1_77' title="bbox 2215 3652 3814 3726">
    <p class='ocr_par' dir='ltr' id='par_1_77' title="bbox 2215 3652 3814 3726">
     <span class='ocr_line' id='line_1_77' title="bbox 2215 3652 3814 3726; baseline 0.003 -19"><span class='ocrx_word' id='word_1_556' title='bbox 2215 3652 2294 3724; x_wconf 81' lang='grc' dir='ltr'>τῷ</span> <span class='ocrx_word' id='word_1_557' title='bbox 2337 3653 2692 3725; x_wconf 74' lang='grc' dir='ltr'>προϐαίνοντι</span> <span class='ocrx_word' id='word_1_558' title='bbox 2727 3653 2970 3726; x_wconf 82' lang='grc' dir='ltr'>Χριστοῦ</span> <span class='ocrx_word' id='word_1_559' title='bbox 3018 3656 3492 3726; x_wconf 75' lang='grc' dir='ltr'>παραγεγονότος,</span> <span class='ocrx_word' id='word_1_560' title='bbox 3546 3658 3644 3710; x_wconf 80' lang='grc' dir='ltr'>καὶ</span> <span class='ocrx_word' id='word_1_561' title='bbox 3696 3657 3814 3712; x_wconf 85' lang='grc' dir='ltr'><strong>τῶν</strong></span> 
     </span>
    </p>
   </div>
   <div class='ocr_carea' id='block_1_78' title="bbox 2214 3743 3812 3820">
    <p class='ocr_par' dir='ltr' id='par_1_78' title="bbox 2214 3743 3812 3820">
     <span class='ocr_line' id='line_1_78' title="bbox 2214 3743 3812 3820; baseline 0.003 -22"><span class='ocrx_word' id='word_1_562' title='bbox 2214 3743 2437 3798; x_wconf 83' lang='grc' dir='ltr'>τελείων</span> <span class='ocrx_word' id='word_1_563' title='bbox 2460 3743 2547 3797; x_wconf 84' lang='grc' dir='ltr'><strong>διὰ</strong></span> <span class='ocrx_word' id='word_1_564' title='bbox 2575 3744 2675 3815; x_wconf 87' lang='grc' dir='ltr'><strong>τῆς</strong></span> <span class='ocrx_word' id='word_1_565' title='bbox 2698 3743 2864 3799; x_wconf 84' lang='grc' dir='ltr'>αὐτοῦ</span> <span class='ocrx_word' id='word_1_566' title='bbox 2899 3745 3126 3818; x_wconf 75' lang='grc' dir='ltr'>χάριτος</span> <span class='ocrx_word' id='word_1_567' title='bbox 3160 3745 3471 3818; x_wconf 68' lang='grc' dir='ltr'><strong>ιφάψησθε,</strong></span> <span class='ocrx_word' id='word_1_568' title='bbox 3502 3747 3608 3802; x_wconf 75' lang='grc' dir='ltr'>κᾶν</span> <span class='ocrx_word' id='word_1_569' title='bbox 3636 3751 3812 3820; x_wconf 54' lang='lat' dir='ltr'><strong>tato-</strong></span> 
     </span>
    </p>
   </div>
   <div class='ocr_carea' id='block_1_79' title="bbox 2215 3836 2934 3910">
    <p class='ocr_par' dir='ltr' id='par_1_79' title="bbox 2215 3836 2934 3910">
     <span class='ocr_line' id='line_1_79' title="bbox 2215 3836 2934 3910; baseline -0.001 -17"><span class='ocrx_word' id='word_1_570' title='bbox 2215 3841 2422 3910; x_wconf 79' lang='grc' dir='ltr'>χήσατε</span> <span class='ocrx_word' id='word_1_571' title='bbox 2453 3838 2556 3908; x_wconf 82' lang='grc' dir='ltr'>τῆς</span> <span class='ocrx_word' id='word_1_572' title='bbox 2591 3836 2934 3909; x_wconf 75' lang='grc' dir='ltr'>προθέσεως.</span> 
     </span>
    </p>
   </div>
   <div class='ocr_carea' id='block_1_80' title="bbox 2287 3929 3808 4005">
    <p class='ocr_par' dir='ltr' id='par_1_80' title="bbox 2287 3929 3808 4005">
     <span class='ocr_line' id='line_1_80' title="bbox 2287 3929 3808 4005; baseline 0.003 -20"><span class='ocrx_word' id='word_1_573' title='bbox 2287 3931 2534 3985; x_wconf 82' lang='lat' dir='ltr'><strong>EPBAN.</strong></span> <span class='ocrx_word' id='word_1_574' title='bbox 2569 3931 2812 4000; x_wconf 84' lang='grc' dir='ltr'><strong>Μωῡσῆς</strong></span> <span class='ocrx_word' id='word_1_575' title='bbox 2850 3931 2949 3984; x_wconf 76' lang='grc' dir='ltr'>καὶ</span> <span class='ocrx_word' id='word_1_576' title='bbox 2985 3929 3178 3994; x_wconf 80' lang='grc' dir='ltr'>Ἠλίας</span> <span class='ocrx_word' id='word_1_577' title='bbox 3217 3932 3320 3985; x_wconf 79' lang='grc' dir='ltr'>οὐκ</span> <span class='ocrx_word' id='word_1_578' title='bbox 3365 3931 3478 4005; x_wconf 77' lang='grc' dir='ltr'>ἄρα</span> <span class='ocrx_word' id='word_1_579' title='bbox 3521 3932 3612 3988; x_wconf 79' lang='grc' dir='ltr'><strong>διὰ</strong></span> <span class='ocrx_word' id='word_1_580' title='bbox 3641 3935 3808 3990; x_wconf 82' lang='grc' dir='ltr'>τοῦδε</span> 
     </span>
    </p>
   </div>
   <div class='ocr_carea' id='block_1_81' title="bbox 2213 4021 3808 4099">
    <p class='ocr_par' dir='ltr' id='par_1_81' title="bbox 2213 4021 3808 4099">
     <span class='ocr_line' id='line_1_81' title="bbox 2213 4021 3808 4099; baseline 0.004 -23"><span class='ocrx_word' id='word_1_581' title='bbox 2213 4021 2440 4086; x_wconf 82' lang='grc' dir='ltr'>ἀτελοῦς</span> <span class='ocrx_word' id='word_1_582' title='bbox 2471 4021 2641 4093; x_wconf 86' lang='grc' dir='ltr'>νόμου</span> <span class='ocrx_word' id='word_1_583' title='bbox 2673 4022 2856 4092; x_wconf 83' lang='grc' dir='ltr'>ἡμῶν,</span> <span class='ocrx_word' id='word_1_584' title='bbox 2883 4021 3084 4076; x_wconf 79' lang='grc' dir='ltr'>τέλειοι</span> <span class='ocrx_word' id='word_1_585' title='bbox 3105 4021 3539 4095; x_wconf 82' lang='grc' dir='ltr'>καθωράθησαν,</span> <span class='ocrx_word' id='word_1_586' title='bbox 3567 4027 3650 4098; x_wconf 80' lang='grc' dir='ltr'><strong>τῷ</strong></span> <span class='ocrx_word' id='word_1_587' title='bbox 3681 4027 3808 4099; x_wconf 84' lang='grc' dir='ltr'>Θεῷ</span> 
     </span>
    </p>
   </div>
   <div class='ocr_carea' id='block_1_82' title="bbox 2214 4114 3807 4188">
    <p class='ocr_par' dir='ltr' id='par_1_82' title="bbox 2214 4114 3807 4188">
     <span class='ocr_line' id='line_1_82' title="bbox 2214 4114 3807 4188; baseline 0.003 -18"><span class='ocrx_word' id='word_1_588' title='bbox 2214 4115 2310 4170; x_wconf 88' lang='grc' dir='ltr'><strong>τοῦ</strong></span> <span class='ocrx_word' id='word_1_589' title='bbox 2342 4115 2511 4187; x_wconf 84' lang='grc' dir='ltr'>νόμου</span> <span class='ocrx_word' id='word_1_590' title='bbox 2547 4114 2732 4179; x_wconf 85' lang='grc' dir='ltr'>καλῶς</span> <span class='ocrx_word' id='word_1_591' title='bbox 2777 4115 3285 4188; x_wconf 80' lang='grc' dir='ltr'>εὐαρεστήσαντες;</span> <span class='ocrx_word' id='word_1_592' title='bbox 3319 4116 3480 4171; x_wconf 78' lang='grc' dir='ltr'>Κατὰ</span> <span class='ocrx_word' id='word_1_593' title='bbox 3514 4119 3683 4176; x_wconf 79' lang='grc' dir='ltr'>ποίαν</span> <span class='ocrx_word' id='word_1_594' title='bbox 3708 4115 3807 4174; x_wconf 80' lang='grc' dir='ltr'>οὖν</span> 
     </span>
    </p>
   </div>
   <div class='ocr_carea' id='block_1_83' title="bbox 2215 4206 3805 4281">
    <p class='ocr_par' dir='ltr' id='par_1_83' title="bbox 2215 4206 3805 4281">
     <span class='ocr_line' id='line_1_83' title="bbox 2215 4206 3805 4281; baseline 0.003 -21"><span class='ocrx_word' id='word_1_595' title='bbox 2215 4208 2488 4279; x_wconf 85' lang='grc' dir='ltr'>πρόφασιν</span> <span class='ocrx_word' id='word_1_596' title='bbox 2504 4206 2595 4260; x_wconf 88' lang='grc' dir='ltr'><strong>τὸν</strong></span> <span class='ocrx_word' id='word_1_597' title='bbox 2611 4207 2775 4277; x_wconf 88' lang='grc' dir='ltr'>νόμον</span> <span class='ocrx_word' id='word_1_598' title='bbox 2793 4206 2960 4279; x_wconf 82' lang='grc' dir='ltr'>ἀτελῆ</span> <span class='ocrx_word' id='word_1_599' title='bbox 2979 4208 3229 4280; x_wconf 76' lang='grc' dir='ltr'>εῐρηκαςς</span> <span class='ocrx_word' id='word_1_600' title='bbox 3250 4209 3360 4262; x_wconf 69' lang='grc' dir='ltr'><strong>Καὶ</strong></span> <span class='ocrx_word' id='word_1_601' title='bbox 3373 4208 3483 4281; x_wconf 82' lang='grc' dir='ltr'>γὰρ</span> <span class='ocrx_word' id='word_1_602' title='bbox 3504 4212 3532 4264; x_wconf 82' lang='grc' dir='ltr'>ὸ</span> <span class='ocrx_word' id='word_1_603' title='bbox 3551 4210 3653 4281; x_wconf 79' lang='grc' dir='ltr'>μὲν</span> <span class='ocrx_word' id='word_1_604' title='bbox 3675 4228 3748 4280; x_wconf 85' lang='grc' dir='ltr'><strong>φα</strong></span> <span class='ocrx_word' id='word_1_605' title='bbox 3758 4213 3805 4266; x_wconf 79' lang='grc' dir='ltr'>ί-</span> 
     </span>
    </p>
   </div>
   <div class='ocr_carea' id='block_1_84' title="bbox 2211 4299 3803 4374">
    <p class='ocr_par' dir='ltr' id='par_1_84' title="bbox 2211 4299 3803 4374">
     <span class='ocr_line' id='line_1_84' title="bbox 2211 4299 3803 4374; baseline 0.001 -20"><span class='ocrx_word' id='word_1_606' title='bbox 2211 4317 2364 4354; x_wconf 89' lang='grc' dir='ltr'>νεται</span> <span class='ocrx_word' id='word_1_607' title='bbox 2381 4300 2558 4370; x_wconf 81' lang='grc' dir='ltr'>στόμα</span> <span class='ocrx_word' id='word_1_608' title='bbox 2576 4299 2716 4373; x_wconf 88' lang='grc' dir='ltr'>πρὸς</span> <span class='ocrx_word' id='word_1_609' title='bbox 2747 4300 2922 4371; x_wconf 86' lang='grc' dir='ltr'>στόμα</span> <span class='ocrx_word' id='word_1_610' title='bbox 2947 4299 3360 4370; x_wconf 77' lang='grc' dir='ltr'>προσομιλήσας</span> <span class='ocrx_word' id='word_1_611' title='bbox 3379 4300 3521 4371; x_wconf 81' lang='grc' dir='ltr'><strong>Θεῷ,</strong></span> <span class='ocrx_word' id='word_1_612' title='bbox 3543 4301 3803 4374; x_wconf 76' lang='grc' dir='ltr'>καθάπερ</span> 
     </span>
    </p>
   </div>
   <div class='ocr_carea' id='block_1_85' title="bbox 2211 4389 3802 4463">
    <p class='ocr_par' dir='ltr' id='par_1_85' title="bbox 2211 4389 3802 4463">
     <span class='ocr_line' id='line_1_85' title="bbox 2211 4389 3802 4463; baseline 0.001 -18"><span class='ocrx_word' id='word_1_613' title='bbox 2211 4409 2296 4456; x_wconf 85' lang='grc' dir='ltr'>τις</span> <span class='ocrx_word' id='word_1_614' title='bbox 2315 4391 2466 4460; x_wconf 84' lang='grc' dir='ltr'>φίλος</span> <span class='ocrx_word' id='word_1_615' title='bbox 2478 4390 2614 4461; x_wconf 84' lang='grc' dir='ltr'>πρὸς</span> <span class='ocrx_word' id='word_1_616' title='bbox 2627 4389 2778 4460; x_wconf 85' lang='grc' dir='ltr'>φίλον</span> <span class='ocrx_word' id='word_1_617' title='bbox 2796 4389 3079 4462; x_wconf 87' lang='grc' dir='ltr'>ἀγαπητὸν</span> <span class='ocrx_word' id='word_1_618' title='bbox 3094 4390 3564 4460; x_wconf 80' lang='grc' dir='ltr'>αὐτοῦ.Δῖγυπτόν</span> <span class='ocrx_word' id='word_1_619' title='bbox 3578 4409 3638 4446; x_wconf 87' lang='grc' dir='ltr'>τε</span> <span class='ocrx_word' id='word_1_620' title='bbox 3654 4394 3802 4463; x_wconf 70' lang='grc' dir='ltr'><strong>ἐμά-</strong></span> 
     </span>
    </p>
   </div>
   <div class='ocr_carea' id='block_1_86' title="bbox 2213 4481 3804 4556">
    <p class='ocr_par' dir='ltr' id='par_1_86' title="bbox 2213 4481 3804 4556">
     <span class='ocr_line' id='line_1_86' title="bbox 2213 4481 3804 4556; baseline 0.004 -20"><span class='ocrx_word' id='word_1_621' title='bbox 2213 4481 2394 4548; x_wconf 79' lang='grc' dir='ltr'>στιξεν</span> <span class='ocrx_word' id='word_1_622' title='bbox 2426 4482 2501 4546; x_wconf 85' lang='grc' dir='ltr'><strong>ὡς</strong></span> <span class='ocrx_word' id='word_1_623' title='bbox 2539 4482 2676 4547; x_wconf 92' lang='grc' dir='ltr'>Θεὸς</span> <span class='ocrx_word' id='word_1_624' title='bbox 2705 4482 2908 4554; x_wconf 78' lang='grc' dir='ltr'>Φαραὼ</span> <span class='ocrx_word' id='word_1_625' title='bbox 2937 4482 3050 4555; x_wconf 84' lang='grc'><strong>(68)</strong></span> <span class='ocrx_word' id='word_1_626' title='bbox 3083 4485 3142 4536; x_wconf 80' lang='grc' dir='ltr'>ὲν</span> <span class='ocrx_word' id='word_1_627' title='bbox 3191 4483 3334 4539; x_wconf 79' lang='grc' dir='ltr'>ἑπτὰ</span> <span class='ocrx_word' id='word_1_628' title='bbox 3379 4485 3622 4556; x_wconf 76' lang='grc' dir='ltr'>πληγαῖς</span> <span class='ocrx_word' id='word_1_629' title='bbox 3645 4503 3660 4518; x_wconf 78' lang='grc' dir='ltr'><strong>ο</strong></span> <span class='ocrx_word' id='word_1_630' title='bbox 3703 4490 3804 4542; x_wconf 75' lang='grc' dir='ltr'><strong>καὶ</strong></span> 
     </span>
    </p>
   </div>
   <div class='ocr_carea' id='block_1_87' title="bbox 515 4545 2122 4646">
    <p class='ocr_par' dir='ltr' id='par_1_87' title="bbox 515 4545 2097 4637">
     <span class='ocr_line' id='line_1_87' title="bbox 515 4545 2097 4637; baseline 0.015 -37"><span class='ocrx_word' id='word_1_631' title='bbox 515 4545 604 4617; x_wconf 82' lang='lat' dir='ltr'><strong>gis</strong></span> <span class='ocrx_word' id='word_1_632' title='bbox 635 4563 647 4600; x_wconf 87' lang='lat'><strong>:</strong></span> <span class='ocrx_word' id='word_1_633' title='bbox 677 4554 733 4600; x_wconf 90' lang='lat' dir='ltr'><strong>et</strong></span> <span class='ocrx_word' id='word_1_634' title='bbox 750 4546 858 4602; x_wconf 87' lang='lat' dir='ltr'><strong>alia</strong></span> <span class='ocrx_word' id='word_1_635' title='bbox 889 4546 1126 4605; x_wconf 87' lang='lat' dir='ltr'><strong>fortasse</strong></span> <span class='ocrx_word' id='word_1_636' title='bbox 1147 4551 1264 4621; x_wconf 83' lang='lat' dir='ltr'><strong>ipse</strong></span> <span class='ocrx_word' id='word_1_637' title='bbox 1289 4554 1420 4609; x_wconf 82' lang='lat' dir='ltr'><strong>scis.</strong></span> <span class='ocrx_word' id='word_1_638' title='bbox 1444 4555 1594 4613; x_wconf 85' lang='lat' dir='ltr'><strong>Elias</strong></span> <span class='ocrx_word' id='word_1_639' title='bbox 1615 4574 1748 4615; x_wconf 89' lang='lat' dir='ltr'><strong>vero</strong></span> <span class='ocrx_word' id='word_1_640' title='bbox 1780 4578 1891 4618; x_wconf 88' lang='lat' dir='ltr'><strong>non</strong></span> <span class='ocrx_word' id='word_1_641' title='bbox 1917 4565 2097 4637; x_wconf 86' lang='lat' dir='ltr'><strong>ignem</strong></span> 
     </span>
    </p>
   </div>
   <div class='ocr_carea' id='block_1_88' title="bbox 2223 4545 3801 4646">
    <p class='ocr_par' dir='ltr' id='par_1_88' title="bbox 2223 4545 3801 4641">
     <span class='ocr_line' id='line_1_88' title="bbox 2223 4545 3801 4641; baseline -0.004 -10"><span class='ocrx_word' id='word_1_642' title='bbox 2223 4545 2426 4631; x_wconf 64' lang='grc' dir='ltr'>τ’άλλα</span> <span class='ocrx_word' id='word_1_643' title='bbox 2459 4545 2591 4638; x_wconf 74' lang='grc' dir='ltr'>ἴσως</span> <span class='ocrx_word' id='word_1_644' title='bbox 2632 4545 2802 4638; x_wconf 72' lang='grc' dir='ltr'>αὐτὸς</span> <span class='ocrx_word' id='word_1_645' title='bbox 2849 4545 3166 4634; x_wconf 69' lang='grc' dir='ltr'>ἐπίστασαι.</span> <span class='ocrx_word' id='word_1_646' title='bbox 3206 4576 3392 4641; x_wconf 83' lang='grc' dir='ltr'>Ἠλίας</span> <span class='ocrx_word' id='word_1_647' title='bbox 3420 4545 3615 4631; x_wconf 48' lang='grc' dir='ltr'><strong>δὲμοῠ⁷</strong></span> <span class='ocrx_word' id='word_1_648' title='bbox 3659 4596 3801 4634; x_wconf 86' lang='grc' dir='ltr'>κατ-</span> 
     </span>
    </p>
   </div>
   <div class='ocr_carea' id='block_1_89' title="bbox 511 4637 2100 4726">
    <p class='ocr_par' dir='ltr' id='par_1_89' title="bbox 511 4637 2100 4726">
     <span class='ocr_line' id='line_1_89' title="bbox 511 4637 2100 4726; baseline 0.014 -33"><span class='ocrx_word' id='word_1_649' title='bbox 511 4654 547 4693; x_wconf 90' lang='lat' dir='ltr'><strong>e</strong></span> <span class='ocrx_word' id='word_1_650' title='bbox 571 4638 718 4694; x_wconf 69' lang='lat' dir='ltr'><strong>caelo</strong></span> <span class='ocrx_word' id='word_1_651' title='bbox 740 4637 953 4705; x_wconf 89' lang='lat' dir='ltr'><strong>eduxit,</strong></span> <span class='ocrx_word' id='word_1_652' title='bbox 989 4650 1046 4694; x_wconf 89' lang='lat' dir='ltr'><strong>et</strong></span> <span class='ocrx_word' id='word_1_653' title='bbox 1072 4643 1271 4711; x_wconf 73' lang='lat' dir='ltr'><strong>pluvia:</strong></span> <span class='ocrx_word' id='word_1_654' title='bbox 1303 4645 1623 4702; x_wconf 86' lang='lat' dir='ltr'><strong>interclusit</strong></span> <span class='ocrx_word' id='word_1_655' title='bbox 1653 4649 2100 4726; x_wconf 86' lang='lat' dir='ltr'><strong>distributiones,</strong></span> 
     </span>
    </p>
   </div>
   <div class='ocr_carea' id='block_1_90' title="bbox 508 4730 2138 4808">
    <p class='ocr_par' dir='ltr' id='par_1_90' title="bbox 508 4730 2138 4808">
     <span class='ocr_line' id='line_1_90' title="bbox 508 4730 2138 4808; baseline 0.015 -24"><span class='ocrx_word' id='word_1_656' title='bbox 508 4741 572 4785; x_wconf 84' lang='lat' dir='ltr'><strong>et</strong></span> <span class='ocrx_word' id='word_1_657' title='bbox 592 4730 724 4787; x_wconf 88' lang='lat' dir='ltr'><strong>fecit</strong></span> <span class='ocrx_word' id='word_1_658' title='bbox 757 4740 823 4787; x_wconf 91' lang='lat' dir='ltr'><strong>ut</strong></span> <span class='ocrx_word' id='word_1_659' title='bbox 847 4747 958 4787; x_wconf 84' lang='lat' dir='ltr'><strong>non</strong></span> <span class='ocrx_word' id='word_1_660' title='bbox 998 4734 1221 4805; x_wconf 87' lang='lat' dir='ltr'><strong>plueret</strong></span> <span class='ocrx_word' id='word_1_661' title='bbox 1255 4737 1420 4793; x_wconf 89' lang='lat' dir='ltr'><strong>annis</strong></span> <span class='ocrx_word' id='word_1_662' title='bbox 1460 4739 1638 4796; x_wconf 87' lang='lat' dir='ltr'><strong>tribus</strong></span> <span class='ocrx_word' id='word_1_663' title='bbox 1673 4750 1730 4798; x_wconf 91' lang='lat' dir='ltr'><strong>et</strong></span> <span class='ocrx_word' id='word_1_664' title='bbox 1762 4759 1858 4800; x_wconf 85' lang='lat' dir='ltr'><strong>sex</strong></span> <span class='ocrx_word' id='word_1_665' title='bbox 1899 4753 2105 4808; x_wconf 89' lang='lat' dir='ltr'><strong>mensi-</strong></span> <span class='ocrx_word' id='word_1_666' title='bbox 2135 4804 2138 4808; x_wconf 93' lang='lat'><strong>.</strong></span> 
     </span>
    </p>
   </div>
   <div class='ocr_carea' id='block_1_91' title="bbox 513 4823 2104 4906">
    <p class='ocr_par' dir='ltr' id='par_1_91' title="bbox 513 4823 2104 4906">
     <span class='ocr_line' id='line_1_91' title="bbox 513 4823 2104 4906; baseline 0.013 -28"><span class='ocrx_word' id='word_1_667' title='bbox 513 4823 658 4879; x_wconf 77' lang='lat' dir='ltr'><strong>bus?</strong></span> <span class='ocrx_word' id='word_1_668' title='bbox 685 4825 806 4880; x_wconf 87' lang='lat' dir='ltr'><strong>Non</strong></span> <span class='ocrx_word' id='word_1_669' title='bbox 839 4826 1007 4882; x_wconf 79' lang='lat' dir='ltr'><strong>etiam</strong></span> <span class='ocrx_word' id='word_1_670' title='bbox 1038 4829 1407 4901; x_wconf 86' lang='lat' dir='ltr'><strong>quadraginta</strong></span> <span class='ocrx_word' id='word_1_671' title='bbox 1441 4831 1564 4889; x_wconf 90' lang='lat' dir='ltr'><strong>dies</strong></span> <span class='ocrx_word' id='word_1_672' title='bbox 1591 4835 1817 4906; x_wconf 84' lang='lat' dir='ltr'><strong>jejunus</strong></span> <span class='ocrx_word' id='word_1_673' title='bbox 1863 4839 1971 4896; x_wconf 88' lang='lat' dir='ltr'><strong>iter</strong></span> <span class='ocrx_word' id='word_1_674' title='bbox 2018 4843 2104 4900; x_wconf 88' lang='lat' dir='ltr'><strong>fe-</strong></span> 
     </span>
    </p>
   </div>
   <div class='ocr_carea' id='block_1_92' title="bbox 509 4917 2102 5002">
    <p class='ocr_par' dir='ltr' id='par_1_92' title="bbox 509 4917 2102 5002">
     <span class='ocr_line' id='line_1_92' title="bbox 509 4917 2102 5002; baseline 0.011 -30"><span class='ocrx_word' id='word_1_675' title='bbox 509 4917 635 4972; x_wconf 83' lang='lat' dir='ltr'><strong>cit?</strong></span> <span class='ocrx_word' id='word_1_676' title='bbox 666 4918 785 4973; x_wconf 83' lang='lat' dir='ltr'><strong>Non</strong></span> <span class='ocrx_word' id='word_1_677' title='bbox 813 4918 867 4974; x_wconf 90' lang='lat' dir='ltr'><strong>in</strong></span> <span class='ocrx_word' id='word_1_678' title='bbox 907 4919 1149 4983; x_wconf 84' lang='lat' dir='ltr'><strong>Cboreh,</strong></span> <span class='ocrx_word' id='word_1_679' title='bbox 1203 4924 1258 4978; x_wconf 92' lang='lat' dir='ltr'><strong>in</strong></span> <span class='ocrx_word' id='word_1_680' title='bbox 1313 4925 1682 4983; x_wconf 87' lang='lat' dir='ltr'><strong>subtilissima</strong></span> <span class='ocrx_word' id='word_1_681' title='bbox 1713 4945 1847 4986; x_wconf 87' lang='lat' dir='ltr'><strong>aura</strong></span> <span class='ocrx_word' id='word_1_682' title='bbox 1883 4949 2102 5002; x_wconf 89' lang='lat' dir='ltr'><strong>peram-</strong></span> 
     </span>
    </p>
   </div>
   <div class='ocr_carea' id='block_1_93' title="bbox 511 5009 2097 5086">
    <p class='ocr_par' dir='ltr' id='par_1_93' title="bbox 511 5009 2097 5086">
     <span class='ocr_line' id='line_1_93' title="bbox 511 5009 2097 5086; baseline 0.013 -21"><span class='ocrx_word' id='word_1_683' title='bbox 511 5009 732 5075; x_wconf 81' lang='lat' dir='ltr'><strong>bulans,</strong></span> <span class='ocrx_word' id='word_1_684' title='bbox 759 5011 900 5066; x_wconf 83' lang='lat' dir='ltr'><strong>vidit</strong></span> <span class='ocrx_word' id='word_1_685' title='bbox 934 5013 1109 5067; x_wconf 88' lang='lat' dir='ltr'><strong>Deum</strong></span> <span class='ocrx_word' id='word_1_686' title='bbox 1140 5015 1322 5086; x_wconf 80' lang='lat' dir='ltr'><strong>legis?</strong></span> <span class='ocrx_word' id='word_1_687' title='bbox 1351 5026 1410 5073; x_wconf 90' lang='lat' dir='ltr'><strong>et</strong></span> <span class='ocrx_word' id='word_1_688' title='bbox 1462 5019 1612 5075; x_wconf 90' lang='lat' dir='ltr'><strong>inter</strong></span> <span class='ocrx_word' id='word_1_689' title='bbox 1636 5022 1792 5079; x_wconf 88' lang='lat' dir='ltr'><strong>vivos</strong></span> <span class='ocrx_word' id='word_1_690' title='bbox 1821 5026 1974 5082; x_wconf 86' lang='lat' dir='ltr'><strong>vivet</strong></span> <span class='ocrx_word' id='word_1_691' title='bbox 2026 5031 2097 5086; x_wconf 88' lang='lat' dir='ltr'><strong>ad</strong></span> 
     </span>
    </p>
   </div>
   <div class='ocr_carea' id='block_1_94' title="bbox 509 5099 2097 5188">
    <p class='ocr_par' dir='ltr' id='par_1_94' title="bbox 509 5099 2097 5188">
     <span class='ocr_line' id='line_1_94' title="bbox 509 5099 2097 5188; baseline 0.016 -35"><span class='ocrx_word' id='word_1_692' title='bbox 509 5099 664 5155; x_wconf 80' lang='lat' dir='ltr'><strong>hunc</strong></span> <span class='ocrx_word' id='word_1_693' title='bbox 691 5117 872 5171; x_wconf 80' lang='lat' dir='ltr'><strong>usque</strong></span> <span class='ocrx_word' id='word_1_694' title='bbox 889 5102 1035 5157; x_wconf 87' lang='lat' dir='ltr'><strong>diem</strong></span> <span class='ocrx_word' id='word_1_695' title='bbox 1052 5106 1078 5157; x_wconf 84' lang='lat'><strong>?</strong></span> <span class='ocrx_word' id='word_1_696' title='bbox 1107 5105 1396 5171; x_wconf 87' lang='lat' dir='ltr'><strong>Quomodo</strong></span> <span class='ocrx_word' id='word_1_697' title='bbox 1423 5109 1593 5181; x_wconf 88' lang='lat' dir='ltr'><strong>igitur</strong></span> <span class='ocrx_word' id='word_1_698' title='bbox 1613 5113 1789 5184; x_wconf 88' lang='lat' dir='ltr'><strong>legem</strong></span> <span class='ocrx_word' id='word_1_699' title='bbox 1807 5116 1927 5188; x_wconf 90' lang='lat' dir='ltr'><strong>ipse</strong></span> <span class='ocrx_word' id='word_1_700' title='bbox 1947 5120 2097 5177; x_wconf 61' lang='grc' dir='ltr'><strong>θωτ-</strong></span> 
     </span>
    </p>
   </div>
   <div class='ocr_carea' id='block_1_95' title="bbox 509 5194 1424 5262">
    <p class='ocr_par' dir='ltr' id='par_1_95' title="bbox 509 5194 1424 5262">
     <span class='ocr_line' id='line_1_95' title="bbox 509 5194 1424 5262; baseline 0.01 -17"><span class='ocrx_word' id='word_1_701' title='bbox 509 5207 630 5246; x_wconf 85' lang='lat' dir='ltr'><strong>mas</strong></span> <span class='ocrx_word' id='word_1_702' title='bbox 654 5194 942 5262; x_wconf 87' lang='lat' dir='ltr'><strong>parvulam</strong></span> <span class='ocrx_word' id='word_1_703' title='bbox 967 5205 1026 5250; x_wconf 91' lang='lat' dir='ltr'><strong>et</strong></span> <span class='ocrx_word' id='word_1_704' title='bbox 1049 5195 1424 5255; x_wconf 86' lang='lat' dir='ltr'><strong>incﬂicacem?</strong></span> 
     </span>
    </p>
   </div>
   <div class='ocr_carea' id='block_1_96' title="bbox 577 5282 2092 5373">
    <p class='ocr_par' dir='ltr' id='par_1_96' title="bbox 577 5282 2092 5373">
     <span class='ocr_line' id='line_1_96' title="bbox 577 5282 2092 5373; baseline 0.016 -35"><span class='ocrx_word' id='word_1_705' title='bbox 577 5282 878 5341; x_wconf 81' lang='lat' dir='ltr'><strong>S.ARCH.</strong></span> <span class='ocrx_word' id='word_1_706' title='bbox 935 5286 1136 5359; x_wconf 87' lang='lat' dir='ltr'><strong>Legem</strong></span> <span class='ocrx_word' id='word_1_707' title='bbox 1199 5292 1458 5361; x_wconf 90' lang='lat' dir='ltr'><strong>equidem</strong></span> <span class='ocrx_word' id='word_1_708' title='bbox 1511 5296 1624 5352; x_wconf 79' lang='lat' dir='ltr'><strong>dixi</strong></span> <span class='ocrx_word' id='word_1_709' title='bbox 1679 5299 2092 5373; x_wconf 83' lang='lat' dir='ltr'><strong>imperfectam,</strong></span> 
     </span>
    </p>
   </div>
   <div class='ocr_carea' id='block_1_97' title="bbox 581 5429 1185 5497">
    <p class='ocr_par' dir='ltr' id='par_1_97' title="bbox 581 5429 1185 5497">
     <span class='ocr_line' id='line_1_97' title="bbox 581 5429 1185 5497; baseline -0.002 -9"><span class='ocrx_word' id='word_1_710' title='bbox 581 5429 630 5464; x_wconf 86' lang='grc'><em>³³</em></span> <span class='ocrx_word' id='word_1_711' title='bbox 657 5429 801 5488; x_wconf 87' lang='lat' dir='ltr'><strong>Psal.</strong></span> <span class='ocrx_word' id='word_1_712' title='bbox 833 5444 1024 5497; x_wconf 82' lang='lat' dir='ltr'><strong>cxvni,</strong></span> <span class='ocrx_word' id='word_1_713' title='bbox 1062 5431 1185 5487; x_wconf 75' lang='grc'>150.</span> 
     </span>
    </p>
   </div>
   <div class='ocr_carea' id='block_1_98' title="bbox 2199 4664 3800 4741">
    <p class='ocr_par' dir='ltr' id='par_1_98' title="bbox 2199 4664 3800 4741">
     <span class='ocr_line' id='line_1_98' title="bbox 2199 4664 3800 4741; baseline -0.001 -17"><span class='ocrx_word' id='word_1_714' title='bbox 2199 4673 2441 4741; x_wconf 63' lang='grc' dir='ltr'><strong>⁴ίενεγιιεν</strong></span> <span class='ocrx_word' id='word_1_715' title='bbox 2478 4667 2592 4738; x_wconf 86' lang='grc' dir='ltr'>πῦρ</span> <span class='ocrx_word' id='word_1_716' title='bbox 2638 4667 2708 4720; x_wconf 72' lang='grc' dir='ltr'>ἐκ</span> <span class='ocrx_word' id='word_1_717' title='bbox 2740 4664 2839 4720; x_wconf 88' lang='grc' dir='ltr'><strong>τοῦ</strong></span> <span class='ocrx_word' id='word_1_718' title='bbox 2868 4665 3128 4736; x_wconf 83' lang='grc' dir='ltr'>οὐρανοῦ,</span> <span class='ocrx_word' id='word_1_719' title='bbox 3159 4667 3254 4722; x_wconf 73' lang='grc' dir='ltr'>καὶ</span> <span class='ocrx_word' id='word_1_720' title='bbox 3279 4668 3607 4723; x_wconf 80' lang='grc' dir='ltr'>ἀπέκλεισεν</span> <span class='ocrx_word' id='word_1_721' title='bbox 3633 4668 3800 4724; x_wconf 75' lang='grc' dir='ltr'>ὑετοῦ</span> 
     </span>
    </p>
   </div>
   <div class='ocr_carea' id='block_1_99' title="bbox 2199 4758 3800 4834">
    <p class='ocr_par' dir='ltr' id='par_1_99' title="bbox 2199 4758 3800 4834">
     <span class='ocr_line' id='line_1_99' title="bbox 2199 4758 3800 4834; baseline 0.001 -19"><span class='ocrx_word' id='word_1_722' title='bbox 2199 4760 2373 4833; x_wconf 81' lang='grc' dir='ltr'>νομὰς</span> <span class='ocrx_word' id='word_1_723' title='bbox 2402 4759 2496 4829; x_wconf 80' lang='grc' dir='ltr'>ἐτη</span> <span class='ocrx_word' id='word_1_724' title='bbox 2533 4758 2662 4830; x_wconf 89' lang='grc' dir='ltr'>τρία</span> <span class='ocrx_word' id='word_1_725' title='bbox 2711 4758 2810 4812; x_wconf 82' lang='grc' dir='ltr'>σὺν</span> <span class='ocrx_word' id='word_1_726' title='bbox 2883 4759 3052 4831; x_wconf 78' lang='grc' dir='ltr'>μησὶν</span> <span class='ocrx_word' id='word_1_727' title='bbox 3094 4759 3188 4826; x_wconf 67' lang='grc' dir='ltr'><strong>ἓξς</strong></span> <span class='ocrx_word' id='word_1_728' title='bbox 3239 4760 3316 4814; x_wconf 74' lang='grc' dir='ltr'><strong>Οὔ</strong></span> <span class='ocrx_word' id='word_1_729' title='bbox 3373 4761 3800 4834; x_wconf 80' lang='grc' dir='ltr'>τεσσαράκοντα</span> 
     </span>
    </p>
   </div>
   <div class='ocr_carea' id='block_1_100' title="bbox 2201 4851 3799 4925">
    <p class='ocr_par' dir='ltr' id='par_1_100' title="bbox 2201 4851 3799 4925">
     <span class='ocr_line' id='line_1_100' title="bbox 2201 4851 3799 4925; baseline -0.001 -18"><span class='ocrx_word' id='word_1_730' title='bbox 2201 4853 2416 4924; x_wconf 77' lang='grc' dir='ltr'>ἡμέρας</span> <span class='ocrx_word' id='word_1_731' title='bbox 2447 4851 2654 4905; x_wconf 84' lang='grc' dir='ltr'>ὥδευσε</span> <span class='ocrx_word' id='word_1_732' title='bbox 2695 4851 2925 4922; x_wconf 72' lang='grc' dir='ltr'>νῆστιςς</span> <span class='ocrx_word' id='word_1_733' title='bbox 2961 4852 3078 4906; x_wconf 81' lang='grc' dir='ltr'><strong>οὐκ</strong></span> <span class='ocrx_word' id='word_1_734' title='bbox 3106 4852 3219 4924; x_wconf 79' lang='grc' dir='ltr'><strong>ἄρα</strong></span> <span class='ocrx_word' id='word_1_735' title='bbox 3251 4853 3311 4906; x_wconf 79' lang='grc' dir='ltr'>ὲν</span> <span class='ocrx_word' id='word_1_736' title='bbox 3340 4853 3546 4925; x_wconf 73' lang='grc' dir='ltr'><strong>Χυρὴσ</strong></span> <span class='ocrx_word' id='word_1_737' title='bbox 3589 4857 3656 4925; x_wconf 76' lang='grc' dir='ltr'>τῇ</span> <span class='ocrx_word' id='word_1_738' title='bbox 3706 4853 3799 4906; x_wconf 77' lang='grc' dir='ltr'>λε-</span> 
     </span>
    </p>
   </div>
   <div class='ocr_carea' id='block_1_101' title="bbox 2201 4943 3796 5018">
    <p class='ocr_par' dir='ltr' id='par_1_101' title="bbox 2201 4943 3796 5018">
     <span class='ocr_line' id='line_1_101' title="bbox 2201 4943 3796 5018; baseline 0.001 -19"><span class='ocrx_word' id='word_1_739' title='bbox 2201 4947 2447 5018; x_wconf 81' lang='grc' dir='ltr'>πτοτάτῃ</span> <span class='ocrx_word' id='word_1_740' title='bbox 2496 4943 2645 5016; x_wconf 74' lang='grc' dir='ltr'>αὔρᾳ</span> <span class='ocrx_word' id='word_1_741' title='bbox 2701 4945 3233 5018; x_wconf 84' lang='grc' dir='ltr'>παραπορευόμενος</span> <span class='ocrx_word' id='word_1_742' title='bbox 3275 4945 3493 5018; x_wconf 80' lang='grc' dir='ltr'>ἑώρακε</span> <span class='ocrx_word' id='word_1_743' title='bbox 3522 4945 3616 5000; x_wconf 90' lang='grc' dir='ltr'><strong>τὸν</strong></span> <span class='ocrx_word' id='word_1_744' title='bbox 3657 4945 3796 5001; x_wconf 82' lang='grc' dir='ltr'>Θεὸν</span> 
     </span>
    </p>
   </div>
   <div class='ocr_carea' id='block_1_102' title="bbox 2204 5033 3794 5108">
    <p class='ocr_par' dir='ltr' id='par_1_102' title="bbox 2204 5033 3794 5108">
     <span class='ocr_line' id='line_1_102' title="bbox 2204 5033 3794 5108; baseline 0.001 -19"><span class='ocrx_word' id='word_1_745' title='bbox 2204 5035 2301 5089; x_wconf 88' lang='grc' dir='ltr'><strong>τοῦ</strong></span> <span class='ocrx_word' id='word_1_746' title='bbox 2341 5035 2546 5104; x_wconf 82' lang='grc' dir='ltr'>νόμου;</span> <span class='ocrx_word' id='word_1_747' title='bbox 2593 5034 2691 5089; x_wconf 68' lang='grc' dir='ltr'><strong>καὶ</strong></span> <span class='ocrx_word' id='word_1_748' title='bbox 2735 5037 2796 5089; x_wconf 80' lang='grc' dir='ltr'>ὲν</span> <span class='ocrx_word' id='word_1_749' title='bbox 2836 5033 2974 5100; x_wconf 76' lang='grc' dir='ltr'>ζῶσι</span> <span class='ocrx_word' id='word_1_750' title='bbox 3018 5034 3250 5108; x_wconf 78' lang='grc' dir='ltr'>ζήσεται</span> <span class='ocrx_word' id='word_1_751' title='bbox 3281 5037 3444 5108; x_wconf 73' lang='grc' dir='ltr'>μέχρι</span> <span class='ocrx_word' id='word_1_752' title='bbox 3469 5037 3572 5106; x_wconf 82' lang='grc' dir='ltr'><strong>τῆς</strong></span> <span class='ocrx_word' id='word_1_753' title='bbox 3596 5035 3794 5108; x_wconf 73' lang='grc' dir='ltr'>δεῦρος</span> 
     </span>
    </p>
   </div>
   <div class='ocr_carea' id='block_1_103' title="bbox 2204 5124 3794 5202">
    <p class='ocr_par' dir='ltr' id='par_1_103' title="bbox 2204 5124 3794 5202">
     <span class='ocr_line' id='line_1_103' title="bbox 2204 5124 3794 5202; baseline 0 -20"><span class='ocrx_word' id='word_1_754' title='bbox 2204 5128 2331 5192; x_wconf 86' lang='grc' dir='ltr'><strong>Πῶς</strong></span> <span class='ocrx_word' id='word_1_755' title='bbox 2373 5124 2468 5184; x_wconf 82' lang='grc' dir='ltr'>οὖν</span> <span class='ocrx_word' id='word_1_756' title='bbox 2512 5127 2678 5193; x_wconf 85' lang='grc' dir='ltr'>αὐτὸς</span> <span class='ocrx_word' id='word_1_757' title='bbox 2712 5127 3010 5198; x_wconf 75' lang='grc' dir='ltr'>ἀποφαίνει</span> <span class='ocrx_word' id='word_1_758' title='bbox 3039 5129 3135 5184; x_wconf 89' lang='grc' dir='ltr'><strong>τὸν</strong></span> <span class='ocrx_word' id='word_1_759' title='bbox 3171 5129 3334 5202; x_wconf 85' lang='grc' dir='ltr'>νόμον</span> <span class='ocrx_word' id='word_1_760' title='bbox 3377 5129 3594 5202; x_wconf 78' lang='grc' dir='ltr'>νήπιον,</span> <span class='ocrx_word' id='word_1_761' title='bbox 3623 5129 3794 5200; x_wconf 76' lang='grc' dir='ltr'>ἀτελῆ</span> 
     </span>
    </p>
   </div>
   <div class='ocr_carea' id='block_1_104' title="bbox 2201 5219 2808 5292">
    <p class='ocr_par' dir='ltr' id='par_1_104' title="bbox 2201 5219 2808 5292">
     <span class='ocr_line' id='line_1_104' title="bbox 2201 5219 2808 5292; baseline -0.003 -17"><span class='ocrx_word' id='word_1_762' title='bbox 2201 5238 2263 5275; x_wconf 88' lang='grc' dir='ltr'><strong>τε</strong></span> <span class='ocrx_word' id='word_1_763' title='bbox 2288 5222 2386 5275; x_wconf 78' lang='grc' dir='ltr'><strong>καὶ</strong></span> <span class='ocrx_word' id='word_1_764' title='bbox 2411 5219 2808 5292; x_wconf 72' lang='grc' dir='ltr'>ἀνενέργητονς</span> 
     </span>
    </p>
   </div>
   <div class='ocr_carea' id='block_1_105' title="bbox 2273 5311 3795 5386">
    <p class='ocr_par' dir='ltr' id='par_1_105' title="bbox 2273 5311 3795 5386">
     <span class='ocr_line' id='line_1_105' title="bbox 2273 5311 3795 5386; baseline 0.002 -19"><span class='ocrx_word' id='word_1_765' title='bbox 2273 5312 2385 5367; x_wconf 79' lang='grc' dir='ltr'><strong>Καὶ</strong></span> <span class='ocrx_word' id='word_1_766' title='bbox 2415 5314 2457 5366; x_wconf 87' lang='grc' dir='ltr'><strong>Ο</strong></span> <span class='ocrx_word' id='word_1_767' title='bbox 2485 5313 2707 5369; x_wconf 79' lang='grc' dir='ltr'><strong>ΔΓΙΟΣ.</strong></span> <span class='ocrx_word' id='word_1_768' title='bbox 2748 5313 2942 5385; x_wconf 82' lang='grc' dir='ltr'>Ἀτελῆ</span> <span class='ocrx_word' id='word_1_769' title='bbox 2990 5313 3194 5386; x_wconf 74' lang='grc' dir='ltr'>εἴρηκα.</span> <span class='ocrx_word' id='word_1_770' title='bbox 3243 5311 3340 5369; x_wconf 85' lang='grc' dir='ltr'><strong>τὸν</strong></span> <span class='ocrx_word' id='word_1_771' title='bbox 3395 5313 3585 5386; x_wconf 79' lang='grc' dir='ltr'>νόμον,</span> <span class='ocrx_word' id='word_1_772' title='bbox 3636 5313 3795 5370; x_wconf 75' lang='grc' dir='ltr'>οὐδα-</span> 
     </span>
    </p>
   </div>
   <div class='ocr_carea' id='block_1_106' title="bbox 2039 5541 2268 5601">
    <p class='ocr_par' dir='ltr' id='par_1_106' title="bbox 2039 5541 2268 5601">
     <span class='ocr_line' id='line_1_106' title="bbox 2039 5541 2268 5601; baseline 0.022 -5"><span class='ocrx_word' id='word_1_773' title='bbox 2039 5541 2268 5601; x_wconf 56' lang='lat' dir='ltr'><strong>NOTAE.</strong></span> 
     </span>
    </p>
   </div>
   <div class='ocr_carea' id='block_1_107' title="bbox 581 5616 1822 5700">
    <p class='ocr_par' dir='ltr' id='par_1_107' title="bbox 581 5616 1822 5700">
     <span class='ocr_line' id='line_1_107' title="bbox 581 5616 1822 5700; baseline 0.015 -29"><span class='ocrx_word' id='word_1_774' title='bbox 731 5621 930 5700; x_wconf 42' lang='grc' dir='ltr'>’ρφεῷ</span> <span class='ocrx_word' id='word_1_775' title='bbox 964 5623 1126 5700; x_wconf 62' lang='lat' dir='ltr'><strong>Forte</strong></span> <span class='ocrx_word' id='word_1_776' title='bbox 1150 5626 1582 5700; x_wconf 71' lang='grc' dir='ltr'>ὠφεληθήσεται.</span> <span class='ocrx_word' id='word_1_777' title='bbox 1619 5631 1822 5689; x_wconf 62' lang='grc' dir='ltr'>Ουιοκ.</span> 
     </span>
    </p>
   </div>
   <div class='ocr_carea' id='block_1_108' title="bbox 587 5689 2086 5772">
    <p class='ocr_par' dir='ltr' id='par_1_108' title="bbox 587 5689 2086 5772">
     <span class='ocr_line' id='line_1_108' title="bbox 587 5689 2086 5772; baseline 0.014 -30"><span class='ocrx_word' id='word_1_778' title='bbox 587 5689 701 5772; x_wconf 64' lang='grc'><strong>(68)</strong></span> <span class='ocrx_word' id='word_1_779' title='bbox 740 5689 834 5757; x_wconf 73' lang='grc' dir='ltr'><strong>Ὠς</strong></span> <span class='ocrx_word' id='word_1_780' title='bbox 877 5694 1023 5772; x_wconf 67' lang='grc' dir='ltr'><strong>Θερς</strong></span> <span class='ocrx_word' id='word_1_781' title='bbox 1061 5689 1289 5772; x_wconf 67' lang='grc' dir='ltr'>Φαραώ.</span> <span class='ocrx_word' id='word_1_782' title='bbox 1322 5689 1508 5772; x_wconf 57' lang='lat' dir='ltr'><strong>Minus</strong></span> <span class='ocrx_word' id='word_1_783' title='bbox 1537 5711 1705 5766; x_wconf 86' lang='lat' dir='ltr'><strong>recte,</strong></span> <span class='ocrx_word' id='word_1_784' title='bbox 1752 5713 1814 5759; x_wconf 92' lang='lat' dir='ltr'><strong>ut</strong></span> <span class='ocrx_word' id='word_1_785' title='bbox 1846 5705 2086 5772; x_wconf 85' lang='lat' dir='ltr'><strong>videtur,</strong></span> 
     </span>
    </p>
   </div>
   <div class='ocr_carea' id='block_1_109' title="bbox 510 5757 2088 5832">
    <p class='ocr_par' dir='ltr' id='par_1_109' title="bbox 510 5757 2088 5832">
     <span class='ocr_line' id='line_1_109' title="bbox 510 5757 2088 5832; baseline 0.014 -21"><span class='ocrx_word' id='word_1_786' title='bbox 510 5757 788 5832; x_wconf 75' lang='lat' dir='ltr'><strong>interpres</strong></span> <span class='ocrx_word' id='word_1_787' title='bbox 821 5757 1019 5830; x_wconf 72' lang='lat' dir='ltr'><strong>reddit,</strong></span> <span class='ocrx_word' id='word_1_788' title='bbox 1054 5779 1109 5822; x_wconf 84' lang='lat' dir='ltr'><strong>ut</strong></span> <span class='ocrx_word' id='word_1_789' title='bbox 1142 5757 1284 5821; x_wconf 76' lang='lat' dir='ltr'><strong>Deus</strong></span> <span class='ocrx_word' id='word_1_790' title='bbox 1334 5757 1710 5827; x_wconf 31' lang='lat' dir='ltr'><strong>Pharaonem:-</strong></span> <span class='ocrx_word' id='word_1_791' title='bbox 1739 5757 1835 5830; x_wconf 73' lang='lat' dir='ltr'><strong>sed</strong></span> <span class='ocrx_word' id='word_1_792' title='bbox 1861 5757 2088 5832; x_wconf 62' lang='lat' dir='ltr'><strong>verteri:</strong></span> 
     </span>
    </p>
   </div>
   <div class='ocr_carea' id='block_1_110' title="bbox 507 5827 2084 5913">
    <p class='ocr_par' dir='ltr' id='par_1_110' title="bbox 507 5827 2084 5913">
     <span class='ocr_line' id='line_1_110' title="bbox 507 5827 2084 5913; baseline 0.014 -31"><span class='ocrx_word' id='word_1_793' title='bbox 507 5827 644 5885; x_wconf 86' lang='lat' dir='ltr'><strong>dum</strong></span> <span class='ocrx_word' id='word_1_794' title='bbox 663 5827 812 5889; x_wconf 56' lang='lat' dir='ltr'><strong>&#39;cuui</strong></span> <span class='ocrx_word' id='word_1_795' title='bbox 848 5827 1152 5907; x_wconf 88' lang='lat' dir='ltr'><strong>interprete</strong></span> <span class='ocrx_word' id='word_1_796' title='bbox 1186 5839 1367 5913; x_wconf 78' lang='lat' dir='ltr'><strong>Vulg.,</strong></span> <span class='ocrx_word' id='word_1_797' title='bbox 1394 5851 1447 5896; x_wconf 76' lang='lat' dir='ltr'><strong>ut</strong></span> <span class='ocrx_word' id='word_1_798' title='bbox 1478 5841 1618 5898; x_wconf 71' lang='lat' dir='ltr'><strong>Deus</strong></span> <span class='ocrx_word' id='word_1_799' title='bbox 1650 5827 2084 5904; x_wconf 56' lang='grc' dir='ltr'><strong>ΡιιάὲᾶοέιὲέῗᾹὶι</strong></span> 
     </span>
    </p>
   </div>
   <div class='ocr_carea' id='block_1_111' title="bbox 2205 5625 3786 5708">
    <p class='ocr_par' dir='ltr' id='par_1_111' title="bbox 2205 5625 3786 5708">
     <span class='ocr_line' id='line_1_111' title="bbox 2205 5625 3786 5708; baseline -0.002 -15"><span class='ocrx_word' id='word_1_800' title='bbox 2205 5638 2339 5694; x_wconf 89' lang='lat' dir='ltr'><strong>illud</strong></span> <span class='ocrx_word' id='word_1_801' title='bbox 2369 5637 2516 5694; x_wconf 88' lang='lat' dir='ltr'><strong>enim</strong></span> <span class='ocrx_word' id='word_1_802' title='bbox 2571 5637 2744 5694; x_wconf 76' lang='lat' dir='ltr'><strong>Exod.</strong></span> <span class='ocrx_word' id='word_1_803' title='bbox 2789 5656 2884 5701; x_wconf 86' lang='lat' dir='ltr'><strong>vn,</strong></span> <span class='ocrx_word' id='word_1_804' title='bbox 2920 5639 2968 5704; x_wconf 81' lang='grc'><strong>1,</strong></span> <span class='ocrx_word' id='word_1_805' title='bbox 3023 5638 3248 5708; x_wconf 78' lang='lat' dir='ltr'><strong>reSpicit</strong></span> <span class='ocrx_word' id='word_1_806' title='bbox 3295 5625 3786 5708; x_wconf 34' lang='lat' dir='ltr'><strong>Gregentiustuhi</strong></span> 
     </span>
    </p>
   </div>
   <div class='ocr_carea' id='block_1_112' title="bbox 2200 5706 3788 5784">
    <p class='ocr_par' dir='ltr' id='par_1_112' title="bbox 2200 5706 3788 5784">
     <span class='ocr_line' id='line_1_112' title="bbox 2200 5706 3788 5784; baseline 0 -24"><span class='ocrx_word' id='word_1_807' title='bbox 2200 5710 2468 5784; x_wconf 70' lang='lat' dir='ltr'><strong>Dominus</strong></span> <span class='ocrx_word' id='word_1_808' title='bbox 2504 5709 2644 5766; x_wconf 84' lang='lat' dir='ltr'><strong>dixit</strong></span> <span class='ocrx_word' id='word_1_809' title='bbox 2684 5710 2751 5766; x_wconf 86' lang='lat' dir='ltr'><strong>ad</strong></span> <span class='ocrx_word' id='word_1_810' title='bbox 2805 5710 3070 5784; x_wconf 77' lang='lat' dir='ltr'><strong>Moysen:</strong></span> <span class='ocrx_word' id='word_1_811' title='bbox 3115 5706 3250 5765; x_wconf 74' lang='grc' dir='ltr'>Ἰδοὺ</span> <span class='ocrx_word' id='word_1_812' title='bbox 3303 5706 3514 5762; x_wconf 63' lang='lat' dir='ltr'><strong>atomi</strong></span> <span class='ocrx_word' id='word_1_813' title='bbox 3560 5724 3620 5761; x_wconf 84' lang='grc' dir='ltr'><strong>σε</strong></span> <span class='ocrx_word' id='word_1_814' title='bbox 3651 5706 3788 5762; x_wconf 82' lang='grc' dir='ltr'>Θεὸν</span> 
     </span>
    </p>
   </div>
   <div class='ocr_carea' id='block_1_113' title="bbox 2196 5779 2421 5854">
    <p class='ocr_par' dir='ltr' id='par_1_113' title="bbox 2196 5779 2421 5854">
     <span class='ocr_line' id='line_1_113' title="bbox 2196 5779 2421 5854; baseline 0.009 -21"><span class='ocrx_word' id='word_1_815' title='bbox 2196 5779 2421 5854; x_wconf 53' lang='lat' dir='ltr'><strong>«Papam.</strong></span> 
     </span>
    </p>
   </div>
  </div>
