4094 6542
304 476 412 542 769

1262 460 1719 526 DISPUTATIO
1755 457 1915 521 CUM
1954 457 2322 520 HERBANO
2359 457 2644 520 JUD/EO.

3473 464 3584 527 7'70

307 593 428 666 μῶς
453 589 513 645 δὲ
543 585 929 659 ἀνενέργητον.
960 577 1060 633 Διά
1114 579 1380 634 πλειόνων
1407 578 1515 649 γὰρ
1544 573 1888 646 τεκμηρίων,

2002 588 2104 626 non
2141 581 2323 627 tamen
2353 572 2718 641 inetlicacem,
2770 583 2826 629 et
2862 575 2980 632 sine
3016 576 3132 632 ullo
3167 578 3394 635 cﬂ‘ectu.
3445 579 3581 637 Nam

308 663 528 748 ἱκανοὺς
551 681 651 752 τῆς
684 676 963 749 βασιλείας
995 675 1104 730 τῶν
1135 669 1383 744 οὐρανῶν
1403 669 1627 738 ἠξίωσε.
1664 665 1797 736 Περὶ
1824 663 1882 716 δὲ

317 773 503 831 Ἡλίου
525 773 622 826 καὶ
650 768 916 834 Μωσέως,
953 765 1140 840 μηδείς
1172 781 1254 816 σοι
1280 761 1458 830 λόγος.
1491 758 1616 812 Ὅτι
1653 755 1753 828 μὲν
1777 754 1884 827 γὰρ

304 868 480 923 ταῦτα
524 864 706 921 πάντα
763 861 1016 938 ἐπράχθη
1082 857 1267 920 αὐτοῖς
1329 851 1484 924 παρὰ
1525 849 1755 923 Κυρίου,
1791 848 1887 901 καὶ

305 1055 419 1116 τοῖς
452 1049 696 1121 θαύμασι
737 1043 950 1108 τούτοις
977 1045 1013 1116 ή
1052 1038 1331 1101 τελείωσις
1361 1037 1461 1107 τῆς
1506 1033 1762 1106 ἐναρέτου
1796 1049 1889 1085 πο·

305 1144 514 1208 λιτείας
563 1138 986 1210 καταφαίνεται,
1017 1135 1135 1190 ἀλλ’
1169 1136 1226 1188 ἐν
1275 1131 1354 1202 τῷ
1394 1126 1616 1200 σταυρῷ
1644 1125 1738 1179 τοῦ
1770 1125 1886 1180 Κυ-

307 1237 429 1311 ρίου
466 1232 747 1306 ’ῐησοῦ,δι⁹
777 1224 841 1285 οὗ
875 1229 1028 1283 πᾶσα
1065 1225 1311 1298 ἁμαρτία
1342 1221 1607 1295 ἀνῄρητο.
1640 1218 1700 1272 '0
1725 1218 1888 1290 νόμος

305 1310 416 1402 γὰρ
447 1329 549 1382 οὐκ
592 1323 863 1395 ἔσονλὴθη
905 1319 1214 1376 καταλῦσαι
1245 1317 1344 1386 τὴν
1371 1314 1582 1382 πλάνην
1609 1310 1711 1382 τῆς
1737 1312 1888 1364 εἰδω-

305 1401 645 1490 λολατρείας,
679 1415 777 1469 καὶ
814 1413 1025 1468 ἀνελεῖν
1047 1410 1146 1482 τὴν
1185 1406 1486 1482 ἁμαρτίαν,
1518 1403 1654 1458 ἀλλὰ
1683 1401 1886 1473 μᾶλλον

306 1512 343 1583 ἡ
370 1511 528 1583 χάρις
563 1504 740 1579 Ἰησοῦ
782 1502 1046 1576 Χριστοῦ,
1083 1500 1180 1556 καὶ
1219 1501 1252 1570 ή
1295 1496 1548 1568 ἀλήθεια.
1592 1492 1799 1563 Μωσῆς
1830 1491 1888 1545 δὲ

305 1582 409 1657 οὐκ
446 1582 679 1670 ἐδυνήθη
712 1598 994 1666 ἀντισχεῖν
1048 1592 1186 1665 πρὸς
1219 1590 1279 1644 τὸ
1332 1587 1570 1659 ἀκρατὲς
1614 1582 1709 1637 τοῦ
1755 1582 1887 1635 λαοῦ

307 1695 562 1766 ὅρμημα,
605 1693 687 1756 είς
723 1691 784 1744 τὸ
837 1689 914 1763 μή
961 1687 1303 1759 ἁμαρτάνειν
1336 1683 1557 1745 αὐτοὺς,
1589 1677 1704 1733 ἀλλ’
1735 1676 1890 1728 εὐσε-

307 1786 424 1840 ϐεῖν
441 1788 536 1841 καὶ
553 1783 840 1855 φοϐεῖσθαι
860 1782 954 1835 τὸν
973 1780 1195 1851 Κύριον.
1221 1776 1333 1830 Καὶ
1366 1773 1531 1835 αὐτὸς
1559 1769 1672 1844 (69)
1699 1767 1886 1837 φαίνε-

305 1899 397 1936 ται
425 1874 766 1952 ἡμαρτηκὼς
787 1872 1019 1926 ἐνώπιον
1034 1869 1265 1942 Κυρίου,
1297 1867 1426 1920 ὅταν
1451 1859 1584 1935 ἦλθε
1620 1861 1761 1930 μετά
1791 1855 1886 1909 τοῦ

307 1932 798 2036 λᾷᾅῡέιέΜὲρᾱξρ,
832 1963 926 2016 καὶ
978 1962 1080 2016 ούκ
1124 1932 1364 2013 ’ἐδύνατο
1421 1932 1566 2008 πιεῖν
1624 1950 1772 2020 ὕδωρ
1827 1950 1891 2000 ὲκ
1923 1932 1965 1988 Β

308 2064 504 2135 Μερᾶς
522 2077 536 2092 ·
562 2058 763 2130 πικρὸν
807 2056 918 2126 γὰρ
941 2051 1037 2126 ἦν·
1068 2054 1162 2106 καὶ
1211 2047 1508 2120 ὲγόγγυζεν
1535 2047 1563 2098 ὁ
1589 2043 1718 2106 λαὸς
1751 2039 1894 2094 κατά

307 2134 416 2211 τοῦί
441 2153 670 2225 Κυρίου,
707 2150 964 2218 λέγοντες
989 2164 1002 2178 ·
1045 2142 1321 2212 Ποηρόν
1357 2140 1486 2212 μεθ’
1521 2135 1690 2207 ἡμῶν
1717 2137 1750 2189 ὁ
1778 2134 1895 2186 Κύο

300 2265 440 2318 ριος
485 2243 836 2310 πεποίηκεν,
870 2237 1088 2304 ἐξάξεις
1127 2233 1287 2305 ἡμᾶς
1328 2233 1396 2286 ἐκ
1431 2229 1545 2301 γῆς
1569 2227 1892 2297 Αιγΰπτου,

308 2317 408 2392 καὶ
436 2337 538 2390 οὐκ
586 2333 654 2390 ἂν
699 2332 844 2404 ὕδωρ
897 2329 1080 2399 εὑρεῖν
1104 2324 1384 2396 δυνάμεθα
1414 2319 1508 2374 τοῦ
1541 2317 1891 2389 κορεσθῆναι.

308 2423 630 2498 Τηνικαῦτα
672 2423 737 2494 δὴ
784 2419 1038 2492 φαίνεται
1088 2415 1186 2470 καὶ
1235 2412 1447 2482 Μωσῆς
1497 2405 1932 2476 συγγογγύζων-

309 2496 393 2591 τῷ
444 2516 558 2588 λαῷ
609 2514 751 2569 κατά
797 2511 893 2566 τοῦ
932 2509 1169 2578 Κυρίου’
1211 2506 1332 2560 ὅθεν
1362 2502 1483 2557 οὐδὲ
1527 2500 1624 2570 τὴν
1663 2499 1767 2568 γῆν
1795 2496 1896 2563 τῆς

309 2585 650 2681 ἐπαγγελίας
693 2606 875 2660 εἴασεν
910 2603 1074 2657 αὑτὸν
1105 2597 1446 2672 βηματῆσαι,
1469 2593 1583 2647 ἀλλ’
1607 2585 1896 2656 ἀναγαγὼν

311 2679 486 2760 αύτδν
537 2703 625 2755 ἐπ’
662 2699 824 2772 ὅρους
864 2693 1096 2766 ὑψηλοῦ,
1137 2690 1345 2745 ἐκεῖθεν
1376 2685 1524 2756 αὐτῷ
1559 2681 1726 2745 ἔδειξε
1771 2679 1898 2732 ταύ-

309 2815 433 2869 την.
454 2793 565 2850 Εἶθ’
591 2771 764 2855 οὓτως
792 2789 1013 2861 εἴρηκεν
1044 2782 1215 2854 αὐτῷ,
1232 2779 1542 2835 Ἀνὰὄαινε
1555 2776 1639 2841 είς
1656 2771 1720 2826 τὸ
1738 2772 1895 2840 ὅρος,

312 2861 417 2944 καὶ
447 2886 720 2942 τελεύτα.
739 2882 814 2936 Οὐ
845 2879 952 2950 γάρ
981 2878 1056 2949 μὴ
1087 2873 1520 2946 κληρονομήσεις
1536 2866 1636 2937 τὴν
1666 2865 1769 2934 γῆν
1799 2861 1900 2932 τῆς

312 2976 672 3047 ἒπαγγελίας,
715 2971 846 3028 καθ’
876 2972 959 3024 ὅτι
1005 2968 1102 3023 καὶ
1147 2964 1310 3028 αὐτὸς
1342 2962 1488 3033 μετὰ
1521 2959 1614 3012 τοῦ
1657 2954 1790 3010 λαοῦ
1831 2971 1898 3026 με

312 3071 703 3144 παρώργισας.
736 3063 850 3120 Καὶ
885 3065 942 3117 ὲν
973 3059 1123 3130 αὐτῷ
1163 3057 1240 3128 τῷ
1269 3057 1385 3128 δρει
1426 3055 1676 3124 φαίνεται
1712 3049 1899 3102 τελευ-

313 3163 446 3228 τῶν,
480 3163 575 3216 καὶ
606 3159 706 3229 τὴν
735 3157 840 3227 γῆν
879 3154 980 3224 τῆς
1019 3149 1353 3219 ἐπαγγελίας
1398 3146 1499 3199 οὐκ
1536 3143 1897 3214 ἐδημάτηκεν

315 3259 348 3312 ὁ
374 3254 550 3325 στόμα
583 3250 720 3324 πρὸς
747 3247 924 3317 στόμα
946 3244 1023 3315 τῷ
1063 3241 1183 3314 Θεῷ
1209 3241 1474 3311 λαλήσας,
1503 3236 1597 3289 καὶ
1625 3235 1900 3302 Αἴγυπτον
1929 3269 1970 3326 c

314 3348 396 3412 ὡς
419 3323 553 3410 Θεὸς
580 3323 782 3416 Φαραὼ
811 3337 924 3411 (70)
980 3338 1121 3390 ὲπτά
1169 3334 1409 3404 πληγαῖς
1463 3327 1732 3402 μαστίξας
1753 3343 1767 3357 ⁸
1804 3323 1898 3377 καὶ

315 3440 391 3496 τὰ
426 3437 576 3508 ἑξῆς.
628 3434 818 3497 Ἠλίας
865 3432 924 3484 δὲ
975 3427 1082 3483 οὐδ’
1122 3427 1285 3489 αὐτὸς
1332 3422 1566 3494 ἐδυνήθη
1621 3417 1898 3486 ἀντισχεῖν

318 3532 462 3606 πρὸς
504 3530 605 3601 τὴν
639 3525 945 3599 ἁμαρτίαν,
1000 3519 1095 3575 τοῦ
1159 3517 1370 3574 ἀνελεῖν
1435 3513 1628 3584 αὐτὴν,
1673 3509 1770 3562 καὶ
1807 3508 1898 3560 τὸν

318 3600 452 3681 λαὸν
495 3600 704 3693 κυρίου
753 3620 818 3672 ὲκ
852 3617 952 3686 τῆς
997 3612 1203 3684 βλάϐης
1256 3608 1423 3677 αὐτῆς
1469 3600 1897 3674 ὲξαιρὴσασθαιο

319 3715 441 3774 ἀλλ’
491 3691 614 3770 ἰδὼν
667 3712 846 3766 πάντα
881 3707 973 3760 τὸν
1019 3705 1146 3758 λαὸν
1190 3700 1266 3771 τῷ
1310 3697 1459 3751 Βαὰλ
1503 3696 1564 3748 τὸ
1592 3695 1720 3763 γόνυ
1752 3691 1900 3760 κάμ-

320 3821 574 3873 πτοντα,
599 3801 877 3877 ὀργισθεὶς
913 3801 971 3853 ἐν
1009 3796 1088 3868 τῷ
1137 3793 1304 3865 μηδὲν
1351 3787 1610 3843 δύνασθαι
1652 3783 1899 3852 ποιῆσαι,

322 3902 414 3956 ἐπ’
448 3871 590 3969 ἀράν
623 3871 912 3968 τρέπεται,
955 3887 1050 3943 καὶ
1095 3879 1470 3952 ἀσπλαγχνίαν
1516 3875 1782 3940 ἐνδύεται,
1806 3871 1904 3924 καὶ

324 3994 471 4051 κατά
490 3965 595 4062 τῆς
639 3965 871 4048 κτίσεως
897 3982 1088 4054 χωρεῖ.
1117 3979 1229 4031 Καὶ
1252 3972 1447 4046 πρῶτα
1475 3969 1575 4041 μὲν
1617 3965 1728 4036 πῦρ
1766 3965 1906 4019 αἰτεῖ

327 4090 397 4142 ἐκ
423 4085 516 4140 τοῦ
547 4057 782 4154 οὐρανοῦ
817 4073 1073 4146 γενέσθαι
1096 4111 1111 4135 ,
1139 4069 1234 4124 καὶ
1279 4062 1618 4133 καταφαγεῖν
1653 4057 1746 4112 τὸν
1778 4072 1905 4109 πεν-

324 4179 725 4248 τηκόνταρχον,
755 4169 854 4224 καὶ
882 4167 1010 4230 τοὺς
1039 4165 1137 4217 σὺν
1181 4159 1329 4230 αὐτῷ
1377 4155 1715 4225 πεντήκοντα
1739 4163 1906 4219 στρα-

325 4239 532 4330 enixa;
553 4239 748 4316 'vd'xal.
777 4259 1028 4328 γέγονεν.
1067 4247 1181 4305 Εἴθ’
1209 4248 1394 4320 ἑτέρου
1434 4239 1906 4314 πεντηκονταρχου

331 4354 774 4432 παραγεγονότος
810 4350 948 4421 πρὸς
986 4344 1151 4401 αὑτὸν
1185 4342 1303 4414 μεθ’
1333 4338 1535 4408 ἑτέρων
1566 4333 1908 4402 πεντήκοντα

334 4421 707 4522 στρατυιιστῶν,
741 4441 838 4496 καὶ
871 4439 1055 4500 αὐτοῖς
1105 4433 1270 4506 μηδὲν
1308 4426 1625 4501 ἠδικηκόσιν
1664 4423 1728 4475 ὲν
1767 4421 1906 4490 ὀργῇ

333 4510 590 4612 ἐπιφέρει
653 4537 744 4591 τδν
794 4535 982 4604 ὅμοιον
1032 4529 1146 4589 τοῖς
1182 4522 1416 4596 πρώτοις
1461 4517 1702 4586 ὄλεθρον.
1754 4510 1911 4567 Μετά

1992 664 2111 719 ιιωο
2143 665 2399 734 pluribus
2430 665 2599 721 certis
2657 665 2900 732 indiciis,
2952 684 3124 738 regno
3172 671 3438 726 caelorum
3471 672 3587 728 ido-

1993 774 2129 814 neos
2161 767 2217 813 et
2241 758 2439 828 dignos
2471 758 2622 813 fecit.
2660 759 2736 814 De
2771 760 2890 814 Elia
2913 767 3095 816 autem
3130 771 3187 817 et
3233 763 3405 828 Mose,
3453 766 3582 828 nul-

1993 850 2079 906 lus
2131 849 2266 927 tibi
2299 851 2370 904 sit
2414 865 2618 905 sermo.
2656 850 2930 916 Quoniam
2979 853 3096 907 haec
3148 855 3336 908 omnia
3376 827 3515 924 ipsis
3550 872 3582 912 a

1993 941 2229 997 Domino
2265 951 2416 1012 gesta
2443 950 2595 1008 sunt,
2645 953 2702 997 et
2752 943 2869 1012 ipse
2915 953 3070 998 certo
3100 953 3157 998 et
3200 955 3390 1000 exacte
3441 947 3579 1002 scio.

1994 1035 2273 1091 Caeterum
2330 1050 2442 1088 non
2495 1035 2549 1088 in
2601 1034 2689 1088 his
2740 1035 3023 1092 miraculis
3071 1037 3395 1107 reipublicae
3437 1055 3582 1108 prm-

1994 1127 2157 1181 clarze
2208 1134 2264 1181 et
2311 1125 2486 1180 beatae
2537 1124 2807 1195 perfectio
2857 1127 3127 1193 cernitur,
3166 1127 3264 1182 sed
3315 1129 3369 1182 in
3414 1143 3582 1183 cruce

1993 1215 2214 1271 Domini
2245 1217 2399 1281 Jesu,
2434 1231 2531 1286 per
2557 1231 2722 1285 quem
2768 1231 2930 1270 omne
2959 1226 3251 1286 peccatum
3296 1217 3581 1274 sublatum

1993 1318 2100 1365 est.
2161 1309 2274 1364 Lex
2333 1309 2485 1364 enim
2538 1309 2869 1364 idololatria:
2927 1324 3176 1364 errorem
3232 1319 3486 1366 evertere
3522 1322 3580 1367 et

1995 1401 2218 1456 abolere
2266 1402 2465 1468 noluit,
2519 1410 2574 1456 et
2628 1410 2913 1470 peccatum
2965 1402 3162 1456 tollere
3202 1401 3345 1456 :sed
3392 1401 3582 1472 potius

1994 1492 2168 1562 gratia
2195 1491 2326 1546 Jesu
2355 1489 2584 1556 Christi,
2613 1499 2669 1544 et
2703 1490 2930 1545 veritas.
2965 1489 3144 1545 Moses
3190 1489 3341 1544 enim
3389 1489 3580 1560 populi

1995 1584 2299 1638 violentum
2358 1583 2627 1654 impetum
2673 1583 2942 1638 cohibere
2995 1589 3052 1636 et
3117 1582 3418 1651 reprimere
3468 1597 3579 1634 non

1994 1678 2204 1747 potuit,
2239 1677 2312 1731 ita
2345 1685 2406 1730 ut
2432 1676 2549 1745 ipse
2575 1690 2683 1728 non
2740 1683 3012 1743 peccaret,
3057 1673 3152 1728 sed
3186 1681 3248 1727 ut
3277 1672 3577 1727 Dominum

1995 1768 2084 1838 pie
2112 1769 2324 1822 coleret
2355 1775 2411 1821 et
2441 1767 2680 1820 timeret.
2713 1764 2859 1830 Quin
2910 1765 3076 1818 etiam
3122 1763 3213 1818 hic
3244 1779 3430 1817 coram
3465 1763 3581 1816 Deo

1994 1875 2255 1931 peccasse
2286 1857 2744 1929 deprehenditur,
2778 1856 2998 1925 quando
3027 1871 3150 1910 cum
3180 1856 3385 1924 popqu
3426 1856 3584 1909 venit

1996 1955 2061 2009 ad
2091 1955 2299 2018 Maron,
2336 1967 2436 2007 nec
2461 1951 2640 2020 potuit
2675 1965 2871 2018 aquam
2908 1948 3101 2002 bibere
3136 1963 3199 2001 cx
3227 1947 3374 2001 Mara
3402 1965 3416 1999 :
3444 1963 3587 2017 quo-

1995 2047 2142 2100 niam
2203 2055 2321 2099 erat
2368 2058 2551 2096 amara
2591 2041 2727 2096 :scd
2780 2039 3153 2094 murmuravit
3202 2039 3441 2107 populus
3480 2037 3584 2092 ad-

1995 2147 2190 2186 versus
2217 2131 2382 2202 656
2409 2130 2725 2191 Dominum,
2755 2127 2954 2182 dicens
2991 2146 3003 2180 :
3036 2126 3238 2181 Malum
3263 2128 3379 2196 fecit
3405 2127 3584 2180 nobis-

1999 2243 2114 2281 cum
2163 2225 2441 2285 Dominus,
2493 2223 2582 2292 qui
2638 2221 2817 2274 eduxit
2851 2237 2943 2273 nos
2973 2221 3036 2273 de
3071 2227 3213 2271 terra
3249 2217 3466 2288 Egypti
3513 2217 3580 2281 ³⁸,

1996 2329 2053 2373 et
2087 2333 2198 2372 non
2243 2317 2528 2385 potuimus
2581 2328 2778 2381 aquam
2839 2311 3090 2364 invenire
3125 2311 3580 2378 utexplercmur.

1997 2412 2152 2466 Tunc
2197 2418 2346 2464 certe
2371 2406 2594 2460 videtur
2624 2404 2803 2458 Moses
2859 2404 2976 2472 ipse
3039 2416 3419 2456 murmurassc
3456 2414 3580 2452 cum

1996 2497 2200 2568 populo
2223 2505 2414 2554 contra
2443 2493 2759 2547 Dominum.
2794 2491 2951 2545 Unde
2987 2505 3165 2558 neque
3216 2499 3421 2543 terram
3454 2500 3586 2556 pro-
3664 2535 3666 2538 ,

1996 2587 2279 2641 missionis
2317 2583 2572 2654 permisit
2630 2583 2777 2636 Deus
2816 2581 2996 2650 ipsum
3034 2578 3289 2649 ingredi:
3317 2578 3411 2633 sed
3455 2591 3583 2631 cum

1997 2694 2124 2733 eum
2174 2676 2499 2731 adduxisset
2557 2673 2611 2726 in
2662 2680 2904 2725 montem
2957 2671 3274 2733 excelsum,
3323 2668 3481 2724 illinc
3527 2668 3581 2723 ei

1999 2770 2144 2824 hanc
2178 2767 2640 2838 praemonstravit.
2684 2764 2895 2818 Deinde
2937 2763 3017 2816 sic
3038 2763 3089 2816 ei
3130 2762 3271 2816 dixit
3304 2779 3316 2814 :
3349 2762 3586 2815 Ascende

1999 2862 2053 2914 in
2083 2861 2223 2913 hunc
2260 2865 2513 2918 montem,
2575 2860 2624 2906 et
2675 2867 2878 2905 morere
2907 2851 2971 2903 ⁸⁸.
3020 2850 3138 2904 Non
3167 2847 3320 2902 enim
3379 2858 3582 2902 terram

1999 2947 2392 3021 promissionis
2421 2943 2798 2999 hazreditatem
2830 2939 3048 3008 capies,
3094 2937 3354 3006 quoniam
3381 2946 3437 2989 et
3466 2936 3585 3004 ipse

2002 3059 2128 3100 cum
2159 3042 2364 3112 populo
2395 3055 2481 3094 me
2510 3035 2761 3090 irritasti.
2793 3034 2861 3087 Et
2887 3033 2944 3085 in
2975 3032 3095 3102 ipso
3135 3037 3326 3083 monte
3361 3028 3588 3081 videtur

2000 3128 2113 3186 rita
2148 3131 2446 3185 defunctus
2472 3141 2615 3190 esse,
2668 3138 2772 3178 nec
2807 3131 3010 3176 terram
3068 3115 3456 3189 promissionis
3502 3115 3588 3168 in-

2003 3238 2228 3296 gressus
2255 3232 2362 3284 est,
2395 3218 2640 3289 quicum
2674 3217 2787 3270 Deo
2822 3228 2916 3267 ore
2968 3212 3034 3266 ad
3087 3227 3149 3264 os
3200 3211 3423 3264 locutus
3467 3215 3585 3272 est,

2002 3324 2058 3371 et
2085 3314 2181 3384 qui
2205 3312 2520 3384 Egyptnm,
2569 3308 2722 3362 velut
2769 3307 2914 3360 Deus
2960 3305 3334 3365 Pharaonem,
3372 3308 3586 3370 septem

1999 3405 2176 3478 plagis
2203 3405 2420 3466 afﬂixit,
2455 3411 2565 3456 etc.
2600 3400 2747 3454 Elias
2778 3412 2910 3452 vero
2947 3409 3127 3464 neque
3187 3394 3304 3463 ipse
3348 3400 3584 3462 peccato

2001 3497 2187 3568 potuit
2219 3497 2299 3556 sic
2321 3495 2618 3555 obsistere,
2655 3499 2714 3544 ut
2742 3489 2795 3544 id
2830 3488 3069 3546 tolleret.
3106 3499 3287 3554 neque
3314 3483 3582 3553 populum

2002 3593 2221 3648 Domini
2247 3607 2314 3644 ex
2344 3603 2485 3642 noxa
2511 3594 2566 3640 et
2585 3585 2788 3639 damno
2811 3583 2978 3651 hujus
3009 3581 3260 3633 eximere
3297 3594 3311 3630 :
3337 3576 3434 3631 sed
3461 3589 3586 3630 om—

2002 3696 2128 3736 nem
2163 3679 2426 3748 populum
2460 3691 2603 3745 genu
2632 3672 2786 3727 iBaa‘li
2818 3671 3128 3725 ﬂectentem
3164 3666 3419 3728 intuitus.
3458 3679 3586 3717 cum

2003 3772 2143 3827 nihil
2181 3771 2360 3823 iratus
2396 3769 2710 3836 proﬁceret,
2745 3762 2810 3817 ad
2863 3759 3297 3815 exsecrationem
3349 3770 3587 3809 conver-

2005 3865 2164 3930 titur,
2195 3871 2252 3916 ct
2277 3859 2679 3914 immanitatem
2730 3853 2934 3915 induit,
2960 3858 3017 3904 et
3039 3857 3232 3904 contra
3275 3855 3587 3901 creaturam

2004 3956 2207 4028 pergit.
2244 3953 2321 4007 Ac
2359 3950 2600 4020 prim-um
2645 3945 2866 4016 quidem
2919 3942 3102 4011 ignem
3143 3939 3218 3994 de
3269 3938 3410 3993 caelo
3433 3936 3587 3990 deci-

2007 4050 2140 4104 dere
2164 4043 2429 4116 postulat,
2453 4049 2521 4096 ~et
2547 4039 2871 4110 praefectum
2902 4031 3307 4104 quinquaginta
3340 4028 3587 4083 militum

2007 4141 2305 4201 devorare,
2337 4143 2543 4190 etcum
2567 4134 2690 4202 ipso
2722 4126 3127 4200 quinquaginta
3158 4123 3406 4177 milites:
3436 4117 3587 4190 quod

2007 4231 2084 4286 ita
2113 4230 2325 4285 factum
2351 4234 2456 4282 est.
2481 4223 2696 4280 Deinde
2721 4235 2846 4276 cum
2896 4219 3036 4272 alter
3081 4211 3594 4285 quinquagenarius

2005 4321 2274 4392 princeps
2307 4331 2441 4372 «cum
2472 4315 2597 4370 aliis
2627 4310 3027 4383 quinquaginta
3059 4305 3330 4360 mili-tibus
3367 4302 3435 4358 ad
3461 4317 3590 4356 eum

2009 4411 2280 4474 venisset,
2307 4409 2396 4462 his
2429 4402 2823 4461 innocentibus
2859 4402 3054 4460 iratus,
3101 4395 3338 4450 similem
3395 4391 3593 4462 primis

2014 4503 2186 4557 infert
2252 4500 2562 4555 interitum.
2612 4495 2809 4550 Postea
2881 4488 3204 4545 sacerdotes
3258 4484 3590 4549 dedecoris,

333 4577 590 4612 εοκιγειοε·
664 4577 741 4591 ·ν-
796 4577 974 4604 *ι’-ἠ’
1225 4577 1237 4596 .
1397 4577 1412 4584 -
1593 4577 1604 4586 .

330 4631 532 4696 ταῦτα,
567 4627 795 4698 σφάττει
825 4623 955 4684 τοὺς
1004 4619 1172 4690 ἱερεῖς
1209 4613 1310 4682 τῆς
1349 4607 1629 4679 αἰσχύνης,
1665 4605 1783 4674 ’ήτοι
1811 4599 1901 4654 τοῦ

2014 4607 2215 4663 nempe
2245 4590 2448 4651 Baalis,
2473 4587 2689 4658 jugulat
2708 4583 3108 4654 quinquaginta
3130 4587 3187 4633 ct
3218 4577 3594 4648 quadringen-

2149 4681 2284 4698 ψη..-
2326 4677 2516 4698 _..r_-_..
2571 4674 2695 4698 az--.
2746 4668 3200 4698 :mn\:an-:nn-t':n
3259 4665 3376 4698 cium
3418 4665 3593 4698 innln-

331 4720 505 4786 Βαὰλ,
551 4717 887 4787 πεντήκοντα
937 4711 1033 4764 καὶ
1077 4702 1484 4776 τετρακοσίους.
1540 4692 1673 4749 Εἶτα
1717 4692 1910 4761 δεσμεῖ

331 4815 429 4869 τὸν
464 4811 718 4884 οὐρανὸν,
749 4801 1096 4874 ἀσπλαγχνίᾳ
1131 4797 1449 4868 φερόμενος,
1478 4789 1614 4884 πρὸ-ς
1656 4786 1721 4838 τὸ
1766 4787 1910 4853 ἁφα-

333 4909 484 4964 νίσαι
525 4906 741 4967 πάντως
785 4902 885 4971 τὴν
933 4890 1266 4964 οἰκουμένην
1300 4886 1484 4939 πᾶσαν
1531 4878 1609 4949 τῷ
1635 4877 1784 4946 λιμῷ
1816 4875 1912 4928 καὶ

334 5004 404 5072 τῇ
465 4995 772 5069 αὑχμηρίᾳ.
813 4969 897 5059 Ζῇ
958 4987 1092 5059 γὰρ,
1155 4980 1312 5051 φησὶ,
1351 4976 1589 5042 Κύριος,
1651 4972 1704 5023 ei
1741 4969 1912 5072 ἔσται

335 5059 512 5159 ὑετὸς
837 5082 969 5154 τῆς,
999 5081 1054 5134 ει
1073 5077 1159 5148 μὴ
1185 5073 1284 5128 διὰ
1311 5067 1610 5159 στόματός
1631 5059 1909 5159 μαψ-Καὶ

336 5187 366 5240 ὁ
399 5151 560 5252 λόγος
603 5151 783 5233 αὐτού
804 5151 966 5247 ἔργον
996 5167 1270 5238 ἐγεγόνει·
1304 5162 1399 5217 καὶ
1422 5158 1516 5214 ἐπὶ
1540 5155 1721 5229 τρισὶν
1763 5151 1907 5204 ἔτεσι

340 5280 441 5332 σὺν
476 5244 658 5346 ’μησὶν
701 5270 785 5335 ἓξ,
837 5244 1032 5322 -ἆπασα
1074 5263 1110 5332 ή
1147 5256 1443 5328 οἰκουμένη
1496 5244 1912 5346 φρικωδεστάτρ

341 5367 651 5441 αὐχμηρῐᾳ,
695 5359 939 5418 καύσωνι
988 5374 1048 5410 τε
1104 5350 1417 5424 πικροτάτῳ
1451 5341 1700 5404 ἐλεεινῶς
1735 5335 1914 5391 συνεί-

518 5431 632 5512 Καλ
662 5454 871 5509 τούτων
897 5447 1199 5520 γινομένων
1223 5445 1252 5498 ὁ
1292 5440 1480 5502 Ἠλίας
1522 5437 1602 5489 ἔτι
1633 5431 1910 5504 ἐμαίνετο.

341 5521 468 5617 ἢὼς
499 5553 548 5605 οἱ
588 5546 931 5621 τηλικούτοις
961 5539 1357 5614 ἁμαρτήμασιν
1385 5528 1788 5598 ὀλισθήσαντες,
1823 5521 1912 5578 τέ-

1834 5555 1883 5578 5“-

450 5668 496 5703 ἰ
517 5665 692 5723 Exod.
724 5678 858 5728 xvu,
881 5660 936 5714 '5.
1079 5655 1123 5687 ³⁵
1147 5654 1306 5708 Deut.
1349 5660 1512 5710 xxx",
1544 5645 1633 5699 49.

2014 4693 2121 4737 tos.
2149 4681 2290 4733 Tum
2318 4677 2519 4732 caelum
2570 4674 2702 4744 ligat
2745 4668 3202 4748 immisericordia
3256 4665 3378 4719 sive
3418 4665 3593 4718 incle-

2014 4769 2222 4826 mentia
2257 4775 2472 4836 raptus,
2502 4762 2571 4817 ad
2609 4770 2782 4815 totum
2828 4765 3100 4812 terrarum
3137 4752 3330 4807 orbem
3362 4748 3508 4804 fame
3537 4757 3595 4802 et

2018 4862 2272 4918 siccitate
2313 4856 2566 4912 funditus
2604 4848 2947 4922 perdendum
2979 4865 2991 4900 :
3020 4846 3151 4899 Vivit
3205 4843 3376 4904 enim,
3434 4841 3591 4902 dicit,

2017 4954 2299 5014 Dominus,
2351 4949 2402 5003 ai
2455 4948 2554 5000 erit
2601 4943 2782 5014 pluvia
2828 4955 2988 5009 super
3041 4945 3208 4994 terra,
3270 4933 3369 4986 nisi
3424 4948 3519 5001 per
3539 4949 3595 4984 os

2015 5043 2271 5100 nicum“.
2303 5041 2372 5095 Et
2401 5038 2633 5094 verbum
2689 5034 2812 5103 eius
2867 5033 3074 5086 factum
3120 5024 3334 5082 exstitit
3373 5030 3467 5077 :ct
3499 5021 3597 5074 tri-

2015 5158 2122 5213 bus
2151 5154 2313 5210 annis
2344 5168 2469 5208 cum
2503 5165 2598 5205 sex
2631 5145 2918 5204 mensibus
2955 5142 3135 5197 omnis
3158 5149 3302 5194 terra
3342 5136 3596 5206 squalore

2018 5247 2408 5305 horridissimo
2435 5253 2492 5299 et
2512 5239 2862 5297 amarissimo
2904 5244 3041 5291 testu
3079 5229 3471 5288 miserabiliter
3495 5227 3593 5280 dc-

2016 5339 2319 5396 tinebatur.
2352 5337 2420 5391 Et
2443 5349 2568 5389 cum
2591 5333 2709 5387 lucc
2735 5330 2950 5394 tierent,
2977 5326 3125 5380 Elias
3147 5323 3330 5377 adhuc
3351 5319 3592 5373 furebat.

2017 5429 2306 5500 Quomodo
2333 5427 2428 5498 qui
2477 5427 2532 5481 in
2568 5433 2719 5479 tanta
2765 5427 2989 5492 peccata
3042 5426 3172 5472 sunt
3214 5410 3480 5485 prolapsi,
3533 5409 3594 5462 in

2017 5526 2137 5594 lege
2158 5519 2410 5591 perfecti,
2440 5528 2502 5574 ut
2527 5527 2585 5573 tu
2609 5515 2772 5580 dicis,
2801 5511 3058 5568 fuerunt?
3079 5508 3236 5566 Nullo
3253 5501 3592 5561 medo.Nam

1785 5641 1830 5673 ³⁸
1862 5638 1931 5695 Ill
1968 5639 2105 5708 Reg.
2151 5653 2282 5696 xvu.
2318 5635 2368 5688 1.

1842 5751 2052 5810 NOTAE
2063 5792 2075 5804 .

417 5850 530 5920 (69)
564 5848 672 5903 Καὶ
702 5848 836 5920 αὐτ.
868 5842 1066 5920 Scribe
1088 5836 1225 5920 ἀλλά
1258 5829 1738 5920 καὶῗαύτὲϐιὶιὶοαὲ

417 5869 530 5920 ιυὶη
564 5869 672 5903 Nu
702 5869 836 5901 αυτ.
869 5869 1058 5898 ocnus
1088 5869 1225 5892 unam
1265 5869 1356 5887 nun
1387 5869 1507 5885 νιν..
1537 5869 1738 5884 vum...
2761 5883 2764 5886 Ι

415 5917 530 5995 (7U)
568 5921 662 5985 Ὠς
697 5918 844 5983 Θεὸς
870 5909 1098 5981 Φαραώ.
1129 5907 1230 5962 llic
1258 5905 1386 5959 item
1424 5895 1770 5955 reformanda
1808 5891 2008 5957 vet-sio,
2038 5899 2094 5946 et
2121 5882 2560 5948 rescribendum,
2595 5878 2734 5936 velut
2759 5876 2897 5932 Deus
2931 5869 3249 5929 Pharaonis.
