4088 6536
526 420 628 489 771

1459 419 1522 480 S.
1549 407 1972 478 GREGENTJI
2030 402 2264 463 EPISC.
2303 404 2834 472 TAPHARENSIS

3682 371 3812 486 πάξ·

529 553 658 594 cum
684 535 822 592 viles
857 542 1046 590 essent
1064 531 1319 587 homines
1337 573 1352 597 ,
1385 529 1492 614 fuit
1521 544 1749 585 necesse
1770 541 1866 581 eos
1887 531 2102 593 quoque

2211 513 2342 570 λειοι
2387 520 2446 570 ὲν
2485 519 2566 591 τῷ
2609 521 2760 592 νόμῳ
2807 523 3077 592 ἐγένοντο,
3115 523 3190 589 ὥς
3221 525 3286 579 σὺ
3319 528 3464 598 φήςς
3496 532 3786 604 Οὐδαμῶς.

527 637 758 702 peccato
787 627 1057 683 obnoxios
1099 625 1357 680 inveniri.
1411 624 1506 679 Est
1553 624 1700 678 enim
1736 637 1880 678 unus
1926 619 2108 691 perfe-

527 701 673 778 ctus.
706 721 841 788 Quis
887 703 978 774 ille
1021 701 1224 774 Hesus
1276 704 1554 780 Christus,
1603 716 1697 787 qui
1747 732 1858 771 non
1893 715 2106 785 peccati

521 815 658 885 ju'go
698 811 1048 881 mancipatus
1082 810 1203 888 fuit,
1235 810 1330 879 qui
1383 825 1495 864 non
1549 792 1683 864 fecit
1715 791 2068 888 iniquitatem
2090 845 2104 870 ,

528 906 626 974 qui
656 904 930 958 innocens
958 885 1214 956 manibus
1242 910 1299 954 et
1347 901 1588 955 mundus
1633 885 1800 955 corde
1834 899 1941 954 fuit
1970 916 1983 952 :
2011 897 2106 968 qui

529 1014 641 1051 non
667 997 856 1051 dolose
880 979 994 1066 egit
1025 996 1078 1048 in
1105 996 1293 1064 lingua
1340 1009 1460 1057 sua,
1489 993 1586 1047 sed
1633 993 1821 1062 potius
1845 993 1898 1046 in
1926 992 2109 1062 perfe-

530 1097 617 1144 cta
651 1102 748 1142 sua
788 1078 1133 1140 humanitate
1188 1085 1492 1154 permansit
1517 1083 1861 1165 impollutus,
1898 1084 2106 1139 sancti-

530 1179 748 1236 ficatus.
805 1177 950 1244 Quin
997 1187 1054 1232 et
1101 1178 1218 1247 ipse
1262 1177 1432 1231 totius
1471 1176 1660 1230 mundi
1701 1177 1988 1251 peccatum
2023 1192 2109 1230 as-

528 1271 788 1341 sumpsit,
821 1279 876 1324 et
905 1285 1002 1338 pcr
1051 1285 1179 1324 suas
1214 1267 1600 1338 perpessiones
1647 1268 1876 1322 abstulit
1927 1269 2105 1338 ipsum

530 1363 842 1434 injustitia,
885 1372 1049 1431 atque
1072 1371 1269 1432 gentes
1292 1369 1542 1440 errantes
1575 1377 1640 1415 ex
1683 1359 1888 1440 diaboli
1925 1350 2108 1440 fauci-

529 1457 636 1513 bus
663 1464 882 1525 ereptas
921 1455 1030 1508 dux
1075 1455 1176 1523 viae
1210 1453 1276 1508 ad
1315 1437 1535 1508 Patrem
1579 1463 1635 1508 et
1673 1435 1846 1508 Deum
1879 1435 2103 1509 direxit.

528 1549 600 1605 Et
644 1557 896 1602 naturam
939 1546 1183 1601 infimam
1221 1529 1553 1612 deificatam,
1581 1545 1639 1599 in
1673 1545 1827 1600 cmlis
1873 1561 2106 1616 congre‘

527 1651 730 1713 gatatn,
794 1655 918 1696 cum
977 1639 1089 1694 Deo
1145 1647 1200 1693 et
1235 1625 1392 1692 Patre
1436 1638 1730 1717 considere
1793 1637 2107 1712 fecit.‘liaac

528 1730 796 1801 perfectio
828 1737 936 1793 est,
971 1744 1004 1782 ο
1039 1727 1296 1783 llerbane
1325 1744 1338 1780 :
1367 1726 1630 1797 quoniam
1661 1725 1839 1780 Moses
1872 1734 1928 1780 et
1955 1725 2105 1779 Elias

526 1821 666 1876 nihil
692 1821 759 1876 ad
795 1836 1145 1878 communem
1186 1819 1406 1890 generis
1455 1819 1681 1873 humani
1724 1818 1955 1872 salutem
1982 1832 2106 1887 per—
2134 1858 2177 1915 Β

529 1912 692 1968 ficere
716 1921 1040 1982 potuerunt,
1072 1910 1180 1965 nisi
1210 1926 1355 1966 unus
1377 1918 1622 1974 sanctus,
1660 1912 1804 1963 unus
1836 1908 1890 1962 in
1932 1907 2101 1978 gloria

525 2009 624 2064 Dei
655 2009 856 2064 Patris.
883 2006 1261 2072 Amen.Quod
1294 2006 1340 2060 si
1374 2006 1664 2070 miracula,
1710 2007 1831 2074 quae
1878 1988 2103 2073 quidem

525 2099 716 2153 dixisti
742 2100 912 2153 Deum
937 2113 1035 2168 per
1056 2099 1261 2152 Mosem
1293 2106 1351 2154 et
1373 2097 1549 2152 Eliam
1580 2096 1802 2160 fecisse,
1835 2095 1952 2150 haec
1980 2111 2103 2165 per-

527 2191 822 2247 fectioncm
855 2191 1082 2245 virtutis
1114 2206 1310 2247 censes
1358 2207 1372 2243 :
1421 2190 1699 2259 reliquum
1742 2183 1827 2244 est
1875 2196 1937 2242 ut
1979 2203 2106 2242 sex-

527 2289 690 2336 centa
720 2280 816 2335 illa
846 2281 1040 2346 millia,
1069 2296 1192 2350 qua:
1247 2295 1400 2334 mare
1458 2279 1708 2333 Rubrum
1762 2276 1925 2332 siccis
1951 2276 2109 2346 pedi-

529 2371 638 2426 bus
673 2371 1032 2440 traiecerunt,
1069 2385 1191 2440 quae
1217 2369 1385 2424 etiam
1434 2369 1576 2424 lucis
1603 2369 1779 2423 nubes
1816 2383 1914 2438 per
1959 2368 2104 2422 diem

531 2462 896 2527 inumbravit,
948 2470 1005 2517 et
1059 2462 1312 2517 columna
1368 2460 1509 2530 ignis
1579 2468 1748 2514 noctu
1789 2460 2103 2523 illustravit,

525 2553 1032 2610 existimenturahs
1048 2561 1102 2608 te
1122 2553 1176 2607 in
1197 2550 1635 2607 sanctificatione
1657 2551 1900 2622 perfecta
1913 2551 2103 2617 fuisse,

525 2646 659 2716 quia
689 2647 837 2702 Deus
865 2644 1014 2700 dicta
1041 2644 1132 2698 illa
1167 2643 1435 2698 miracula
1490 2651 1546 2698 et
1583 2643 1834 2714 prodigia
1873 2652 1931 2699 et
1979 2659 2107 2714 por-

527 2744 681 2792 tenta
713 2736 914 2792 eximia
948 2735 1280 2790 mirabiliter
1317 2734 1468 2790 fecit.
1509 2735 1617 2790 Sed
1661 2735 1767 2790 hoc
1806 2750 1918 2790 non
1949 2745 2106 2806 potes

526 2829 823 2885 afﬁrmare.
860 2829 994 2884 Nam
1021 2829 1112 2883 illa
1139 2828 1323 2883 omnia
1382 2828 1555 2884 millia
1617 2827 1673 2883 in
1727 2828 1950 2883 deserto
2006 2843 2106 2898 per

523 2919 892 2992 quadraginta
933 2935 1111 2976 annos
1174 2933 1400 2990 propter
1452 2920 1678 2974 multam
1751 2920 2103 2990 iniquitatem

525 3011 781 3067 funditus
814 3012 930 3067 illic
950 3013 1216 3066 subversa
1248 3020 1377 3067 sunt
1405 3021 1461 3066 et
1489 3011 1877 3067 conciderunt.
1909 3011 2100 3080 itaque

523 3117 593 3156 ex
629 3102 716 3157 his
760 3102 1196 3168 demonstratur,
1225 3103 1372 3173 quod
1413 3118 1522 3157 non
1548 3119 1613 3158 ex
1643 3119 1732 3168 eo,
1776 3103 1922 3172 quod
1957 3103 2103 3157 Deus

2217 606 2567 680 ’Δνθρὼπους
2601 614 2712 684 γὰρ
2746 613 2936 683 ψιλοὺς
2967 616 3148 682 ὄντας,
3185 618 3400 692 ἀνάγκη
3430 617 3499 693 ἦν
3542 626 3640 677 καὶ
3683 619 3793 680 ὑπδ

2204 701 2481 774 ἁμαρτίας
2509 706 2705 770 αὐτοὺς
2737 707 3050 779 εὑρεθῆναι.
3089 710 3306 775 Τέλειος
3332 713 3387 767 δὲ
3419 709 3497 779 εἷς
3523 717 3661 770 ἐστι.
3692 721 3737 771 Τ
3743 717 3792 782 ις

2205 795 2445 864 ἐκεῖνοςς
2496 798 2710 869 Ἰησοῦς
2761 797 3020 870 Χριστὸς,
3074 803 3103 855 6
3167 801 3242 875 μὴ
3294 802 3581 870 δουλωθεὶς
3638 807 3792 878 ζυγῷ

2206 890 2506 960 ἁμαρτίας,
2553 893 2582 944 6
2633 891 2709 962 μὴ
2762 889 2994 965 ποιήσας
3049 895 3180 948 ποτὲ
3237 895 3487 967 ἀνομίαν,
3526 902 3554 953 6
3606 901 3792 966 ἀοῶος

2205 983 2385 1052 χερσὶ,
2433 984 2528 1036 καὶ
2572 974 2812 1055 καθαρὸς
2841 983 2906 1057 τῇ
2938 987 3161 1060 καρδίᾳ*
3198 969 3262 1051 δς
3295 990 3395 1042 οὐκ
3429 991 3700 1047 ὲόόλωσεν
3731 995 3791 1048 ἐν

2207 1072 2429 1146 γλώσσῃ
2483 1075 2673 1141 αὑτοῦ,
2732 1075 2929 1156 ἔμεινε.
2962 1074 3019 1132 δὲ
3057 1077 3259 1150 μᾶλλον
3290 1082 3354 1152 τῇ
3377 1081 3564 1154 τελείᾳ.
3619 1069 3790 1138 αὑτοῧ

2205 1165 2608 1239 ἀνθρωπότητι,
2633 1165 2879 1238 ἅσπιλος,
2911 1169 3264 1242 ἡγιασμένος.
3305 1174 3560 1229 Ἀνέλαϐε
3603 1177 3662 1230 δὲ
3693 1180 3793 1232 αὐ-

2205 1259 2298 1323 τὸς
2340 1252 2434 1314 καὶ
2480 1258 2577 1330 τὴν
2623 1261 2718 1314 τοῦ
2765 1264 2965 1327 παντὸς
2999 1265 3204 1335 κόσμου
3242 1266 3542 1339 ἁμαρτίαν,
3575 1273 3674 1324 καὶ
3699 1272 3792 1326 διᾶ

2205 1351 2315 1404 τῶν
2344 1345 2885 1431 αὑτοῦπαθημάτων
2917 1355 3126 1410 ἀνεῖλεν
3157 1358 3325 1429 αὐτὴν
3358 1361 3416 1413 ὲν
3446 1361 3789 1436 δικαιοσύνῃ,

2207 1443 2302 1496 καὶ
2346 1443 2417 1496 τὰ
2470 1438 2804 1515 πλανώμενα
2859 1445 2988 1518 ἔθνη
3029 1448 3314 1514 ἐπισπάσας
3361 1451 3456 1505 τοῦ
3511 1453 3789 1519 διαῦόλου,

2206 1534 2457 1606 ὼδὴγησε
2488 1529 2626 1608 πρὸς
2659 1538 2749 1592 τὸν
2779 1532 2998 1611 Πατέρα
3048 1539 3140 1594 καὶ
3172 1541 3326 1598 Θεόν.
3364 1538 3472 1599 Καὶ
3503 1547 3604 1617 τὴν
3634 1549 3792 1603 κάτω

2207 1629 2369 1696 φύσιν
2411 1623 2622 1692 Θεώσας
2673 1630 2952 1702 κειμένην,
3004 1627 3061 1686 ἐν
3106 1629 3218 1698 τοῖς
3252 1623 3499 1705 οὐρανοῖς
3543 1656 3789 1708 συναγα-

2207 1719 2340 1788 γὼν,
2390 1712 2764 1806 συνεδριάζειν
2811 1721 2888 1794 τῷ
2935 1721 3055 1795 θεῷ
3110 1725 3214 1806 καί
3265 1726 3442 1800 Πατρὶ
3485 1727 3786 1801 πεποίηκε.

2207 1811 2399 1877 Τοῦτο,
2441 1813 2662 1885 Ἐρὸἄν,
2692 1813 2726 1885 ἠ
2758 1813 3070 1879 τελείωσιςί
3103 1807 3227 1871 ἐπεὶ
3257 1817 3462 1889 Μωσῆς
3482 1821 3578 1872 καὶ
3601 1821 3794 1885 Ἠλίας

2204 1905 2297 1956 ἐπὶ
2328 1892 2574 1976 σωτηρίᾳ
2601 1901 2696 1958 τοῦ
2736 1901 2916 1958 κοινοῦ
2957 1903 3148 1975 γένους
3176 1905 3284 1960 τῶν
3315 1907 3621 1978 ἀνθρώπων
3651 1913 3792 1964 κατέ-

2205 1998 2547 2068 εργάσασθαι
2606 1979 2947 2070 ἐδυνήθησαν
3009 2001 3183 2064 οὐδὲν,
3233 2001 3283 2053 εί
3338 2001 3412 2073 μὴ
3459 1997 3541 2066 εἷς
3604 2003 3786 2072 ἅγιος,

2206 2083 2286 2153 εἷς
2317 2088 2542 2161 Κύριος,
2585 2091 2792 2161 Ἰησοῦς
2820 2081 3077 2162 Χριστὸς,
3109 2094 3192 2156 είς
3209 2091 3368 2160 δόξαν
3389 2092 3522 2148 Θεοῦ
3546 2097 3785 2166 Πατρός.

2218 2179 2414 2252 Ἀμήν.
2448 2182 2509 2234 Ei
2528 2181 2586 2235 δὲ
2613 2182 2799 2236 καὶτὰ
2833 2182 3109 2252 Θαύματα,
3144 2183 3286 2254 ἇπερ
3311 2182 3541 2255 εἴρηκας
3572 2185 3654 2239 ὅτι
3685 2203 3788 2239 πε-

2207 2259 2433 2342 ποίηκεν
2466 2274 2495 2326 6
2528 2271 2662 2336 Θεδς
2689 2272 2780 2326 διὰ
2818 2274 3064 2336 Μωσέως
3094 2275 3190 2327 καὶ
3233 2275 3440 2341 Ἡλίου,
3468 2277 3790 2348 τελειότητα

2206 2364 2417 2436 ἀρετῆς
2452 2363 2628 2419 ταῦτα
2662 2367 2792 2437 ἡγῇ,
2852 2349 3040 2419 λοιπδν
3095 2367 3192 2419 καὶ
3245 2365 3529 2434 ἑξακόσιαι
3579 2368 3788 2424 ἐκεῖναι

2205 2441 2462 2528 χιλιάδες,
2495 2457 2549 2510 αἱ
2580 2457 2680 2528 τὴν
2718 2450 2983 2527 Ἐρυθρὰν
3038 2449 3318 2512 θάλασσαν
3357 2456 3613 2530 ἀὸρόχοις
3658 2445 3789 2515 ἐτοσλ⁵

2204 2547 2627 2619 διαπεράσασαι,
2658 2533 2725 2613 ἃς
2761 2548 2856 2602 κάξ
2888 2550 2920 2620 ὴ
2963 2541 3159 2620 νεφέλη
3200 2535 3296 2602 τόῢ
3319 2535 3495 2619 φωτὸς
3523 2551 3789 2605 ἐπεσκία-

2207 2641 2300 2706 ζεν
2350 2641 2582 2714 ἡμέρας,
2638 2641 2736 2695 καὶ
2786 2643 2815 2695 6
2869 2640 3066 2704 στύλος
3111 2640 3209 2695 τοῦ
3251 2640 3423 2713 πυρὸς
3459 2642 3691 2712 ὲφὼτιζε

2205 2731 2384 2794 νυκτὶ,
2409 2731 2830 2803 νομισθήτωσάν
2857 2749 2937 2785 σοι
2957 2733 3014 2785 ὲν
3045 2731 3309 2804 ἁγιασμῷ
3338 2733 3784 2804 τετελειωμέναι.

2203 2823 2324 2880 ἀνθ’
2347 2824 2475 2878 ὅσου
2527 2824 2556 2876 6
2589 2824 2721 2888 Θεὸς
2753 2825 3189 2896 ὲτερατούργησε
3218 2825 3286 2878 τὰ
3315 2825 3584 2898 εἰρημένα
3629 2827 3782 2892 igni-

2206 2929 2297 2966 σια
2350 2911 2626 2984 θαύματα.
2681 2913 2824 2968 Ἀλλ’
2857 2916 2958 2968 οὐκ
3013 2915 3080 2968 ἂν
3126 2916 3257 2987 ἔχῃς
3302 2916 3482 2970 τοῦτο.
3543 2917 3787 2970 Ἐκεῖναι

2203 3002 2314 3076 γὰρ
2343 3005 2400 3058 αι
2427 3003 2665 3074 χιλιάδες
2695 3005 2866 3058 πᾶσαι
2900 3005 2958 3056 ὲν
2987 3006 3054 3075 τῇ
3087 3005 3281 3076 ἐρήμῳ
3314 3004 3372 3057 ὲν
3412 3005 3789 3074 τεσσαράκον-

2202 3115 2272 3152 τα
2300 3098 2447 3150 ἔτεσι
2477 3097 2565 3151 διὰ
2591 3097 2692 3168 τὴν
2719 3096 2921 3169 πολλὴν
2951 3097 3200 3168 ἀνομίαν,
3233 3096 3403 3168 ἄρδην
3433 3097 3612 3150 ἐκεῖσε
3644 3114 3786 3150 κατ-

523 3195 583 3250 in
624 3195 902 3265 aliquibus
955 3194 1221 3248 miracula
1282 3204 1577 3264 operetur,
1641 3195 1910 3264 perfectio
1970 3210 2098 3264 spe-

2203 3188 2566 3260 εστρὼθησαν.
2616 3188 2724 3241 Καὶ
2757 3180 2832 3251 ὡς
2876 3182 2941 3241 ἐκ
2981 3178 3188 3242 τούτων
3220 3188 3520 3252 δείκνυται,
3548 3188 3632 3242 ὅτι
3679 3189 3785 3242 οὐκ

521 3285 725 3340 ctanda
751 3284 912 3355 657
940 3285 1056 3338 sit:
1090 3284 1186 3338 sed
1223 3285 1409 3353 potius
1452 3285 1505 3339 in
1554 3287 1827 3356 supplicio
1873 3295 1931 3341 et
1975 3303 2101 3340 cru-

524 3376 671 3430 ciatu
717 3385 944 3445 propter
987 3375 1277 3430 Dominum
1332 3376 1636 3444 tolerando,
1693 3379 1747 3432 in
1797 3379 2099 3433 tentatione

525 3466 880 3530 sustinenda,
914 3466 970 3519 in
1004 3465 1164 3520 malis
1189 3465 1540 3536 perferendis
1564 3477 1620 3522 ct
1656 3468 1958 3538 ignominia
2005 3482 2098 3521 ac-

523 3557 806 3628 cipienda,
845 3559 901 3612 in
923 3557 1146 3612 fortiter
1175 3559 1578 3627 perseverando
1612 3560 1778 3615 rebus
1813 3560 1869 3614 in
1901 3560 2100 3614 adver-

522 3648 622 3712 sis,
652 3649 707 3702 in
743 3648 1056 3703 humilitate
1101 3656 1160 3702 et
1206 3648 1512 3718 gratiarum
1560 3649 1780 3705 actione
1808 3657 1901 3704 :et
1945 3647 2099 3703 nullo

521 3739 685 3808 signo
711 3739 828 3793 sive
878 3736 1149 3791 miraculo
1181 3735 1457 3802 faciendo,
1506 3737 1615 3794 nisi
1668 3737 1811 3792 forte
1857 3736 2094 3808 quadam

520 3846 590 3886 ex
613 3831 968 3886 necessitate.
1003 3829 1130 3884 Haec
1152 3845 1281 3884 vera
1315 3838 1400 3885 est
1443 3830 1500 3884 in
1551 3829 1757 3886 sanctis
1807 3827 2093 3899 perfectio,

519 3935 648 3974 cum
679 3921 793 3976 Deo
814 3920 962 3975 afﬁxi
1012 3929 1070 3975 et
1112 3919 1319 3975 addicti
1343 3920 1630 3976 adhaerent
1653 3929 1710 3976 et
1738 3920 2092 3987 incumbunt,

521 4020 581 4066 et
604 4013 790 4066 omnia
831 4013 1101 4083 abnegata
1132 4023 1191 4067 et
1233 4013 1425 4070 relicta
1466 4030 1581 4085 prre
1615 4014 1710 4069 illo
1737 4014 2092 4086 posthabent.

521 4099 650 4157 Haec
681 4111 868 4158 autem
902 4103 1037 4168 dixi,
1073 4120 1182 4158 non
1217 4105 1546 4161 insimulans
1576 4107 1782 4162 Mosem
1817 4114 1876 4161 et
1895 4106 2092 4171 Eliam,

519 4192 701 4258 absit;
730 4193 826 4251 sed
847 4195 1196 4263 apertissime
1240 4196 1551 4261 declarans,
1592 4197 1797 4268 quibus
1841 4198 1989 4254 notis
2039 4207 2097 4254 et

519 4284 715 4340 formis
742 4285 966 4340 virtutis
998 4286 1262 4356 perfectio
1307 4287 1584 4343 metienda
1637 4289 1728 4345 sit;
1781 4288 1989 4346 Mosem
2039 4299 2097 4347 et

517 4376 693 4432 Etiam
721 4386 856 4433 tunc
889 4378 1163 4448 perfectos
1187 4380 1333 4434 Deus
1363 4379 1624 4447 reddidit,
1674 4397 1802 4437 eum
1826 4398 1924 4439 eos
1981 4399 2096 4440 sua:

517 4469 916 4540 perfectionis,-
956 4471 1012 4526 id
1071 4479 1157 4526 est
1209 4472 1420 4541 gratiae,
1475 4475 1778 4546 participes
1849 4476 2087 4544 effecit;

2201 3283 2261 3335 ὲν
2307 3281 2388 3351 τῷ
2433 3281 2871 3352 Θαυματουργεῖν
2902 3281 2994 3334 ἐπί
3037 3297 3152 3334 τισι
3179 3280 3273 3335 τὸν
3303 3280 3592 3350 Ὕψιστον,
3621 3281 3787 3335 τοῦτο

2202 3375 2262 3427 ἐν
2316 3373 2507 3434 αὐτοῖς
2562 3374 2596 3444 η
2652 3372 2952 3442 τελειότης,
3015 3370 3134 3425 ἀλλ’
3183 3373 3241 3424 ὲν
3289 3372 3368 3442 τῷ
3417 3371 3785 3444 τιμωρεῖσθαί

2205 3461 2408 3534 μᾶλλον
2435 3452 2600 3514 ἕνεκα
2635 3461 2866 3533 Κυρίου,
2901 3459 2996 3514 καὶ
3041 3458 3424 3532 πειράζεσϋαι,
3476 3460 3574 3514 καὶ
3618 3477 3786 3515 κακο-

2201 3553 2416 3619 παθεῖν,
2489 3553 2583 3605 xui
2637 3542 2866 3619 ἀδοξεῖν,
2925 3553 3020 3606 καὶ
3069 3553 3358 3623 καρτερεῖν
3411 3552 3470 3604 ὲν
3527 3552 3786 3605 ταπεινόδ

2201 3661 2326 3715 τητι
2384 3644 2479 3698 καὶ
2513 3643 2858 3714 εὐχαριστίᾳ.
2914 3643 3011 3697 καὶ
3058 3644 3226 3716 μηδὲν
3287 3646 3514 3715 σημεῖον
3573 3646 3784 3707 ποιεῖν,

2202 3734 2376 3808 πάρεξ
2411 3736 2557 3799 τινὸς
2577 3725 2843 3806 ἀνάγκης.
2875 3731 3049 3788 Τοῦτο
3071 3737 3104 3805 ή
3139 3729 3414 3806 τελειότης
3438 3737 3552 3800 τοῖς
3571 3736 3780 3806 ἁγίοις,

2201 3829 2406 3883 ὁπόταν
2447 3817 2544 3882 καὶ
2581 3822 2722 3900 μετὰ
2758 3825 2896 3881 Θεοῦ
2942 3821 3078 3881 ὦσιν
3111 3828 3529 3899 ἐνδιακείμενοι,
3559 3829 3653 3882 καὶ
3679 3830 3786 3900 ὴρδ

2199 3919 2428 3988 νημένοι.
2474 3918 2578 3990 τὴν
2609 3908 2808 3972 κτίσιν.
2845 3916 3034 3972 Ταῦτα
3073 3917 3132 3972 δὲ
3171 3918 3395 3990 εἴρηκα,
3437 3918 3497 3972 οὗ
3539 3933 3784 3989 διατηγο⁴⁵

2200 4009 2311 4082 ρῶν
2340 4009 2585 4073 Μωσέως
2614 4009 2710 4063 καὶ
2747 3999 2956 4075 Ἠλίου,
2991 4008 3066 4081 μὴ
3114 4009 3352 4078 γένοιτο*
3399 4010 3518 4064 ἀλλ’
3569 4013 3629 4065 ἐν
3667 4009 3783 4066 τίσι

2196 4092 2547 4174 χαρακτῆρσι
2587 4091 2766 4172 δηλῶν
2805 4102 3225 4171 προφανέστατα
3279 4103 3313 4172 ἡ
3346 4102 3621 4174 τελειότης
3672 4103 3781 4156 πέ-

2199 4212 2338 4266 φυκε
2373 4195 2466 4265 τῆς
2498 4194 2722 4266 ἀρετῆς.
2763 4184 2972 4250 Μωσέα
3009 4196 3066 4249 δὲ
3090 4195 3186 4249 καὶ
3238 4182 3424 4252 Ἠλίαν
3453 4198 3573 4252 τότε
3602 4194 3783 4252 τελεί-

2194 4305 2289 4353 ους
2317 4288 2770 4359 ἀποκατέστησεν
2794 4290 2822 4342 6
2851 4279 3005 4353 Θεὸς,
3027 4289 3150 4353 δοὺς
3182 4289 3365 4353 αὐτοῖς
3381 4289 3446 4343 ἐκ
3475 4291 3577 4361 τῆς
3607 4286 3780 4345 αὑτοῦ

2193 4383 2554 4456 τελειότητος,
2575 4372 2746 4455 ἧγουν
2773 4383 3018 4454 χάριτος,
3057 4382 3260 4437 ὁπόταν
3289 4385 3598 4454 σαρκωθεὶς
3637 4403 3776 4456 μετ-

2197 4476 2491 4549 εμορφώθη
2539 4479 2600 4532 ὲν
2635 4476 2714 4549 τῷ
2754 4477 3023 4548 Θαεωρίῳ
3073 4467 3286 4550 Ἰησοῦς
3334 4473 3570 4550 Χριστὸς
3598 4482 3626 4534 6
3673 4480 3776 4533 Δε-

515 4579 715 4633 nempe
745 4579 871 4620 cum
909 4564 1068 4620 Jesus
1119 4564 1377 4620 Christus
1417 4567 1686 4622 Dominus
1728 4583 1887 4622 meus
1919 4583 2087 4624 carne

2203 4537 2406 4642 σ’πότης
2446 4537 2491 4624 6'
2513 4537 2696 4642 ὲμδςί
2719 4537 2936 4641 μεταξὺ·
2969 4537 3178 4642 Ιλέτρόυ
3214 4537 3310 4625 καὶ
3364 4537 3622 4626 ’ίακὼέου
3674 4571 3777 4626 καὶ

515 4655 746 4714 indutus
793 4656 847 4711 in
877 4669 1067 4713 monte
1090 4658 1315 4712 'l‘habor
1335 4659 1753 4716 transformatus
1771 4670 1856 4715 est
1885 4661 1939 4715 in
1973 4677 2087 4716 mes

511 4748 607 4802 dio
641 4748 790 4803 Petri
812 4757 870 4803 et
903 4748 1094 4803 Jacobi
1141 4758 1198 4804 et
1245 4750 1512 4805 Joannis:
1549 4751 1620 4805 Et
1648 4752 1806 4821 facies
1847 4755 1960 4823 ejus
2005 4771 2088 4808 re-

2207 4663 2479 4725 Ἰωάννου,
2531 4663 2640 4716 Καὶ
2689 4662 2926 4731 ἔλαμψε
2967 4660 3034 4715 τὸ
3055 4662 3384 4730 πρόσωπον
3411 4660 3603 4716 αὐτοῦ
3629 4662 3710 4727 ὡς
3738 4663 3775 4716 ό

2193 4755 2368 4822 ἣλιος
2390 4771 2404 4786 ·
2427 4753 2498 4808 τὰ
2524 4753 2593 4808 δὲ
2617 4752 2814 4823 ἱμάτια
2844 4749 3032 4807 αὐτοῦ
3061 4745 3342 4822 ἐγένοντο
3385 4754 3575 4808 λευκὰ
3603 4753 3684 4819 ὠς
3705 4754 3774 4807 τὸ

508 4840 774 4912 splenduit
795 4842 929 4895 sicut
957 4839 1058 4907 sol,
1083 4849 1131 4895 et
1160 4843 1470 4896 vestimenta
1492 4843 1606 4912 ejus
1639 4843 1783 4910 facta
1811 4852 1933 4900 sunt
1963 4845 2085 4901 alba

2203 4845 2337 4914 pile.
2369 4846 2685 4916 Τηνικαῦτα
2711 4845 2821 4916 γὰρ
2843 4845 3126 4899 ὲκέλευσε’
3158 4845 3253 4899 καὶ
3283 4845 3392 4900 ἰδοὺ
3426 4844 3635 4916 Μωσῆς
3673 4845 3773 4900 καὶ

505 4932 758 4986 sicutqu
783 4934 850 4986 ³⁷.
883 4932 1038 4988 Tunc
1085 4933 1232 4988 enim
1286 4933 1450 5004 jussit
1483 4943 1578 4989 :et
1623 4950 1752 4991 ecce
1808 4937 1986 4992 Moses
2029 4947 2088 4994 et

2205 4940 2394 5002 Ἠλίας
2416 4937 2689 5010 πνεύματι
2717 4939 3000 5008 δυνάμεως
3029 4937 3178 5008 αὐτῷ
3209 4937 3479 5010 ἤχθησαν,
3505 4939 3599 4993 καὶ
3625 4955 3772 5009 παρ-

509 5021 658 5077 Elias
687 5024 887 5094 spiritu
921 5025 1148 5079 virtutis
1173 5025 1294 5096 ejus
1337 5026 1562 5083 adducti
1606 5037 1756 5092 sunt,
1791 5032 1922 5085 etei
1950 5033 2086 5087 asti-

2203 5033 2426 5100 ἑστησαν
2475 5031 2624 5102 αὑτῷ
2674 5032 3204 5103 συναστρὰπτοντες,
3237 5031 3402 5102 ἡνίκα
3437 5032 3531 5084 καὶ
3579 5034 3608 5085 6
3651 5033 3769 5085 Ila-

511 5120 700 5167 terunt
748 5115 912 5170 simul
963 5125 1342 5196 coruscantes,
1373 5119 1597 5189 quando
1628 5128 1684 5175 et
1717 5121 1880 5178 Pater
1909 5124 2029 5195 ejus
2052 5139 2084 5180 e

2203 5124 2295 5195 ςὴρ
2343 5123 2510 5178 αὐτοῦ
2551 5126 2618 5178 ἐκ
2667 5124 2764 5178 τοῦ
2795 5123 3030 5196 οὐρανοῦ
3071 5123 3525 5196 μεμαρτύρηκεν,
3566 5123 3764 5193 λέγων,

509 5204 650 5259 caelo
685 5205 1011 5262 testificatus
1059 5216 1165 5271 est,
1203 5208 1436 5264 dicens:
1478 5210 1572 5264 llic
1626 5221 1702 5264 est
1727 5211 1891 5267 Filius
1940 5231 2083 5269 meus

2203 5213 2370 5284 ὶῦτός
2419 5217 2589 5272 ἐστιν
2642 5219 2677 5272 ὁ
2747 5219 2880 5284 Υἱός
2945 5235 3064 5287 μου
3115 5220 3149 5271 ό
3198 5217 3524 5287 ἀγαπητὸς,
3576 5216 3767 5273 αὑτοῦ

507 5294 748 5360 dilectus,
785 5298 840 5351 in
882 5313 982 5368 quo
1025 5298 1154 5352 mihi
1178 5299 1303 5353 bene
1349 5301 1720 5372 complacitum
1763 5312 1838 5358 est
1866 5321 1885 5357 :
1911 5305 2083 5376 ipsum
2187 5309 2457 5364 ἀκούετε.

508 5387 689 5440 audite
716 5387 784 5442 ⁸⁸.

575 5480 781 5536 llERB.
817 5481 990 5536 Eliam
1024 5481 1280 5551 fortasse,
1322 5496 1510 5556 utpote
1544 5505 1751 5555 Vivum,
1784 5498 1965 5546 astare
2001 5489 2079 5545 fe-

506 5571 602 5635 cit,
632 5573 728 5626 sed
761 5572 962 5628 Moscm
993 5583 1294 5641 mortuum,
1317 5594 1478 5647 quam
1512 5581 1583 5635 ob
1611 5583 1932 5640 causam?si
1955 5587 2077 5657 qui-

505 5663 630 5718 dem
661 5674 912 5720 mortuus
940 5667 1104 5722 homo
1134 5683 1243 5722 non
1273 5671 1508 5741 amplius
1535 5674 1675 5728 redit

2262 5488 2370 5542 Καὶ
2410 5490 2450 5543 Ο
2486 5487 2728 5544 ΕΡΒᾹΝ.
2758 5489 2861 5542 Τὸν
2912 5487 3096 5542 Ἠλίαν
3126 5475 3266 5552 ἴσως
3301 5487 3377 5553 ὡς
3416 5487 3594 5554 ζῶντα
3621 5504 3763 5559 παρα

2191 5579 2410 5649 ἔστησε,
2443 5581 2646 5634 Mune:
2693 5580 2751 5633 δὲ
2798 5579 3242 5650 τετελευτηκότα,
3279 5578 3420 5632 κατὰ
3466 5578 3626 5631 ποίαν
3680 5580 3766 5631 αξ-

2188 5672 2350 5737 τίανς
2398 5671 2689 5742 ἅνθρωπος
2733 5674 2842 5744 γὰρ
2870 5671 3181 5739 ἀποθανὼν,
3213 5671 3404 5727 οὐκέτι
3439 5671 3626 5726 λοιπὸν
3655 5688 3761 5724 πα-

2191 5765 2493 5838 ραγίνεται.

576 5842 620 5878 ³⁷
651 5843 817 5899 Matth
857 5863 994 5915 μή,
1019 5849 1075 5904 2.
1156 5849 1202 5883 ³⁸
1235 5851 1366 5906 ibid.
1403 5853 1456 5908 5.
