  <div class='ocr_page' id='page_1' title='image "/cluster/home/n/w/nwhite01/storage/ocr_20150623/86:1/hvd.32044019208909/394.png"; bbox 0 0 4094 6536; ppageno 0'>
   <div class='ocr_carea' id='block_1_1' title="bbox 329 438 439 517">
    <p class='ocr_par' dir='ltr' id='par_1_1' title="bbox 329 438 439 517">
     <span class='ocr_line' id='line_1_1' title="bbox 329 438 439 517; baseline -0.018 0"><span class='ocrx_word' id='word_1_1' title='bbox 329 438 439 517; x_wconf 69' lang='lat'><strong>7&#39;73</strong></span> 
     </span>
    </p>
   </div>
   <div class='ocr_carea' id='block_1_2' title="bbox 1296 430 2681 505">
    <p class='ocr_par' dir='ltr' id='par_1_2' title="bbox 1296 430 2681 505">
     <span class='ocr_line' id='line_1_2' title="bbox 1296 430 2681 505; baseline 0 0"><span class='ocrx_word' id='word_1_2' title='bbox 1296 430 1757 505; x_wconf 74' lang='lat' dir='ltr'><strong>DISPUT‘ATIO</strong></span> <span class='ocrx_word' id='word_1_3' title='bbox 1796 432 1954 505; x_wconf 81' lang='lat' dir='ltr'><strong>CUM</strong></span> <span class='ocrx_word' id='word_1_4' title='bbox 1993 437 2359 504; x_wconf 78' lang='lat' dir='ltr'><strong>HERBANO</strong></span> <span class='ocrx_word' id='word_1_5' title='bbox 2396 444 2681 505; x_wconf 67' lang='lat' dir='ltr'><strong>Immo.</strong></span> 
     </span>
    </p>
   </div>
   <div class='ocr_carea' id='block_1_3' title="bbox 3498 444 3607 512">
    <p class='ocr_par' dir='ltr' id='par_1_3' title="bbox 3498 444 3607 512">
     <span class='ocr_line' id='line_1_3' title="bbox 3498 444 3607 512; baseline -0.028 -1"><span class='ocrx_word' id='word_1_6' title='bbox 3498 444 3607 512; x_wconf 69' lang='grc'><strong>774</strong></span> 
     </span>
    </p>
   </div>
   <div class='ocr_carea' id='block_1_4' title="bbox 407 550 1916 636">
    <p class='ocr_par' dir='ltr' id='par_1_4' title="bbox 407 550 1915 636">
     <span class='ocr_line' id='line_1_4' title="bbox 407 550 1915 636; baseline -0.006 -13"><span class='ocrx_word' id='word_1_7' title='bbox 407 566 517 623; x_wconf 71' lang='lat' dir='ltr'><strong>Kal.</strong></span> <span class='ocrx_word' id='word_1_8' title='bbox 547 564 589 619; x_wconf 79' lang='grc' dir='ltr'>ί)</span> <span class='ocrx_word' id='word_1_9' title='bbox 621 550 841 621; x_wconf 77' lang='grc' dir='ltr'><strong>ΔΪἸΟΣ.</strong></span> <span class='ocrx_word' id='word_1_10' title='bbox 882 562 991 618; x_wconf 84' lang='grc' dir='ltr'>Τοῦ</span> <span class='ocrx_word' id='word_1_11' title='bbox 1023 560 1313 636; x_wconf 81' lang='grc' dir='ltr'>ἀνθρώπου</span> <span class='ocrx_word' id='word_1_12' title='bbox 1339 562 1401 617; x_wconf 80' lang='grc' dir='ltr'>τὸ</span> <span class='ocrx_word' id='word_1_13' title='bbox 1434 563 1545 617; x_wconf 75' lang='grc' dir='ltr'>πᾶν</span> <span class='ocrx_word' id='word_1_14' title='bbox 1578 564 1611 634; x_wconf 75' lang='grc' dir='ltr'>ἡ</span> <span class='ocrx_word' id='word_1_15' title='bbox 1646 562 1792 633; x_wconf 77' lang='grc' dir='ltr'>ψυχὴ</span> <span class='ocrx_word' id='word_1_16' title='bbox 1814 560 1915 615; x_wconf 78' lang='grc' dir='ltr'>αύ-</span> 
     </span>
    </p>
   </div>
   <div class='ocr_carea' id='block_1_5' title="bbox 2017 550 3606 636">
    <p class='ocr_par' dir='ltr' id='par_1_5' title="bbox 2092 560 3606 635">
     <span class='ocr_line' id='line_1_5' title="bbox 2092 560 3606 635; baseline 0.007 -20"><span class='ocrx_word' id='word_1_17' title='bbox 2092 560 2147 615; x_wconf 84' lang='grc'><strong>8.</strong></span> <span class='ocrx_word' id='word_1_18' title='bbox 2174 561 2379 617; x_wconf 82' lang='lat' dir='ltr'><strong>ARCH.</strong></span> <span class='ocrx_word' id='word_1_19' title='bbox 2398 562 2678 633; x_wconf 82' lang='lat' dir='ltr'><strong>Quidquid</strong></span> <span class='ocrx_word' id='word_1_20' title='bbox 2701 570 2785 618; x_wconf 88' lang='lat' dir='ltr'><strong>est</strong></span> <span class='ocrx_word' id='word_1_21' title='bbox 2809 562 3069 627; x_wconf 79' lang='lat' dir='ltr'><strong>hominis,</strong></span> <span class='ocrx_word' id='word_1_22' title='bbox 3098 565 3272 635; x_wconf 88' lang='lat' dir='ltr'><strong>ipsius</strong></span> <span class='ocrx_word' id='word_1_23' title='bbox 3292 577 3371 624; x_wconf 74' lang='lat' dir='ltr'><strong>est</strong></span> <span class='ocrx_word' id='word_1_24' title='bbox 3391 570 3606 626; x_wconf 89' lang='lat' dir='ltr'><strong>anima:</strong></span> 
     </span>
    </p>
   </div>
   <div class='ocr_carea' id='block_1_6' title="bbox 333 652 1917 725">
    <p class='ocr_par' dir='ltr' id='par_1_6' title="bbox 333 652 1917 725">
     <span class='ocr_line' id='line_1_6' title="bbox 333 652 1917 725; baseline -0.006 -10"><span class='ocrx_word' id='word_1_25' title='bbox 333 658 429 714; x_wconf 75' lang='grc' dir='ltr'><strong>τοῦ</strong></span> <span class='ocrx_word' id='word_1_26' title='bbox 463 660 631 722; x_wconf 75' lang='grc' dir='ltr'>ἐστιν,</span> <span class='ocrx_word' id='word_1_27' title='bbox 654 657 776 710; x_wconf 72' lang='grc' dir='ltr'><strong>ἐπεὶ</strong></span> <span class='ocrx_word' id='word_1_28' title='bbox 802 654 864 709; x_wconf 77' lang='grc' dir='ltr'>τὸ</span> <span class='ocrx_word' id='word_1_29' title='bbox 892 654 1051 725; x_wconf 85' lang='grc' dir='ltr'>σῶμα</span> <span class='ocrx_word' id='word_1_30' title='bbox 1081 652 1247 709; x_wconf 74' lang='grc' dir='ltr'>αὑτοῦ</span> <span class='ocrx_word' id='word_1_31' title='bbox 1280 652 1439 707; x_wconf 77' lang='grc' dir='ltr'>οὐδέν</span> <span class='ocrx_word' id='word_1_32' title='bbox 1465 654 1635 707; x_wconf 78' lang='grc' dir='ltr'>ἐστιν.</span> <span class='ocrx_word' id='word_1_33' title='bbox 1679 652 1917 722; x_wconf 85' lang='grc' dir='ltr'>’ῐμάτιον</span> 
     </span>
    </p>
   </div>
   <div class='ocr_carea' id='block_1_7' title="bbox 334 742 1919 824">
    <p class='ocr_par' dir='ltr' id='par_1_7' title="bbox 334 742 1919 824">
     <span class='ocr_line' id='line_1_7' title="bbox 334 742 1919 824; baseline -0.007 -18"><span class='ocrx_word' id='word_1_34' title='bbox 334 753 446 824; x_wconf 83' lang='grc' dir='ltr'><strong>γάρ</strong></span> <span class='ocrx_word' id='word_1_35' title='bbox 478 752 596 804; x_wconf 79' lang='grc' dir='ltr'>ἐστι</span> <span class='ocrx_word' id='word_1_36' title='bbox 640 748 886 819; x_wconf 77' lang='grc' dir='ltr'>συμφυὲς</span> <span class='ocrx_word' id='word_1_37' title='bbox 927 747 1025 817; x_wconf 87' lang='grc' dir='ltr'><strong>τῆς</strong></span> <span class='ocrx_word' id='word_1_38' title='bbox 1054 745 1254 818; x_wconf 75' lang='grc' dir='ltr'>ψυχῆςο</span> <span class='ocrx_word' id='word_1_39' title='bbox 1288 745 1385 799; x_wconf 71' lang='grc' dir='ltr'><strong>καὶ</strong></span> <span class='ocrx_word' id='word_1_40' title='bbox 1430 744 1631 798; x_wconf 82' lang='grc' dir='ltr'>ὁπόταν</span> <span class='ocrx_word' id='word_1_41' title='bbox 1664 742 1863 815; x_wconf 80' lang='grc' dir='ltr'><strong>κελεύῃ</strong></span> <span class='ocrx_word' id='word_1_42' title='bbox 1892 743 1919 795; x_wconf 99' lang='lat'><strong>6</strong></span> 
     </span>
    </p>
   </div>
   <div class='ocr_carea' id='block_1_8' title="bbox 335 836 1917 909">
    <p class='ocr_par' dir='ltr' id='par_1_8' title="bbox 335 836 1917 909">
     <span class='ocr_line' id='line_1_8' title="bbox 335 836 1917 909; baseline -0.007 -10"><span class='ocrx_word' id='word_1_43' title='bbox 335 844 491 909; x_wconf 77' lang='grc' dir='ltr'>Θεὸς,</span> <span class='ocrx_word' id='word_1_44' title='bbox 518 840 838 897; x_wconf 81' lang='grc' dir='ltr'>ἀποστέλλει</span> <span class='ocrx_word' id='word_1_45' title='bbox 868 841 996 904; x_wconf 73' lang='grc' dir='ltr'>τοὺς</span> <span class='ocrx_word' id='word_1_46' title='bbox 1019 839 1285 909; x_wconf 77' lang='grc' dir='ltr'><strong>ἀγγέλους</strong></span> <span class='ocrx_word' id='word_1_47' title='bbox 1316 838 1504 902; x_wconf 81' lang='grc' dir='ltr'>αὐτοῦ,</span> <span class='ocrx_word' id='word_1_48' title='bbox 1537 837 1634 892; x_wconf 71' lang='grc' dir='ltr'>καὶ</span> <span class='ocrx_word' id='word_1_49' title='bbox 1667 836 1917 891; x_wconf 79' lang='grc' dir='ltr'>ὲκδύουσι</span> 
     </span>
    </p>
   </div>
   <div class='ocr_carea' id='block_1_9' title="bbox 334 928 1917 1007">
    <p class='ocr_par' dir='ltr' id='par_1_9' title="bbox 334 928 1917 1007">
     <span class='ocr_line' id='line_1_9' title="bbox 334 928 1917 1007; baseline -0.005 -18"><span class='ocrx_word' id='word_1_50' title='bbox 334 937 437 1007; x_wconf 83' lang='grc' dir='ltr'>τὴν</span> <span class='ocrx_word' id='word_1_51' title='bbox 469 934 650 1006; x_wconf 80' lang='grc' dir='ltr'>ψυχὴν</span> <span class='ocrx_word' id='word_1_52' title='bbox 687 932 748 986; x_wconf 83' lang='grc' dir='ltr'>τὸ</span> <span class='ocrx_word' id='word_1_53' title='bbox 798 931 1039 1002; x_wconf 74' lang='grc' dir='ltr'>φθαρτὸν</span> <span class='ocrx_word' id='word_1_54' title='bbox 1070 931 1307 1001; x_wconf 83' lang='grc' dir='ltr'>ἱμάτιον,</span> <span class='ocrx_word' id='word_1_55' title='bbox 1343 930 1514 1002; x_wconf 72' lang='grc' dir='ltr'>ἤγουν</span> <span class='ocrx_word' id='word_1_56' title='bbox 1544 930 1675 983; x_wconf 76' lang='grc' dir='ltr'>αὐτὸ</span> <span class='ocrx_word' id='word_1_57' title='bbox 1714 929 1775 983; x_wconf 84' lang='grc' dir='ltr'>τὸ</span> <span class='ocrx_word' id='word_1_58' title='bbox 1810 928 1917 981; x_wconf 85' lang='grc' dir='ltr'><strong>σῶ-</strong></span> 
     </span>
    </p>
   </div>
   <div class='ocr_carea' id='block_1_10' title="bbox 338 1019 1918 1097">
    <p class='ocr_par' dir='ltr' id='par_1_10' title="bbox 338 1019 1918 1097">
     <span class='ocr_line' id='line_1_10' title="bbox 338 1019 1918 1097; baseline -0.006 -18"><span class='ocrx_word' id='word_1_59' title='bbox 338 1044 436 1097; x_wconf 79' lang='grc' dir='ltr'><strong>μα,</strong></span> <span class='ocrx_word' id='word_1_60' title='bbox 476 1026 602 1078; x_wconf 82' lang='grc' dir='ltr'>καθ’</span> <span class='ocrx_word' id='word_1_61' title='bbox 632 1025 661 1077; x_wconf 85' lang='grc' dir='ltr'><strong>ὅ</strong></span> <span class='ocrx_word' id='word_1_62' title='bbox 687 1040 739 1075; x_wconf 88' lang='grc' dir='ltr'><strong>τι</strong></span> <span class='ocrx_word' id='word_1_63' title='bbox 773 1022 908 1093; x_wconf 76' lang='grc' dir='ltr'>πρὸς</span> <span class='ocrx_word' id='word_1_64' title='bbox 941 1022 1033 1076; x_wconf 72' lang='grc' dir='ltr'><strong>τὸν</strong></span> <span class='ocrx_word' id='word_1_65' title='bbox 1064 1022 1199 1075; x_wconf 76' lang='grc' dir='ltr'>Θεὸν</span> <span class='ocrx_word' id='word_1_66' title='bbox 1228 1021 1434 1091; x_wconf 78' lang='grc' dir='ltr'><strong>ὀφείλει</strong></span> <span class='ocrx_word' id='word_1_67' title='bbox 1472 1019 1754 1083; x_wconf 79' lang='grc' dir='ltr'><strong>ἀπελθεῖν,</strong></span> <span class='ocrx_word' id='word_1_68' title='bbox 1784 1020 1918 1072; x_wconf 85' lang='grc' dir='ltr'>ὅπου</span> 
     </span>
    </p>
   </div>
   <div class='ocr_carea' id='block_1_11' title="bbox 334 1112 1914 1187">
    <p class='ocr_par' dir='ltr' id='par_1_11' title="bbox 334 1112 1914 1187">
     <span class='ocr_line' id='line_1_11' title="bbox 334 1112 1914 1187; baseline -0.006 -13"><span class='ocrx_word' id='word_1_69' title='bbox 334 1117 577 1174; x_wconf 60' lang='grc' dir='ltr'>τοιοῦτον</span> <span class='ocrx_word' id='word_1_70' title='bbox 607 1117 825 1187; x_wconf 80' lang='grc' dir='ltr'>ἱμάτιον</span> <span class='ocrx_word' id='word_1_71' title='bbox 869 1116 1133 1186; x_wconf 76' lang='grc' dir='ltr'>σαρκικὸν</span> <span class='ocrx_word' id='word_1_72' title='bbox 1185 1115 1287 1169; x_wconf 80' lang='grc' dir='ltr'><strong>οὐκ</strong></span> <span class='ocrx_word' id='word_1_73' title='bbox 1337 1116 1454 1168; x_wconf 80' lang='grc' dir='ltr'>ἐστι</span> <span class='ocrx_word' id='word_1_74' title='bbox 1501 1130 1585 1177; x_wconf 91' lang='grc' dir='ltr'><strong>τις</strong></span> <span class='ocrx_word' id='word_1_75' title='bbox 1630 1113 1658 1165; x_wconf 81' lang='lat'><strong>6</strong></span> <span class='ocrx_word' id='word_1_76' title='bbox 1697 1112 1914 1184; x_wconf 84' lang='grc' dir='ltr'>φορῶν·</span> 
     </span>
    </p>
   </div>
   <div class='ocr_carea' id='block_1_12' title="bbox 336 1202 1919 1278">
    <p class='ocr_par' dir='ltr' id='par_1_12' title="bbox 336 1202 1919 1278">
     <span class='ocr_line' id='line_1_12' title="bbox 336 1202 1919 1278; baseline -0.005 -14"><span class='ocrx_word' id='word_1_77' title='bbox 336 1212 515 1264; x_wconf 80' lang='grc' dir='ltr'>πάντα</span> <span class='ocrx_word' id='word_1_78' title='bbox 545 1209 653 1278; x_wconf 79' lang='grc' dir='ltr'><strong>γὰρ</strong></span> <span class='ocrx_word' id='word_1_79' title='bbox 694 1207 1003 1278; x_wconf 80' lang='grc' dir='ltr'>πνεύματα.</span> <span class='ocrx_word' id='word_1_80' title='bbox 1056 1206 1167 1261; x_wconf 80' lang='grc' dir='ltr'><strong>Καὶ</strong></span> <span class='ocrx_word' id='word_1_81' title='bbox 1210 1206 1396 1260; x_wconf 79' lang='grc' dir='ltr'>λοιπὸν</span> <span class='ocrx_word' id='word_1_82' title='bbox 1443 1204 1519 1269; x_wconf 83' lang='grc' dir='ltr'>ὼς</span> <span class='ocrx_word' id='word_1_83' title='bbox 1569 1202 1788 1275; x_wconf 76' lang='grc' dir='ltr'>πνεῦμα</span> <span class='ocrx_word' id='word_1_84' title='bbox 1826 1203 1919 1257; x_wconf 73' lang='grc' dir='ltr'>καὶ</span> 
     </span>
    </p>
   </div>
   <div class='ocr_carea' id='block_1_13' title="bbox 337 1291 1918 1369">
    <p class='ocr_par' dir='ltr' id='par_1_13' title="bbox 337 1291 1918 1369">
     <span class='ocr_line' id='line_1_13' title="bbox 337 1291 1918 1369; baseline -0.004 -17"><span class='ocrx_word' id='word_1_85' title='bbox 337 1301 509 1369; x_wconf 76' lang='grc' dir='ltr'>αὐτὴν</span> <span class='ocrx_word' id='word_1_86' title='bbox 556 1298 675 1351; x_wconf 77' lang='grc' dir='ltr'>ἐκεῖ</span> <span class='ocrx_word' id='word_1_87' title='bbox 708 1297 1068 1368; x_wconf 73' lang='grc' dir='ltr'><strong>ἀποφέρουσι,</strong></span> <span class='ocrx_word' id='word_1_88' title='bbox 1104 1296 1200 1349; x_wconf 74' lang='grc' dir='ltr'><strong>καὶ</strong></span> <span class='ocrx_word' id='word_1_89' title='bbox 1244 1296 1302 1349; x_wconf 75' lang='grc' dir='ltr'>ὲν</span> <span class='ocrx_word' id='word_1_90' title='bbox 1344 1291 1426 1358; x_wconf 75' lang='grc' dir='ltr'>οἷς</span> <span class='ocrx_word' id='word_1_91' title='bbox 1471 1294 1682 1348; x_wconf 77' lang='grc' dir='ltr'>κελεύει</span> <span class='ocrx_word' id='word_1_92' title='bbox 1717 1295 1746 1347; x_wconf 89' lang='grc' dir='ltr'><strong>ό</strong></span> <span class='ocrx_word' id='word_1_93' title='bbox 1786 1292 1918 1357; x_wconf 73' lang='grc' dir='ltr'>Θεὸς</span> 
     </span>
    </p>
   </div>
   <div class='ocr_carea' id='block_1_14' title="bbox 335 1380 1917 1459">
    <p class='ocr_par' dir='ltr' id='par_1_14' title="bbox 335 1380 1917 1459">
     <span class='ocr_line' id='line_1_14' title="bbox 335 1380 1917 1459; baseline -0.003 -15"><span class='ocrx_word' id='word_1_94' title='bbox 335 1388 798 1459; x_wconf 73' lang='grc' dir='ltr'>ὲγκατοικίζεται,</span> <span class='ocrx_word' id='word_1_95' title='bbox 825 1380 899 1452; x_wconf 81' lang='grc' dir='ltr'>ὡς</span> <span class='ocrx_word' id='word_1_96' title='bbox 930 1390 998 1442; x_wconf 88' lang='grc' dir='ltr'><strong>τά</strong></span> <span class='ocrx_word' id='word_1_97' title='bbox 1028 1388 1139 1443; x_wconf 77' lang='grc' dir='ltr'><strong>τῶν</strong></span> <span class='ocrx_word' id='word_1_98' title='bbox 1167 1387 1415 1457; x_wconf 85' lang='grc' dir='ltr'>ἀγγέλων</span> <span class='ocrx_word' id='word_1_99' title='bbox 1442 1388 1622 1458; x_wconf 79' lang='grc' dir='ltr'>άμφια</span> <span class='ocrx_word' id='word_1_100' title='bbox 1653 1385 1917 1459; x_wconf 75' lang='grc' dir='ltr'>φοροῦσαο</span> 
     </span>
    </p>
   </div>
   <div class='ocr_carea' id='block_1_15' title="bbox 332 1476 1920 1558">
    <p class='ocr_par' dir='ltr' id='par_1_15' title="bbox 332 1476 1920 1558">
     <span class='ocr_line' id='line_1_15' title="bbox 332 1476 1920 1558; baseline -0.011 -9"><span class='ocrx_word' id='word_1_101' title='bbox 332 1483 506 1546; x_wconf 65' lang='grc' dir='ltr'><strong>οὕτως</strong></span> <span class='ocrx_word' id='word_1_102' title='bbox 540 1477 634 1536; x_wconf 76' lang='grc' dir='ltr'><strong>οὖν</strong></span> <span class='ocrx_word' id='word_1_103' title='bbox 666 1482 763 1535; x_wconf 73' lang='grc' dir='ltr'><strong>καὶ</strong></span> <span class='ocrx_word' id='word_1_104' title='bbox 808 1481 1122 1558; x_wconf 80' lang='grc' dir='ltr'>Μωσέωςή</span> <span class='ocrx_word' id='word_1_105' title='bbox 1156 1482 1327 1553; x_wconf 73' lang='grc' dir='ltr'>ψυχή.</span> <span class='ocrx_word' id='word_1_106' title='bbox 1363 1482 1474 1534; x_wconf 67' lang='grc' dir='ltr'><strong>Καὶ</strong></span> <span class='ocrx_word' id='word_1_107' title='bbox 1510 1476 1712 1534; x_wconf 77' lang='grc' dir='ltr'>ὁπόταν</span> <span class='ocrx_word' id='word_1_108' title='bbox 1749 1479 1920 1549; x_wconf 71' lang='grc' dir='ltr'>αὐτῆς</span> 
     </span>
    </p>
   </div>
   <div class='ocr_carea' id='block_1_16' title="bbox 332 1573 1921 1647">
    <p class='ocr_par' dir='ltr' id='par_1_16' title="bbox 332 1573 1921 1647">
     <span class='ocr_line' id='line_1_16' title="bbox 332 1573 1921 1647; baseline -0.003 -17"><span class='ocrx_word' id='word_1_109' title='bbox 332 1575 528 1647; x_wconf 80' lang='grc' dir='ltr'><strong>χρείαν</strong></span> <span class='ocrx_word' id='word_1_110' title='bbox 585 1575 744 1645; x_wconf 63' lang='grc' dir='ltr'>ἔσχεν</span> <span class='ocrx_word' id='word_1_111' title='bbox 792 1575 822 1628; x_wconf 86' lang='grc' dir='ltr'><strong>ό</strong></span> <span class='ocrx_word' id='word_1_112' title='bbox 869 1574 1025 1640; x_wconf 83' lang='grc' dir='ltr'><strong>Θεὸς,</strong></span> <span class='ocrx_word' id='word_1_113' title='bbox 1076 1576 1447 1647; x_wconf 70' lang='grc' dir='ltr'><strong>ἐσχημάτισεν</strong></span> <span class='ocrx_word' id='word_1_114' title='bbox 1497 1574 1667 1646; x_wconf 77' lang='grc' dir='ltr'>αὐτὴν</span> <span class='ocrx_word' id='word_1_115' title='bbox 1717 1573 1921 1645; x_wconf 81' lang='grc' dir='ltr'>(71)τὸ</span> 
     </span>
    </p>
   </div>
   <div class='ocr_carea' id='block_1_17' title="bbox 336 1660 1921 1739">
    <p class='ocr_par' dir='ltr' id='par_1_17' title="bbox 336 1660 1921 1739">
     <span class='ocr_line' id='line_1_17' title="bbox 336 1660 1921 1739; baseline -0.004 -19"><span class='ocrx_word' id='word_1_116' title='bbox 336 1668 497 1739; x_wconf 82' lang='grc' dir='ltr'>σῶμα</span> <span class='ocrx_word' id='word_1_117' title='bbox 548 1666 685 1735; x_wconf 65' lang='grc' dir='ltr'>ιδίας</span> <span class='ocrx_word' id='word_1_118' title='bbox 732 1667 1057 1736; x_wconf 84' lang='grc' dir='ltr'>δυνάμεως,</span> <span class='ocrx_word' id='word_1_119' title='bbox 1112 1668 1207 1719; x_wconf 77' lang='grc' dir='ltr'><strong>καὶ</strong></span> <span class='ocrx_word' id='word_1_120' title='bbox 1246 1664 1593 1735; x_wconf 79' lang='grc' dir='ltr'><strong>παρέστησεν</strong></span> <span class='ocrx_word' id='word_1_121' title='bbox 1640 1663 1810 1733; x_wconf 81' lang='grc' dir='ltr'>αὐτὴν</span> <span class='ocrx_word' id='word_1_122' title='bbox 1842 1660 1921 1733; x_wconf 81' lang='grc' dir='ltr'><strong>τῷ</strong></span> 
     </span>
    </p>
   </div>
   <div class='ocr_carea' id='block_1_18' title="bbox 336 1755 1921 1832">
    <p class='ocr_par' dir='ltr' id='par_1_18' title="bbox 336 1755 1921 1832">
     <span class='ocr_line' id='line_1_18' title="bbox 336 1755 1921 1832; baseline -0.004 -18"><span class='ocrx_word' id='word_1_123' title='bbox 336 1759 587 1832; x_wconf 73' lang='grc' dir='ltr'><strong>βραχίονι</strong></span> <span class='ocrx_word' id='word_1_124' title='bbox 615 1758 782 1813; x_wconf 82' lang='grc' dir='ltr'>αὐτοῦ</span> <span class='ocrx_word' id='word_1_125' title='bbox 814 1760 908 1812; x_wconf 74' lang='grc' dir='ltr'><strong>ἐπὶ</strong></span> <span class='ocrx_word' id='word_1_126' title='bbox 929 1758 1024 1812; x_wconf 90' lang='grc' dir='ltr'><strong>τοῦ</strong></span> <span class='ocrx_word' id='word_1_127' title='bbox 1057 1758 1217 1830; x_wconf 77' lang='grc' dir='ltr'>ὅρους</span> <span class='ocrx_word' id='word_1_128' title='bbox 1247 1756 1467 1827; x_wconf 87' lang='grc' dir='ltr'>Θαϐὼρ,</span> <span class='ocrx_word' id='word_1_129' title='bbox 1495 1756 1790 1810; x_wconf 88' lang='grc' dir='ltr'>θεάσασθαι</span> <span class='ocrx_word' id='word_1_130' title='bbox 1822 1755 1921 1825; x_wconf 80' lang='grc' dir='ltr'>τὴν</span> 
     </span>
    </p>
   </div>
   <div class='ocr_carea' id='block_1_19' title="bbox 337 1848 1922 1925">
    <p class='ocr_par' dir='ltr' id='par_1_19' title="bbox 337 1848 1922 1925">
     <span class='ocr_line' id='line_1_19' title="bbox 337 1848 1922 1925; baseline -0.004 -18"><span class='ocrx_word' id='word_1_131' title='bbox 337 1854 624 1925; x_wconf 77' lang='grc' dir='ltr'><strong>μόρφωσιν</strong></span> <span class='ocrx_word' id='word_1_132' title='bbox 655 1852 843 1914; x_wconf 80' lang='grc' dir='ltr'>αὑτοῦ,</span> <span class='ocrx_word' id='word_1_133' title='bbox 879 1852 974 1905; x_wconf 74' lang='grc' dir='ltr'><strong>καὶ</strong></span> <span class='ocrx_word' id='word_1_134' title='bbox 1004 1851 1169 1905; x_wconf 82' lang='grc' dir='ltr'>πάλιν</span> <span class='ocrx_word' id='word_1_135' title='bbox 1201 1854 1267 1924; x_wconf 75' lang='grc' dir='ltr'>τῇ</span> <span class='ocrx_word' id='word_1_136' title='bbox 1288 1851 1440 1923; x_wconf 79' lang='grc' dir='ltr'>δεξιᾷ</span> <span class='ocrx_word' id='word_1_137' title='bbox 1470 1848 1637 1904; x_wconf 81' lang='grc' dir='ltr'>αὐτοῦ</span> <span class='ocrx_word' id='word_1_138' title='bbox 1679 1850 1922 1903; x_wconf 77' lang='grc' dir='ltr'>ἀποκατ-</span> 
     </span>
    </p>
   </div>
   <div class='ocr_carea' id='block_1_20' title="bbox 335 1942 1217 2013">
    <p class='ocr_par' dir='ltr' id='par_1_20' title="bbox 335 1942 1217 2013">
     <span class='ocr_line' id='line_1_20' title="bbox 335 1942 1217 2013; baseline -0.002 -16"><span class='ocrx_word' id='word_1_139' title='bbox 335 1944 586 2013; x_wconf 81' lang='grc' dir='ltr'>έστησεν,</span> <span class='ocrx_word' id='word_1_140' title='bbox 620 1943 744 1995; x_wconf 81' lang='grc' dir='ltr'>ὅθεν</span> <span class='ocrx_word' id='word_1_141' title='bbox 777 1942 992 2013; x_wconf 79' lang='grc' dir='ltr'>ἀπῆρεν</span> <span class='ocrx_word' id='word_1_142' title='bbox 1020 1943 1217 2012; x_wconf 78' lang='grc' dir='ltr'>αὑτήν.</span> 
     </span>
    </p>
   </div>
   <div class='ocr_carea' id='block_1_21' title="bbox 406 2030 1917 2104">
    <p class='ocr_par' dir='ltr' id='par_1_21' title="bbox 406 2030 1917 2104">
     <span class='ocr_line' id='line_1_21' title="bbox 406 2030 1917 2104; baseline -0.003 -16"><span class='ocrx_word' id='word_1_143' title='bbox 406 2033 659 2088; x_wconf 79' lang='grc' dir='ltr'><strong>ΕΡΒΔΝ.</strong></span> <span class='ocrx_word' id='word_1_144' title='bbox 696 2033 813 2088; x_wconf 82' lang='grc' dir='ltr'>ἰνα</span> <span class='ocrx_word' id='word_1_145' title='bbox 851 2033 903 2087; x_wconf 91' lang='grc' dir='ltr'><strong>τί</strong></span> <span class='ocrx_word' id='word_1_146' title='bbox 950 2033 1044 2088; x_wconf 77' lang='grc' dir='ltr'>τὸν</span> <span class='ocrx_word' id='word_1_147' title='bbox 1089 2034 1282 2104; x_wconf 74' lang='grc' dir='ltr'>καιρὸν</span> <span class='ocrx_word' id='word_1_148' title='bbox 1314 2032 1647 2103; x_wconf 85' lang='grc' dir='ltr'>δαπανῶμεν</span> <span class='ocrx_word' id='word_1_149' title='bbox 1679 2034 1736 2086; x_wconf 82' lang='grc' dir='ltr'><strong>έν</strong></span> <span class='ocrx_word' id='word_1_150' title='bbox 1764 2030 1917 2097; x_wconf 80' lang='grc' dir='ltr'>λέξε-</span> 
     </span>
    </p>
   </div>
   <div class='ocr_carea' id='block_1_22' title="bbox 336 2125 1920 2198">
    <p class='ocr_par' dir='ltr' id='par_1_22' title="bbox 336 2125 1920 2198">
     <span class='ocr_line' id='line_1_22' title="bbox 336 2125 1920 2198; baseline -0.001 -16"><span class='ocrx_word' id='word_1_151' title='bbox 336 2144 451 2194; x_wconf 86' lang='grc' dir='ltr'>σιν;</span> <span class='ocrx_word' id='word_1_152' title='bbox 511 2127 622 2197; x_wconf 68' lang='grc' dir='ltr'><strong>ἐγὼ</strong></span> <span class='ocrx_word' id='word_1_153' title='bbox 679 2126 979 2198; x_wconf 87' lang='grc' dir='ltr'>παραλύσω</span> <span class='ocrx_word' id='word_1_154' title='bbox 1010 2126 1108 2198; x_wconf 80' lang='grc' dir='ltr'>τὴν</span> <span class='ocrx_word' id='word_1_155' title='bbox 1149 2126 1327 2198; x_wconf 84' lang='grc' dir='ltr'>δίκην.</span> <span class='ocrx_word' id='word_1_156' title='bbox 1374 2126 1484 2179; x_wconf 79' lang='lat' dir='ltr'><strong>Kal.</strong></span> <span class='ocrx_word' id='word_1_157' title='bbox 1540 2128 1587 2179; x_wconf 88' lang='grc' dir='ltr'>εί</span> <span class='ocrx_word' id='word_1_158' title='bbox 1618 2125 1800 2195; x_wconf 83' lang='grc' dir='ltr'>βούλει</span> <span class='ocrx_word' id='word_1_159' title='bbox 1831 2127 1920 2180; x_wconf 80' lang='grc' dir='ltr'>ἵνα</span> 
     </span>
    </p>
   </div>
   <div class='ocr_carea' id='block_1_23' title="bbox 333 2218 1919 2294">
    <p class='ocr_par' dir='ltr' id='par_1_23' title="bbox 333 2218 1919 2294">
     <span class='ocr_line' id='line_1_23' title="bbox 333 2218 1919 2294; baseline -0.002 -19"><span class='ocrx_word' id='word_1_160' title='bbox 333 2222 685 2294; x_wconf 78' lang='grc' dir='ltr'>ἀπεριέργως</span> <span class='ocrx_word' id='word_1_161' title='bbox 720 2221 1001 2275; x_wconf 78' lang='grc' dir='ltr'><strong>πιστεύσω</strong></span> <span class='ocrx_word' id='word_1_162' title='bbox 1042 2220 1121 2292; x_wconf 84' lang='grc' dir='ltr'>τῷ</span> <span class='ocrx_word' id='word_1_163' title='bbox 1181 2218 1380 2292; x_wconf 82' lang='grc' dir='ltr'><strong>Ἰησοῦ,</strong></span> <span class='ocrx_word' id='word_1_164' title='bbox 1421 2218 1595 2285; x_wconf 79' lang='grc' dir='ltr'>δεῖξόν</span> <span class='ocrx_word' id='word_1_165' title='bbox 1628 2237 1717 2290; x_wconf 89' lang='grc' dir='ltr'><strong>μοι</strong></span> <span class='ocrx_word' id='word_1_166' title='bbox 1754 2219 1919 2273; x_wconf 71' lang='grc' dir='ltr'>αὑτὸν</span> 
     </span>
    </p>
   </div>
   <div class='ocr_carea' id='block_1_24' title="bbox 335 2308 1914 2385">
    <p class='ocr_par' dir='ltr' id='par_1_24' title="bbox 335 2308 1914 2385">
     <span class='ocr_line' id='line_1_24' title="bbox 335 2308 1914 2385; baseline -0.003 -19"><span class='ocrx_word' id='word_1_167' title='bbox 335 2313 538 2379; x_wconf 74' lang='grc' dir='ltr'>ζῶντα,</span> <span class='ocrx_word' id='word_1_168' title='bbox 582 2316 677 2368; x_wconf 80' lang='grc' dir='ltr'>καὶ</span> <span class='ocrx_word' id='word_1_169' title='bbox 717 2313 1137 2385; x_wconf 75' lang='grc' dir='ltr'><strong>προσομιλήσας</strong></span> <span class='ocrx_word' id='word_1_170' title='bbox 1187 2311 1355 2381; x_wconf 79' lang='grc' dir='ltr'>αὐτῷ,</span> <span class='ocrx_word' id='word_1_171' title='bbox 1409 2310 1676 2379; x_wconf 82' lang='grc' dir='ltr'>θεάσομαι</span> <span class='ocrx_word' id='word_1_172' title='bbox 1728 2308 1914 2375; x_wconf 80' lang='grc' dir='ltr'>αὑτὸν,</span> 
     </span>
    </p>
   </div>
   <div class='ocr_carea' id='block_1_25' title="bbox 336 2396 1920 2478">
    <p class='ocr_par' dir='ltr' id='par_1_25' title="bbox 336 2396 1920 2478">
     <span class='ocr_line' id='line_1_25' title="bbox 336 2396 1920 2478; baseline -0.003 -18"><span class='ocrx_word' id='word_1_173' title='bbox 336 2409 433 2460; x_wconf 73' lang='grc' dir='ltr'><strong>καλ⁸</strong></span> <span class='ocrx_word' id='word_1_174' title='bbox 462 2406 683 2478; x_wconf 80' lang='grc' dir='ltr'>λαλήσω</span> <span class='ocrx_word' id='word_1_175' title='bbox 718 2406 835 2477; x_wconf 72' lang='grc' dir='ltr'>μετ’</span> <span class='ocrx_word' id='word_1_176' title='bbox 861 2405 1025 2459; x_wconf 79' lang='grc' dir='ltr'>αὑτοῦ</span> <span class='ocrx_word' id='word_1_177' title='bbox 1044 2423 1057 2437; x_wconf 90' lang='grc'><strong>·</strong></span> <span class='ocrx_word' id='word_1_178' title='bbox 1098 2406 1194 2459; x_wconf 78' lang='grc' dir='ltr'><strong>καὶ</strong></span> <span class='ocrx_word' id='word_1_179' title='bbox 1227 2404 1431 2468; x_wconf 86' lang='grc' dir='ltr'>εὐθέως</span> <span class='ocrx_word' id='word_1_180' title='bbox 1460 2404 1561 2473; x_wconf 77' lang='grc' dir='ltr'>τὴν</span> <span class='ocrx_word' id='word_1_181' title='bbox 1591 2396 1761 2474; x_wconf 81' lang='grc' dir='ltr'>ἧτταν</span> <span class='ocrx_word' id='word_1_182' title='bbox 1791 2403 1920 2473; x_wconf 87' lang='grc' dir='ltr'>ὁμο-</span> 
     </span>
    </p>
   </div>
   <div class='ocr_carea' id='block_1_26' title="bbox 334 2497 1274 2569">
    <p class='ocr_par' dir='ltr' id='par_1_26' title="bbox 334 2497 1274 2569">
     <span class='ocr_line' id='line_1_26' title="bbox 334 2497 1274 2569; baseline -0.001 -16"><span class='ocrx_word' id='word_1_183' title='bbox 334 2498 501 2569; x_wconf 80' lang='grc' dir='ltr'>λογῶ,</span> <span class='ocrx_word' id='word_1_184' title='bbox 544 2498 640 2553; x_wconf 78' lang='grc' dir='ltr'><strong>καὶ</strong></span> <span class='ocrx_word' id='word_1_185' title='bbox 668 2498 893 2567; x_wconf 88' lang='grc' dir='ltr'>γίνομαι</span> <span class='ocrx_word' id='word_1_186' title='bbox 928 2497 1274 2569; x_wconf 83' lang='grc' dir='ltr'>Χριστιανός.</span> 
     </span>
    </p>
   </div>
   <div class='ocr_carea' id='block_1_27' title="bbox 417 2586 1918 2661">
    <p class='ocr_par' dir='ltr' id='par_1_27' title="bbox 417 2586 1918 2661">
     <span class='ocr_line' id='line_1_27' title="bbox 417 2586 1918 2661; baseline -0.001 -18"><span class='ocrx_word' id='word_1_187' title='bbox 417 2591 509 2655; x_wconf 84' lang='grc' dir='ltr'>Ὦς</span> <span class='ocrx_word' id='word_1_188' title='bbox 562 2591 619 2645; x_wconf 83' lang='grc' dir='ltr'><strong>δὲ</strong></span> <span class='ocrx_word' id='word_1_189' title='bbox 684 2590 884 2661; x_wconf 73' lang='grc' dir='ltr'>Ἐρϐᾶν</span> <span class='ocrx_word' id='word_1_190' title='bbox 936 2588 1236 2659; x_wconf 77' lang='grc' dir='ltr'>ἐφθέγξατο</span> <span class='ocrx_word' id='word_1_191' title='bbox 1279 2587 1473 2652; x_wconf 76' lang='grc' dir='ltr'>οὕτως,</span> <span class='ocrx_word' id='word_1_192' title='bbox 1516 2586 1578 2641; x_wconf 80' lang='grc' dir='ltr'>τὸ</span> <span class='ocrx_word' id='word_1_193' title='bbox 1627 2588 1918 2658; x_wconf 85' lang='grc' dir='ltr'>παρεστὼς</span> 
     </span>
    </p>
   </div>
   <div class='ocr_carea' id='block_1_28' title="bbox 337 2680 1916 2754">
    <p class='ocr_par' dir='ltr' id='par_1_28' title="bbox 337 2680 1916 2754">
     <span class='ocr_line' id='line_1_28' title="bbox 337 2680 1916 2754; baseline -0.001 -17"><span class='ocrx_word' id='word_1_194' title='bbox 337 2683 545 2753; x_wconf 79' lang='grc' dir='ltr'>πλῆθος</span> <span class='ocrx_word' id='word_1_195' title='bbox 575 2683 681 2737; x_wconf 84' lang='grc' dir='ltr'><strong>τῶν</strong></span> <span class='ocrx_word' id='word_1_196' title='bbox 715 2684 983 2737; x_wconf 80' lang='grc' dir='ltr'>Ἰουδαίων</span> <span class='ocrx_word' id='word_1_197' title='bbox 1017 2682 1369 2754; x_wconf 77' lang='grc' dir='ltr'>ἐκραύγασαν</span> <span class='ocrx_word' id='word_1_198' title='bbox 1413 2682 1609 2753; x_wconf 75' lang='grc' dir='ltr'>ἰσχυρᾷ</span> <span class='ocrx_word' id='word_1_199' title='bbox 1642 2680 1738 2752; x_wconf 79' lang='grc' dir='ltr'><strong>βοῇ</strong></span> <span class='ocrx_word' id='word_1_200' title='bbox 1760 2698 1774 2714; x_wconf 78' lang='grc'><strong><em>⁸</em></strong></span> <span class='ocrx_word' id='word_1_201' title='bbox 1801 2682 1916 2737; x_wconf 86' lang='grc' dir='ltr'><strong>Πα-</strong></span> 
     </span>
    </p>
   </div>
   <div class='ocr_carea' id='block_1_29' title="bbox 339 2773 1919 2848">
    <p class='ocr_par' dir='ltr' id='par_1_29' title="bbox 339 2773 1919 2848">
     <span class='ocr_line' id='line_1_29' title="bbox 339 2773 1919 2848; baseline -0.002 -18"><span class='ocrx_word' id='word_1_202' title='bbox 339 2775 688 2848; x_wconf 72' lang='grc' dir='ltr'>ρακαλοῦμεν</span> <span class='ocrx_word' id='word_1_203' title='bbox 721 2793 803 2842; x_wconf 89' lang='grc' dir='ltr'><strong>σε,</strong></span> <span class='ocrx_word' id='word_1_204' title='bbox 832 2773 1156 2840; x_wconf 82' lang='grc' dir='ltr'><strong>διδάσκαλε,</strong></span> <span class='ocrx_word' id='word_1_205' title='bbox 1209 2774 1285 2845; x_wconf 77' lang='grc' dir='ltr'>μὴ</span> <span class='ocrx_word' id='word_1_206' title='bbox 1336 2774 1637 2844; x_wconf 74' lang='grc' dir='ltr'>ἀπατηθεὶς</span> <span class='ocrx_word' id='word_1_207' title='bbox 1668 2773 1783 2844; x_wconf 68' lang='lat'><strong>(72)</strong></span> <span class='ocrx_word' id='word_1_208' title='bbox 1824 2774 1919 2828; x_wconf 81' lang='grc' dir='ltr'><strong>καὶ</strong></span> 
     </span>
    </p>
   </div>
   <div class='ocr_carea' id='block_1_30' title="bbox 336 2866 1915 2940">
    <p class='ocr_par' dir='ltr' id='par_1_30' title="bbox 336 2866 1915 2940">
     <span class='ocr_line' id='line_1_30' title="bbox 336 2866 1915 2940; baseline -0.001 -18"><span class='ocrx_word' id='word_1_209' title='bbox 336 2870 470 2940; x_wconf 78' lang='grc' dir='ltr'>γένῃ</span> <span class='ocrx_word' id='word_1_210' title='bbox 514 2868 866 2937; x_wconf 79' lang='grc' dir='ltr'>Χριστιανὸς,</span> <span class='ocrx_word' id='word_1_211' title='bbox 894 2867 1030 2922; x_wconf 87' lang='grc' dir='ltr'><strong>ἀλλά</strong></span> <span class='ocrx_word' id='word_1_212' title='bbox 1067 2866 1267 2938; x_wconf 79' lang='grc' dir='ltr'>μᾶλλον</span> <span class='ocrx_word' id='word_1_213' title='bbox 1303 2866 1576 2937; x_wconf 78' lang='grc' dir='ltr'>ἀνδρίζου,</span> <span class='ocrx_word' id='word_1_214' title='bbox 1612 2866 1709 2919; x_wconf 68' lang='grc' dir='ltr'><strong>καὶ</strong></span> <span class='ocrx_word' id='word_1_215' title='bbox 1742 2866 1915 2935; x_wconf 75' lang='grc' dir='ltr'>ἴσχυε.</span> 
     </span>
    </p>
   </div>
   <div class='ocr_carea' id='block_1_31' title="bbox 348 2956 1918 3033">
    <p class='ocr_par' dir='ltr' id='par_1_31' title="bbox 348 2956 1918 3033">
     <span class='ocr_line' id='line_1_31' title="bbox 348 2956 1918 3033; baseline -0.002 -18"><span class='ocrx_word' id='word_1_216' title='bbox 348 2961 673 3015; x_wconf 86' lang='grc' dir='ltr'>Ἐπίστασαι</span> <span class='ocrx_word' id='word_1_217' title='bbox 700 2960 808 3033; x_wconf 78' lang='grc' dir='ltr'><strong>γὰρ</strong></span> <span class='ocrx_word' id='word_1_218' title='bbox 834 2960 915 3013; x_wconf 84' lang='grc' dir='ltr'><strong>ότι</strong></span> <span class='ocrx_word' id='word_1_219' title='bbox 956 2959 1111 3015; x_wconf 79' lang='grc' dir='ltr'>οὐδὲν</span> <span class='ocrx_word' id='word_1_220' title='bbox 1137 2956 1502 3029; x_wconf 76' lang='grc' dir='ltr'>ἀληθέστερον</span> <span class='ocrx_word' id='word_1_221' title='bbox 1528 2956 1623 3011; x_wconf 92' lang='grc' dir='ltr'><strong>τοῦ</strong></span> <span class='ocrx_word' id='word_1_222' title='bbox 1650 2957 1785 3011; x_wconf 83' lang='grc' dir='ltr'><strong>Θεοῦ</strong></span> <span class='ocrx_word' id='word_1_223' title='bbox 1809 2959 1918 3012; x_wconf 79' lang='grc' dir='ltr'><strong>τῶν</strong></span> 
     </span>
    </p>
   </div>
   <div class='ocr_carea' id='block_1_32' title="bbox 335 3050 1916 3124">
    <p class='ocr_par' dir='ltr' id='par_1_32' title="bbox 335 3050 1916 3124">
     <span class='ocr_line' id='line_1_32' title="bbox 335 3050 1916 3124; baseline 0.003 -20"><span class='ocrx_word' id='word_1_224' title='bbox 335 3052 592 3122; x_wconf 85' lang='grc' dir='ltr'>πατέρων</span> <span class='ocrx_word' id='word_1_225' title='bbox 614 3050 793 3121; x_wconf 83' lang='grc' dir='ltr'>ἡμῶν.</span> <span class='ocrx_word' id='word_1_226' title='bbox 825 3052 935 3104; x_wconf 76' lang='grc' dir='ltr'><strong>Καὶ</strong></span> <span class='ocrx_word' id='word_1_227' title='bbox 959 3051 987 3103; x_wconf 91' lang='lat'><strong>6</strong></span> <span class='ocrx_word' id='word_1_228' title='bbox 1020 3051 1217 3122; x_wconf 74' lang='grc' dir='ltr'>Ἐρϐᾶν</span> <span class='ocrx_word' id='word_1_229' title='bbox 1248 3054 1380 3123; x_wconf 72' lang='grc' dir='ltr'>πρὸς</span> <span class='ocrx_word' id='word_1_230' title='bbox 1405 3054 1623 3118; x_wconf 71' lang='grc' dir='ltr'>αὐτοὺς,</span> <span class='ocrx_word' id='word_1_231' title='bbox 1645 3055 1916 3124; x_wconf 82' lang='grc' dir='ltr'>Φλυαρίας</span> 
     </span>
    </p>
   </div>
   <div class='ocr_carea' id='block_1_33' title="bbox 334 3140 1915 3214">
    <p class='ocr_par' dir='ltr' id='par_1_33' title="bbox 334 3140 1915 3214">
     <span class='ocr_line' id='line_1_33' title="bbox 334 3140 1915 3214; baseline -0.001 -18"><span class='ocrx_word' id='word_1_232' title='bbox 334 3142 623 3213; x_wconf 87' lang='grc' dir='ltr'>είσφέρετε</span> <span class='ocrx_word' id='word_1_233' title='bbox 652 3141 811 3211; x_wconf 80' lang='grc' dir='ltr'>ὑμεῖς</span> <span class='ocrx_word' id='word_1_234' title='bbox 844 3142 925 3204; x_wconf 84' lang='grc' dir='ltr'>είς</span> <span class='ocrx_word' id='word_1_235' title='bbox 963 3140 1025 3193; x_wconf 83' lang='grc' dir='ltr'>τδ</span> <span class='ocrx_word' id='word_1_236' title='bbox 1069 3141 1254 3211; x_wconf 88' lang='grc' dir='ltr'>μέσον.</span> <span class='ocrx_word' id='word_1_237' title='bbox 1298 3140 1473 3214; x_wconf 75' lang='grc' dir='ltr'>Εἴπερ</span> <span class='ocrx_word' id='word_1_238' title='bbox 1505 3142 1915 3214; x_wconf 80' lang='grc' dir='ltr'>πληροφορήσει</span> 
     </span>
    </p>
   </div>
   <div class='ocr_carea' id='block_1_34' title="bbox 337 3228 1916 3305">
    <p class='ocr_par' dir='ltr' id='par_1_34' title="bbox 337 3228 1916 3305">
     <span class='ocr_line' id='line_1_34' title="bbox 337 3228 1916 3305; baseline 0.001 -18"><span class='ocrx_word' id='word_1_239' title='bbox 337 3251 431 3304; x_wconf 88' lang='grc' dir='ltr'>με,</span> <span class='ocrx_word' id='word_1_240' title='bbox 473 3234 555 3287; x_wconf 85' lang='grc' dir='ltr'>ὅτι</span> <span class='ocrx_word' id='word_1_241' title='bbox 586 3232 748 3296; x_wconf 79' lang='grc' dir='ltr'>αὐτός</span> <span class='ocrx_word' id='word_1_242' title='bbox 788 3234 935 3287; x_wconf 73' lang='grc' dir='ltr'>ἐστιν</span> <span class='ocrx_word' id='word_1_243' title='bbox 960 3232 1195 3303; x_wconf 82' lang='grc' dir='ltr'>άληθῶς,</span> <span class='ocrx_word' id='word_1_244' title='bbox 1226 3235 1353 3305; x_wconf 73' lang='grc' dir='ltr'>περὶ</span> <span class='ocrx_word' id='word_1_245' title='bbox 1381 3228 1442 3288; x_wconf 77' lang='grc' dir='ltr'>οὗ</span> <span class='ocrx_word' id='word_1_246' title='bbox 1474 3234 1916 3305; x_wconf 78' lang='grc' dir='ltr'>προεκελάδησαν</span> 
     </span>
    </p>
   </div>
   <div class='ocr_carea' id='block_1_35' title="bbox 335 3324 1917 3397">
    <p class='ocr_par' dir='ltr' id='par_1_35' title="bbox 335 3324 1917 3397">
     <span class='ocr_line' id='line_1_35' title="bbox 335 3324 1917 3397; baseline 0 -18"><span class='ocrx_word' id='word_1_247' title='bbox 335 3324 510 3379; x_wconf 89' lang='grc' dir='ltr'>πολλά</span> <span class='ocrx_word' id='word_1_248' title='bbox 537 3326 589 3379; x_wconf 84' lang='grc' dir='ltr'><strong>οί</strong></span> <span class='ocrx_word' id='word_1_249' title='bbox 631 3325 931 3397; x_wconf 78' lang='grc' dir='ltr'>προφῆται,</span> <span class='ocrx_word' id='word_1_250' title='bbox 969 3324 1253 3397; x_wconf 80' lang='grc' dir='ltr'>ἀλλότριος</span> <span class='ocrx_word' id='word_1_251' title='bbox 1282 3324 1476 3397; x_wconf 73' lang='grc' dir='ltr'>ἔσομαι</span> <span class='ocrx_word' id='word_1_252' title='bbox 1507 3326 1602 3380; x_wconf 92' lang='grc' dir='ltr'><strong>τοῦ</strong></span> <span class='ocrx_word' id='word_1_253' title='bbox 1636 3326 1768 3380; x_wconf 87' lang='grc' dir='ltr'>Θεοῦ</span> <span class='ocrx_word' id='word_1_254' title='bbox 1807 3326 1917 3379; x_wconf 83' lang='grc' dir='ltr'>τῶν</span> 
     </span>
    </p>
   </div>
   <div class='ocr_carea' id='block_1_36' title="bbox 336 3416 1915 3490">
    <p class='ocr_par' dir='ltr' id='par_1_36' title="bbox 336 3416 1915 3490">
     <span class='ocr_line' id='line_1_36' title="bbox 336 3416 1915 3490; baseline -0.001 -18"><span class='ocrx_word' id='word_1_255' title='bbox 336 3418 597 3490; x_wconf 82' lang='grc' dir='ltr'>πατέρων</span> <span class='ocrx_word' id='word_1_256' title='bbox 640 3418 821 3489; x_wconf 73' lang='grc' dir='ltr'>ἡμῶν,</span> <span class='ocrx_word' id='word_1_257' title='bbox 861 3417 912 3470; x_wconf 83' lang='grc' dir='ltr'><strong>εί</strong></span> <span class='ocrx_word' id='word_1_258' title='bbox 945 3416 1021 3487; x_wconf 80' lang='grc' dir='ltr'>μὴ</span> <span class='ocrx_word' id='word_1_259' title='bbox 1054 3416 1331 3471; x_wconf 88' lang='grc' dir='ltr'>πιστεύσω</span> <span class='ocrx_word' id='word_1_260' title='bbox 1364 3420 1443 3481; x_wconf 86' lang='grc' dir='ltr'>είς</span> <span class='ocrx_word' id='word_1_261' title='bbox 1490 3417 1653 3472; x_wconf 77' lang='grc' dir='ltr'>αὐτὸν</span> <span class='ocrx_word' id='word_1_262' title='bbox 1692 3418 1915 3470; x_wconf 76' lang='grc' dir='ltr'>ἀδιστά-</span> 
     </span>
    </p>
   </div>
   <div class='ocr_carea' id='block_1_37' title="bbox 335 3508 1921 3580">
    <p class='ocr_par' dir='ltr' id='par_1_37' title="bbox 335 3508 1921 3580">
     <span class='ocr_line' id='line_1_37' title="bbox 335 3508 1921 3580; baseline -0.003 -16"><span class='ocrx_word' id='word_1_263' title='bbox 335 3527 503 3575; x_wconf 72' lang='grc' dir='ltr'>κτως.</span> <span class='ocrx_word' id='word_1_264' title='bbox 540 3509 892 3579; x_wconf 84' lang='grc' dir='ltr'>Θεασάμενος</span> <span class='ocrx_word' id='word_1_265' title='bbox 944 3509 973 3562; x_wconf 86' lang='lat'><strong>6</strong></span> <span class='ocrx_word' id='word_1_266' title='bbox 1015 3508 1448 3580; x_wconf 87' lang='grc' dir='ltr'>ἀρχιεπίσκοπος</span> <span class='ocrx_word' id='word_1_267' title='bbox 1485 3509 1565 3562; x_wconf 84' lang='grc' dir='ltr'>ὅτι</span> <span class='ocrx_word' id='word_1_268' title='bbox 1599 3508 1741 3562; x_wconf 87' lang='grc' dir='ltr'><strong>κατά</strong></span> <span class='ocrx_word' id='word_1_269' title='bbox 1787 3508 1921 3580; x_wconf 80' lang='grc' dir='ltr'>ἀλή-</span> 
     </span>
    </p>
   </div>
   <div class='ocr_carea' id='block_1_38' title="bbox 336 3596 1920 3669">
    <p class='ocr_par' dir='ltr' id='par_1_38' title="bbox 336 3596 1920 3669">
     <span class='ocr_line' id='line_1_38' title="bbox 336 3596 1920 3669; baseline -0.001 -17"><span class='ocrx_word' id='word_1_270' title='bbox 336 3599 493 3652; x_wconf 88' lang='grc' dir='ltr'>θειαν</span> <span class='ocrx_word' id='word_1_271' title='bbox 522 3598 843 3668; x_wconf 83' lang='grc' dir='ltr'>φθέγγεται,</span> <span class='ocrx_word' id='word_1_272' title='bbox 882 3598 977 3653; x_wconf 65' lang='grc' dir='ltr'><strong>καὶ.</strong></span> <span class='ocrx_word' id='word_1_273' title='bbox 1007 3599 1070 3652; x_wconf 74' lang='grc' dir='ltr'>οὐ</span> <span class='ocrx_word' id='word_1_274' title='bbox 1097 3598 1238 3653; x_wconf 86' lang='grc' dir='ltr'><strong>κατά</strong></span> <span class='ocrx_word' id='word_1_275' title='bbox 1262 3598 1486 3669; x_wconf 84' lang='grc' dir='ltr'>χλεύην,</span> <span class='ocrx_word' id='word_1_276' title='bbox 1510 3596 1613 3668; x_wconf 70' lang='grc' dir='ltr'><strong>ἔφη</strong></span> <span class='ocrx_word' id='word_1_277' title='bbox 1654 3597 1790 3668; x_wconf 78' lang='grc' dir='ltr'>πρὸς</span> <span class='ocrx_word' id='word_1_278' title='bbox 1824 3599 1920 3650; x_wconf 85' lang='grc' dir='ltr'>αύ-</span> 
     </span>
    </p>
   </div>
   <div class='ocr_carea' id='block_1_39' title="bbox 334 3691 448 3747">
    <p class='ocr_par' dir='ltr' id='par_1_39' title="bbox 334 3691 448 3747">
     <span class='ocr_line' id='line_1_39' title="bbox 334 3691 448 3747; baseline -0.018 0"><span class='ocrx_word' id='word_1_279' title='bbox 334 3691 448 3747; x_wconf 73' lang='grc' dir='ltr'>τόνο</span> 
     </span>
    </p>
   </div>
   <div class='ocr_carea' id='block_1_40' title="bbox 409 3867 1781 3941">
    <p class='ocr_par' dir='ltr' id='par_1_40' title="bbox 409 3867 1781 3941">
     <span class='ocr_line' id='line_1_40' title="bbox 409 3867 1781 3941; baseline -0.007 -14"><span class='ocrx_word' id='word_1_280' title='bbox 409 3874 453 3927; x_wconf 89' lang='lat'><strong>0</strong></span> <span class='ocrx_word' id='word_1_281' title='bbox 480 3872 702 3926; x_wconf 80' lang='grc' dir='ltr'><strong>ΑΠΟΣ.</strong></span> <span class='ocrx_word' id='word_1_282' title='bbox 733 3870 844 3927; x_wconf 74' lang='lat' dir='ltr'><strong>Kal.</strong></span> <span class='ocrx_word' id='word_1_283' title='bbox 872 3868 992 3933; x_wconf 86' lang='grc' dir='ltr'><strong>πῶς</strong></span> <span class='ocrx_word' id='word_1_284' title='bbox 1028 3868 1212 3941; x_wconf 84' lang='grc' dir='ltr'>βούλει</span> <span class='ocrx_word' id='word_1_285' title='bbox 1236 3867 1657 3941; x_wconf 84' lang='grc' dir='ltr'>πληροφορῆσαί</span> <span class='ocrx_word' id='word_1_286' title='bbox 1684 3882 1781 3931; x_wconf 83' lang='grc' dir='ltr'><strong>σε;</strong></span> 
     </span>
    </p>
   </div>
   <div class='ocr_carea' id='block_1_41' title="bbox 408 4044 1917 4116">
    <p class='ocr_par' dir='ltr' id='par_1_41' title="bbox 408 4044 1917 4116">
     <span class='ocr_line' id='line_1_41' title="bbox 408 4044 1917 4116; baseline -0.005 -12"><span class='ocrx_word' id='word_1_287' title='bbox 408 4048 654 4105; x_wconf 80' lang='grc' dir='ltr'><strong>ΕΡΒΔΝ.</strong></span> <span class='ocrx_word' id='word_1_288' title='bbox 682 4048 1092 4103; x_wconf 84' lang='grc' dir='ltr'>Καθικέτευσον</span> <span class='ocrx_word' id='word_1_289' title='bbox 1110 4047 1203 4100; x_wconf 72' lang='grc' dir='ltr'>τὸν</span> <span class='ocrx_word' id='word_1_290' title='bbox 1232 4045 1509 4116; x_wconf 77' lang='grc' dir='ltr'>Δεσπότην</span> <span class='ocrx_word' id='word_1_291' title='bbox 1536 4060 1651 4112; x_wconf 89' lang='grc' dir='ltr'>σου,</span> <span class='ocrx_word' id='word_1_292' title='bbox 1675 4045 1723 4098; x_wconf 89' lang='grc' dir='ltr'>εί</span> <span class='ocrx_word' id='word_1_293' title='bbox 1754 4045 1812 4099; x_wconf 77' lang='grc' dir='ltr'>ὲν</span> <span class='ocrx_word' id='word_1_294' title='bbox 1838 4044 1917 4115; x_wconf 78' lang='grc' dir='ltr'><strong>τῷ</strong></span> 
     </span>
    </p>
   </div>
   <div class='ocr_carea' id='block_1_42' title="bbox 331 4136 1917 4214">
    <p class='ocr_par' dir='ltr' id='par_1_42' title="bbox 331 4136 1917 4214">
     <span class='ocr_line' id='line_1_42' title="bbox 331 4136 1917 4214; baseline -0.005 -16"><span class='ocrx_word' id='word_1_295' title='bbox 331 4141 551 4214; x_wconf 77' lang='grc' dir='ltr'>οὐρανῷ</span> <span class='ocrx_word' id='word_1_296' title='bbox 587 4143 758 4205; x_wconf 77' lang='grc' dir='ltr'>ἐστιν,</span> <span class='ocrx_word' id='word_1_297' title='bbox 794 4140 870 4204; x_wconf 80' lang='grc' dir='ltr'>ὡς</span> <span class='ocrx_word' id='word_1_298' title='bbox 897 4140 1097 4209; x_wconf 85' lang='grc' dir='ltr'>λέγεις,</span> <span class='ocrx_word' id='word_1_299' title='bbox 1130 4138 1435 4207; x_wconf 83' lang='grc' dir='ltr'>καταϐῆναι</span> <span class='ocrx_word' id='word_1_300' title='bbox 1474 4136 1609 4208; x_wconf 79' lang='grc' dir='ltr'>πρός</span> <span class='ocrx_word' id='word_1_301' title='bbox 1645 4154 1735 4208; x_wconf 87' lang='grc' dir='ltr'><strong>με,</strong></span> <span class='ocrx_word' id='word_1_302' title='bbox 1767 4136 1917 4201; x_wconf 82' lang='grc' dir='ltr'>ὅπως</span> 
     </span>
    </p>
   </div>
   <div class='ocr_carea' id='block_1_43' title="bbox 335 4230 1912 4305">
    <p class='ocr_par' dir='ltr' id='par_1_43' title="bbox 335 4230 1912 4305">
     <span class='ocr_line' id='line_1_43' title="bbox 335 4230 1912 4305; baseline -0.004 -16"><span class='ocrx_word' id='word_1_303' title='bbox 335 4236 621 4305; x_wconf 84' lang='grc' dir='ltr'>θεάσωμαι</span> <span class='ocrx_word' id='word_1_304' title='bbox 653 4232 841 4297; x_wconf 78' lang='grc' dir='ltr'>αὑτὸν,</span> <span class='ocrx_word' id='word_1_305' title='bbox 884 4232 980 4286; x_wconf 71' lang='grc' dir='ltr'><strong>καὶ</strong></span> <span class='ocrx_word' id='word_1_306' title='bbox 1023 4230 1248 4300; x_wconf 84' lang='grc' dir='ltr'>λαλήσω</span> <span class='ocrx_word' id='word_1_307' title='bbox 1290 4230 1413 4301; x_wconf 83' lang='grc' dir='ltr'>μετ’</span> <span class='ocrx_word' id='word_1_308' title='bbox 1443 4230 1641 4284; x_wconf 77' lang='grc' dir='ltr'>αὐτοῦ’</span> <span class='ocrx_word' id='word_1_309' title='bbox 1682 4230 1801 4293; x_wconf 74' lang='grc' dir='ltr'>καὶ,</span> <span class='ocrx_word' id='word_1_310' title='bbox 1846 4230 1912 4301; x_wconf 75' lang='grc' dir='ltr'><strong>ζῇ</strong></span> 
     </span>
    </p>
   </div>
   <div class='ocr_carea' id='block_1_44' title="bbox 335 4320 1911 4398">
    <p class='ocr_par' dir='ltr' id='par_1_44' title="bbox 335 4320 1911 4398">
     <span class='ocr_line' id='line_1_44' title="bbox 335 4320 1911 4398; baseline -0.005 -17"><span class='ocrx_word' id='word_1_311' title='bbox 335 4326 563 4398; x_wconf 76' lang='grc' dir='ltr'>Κύριος,</span> <span class='ocrx_word' id='word_1_312' title='bbox 588 4325 648 4377; x_wconf 84' lang='grc' dir='ltr'>ὃν</span> <span class='ocrx_word' id='word_1_313' title='bbox 674 4324 854 4392; x_wconf 85' lang='grc' dir='ltr'>λέγεις</span> <span class='ocrx_word' id='word_1_314' title='bbox 906 4323 989 4376; x_wconf 84' lang='grc' dir='ltr'>ὅτι</span> <span class='ocrx_word' id='word_1_315' title='bbox 1022 4323 1215 4393; x_wconf 86' lang='grc' dir='ltr'>Πατήρ</span> <span class='ocrx_word' id='word_1_316' title='bbox 1244 4322 1361 4376; x_wconf 75' lang='grc' dir='ltr'>ἐστι</span> <span class='ocrx_word' id='word_1_317' title='bbox 1392 4321 1488 4375; x_wconf 89' lang='grc' dir='ltr'><strong>τοῦ</strong></span> <span class='ocrx_word' id='word_1_318' title='bbox 1522 4320 1761 4394; x_wconf 81' lang='grc' dir='ltr'>Χριστοῦ</span> <span class='ocrx_word' id='word_1_319' title='bbox 1794 4338 1911 4386; x_wconf 91' lang='grc' dir='ltr'>σου,</span> 
     </span>
    </p>
   </div>
   <div class='ocr_carea' id='block_1_45' title="bbox 335 4414 1804 4490">
    <p class='ocr_par' dir='ltr' id='par_1_45' title="bbox 335 4414 1804 4490">
     <span class='ocr_line' id='line_1_45' title="bbox 335 4414 1804 4490; baseline -0.003 -17"><span class='ocrx_word' id='word_1_320' title='bbox 335 4419 683 4490; x_wconf 82' lang='grc' dir='ltr'>παραχρῆμα</span> <span class='ocrx_word' id='word_1_321' title='bbox 717 4415 1071 4487; x_wconf 79' lang='grc' dir='ltr'>βαπτίζομαι,</span> <span class='ocrx_word' id='word_1_322' title='bbox 1103 4415 1199 4470; x_wconf 75' lang='grc' dir='ltr'><strong>καὶ</strong></span> <span class='ocrx_word' id='word_1_323' title='bbox 1237 4414 1483 4469; x_wconf 86' lang='grc' dir='ltr'>πιστεύω</span> <span class='ocrx_word' id='word_1_324' title='bbox 1508 4416 1590 4479; x_wconf 86' lang='grc' dir='ltr'>είς</span> <span class='ocrx_word' id='word_1_325' title='bbox 1620 4414 1804 4469; x_wconf 77' lang='grc' dir='ltr'>αὐτόν.</span> 
     </span>
    </p>
   </div>
   <div class='ocr_carea' id='block_1_46' title="bbox 419 4503 1915 4579">
    <p class='ocr_par' dir='ltr' id='par_1_46' title="bbox 419 4503 1915 4579">
     <span class='ocr_line' id='line_1_46' title="bbox 419 4503 1915 4579; baseline -0.003 -16"><span class='ocrx_word' id='word_1_326' title='bbox 419 4508 509 4573; x_wconf 84' lang='grc' dir='ltr'>Ὦς</span> <span class='ocrx_word' id='word_1_327' title='bbox 536 4510 594 4563; x_wconf 85' lang='grc' dir='ltr'><strong>δὲ</strong></span> <span class='ocrx_word' id='word_1_328' title='bbox 622 4507 798 4563; x_wconf 84' lang='grc' dir='ltr'>ταῦτα</span> <span class='ocrx_word' id='word_1_329' title='bbox 824 4503 979 4561; x_wconf 80' lang='grc' dir='ltr'>εἶπεν</span> <span class='ocrx_word' id='word_1_330' title='bbox 1006 4510 1036 4562; x_wconf 91' lang='grc' dir='ltr'><strong>ό</strong></span> <span class='ocrx_word' id='word_1_331' title='bbox 1069 4508 1288 4579; x_wconf 82' lang='grc' dir='ltr'>Ἐρϐἄν,</span> <span class='ocrx_word' id='word_1_332' title='bbox 1322 4506 1635 4578; x_wconf 77' lang='grc' dir='ltr'>ὲκραύγασε</span> <span class='ocrx_word' id='word_1_333' title='bbox 1682 4506 1744 4559; x_wconf 79' lang='grc' dir='ltr'>τὸ</span> <span class='ocrx_word' id='word_1_334' title='bbox 1774 4506 1915 4577; x_wconf 87' lang='grc' dir='ltr'>πλῆ-</span> 
     </span>
    </p>
   </div>
   <div class='ocr_carea' id='block_1_47' title="bbox 2021 650 3609 725">
    <p class='ocr_par' dir='ltr' id='par_1_47' title="bbox 2021 650 3609 725">
     <span class='ocr_line' id='line_1_47' title="bbox 2021 650 3609 725; baseline 0.008 -20"><span class='ocrx_word' id='word_1_335' title='bbox 2021 650 2283 723; x_wconf 79' lang='lat' dir='ltr'><strong>quoniam</strong></span> <span class='ocrx_word' id='word_1_336' title='bbox 2321 654 2487 724; x_wconf 85' lang='lat' dir='ltr'><strong>hujus</strong></span> <span class='ocrx_word' id='word_1_337' title='bbox 2534 670 2737 725; x_wconf 90' lang='lat' dir='ltr'><strong>corpus</strong></span> <span class='ocrx_word' id='word_1_338' title='bbox 2781 655 2917 708; x_wconf 82' lang='lat' dir='ltr'><strong>nihil</strong></span> <span class='ocrx_word' id='word_1_339' title='bbox 2965 666 3068 710; x_wconf 89' lang='lat' dir='ltr'><strong>est.</strong></span> <span class='ocrx_word' id='word_1_340' title='bbox 3104 657 3198 711; x_wconf 85' lang='lat' dir='ltr'><strong>Est</strong></span> <span class='ocrx_word' id='word_1_341' title='bbox 3245 660 3391 713; x_wconf 87' lang='lat' dir='ltr'><strong>enim</strong></span> <span class='ocrx_word' id='word_1_342' title='bbox 3445 661 3609 716; x_wconf 88' lang='lat' dir='ltr'><strong>indu-</strong></span> 
     </span>
    </p>
   </div>
   <div class='ocr_carea' id='block_1_48' title="bbox 2019 747 3606 822">
    <p class='ocr_par' dir='ltr' id='par_1_48' title="bbox 2019 747 3606 822">
     <span class='ocr_line' id='line_1_48' title="bbox 2019 747 3606 822; baseline 0.006 -22"><span class='ocrx_word' id='word_1_343' title='bbox 2019 754 2267 802; x_wconf 89' lang='lat' dir='ltr'><strong>mentum</strong></span> <span class='ocrx_word' id='word_1_344' title='bbox 2303 747 2498 802; x_wconf 76' lang='lat' dir='ltr'><strong>anima:</strong></span> <span class='ocrx_word' id='word_1_345' title='bbox 2545 750 2897 819; x_wconf 86' lang='lat' dir='ltr'><strong>congenitum</strong></span> <span class='ocrx_word' id='word_1_346' title='bbox 2930 768 2941 802; x_wconf 96' lang='lat'><strong>:</strong></span> <span class='ocrx_word' id='word_1_347' title='bbox 2975 759 3031 804; x_wconf 89' lang='lat' dir='ltr'><strong>et</strong></span> <span class='ocrx_word' id='word_1_348' title='bbox 3070 766 3195 806; x_wconf 89' lang='lat' dir='ltr'><strong>cum</strong></span> <span class='ocrx_word' id='word_1_349' title='bbox 3237 753 3397 822; x_wconf 87' lang='lat' dir='ltr'><strong>jubet</strong></span> <span class='ocrx_word' id='word_1_350' title='bbox 3440 754 3606 818; x_wconf 85' lang='lat' dir='ltr'><strong>Deus,</strong></span> 
     </span>
    </p>
   </div>
   <div class='ocr_carea' id='block_1_49' title="bbox 2019 838 3607 914">
    <p class='ocr_par' dir='ltr' id='par_1_49' title="bbox 2019 838 3607 914">
     <span class='ocr_line' id='line_1_49' title="bbox 2019 838 3607 914; baseline 0.004 -22"><span class='ocrx_word' id='word_1_351' title='bbox 2019 838 2189 892; x_wconf 87' lang='lat' dir='ltr'><strong>mittit</strong></span> <span class='ocrx_word' id='word_1_352' title='bbox 2232 842 2456 909; x_wconf 85' lang='lat' dir='ltr'><strong>angelos</strong></span> <span class='ocrx_word' id='word_1_353' title='bbox 2486 856 2635 905; x_wconf 81' lang='lat' dir='ltr'><strong>suos,</strong></span> <span class='ocrx_word' id='word_1_354' title='bbox 2667 849 2723 895; x_wconf 90' lang='lat' dir='ltr'><strong>et</strong></span> <span class='ocrx_word' id='word_1_355' title='bbox 2766 842 3003 896; x_wconf 89' lang='lat' dir='ltr'><strong>animam</strong></span> <span class='ocrx_word' id='word_1_356' title='bbox 3041 845 3407 914; x_wconf 86' lang='lat' dir='ltr'><strong>corruptibile</strong></span> <span class='ocrx_word' id='word_1_357' title='bbox 3446 846 3607 899; x_wconf 78' lang='lat' dir='ltr'><strong>indu-</strong></span> 
     </span>
    </p>
   </div>
   <div class='ocr_carea' id='block_1_50' title="bbox 2020 935 3608 1005">
    <p class='ocr_par' dir='ltr' id='par_1_50' title="bbox 2020 935 3608 1005">
     <span class='ocr_line' id='line_1_50' title="bbox 2020 935 3608 1005; baseline 0.005 -22"><span class='ocrx_word' id='word_1_358' title='bbox 2020 941 2267 985; x_wconf 88' lang='lat' dir='ltr'><strong>mentum</strong></span> <span class='ocrx_word' id='word_1_359' title='bbox 2292 943 2525 997; x_wconf 74' lang='lat' dir='ltr'><strong>exuunt,</strong></span> <span class='ocrx_word' id='word_1_360' title='bbox 2550 946 2749 1002; x_wconf 82' lang='lat' dir='ltr'><strong>nempe</strong></span> <span class='ocrx_word' id='word_1_361' title='bbox 2773 949 2975 1004; x_wconf 92' lang='lat' dir='ltr'><strong>corpus</strong></span> <span class='ocrx_word' id='word_1_362' title='bbox 2997 935 3197 1004; x_wconf 86' lang='lat' dir='ltr'><strong>ipsum,</strong></span> <span class='ocrx_word' id='word_1_363' title='bbox 3217 946 3322 1005; x_wconf 73' lang='lat' dir='ltr'><strong>Qua</strong></span> <span class='ocrx_word' id='word_1_364' title='bbox 3348 937 3413 990; x_wconf 88' lang='lat' dir='ltr'><strong>ad</strong></span> <span class='ocrx_word' id='word_1_365' title='bbox 3438 938 3608 991; x_wconf 87' lang='lat' dir='ltr'><strong>Demn</strong></span> 
     </span>
    </p>
   </div>
   <div class='ocr_carea' id='block_1_51' title="bbox 2020 1023 3611 1091">
    <p class='ocr_par' dir='ltr' id='par_1_51' title="bbox 2020 1023 3611 1091">
     <span class='ocr_line' id='line_1_51' title="bbox 2020 1023 3611 1091; baseline 0.003 -14"><span class='ocrx_word' id='word_1_366' title='bbox 2020 1023 2187 1079; x_wconf 89' lang='lat' dir='ltr'><strong>debet</strong></span> <span class='ocrx_word' id='word_1_367' title='bbox 2212 1025 2388 1091; x_wconf 89' lang='lat' dir='ltr'><strong>abire,</strong></span> <span class='ocrx_word' id='word_1_368' title='bbox 2421 1026 2515 1080; x_wconf 92' lang='lat' dir='ltr'><strong>ubi</strong></span> <span class='ocrx_word' id='word_1_369' title='bbox 2547 1027 2651 1081; x_wconf 89' lang='lat' dir='ltr'><strong>tale</strong></span> <span class='ocrx_word' id='word_1_370' title='bbox 2683 1042 2943 1081; x_wconf 90' lang='lat' dir='ltr'><strong>carneum</strong></span> <span class='ocrx_word' id='word_1_371' title='bbox 2976 1027 3363 1083; x_wconf 83' lang='lat' dir='ltr'><strong>indumentum</strong></span> <span class='ocrx_word' id='word_1_372' title='bbox 3394 1037 3611 1083; x_wconf 84' lang='lat' dir='ltr'><strong>nonest</strong></span> 
     </span>
    </p>
   </div>
   <div class='ocr_carea' id='block_1_52' title="bbox 2020 1118 3611 1189">
    <p class='ocr_par' dir='ltr' id='par_1_52' title="bbox 2020 1118 3611 1189">
     <span class='ocr_line' id='line_1_52' title="bbox 2020 1118 3611 1189; baseline 0 -16"><span class='ocrx_word' id='word_1_373' title='bbox 2020 1118 2114 1188; x_wconf 89' lang='lat' dir='ltr'><strong>qui</strong></span> <span class='ocrx_word' id='word_1_374' title='bbox 2150 1126 2327 1189; x_wconf 88' lang='lat' dir='ltr'><strong>gestet</strong></span> <span class='ocrx_word' id='word_1_375' title='bbox 2357 1132 2368 1172; x_wconf 87' lang='lat'>:</span> <span class='ocrx_word' id='word_1_376' title='bbox 2396 1134 2588 1174; x_wconf 91' lang='lat' dir='ltr'><strong>omnes</strong></span> <span class='ocrx_word' id='word_1_377' title='bbox 2625 1120 2773 1174; x_wconf 90' lang='lat' dir='ltr'><strong>enim</strong></span> <span class='ocrx_word' id='word_1_378' title='bbox 2806 1119 2918 1173; x_wconf 91' lang='lat' dir='ltr'><strong>illic</strong></span> <span class='ocrx_word' id='word_1_379' title='bbox 2946 1120 3194 1189; x_wconf 85' lang='lat' dir='ltr'><strong>spiritus.</strong></span> <span class='ocrx_word' id='word_1_380' title='bbox 3226 1118 3520 1181; x_wconf 81' lang='lat' dir='ltr'><strong>Ca-tcrom,</strong></span> <span class='ocrx_word' id='word_1_381' title='bbox 3550 1127 3611 1174; x_wconf 87' lang='lat' dir='ltr'><strong>ut</strong></span> 
     </span>
    </p>
   </div>
   <div class='ocr_carea' id='block_1_53' title="bbox 2021 1211 3606 1282">
    <p class='ocr_par' dir='ltr' id='par_1_53' title="bbox 2021 1211 3606 1282">
     <span class='ocr_line' id='line_1_53' title="bbox 2021 1211 3606 1282; baseline -0.001 -17"><span class='ocrx_word' id='word_1_382' title='bbox 2021 1211 2279 1281; x_wconf 85' lang='lat' dir='ltr'><strong>spiritum</strong></span> <span class='ocrx_word' id='word_1_383' title='bbox 2327 1220 2383 1266; x_wconf 92' lang='lat' dir='ltr'><strong>et</strong></span> <span class='ocrx_word' id='word_1_384' title='bbox 2430 1213 2669 1266; x_wconf 89' lang='lat' dir='ltr'><strong>animam</strong></span> <span class='ocrx_word' id='word_1_385' title='bbox 2716 1213 2918 1266; x_wconf 90' lang='lat' dir='ltr'><strong>tollunt</strong></span> <span class='ocrx_word' id='word_1_386' title='bbox 2952 1212 3084 1265; x_wconf 90' lang='lat' dir='ltr'><strong>illuc</strong></span> <span class='ocrx_word' id='word_1_387' title='bbox 3119 1218 3227 1281; x_wconf 87' lang='lat' dir='ltr'><strong>quo</strong></span> <span class='ocrx_word' id='word_1_388' title='bbox 3258 1212 3412 1282; x_wconf 87' lang='lat' dir='ltr'><strong>jubet</strong></span> <span class='ocrx_word' id='word_1_389' title='bbox 3440 1212 3606 1275; x_wconf 84' lang='lat' dir='ltr'><strong>Deus,</strong></span> 
     </span>
    </p>
   </div>
   <div class='ocr_carea' id='block_1_54' title="bbox 2020 1302 3609 1371">
    <p class='ocr_par' dir='ltr' id='par_1_54' title="bbox 2020 1302 3609 1371">
     <span class='ocr_line' id='line_1_54' title="bbox 2020 1302 3609 1371; baseline 0.002 -17"><span class='ocrx_word' id='word_1_390' title='bbox 2020 1311 2077 1355; x_wconf 89' lang='lat' dir='ltr'><strong>et</strong></span> <span class='ocrx_word' id='word_1_391' title='bbox 2101 1302 2177 1355; x_wconf 89' lang='lat' dir='ltr'><strong>ibi</strong></span> <span class='ocrx_word' id='word_1_392' title='bbox 2205 1302 2439 1367; x_wconf 84' lang='lat' dir='ltr'><strong>habitat,</strong></span> <span class='ocrx_word' id='word_1_393' title='bbox 2466 1310 2527 1356; x_wconf 92' lang='lat' dir='ltr'><strong>ut</strong></span> <span class='ocrx_word' id='word_1_394' title='bbox 2564 1304 2886 1371; x_wconf 86' lang='lat' dir='ltr'><strong>angelorum</strong></span> <span class='ocrx_word' id='word_1_395' title='bbox 2916 1302 3241 1356; x_wconf 87' lang='lat' dir='ltr'><strong>indumenta</strong></span> <span class='ocrx_word' id='word_1_396' title='bbox 3273 1302 3456 1357; x_wconf 83' lang='lat' dir='ltr'><strong>ferens</strong></span> <span class='ocrx_word' id='word_1_397' title='bbox 3485 1319 3496 1355; x_wconf 91' lang='lat'><strong>:</strong></span> <span class='ocrx_word' id='word_1_398' title='bbox 3529 1302 3609 1357; x_wconf 91' lang='lat' dir='ltr'><strong>sic</strong></span> 
     </span>
    </p>
   </div>
   <div class='ocr_carea' id='block_1_55' title="bbox 2023 1388 3607 1465">
    <p class='ocr_par' dir='ltr' id='par_1_55' title="bbox 2023 1388 3607 1465">
     <span class='ocr_line' id='line_1_55' title="bbox 2023 1388 3607 1465; baseline 0.003 -19"><span class='ocrx_word' id='word_1_399' title='bbox 2023 1393 2188 1463; x_wconf 80' lang='lat' dir='ltr'><strong>igitur</strong></span> <span class='ocrx_word' id='word_1_400' title='bbox 2221 1394 2386 1448; x_wconf 82' lang='lat' dir='ltr'><strong>Mosis</strong></span> <span class='ocrx_word' id='word_1_401' title='bbox 2412 1394 2614 1448; x_wconf 77' lang='lat' dir='ltr'><strong>anima.</strong></span> <span class='ocrx_word' id='word_1_402' title='bbox 2650 1388 2787 1449; x_wconf 86' lang='lat' dir='ltr'><strong>Cum</strong></span> <span class='ocrx_word' id='word_1_403' title='bbox 2838 1410 2900 1449; x_wconf 87' lang='lat' dir='ltr'><strong>ea</strong></span> <span class='ocrx_word' id='word_1_404' title='bbox 2933 1404 3072 1465; x_wconf 86' lang='lat' dir='ltr'><strong>opus</strong></span> <span class='ocrx_word' id='word_1_405' title='bbox 3102 1396 3297 1449; x_wconf 80' lang='lat' dir='ltr'><strong>habuit</strong></span> <span class='ocrx_word' id='word_1_406' title='bbox 3344 1396 3508 1459; x_wconf 86' lang='lat' dir='ltr'><strong>Deus,</strong></span> <span class='ocrx_word' id='word_1_407' title='bbox 3554 1395 3607 1450; x_wconf 90' lang='lat' dir='ltr'><strong>ei</strong></span> 
     </span>
    </p>
   </div>
   <div class='ocr_carea' id='block_1_56' title="bbox 2021 1485 3608 1557">
    <p class='ocr_par' dir='ltr' id='par_1_56' title="bbox 2021 1485 3608 1557">
     <span class='ocr_line' id='line_1_56' title="bbox 2021 1485 3608 1557; baseline 0.001 -18"><span class='ocrx_word' id='word_1_408' title='bbox 2021 1500 2226 1556; x_wconf 86' lang='lat' dir='ltr'><strong>corpus</strong></span> <span class='ocrx_word' id='word_1_409' title='bbox 2270 1487 2506 1557; x_wconf 78' lang='lat' dir='ltr'><strong>proprizn</strong></span> <span class='ocrx_word' id='word_1_410' title='bbox 2540 1486 2800 1556; x_wconf 75' lang='lat' dir='ltr'><strong>potentia:</strong></span> <span class='ocrx_word' id='word_1_411' title='bbox 2843 1485 3075 1551; x_wconf 75' lang='lat' dir='ltr'><strong>afﬁnxit,</strong></span> <span class='ocrx_word' id='word_1_412' title='bbox 3111 1495 3166 1541; x_wconf 91' lang='lat' dir='ltr'><strong>et</strong></span> <span class='ocrx_word' id='word_1_413' title='bbox 3201 1488 3341 1541; x_wconf 92' lang='lat' dir='ltr'><strong>hanc</strong></span> <span class='ocrx_word' id='word_1_414' title='bbox 3378 1486 3608 1542; x_wconf 91' lang='lat' dir='ltr'><strong>brachio</strong></span> 
     </span>
    </p>
   </div>
   <div class='ocr_carea' id='block_1_57' title="bbox 2022 1578 3607 1650">
    <p class='ocr_par' dir='ltr' id='par_1_57' title="bbox 2022 1578 3607 1650">
     <span class='ocr_line' id='line_1_57' title="bbox 2022 1578 3607 1650; baseline 0.001 -18"><span class='ocrx_word' id='word_1_415' title='bbox 2022 1592 2124 1632; x_wconf 91' lang='lat' dir='ltr'><strong>suo</strong></span> <span class='ocrx_word' id='word_1_416' title='bbox 2157 1578 2373 1633; x_wconf 85' lang='lat' dir='ltr'><strong>adstare</strong></span> <span class='ocrx_word' id='word_1_417' title='bbox 2409 1578 2540 1633; x_wconf 88' lang='lat' dir='ltr'><strong>fecit</strong></span> <span class='ocrx_word' id='word_1_418' title='bbox 2583 1578 2637 1632; x_wconf 95' lang='lat' dir='ltr'><strong>in</strong></span> <span class='ocrx_word' id='word_1_419' title='bbox 2679 1587 2865 1633; x_wconf 89' lang='lat' dir='ltr'><strong>monte</strong></span> <span class='ocrx_word' id='word_1_420' title='bbox 2899 1579 3140 1645; x_wconf 91' lang='lat' dir='ltr'><strong>Thahor,</strong></span> <span class='ocrx_word' id='word_1_421' title='bbox 3176 1588 3235 1635; x_wconf 91' lang='lat' dir='ltr'><strong>ut</strong></span> <span class='ocrx_word' id='word_1_422' title='bbox 3268 1581 3607 1650; x_wconf 40' lang='lat' dir='ltr'><strong>contempla‘</strong></span> 
     </span>
    </p>
   </div>
   <div class='ocr_carea' id='block_1_58' title="bbox 2021 1669 3609 1740">
    <p class='ocr_par' dir='ltr' id='par_1_58' title="bbox 2021 1669 3609 1740">
     <span class='ocr_line' id='line_1_58' title="bbox 2021 1669 3609 1740; baseline 0.003 -18"><span class='ocrx_word' id='word_1_423' title='bbox 2021 1679 2178 1724; x_wconf 82' lang='lat' dir='ltr'><strong>retur</strong></span> <span class='ocrx_word' id='word_1_424' title='bbox 2209 1669 2384 1740; x_wconf 89' lang='lat' dir='ltr'><strong>ipsius</strong></span> <span class='ocrx_word' id='word_1_425' title='bbox 2429 1670 2988 1740; x_wconf 80' lang='lat' dir='ltr'><strong>transfigurationem,</strong></span> <span class='ocrx_word' id='word_1_426' title='bbox 3037 1680 3092 1725; x_wconf 86' lang='lat' dir='ltr'><strong>et</strong></span> <span class='ocrx_word' id='word_1_427' title='bbox 3140 1687 3335 1726; x_wconf 83' lang='lat' dir='ltr'><strong>rursus</strong></span> <span class='ocrx_word' id='word_1_428' title='bbox 3383 1673 3609 1726; x_wconf 74' lang='lat' dir='ltr'><strong>dextera</strong></span> 
     </span>
    </p>
   </div>
   <div class='ocr_carea' id='block_1_59' title="bbox 2023 1764 3141 1833">
    <p class='ocr_par' dir='ltr' id='par_1_59' title="bbox 2023 1764 3141 1833">
     <span class='ocr_line' id='line_1_59' title="bbox 2023 1764 3141 1833; baseline 0.001 -16"><span class='ocrx_word' id='word_1_429' title='bbox 2023 1779 2122 1817; x_wconf 87' lang='lat' dir='ltr'><strong>sua</strong></span> <span class='ocrx_word' id='word_1_430' title='bbox 2153 1765 2423 1833; x_wconf 81' lang='lat' dir='ltr'><strong>reposuit,</strong></span> <span class='ocrx_word' id='word_1_431' title='bbox 2460 1764 2606 1819; x_wconf 88' lang='lat' dir='ltr'><strong>unde</strong></span> <span class='ocrx_word' id='word_1_432' title='bbox 2646 1764 2790 1819; x_wconf 87' lang='lat' dir='ltr'><strong>hanc</strong></span> <span class='ocrx_word' id='word_1_433' title='bbox 2821 1764 3141 1820; x_wconf 84' lang='lat' dir='ltr'><strong>abstulerat.</strong></span> 
     </span>
    </p>
   </div>
   <div class='ocr_carea' id='block_1_60' title="bbox 2095 2033 3607 2107">
    <p class='ocr_par' dir='ltr' id='par_1_60' title="bbox 2095 2033 3607 2107">
     <span class='ocr_line' id='line_1_60' title="bbox 2095 2033 3607 2107; baseline 0.001 -16"><span class='ocrx_word' id='word_1_434' title='bbox 2095 2036 2300 2092; x_wconf 82' lang='lat' dir='ltr'><strong>HERB.</strong></span> <span class='ocrx_word' id='word_1_435' title='bbox 2333 2034 2605 2102; x_wconf 85' lang='lat' dir='ltr'><strong>Quorsum</strong></span> <span class='ocrx_word' id='word_1_436' title='bbox 2647 2045 2863 2107; x_wconf 86' lang='lat' dir='ltr'><strong>tempus</strong></span> <span class='ocrx_word' id='word_1_437' title='bbox 2890 2036 2946 2090; x_wconf 92' lang='lat' dir='ltr'><strong>in</strong></span> <span class='ocrx_word' id='word_1_438' title='bbox 2981 2033 3448 2107; x_wconf 83' lang='lat' dir='ltr'><strong>disputationibus</strong></span> <span class='ocrx_word' id='word_1_439' title='bbox 3475 2051 3607 2092; x_wconf 55' lang='lat' dir='ltr'><strong>con.</strong></span> 
     </span>
    </p>
   </div>
   <div class='ocr_carea' id='block_1_61' title="bbox 2022 2128 3606 2200">
    <p class='ocr_par' dir='ltr' id='par_1_61' title="bbox 2022 2128 3606 2200">
     <span class='ocr_line' id='line_1_61' title="bbox 2022 2128 3606 2200; baseline 0.003 -19"><span class='ocrx_word' id='word_1_440' title='bbox 2022 2129 2322 2184; x_wconf 88' lang='lat' dir='ltr'><strong>sumimus?</strong></span> <span class='ocrx_word' id='word_1_441' title='bbox 2351 2144 2452 2200; x_wconf 87' lang='lat' dir='ltr'><strong>ego</strong></span> <span class='ocrx_word' id='word_1_442' title='bbox 2486 2130 2917 2183; x_wconf 83' lang='lat' dir='ltr'><strong>controversiam</strong></span> <span class='ocrx_word' id='word_1_443' title='bbox 2947 2128 3201 2182; x_wconf 91' lang='lat' dir='ltr'><strong>dirimam</strong></span> <span class='ocrx_word' id='word_1_444' title='bbox 3231 2147 3243 2182; x_wconf 92' lang='lat'><strong>:</strong></span> <span class='ocrx_word' id='word_1_445' title='bbox 3277 2138 3331 2183; x_wconf 90' lang='lat' dir='ltr'><strong>et</strong></span> <span class='ocrx_word' id='word_1_446' title='bbox 3362 2129 3406 2183; x_wconf 93' lang='lat' dir='ltr'><strong>si</strong></span> <span class='ocrx_word' id='word_1_447' title='bbox 3439 2130 3519 2184; x_wconf 73' lang='lat' dir='ltr'><strong>vis</strong></span> <span class='ocrx_word' id='word_1_448' title='bbox 3546 2139 3606 2185; x_wconf 89' lang='lat' dir='ltr'><strong>ut</strong></span> 
     </span>
    </p>
   </div>
   <div class='ocr_carea' id='block_1_62' title="bbox 2021 2218 3602 2289">
    <p class='ocr_par' dir='ltr' id='par_1_62' title="bbox 2021 2218 3602 2289">
     <span class='ocr_line' id='line_1_62' title="bbox 2021 2218 3602 2289; baseline 0.001 -17"><span class='ocrx_word' id='word_1_449' title='bbox 2021 2235 2129 2273; x_wconf 89' lang='lat' dir='ltr'><strong>non</strong></span> <span class='ocrx_word' id='word_1_450' title='bbox 2160 2219 2362 2275; x_wconf 82' lang='lat' dir='ltr'><strong>frustra</strong></span> <span class='ocrx_word' id='word_1_451' title='bbox 2395 2220 2522 2276; x_wconf 85' lang='lat' dir='ltr'><strong>Jesu</strong></span> <span class='ocrx_word' id='word_1_452' title='bbox 2559 2219 2801 2284; x_wconf 84' lang='lat' dir='ltr'><strong>credam,</strong></span> <span class='ocrx_word' id='word_1_453' title='bbox 2849 2218 2997 2272; x_wconf 91' lang='lat' dir='ltr'><strong>hunc</strong></span> <span class='ocrx_word' id='word_1_454' title='bbox 3032 2220 3207 2289; x_wconf 90' lang='lat' dir='ltr'><strong>ipsum</strong></span> <span class='ocrx_word' id='word_1_455' title='bbox 3238 2219 3421 2273; x_wconf 81' lang='lat' dir='ltr'><strong>vivum</strong></span> <span class='ocrx_word' id='word_1_456' title='bbox 3466 2220 3602 2274; x_wconf 93' lang='lat' dir='ltr'><strong>mihi</strong></span> 
     </span>
    </p>
   </div>
   <div class='ocr_carea' id='block_1_63' title="bbox 2021 2309 3603 2380">
    <p class='ocr_par' dir='ltr' id='par_1_63' title="bbox 2021 2309 3603 2380">
     <span class='ocr_line' id='line_1_63' title="bbox 2021 2309 3603 2380; baseline 0.001 -18"><span class='ocrx_word' id='word_1_457' title='bbox 2021 2309 2286 2376; x_wconf 89' lang='lat' dir='ltr'><strong>ostende;</strong></span> <span class='ocrx_word' id='word_1_458' title='bbox 2314 2318 2369 2363; x_wconf 89' lang='lat' dir='ltr'><strong>et</strong></span> <span class='ocrx_word' id='word_1_459' title='bbox 2410 2325 2511 2379; x_wconf 87' lang='lat' dir='ltr'><strong>ego</strong></span> <span class='ocrx_word' id='word_1_460' title='bbox 2547 2324 2670 2363; x_wconf 92' lang='lat' dir='ltr'><strong>cum</strong></span> <span class='ocrx_word' id='word_1_461' title='bbox 2708 2325 2775 2363; x_wconf 91' lang='lat' dir='ltr'><strong>eo</strong></span> <span class='ocrx_word' id='word_1_462' title='bbox 2805 2324 3154 2379; x_wconf 87' lang='lat' dir='ltr'><strong>congressus,</strong></span> <span class='ocrx_word' id='word_1_463' title='bbox 3185 2310 3603 2380; x_wconf 88' lang='lat' dir='ltr'><strong>contemplabor</strong></span> 
     </span>
    </p>
   </div>
   <div class='ocr_carea' id='block_1_64' title="bbox 2020 2402 3602 2473">
    <p class='ocr_par' dir='ltr' id='par_1_64' title="bbox 2020 2402 3602 2473">
     <span class='ocr_line' id='line_1_64' title="bbox 2020 2402 3602 2473; baseline 0 -17"><span class='ocrx_word' id='word_1_464' title='bbox 2020 2402 2199 2472; x_wconf 89' lang='lat' dir='ltr'><strong>ipsum</strong></span> <span class='ocrx_word' id='word_1_465' title='bbox 2230 2412 2287 2457; x_wconf 89' lang='lat' dir='ltr'><strong>et</strong></span> <span class='ocrx_word' id='word_1_466' title='bbox 2328 2404 2617 2473; x_wconf 89' lang='lat' dir='ltr'><strong>alloquar:</strong></span> <span class='ocrx_word' id='word_1_467' title='bbox 2647 2412 2811 2473; x_wconf 87' lang='lat' dir='ltr'><strong>atque</strong></span> <span class='ocrx_word' id='word_1_468' title='bbox 2845 2403 2992 2457; x_wconf 77' lang='lat' dir='ltr'><strong>illico</strong></span> <span class='ocrx_word' id='word_1_469' title='bbox 3037 2418 3124 2457; x_wconf 89' lang='lat' dir='ltr'><strong>me</strong></span> <span class='ocrx_word' id='word_1_470' title='bbox 3158 2404 3361 2457; x_wconf 86' lang='lat' dir='ltr'><strong>victum</strong></span> <span class='ocrx_word' id='word_1_471' title='bbox 3403 2404 3602 2465; x_wconf 87' lang='lat' dir='ltr'><strong>fateor,</strong></span> 
     </span>
    </p>
   </div>
   <div class='ocr_carea' id='block_1_65' title="bbox 2019 2493 2579 2549">
    <p class='ocr_par' dir='ltr' id='par_1_65' title="bbox 2019 2493 2579 2549">
     <span class='ocr_line' id='line_1_65' title="bbox 2019 2493 2579 2549; baseline -0.002 -1"><span class='ocrx_word' id='word_1_472' title='bbox 2019 2502 2074 2549; x_wconf 89' lang='lat' dir='ltr'><strong>et</strong></span> <span class='ocrx_word' id='word_1_473' title='bbox 2104 2493 2454 2549; x_wconf 90' lang='lat' dir='ltr'><strong>Christianus</strong></span> <span class='ocrx_word' id='word_1_474' title='bbox 2490 2494 2579 2548; x_wconf 87' lang='lat' dir='ltr'><strong>fio.</strong></span> 
     </span>
    </p>
   </div>
   <div class='ocr_carea' id='block_1_66' title="bbox 2092 2581 3603 2652">
    <p class='ocr_par' dir='ltr' id='par_1_66' title="bbox 2092 2581 3603 2652">
     <span class='ocr_line' id='line_1_66' title="bbox 2092 2581 3603 2652; baseline 0.002 -11"><span class='ocrx_word' id='word_1_475' title='bbox 2092 2587 2162 2641; x_wconf 92' lang='lat' dir='ltr'><strong>Ut</strong></span> <span class='ocrx_word' id='word_1_476' title='bbox 2207 2596 2389 2641; x_wconf 86' lang='lat' dir='ltr'><strong>autem</strong></span> <span class='ocrx_word' id='word_1_477' title='bbox 2438 2586 2729 2641; x_wconf 80' lang='lat' dir='ltr'><strong>lierbanus</strong></span> <span class='ocrx_word' id='word_1_478' title='bbox 2758 2586 2838 2641; x_wconf 91' lang='lat' dir='ltr'><strong>sic</strong></span> <span class='ocrx_word' id='word_1_479' title='bbox 2880 2585 3101 2642; x_wconf 87' lang='lat' dir='ltr'><strong>locutus</strong></span> <span class='ocrx_word' id='word_1_480' title='bbox 3124 2581 3249 2652; x_wconf 78' lang='lat' dir='ltr'><strong>&#39;est,</strong></span> <span class='ocrx_word' id='word_1_481' title='bbox 3289 2586 3603 2644; x_wconf 69' lang='lat' dir='ltr'><strong>Judaaorum</strong></span> 
     </span>
    </p>
   </div>
   <div class='ocr_carea' id='block_1_67' title="bbox 2021 2675 3601 2739">
    <p class='ocr_par' dir='ltr' id='par_1_67' title="bbox 2021 2675 3601 2739">
     <span class='ocr_line' id='line_1_67' title="bbox 2021 2675 3601 2739; baseline 0.002 -9"><span class='ocrx_word' id='word_1_482' title='bbox 2021 2677 2187 2731; x_wconf 88' lang='lat' dir='ltr'><strong>turba</strong></span> <span class='ocrx_word' id='word_1_483' title='bbox 2218 2677 2607 2739; x_wconf 87' lang='lat' dir='ltr'><strong>circumstans,</strong></span> <span class='ocrx_word' id='word_1_484' title='bbox 2645 2675 2749 2729; x_wconf 88' lang='lat' dir='ltr'><strong>alta</strong></span> <span class='ocrx_word' id='word_1_485' title='bbox 2799 2684 2855 2730; x_wconf 89' lang='lat' dir='ltr'><strong>et</strong></span> <span class='ocrx_word' id='word_1_486' title='bbox 2888 2675 3068 2730; x_wconf 84' lang='lat' dir='ltr'><strong>valida</strong></span> <span class='ocrx_word' id='word_1_487' title='bbox 3106 2692 3239 2731; x_wconf 82' lang='lat' dir='ltr'><strong>voce</strong></span> <span class='ocrx_word' id='word_1_488' title='bbox 3288 2679 3546 2733; x_wconf 87' lang='lat' dir='ltr'><strong>clamavit</strong></span> <span class='ocrx_word' id='word_1_489' title='bbox 3586 2695 3601 2733; x_wconf 89' lang='lat'><strong>:</strong></span> 
     </span>
    </p>
   </div>
   <div class='ocr_carea' id='block_1_68' title="bbox 2020 2768 3606 2839">
    <p class='ocr_par' dir='ltr' id='par_1_68' title="bbox 2020 2768 3606 2839">
     <span class='ocr_line' id='line_1_68' title="bbox 2020 2768 3606 2839; baseline 0.001 -15"><span class='ocrx_word' id='word_1_490' title='bbox 2020 2769 2297 2839; x_wconf 83' lang='lat' dir='ltr'><strong>Rogamus</strong></span> <span class='ocrx_word' id='word_1_491' title='bbox 2327 2779 2379 2823; x_wconf 88' lang='lat' dir='ltr'><strong>te</strong></span> <span class='ocrx_word' id='word_1_492' title='bbox 2413 2778 2469 2824; x_wconf 89' lang='lat' dir='ltr'><strong>et</strong></span> <span class='ocrx_word' id='word_1_493' title='bbox 2513 2768 2876 2827; x_wconf 89' lang='lat' dir='ltr'><strong>obtestamur,</strong></span> <span class='ocrx_word' id='word_1_494' title='bbox 2915 2770 3197 2839; x_wconf 85' lang='lat' dir='ltr'><strong>magister,</strong></span> <span class='ocrx_word' id='word_1_495' title='bbox 3228 2785 3297 2823; x_wconf 88' lang='lat' dir='ltr'><strong>ne</strong></span> <span class='ocrx_word' id='word_1_496' title='bbox 3331 2770 3606 2826; x_wconf 82' lang='lat' dir='ltr'><strong>inescatus</strong></span> 
     </span>
    </p>
   </div>
   <div class='ocr_carea' id='block_1_69' title="bbox 2019 2861 3606 2933">
    <p class='ocr_par' dir='ltr' id='par_1_69' title="bbox 2019 2861 3606 2933">
     <span class='ocr_line' id='line_1_69' title="bbox 2019 2861 3606 2933; baseline 0.001 -16"><span class='ocrx_word' id='word_1_497' title='bbox 2019 2870 2076 2917; x_wconf 88' lang='lat' dir='ltr'><strong>et</strong></span> <span class='ocrx_word' id='word_1_498' title='bbox 2118 2878 2311 2917; x_wconf 89' lang='lat' dir='ltr'><strong>errore</strong></span> <span class='ocrx_word' id='word_1_499' title='bbox 2347 2862 2574 2916; x_wconf 86' lang='lat' dir='ltr'><strong>delusus</strong></span> <span class='ocrx_word' id='word_1_500' title='bbox 2611 2861 2707 2915; x_wconf 82' lang='lat' dir='ltr'><strong>fias</strong></span> <span class='ocrx_word' id='word_1_501' title='bbox 2740 2861 3089 2917; x_wconf 84' lang='lat' dir='ltr'><strong>Christianus</strong></span> <span class='ocrx_word' id='word_1_502' title='bbox 3123 2880 3133 2915; x_wconf 89' lang='lat'><strong>:</strong></span> <span class='ocrx_word' id='word_1_503' title='bbox 3170 2864 3262 2917; x_wconf 89' lang='lat' dir='ltr'><strong>sed</strong></span> <span class='ocrx_word' id='word_1_504' title='bbox 3298 2865 3482 2933; x_wconf 86' lang='lat' dir='ltr'><strong>potius</strong></span> <span class='ocrx_word' id='word_1_505' title='bbox 3519 2866 3606 2919; x_wconf 79' lang='lat' dir='ltr'><strong>vi-</strong></span> 
     </span>
    </p>
   </div>
   <div class='ocr_carea' id='block_1_70' title="bbox 2019 2953 3606 3025">
    <p class='ocr_par' dir='ltr' id='par_1_70' title="bbox 2019 2953 3606 3025">
     <span class='ocr_line' id='line_1_70' title="bbox 2019 2953 3606 3025; baseline 0.001 -17"><span class='ocrx_word' id='word_1_506' title='bbox 2019 2970 2142 3008; x_wconf 90' lang='lat' dir='ltr'><strong>rum</strong></span> <span class='ocrx_word' id='word_1_507' title='bbox 2184 2963 2239 3010; x_wconf 87' lang='lat' dir='ltr'><strong>te</strong></span> <span class='ocrx_word' id='word_1_508' title='bbox 2272 2954 2477 3024; x_wconf 67' lang='lat' dir='ltr'><strong>prazbe,</strong></span> <span class='ocrx_word' id='word_1_509' title='bbox 2512 2963 2568 3009; x_wconf 92' lang='lat' dir='ltr'><strong>et</strong></span> <span class='ocrx_word' id='word_1_510' title='bbox 2598 2953 2818 3008; x_wconf 83' lang='lat' dir='ltr'><strong>fortiter</strong></span> <span class='ocrx_word' id='word_1_511' title='bbox 2846 2970 2963 3024; x_wconf 85' lang='lat' dir='ltr'><strong>age.</strong></span> <span class='ocrx_word' id='word_1_512' title='bbox 3000 2955 3118 3009; x_wconf 88' lang='lat' dir='ltr'><strong>Scis</strong></span> <span class='ocrx_word' id='word_1_513' title='bbox 3146 2957 3292 3025; x_wconf 88' lang='lat' dir='ltr'><strong>quod</strong></span> <span class='ocrx_word' id='word_1_514' title='bbox 3327 2957 3465 3011; x_wconf 90' lang='lat' dir='ltr'><strong>nihil</strong></span> <span class='ocrx_word' id='word_1_515' title='bbox 3494 2958 3606 3010; x_wconf 88' lang='lat' dir='ltr'><strong>Deo</strong></span> 
     </span>
    </p>
   </div>
   <div class='ocr_carea' id='block_1_71' title="bbox 2023 3047 3607 3117">
    <p class='ocr_par' dir='ltr' id='par_1_71' title="bbox 2023 3047 3607 3117">
     <span class='ocr_line' id='line_1_71' title="bbox 2023 3047 3607 3117; baseline 0.001 -16"><span class='ocrx_word' id='word_1_516' title='bbox 2023 3058 2239 3117; x_wconf 88' lang='lat' dir='ltr'><strong>patrum</strong></span> <span class='ocrx_word' id='word_1_517' title='bbox 2274 3056 2592 3102; x_wconf 89' lang='lat' dir='ltr'><strong>nostrorum</strong></span> <span class='ocrx_word' id='word_1_518' title='bbox 2643 3047 2832 3101; x_wconf 86' lang='lat' dir='ltr'><strong>verius</strong></span> <span class='ocrx_word' id='word_1_519' title='bbox 2878 3056 2964 3102; x_wconf 88' lang='lat' dir='ltr'><strong>est</strong></span> <span class='ocrx_word' id='word_1_520' title='bbox 3015 3058 3070 3103; x_wconf 88' lang='lat' dir='ltr'><strong>et</strong></span> <span class='ocrx_word' id='word_1_521' title='bbox 3114 3050 3337 3103; x_wconf 89' lang='lat' dir='ltr'><strong>certius.</strong></span> <span class='ocrx_word' id='word_1_522' title='bbox 3392 3050 3607 3116; x_wconf 86' lang='lat' dir='ltr'><strong>Quibus</strong></span> 
     </span>
    </p>
   </div>
   <div class='ocr_carea' id='block_1_72' title="bbox 2020 3140 3603 3209">
    <p class='ocr_par' dir='ltr' id='par_1_72' title="bbox 2020 3140 3603 3209">
     <span class='ocr_line' id='line_1_72' title="bbox 2020 3140 3603 3209; baseline 0.001 -15"><span class='ocrx_word' id='word_1_523' title='bbox 2020 3140 2310 3195; x_wconf 84' lang='lat' dir='ltr'><strong>Herbanus</strong></span> <span class='ocrx_word' id='word_1_524' title='bbox 2346 3140 2628 3209; x_wconf 89' lang='lat' dir='ltr'><strong>respondit</strong></span> <span class='ocrx_word' id='word_1_525' title='bbox 2656 3158 2668 3193; x_wconf 94' lang='lat'>:</span> <span class='ocrx_word' id='word_1_526' title='bbox 2701 3140 2882 3209; x_wconf 86' lang='lat' dir='ltr'><strong>Nugas</strong></span> <span class='ocrx_word' id='word_1_527' title='bbox 2907 3155 3005 3194; x_wconf 81' lang='lat' dir='ltr'><strong>vos</strong></span> <span class='ocrx_word' id='word_1_528' title='bbox 3035 3143 3087 3194; x_wconf 89' lang='lat' dir='ltr'><strong>in</strong></span> <span class='ocrx_word' id='word_1_529' title='bbox 3114 3142 3351 3195; x_wconf 90' lang='lat' dir='ltr'><strong>medium</strong></span> <span class='ocrx_word' id='word_1_530' title='bbox 3383 3144 3603 3197; x_wconf 83' lang='lat' dir='ltr'><strong>confer-</strong></span> 
     </span>
    </p>
   </div>
   <div class='ocr_carea' id='block_1_73' title="bbox 2023 3229 3603 3291">
    <p class='ocr_par' dir='ltr' id='par_1_73' title="bbox 2023 3229 3603 3291">
     <span class='ocr_line' id='line_1_73' title="bbox 2023 3229 3603 3291; baseline 0.005 -8"><span class='ocrx_word' id='word_1_531' title='bbox 2023 3231 2093 3286; x_wconf 93' lang='lat' dir='ltr'><strong>tis</strong></span> <span class='ocrx_word' id='word_1_532' title='bbox 2122 3242 2175 3285; x_wconf 87' lang='lat' dir='ltr'><strong>et</strong></span> <span class='ocrx_word' id='word_1_533' title='bbox 2211 3230 2587 3286; x_wconf 87' lang='lat' dir='ltr'><strong>deblateratis.</strong></span> <span class='ocrx_word' id='word_1_534' title='bbox 2625 3229 2681 3285; x_wconf 91' lang='lat' dir='ltr'><strong>Si</strong></span> <span class='ocrx_word' id='word_1_535' title='bbox 2708 3231 2843 3285; x_wconf 88' lang='lat' dir='ltr'><strong>mihi</strong></span> <span class='ocrx_word' id='word_1_536' title='bbox 2886 3241 3091 3287; x_wconf 90' lang='lat' dir='ltr'><strong>certam</strong></span> <span class='ocrx_word' id='word_1_537' title='bbox 3145 3244 3200 3288; x_wconf 91' lang='lat' dir='ltr'><strong>et</strong></span> <span class='ocrx_word' id='word_1_538' title='bbox 3242 3233 3603 3291; x_wconf 85' lang='lat' dir='ltr'><strong>indubitatam</strong></span> 
     </span>
    </p>
   </div>
   <div class='ocr_carea' id='block_1_74' title="bbox 1968 3319 3604 3396">
    <p class='ocr_par' dir='ltr' id='par_1_74' title="bbox 1968 3319 3604 3396">
     <span class='ocr_line' id='line_1_74' title="bbox 1968 3319 3604 3396; baseline 0.004 -20"><span class='ocrx_word' id='word_1_539' title='bbox 1968 3319 1984 3335; x_wconf 84' lang='grc'><em>¹</em></span> <span class='ocrx_word' id='word_1_540' title='bbox 2023 3322 2185 3376; x_wconf 82' lang='lat' dir='ltr'><strong>fidem</strong></span> <span class='ocrx_word' id='word_1_541' title='bbox 2237 3323 2419 3388; x_wconf 82' lang='lat' dir='ltr'><strong>faciat,</strong></span> <span class='ocrx_word' id='word_1_542' title='bbox 2468 3324 2613 3394; x_wconf 90' lang='lat' dir='ltr'><strong>quod</strong></span> <span class='ocrx_word' id='word_1_543' title='bbox 2645 3324 2733 3378; x_wconf 90' lang='lat' dir='ltr'><strong>hic</strong></span> <span class='ocrx_word' id='word_1_544' title='bbox 2771 3324 2886 3394; x_wconf 90' lang='lat' dir='ltr'><strong>ipse</strong></span> <span class='ocrx_word' id='word_1_545' title='bbox 2916 3334 2999 3379; x_wconf 92' lang='lat' dir='ltr'><strong>est</strong></span> <span class='ocrx_word' id='word_1_546' title='bbox 3036 3342 3163 3379; x_wconf 89' lang='lat' dir='ltr'><strong>vere</strong></span> <span class='ocrx_word' id='word_1_547' title='bbox 3192 3326 3258 3379; x_wconf 92' lang='lat' dir='ltr'><strong>de</strong></span> <span class='ocrx_word' id='word_1_548' title='bbox 3292 3343 3399 3396; x_wconf 93' lang='lat' dir='ltr'><strong>quo</strong></span> <span class='ocrx_word' id='word_1_549' title='bbox 3433 3331 3604 3383; x_wconf 73' lang='lat' dir='ltr'><strong>multa</strong></span> 
     </span>
    </p>
   </div>
   <div class='ocr_carea' id='block_1_75' title="bbox 2019 3416 3604 3489">
    <p class='ocr_par' dir='ltr' id='par_1_75' title="bbox 2019 3416 3604 3489">
     <span class='ocr_line' id='line_1_75' title="bbox 2019 3416 3604 3489; baseline 0.003 -20"><span class='ocrx_word' id='word_1_550' title='bbox 2019 3416 2301 3485; x_wconf 66' lang='lat' dir='ltr'><strong>propheta:</strong></span> <span class='ocrx_word' id='word_1_551' title='bbox 2353 3417 2745 3486; x_wconf 62' lang='lat' dir='ltr'><strong>praedixerunt,</strong></span> <span class='ocrx_word' id='word_1_552' title='bbox 2798 3417 3016 3473; x_wconf 91' lang='lat' dir='ltr'><strong>alienus</strong></span> <span class='ocrx_word' id='word_1_553' title='bbox 3047 3433 3145 3471; x_wconf 89' lang='lat' dir='ltr'><strong>ero</strong></span> <span class='ocrx_word' id='word_1_554' title='bbox 3175 3435 3203 3472; x_wconf 92' lang='lat' dir='ltr'><strong>a</strong></span> <span class='ocrx_word' id='word_1_555' title='bbox 3237 3419 3347 3473; x_wconf 89' lang='lat' dir='ltr'><strong>Deo</strong></span> <span class='ocrx_word' id='word_1_556' title='bbox 3388 3430 3604 3489; x_wconf 86' lang='lat' dir='ltr'><strong>patrum</strong></span> 
     </span>
    </p>
   </div>
   <div class='ocr_carea' id='block_1_76' title="bbox 2018 3510 3607 3575">
    <p class='ocr_par' dir='ltr' id='par_1_76' title="bbox 2018 3510 3607 3575">
     <span class='ocr_line' id='line_1_76' title="bbox 2018 3510 3607 3575; baseline 0.001 -12"><span class='ocrx_word' id='word_1_557' title='bbox 2018 3520 2357 3575; x_wconf 88' lang='lat' dir='ltr'><strong>nostrorum,</strong></span> <span class='ocrx_word' id='word_1_558' title='bbox 2390 3510 2495 3565; x_wconf 90' lang='lat' dir='ltr'><strong>nisi</strong></span> <span class='ocrx_word' id='word_1_559' title='bbox 2548 3511 2601 3565; x_wconf 91' lang='lat' dir='ltr'><strong>in</strong></span> <span class='ocrx_word' id='word_1_560' title='bbox 2638 3526 2765 3565; x_wconf 90' lang='lat' dir='ltr'><strong>eum</strong></span> <span class='ocrx_word' id='word_1_561' title='bbox 2811 3511 3191 3567; x_wconf 88' lang='lat' dir='ltr'><strong>indubitanter</strong></span> <span class='ocrx_word' id='word_1_562' title='bbox 3220 3513 3463 3567; x_wconf 84' lang='lat' dir='ltr'><strong>credam.</strong></span> <span class='ocrx_word' id='word_1_563' title='bbox 3504 3514 3607 3567; x_wconf 80' lang='lat' dir='ltr'><strong>Ar-</strong></span> 
     </span>
    </p>
   </div>
   <div class='ocr_carea' id='block_1_77' title="bbox 2018 3602 3601 3674">
    <p class='ocr_par' dir='ltr' id='par_1_77' title="bbox 2018 3602 3601 3674">
     <span class='ocr_line' id='line_1_77' title="bbox 2018 3602 3601 3674; baseline 0.004 -19"><span class='ocrx_word' id='word_1_564' title='bbox 2018 3602 2428 3673; x_wconf 83' lang='lat' dir='ltr'><strong>chicpiscopus,</strong></span> <span class='ocrx_word' id='word_1_565' title='bbox 2454 3602 2688 3659; x_wconf 86' lang='lat' dir='ltr'><strong>intuitus</strong></span> <span class='ocrx_word' id='word_1_566' title='bbox 2723 3605 2928 3674; x_wconf 88' lang='lat' dir='ltr'><strong>ipsum,</strong></span> <span class='ocrx_word' id='word_1_567' title='bbox 2968 3614 3023 3659; x_wconf 88' lang='lat' dir='ltr'><strong>et</strong></span> <span class='ocrx_word' id='word_1_568' title='bbox 3065 3607 3243 3660; x_wconf 92' lang='lat' dir='ltr'><strong>sciens</strong></span> <span class='ocrx_word' id='word_1_569' title='bbox 3276 3622 3400 3659; x_wconf 90' lang='lat' dir='ltr'><strong>eum</strong></span> <span class='ocrx_word' id='word_1_570' title='bbox 3450 3623 3601 3668; x_wconf 76' lang='lat' dir='ltr'><strong>vero.</strong></span> 
     </span>
    </p>
   </div>
   <div class='ocr_carea' id='block_1_78' title="bbox 2017 3695 3602 3767">
    <p class='ocr_par' dir='ltr' id='par_1_78' title="bbox 2017 3695 3602 3767">
     <span class='ocr_line' id='line_1_78' title="bbox 2017 3695 3602 3767; baseline 0.003 -21"><span class='ocrx_word' id='word_1_571' title='bbox 2017 3709 2120 3747; x_wconf 88' lang='lat' dir='ltr'><strong>nec</strong></span> <span class='ocrx_word' id='word_1_572' title='bbox 2157 3695 2411 3749; x_wconf 88' lang='lat' dir='ltr'><strong>simulata</strong></span> <span class='ocrx_word' id='word_1_573' title='bbox 2443 3704 2626 3749; x_wconf 87' lang='lat' dir='ltr'><strong>mente</strong></span> <span class='ocrx_word' id='word_1_574' title='bbox 2673 3696 2917 3751; x_wconf 90' lang='lat' dir='ltr'><strong>locutum</strong></span> <span class='ocrx_word' id='word_1_575' title='bbox 2948 3711 3089 3761; x_wconf 87' lang='lat' dir='ltr'><strong>esse,</strong></span> <span class='ocrx_word' id='word_1_576' title='bbox 3121 3712 3222 3750; x_wconf 90' lang='lat' dir='ltr'><strong>nec</strong></span> <span class='ocrx_word' id='word_1_577' title='bbox 3251 3708 3349 3767; x_wconf 84' lang='lat' dir='ltr'><strong>per</strong></span> <span class='ocrx_word' id='word_1_578' title='bbox 3376 3711 3602 3751; x_wconf 81' lang='lat' dir='ltr'><strong>sannam</strong></span> 
     </span>
    </p>
   </div>
   <div class='ocr_carea' id='block_1_79' title="bbox 2016 3786 2957 3857">
    <p class='ocr_par' dir='ltr' id='par_1_79' title="bbox 2016 3786 2957 3857">
     <span class='ocr_line' id='line_1_79' title="bbox 2016 3786 2957 3857; baseline 0.002 -17"><span class='ocrx_word' id='word_1_579' title='bbox 2016 3794 2071 3840; x_wconf 90' lang='lat' dir='ltr'><strong>et</strong></span> <span class='ocrx_word' id='word_1_580' title='bbox 2102 3786 2426 3849; x_wconf 86' lang='lat' dir='ltr'><strong>ludibrium,</strong></span> <span class='ocrx_word' id='word_1_581' title='bbox 2462 3787 2527 3842; x_wconf 92' lang='lat' dir='ltr'><strong>ad</strong></span> <span class='ocrx_word' id='word_1_582' title='bbox 2560 3788 2738 3857; x_wconf 88' lang='lat' dir='ltr'><strong>ipsum</strong></span> <span class='ocrx_word' id='word_1_583' title='bbox 2772 3788 2912 3841; x_wconf 79' lang='lat' dir='ltr'><strong>dixit</strong></span> <span class='ocrx_word' id='word_1_584' title='bbox 2944 3801 2957 3842; x_wconf 87' lang='lat'>:</span> 
     </span>
    </p>
   </div>
   <div class='ocr_carea' id='block_1_80' title="bbox 2092 3879 3603 3952">
    <p class='ocr_par' dir='ltr' id='par_1_80' title="bbox 2092 3879 3603 3952">
     <span class='ocr_line' id='line_1_80' title="bbox 2092 3879 3603 3952; baseline 0.001 -18"><span class='ocrx_word' id='word_1_585' title='bbox 2092 3879 2150 3934; x_wconf 90' lang='lat' dir='ltr'><strong>S.</strong></span> <span class='ocrx_word' id='word_1_586' title='bbox 2184 3879 2391 3935; x_wconf 79' lang='lat' dir='ltr'><strong>ARCH.</strong></span> <span class='ocrx_word' id='word_1_587' title='bbox 2424 3879 2545 3947; x_wconf 88' lang='lat' dir='ltr'><strong>Quo</strong></span> <span class='ocrx_word' id='word_1_588' title='bbox 2576 3880 2739 3935; x_wconf 88' lang='lat' dir='ltr'><strong>modo</strong></span> <span class='ocrx_word' id='word_1_589' title='bbox 2780 3882 2867 3935; x_wconf 91' lang='lat' dir='ltr'><strong>vis</strong></span> <span class='ocrx_word' id='word_1_590' title='bbox 2906 3896 2992 3935; x_wconf 89' lang='lat' dir='ltr'><strong>me</strong></span> <span class='ocrx_word' id='word_1_591' title='bbox 3025 3880 3122 3935; x_wconf 88' lang='lat' dir='ltr'><strong>tibi</strong></span> <span class='ocrx_word' id='word_1_592' title='bbox 3166 3890 3370 3935; x_wconf 89' lang='lat' dir='ltr'><strong>certam</strong></span> <span class='ocrx_word' id='word_1_593' title='bbox 3398 3889 3453 3936; x_wconf 87' lang='lat' dir='ltr'><strong>et</strong></span> <span class='ocrx_word' id='word_1_594' title='bbox 3483 3881 3603 3952; x_wconf 85' lang='lat' dir='ltr'><strong>ple-</strong></span> 
     </span>
    </p>
   </div>
   <div class='ocr_carea' id='block_1_81' title="bbox 2016 3973 2590 4029">
    <p class='ocr_par' dir='ltr' id='par_1_81' title="bbox 2016 3973 2590 4029">
     <span class='ocr_line' id='line_1_81' title="bbox 2016 3973 2590 4029; baseline 0 -2"><span class='ocrx_word' id='word_1_595' title='bbox 2016 3989 2141 4027; x_wconf 87' lang='lat' dir='ltr'><strong>nam</strong></span> <span class='ocrx_word' id='word_1_596' title='bbox 2177 3973 2338 4028; x_wconf 82' lang='lat' dir='ltr'><strong>tidem</strong></span> <span class='ocrx_word' id='word_1_597' title='bbox 2368 3973 2590 4029; x_wconf 87' lang='lat' dir='ltr'><strong>facere?</strong></span> 
     </span>
    </p>
   </div>
   <div class='ocr_carea' id='block_1_82' title="bbox 2086 4062 3603 4137">
    <p class='ocr_par' dir='ltr' id='par_1_82' title="bbox 2086 4062 3603 4137">
     <span class='ocr_line' id='line_1_82' title="bbox 2086 4062 3603 4137; baseline -0.003 -17"><span class='ocrx_word' id='word_1_598' title='bbox 2086 4066 2291 4122; x_wconf 78' lang='lat' dir='ltr'><strong>HERB.</strong></span> <span class='ocrx_word' id='word_1_599' title='bbox 2340 4065 2584 4137; x_wconf 85' lang='lat' dir='ltr'><strong>Supplex</strong></span> <span class='ocrx_word' id='word_1_600' title='bbox 2617 4062 2911 4121; x_wconf 91' lang='lat' dir='ltr'><strong>Dominum</strong></span> <span class='ocrx_word' id='word_1_601' title='bbox 2956 4075 3111 4120; x_wconf 87' lang='lat' dir='ltr'><strong>tuum</strong></span> <span class='ocrx_word' id='word_1_602' title='bbox 3146 4073 3264 4127; x_wconf 83' lang='lat' dir='ltr'><strong>ora,</strong></span> <span class='ocrx_word' id='word_1_603' title='bbox 3295 4064 3340 4118; x_wconf 86' lang='lat' dir='ltr'><strong>si</strong></span> <span class='ocrx_word' id='word_1_604' title='bbox 3372 4064 3425 4117; x_wconf 91' lang='lat' dir='ltr'><strong>in</strong></span> <span class='ocrx_word' id='word_1_605' title='bbox 3461 4063 3603 4118; x_wconf 64' lang='lat' dir='ltr'><strong>coalo</strong></span> 
     </span>
    </p>
   </div>
   <div class='ocr_carea' id='block_1_83' title="bbox 2014 4155 3599 4224">
    <p class='ocr_par' dir='ltr' id='par_1_83' title="bbox 2014 4155 3599 4224">
     <span class='ocr_line' id='line_1_83' title="bbox 2014 4155 3599 4224; baseline -0.004 -11"><span class='ocrx_word' id='word_1_606' title='bbox 2014 4168 2100 4213; x_wconf 89' lang='lat' dir='ltr'><strong>est</strong></span> <span class='ocrx_word' id='word_1_607' title='bbox 2134 4166 2192 4212; x_wconf 91' lang='lat' dir='ltr'><strong>ut</strong></span> <span class='ocrx_word' id='word_1_608' title='bbox 2241 4158 2402 4223; x_wconf 91' lang='lat' dir='ltr'><strong>dicis,</strong></span> <span class='ocrx_word' id='word_1_609' title='bbox 2440 4157 2507 4212; x_wconf 90' lang='lat' dir='ltr'><strong>ad</strong></span> <span class='ocrx_word' id='word_1_610' title='bbox 2549 4173 2635 4212; x_wconf 90' lang='lat' dir='ltr'><strong>me</strong></span> <span class='ocrx_word' id='word_1_611' title='bbox 2673 4157 3026 4221; x_wconf 90' lang='lat' dir='ltr'><strong>descendere,</strong></span> <span class='ocrx_word' id='word_1_612' title='bbox 3058 4166 3117 4210; x_wconf 89' lang='lat' dir='ltr'><strong>ut</strong></span> <span class='ocrx_word' id='word_1_613' title='bbox 3148 4156 3364 4210; x_wconf 84' lang='lat' dir='ltr'><strong>videam</strong></span> <span class='ocrx_word' id='word_1_614' title='bbox 3399 4155 3599 4224; x_wconf 88' lang='lat' dir='ltr'><strong>ipsum,</strong></span> 
     </span>
    </p>
   </div>
   <div class='ocr_carea' id='block_1_84' title="bbox 2013 4248 3600 4327">
    <p class='ocr_par' dir='ltr' id='par_1_84' title="bbox 2013 4248 3600 4327">
     <span class='ocr_line' id='line_1_84' title="bbox 2013 4248 3600 4327; baseline -0.004 -21"><span class='ocrx_word' id='word_1_615' title='bbox 2013 4261 2069 4306; x_wconf 90' lang='lat' dir='ltr'><strong>et</strong></span> <span class='ocrx_word' id='word_1_616' title='bbox 2091 4253 2413 4306; x_wconf 79' lang='lat' dir='ltr'><strong>conveniam</strong></span> <span class='ocrx_word' id='word_1_617' title='bbox 2442 4269 2453 4305; x_wconf 89' lang='lat'><strong>:</strong></span> <span class='ocrx_word' id='word_1_618' title='bbox 2480 4260 2557 4315; x_wconf 87' lang='lat' dir='ltr'><strong>et,</strong></span> <span class='ocrx_word' id='word_1_619' title='bbox 2576 4251 2717 4327; x_wconf 83' lang='lat' dir='ltr'><strong>vivit</strong></span> <span class='ocrx_word' id='word_1_620' title='bbox 2737 4251 3021 4313; x_wconf 90' lang='lat' dir='ltr'><strong>Dominus,</strong></span> <span class='ocrx_word' id='word_1_621' title='bbox 3041 4266 3203 4319; x_wconf 89' lang='lat' dir='ltr'><strong>quem</strong></span> <span class='ocrx_word' id='word_1_622' title='bbox 3231 4248 3367 4302; x_wconf 86' lang='lat' dir='ltr'><strong>dicis</strong></span> <span class='ocrx_word' id='word_1_623' title='bbox 3383 4248 3600 4302; x_wconf 87' lang='lat' dir='ltr'><strong>Patrem</strong></span> 
     </span>
    </p>
   </div>
   <div class='ocr_carea' id='block_1_85' title="bbox 2012 4343 3295 4415">
    <p class='ocr_par' dir='ltr' id='par_1_85' title="bbox 2012 4343 3295 4415">
     <span class='ocr_line' id='line_1_85' title="bbox 2012 4343 3295 4415; baseline -0.002 -17"><span class='ocrx_word' id='word_1_624' title='bbox 2012 4360 2133 4399; x_wconf 87' lang='lat' dir='ltr'><strong>esse</strong></span> <span class='ocrx_word' id='word_1_625' title='bbox 2163 4344 2369 4400; x_wconf 85' lang='lat' dir='ltr'><strong>Christi</strong></span> <span class='ocrx_word' id='word_1_626' title='bbox 2403 4344 2505 4410; x_wconf 91' lang='lat' dir='ltr'><strong>tui,</strong></span> <span class='ocrx_word' id='word_1_627' title='bbox 2542 4344 2691 4399; x_wconf 90' lang='lat' dir='ltr'><strong>illico</strong></span> <span class='ocrx_word' id='word_1_628' title='bbox 2725 4344 2997 4415; x_wconf 84' lang='lat' dir='ltr'><strong>baptizor,</strong></span> <span class='ocrx_word' id='word_1_629' title='bbox 3022 4354 3077 4398; x_wconf 91' lang='lat' dir='ltr'><strong>et</strong></span> <span class='ocrx_word' id='word_1_630' title='bbox 3108 4343 3295 4398; x_wconf 88' lang='lat' dir='ltr'><strong>credo.</strong></span> 
     </span>
    </p>
   </div>
   <div class='ocr_carea' id='block_1_86' title="bbox 2084 4514 3599 4578">
    <p class='ocr_par' dir='ltr' id='par_1_86' title="bbox 2084 4514 3599 4578">
     <span class='ocr_line' id='line_1_86' title="bbox 2084 4514 3599 4578; baseline -0.001 -7"><span class='ocrx_word' id='word_1_631' title='bbox 2084 4518 2209 4572; x_wconf 69' lang='lat' dir='ltr'><strong>llaec</strong></span> <span class='ocrx_word' id='word_1_632' title='bbox 2235 4525 2418 4572; x_wconf 89' lang='lat' dir='ltr'><strong>autem</strong></span> <span class='ocrx_word' id='word_1_633' title='bbox 2444 4526 2505 4571; x_wconf 92' lang='lat' dir='ltr'><strong>ut</strong></span> <span class='ocrx_word' id='word_1_634' title='bbox 2532 4515 2671 4571; x_wconf 78' lang='lat' dir='ltr'><strong>dixit</strong></span> <span class='ocrx_word' id='word_1_635' title='bbox 2700 4516 3007 4578; x_wconf 83' lang='lat' dir='ltr'><strong>Herbanus,</strong></span> <span class='ocrx_word' id='word_1_636' title='bbox 3033 4516 3346 4570; x_wconf 83' lang='lat' dir='ltr'><strong>Scribarum</strong></span> <span class='ocrx_word' id='word_1_637' title='bbox 3375 4523 3431 4569; x_wconf 88' lang='lat' dir='ltr'><strong>et</strong></span> <span class='ocrx_word' id='word_1_638' title='bbox 3459 4514 3599 4569; x_wconf 83' lang='lat' dir='ltr'><strong>Pha-</strong></span> 
     </span>
    </p>
   </div>
   <div class='ocr_carea' id='block_1_87' title="bbox 334 4598 1916 4682">
    <p class='ocr_par' dir='ltr' id='par_1_87' title="bbox 334 4598 1909 4672">
     <span class='ocr_line' id='line_1_87' title="bbox 334 4598 1909 4672; baseline -0.004 -16"><span class='ocrx_word' id='word_1_639' title='bbox 334 4602 427 4664; x_wconf 84' lang='grc' dir='ltr'><strong>θος</strong></span> <span class='ocrx_word' id='word_1_640' title='bbox 447 4601 555 4656; x_wconf 83' lang='grc' dir='ltr'><strong>τῶν</strong></span> <span class='ocrx_word' id='word_1_641' title='bbox 584 4599 969 4672; x_wconf 84' lang='grc' dir='ltr'>Γραμματέων</span> <span class='ocrx_word' id='word_1_642' title='bbox 989 4601 1082 4653; x_wconf 74' lang='grc' dir='ltr'><strong>καὶ</strong></span> <span class='ocrx_word' id='word_1_643' title='bbox 1103 4598 1438 4670; x_wconf 79' lang='grc' dir='ltr'>Φαρισαίων,</span> <span class='ocrx_word' id='word_1_644' title='bbox 1468 4598 1716 4667; x_wconf 78' lang='grc' dir='ltr'>λέγοντες</span> <span class='ocrx_word' id='word_1_645' title='bbox 1735 4614 1749 4629; x_wconf 92' lang='grc'><strong>·</strong></span> <span class='ocrx_word' id='word_1_646' title='bbox 1781 4598 1909 4664; x_wconf 77' lang='grc' dir='ltr'>Ναὶ,</span> 
     </span>
    </p>
   </div>
   <div class='ocr_carea' id='block_1_88' title="bbox 2017 4598 3594 4682">
    <p class='ocr_par' dir='ltr' id='par_1_88' title="bbox 2018 4604 3594 4665">
     <span class='ocr_line' id='line_1_88' title="bbox 2018 4604 3594 4665; baseline -0.003 -3"><span class='ocrx_word' id='word_1_647' title='bbox 2018 4609 2300 4662; x_wconf 68' lang='grc' dir='ltr'>τίειεογιιῐη</span> <span class='ocrx_word' id='word_1_648' title='bbox 2349 4608 2646 4662; x_wconf 90' lang='lat' dir='ltr'><strong>multitudo</strong></span> <span class='ocrx_word' id='word_1_649' title='bbox 2696 4608 2995 4660; x_wconf 80' lang='lat' dir='ltr'><strong>vociferala</strong></span> <span class='ocrx_word' id='word_1_650' title='bbox 3049 4615 3132 4660; x_wconf 90' lang='lat' dir='ltr'><strong>est</strong></span> <span class='ocrx_word' id='word_1_651' title='bbox 3166 4624 3177 4658; x_wconf 90' lang='lat'>:</span> <span class='ocrx_word' id='word_1_652' title='bbox 3207 4606 3317 4665; x_wconf 67' lang='lat' dir='ltr'><strong>Nar,</strong></span> <span class='ocrx_word' id='word_1_653' title='bbox 3346 4604 3594 4665; x_wconf 88' lang='lat' dir='ltr'><strong>Domine,</strong></span> 
     </span>
    </p>
   </div>
   <div class='ocr_carea' id='block_1_89' title="bbox 332 4690 1914 4765">
    <p class='ocr_par' dir='ltr' id='par_1_89' title="bbox 332 4690 1914 4765">
     <span class='ocr_line' id='line_1_89' title="bbox 332 4690 1914 4765; baseline -0.002 -17"><span class='ocrx_word' id='word_1_654' title='bbox 332 4694 511 4765; x_wconf 77' lang='grc' dir='ltr'>Κύριε</span> <span class='ocrx_word' id='word_1_655' title='bbox 560 4696 589 4748; x_wconf 92' lang='lat'><strong>6</strong></span> <span class='ocrx_word' id='word_1_656' title='bbox 632 4695 829 4765; x_wconf 87' lang='grc' dir='ltr'>μέγας,</span> <span class='ocrx_word' id='word_1_657' title='bbox 878 4695 1104 4764; x_wconf 87' lang='grc' dir='ltr'>ποίησον</span> <span class='ocrx_word' id='word_1_658' title='bbox 1134 4691 1360 4762; x_wconf 88' lang='grc' dir='ltr'>ἀρτίως,</span> <span class='ocrx_word' id='word_1_659' title='bbox 1405 4693 1501 4745; x_wconf 69' lang='grc' dir='ltr'><strong>καὶ</strong></span> <span class='ocrx_word' id='word_1_660' title='bbox 1545 4691 1743 4760; x_wconf 75' lang='grc' dir='ltr'>ἴδωμεν</span> <span class='ocrx_word' id='word_1_661' title='bbox 1772 4690 1821 4744; x_wconf 85' lang='grc' dir='ltr'><strong>εί</strong></span> <span class='ocrx_word' id='word_1_662' title='bbox 1853 4691 1914 4745; x_wconf 81' lang='grc' dir='ltr'>τὸ</span> 
     </span>
    </p>
   </div>
   <div class='ocr_carea' id='block_1_90' title="bbox 334 4781 1913 4858">
    <p class='ocr_par' dir='ltr' id='par_1_90' title="bbox 334 4781 1913 4858">
     <span class='ocr_line' id='line_1_90' title="bbox 334 4781 1913 4858; baseline -0.003 -18"><span class='ocrx_word' id='word_1_663' title='bbox 334 4785 607 4858; x_wconf 82' lang='grc' dir='ltr'>φρύαγμα</span> <span class='ocrx_word' id='word_1_664' title='bbox 638 4786 749 4839; x_wconf 85' lang='grc' dir='ltr'><strong>τῶν</strong></span> <span class='ocrx_word' id='word_1_665' title='bbox 774 4785 954 4854; x_wconf 91' lang='grc' dir='ltr'>λόγων</span> <span class='ocrx_word' id='word_1_666' title='bbox 985 4801 1081 4838; x_wconf 89' lang='grc' dir='ltr'><strong>σου</strong></span> <span class='ocrx_word' id='word_1_667' title='bbox 1112 4783 1181 4837; x_wconf 78' lang='grc' dir='ltr'><strong>δι’</strong></span> <span class='ocrx_word' id='word_1_668' title='bbox 1215 4783 1393 4856; x_wconf 79' lang='grc' dir='ltr'>ἔργων</span> <span class='ocrx_word' id='word_1_669' title='bbox 1425 4781 1763 4855; x_wconf 88' lang='grc' dir='ltr'>βεϐαιοῦται.</span> <span class='ocrx_word' id='word_1_670' title='bbox 1793 4784 1913 4835; x_wconf 83' lang='grc' dir='ltr'><strong>Δεῖ-</strong></span> 
     </span>
    </p>
   </div>
   <div class='ocr_carea' id='block_1_91' title="bbox 333 4874 1913 4949">
    <p class='ocr_par' dir='ltr' id='par_1_91' title="bbox 333 4874 1913 4949">
     <span class='ocr_line' id='line_1_91' title="bbox 333 4874 1913 4949; baseline -0.003 -17"><span class='ocrx_word' id='word_1_671' title='bbox 333 4877 426 4943; x_wconf 83' lang='grc' dir='ltr'>ξον</span> <span class='ocrx_word' id='word_1_672' title='bbox 451 4879 583 4949; x_wconf 79' lang='grc' dir='ltr'>ἡμῖν</span> <span class='ocrx_word' id='word_1_673' title='bbox 612 4877 704 4930; x_wconf 85' lang='grc' dir='ltr'>τδν</span> <span class='ocrx_word' id='word_1_674' title='bbox 736 4877 973 4949; x_wconf 85' lang='grc' dir='ltr'>Χριστόν</span> <span class='ocrx_word' id='word_1_675' title='bbox 1007 4893 1124 4940; x_wconf 91' lang='grc' dir='ltr'>σου,</span> <span class='ocrx_word' id='word_1_676' title='bbox 1157 4876 1255 4931; x_wconf 75' lang='grc' dir='ltr'><strong>καὶ</strong></span> <span class='ocrx_word' id='word_1_677' title='bbox 1295 4874 1433 4946; x_wconf 85' lang='grc' dir='ltr'>μετὰ</span> <span class='ocrx_word' id='word_1_678' title='bbox 1466 4875 1632 4945; x_wconf 91' lang='grc' dir='ltr'>φόϐου</span> <span class='ocrx_word' id='word_1_679' title='bbox 1663 4877 1758 4929; x_wconf 71' lang='grc' dir='ltr'><strong>καὶ</strong></span> <span class='ocrx_word' id='word_1_680' title='bbox 1785 4875 1913 4946; x_wconf 90' lang='grc' dir='ltr'>τρό-</span> 
     </span>
    </p>
   </div>
   <div class='ocr_carea' id='block_1_92' title="bbox 334 4965 1913 5041">
    <p class='ocr_par' dir='ltr' id='par_1_92' title="bbox 334 4965 1913 5041">
     <span class='ocr_line' id='line_1_92' title="bbox 334 4965 1913 5041; baseline -0.004 -17"><span class='ocrx_word' id='word_1_681' title='bbox 334 4987 442 5041; x_wconf 86' lang='grc' dir='ltr'><strong>μου</strong></span> <span class='ocrx_word' id='word_1_682' title='bbox 482 4972 853 5041; x_wconf 83' lang='grc' dir='ltr'>πιστεύσομεν</span> <span class='ocrx_word' id='word_1_683' title='bbox 894 4971 976 5033; x_wconf 87' lang='grc' dir='ltr'>είς</span> <span class='ocrx_word' id='word_1_684' title='bbox 1031 4968 1232 5033; x_wconf 78' lang='grc' dir='ltr'>αὐτὸν,</span> <span class='ocrx_word' id='word_1_685' title='bbox 1281 4968 1383 5021; x_wconf 80' lang='grc' dir='ltr'><strong>οὐκ</strong></span> <span class='ocrx_word' id='word_1_686' title='bbox 1424 4967 1638 5038; x_wconf 79' lang='grc' dir='ltr'>ἔχοντες</span> <span class='ocrx_word' id='word_1_687' title='bbox 1687 4966 1768 5020; x_wconf 77' lang='grc' dir='ltr'>ἔτι</span> <span class='ocrx_word' id='word_1_688' title='bbox 1818 4965 1913 5019; x_wconf 90' lang='grc' dir='ltr'><strong>τοῦ</strong></span> 
     </span>
    </p>
   </div>
   <div class='ocr_carea' id='block_1_93' title="bbox 329 5057 1917 5133">
    <p class='ocr_par' dir='ltr' id='par_1_93' title="bbox 329 5057 1917 5133">
     <span class='ocr_line' id='line_1_93' title="bbox 329 5057 1917 5133; baseline -0.002 -19"><span class='ocrx_word' id='word_1_689' title='bbox 329 5060 781 5133; x_wconf 82' lang='grc' dir='ltr'>ἀπολογήσασθαί</span> <span class='ocrx_word' id='word_1_690' title='bbox 833 5078 909 5115; x_wconf 88' lang='grc' dir='ltr'>τι.</span> <span class='ocrx_word' id='word_1_691' title='bbox 943 5060 1032 5124; x_wconf 83' lang='grc' dir='ltr'>Ὠς</span> <span class='ocrx_word' id='word_1_692' title='bbox 1060 5059 1120 5113; x_wconf 71' lang='grc' dir='ltr'><strong>δὲ</strong></span> <span class='ocrx_word' id='word_1_693' title='bbox 1158 5059 1509 5130; x_wconf 76' lang='grc' dir='ltr'>ἐφθέγγοντο,</span> <span class='ocrx_word' id='word_1_694' title='bbox 1544 5057 1731 5130; x_wconf 77' lang='grc' dir='ltr'>ἡρέμα</span> <span class='ocrx_word' id='word_1_695' title='bbox 1779 5059 1917 5129; x_wconf 80' lang='grc' dir='ltr'>πρὸς</span> 
     </span>
    </p>
   </div>
   <div class='ocr_carea' id='block_1_94' title="bbox 330 5151 1913 5222">
    <p class='ocr_par' dir='ltr' id='par_1_94' title="bbox 330 5151 1913 5222">
     <span class='ocr_line' id='line_1_94' title="bbox 330 5151 1913 5222; baseline -0.003 -14"><span class='ocrx_word' id='word_1_696' title='bbox 330 5153 603 5218; x_wconf 82' lang='grc' dir='ltr'>ἀλλήλους</span> <span class='ocrx_word' id='word_1_697' title='bbox 634 5154 843 5222; x_wconf 72' lang='grc' dir='ltr'>ελεγον,</span> <span class='ocrx_word' id='word_1_698' title='bbox 874 5153 1062 5216; x_wconf 85' lang='grc' dir='ltr'>Θέλεις</span> <span class='ocrx_word' id='word_1_699' title='bbox 1109 5154 1204 5207; x_wconf 71' lang='grc' dir='ltr'><strong>καὶ</strong></span> <span class='ocrx_word' id='word_1_700' title='bbox 1236 5152 1507 5206; x_wconf 87' lang='grc' dir='ltr'>δείκνυσιν</span> <span class='ocrx_word' id='word_1_701' title='bbox 1546 5152 1681 5222; x_wconf 76' lang='grc' dir='ltr'>ἡμῖν</span> <span class='ocrx_word' id='word_1_702' title='bbox 1714 5151 1913 5217; x_wconf 75' lang='grc' dir='ltr'>αὐτόνς</span> 
     </span>
    </p>
   </div>
   <div class='ocr_carea' id='block_1_95' title="bbox 329 5243 1912 5317">
    <p class='ocr_par' dir='ltr' id='par_1_95' title="bbox 329 5243 1912 5317">
     <span class='ocr_line' id='line_1_95' title="bbox 329 5243 1912 5317; baseline -0.001 -19"><span class='ocrx_word' id='word_1_703' title='bbox 329 5246 453 5313; x_wconf 75' lang='grc' dir='ltr'>καὶ,</span> <span class='ocrx_word' id='word_1_704' title='bbox 475 5245 608 5309; x_wconf 74' lang='grc' dir='ltr'>Φεῦ,</span> <span class='ocrx_word' id='word_1_705' title='bbox 636 5246 719 5299; x_wconf 83' lang='grc' dir='ltr'>ὅτι</span> <span class='ocrx_word' id='word_1_706' title='bbox 754 5245 1106 5317; x_wconf 81' lang='grc' dir='ltr'>γενησόμεθα</span> <span class='ocrx_word' id='word_1_707' title='bbox 1128 5244 1466 5316; x_wconf 78' lang='grc' dir='ltr'>Χριστιανοί.</span> <span class='ocrx_word' id='word_1_708' title='bbox 1490 5243 1675 5297; x_wconf 70' lang='grc' dir='ltr'>’Ἄλλοι</span> <span class='ocrx_word' id='word_1_709' title='bbox 1707 5244 1912 5312; x_wconf 79' lang='grc' dir='ltr'>ἔλεγον,</span> 
     </span>
    </p>
   </div>
   <div class='ocr_carea' id='block_1_96' title="bbox 341 5332 1910 5409">
    <p class='ocr_par' dir='ltr' id='par_1_96' title="bbox 341 5332 1910 5409">
     <span class='ocr_line' id='line_1_96' title="bbox 341 5332 1910 5409; baseline 0 -20"><span class='ocrx_word' id='word_1_710' title='bbox 341 5336 472 5391; x_wconf 84' lang='grc' dir='ltr'>Ἐάν</span> <span class='ocrx_word' id='word_1_711' title='bbox 494 5353 602 5409; x_wconf 88' lang='grc' dir='ltr'>περ</span> <span class='ocrx_word' id='word_1_712' title='bbox 625 5338 776 5409; x_wconf 79' lang='grc' dir='ltr'>δείξῃ</span> <span class='ocrx_word' id='word_1_713' title='bbox 808 5340 940 5409; x_wconf 81' lang='grc' dir='ltr'>ἡμῖν</span> <span class='ocrx_word' id='word_1_714' title='bbox 970 5338 1157 5403; x_wconf 80' lang='grc' dir='ltr'>αὑτὸν,</span> <span class='ocrx_word' id='word_1_715' title='bbox 1186 5337 1275 5395; x_wconf 84' lang='grc' dir='ltr'>διά</span> <span class='ocrx_word' id='word_1_716' title='bbox 1302 5337 1355 5389; x_wconf 89' lang='grc' dir='ltr'><strong>τί</strong></span> <span class='ocrx_word' id='word_1_717' title='bbox 1390 5338 1464 5408; x_wconf 82' lang='grc' dir='ltr'>μὴ</span> <span class='ocrx_word' id='word_1_718' title='bbox 1488 5332 1871 5408; x_wconf 86' lang='grc' dir='ltr'>πιστεύσωμεν</span> <span class='ocrx_word' id='word_1_719' title='bbox 1895 5355 1910 5404; x_wconf 89' lang='lat'><strong>;</strong></span> 
     </span>
    </p>
   </div>
   <div class='ocr_carea' id='block_1_97' title="bbox 330 5428 1909 5501">
    <p class='ocr_par' dir='ltr' id='par_1_97' title="bbox 330 5428 1909 5501">
     <span class='ocr_line' id='line_1_97' title="bbox 330 5428 1909 5501; baseline 0 -19"><span class='ocrx_word' id='word_1_720' title='bbox 330 5428 553 5500; x_wconf 83' lang='grc' dir='ltr'>Ἐτεροι</span> <span class='ocrx_word' id='word_1_721' title='bbox 586 5430 793 5499; x_wconf 73' lang='grc' dir='ltr'>ελεγον·</span> <span class='ocrx_word' id='word_1_722' title='bbox 837 5432 965 5496; x_wconf 75' lang='grc' dir='ltr'>Ναὶ,</span> <span class='ocrx_word' id='word_1_723' title='bbox 1008 5430 1174 5495; x_wconf 81' lang='grc' dir='ltr'>δείξει</span> <span class='ocrx_word' id='word_1_724' title='bbox 1204 5430 1338 5501; x_wconf 78' lang='grc' dir='ltr'>ἡμῖν</span> <span class='ocrx_word' id='word_1_725' title='bbox 1389 5430 1549 5493; x_wconf 82' lang='grc' dir='ltr'>αὐτὸς</span> <span class='ocrx_word' id='word_1_726' title='bbox 1602 5428 1909 5501; x_wconf 75' lang='grc' dir='ltr'>ἄνθρωπον,</span> 
     </span>
    </p>
   </div>
   <div class='ocr_carea' id='block_1_98' title="bbox 327 5521 1911 5595">
    <p class='ocr_par' dir='ltr' id='par_1_98' title="bbox 327 5521 1911 5595">
     <span class='ocr_line' id='line_1_98' title="bbox 327 5521 1911 5595; baseline 0 -20"><span class='ocrx_word' id='word_1_727' title='bbox 327 5521 481 5587; x_wconf 74' lang='grc' dir='ltr'>ὅστις</span> <span class='ocrx_word' id='word_1_728' title='bbox 520 5521 785 5592; x_wconf 80' lang='grc' dir='ltr'>κέκτηται</span> <span class='ocrx_word' id='word_1_729' title='bbox 841 5524 1086 5595; x_wconf 83' lang='grc' dir='ltr'>σήμερον</span> <span class='ocrx_word' id='word_1_730' title='bbox 1139 5525 1308 5594; x_wconf 82' lang='grc' dir='ltr'>μήκει</span> <span class='ocrx_word' id='word_1_731' title='bbox 1352 5522 1467 5592; x_wconf 80' lang='grc'><strong>(75)</strong></span> <span class='ocrx_word' id='word_1_732' title='bbox 1502 5522 1692 5591; x_wconf 87' lang='grc' dir='ltr'>χρόνον</span> <span class='ocrx_word' id='word_1_733' title='bbox 1719 5522 1911 5577; x_wconf 90' lang='grc' dir='ltr'>τοσοῦ-</span> 
     </span>
    </p>
   </div>
   <div class='ocr_carea' id='block_1_99' title="bbox 324 5614 1908 5687">
    <p class='ocr_par' dir='ltr' id='par_1_99' title="bbox 324 5614 1908 5687">
     <span class='ocr_line' id='line_1_99' title="bbox 324 5614 1908 5687; baseline 0.002 -20"><span class='ocrx_word' id='word_1_734' title='bbox 324 5627 426 5672; x_wconf 69' lang='grc' dir='ltr'><strong>τον</strong></span> <span class='ocrx_word' id='word_1_735' title='bbox 458 5614 886 5687; x_wconf 77' lang='grc' dir='ltr'>τετελευτηκώς.</span> <span class='ocrx_word' id='word_1_736' title='bbox 919 5614 1034 5670; x_wconf 85' lang='grc' dir='ltr'>Ποῦ</span> <span class='ocrx_word' id='word_1_737' title='bbox 1063 5616 1120 5669; x_wconf 79' lang='grc' dir='ltr'><strong>δὲ</strong></span> <span class='ocrx_word' id='word_1_738' title='bbox 1148 5616 1245 5671; x_wconf 78' lang='grc' dir='ltr'><strong>καὶ</strong></span> <span class='ocrx_word' id='word_1_739' title='bbox 1277 5615 1607 5687; x_wconf 78' lang='grc' dir='ltr'>φανήσεται,</span> <span class='ocrx_word' id='word_1_740' title='bbox 1633 5614 1908 5671; x_wconf 82' lang='grc' dir='ltr'>διαλυθέν·</span> 
     </span>
    </p>
   </div>
   <div class='ocr_carea' id='block_1_100' title="bbox 2013 4696 3594 4770">
    <p class='ocr_par' dir='ltr' id='par_1_100' title="bbox 2013 4696 3594 4770">
     <span class='ocr_line' id='line_1_100' title="bbox 2013 4696 3594 4770; baseline -0.004 -17"><span class='ocrx_word' id='word_1_741' title='bbox 2013 4702 2107 4769; x_wconf 91' lang='lat' dir='ltr'><strong>qui</strong></span> <span class='ocrx_word' id='word_1_742' title='bbox 2140 4716 2371 4770; x_wconf 88' lang='lat' dir='ltr'><strong>magnus</strong></span> <span class='ocrx_word' id='word_1_743' title='bbox 2396 4716 2476 4763; x_wconf 88' lang='lat' dir='ltr'><strong>es,</strong></span> <span class='ocrx_word' id='word_1_744' title='bbox 2502 4700 2587 4754; x_wconf 88' lang='lat' dir='ltr'><strong>fac</strong></span> <span class='ocrx_word' id='word_1_745' title='bbox 2618 4698 2801 4762; x_wconf 88' lang='lat' dir='ltr'><strong>modo,</strong></span> <span class='ocrx_word' id='word_1_746' title='bbox 2833 4704 2888 4751; x_wconf 83' lang='lat' dir='ltr'><strong>et</strong></span> <span class='ocrx_word' id='word_1_747' title='bbox 2913 4698 3195 4751; x_wconf 76' lang='lat' dir='ltr'><strong>videamds</strong></span> <span class='ocrx_word' id='word_1_748' title='bbox 3223 4696 3388 4767; x_wconf 80' lang='lat'><strong>658</strong></span> <span class='ocrx_word' id='word_1_749' title='bbox 3411 4706 3594 4750; x_wconf 87' lang='lat' dir='ltr'><strong>utrum</strong></span> 
     </span>
    </p>
   </div>
   <div class='ocr_carea' id='block_1_101' title="bbox 2014 4789 3599 4860">
    <p class='ocr_par' dir='ltr' id='par_1_101' title="bbox 2014 4789 3599 4860">
     <span class='ocr_line' id='line_1_101' title="bbox 2014 4789 3599 4860; baseline -0.003 -13"><span class='ocrx_word' id='word_1_750' title='bbox 2014 4803 2235 4847; x_wconf 89' lang='lat' dir='ltr'><strong>tuorum</strong></span> <span class='ocrx_word' id='word_1_751' title='bbox 2266 4808 2585 4847; x_wconf 90' lang='lat' dir='ltr'><strong>sermonum</strong></span> <span class='ocrx_word' id='word_1_752' title='bbox 2632 4792 2887 4845; x_wconf 80' lang='lat' dir='ltr'><strong>fremitus</strong></span> <span class='ocrx_word' id='word_1_753' title='bbox 2919 4808 3017 4859; x_wconf 89' lang='lat' dir='ltr'><strong>per</strong></span> <span class='ocrx_word' id='word_1_754' title='bbox 3049 4806 3214 4860; x_wconf 81' lang='lat' dir='ltr'><strong>Opera</strong></span> <span class='ocrx_word' id='word_1_755' title='bbox 3262 4790 3421 4843; x_wconf 79' lang='lat' dir='ltr'><strong>fidem</strong></span> <span class='ocrx_word' id='word_1_756' title='bbox 3469 4789 3599 4843; x_wconf 87' lang='lat' dir='ltr'><strong>facit</strong></span> 
     </span>
    </p>
   </div>
   <div class='ocr_carea' id='block_1_102' title="bbox 2012 4881 3595 4944">
    <p class='ocr_par' dir='ltr' id='par_1_102' title="bbox 2012 4881 3595 4944">
     <span class='ocr_line' id='line_1_102' title="bbox 2012 4881 3595 4944; baseline -0.004 -5"><span class='ocrx_word' id='word_1_757' title='bbox 2012 4893 2068 4939; x_wconf 87' lang='lat' dir='ltr'><strong>et</strong></span> <span class='ocrx_word' id='word_1_758' title='bbox 2095 4883 2407 4937; x_wconf 83' lang='lat' dir='ltr'><strong>confirmat.</strong></span> <span class='ocrx_word' id='word_1_759' title='bbox 2432 4882 2672 4938; x_wconf 81' lang='lat' dir='ltr'><strong>Ostende</strong></span> <span class='ocrx_word' id='word_1_760' title='bbox 2704 4882 2864 4935; x_wconf 87' lang='lat' dir='ltr'><strong>nobis</strong></span> <span class='ocrx_word' id='word_1_761' title='bbox 2888 4881 3165 4935; x_wconf 88' lang='lat' dir='ltr'><strong>Christum</strong></span> <span class='ocrx_word' id='word_1_762' title='bbox 3194 4890 3369 4944; x_wconf 90' lang='lat' dir='ltr'><strong>tuum,</strong></span> <span class='ocrx_word' id='word_1_763' title='bbox 3395 4888 3595 4933; x_wconf 85' lang='lat' dir='ltr'><strong>etcum</strong></span> 
     </span>
    </p>
   </div>
   <div class='ocr_carea' id='block_1_103' title="bbox 2017 4971 3598 5040">
    <p class='ocr_par' dir='ltr' id='par_1_103' title="bbox 2017 4971 3598 5040">
     <span class='ocr_line' id='line_1_103' title="bbox 2017 4971 3598 5040; baseline -0.004 -11"><span class='ocrx_word' id='word_1_764' title='bbox 2017 4977 2213 5030; x_wconf 90' lang='lat' dir='ltr'><strong>timore</strong></span> <span class='ocrx_word' id='word_1_765' title='bbox 2239 4984 2294 5029; x_wconf 89' lang='lat' dir='ltr'><strong>et</strong></span> <span class='ocrx_word' id='word_1_766' title='bbox 2319 4983 2558 5028; x_wconf 89' lang='lat' dir='ltr'><strong>tremore</strong></span> <span class='ocrx_word' id='word_1_767' title='bbox 2585 4974 2876 5028; x_wconf 82' lang='lat' dir='ltr'><strong>credemus</strong></span> <span class='ocrx_word' id='word_1_768' title='bbox 2906 4972 2958 5026; x_wconf 90' lang='lat' dir='ltr'><strong>in</strong></span> <span class='ocrx_word' id='word_1_769' title='bbox 2995 4971 3193 5040; x_wconf 89' lang='lat' dir='ltr'><strong>ipsum,</strong></span> <span class='ocrx_word' id='word_1_770' title='bbox 3225 4986 3330 5023; x_wconf 89' lang='lat' dir='ltr'><strong>non</strong></span> <span class='ocrx_word' id='word_1_771' title='bbox 3363 4971 3598 5039; x_wconf 89' lang='lat' dir='ltr'><strong>amplius</strong></span> 
     </span>
    </p>
   </div>
   <div class='ocr_carea' id='block_1_104' title="bbox 2014 5062 3598 5137">
    <p class='ocr_par' dir='ltr' id='par_1_104' title="bbox 2014 5062 3598 5137">
     <span class='ocr_line' id='line_1_104' title="bbox 2014 5062 3598 5137; baseline -0.006 -14"><span class='ocrx_word' id='word_1_772' title='bbox 2014 5069 2283 5123; x_wconf 88' lang='lat' dir='ltr'><strong>habentes</strong></span> <span class='ocrx_word' id='word_1_773' title='bbox 2330 5066 2477 5137; x_wconf 87' lang='lat' dir='ltr'><strong>quod</strong></span> <span class='ocrx_word' id='word_1_774' title='bbox 2521 5066 2900 5121; x_wconf 85' lang='lat' dir='ltr'><strong>defendamus.</strong></span> <span class='ocrx_word' id='word_1_775' title='bbox 2930 5062 3066 5117; x_wconf 90' lang='lat' dir='ltr'><strong>Cum</strong></span> <span class='ocrx_word' id='word_1_776' title='bbox 3110 5072 3293 5117; x_wconf 91' lang='lat' dir='ltr'><strong>autem</strong></span> <span class='ocrx_word' id='word_1_777' title='bbox 3330 5063 3598 5116; x_wconf 79' lang='lat' dir='ltr'><strong>vocifera-</strong></span> 
     </span>
    </p>
   </div>
   <div class='ocr_carea' id='block_1_105' title="bbox 2014 5154 3595 5213">
    <p class='ocr_par' dir='ltr' id='par_1_105' title="bbox 2014 5154 3595 5213">
     <span class='ocr_line' id='line_1_105' title="bbox 2014 5154 3595 5213; baseline -0.004 0"><span class='ocrx_word' id='word_1_778' title='bbox 2014 5167 2209 5213; x_wconf 91' lang='lat' dir='ltr'><strong>rentur</strong></span> <span class='ocrx_word' id='word_1_779' title='bbox 2242 5157 2448 5213; x_wconf 89' lang='lat' dir='ltr'><strong>sensim</strong></span> <span class='ocrx_word' id='word_1_780' title='bbox 2481 5158 2646 5213; x_wconf 91' lang='lat' dir='ltr'><strong>etiam</strong></span> <span class='ocrx_word' id='word_1_781' title='bbox 2690 5166 2745 5211; x_wconf 89' lang='lat' dir='ltr'><strong>et</strong></span> <span class='ocrx_word' id='word_1_782' title='bbox 2786 5156 3058 5211; x_wconf 89' lang='lat' dir='ltr'><strong>submisse</strong></span> <span class='ocrx_word' id='word_1_783' title='bbox 3086 5154 3383 5209; x_wconf 90' lang='lat' dir='ltr'><strong>dicebant:</strong></span> <span class='ocrx_word' id='word_1_784' title='bbox 3412 5155 3505 5207; x_wconf 78' lang='lat' dir='ltr'><strong>Vis</strong></span> <span class='ocrx_word' id='word_1_785' title='bbox 3538 5163 3595 5207; x_wconf 90' lang='lat' dir='ltr'><strong>tu</strong></span> 
     </span>
    </p>
   </div>
   <div class='ocr_carea' id='block_1_106' title="bbox 2014 5244 3592 5318">
    <p class='ocr_par' dir='ltr' id='par_1_106' title="bbox 2014 5244 3592 5318">
     <span class='ocr_line' id='line_1_106' title="bbox 2014 5244 3592 5318; baseline -0.003 -13"><span class='ocrx_word' id='word_1_786' title='bbox 2014 5263 2075 5305; x_wconf 85' lang='lat' dir='ltr'><strong>ut</strong></span> <span class='ocrx_word' id='word_1_787' title='bbox 2097 5262 2223 5305; x_wconf 90' lang='lat' dir='ltr'><strong>eum</strong></span> <span class='ocrx_word' id='word_1_788' title='bbox 2255 5252 2416 5307; x_wconf 85' lang='lat' dir='ltr'><strong>nobis</strong></span> <span class='ocrx_word' id='word_1_789' title='bbox 2441 5250 2729 5306; x_wconf 88' lang='lat' dir='ltr'><strong>ostendat?</strong></span> <span class='ocrx_word' id='word_1_790' title='bbox 2756 5249 2867 5312; x_wconf 65' lang='lat' dir='ltr'><strong>Vae,</strong></span> <span class='ocrx_word' id='word_1_791' title='bbox 2899 5248 3028 5318; x_wconf 89' lang='lat' dir='ltr'><strong>quia</strong></span> <span class='ocrx_word' id='word_1_792' title='bbox 3058 5245 3250 5300; x_wconf 76' lang='lat' dir='ltr'><strong>ﬂemus</strong></span> <span class='ocrx_word' id='word_1_793' title='bbox 3276 5244 3592 5300; x_wconf 87' lang='lat' dir='ltr'><strong>Christiani.</strong></span> 
     </span>
    </p>
   </div>
   <div class='ocr_carea' id='block_1_107' title="bbox 2013 5336 3593 5411">
    <p class='ocr_par' dir='ltr' id='par_1_107' title="bbox 2013 5336 3593 5411">
     <span class='ocr_line' id='line_1_107' title="bbox 2013 5336 3593 5411; baseline -0.006 -13"><span class='ocrx_word' id='word_1_794' title='bbox 2013 5342 2119 5398; x_wconf 84' lang='lat' dir='ltr'><strong>Alii</strong></span> <span class='ocrx_word' id='word_1_795' title='bbox 2170 5342 2551 5397; x_wconf 86' lang='lat' dir='ltr'><strong>dicebant:Si</strong></span> <span class='ocrx_word' id='word_1_796' title='bbox 2601 5341 2823 5411; x_wconf 88' lang='lat' dir='ltr'><strong>quidem</strong></span> <span class='ocrx_word' id='word_1_797' title='bbox 2878 5340 3039 5394; x_wconf 82' lang='lat' dir='ltr'><strong>nobis</strong></span> <span class='ocrx_word' id='word_1_798' title='bbox 3087 5336 3339 5392; x_wconf 88' lang='lat' dir='ltr'><strong>ostendat</strong></span> <span class='ocrx_word' id='word_1_799' title='bbox 3392 5336 3593 5406; x_wconf 87' lang='lat' dir='ltr'><strong>ipsum,</strong></span> 
     </span>
    </p>
   </div>
   <div class='ocr_carea' id='block_1_108' title="bbox 2018 5432 3594 5507">
    <p class='ocr_par' dir='ltr' id='par_1_108' title="bbox 2018 5432 3594 5507">
     <span class='ocr_line' id='line_1_108' title="bbox 2018 5432 3594 5507; baseline -0.001 -16"><span class='ocrx_word' id='word_1_800' title='bbox 2018 5437 2379 5507; x_wconf 89' lang='lat' dir='ltr'><strong>quamobrem</strong></span> <span class='ocrx_word' id='word_1_801' title='bbox 2430 5452 2539 5490; x_wconf 89' lang='lat' dir='ltr'><strong>non</strong></span> <span class='ocrx_word' id='word_1_802' title='bbox 2586 5437 2910 5490; x_wconf 86' lang='lat' dir='ltr'><strong>credemus?</strong></span> <span class='ocrx_word' id='word_1_803' title='bbox 2942 5435 3044 5488; x_wconf 83' lang='lat' dir='ltr'><strong>Alii</strong></span> <span class='ocrx_word' id='word_1_804' title='bbox 3088 5434 3343 5489; x_wconf 84' lang='lat' dir='ltr'><strong>dicebant</strong></span> <span class='ocrx_word' id='word_1_805' title='bbox 3379 5449 3392 5485; x_wconf 88' lang='lat'><em>:</em></span> <span class='ocrx_word' id='word_1_806' title='bbox 3434 5432 3594 5490; x_wconf 75' lang='lat' dir='ltr'><strong>Certe</strong></span> 
     </span>
    </p>
   </div>
   <div class='ocr_carea' id='block_1_109' title="bbox 2018 5527 3599 5597">
    <p class='ocr_par' dir='ltr' id='par_1_109' title="bbox 2018 5527 3599 5597">
     <span class='ocr_line' id='line_1_109' title="bbox 2018 5527 3599 5597; baseline -0.003 -14"><span class='ocrx_word' id='word_1_807' title='bbox 2018 5528 2182 5583; x_wconf 88' lang='lat' dir='ltr'><strong>nobis</strong></span> <span class='ocrx_word' id='word_1_808' title='bbox 2218 5528 2333 5597; x_wconf 90' lang='lat' dir='ltr'><strong>ipse</strong></span> <span class='ocrx_word' id='word_1_809' title='bbox 2369 5528 2624 5583; x_wconf 88' lang='lat' dir='ltr'><strong>ostendet</strong></span> <span class='ocrx_word' id='word_1_810' title='bbox 2664 5527 2964 5593; x_wconf 88' lang='lat' dir='ltr'><strong>hominem,</strong></span> <span class='ocrx_word' id='word_1_811' title='bbox 3011 5528 3105 5597; x_wconf 90' lang='lat' dir='ltr'><strong>qui</strong></span> <span class='ocrx_word' id='word_1_812' title='bbox 3155 5535 3306 5583; x_wconf 88' lang='lat' dir='ltr'><strong>tanto</strong></span> <span class='ocrx_word' id='word_1_813' title='bbox 3350 5536 3599 5594; x_wconf 63' lang='lat' dir='ltr'><strong>tempore</strong></span> 
     </span>
    </p>
   </div>
   <div class='ocr_carea' id='block_1_110' title="bbox 2019 5618 3599 5688">
    <p class='ocr_par' dir='ltr' id='par_1_110' title="bbox 2019 5618 3599 5688">
     <span class='ocr_line' id='line_1_110' title="bbox 2019 5618 3599 5688; baseline -0.003 -13"><span class='ocrx_word' id='word_1_814' title='bbox 2019 5629 2273 5675; x_wconf 85' lang='lat' dir='ltr'><strong>mortuus</strong></span> <span class='ocrx_word' id='word_1_815' title='bbox 2305 5621 2633 5675; x_wconf 91' lang='lat' dir='ltr'><strong>hodiernum</strong></span> <span class='ocrx_word' id='word_1_816' title='bbox 2658 5619 2804 5676; x_wconf 84' lang='lat' dir='ltr'><strong>diem</strong></span> <span class='ocrx_word' id='word_1_817' title='bbox 2837 5618 3050 5673; x_wconf 81' lang='lat' dir='ltr'><strong>haheat.</strong></span> <span class='ocrx_word' id='word_1_818' title='bbox 3086 5620 3185 5676; x_wconf 89' lang='lat' dir='ltr'><strong>Ubi</strong></span> <span class='ocrx_word' id='word_1_819' title='bbox 3222 5620 3387 5675; x_wconf 88' lang='lat' dir='ltr'><strong>etiam</strong></span> <span class='ocrx_word' id='word_1_820' title='bbox 3432 5633 3599 5688; x_wconf 82' lang='lat' dir='ltr'><strong>appa-</strong></span> 
     </span>
    </p>
   </div>
   <div class='ocr_carea' id='block_1_111' title="bbox 1807 5731 2041 5791">
    <p class='ocr_par' dir='ltr' id='par_1_111' title="bbox 1807 5731 2041 5791">
     <span class='ocr_line' id='line_1_111' title="bbox 1807 5731 2041 5791; baseline 0.009 -5"><span class='ocrx_word' id='word_1_821' title='bbox 1807 5731 2041 5791; x_wconf 66' lang='lat' dir='ltr'><strong>NOTAE.</strong></span> 
     </span>
    </p>
   </div>
   <div class='ocr_carea' id='block_1_112' title="bbox 406 5845 1391 5931">
    <p class='ocr_par' dir='ltr' id='par_1_112' title="bbox 406 5845 1391 5931">
     <span class='ocr_line' id='line_1_112' title="bbox 406 5845 1391 5931; baseline 0 0"><span class='ocrx_word' id='word_1_822' title='bbox 406 5850 522 5931; x_wconf 61' lang='lat' dir='ltr'><strong>ea)</strong></span> <span class='ocrx_word' id='word_1_823' title='bbox 546 5846 767 5931; x_wconf 54' lang='lat' dir='ltr'><strong>ww</strong></span> <span class='ocrx_word' id='word_1_824' title='bbox 803 5845 1154 5931; x_wconf 58' lang='lat' dir='ltr'><strong>retem-</strong></span> 
     </span>
    </p>
   </div>
   <div class='ocr_carea' id='block_1_113' title="bbox 408 5918 1571 5992">
    <p class='ocr_par' dir='ltr' id='par_1_113' title="bbox 408 5918 1571 5992">
     <span class='ocr_line' id='line_1_113' title="bbox 408 5918 1571 5992; baseline 0 -17"><span class='ocrx_word' id='word_1_825' title='bbox 408 5918 524 5992; x_wconf 73' lang='grc' dir='ltr'><strong>(Ἰῖ)</strong></span> <span class='ocrx_word' id='word_1_826' title='bbox 566 5919 935 5989; x_wconf 82' lang='grc' dir='ltr'>Ἀπατηθείς.</span> <span class='ocrx_word' id='word_1_827' title='bbox 973 5918 1134 5976; x_wconf 72' lang='lat' dir='ltr'><strong>Forte</strong></span> <span class='ocrx_word' id='word_1_828' title='bbox 1164 5920 1469 5991; x_wconf 81' lang='grc' dir='ltr'>ἁπατηθῇς.</span> <span class='ocrx_word' id='word_1_829' title='bbox 1500 5920 1571 5975; x_wconf 85' lang='lat' dir='ltr'><strong>lo.</strong></span> 
     </span>
    </p>
   </div>
   <div class='ocr_carea' id='block_1_114' title="bbox 2097 5853 2980 5927">
    <p class='ocr_par' dir='ltr' id='par_1_114' title="bbox 2097 5853 2980 5927">
     <span class='ocr_line' id='line_1_114' title="bbox 2097 5853 2980 5927; baseline -0.003 -17"><span class='ocrx_word' id='word_1_830' title='bbox 2097 5854 2209 5927; x_wconf 74' lang='lat'><strong>(73)</strong></span> <span class='ocrx_word' id='word_1_831' title='bbox 2250 5853 2459 5921; x_wconf 72' lang='grc' dir='ltr'><strong>Μήκει.</strong></span> <span class='ocrx_word' id='word_1_832' title='bbox 2486 5854 2646 5909; x_wconf 83' lang='lat' dir='ltr'><strong>Forte</strong></span> <span class='ocrx_word' id='word_1_833' title='bbox 2679 5854 2873 5925; x_wconf 70' lang='grc' dir='ltr'>μῆκος,</span> <span class='ocrx_word' id='word_1_834' title='bbox 2906 5853 2980 5907; x_wconf 78' lang='lat' dir='ltr'><strong>lo.</strong></span> 
     </span>
    </p>
   </div>
  </div>
