4094 6550
517 423 623 488 775

1490 421 1553 498 S,
1584 420 2012 483 GREGENTII
2048 422 2282 483 EPISC.
2323 425 2852 488 TAPHARENSIS

3687 441 3796 506 776

515 535 681 598 rebit,
713 531 875 606 cujus
903 545 1048 596 ossa,
1084 537 1147 584 ut
1186 529 1352 586 liceat
1381 530 1588 598 dicere,
1619 533 1675 588 in
1704 549 1842 588 urna
1879 534 1996 588 sive
2023 533 2098 588 lo-

2206 549 2336 600 των,
2370 536 2445 601 ὡς
2475 539 2670 603 εἰπεῖν,
2703 540 2800 592 καὶ
2828 539 3008 594 αὐτῶν
3034 540 3146 597 τῶν
3179 543 3384 600 ὀστέων
3427 545 3487 602 ἰν
3528 550 3598 621 τῇ
3647 552 3799 624 σορῷ

515 627 642 683 culo
671 626 1017 680 monumenti
1045 623 1311 678 dissoluta
1345 625 1510 678 sunt?
1537 623 1634 679 Vir
1668 633 1853 679 autem
1885 636 2105 680 sanctus

514 719 738 785 sciens,
823 717 933 774 nisi
1010 718 1346 788 postulatum
1427 717 1674 788 ipsorum
1755 717 2101 788 expedierit,

513 828 675 870 suum
707 812 988 868 silentium
1028 811 1162 881 ipsis
1189 811 1246 864 in
1279 810 1572 865 maximam
1602 811 1890 866 victoriam
1918 827 2106 866 cessu-

511 922 636 962 rum
687 921 830 973 esse,
877 903 1218 975 respondens
1249 903 1330 958 eis
1364 904 1502 957 dixit
1535 921 1548 956 :
1581 902 1907 975 Cognoscite
1955 902 2103 973 quod

509 998 669 1054 vobis
700 998 881 1068 ipsum
908 995 1099 1067 procul
1130 995 1303 1051 dubio
1323 995 1612 1051 ostendam
1643 1014 1657 1050 :
1685 1003 1741 1052 et
1764 995 1982 1050 tametsi
2006 1010 2106 1049 no-

509 1089 751 1154 lueritis,
786 1088 1027 1144 credetis
1056 1107 1070 1141 :
1096 1088 1182 1143 sin
1214 1088 1418 1154 minus,
1460 1087 1674 1158 gladius
1702 1103 1803 1142 vos
1829 1087 2100 1142 absumet.

511 1182 608 1237 Sin
635 1190 822 1238 autem
863 1197 975 1236 non
1017 1181 1328 1247 ostendam,
1357 1179 1714 1235 revertemini
1739 1178 1976 1234 arbitrio
2006 1193 2102 1232 ve-

507 1283 646 1330 ειι-ο.

579 1365 695 1420 Hoc
721 1372 908 1420 autem
939 1361 1218 1428 Herbano,
1250 1369 1306 1418 et
1348 1362 1432 1417 eis
1458 1363 1556 1432 qui
1603 1371 1765 1418 erant
1809 1377 1936 1416 cum
1982 1361 2102 1432 ipso

506 1457 737 1530 placuit.
760 1456 1028 1511 Dicebant
1050 1464 1236 1510 autem
1260 1455 1404 1509 inter
1427 1471 1486 1510 se
1514 1473 1527 1508 :
1553 1456 1673 1511 Non
1695 1455 1900 1526 poterit
1921 1454 2101 1524 ipsum

506 1549 670 1606 nobis
703 1548 998 1605 ostendere
1039 1549 1150 1603 ullo
1191 1548 1378 1612 modo,
1413 1549 1543 1617 quia
1594 1548 1923 1604 interfectus
1955 1555 2039 1602 est
2071 1561 2102 1600 a

507 1644 761 1715 patribus
791 1643 1015 1704 nostris.
1051 1652 1106 1698 et
1137 1653 1390 1698 mortuus
1419 1651 1524 1707 est,
1562 1651 1620 1698 ct
1651 1642 1707 1696 in
1739 1651 2100 1696 monumento

507 1736 742 1790 firmiter
770 1735 1088 1799 conclusus,
1123 1734 1422 1804 subreptus
1454 1734 1558 1788 fuit
1587 1750 1616 1787 a
1646 1733 1935 1804 discipulis
1965 1732 2100 1786 suis.

508 1825 742 1881 Sanctus
776 1834 963 1880 autem
998 1823 1353 1894 Gregentius,
1385 1834 1538 1879 certo
1566 1832 1622 1877 et
1650 1824 1893 1894 perfecte
1921 1824 2102 1878 sciens

504 1916 652 1986 quod
675 1916 815 1970 dixit
849 1893 1158 1969 Dominus:
1189 1912 1248 1968 Si
1279 1914 1573 1968 habueritis
1602 1893 1762 1980 ﬁdem
1796 1915 1931 1967 sicut
1973 1930 2099 1983 gra-
2131 1893 2172 1949 Β

506 2023 633 2061 num
661 2006 869 2076 sinapis
899 2005 966 2068 ³⁸,
999 2013 1131 2070 etc.,
1162 2019 1417 2074 surgens,
1452 2005 1603 2058 solus
1635 2019 1827 2059 eorum
1857 2004 1952 2074 qui
1987 2005 2098 2058 illic

502 2107 686 2163 erant,
721 2097 914 2162 exivit,
951 2111 1077 2151 cum
1110 2096 1226 2166 regi
1260 2097 1612 2166 praecepisset
1638 2097 1835 2152 eodem
1881 2097 1936 2150 in
1974 2097 2098 2152 loco

503 2205 751 2254 manere,
789 2204 860 2243 ne
906 2203 1202 2244 consessus
1248 2187 1647 2242 refertissimus
1677 2187 2094 2242 dissolveretur.

504 2283 665 2338 Tunc
694 2283 892 2339 beatus
921 2283 1083 2352 longe
1129 2297 1159 2335 a
1204 2289 1351 2335 coetu
1401 2281 1711 2346 submotus,
1747 2281 1816 2334 ad
1862 2295 2098 2350 precan-

503 2376 638 2432 dum
667 2377 821 2433 stetit
853 2395 866 2429 :
898 2384 954 2430 et
978 2391 1122 2446 genu
1158 2382 1242 2429 ter
1278 2373 1346 2428 ad
1379 2374 1750 2444 pavimentum
1785 2372 1946 2438 ﬂexo,
1979 2381 2097 2426 tum

504 2487 759 2544 surgens,
792 2479 850 2524 et
879 2469 945 2523 ad
976 2469 1178 2524 coelum
1221 2482 1416 2522 manus
1441 2483 1572 2522 suas
1601 2465 1938 2537 expandens,
1976 2480 2098 2520 om-

503 2564 672 2620 nibus
701 2561 1042 2624 videntibus,
1071 2577 1139 2616 ex
1173 2561 1284 2616 imo
1311 2559 1478 2615 corde
1507 2559 1647 2614 dixit
1675 2577 1687 2614 :

581 2675 601 2709 ‹
637 2654 681 2713 0
705 2655 950 2712 Verbum
979 2653 1326 2709 tremendum
1353 2651 1621 2707 terribilis
1643 2660 1698 2706 et
1723 2651 1906 2723 magni
1929 2658 1984 2705 et
2013 2650 2098 2705 in-

502 2750 742 2806 visibilis
787 2749 987 2814 Patris,
1037 2754 1166 2801 ante
1210 2745 1407 2801 satcula
1454 2743 1837 2815 impatibiliter
1879 2751 1934 2797 et
1977 2740 2097 2796 sine

503 2845 654 2900 fluxu
687 2859 756 2899 ex
790 2843 909 2912 ipso
938 2842 1207 2912 genitum,
1238 2852 1352 2893 non
1400 2837 1628 2900 factum,
1662 2852 1729 2891 ex
1777 2837 1897 2890 solo
1939 2835 2096 2906 inge-

502 2938 623 2992 nito
665 2935 876 2990 lumine
923 2934 1102 2989 solum
1133 2929 1483 3002 unigenitum
1515 2944 1813 2986 coruscans
1843 2946 1857 2982 :
1892 2929 1973 2983 Tu
2001 2929 2095 3000 qui

503 3046 603 3102 per
636 3030 818 3100 ipsum
867 3028 939 3083 ab
973 3026 1134 3081 initio
1169 3025 1370 3083 coelum
1402 3033 1461 3080 et
1505 3032 1714 3079 terram
1758 3022 2009 3085 firmasti,
2041 3029 2098 3076 et

503 3123 716 3194 Spiritu
744 3131 840 3177 tuo
875 3129 1064 3177 sancto
1094 3119 1361 3182 fundasti,
1392 3125 1449 3173 et
1481 3132 1648 3188 super
1675 3116 1834 3186 aquis
1862 3124 2097 3184 utraque

2206 627 2301 681 τοῦ
2328 629 2616 699 μνήματος
2650 630 2851 698 αὑτοῦ;
2883 632 2941 685 ’0
2967 633 3025 688 δὲ
3057 633 3234 704 ἅγιος,
3257 636 3416 702 εἰδὼς
3443 638 3550 706 ὅτι,
3583 643 3683 694 ἐὰν
3719 644 3798 716 μὴ

2207 723 2414 794 ποιήσῃ
2437 722 2499 774 τὸ
2536 722 2745 795 αἴτημα
2787 723 2991 790 αὐτῶν,
3027 726 3108 790 είς
3146 727 3405 799 μέγιστον
3433 731 3584 796 νῖκος
3608 733 3797 798 ῑξουσι

2206 809 2305 881 τὴν
2349 811 2516 866 αὑτοῦ
2548 814 2999 889 παρασιώπησιν,
3032 818 3358 892 ἀποκριθεὶς
3391 821 3497 894 ἔφη
3523 827 3661 898 πρὸς
3693 829 3798 882 αὑ-

2206 901 2352 967 τούς
2377 903 2684 959 Γινώσκετε
2729 907 2812 961 ὅτι
2847 909 3066 974 πάντως
3108 911 3360 986 δείκνυμι
3408 917 3573 972 αὐτὸν
3618 921 3792 991 ὑμῖν⁹

2206 994 2312 1085 κάν
2357 995 2430 1068 μὴ
2480 997 2742 1071 θελήσητε
2765 1041 2780 1067 ,
2832 1003 3184 1058 πιστεύσετε·
3224 1009 3272 1061 εί
3307 1010 3384 1078 μή
3419 1026 3505 1078 γε,
3541 1013 3797 1085 μάχαιρα

2207 1084 2353 1178 sua;
2383 1089 2695 1145 κατέδεται.
2737 1094 2802 1146 Εἰ
2851 1094 2910 1149 δὲ
3087 1096 3266 1167 δείξω,
3293 1101 3670 1158 ἀπελεύσεσθε

2206 1177 2474 1250 θελήματι
2509 1182 2537 1234 ὑ
2545 1182 2684 1252 μῶν.

2281 1355 2484 1426 Ἥρεσε
2509 1355 2670 1410 τοῦτο
2699 1357 2779 1429 τῷ
2816 1357 3014 1431 Ἐρϐᾶν
3041 1360 3273 1427 καὶτοῖς
3302 1365 3401 1419 σὺν
3434 1345 3616 1438 αὐτῷ.Δ
3639 1371 3797 1424 Ἕλε-

2204 1461 2302 1513 γον
2335 1448 2447 1516 γὰρ
2471 1448 2528 1498 ὲν
2571 1449 2804 1514 ἑαυτοῖς,
2844 1450 2926 1504 ὅτι
2964 1453 3040 1504 υὺ
3088 1453 3384 1525 δυνήσεται
3433 1457 3606 1526 δεῖξαι
3657 1464 3794 1533 ἡμῖν

2204 1538 2368 1590 αὑτὸν
2403 1539 2677 1609 οὐδαμῶς,
2723 1540 2859 1594 διότι
2909 1544 3228 1618 ἀπεκτάνθη
3260 1549 3415 1618 παρὰ
3461 1551 3570 1604 τῶν
3613 1557 3794 1609 πατέ-

2207 1646 2314 1699 ρων
2345 1631 2376 1699 ἡ
2387 1629 2526 1699 μῶν,
2562 1633 2655 1684 καὶ
2692 1633 2954 1699 ἀπέθανε,
2988 1636 3083 1689 καὶ
3109 1637 3451 1707 ἠσφαλίσατο
3479 1643 3644 1699 αὐτὸν
3673 1646 3791 1718 (π)

2203 1721 2263 1774 ἐν
2291 1721 2370 1792 τῷ
2401 1725 2672 1794 μνημείῳ,
2701 1726 2793 1778 καὶ⁵
2819 1727 3035 1798 ὲκλάπη
3068 1730 3220 1800 παρὰ
3255 1732 3366 1786 τῶν
3398 1734 3661 1806 μαθητῶν
3691 1738 3792 1791 αὐ-

2203 1811 2319 1867 τοῦ.
2363 1815 2420 1868 '0
2459 1815 2518 1868 δὲ
2561 1819 2618 1871 ὲν
2663 1817 2837 1886 ἁγίοις,
2864 1820 3214 1890 Γρηγέντιος,
3245 1823 3402 1889 εἰδὼς
3434 1827 3682 1898 άκριϐῶς
3705 1830 3791 1883 ὅτι

2201 1905 2355 1958 εἶπεν
2379 1907 2408 1959 6
2437 1907 2662 1980 Κύριος,
2714 1909 2785 1980 Et
2822 1910 3002 1980 ἔχητε
3050 1915 3262 1969 πίστιν
3303 1917 3386 1983 ὠς
3428 1919 3659 1973 κόκκον
3693 1935 3791 1974 σιι

2200 1997 2456 2066 νάπεως,
2483 2007 2577 2056 καὶ
2615 2003 2685 2057 τὰ
2711 2003 2862 2074 ἑξῆς,
2902 2007 3142 2071 ἀναστὰς
3169 2009 3443 2080 ὑπεξῆλθε
3476 2012 3637 2082 μόνος
3673 2014 3790 2066 τῶν

2200 2093 2407 2158 ἐκεῖσε,
2463 2095 2846 2168 ἐντειλάμενος
2895 2099 2974 2170 τῷ
3023 2099 3237 2170 βασιλεῖ
3269 2102 3328 2154 ὲν
3356 2102 3536 2172 ταυτῷ
3576 2105 3786 2174 μένειν,

2201 2185 2337 2256 πρὸς
2364 2186 2426 2239 τὸ
2459 2188 2536 2259 μὴ
2570 2189 2800 2261 λυθῆναι
2826 2192 2887 2244 τὸ
2917 2192 3248 2264 παμπληθὲς
3276 2195 3454 2248 ἐκεῖνο
3485 2195 3786 2268 συνέδριον.

2199 2277 2311 2330 Καὶ
2339 2280 2367 2332 6
2401 2281 2673 2354 μακάριος
2705 2282 2947 2353 μηκόθεν
2981 2285 3075 2338 τοῦ
3115 2286 3394 2358 συνεδρίου
3425 2284 3624 2353 ἀπιὼν,
3650 2288 3786 2360 ἔστη

2198 2375 2279 2437 είς
2303 2377 2643 2445 προσευχήν’
2677 2378 2772 2430 καὶ
2806 2377 2995 2440 κλίνας
3023 2378 3082 2431 τὸ
3115 2379 3244 2448 γόνυ
3272 2379 3378 2443 ἕως
3407 2380 3621 2450 ἐδάφων
3641 2382 3783 2454 τρὶς,

2199 2463 2295 2516 καὶ
2323 2467 2584 2529 ἀναστάς,
2613 2465 2707 2518 καὶ
2743 2469 2995 2532 ἐκτείνας
3024 2470 3123 2532 τὰς
3151 2472 3342 2542 χεῖρας
3373 2471 3540 2528 αὑτοῦ
3577 2472 3660 2536 είς
3689 2472 3785 2525 τὸν

2198 2554 2422 2626 οὐρανὸν
2464 2557 2681 2612 πάντων
2711 2559 2965 2631 ὁρώντων
2996 2556 3151 2614 εἶπεν
3182 2562 3246 2614 ὲκ
3278 2561 3525 2632 καρδίας

2269 2665 2289 2698 ι
2334 2647 2392 2701 '0
2421 2649 2654 2721 φοϐερὸς
2678 2652 2854 2719 Λόγος
2896 2651 2992 2706 τοῦ
3026 2653 3258 2725 φοϐεροῦ
3284 2657 3379 2708 καὶ
3415 2654 3655 2724 μεγάλου
3687 2657 3786 2709 καὶ

2198 2742 2436 2812 ἀοράτου
2471 2744 2686 2814 Πατρός
2712 2759 2724 2771 ·
2760 2745 2790 2796 6
2821 2744 2929 2816 πρὸ
2983 2745 3198 2800 αἰώνων
3237 2747 3464 2811 ἀπαθῶς
3495 2748 3589 2801 καὶ
3616 2747 3785 2818 ἅρεὺ-

2199 2851 2340 2896 στως
2369 2834 2426 2900 ἐξ
2453 2836 2620 2888 αὑτοῦ
2651 2835 2956 2906 γεννηθεὶς,
2986 2838 3046 2891 οὐ
3078 2838 3348 2909 ποιηθεὶς,
3389 2842 3452 2892 ὲκ
3492 2841 3660 2910 μόνου
3687 2839 3783 2893 τοῦ

2198 2925 2495 2995 άγεννήτου
2519 2925 2699 2994 φωτὸς
2751 2927 2912 2998 μόνος
2954 2930 3272 3001 Μονογενὴς
3302 2932 3672 3003 άπαστράψας
3694 2949 3710 2964 ι
3753 2934 3785 2986 6

2196 3015 2264 3068 δι’
2300 3015 2465 3070 αὐτοῦ
2506 3018 2568 3070 τὸ
2601 3019 2723 3072 κατ’
2748 3019 2923 3091 ἀρχὰς
2962 3023 3274 3093 στερεώσας
3299 3024 3392 3077 τὸν
3422 3024 3650 3095 οὐρανὸν
3684 3027 3785 3080 καὶ

2197 3109 2297 3180 τὴν
2317 3111 2443 3178 γῆν,
2486 3113 2580 3165 καὶ
2607 3114 2688 3184 τῷ
2721 3114 3000 3186 Πνεύματί
3034 3133 3128 3169 σου
3156 3116 3234 3188 τῷ
3268 3119 3409 3189 άγίῳ
3439 3119 3784 3190 θεμελιώσας

504 3216 730 3272 texisti:
761 3215 843 3270 Tu
876 3214 972 3284 qui
1019 3213 1193 3268 caelos
1234 3210 1536 3274 inclinasti,
1576 3220 1634 3265 et
1664 3207 2000 3263 descendisti
2038 3215 2098 3260 ut

2201 3200 2294 3253 καὶ
2325 3203 2598 3270 στεγάσας
2614 3205 2710 3258 ἐπὶ
2735 3206 2845 3259 τῶν
2875 3207 3088 3262 ὑδάτων
3115 3209 3376 3281 ἑκάτερα·
3408 3211 3436 3263 6
3465 3209 3664 3276 κλίνας
3689 3213 3786 3267 οὐ·

504 3305 692 3375 pluvia
726 3303 784 3358 in
823 3303 1000 3357 vellus
1025 3302 1082 3356 in
1123 3310 1368 3357 sanctam
1403 3298 1680 3369 Virginem
1707 3298 1931 3352 Mariam
1958 3315 1971 3351 :
2001 3295 2096 3366 qui

505 3395 812 3466 discipulos
841 3394 943 3450 tibi
978 3393 1081 3462 ipsi
1111 3408 1179 3447 ex
1217 3399 1308 3446 tua
1337 3400 1483 3447 terra
1521 3399 1578 3446 et
1602 3390 1959 3445 Hebrzeorum
1987 3390 2100 3444 ele—

507 3489 657 3560 gisti,
683 3495 739 3543 et
777 3488 834 3542 in
859 3485 1036 3542 oculis
1059 3485 1473 3555 coryphaeorum
1505 3482 1930 3553 transﬁguratus
1952 3497 2013 3537 es
2041 3480 2099 3534 in

507 3590 694 3638 monte
727 3579 988 3644 Thabor;
1025 3577 1121 3646 qui
1158 3575 1430 3646 stupenda
1468 3577 1626 3646 signa
1660 3583 1715 3630 et
1749 3575 1997 3646 prodigia
2043 3575 2095 3629 in

506 3675 694 3731 medio
739 3672 1058 3729 Iudaeorum
1103 3669 1446 3724 nefariorum
1496 3679 1756 3739 operatus
1802 3684 1864 3723 es
1907 3686 1920 3722 :
1965 3669 2097 3723 Jesu

505 3767 746 3831 Christe,
778 3764 1103 3818 invocamus
1135 3772 1187 3816 te
1213 3761 1417 3831 ubique
1447 3770 1794 3830 prmsentem,
1823 3771 1880 3816 et
1911 3761 2096 3816 omnia

507 3859 853 3929 implentem,
881 3855 1148 3910 miserere
1194 3853 1360 3923 hujus
1405 3853 1580 3907 turba
1611 3854 2009 3919 obtenebraue,
2041 3863 2099 3909 et

507 3951 784 4006 obumbra
813 3949 986 4016 ipsam
1018 3956 1110 4000 tua
1134 3945 1342 4000 virtute
1372 3962 1386 3997 :
1416 3944 1571 4014 aperi
1600 3945 1923 4000 tenebrosos
1952 3945 2098 4012 ipso-

508 4052 632 4092 rum
657 4034 870 4099 oculos,
897 4050 1037 4105 quos
1061 4034 1316 4089 diabolus
1341 4036 1638 4089 cxcaecavit
1664 4053 1676 4088 :
1703 4043 1759 4088 et
1792 4034 2095 4089 secundum

509 4126 924 4182 multitudinem
957 4125 1376 4179 miserationum
1418 4134 1660 4189 tuarum,
1698 4125 1784 4180 his
1819 4133 1870 4179 te
1917 4125 2096 4194 ipsum

510 4219 819 4280 manifesta,
844 4226 904 4271 ut
944 4227 1132 4287 aperte
1161 4225 1218 4272 et
1258 4217 1403 4272 clare
1447 4227 1499 4273 te
1537 4218 1760 4272 videant
1787 4226 1844 4272 et
1871 4217 2100 4273 credant

512 4318 569 4372 in
607 4325 658 4371 te
692 4316 868 4370 solum
903 4315 1076 4369 Deum
1124 4331 1339 4381 verum,
1367 4321 1426 4369 et
1459 4314 1515 4368 in
1556 4329 1684 4368 eum
1714 4314 1808 4383 qui
1855 4323 1906 4369 te
1951 4315 2100 4370 misit

418 4437 422 4442 -
511 4409 751 4473 Patrem,
779 4415 835 4462 et
867 4407 925 4462 in
957 4406 1225 4477 Spiritum
1258 4416 1413 4462 tuum
1445 4415 1715 4461 sanctum.
1742 4406 1935 4461 Amen.
1970 4426 1989 4458 ι

581 4669 759 4737 Atque
810 4674 874 4722 ut
919 4665 1099 4722 ﬁdelis
1145 4664 1306 4720 turba
1340 4673 1392 4720 et
1430 4679 1527 4719 rex
1565 4680 1690 4720 cum
1741 4667 2102 4737 optimatibus

510 4759 791 4826 dixerunt,
822 4760 998 4815 Amen
1037 4759 1222 4831 (erant
1261 4759 1409 4813 enim
1446 4759 1693 4813 omnium
1736 4761 1884 4815 oculi
1926 4761 1982 4816 in
2013 4763 2099 4832 ip—

509 4869 633 4910 sum
661 4853 939 4920 conversi,
960 4860 1018 4908 et
1039 4851 1450 4923 intuebantur),
1477 4863 1639 4907 terra:
1670 4861 1852 4908 motus
1873 4870 2102 4926 magnus

510 4945 691 5002 factus
721 4954 828 5011 est,
859 4954 1028 5016 atque
1061 4944 1132 5001 ab
1169 4945 1390 5000 oriente
1425 4952 1536 4999 tam
1565 4946 1924 5002 vehementer
1957 4947 2103 5003 into-

509 5038 653 5104 nuit,
685 5047 748 5093 ut
782 5037 1014 5092 horrore
1043 5051 1238 5092 omnes
1271 5037 1514 5107 correpti
1544 5036 1772 5103 fuerint,
1795 5049 1852 5094 et
1879 5041 2100 5098 cecide-

510 5129 625 5185 rint
657 5130 716 5186 in
756 5139 980 5185 terram.
1027 5127 1132 5196 Qui
1174 5128 1336 5198 paulo
1384 5137 1510 5200 post
1553 5145 1681 5185 cum
1726 5133 2102 5189 surrexissent

509 5235 726 5287 omnes,
751 5231 809 5278 et
829 5222 1102 5277 orientem
1126 5236 1322 5276 versus
1344 5221 1543 5277 intenti
1561 5231 1767 5289 essent,
1790 5240 1919 5280 ecce
1943 5241 2094 5296 aper-

512 5319 580 5366 tae
602 5319 731 5365 sunt
761 5311 888 5368 cteli
917 5320 1111 5382 portae,
1143 5321 1202 5368 et
1225 5321 1454 5382 repente
1484 5315 1660 5370 nubes
1695 5315 1903 5388 fulgida
1926 5319 2100 5390 expli-

509 5411 631 5458 cata
661 5413 747 5458 est
777 5419 808 5459 a
838 5413 998 5476 porta
1038 5405 1188 5470 cteli,
1224 5407 1380 5462 velut
1420 5406 1618 5478 planus
1647 5424 1875 5480 campus
1902 5411 1971 5466 ad
2003 5428 2099 5469 eos

511 5508 688 5563 usque
747 5495 1099 5577 perveniens.
1144 5495 1343 5552 Adhuc
1385 5504 1570 5552 autem
1628 5497 1860 5555 intentis
1920 5503 2098 5558 oculis

512 5585 895 5651 intuebantur,
945 5603 1076 5644 ecce
1127 5588 1398 5645 Dominus
1432 5589 1594 5646 Jesus
1633 5607 1665 5645 a
1709 5592 1886 5662 portis
1917 5594 2098 5654 exitus

581 5701 628 5733 ³⁹
665 5701 857 5757 Matth.
889 5720 1018 5771 xvn,
1046 5703 1139 5759 20.

2205 3292 2422 3360 ρανοίις,
2454 3295 2548 3348 καὶ
2588 3295 2834 3361 καταϐὰς
2869 3296 2946 3362 ὡς
2979 3299 3133 3364 ὑετὸς
3183 3301 3274 3354 ἐπὶ
3304 3305 3493 3365 πόκον,
3547 3302 3642 3356 ἐπὶ
3685 3301 3786 3374 τὴν

2195 3383 2359 3451 ἁγίαν
2390 3385 2666 3458 Παρθένον
2699 3389 2922 3460 Μαρίαν
2943 3406 2956 3420 ·
3020 3393 3050 3445 6
3073 3391 3322 3463 μαθητάς
3355 3393 3537 3466 ἐαυτῷ
3583 3395 3650 3449 ἐκ
3682 3395 3787 3465 τῆς

2201 3472 2300 3542 σῆς
2338 3477 2442 3544 γῆς
2474 3475 2585 3529 τῶν
2645 3478 2912 3548 Ἑϐραίων
2954 3481 3340 3553 ἐκλεξάμενος,
3371 3487 3465 3540 καὶ
3497 3503 3788 3558 μεταμορ-

2200 3561 2400 3630 φωθεὶς
2437 3563 2750 3636 ἔμπροσθεν
2793 3569 2902 3623 τῶν
2962 3572 3278 3642 κορυφαίων
3329 3573 3426 3626 ἐπὶ
3468 3573 3562 3629 τοῦ
3621 3575 3789 3648 δρους

2198 3654 2397 3727 Θαϐώρ
2419 3672 2434 3687 ο
2458 3660 2486 3710 ὁ
2528 3660 2737 3729 φρικτὰ
2786 3666 2990 3733 σημεῖα
3025 3667 3121 3718 καί
3154 3666 3359 3737 τέρατα
3402 3669 3462 3721 ὲν
3496 3669 3649 3739 μέσῳ
3674 3669 3790 3724 τῶν

2198 3755 2534 3825 παρανόμων
2571 3757 2842 3812 Ἰουδαίων
2892 3762 3294 3832 ἐργασάμενος·
3343 3765 3520 3835 Ἰησοῦ
3551 3767 3784 3838 Χριστὲ,

2198 3846 2627 3919 παρακαλοῦμεν
2683 3868 2742 3903 σε
2804 3851 2898 3905 τὸν
2957 3855 3232 3924 πανταχοῦ
3291 3858 3556 3928 παρόντα,
3589 3859 3791 3914 καὶτὰ

2199 3935 2381 4012 πάντα
2433 3937 2780 4009 πληροῦντα·
2820 3941 3048 4013 ἐλέησον
3099 3944 3168 3997 τά
3215 3946 3580 4018 ἐσκοτισμένα
3610 3950 3792 4004 ταῦτα

2199 4024 2401 4097 πλήθη,
2434 4030 2529 4081 καὶ
2560 4031 2848 4097 ὲπισκίαζε
2881 4033 3024 4086 αὐτὰ
3059 4034 3287 4106 δυνάμει
3335 4054 3454 4103 σου,
3495 4039 3594 4094 καὶ
3638 4041 3792 4096 άνοι-

2199 4118 2289 4182 ξον
2313 4122 2442 4183 τοὺς
2475 4119 2742 4192 ζοφεροὺς
2767 4123 3085 4195 ὀφθαλμοὺς
3119 4128 3320 4194 αὐτῶν,
3343 4129 3438 4195 οὓς
3465 4132 3498 4184 6
3534 4131 3791 4198 διάϐολος

2197 4211 2569 4282 ὲξετύφλωσε,
2609 4217 2704 4268 καὶ
2730 4219 2872 4272 κατὰ
2903 4223 2964 4272 τὸ
2993 4221 3199 4290 πλῆθος
3220 4222 3332 4276 τῶν
3351 4224 3656 4295 οἰκτιρμῶν
3689 4243 3786 4279 σου

2200 4304 2505 4373 ἐμφάνισον
2530 4308 2752 4361 σεαυτὸν
2777 4309 3008 4377 τούτοις,
3039 4315 3190 4379 ὅπως
3217 4314 3524 4370 θεάσωνταί
3558 4335 3618 4371 σε
3642 4335 3787 4390 apo.

2197 4394 2394 4490 δήλως,
2437 4397 2532 4490 καὶ
2567 4401 2933 4453 πιστεύσωσιν
2967 4404 3052 4467 είς
3101 4404 3162 4456 σὲ
3200 4405 3291 4458 τὸν
3323 4405 3491 4473 μόνον
3521 4405 3789 4490 emet?»

2199 4487 2354 4554 Θεὸν,
2381 4488 2476 4543 καὶ
2501 4491 2583 4553 είς
2607 4490 2697 4544 τὸν
2717 4494 3118 4550 ἀποστείλαντά
3160 4513 3221 4549 σε
3253 4497 3507 4567 ἀληθινὸν
3533 4487 3782 4570 Πατέρα,

2128 4575 2173 4632 D
2203 4579 2298 4631 καὶ
2325 4581 2406 4645 εἰς
2428 4581 2490 4634 τὸ
2515 4581 2749 4653 Πνεῦμά
2789 4600 2883 4636 σου
2914 4584 2976 4638 τὸ
3001 4584 3178 4652 ἅγιον.
3229 4587 3425 4659 Ἀμήν.
3473 4607 3492 4640 ι

2271 4673 2381 4726 Καὶ
2431 4673 2507 4735 ὡς
2559 4676 2780 4746 εἴρηκεν
2831 4678 2861 4729 6
2913 4678 3104 4742 πιστὸς
3140 4678 3298 4748 δχλος
3336 4682 3432 4733 καὶ
3465 4682 3494 4734 6
3525 4680 3785 4750 βασιλεὺς

2200 4765 2297 4819 σὺν
2327 4769 2440 4832 τοῖς
2475 4769 2566 4821 ὑπ’
2595 4769 2761 4822 αὐτοῦ
2799 4770 3116 4840 μεγιστᾶσι,
3152 4771 3235 4837 τὸ,
3279 4772 3453 4842 Ἀμὴν
3479 4768 3643 4843 (ἦσαν
3670 4775 3782 4845 γὰρ

2200 4860 2421 4912 πάντων
2474 4862 2522 4912 οἱ
2565 4859 2842 4931 ὀφθαλμοὶ
2883 4865 2970 4926 ἐίς
3013 4864 3175 4919 αὐτὸν
3203 4864 3777 4935 ὲναποσκοποῦντες).

2203 4953 2429 5024 σεισμὸς
2460 4954 2640 5025 μέγας
2675 4956 2867 5024 γέγονε
2887 4998 2904 5022 ,
2934 4959 3028 5011 καὶ
3061 4957 3358 5030 ἐϐρόντησε
3403 4957 3544 5030 μετὰ
3581 4957 3782 5028 ίσχύος

2206 5045 2453 5116 μεγάλης
2507 5045 2649 5104 κατὰ
2704 5047 2994 5112 ἀνατολὰς,
3049 5048 3194 5104 ὥστε
3243 5050 3417 5124 φρίκῃ
3451 5048 3783 5122 συσχεθῆναι

2203 5137 2476 5206 ἅπαντας,
2508 5139 2604 5194 καὶ
2636 5142 2826 5194 πεσεῖν
2847 5141 2945 5195 ἐπὶ
2975 5140 3080 5214 τὴν
3108 5143 3236 5214 γῆν.
3267 5145 3382 5198 Καὶ
3405 5143 3552 5215 ,μετά
3584 5142 3783 5216 μικρὸν

2201 5230 2555 5285 ἀναστάντων
2590 5232 2828 5298 πάντων,
2862 5235 2959 5288 καὶ
3007 5235 3149 5290 κατὰ
3182 5235 3458 5300 ἀνατολὰς
3487 5237 3783 5306 προσεχόν-

2199 5340 2332 5388 των,
2381 5324 2490 5379 ίδοὺ
2523 5325 2876 5397 ἀνεῴχθησαν
2920 5328 2977 5381 αἱ
3031 5327 3200 5382 πύλαι
3237 5326 3334 5380 τοῦ
3381 5327 3640 5397 οὐρανοῦ,
3687 5327 3783 5386 καὶ

2203 5417 2408 5483 εὐθέως
2438 5419 2642 5490 νεφέλη
2673 5420 2913 5492 φωτεινὴ
2935 5421 3188 5493 ἦπλωται
3215 5421 3328 5476 ἀπὸ
3351 5420 3453 5492 τῆς
3487 5419 3666 5490 πύλης
3689 5418 3782 5471 τοῦ

2203 5508 2461 5580 οὐρανοῦ,
2493 5509 2628 5564 ὡσεὶ
2654 5512 2843 5576 πεδιὰς
2875 5512 3156 5582 φθάνουσα
3184 5513 3379 5586 μέχρις
3423 5510 3627 5566 αὐτῶν.
3662 5510 3785 5562 ’.Ετι

2203 5599 2261 5654 δὲ
2309 5599 2499 5665 ἀτενὲς
2536 5600 2728 5672 δρῶσι,
2761 5603 2859 5658 καὶ⁹
2905 5602 3015 5660 ἰδοὺ
3048 5605 3254 5676 Κύριος
3293 5600 3644 5677 Ἰησοῦς-άπὸ
3674 5597 3782 5653 τῶν

2025 5801 2237 5860 ΝΟΤΔΕ
2251 5840 2263 5860 .

585 5867 698 5939 (Ἠ)
730 5870 948 5926 Αὐτόν.
983 5870 1144 5928 Forte
1177 5871 1357 5937 αὐτός.
1389 5855 1598 5929 δεξιοῖς.
