4088 6580
257 516 366 581 777

1220 500 1675 567 DISPUTATIO
1712 500 1870 562 CUM
1910 498 2274 561 HERBANO
2312 496 2598 559 JUDEO.

3414 496 3519 557 778

262 633 449 689 πυλῶν
483 630 583 701 τῆς
613 626 797 693 ἐξόδου
834 624 1052 696 ἐκείνης
1091 619 1340 693 ἐλήλυθε·
1379 617 1476 673 καὶ
1498 612 1567 687 ἦν
1602 614 1836 688 ἐρχόμε-

1942 613 2092 668 illius
2124 613 2278 668 venit
2311 630 2323 665 :
2354 620 2411 667 et
2444 610 2510 665 ad
2546 611 2695 679 ipsos
2724 622 2893 679 supra
2925 606 3129 661 nubem
3162 605 3524 662 deambulans

260 746 351 793 νος
399 725 537 797 πρὸς
592 722 815 788 αὐτοὺς,
866 714 1185 792 περιπατῶν
1229 713 1414 767 ἐπάνω
1447 708 1546 782 τῆς
1588 708 1838 779 νεφέλης,

262 820 528 874 ἀπέναντι
561 816 671 869 τῶν
702 811 1004 884 ὀφθαλμῶν
1043 806 1243 863 αὐτῶν.
1273 800 1383 859 Ἦν
1432 804 1491 857 δέ
1534 804 1737 874 ὡραῖος
1762 799 1842 866 τῷ

259 907 451 962 κάλλει
478 905 708 976 σφόδρα.
763 900 1054 973 Ἐλήλυθεν
1081 898 1196 964 οῦν,
1227 897 1325 950 καὶ
1363 894 1493 965 ἔστη
1533 890 1620 944 ἐπ’
1658 890 1843 962 ἄκρων

258 998 357 1069 τῆς
395 995 630 1066 νεφέλης
654 1034 670 1060 ,
705 990 935 1063 πλησίον
986 987 1082 1042 τοῦ
1136 982 1571 1058 ἀρχιεπισκόπου
1612 978 1708 1032 καὶ
1747 978 1842 1031 τοῦ

262 1086 564 1160 συνεδρίου,
618 1084 879 1155 ὑπεράνω
923 1079 982 1135 δὲ
1012 1078 1217 1142 αὐτῶν,
1253 1075 1385 1128 ὡσεὶ
1416 1073 1614 1144 πήχεις
1655 1069 1842 1122 διακο-

262 1184 435 1246 σίους,
484 1178 626 1233 ῶστε
671 1174 902 1247 ὁρᾶσθαι
944 1171 1109 1227 αὐτὸν
1145 1168 1252 1223 ὑπὸ
1284 1166 1522 1226 πάντων,
1552 1160 1842 1231 πορφυρᾶν

261 1272 496 1343 νεφέλην
528 1263 996 1340 περιϐεϐλημένον
1028 1258 1393 1331 ὡραιοτάτην,
1439 1255 1498 1321 ἐξ
1526 1249 1593 1325 ἧς
1637 1249 1843 1343 βολίδες

263 1339 519 1438 θεότητος
568 1339 979 1428 ἐξεπορεύοντο.
1031 1352 1158 1406 Ἐπί⁸
1193 1354 1260 1422 τῇ
1309 1345 1620 1438 κεφαλῇᾼδέ
1653 1339 1840 1438 αὐτοῦ,

260 1432 467 1528 φέγγος
518 1450 835 1523 ἀστραπῆς.
866 1447 963 1501 καὶ
1000 1444 1236 1513 διάδημα
1269 1439 1500 1501 κάλλους
1532 1432 1840 1528 ἀμηχάνου,

260 1553 356 1605 καὶ
382 1551 504 1611 ταῖς
538 1547 751 1601 ἀκτῖσιν
799 1540 875 1603 ὡς
920 1535 1208 1598 ἀκάνθινος
1239 1532 1530 1599 στέφανος,
1571 1525 1739 1596 τομόν
1780 1539 1839 1575 τε

262 1643 519 1709 κατεῖχεν
560 1633 829 1705 εὐωνύμῳ
859 1631 1025 1702 χειρὶ,
1070 1628 1163 1681 καὶ
1196 1627 1263 1697 τῇ
1293 1623 1445 1694 δεξιᾷ
1475 1618 1643 1674 αὐτοῦ
1668 1617 1842 1709 εἴχετο

261 1708 463 1800 ἐαυτῷς
504 1728 595 1791 Ὠς
652 1720 745 1779 οῦν
795 1723 926 1793 ἔστη
988 1717 1278 1772 κατέναντι
1332 1713 1497 1767 αὐτοῦ
1537 1713 1566 1764 ό
1610 1708 1840 1779 Κύριος,

260 1799 468 1891 τρόμος
500 1817 892 1886 ἀνεκδιήγητος
928 1810 1067 1881 μετὰ
1106 1810 1283 1878 χαρᾶς
1326 1804 1595 1861 ἐπέπεσεν
1628 1803 1722 1855 ἐπὶ
1751 1799 1844 1854 τὸν

264 1911 493 1982 βασιλέα
533 1909 626 1962 καὶ
654 1908 782 1968 τοὺς
819 1902 1175 1975 μεγιστᾶνας,
1205 1900 1301 1953 καὶ
1334 1898 1427 1951 ἐπὶ
1468 1897 1576 1949 πᾶν
1613 1894 1675 1947 τδ
1700 1892 1840 1962 πλῆ-

264 2021 358 2075 ρος
376 2001 487 2054 τῶν
520 1996 860 2069 Χριστιανῶν
880 2012 895 2026 ο
927 1993 1065 2048 ὥστε
1096 1989 1204 2044 ἀπὸ
1235 1988 1329 2042 τοῦ
1362 1985 1595 2057 φοϐεροῦ
1623 1983 1835 2038 ἐκείνου

263 2094 556 2163 θεάματος,
587 2088 720 2160 μηδέ
750 2085 1013 2140 δύνασθαι
1037 2082 1237 2144 αὐτοὺς
1272 2078 1630 2150 φθέγξασθαι.
1659 2075 1837 2131 Μόνον

263 2184 322 2237 δέ
351 2182 521 2252 ἡδέως
556 2180 691 2251 πρὸς
720 2177 786 2230 τὰ
821 2176 934 2237 άνω
965 2173 1271 2244 βλέποντες,
1314 2169 1501 2239 ἐώρων
1532 2166 1717 2229 αὐτὸν,
1745 2165 1840 2219 καὶ

261 2275 374 2329 ἀπὸ
411 2273 512 2342 τῆς
547 2272 774 2340 ἀπείρου
820 2265 1160 2337 εὐφροσύνης
1198 2263 1652 2333 κατεπλήττοντο.
1687 2260 1749 2312 Oi
1782 2258 1841 2311 δὲ

275 2363 545 2427 Ἰουδαῖοι,
582 2362 698 2431 ἃμα
742 2357 964 2431 Ἐρϐἄν,
1016 2355 1251 2428 ὁρῶντες
1295 2352 1359 2406 τὺ
1389 2351 1621 2423 φοϐερὸν
1664 2351 1842 2419 ἐκεῖνο

265 2454 588 2525 μυστήριον,
635 2450 1068 2519 κατεπλήττοντο
1116 2445 1346 2516 σφόδρα,
1386 2442 1683 2503 τύπτοντες
1720 2440 1841 2492 ἐαυ-

260 2548 372 2601 τῶν
400 2545 470 2598 τὰ
501 2542 693 2614 στήθη,
734 2541 827 2594 καὶ
856 2539 963 2592 ἀπὸ
991 2538 1086 2592 τοῦ
1118 2538 1321 2608 τρόμου
1353 2533 1710 2603 περιέϐλεπον
1736 2526 1837 2585 ὧδε

261 2638 513 2698 κάκεῖσε,
556 2633 783 2702 ἐζήτουν
823 2630 1148 2700 ἀποδρᾶσαι.
1197 2628 1259 2680 '0
1310 2625 1368 2680 δέ
1408 2622 1839 2696 ἀρχιεπίσκοπος

261 2728 401 2801 πρὸς
428 2727 518 2781 τὸν
558 2725 757 2797 Ἐρϐἄν
790 2722 999 2794 μεγάλῃ
1023 2723 1089 2791 τῇ
1120 2721 1273 2790 φωνῇ
1302 2718 1577 2788 ἐξεϐόησε·
1607 2715 1836 2801 Θέασαι,

260 2798 320 2874 ὦ-
348 2818 574 2891 Ἔρϐᾶν,
625 2817 687 2870 τὸ
734 2813 971 2886 φοϐερὸν
997 2812 1155 2866 τοῦτο
1188 2810 1509 2881 μυστήριον,
1548 2806 1679 2877 περὶ
1706 2798 1767 2858 οῦ
1798 2806 1838 2873 ἡ

262 2910 437 2981 πολλή
466 2927 547 2963 σοι
579 2908 775 2980 ἔρευνα
815 2905 911 2960 καὶ
942 2905 976 2975 ὴ
1016 2901 1335 2973 συζὴτησις,
1365 2901 1459 2953 καὶ
1494 2896 1839 2968 πληροφορή·

261 3004 393 3070 θητι
421 2998 828 3070 ἀναμφιϐόλως,
868 2997 949 3050 ὅτι
996 2989 1077 3058 εἷς
1124 2994 1301 3061 ἅγιος,
1332 2986 1413 3054 εἷς
1458 2988 1687 3060 Κύριος,
1728 2988 1837 3056 Ἰη-

263 3093 397 3158 σοῦς
426 3092 680 3164 Χριστὸς,
704 3092 784 3155 είς
816 3089 972 3154 δόξαν
1003 3086 1138 3141 Θεοῦ
1180 3084 1415 3156 Πατρός.
1462 3082 1658 3151 ’Δμήν.

345 3185 406 3239 '0
434 3185 489 3239 δὲ
525 3183 605 3237 ἔτι
636 3180 865 3236 ἐσιώπα.
904 3175 1107 3233 Ἦλθεν
1137 3172 1230 3231 οὖν
1264 3174 1417 3246 φωνὴ
1446 3172 1600 3243 παρά
1627 3167 1835 3241 Κυρίου

1942 704 2239 761 accedebat
2280 716 2467 759 coram
2500 702 2675 758 oculis
2708 699 2975 771 ipsorum.
3003 698 3136 753 Erat
3180 706 3365 753 autem
3395 713 3521 770 spe-

1942 796 2126 851 ciosus
2171 795 2350 851 forma
2394 793 2573 849 valde.
2619 791 2783 848 Venit
2828 791 3019 861 igitur,
3064 796 3122 844 et
3161 789 3218 843 in
3260 790 3523 844 extremis

1942 886 2193 956 partibus
2213 885 2378 941 nubis
2408 884 2561 940 stetit
2584 898 2755 954 prope
2778 882 3276 953 archiepiscopum,
3308 892 3365 937 et
3393 897 3523 937 con-

1943 990 2156 1031 sessum
2182 975 2348 1048 659
2376 975 2493 1031 sive
2526 973 2843 1038 concilium,
2887 987 3053 1041 supra
3098 970 3244 1042 ipsos
3276 970 3391 1025 fere
3421 971 3524 1025 du-

1943 1076 2135 1124 centos
2163 1068 2401 1132 cubitos,
2448 1065 2523 1121 ita
2556 1074 2618 1119 ut
2666 1064 2784 1134 ipse
2825 1062 3112 1118 videretur
3152 1061 3223 1116 ab
3263 1062 3524 1117 omnibus

1942 1172 2218 1227 purpurea
2249 1156 2397 1210 nube
2421 1152 2867 1211 circumamictus
2893 1151 3288 1222 pulcherrima,
3314 1165 3383 1204 ex
3413 1166 3521 1219 qua

1943 1246 2248 1303 divinitatis
2276 1247 2417 1302 radii
2446 1246 2779 1303 emicabant.
2806 1243 2868 1298 ln
2900 1241 3080 1311 capite
3114 1241 3233 1311 ejus
3260 1239 3521 1311 splendor

1942 1336 2195 1410 fulguris,
2240 1346 2298 1393 et
2339 1339 2591 1394 diadema
2630 1333 3064 1407 pulchritudinis
3098 1331 3519 1394 inaestimabilis,

1942 1438 1999 1484 et
2031 1430 2201 1487 radiis
2234 1430 2388 1484 velut
2419 1428 2609 1499 spinea
2635 1442 2837 1480 corona
2864 1442 2879 1479 :
2911 1424 3265 1495 gladiumque
3298 1422 3521 1477 tenebat

1943 1536 2108 1576 manu
2143 1520 2386 1585 sinistra,
2428 1528 2484 1574 et
2519 1519 2712 1574 dextra
2769 1517 3033 1585 seipsum.
3079 1514 3150 1571 Ut
3175 1514 3341 1585 igitur
3367 1514 3522 1569 stetit

1944 1628 2127 1667 coram
2170 1613 2288 1683 ipso
2322 1612 2607 1675 Dominus,
2652 1617 2858 1663 tremor
2896 1622 3006 1661 non
3044 1606 3368 1662 enarrabilis
3393 1621 3519 1660 cum

1942 1704 2142 1775 gaudio
2170 1704 2225 1758 in
2256 1704 2436 1775 ipsum
2465 1716 2649 1773 regem
2677 1708 2735 1756 et
2773 1700 3068 1770 Optimates
3110 1699 3324 1763 incidit,
3355 1707 3521 1767 atque

1945 1798 2001 1852 in
2028 1813 2245 1853 omnem
2268 1797 2710 1853 Christianorum
2741 1795 3184 1858 multitudinem;
3216 1794 3298 1850 sic
3328 1803 3387 1849 ut
3410 1811 3521 1864 pne

1945 1889 2039 1943 illo
2076 1887 2355 1943 horrendo
2386 1888 2704 1957 spectaculo
2736 1900 2918 1955 neque
2957 1885 3062 1954 ipsi
3094 1884 3245 1954 loqui
3270 1892 3515 1954 possent.

1942 1978 2299 2035 Solummodo
2328 1994 2545 2035 sursum
2576 1978 2872 2034 obtuentes
2901 1976 3146 2048 jucunde
3180 1977 3359 2047 ipsum
3388 1992 3521 2032 con-

1940 2070 2265 2140 spiciebant,
2300 2079 2357 2126 et
2388 2086 2501 2140 pra:
2533 2071 2799 2125 immensa
2838 2080 3000 2138 atque
3038 2069 3352 2124 incredibili
3382 2070 3519 2125 laeti-

1941 2161 2016 2214 tia
2042 2160 2264 2215 attoniti
2290 2160 2698 2231 stupescebant.
2726 2160 2899 2216 Judaei
2933 2175 3066 2215 vero
3094 2174 3220 2215 cum
3254 2176 3355 2214 suo
3384 2162 3521 2214 Her-

1940 2249 2086 2306 bano
2108 2249 2376 2307 horribile
2410 2260 2468 2308 et
2509 2250 2856 2307 tremendum
2886 2249 3019 2305 illud
3049 2250 3367 2321 mysterium
3400 2264 3519 2319 spe-

1943 2350 2156 2397 ctantes
2197 2342 2383 2397 animo
2425 2342 2868 2413 percellebantur
2910 2340 3090 2404 valde,
3153 2355 3252 2394 sua
3298 2347 3519 2408 pectora

1942 2431 2268 2499 tundentes;
2300 2442 2357 2488 et
2405 2449 2518 2503 pra:
2568 2443 2812 2489 tremore
2856 2448 2921 2487 ac
2962 2432 3258 2487 formidine
3304 2432 3416 2487 huc
3465 2441 3521 2485 et

1940 2520 2072 2578 illuc
2120 2524 2654 2595 circumspicientes,
2704 2526 2888 2598 fugam
2946 2524 3286 2595 quaerebant.
3327 2523 3521 2579 Archi-

1941 2616 2232 2686 episcopus
2270 2626 2452 2672 autem
2479 2618 2543 2673 ad
2573 2618 2890 2673 Herbanum
2922 2617 3030 2672 alta
3054 2633 3189 2673 voce
3220 2619 3474 2674 clamavit
3505 2639 3517 2671 :

1940 2705 2352 2777 Contemplare,
2385 2723 2418 2763 o
2451 2709 2738 2775 Her-banc,
2785 2710 3104 2765 horrificum
3142 2710 3274 2764 illud
3314 2720 3523 2782 myste-

1942 2800 2108 2865 rium,
2140 2801 2209 2855 de
2236 2817 2345 2870 quo
2373 2801 2470 2856 tibi
2501 2817 2697 2873 magna
2722 2809 2807 2857 est
2835 2802 3101 2857 scrutatio
3125 2812 3183 2857 et
3211 2802 3519 2872 inquisitio,

1940 2901 2104 2961 atque
2126 2892 2508 2948 inconcussam
2528 2901 2585 2949 et
2604 2903 2811 2947 certam
2840 2892 3041 2948 habeto
3063 2892 3247 2959 fidem,
3275 2904 3331 2948 et
3356 2896 3521 2950 crede

1941 2983 2337 3049 indubitanter,
2386 2984 2534 3054 quod
2581 2999 2724 3039 unus
2770 2992 3014 3047 sanctus,
3053 3001 3200 3041 unus
3229 2987 3518 3049 Dominus.

1939 3074 2097 3130 Jesus
2123 3073 2397 3140 Christus,
2431 3075 2486 3130 in
2511 3076 2739 3147 gloriam
2764 3076 2859 3130 Dei
2888 3075 3084 3141 Patris.
3115 3076 3310 3132 Amen.

2013 3168 2115 3222 llic
2156 3176 2342 3223 autem
2391 3168 2574 3223 adhuc
2623 3168 2863 3224 tacebat.
2909 3168 3075 3224 Venit
3120 3168 3292 3240 igitur
3332 3186 3438 3226 vox
3490 3189 3520 3227 a

260 3276 405 3347 πρὸς
435 3275 563 3337 τοὺς
592 3272 911 3334 Ἰουδαίους·
937 3269 1036 3323 Διά
1075 3269 1174 3339 τὴν
1207 3265 1453 3337 μεγάλην
1486 3261 1838 3333 παράκλησιν

1945 3260 2179 3315 Domino
2211 3260 2277 3315 ad
2299 3260 2517 3316 Iudaeos
2541 3278 2556 3313 :
2581 3261 2816 3330 Propter
2837 3276 3089 3331 magnam
3113 3262 3518 3335 archiepiscopi

260 3366 359 3421 τοῦ
400 3364 833 3437 ἀρχιεπισκόπου
865 3401 882 3426 ,
910 3360 1172 3431 φαίνομαι
1212 3360 1341 3429 ὑμῖν
1377 3356 1610 3411 ἐνώπιον
1636 3353 1788 3423 ὑμῶν
1820 3391 1835 3416 ,

262 3456 377 3527 ἐγὼ
404 3460 432 3512 ὁ
458 3456 792 3528 σταυρωθε“ις
822 3453 973 3524 παρά
1000 3453 1109 3504 τῶν
1137 3451 1393 3519 πατέρων
1433 3446 1610 3517 ὑμῶν.
1642 3444 1755 3513 Τῆς
1781 3442 1839 3495 δὲ

263 3548 454 3618 φωνῆς
479 3545 805 3616 γεγονυίας,
840 3541 1187 3614 ἐπτοήθησαν
1235 3538 1461 3603 πάντες,
1511 3538 1606 3591 καὶ
1643 3534 1839 3588 ἔπεσον

264 3641 497 3711 πρηνεῖς
515 3639 609 3692 ἐπὶ
632 3638 731 3707 τῆς
755 3636 860 3706 γῆς
879 3650 895 3666 ·
921 3634 1016 3688 καὶ
1034 3635 1171 3704 ὅπερ
1190 3632 1322 3685 ποτέ
1342 3632 1371 3684 ό
1398 3627 1669 3700 μακάριος
1689 3625 1840 3680 Παῦ-

261 3731 359 3794 λος
391 3731 451 3782 ἐν
493 3727 570 3799 τῷ
596 3726 827 3797 ὀφθῆναι
854 3724 1003 3795 αύτῷ
1034 3724 1126 3777 τὸν
1151 3721 1357 3793 Κύριον
1379 3762 1394 3785 ,
1427 3718 1716 3773 ἐπεπόνθει
1745 3733 1839 3769 τυ-

264 3819 538 3892 φλωθεὶς,
572 3818 634 3871 τὸ
660 3817 795 3871 αὐτὸ
829 3815 894 3887 δὴ
921 3814 1082 3868 τοῦτο
1120 3814 1215 3866 καὶ
1246 3811 1402 3865 αὐτοὶ⁹
1420 3810 1543 3863 τότε
1572 3805 1841 3861 πεπόνθα-

266 3930 356 3965 σιν
379 3926 395 3940 ⁶
429 3910 790 3980 ἀνεῳγμένων
816 3906 927 3979 γὰρ
962 3906 1073 3960 τῶν
1096 3902 1393 3975 ὀφθαλμῶν
1422 3901 1621 3965 αὐτῶν,
1647 3897 1841 3953 οὐδένα

262 4001 518 4055 ἔϐλεπον.
556 3998 775 4053 Τούτων
807 3996 980 4061 οὕτως
1014 3994 1318 4065 γεγονότων
1338 4033 1355 4061 ,
1383 3992 1526 4046 κατά
1551 3990 1841 4063 πρόσωπον

263 4093 362 4149 τοῦ
393 4092 598 4165 Κυρίου
632 4090 920 4162 ῥίζωθεῖσα
944 4091 1024 4153 είς
1054 4088 1187 4159 ὕψος
1214 4090 1248 4160 ἠ
1273 4085 1531 4141 ὑποκάτω
1555 4083 1721 4138 αὐτοῦ
1750 4101 1839 4137 νε-

266 4185 405 4256 φέλη
434 4184 671 4254 φωτεινὴ
712 4181 1029 4252 ἀπέκρυψεν
1059 4181 1221 4234 αὐτὸν
1259 4179 1368 4234 ἀπὸ
1408 4176 1702 4250 προσώπου
1742 4176 1841 4229 αὐ-

265 4274 378 4329 τῶν
399 4289 415 4305 ο
448 4274 542 4328 καὶ
592 4271 765 4335 οὕτως
792 4270 886 4325 τοῦ
919 4270 1190 4341 Σωτῆρως
1219 4269 1313 4323 ἐπὶ
1344 4269 1413 4323 τὰ
1445 4268 1593 4323 ἔνδον
1630 4268 1840 4322 ἀναπα-

263 4360 507 4428 τοῦντος,
559 4360 700 4415 κατὰ
743 4361 941 4432 μικρὸν
979 4358 1359 4413 συνεδιπλοῦτο
1399 4359 1622 4412 δπισθεν
1672 4356 1837 4411 αὐτοῦ

263 4457 365 4508 καὶ
396 4455 430 4525 ή
474 4451 698 4523 νεφέλη,
732 4453 928 4523 μέχρις
968 4444 1030 4505 οὖ
1062 4451 1209 4505 ἔνδον
1233 4449 1480 4521 ἐχώρησε
1528 4449 1637 4502 τῶν
1672 4451 1841 4521 οὐρα-

264 4547 419 4604 νίων.
460 4546 522 4600 ’0
563 4546 619 4599 δέ
650 4544 901 4615 βασιλεὺς
933 4544 1025 4597 καὶ
1050 4543 1120 4597 τὰ
1153 4543 1332 4615 πλήθη
1361 4540 1471 4596 τῶν
1497 4544 1839 4613 Χριστιανῶν

1948 3353 2374 3418 invocationem,
2407 3368 2648 3423 apparco
2682 3353 2843 3408 vobis
2884 3353 2939 3408 in
2964 3354 3143 3409 oculis
3172 3355 3393 3420 vestris,
3419 3372 3522 3427 ego

1946 3444 2247 3500 crucifixus
2301 3460 2329 3499 a
2377 3444 2630 3515 patribus
2674 3446 2892 3500 vestris.
2930 3443 3077 3500 Voce
3131 3455 3317 3501 autem
3374 3449 3521 3505 edita

1946 3536 2167 3591 attoniti
2190 3537 2525 3606 stupuerunt
2558 3550 2771 3600 omnes,
2804 3546 2861 3592 et
2897 3537 3058 3607 proni
3084 3538 3140 3592 in
3166 3548 3369 3595 terram
3391 3556 3525 3597 eone

1887 3628 1893 3633 ’
1946 3628 2208 3683 ciderunt
2232 3645 2248 3682 :
2272 3636 2329 3683 et
2359 3627 2509 3695 quod
2532 3628 2695 3683 beato
2718 3628 2913 3693 Paulo,
2937 3644 3063 3683 cum
3095 3630 3226 3686 huic
3253 3632 3521 3690 Dominus

1946 3718 2224 3788 apparuit,
2283 3718 2563 3787 quondam
2602 3719 2807 3801 accidit
2857 3726 2917 3773 ut
2958 3731 3355 3790 excaecaretur,
3417 3724 3522 3781 hoc

1946 3810 2094 3865 idem
2149 3810 2285 3879 ipsis
2308 3810 2499 3864 evenit
2532 3827 2545 3863 :
2580 3810 2852 3881 siquidem
2887 3813 3097 3883 apertis
3133 3817 3311 3872 oculis
3342 3819 3521 3874 nemi-

1946 3915 2073 3955 nem
2125 3901 2407 3956 videbant.
2459 3900 2591 3967 Quze
2639 3918 2764 3957 cum
2809 3903 2889 3957 sic
2935 3904 3081 3960 facta
3130 3906 3390 3973 fuissent,
3453 3911 3519 3966 ad

1898 4019 1909 4027 -
1945 3989 2142 4045 faciem
2172 3990 2390 4045 Domini
2424 3989 2666 4045 radicata
2697 3991 2752 4045 in
2784 3992 3030 4058 sublimi,
3063 4010 3185 4064 qua;
3216 4006 3339 4053 erat
3360 3999 3525 4055 dcor-

1947 4098 2070 4139 sum
2113 4084 2218 4140 sub
2252 4084 2372 4155 ipso
2396 4085 2573 4140 nubes
2604 4085 2812 4151 lucida,
2834 4102 2962 4141 eum
2998 4088 3300 4144 occultavit
3324 4106 3354 4145 a
3382 4090 3522 4147 faeie

1946 4174 2193 4245 ipsorum
2223 4193 2237 4229 :
2266 4187 2323 4232 et
2349 4176 2430 4232 sic
2472 4176 2767 4233 Servatore
2790 4178 2858 4233 ad
2886 4179 3106 4234 interna
3141 4196 3359 4236 sursum
3398 4199 3525 4253 per-

1944 4267 2283 4333 ambulante,
2302 4268 2568 4338 paulatim
2612 4269 3109 4339 conduplicabatur
3130 4286 3158 4325 a
3176 4280 3329 4343 tergo
3348 4274 3523 4344 ipsius

1944 4359 2145 4422 nubes,
2184 4360 2361 4415 donec
2403 4359 2471 4415 ad
2523 4361 2772 4417 caelestia
2802 4361 3085 4417 domicilia
3137 4379 3397 4421 reversus
3437 4380 3523 4422 est

1947 4447 2231 4505 Dominus.
2283 4452 2399 4506 Rex
2444 4459 2629 4506 autem
2668 4460 2726 4507 et
2766 4453 2942 4508 turbae
2983 4452 3423 4511 Christianorum
3459 4459 3524 4512 li-

1945 4541 2108 4597 ducia
2156 4544 2474 4606 recollecta,
2520 4552 2656 4599 tunc
2695 4544 2877 4599 valida
2918 4555 2975 4600 et
3024 4544 3179 4600 ﬁrma
3232 4564 3365 4603 voce
3410 4561 3524 4605 cla-

264 4635 572 4709 τηνικαῦτα
609 4635 1093 4707 θαρσοποιηθέντες
1123 4676 1137 4701 ,
1188 4635 1385 4706 ἰσχυρᾷ
1412 4636 1478 4705 τῇ
1515 4637 1664 4705 φωνῇ
1715 4634 1829 4687 6m-

1942 4636 2479 4703 marunt:Domine,
2521 4637 2810 4692 miserere.
2856 4637 2926 4691 Et
2964 4639 3302 4695 reverendus
3340 4643 3524 4697 archi-

268 4727 398 4782 σθεν
427 4725 592 4781 αὐτοῦ
614 4727 867 4796 ἔκραζον,
894 4726 973 4791 τὸ,
1001 4725 1194 4797 Κύριε,
1221 4726 1462 4794 ἐλέησον.
1486 4724 1597 4779 Καὶ
1613 4727 1641 4778 ὁ
1664 4725 1842 4795 τίμιος

266 4821 700 4891 ἀρχιεπίσκοπος
747 4818 963 4889 πρηνὴς
987 4818 1130 4871 κατὰ
1170 4818 1274 4889 γῆς
1300 4817 1498 4879 ἔκειτο,
1531 4817 1624 4871 καὶ
1656 4817 1839 4886 δέησιν

266 4911 549 4981 προσῆγεν
569 4904 756 4980 Κυρίῳ
785 4909 863 4979 τῷ
888 4908 1008 4978 Θεῷ
1041 4908 1220 4979 ἡμῶν.
1252 4908 1472 4963 Τούτων
1497 4906 1668 4971 οὕτως
1697 4925 1840 4980 παρ-

265 4998 773 5071 ακολουθησάντων,
803 5000 899 5052 καὶ
922 5000 1139 5054 πάντων
1158 4998 1309 5069 ἐντῷ
1330 4998 1591 5069 συνεδρίῳ
1622 4998 1841 5068 ἀθροισ-

267 5091 503 5156 θέντων,
544 5091 796 5162 μεγάλως
824 5090 916 5144 τδν
947 5089 1381 5161 άρχιεπίσκοπον
1428 5090 1457 5143 ὅ
1496 5106 1556 5142 τε
1589 5090 1844 5159 βασιλεὺς

267 5184 367 5241 καὶ
395 5185 431 5255 ἡ
454 5184 556 5238 σὺν
586 5182 742 5253 αὺτῷ
766 5182 1093 5252 σύγκλητος,
1126 5182 1520 5252 εὐλαϐούμενοι
1552 5180 1844 5250 ἐφοϐοῦντο

266 5275 366 5330 καὶ
397 5275 748 5348 ύπερετίμων
788 5274 995 5346 σφόδρα
1028 5275 1380 5346 γεραίροντες
1409 5273 1546 5343 ὁμοῦ
1588 5274 1684 5327 καὶ
1712 5272 1842 5326 θαυ-

268 5366 559 5437 μάζοντες.
606 5369 669 5420 Oi
708 5365 768 5421 δέ
804 5365 1054 5421 Ἰουδαῖοι
1087 5362 1169 5429 εἷς
1204 5366 1296 5420 τὸν
1340 5365 1525 5437 ἕτερον
1565 5361 1840 5435 ἐπερώτα,

268 5458 500 5521 Βλέπεις
535 5458 640 5512 κᾶν
664 5459 749 5524 σὺ,
775 5458 1008 5528 ἀδελφέ;
1051 5459 1110 5511 '0
1146 5457 1203 5511 δέ
1247 5458 1485 5527 ἔφασκεν
1512 5473 1528 5489 ·
1553 5455 1839 5527 Οὐδαμῶς.

270 5542 443 5604 Εἶπον
498 5548 556 5602 δέ
606 5548 746 5620 πρὸς
783 5548 1006 5619 Ἐρϐἄν,
1049 5548 1187 5601 Οὐαὶ
1231 5550 1383 5618 ἡμῖν,
1429 5547 1747 5613 διδάσκαλε,
1788 5546 1844 5600 τί

266 5638 537 5709 ποιοῦμεν
591 5638 759 5710 apvt;
806 5639 864 5692 Ὀ
913 5639 972 5693 δέ
1007 5638 1144 5710 πρὸς
1191 5639 1407 5702 αὐτοὺς,
1454 5637 1647 5708 Ἡμεῖς
1696 5638 1845 5709 μόνοι

266 5729 740 5801 ἀπετυφλὼθημεν
761 5729 1089 5801 θεασάμενοι
1102 5731 1193 5784 τὸν
1207 5731 1339 5785 Θεὸν
1357 5730 1464 5783 τῶν
1481 5730 1842 5796 Χριστιανῶν,

266 5822 300 5891 ἦ
333 5823 581 5877 κάκεῖνοι
620 5822 777 5877 τοῦτο
813 5822 1155 5887 πεπόνθασι;
1199 5823 1306 5875 Καί
1346 5839 1486 5886 τινες
1514 5822 1621 5877 τῶν
1664 5821 1845 5874 ἐκεῖσε

266 5914 609 5986 Χριστιανῶν
627 5915 801 5967 ταῦτα
829 5914 1146 5986 ἀκηκοότες,
1169 5909 1321 5967 εἶπον
1345 5914 1559 5989 μεγάλῃ
1580 5915 1645 5985 τῇ
1667 5916 1841 5986 φωνῇ-

596 6014 862 6075 Pauor.
916 6012 1031 6073 Gn.
1094 6012 1437 6074 LXXXVI.

1946 4727 2241 4797 episcopus
2265 4743 2507 4783 cernuus
2526 4737 2583 4783 et
2606 4744 2819 4798 pronus
2835 4727 2891 4782 in
2920 4736 3119 4783 terram
3142 4730 3519 4800 incumbebat,

1945 4827 2002 4873 et
2045 4818 2113 4872 ad
2149 4820 2444 4874 Dominum
2490 4820 2662 4874 Deum
2698 4828 2948 4874 nostrum
2992 4835 3183 4891 preces
3233 4822 3520 4879 fundebat.

1945 4908 2043 4964 His
2077 4909 2152 4963 ita
2194 4911 2531 4974 consecutis,
2559 4918 2617 4965 et
2649 4910 2909 4965 omnibus
2931 4910 2987 4964 in
3023 4912 3261 4966 concilio
3287 4921 3523 4984 cdngre-

1946 4998 2106 5069 gatis,
2159 5013 2254 5052 rex
2307 5010 2365 5053 et
2404 5014 2528 5053 cum
2561 4999 2682 5068 ipso
2736 5008 2984 5063 senatus.
3034 5000 3520 5073 archiepiscopum

1946 5088 2200 5160 religiose
2240 5089 2540 5145 admodum
2573 5097 2834 5146 verentes
2870 5099 2928 5145 et
2956 5090 3172 5146 honore
3204 5093 3520 5150 incredibili

1946 5181 2423 5251 prosequebantur
2449 5190 2779 5237 venerantes
2809 5190 2866 5237 et
2894 5181 3233 5240 admirantes
3266 5202 3279 5238 :
3306 5186 3525 5242 Judao—

1948 5289 2071 5327 rum
2131 5283 2317 5328 autem
2364 5289 2509 5328 unus
2553 5274 2789 5328 alterum
2836 5275 3257 5346 interrogabat:
3290 5278 3523 5335 Videsne

1946 5374 2004 5421 et
2042 5375 2100 5420 tu
2156 5364 2375 5421 frater?
2406 5364 2510 5420 llic
2550 5365 2812 5421 dicebat:
2849 5366 3014 5422 Nullo
3038 5368 3226 5424 modo.
3270 5369 3525 5427 Herhano

1948 5465 2132 5513 autem
2151 5457 2411 5512 dixerunt
2430 5458 2551 5512 εγω
2570 5457 2751 5521 nobis,
2774 5459 3057 5529 magister,
3074 5460 3337 5530 quidnam
3360 5463 3524 5519 modo

1949 5548 2253 5605 faciemus?
2287 5549 2389 5604 Hic
2411 5557 2596 5605 autem
2631 5549 2768 5620 ipsis
2790 5549 2929 5605 dixit
2956 5567 2970 5604 :
2993 5551 3104 5607 Nos
3133 5551 3238 5606 soli
3264 5555 3522 5609 excaecati

1949 5639 2177 5705 fuimus,
2214 5638 2661 5696 Christianorum
2689 5642 2862 5697 Deum
2890 5644 3239 5713 conspicati?
3272 5647 3522 5716 nunquid

1949 5741 2007 5786 et
2026 5730 2253 5798 illisboc
2273 5731 2419 5785 idem
2435 5731 2678 5788 accidit?
2700 5732 2934 5800 Quidam
2951 5751 3083 5790 vero
3104 5750 3169 5791 ex
3192 5735 3527 5794 Christianis

1950 5836 2075 5878 cum
2132 5822 2249 5877 haec
2305 5822 2668 5889 audivissent,
2725 5825 2832 5879 alta
2884 5840 3020 5881 voce
3075 5825 3523 5885 dixeruntzAb-

1952 5913 2044 5969 tsi.
2094 5911 2205 5968 Nos
2260 5911 2483 5983 quidem
2536 5912 2835 5969 Christiani
2892 5915 3065 5987 gratia
3119 5916 3241 5986 ejus
3290 5916 3524 5989 inexpli-

3153 6013 3233 6073 23
