4088 6570
563 463 672 530 779

1534 458 1596 521 S.
1639 458 2065 524 GBEGENTII
2102 461 2341 524 EPISC.
2375 463 2909 532 TAPIIARENSIS

3747 471 3842 534 780

563 575 733 634 cabili
781 574 964 645 ipsum
1003 536 1384 642 cbntemplati,
1411 571 1632 628 acutius
1670 579 1727 626 et
1765 572 1964 627 melius
2004 589 2153 629 nunc

2268 573 2360 646 Μὴ
2389 574 2619 643 γένοιτο.
2639 575 2828 647 Ἡμεῖς
2853 576 2962 646 γὰρ
2983 576 3032 628 οῖ
3063 576 3416 646 Χριστιανοὶ,
3439 579 3504 649 τῇ
3536 577 3724 650 χάριτι
3753 580 3841 633 αύ-

563 663 851 723 cernimus
899 675 1066 732 quam
1113 669 1276 716 antea
1323 659 1672 715 videbamus.
1712 661 1823 716 Vos
1864 661 1970 716 soli
2026 663 2156 719 czeci

565 758 696 814 facti
753 755 893 812 estis
949 761 1184 826 propter
1239 750 1530 823 perﬁdiam
1595 761 1652 808 et
1709 753 2155 811 incredulitatem

563 859 831 906 vestram.
878 847 1015 904 Cum
1067 847 1237 918 igitur
1283 860 1478 901 omnes
1527 832 1659 901 caeci
1714 855 1922 911 essent,
1974 863 2156 934 npque

565 947 793 1001 omnino
842 943 1118 1007 viderent,
1165 941 1459 996 Herbanus
1495 957 1660 996 manu
1707 941 1911 999 ductus
1957 944 2024 999 ad
2068 959 2154 1000 ar-

563 1038 981 1108 chiepiscopum
1007 1034 1182 1100 venit,
1200 1041 1271 1089 et
1287 1033 1428 1089 dixit
1449 1033 1518 1089 ad
1540 1033 1759 1104 ipsum:

635 1215 840 1270 HERB.
863 1212 1056 1270 Omnis
1084 1211 1253 1266 homo
1288 1226 1452 1266 suum
1481 1210 1656 1266 Deum
1697 1210 1954 1274 intuitus.
1989 1210 2058 1264 ab
2087 1225 2155 1266 eo

562 1306 898 1365 beneﬁcium
946 1303 1170 1373 accipit.
1219 1303 1332 1358 Nos
1369 1311 1558 1356 autem
1593 1302 1767 1356 Deum
1817 1309 1974 1355 tuum
2010 1300 2160 1354 vidi-

564 1415 710 1465 mus,
752 1408 809 1454 et
837 1397 983 1451 mala
1037 1395 1378 1464 accepimus.
1421 1392 1476 1447 Si
1507 1392 1830 1464 hujusmodi
1883 1391 2156 1447 beneﬁcia

564 1496 620 1548 in
656 1507 752 1548 eos
787 1489 1006 1546 confert
1049 1487 1144 1557 qui
1176 1485 1244 1540 ad
1292 1487 1475 1556 ipsum
1521 1485 1839 1552 accedunt,
1877 1493 2032 1541 certe
2070 1483 2158 1539 sui

562 1583 742 1638 Patris
789 1578 1095 1634 bonitatem
1128 1591 1238 1631 non
1271 1576 1507 1646 adeptus
1533 1584 1639 1630 est.

612 1697 692 1754 ‘S.
729 1694 935 1752 ARCl-l.
961 1694 1099 1748 Deus
1119 1690 1389 1744 altionum
1418 1688 1699 1753 Dominus,
1726 1687 1866 1742 Deus
1888 1687 2154 1742 ultionum

561 1790 729 1845 etiam
753 1801 902 1841 nunc
919 1784 1080 1838 libere
1097 1783 1200 1852 egit
1217 1782 1284 1834 ‘°.
1312 1778 1632 1834 Secundum
1657 1786 1876 1833 vestras
1898 1777 2155 1846 blasphe-

561 1880 723 1945 mias,
757 1878 812 1932 id
847 1885 953 1940 est,
982 1872 1596 1943 impiascontumelias
1625 1878 1684 1925 et
1711 1869 1983 1940 sacrilega
2017 1883 2155 1923 con-

561 1971 705 2027 vicia
739 1977 924 2024 vestra
973 1967 1033 2020 in
1066 1966 1244 2030 illum,
1276 1963 1434 2018 vobis
1469 1962 1680 2016 factum
1709 1970 1814 2018 est.

631 2061 840 2117 HERB.
882 2059 942 2114 Si
995 2057 1202 2112 malum
1250 2070 1354 2125 pro
1403 2055 1549 2110 malo
1595 2054 1877 2124 rependit,
1928 2052 2152 2108 cuinam

562 2163 756 2227 postea
787 2161 978 2206 nostra
1020 2148 1275 2204 curanda
1307 2148 1472 2218 660
1513 2147 1853 2202 committit?

634 2246 693 2301 S.
726 2242 935 2300 ARCH.
968 2241 1218 2296 Medicus
1270 2239 1583 2294 membrum
1619 2252 1814 2294 secans
1861 2238 2154 2308 quodcun-

561 2350 671 2406 que
701 2331 942 2404 putruit,
985 2345 1098 2384 non
1136 2337 1203 2382 ut
1250 2336 1447 2382 auctor
1481 2328 1744 2382 sectionis
1772 2327 2149 2398 redarguitur.

561 2425 813 2496 Indignis
851 2421 1003 2478 enim
1035 2419 1216 2476 oculis
1254 2417 1554 2474 Dominum
1603 2419 1862 2487 contuiti,
1891 2417 2154 2474 excazcati

564 2520 770 2574 fuistis.

634 2611 839 2667 HERB.
874 2610 955 2665 Ex
986 2607 1251 2663 omnibus
1295 2621 1418 2677 quae
1469 2605 1570 2661 abs
1626 2612 1680 2660 te
1730 2604 2046 2660 audivimus
2098 2611 2153 2658 et

562 2705 826 2766 vidimus,
854 2703 960 2756 hoc
990 2700 1169 2755 solum
1195 2699 1297 2753 tibi
1323 2706 1516 2762 restat,
1534 2707 1606 2751 'ut
1628 2697 1954 2767 aperiantur
1976 2693 2154 2750 nostri

563 2794 736 2858 oculi,
770 2801 824 2846 et
865 2788 1174 2846 Christiani
1203 2803 1396 2843 omnes
1425 2786 1749 2843 etﬁciamur.
1785 2784 1943 2851 Quod
1967 2784 2013 2839 si
2048 2784 2156 2839 hoc

567 2887 726 2943 nobis
770 2901 881 2940 non
924 2881 1244 2953 perfeceris,
1295 2880 1498 2936 reddes
1546 2880 1822 2936 rationem
1858 2878 1916 2933 in
1955 2877 2155 2948 dieju—

562 2979 698 3036 dicii
741 2993 844 3048 pro
877 2975 1062 3030 nobis.

635 3071 694 3128 S.
729 3068 938 3126 ABCH.
977 3066 1035 3121 Si
1067 3065 1239 3136 vultis
1275 3071 1336 3119 ut
1358 3080 1459 3120 vos
1495 3063 1739 3135 spiritali
1771 3063 1994 3118 lavacro
2021 3077 2154 3132 per-

563 3163 816 3227 fundam,
860 3160 1042 3214 visum
1083 3156 1388 3233 recipietis.

635 3251 841 3307 HERB.
888 3248 946 3303 Si
979 3262 1080 3302 nos
1105 3245 1448 3316 perfuderis,
1491 3253 1548 3300 et
1590 3257 1773 3314 neque
1804 3242 1983 3298 nostri
2012 3256 2152 3311 ‘ape-
2180 3298 2203 3316 ι

565 3347 783 3400 risntur
821 3341 993 3405 oculi,
1048 3338 1182 3410 quid
1217 3337 1510 3398 futurum?

621 3437 679 3492 S.
721 3431 928 3489 ARCH.
959 3431 1166 3496 Unum,
1195 3428 1398 3499 inquit,
1420 3426 1656 3499 puriﬁco
1681 3427 1904 3482 lavacro
1928 3424 2151 3480 abluam

563 3544 633 3585 ex
655 3526 850 3591 vobis;
886 3523 982 3594 qui
1009 3522 1061 3578 si
1084 3521 1265 3577 visum
1303 3535 1418 3576 non
1450 3518 1744 3589 receperit,
1779 3533 1850 3573 ne
1885 3526 2017 3572 tunc
2047 3516 2155 3572 hoc

563 3617 919 3689 acceperitis.

636 3712 752 3768 Hoc
779 3720 966 3766 autem
999 3707 1260 3764 Herbano
1304 3706 1518 3777 placuit
1567 3714 1620 3761 et
1651 3705 1932 3760 omnibus.
1969 3702 2152 3773 Atque

565 3819 694 3858 cum
754 3818 823 3857 ex
886 3801 976 3856 his
1014 3815 1162 3856 unus
1225 3798 1440 3854 caelesti
1491 3799 1715 3852 lavacro
1750 3797 1974 3852 Itinctus
2022 3794 2148 3860 fuit,

564 3894 832 3950 continuo
864 3892 1076 3963 apertis
1113 3891 1294 3946 oculis
1320 3889 1502 3945 visum
1530 3888 1762 3960 recepit,
1787 3897 1844 3944 et
1869 3887 2149 3951 clamavit,

473 4035 475 4038 τ
563 3987 755 4040 dicens
779 3983 1259 4040 :Jesusthristus
1292 3982 1439 4037 Deus
1467 3991 1552 4037 est
1583 3997 1774 4047 verus,
1811 3991 1868 4037 et
1893 3981 2064 4037 credo
2093 3979 2150 4034 in

565 4079 767 4146 ipsum.
800 4073 917 4129 Hoc
945 4089 1072 4129 cum
1108 4072 1422 4128 audiissent
1466 4073 1676 4138 caeteri,
1714 4089 1848 4128 cum
1865 4072 2150 4129 alacritate

564 4184 760 4238 magna
787 4167 856 4222 ad
903 4174 1327 4221 sacrosanctum
1359 4164 1642 4220 lavacrum
1674 4172 2051 4226 accesserunt.
2095 4174 2152 4221 et

561 4259 766 4315 Christi
815 4258 1100 4327 signaculo
1134 4263 1386 4325 accepto,
1434 4271 1562 4312 cum
1602 4255 1937 4312 Christianis
1971 4256 2149 4311 adnu-

564 4350 764 4406 merati
811 4359 964 4404 sunt.
1019 4349 1088 4403 Et
1136 4347 1342 4402 factum
1372 4357 1458 4402 est
1487 4347 1752 4419 gaudium
1803 4363 2058 4418 magnum
2092 4356 2150 4403 et

563 4440 1042 4500 lmtitiarEcclesia:
1062 4439 1160 4495 Dei
1182 4439 1239 4493 in
1264 4439 1382 4503 illo,
1406 4449 1461 4495 et
1478 4439 1701 4495 diabolo
1723 4438 1927 4494 damna
1954 4439 2146 4494 multa.

562 4533 859 4590 llerbanus
893 4532 1062 4587 etiam
1087 4530 1310 4584 lavacro
1343 4529 1581 4600 spiritali
1614 4530 1843 4596 tinctus,
1875 4539 1932 4584 et
1955 4544 2151 4585 omnes

2263 663 2358 718 τοῦ
2385 668 2452 738 τῇ
2483 665 2863 738 ἀνεκδιηγήτῳ
2892 666 3224 735 θεασάμενοι
3257 669 3438 736 αὑτὸν,
3474 670 3618 741 ὑπὲρ
3647 670 3677 723 δ
3701 670 3841 724 ἐϐλέ-

2265 772 2465 825 πομεν,
2505 757 2762 828 κρεῖσσον
2793 755 3066 827 βλέπομεν
3099 756 3216 811 νῦν.
3247 758 3416 811 Movet
3443 758 3502 811 δὲ
3536 759 3698 829 ὑμεῖς
3728 761 3840 814 ἐστε

2261 846 2670 916 τυφλώττοντες
2695 847 2787 902 διὰ
2815 847 2915 920 τὴν
2944 849 3204 902 ἀπιστίαν
3239 849 3413 920 ὑμῶν.
3461 849 3840 922 Ὑπαρχόντων

2262 934 2356 992 οὖν
2387 939 2643 994 ἁπάντων
2675 939 2915 1008 τυφλῶν,
2943 941 3040 994 καὶ
3072 941 3196 1010 μηδ’
3223 941 3361 1004 ὅλως
3389 942 3665 1014 ὁρώντων,
3702 962 3843 1016 χειρ-

2259 1032 2574 1101 αγωγηθεὶς
2603 1034 2632 1086 ὁ
2671 1028 3031 1104 Ἐρὸἄνῆλθε
3081 1033 3217 1105 πρὸς
3253 1033 3344 1088 τὸν
3380 1034 3840 1105 ὰρχιεπίσκοπον,

2267 1123 2360 1177 καί
2396 1142 2532 1194 φησι
2559 1124 2700 1196 πρὸς
2725 1125 2890 1179 αὐτόν
2921 1142 2936 1156 ·

2331 1218 2582 1272 ΕΡΒΑΝ.
2646 1221 2761 1282 Πᾶς
2817 1218 3106 1290 ἄνθρωπος
3146 1219 3280 1273 ἳδων
3336 1219 3428 1273 τὸν
3475 1219 3608 1274 Θεὸν
3659 1220 3836 1275 αύτοῦν

2260 1307 2636 1378 εὑεργετεῖται
2661 1310 2792 1380 παρ’
2824 1307 3014 1363 αὐτοῦ.
3058 1309 3254 1380 Ἡμεῖς
3286 1309 3343 1362 δὲ
3380 1308 3563 1382 ἴδομεν
3591 1311 3686 1364 τὸν
3717 1311 3842 1364 Θεόν

2261 1417 2380 1465 σου,
2416 1400 2512 1453 καὶ
2552 1400 2904 1471 πεπόνθαμεν
2942 1401 3174 1472 πονηρά.
3213 1403 3274 1454 Et
3319 1402 3577 1467 τοιαύτας
3618 1403 3836 1473 εὐεργεο

2261 1487 2381 1551 σίας
2413 1488 2646 1559 παρέχει
2685 1491 2800 1552 τοῖς
2828 1489 3293 1560 προσερχομένοις
3318 1490 3468 1560 αὐτῷ
3489 1533 3503 1557 ,
3537 1491 3711 1555 ὅντως
3743 1493 3838 1545 οὐκ

2257 1579 2375 1634 ἔστι
2407 1580 2747 1651 κεκτημένος
2782 1580 2882 1651 τὴν
2919 1579 3013 1634 τοῦ
3042 1582 3256 1651 [ἰατρὸς
3287 1581 3453 1635 αὐτοῦ
3505 1582 3817 1656 ἁγαθὸτητα

2330 1694 2442 1748 Kal
2472 1695 2514 1747 Ο
2539 1694 2702 1747 APX.
2732 1693 2878 1760 Θεὸς
2900 1692 3273 1760 ἐκδικήσεων
3301 1695 3537 1764 Κύριος,
3572 1697 3720 1765 Θεὸς
3745 1699 3842 1753 ἐκ·

2261 1785 2585 1853 δικήσεων,
2614 1786 2708 1840 καὶ
2740 1785 2835 1840 νῦν
2863 1785 3380 1855 ἐπαρρησιάσατο.
3423 1789 3580 1844 Κατὰ
3607 1791 3720 1863 γὰρ
3749 1792 3844 1857 τὰς

2264 1879 2618 1951 βλασφημίας
2645 1879 2674 1932 ύ
2684 1877 2802 1950 μῶν
2832 1879 3056 1949 γέγονεν
3083 1879 3235 1950 ὑμῖν.

2325 2059 2574 2113 ΕΡΒΑΝ.
2606 2059 2718 2113 Καὶ
2751 2060 2800 2113 εἰ
2844 2059 3014 2114 κακὸν
3041 2059 3164 2113 ἀντὶ
3191 2056 3370 2112 κακοῦ
3397 2058 3716 2124 ἀποδίδωσι,
3741 2059 3847 2114 τίνι

2254 2150 2442 2205 λοιπὸν
2480 2151 2759 2220 οἰκονομεῖ
2785 2151 2854 2204 τὰ
2882 2149 3005 2205 καθ’
3033 2152 3181 2221 ἡμᾶς
3205 2167 3220 2215 ;

2326 2243 2438 2296 Kal
2468 2245 2510 2296 υ
2543 2231 2764 2296 ΑΓΙὉΣ.
2805 2242 2862 2296 Ὀ
2904 2242 3092 2313 ἰατρὸς
3126 2243 3343 2313 τέμνων
3373 2242 3432 2296 ἓν
3467 2242 3638 2312 μέρος
3676 2241 3845 2312 τυχὸν

2258 2332 2516 2403 σεσηπὸς,
2571 2332 2758 2386 οὐκέτι
2797 2331 2877 2396 ὡς
2911 2333 3037 2412 .τῆς
3083 2332 3260 2403 τομῆς
3307 2331 3482 2394 αἴτιος
3533 2331 3843 2385 εὐθύνεται.

2268 2424 2536 2491 Ἀναξίοις
2590 2424 2702 2494 γὰῖρ
2746 2423 3048 2496 ὀφθαλμοῖς
3092 2425 3408 2496 ἑωρακότες
3462 2424 3553 2478 τὸν
3597 2424 3842 2497 Κύριον,

2254 2514 2711 2584 ἀπετυφλώθητε.

2326 2605 2575 2660 EPBAN.
2623 2606 2719 2659 Ἐκ
2753 2605 2976 2660 πάντων
3006 2598 3081 2658 ὧν
3110 2605 3463 2676 ἀκηκόαμεν,
3489 2604 3586 2660 καὶ
3617 2604 3848 2658 ὲθεασὰο

2259 2699 2402 2771 μεθα
2447 2700 2601 2772 παρὰ
2631 2698 2749 2762 σοῦ,
2792 2700 2850 2752 ὲν
2880 2699 2962 2754 σοὶ
2989 2698 3148 2769 μόνον
3182 2699 3468 2764 λείπεται,
3500 2697 3846 2769 ἀνεῳχθῆναι

2255 2785 2414 2863 ἡμῶν
2436 2794 2564 2857 τοὺς
2593 2791 2927 2862 ὀφθαλμοὺς,
2960 2793 3053 2845 καὶ
3076 2790 3331 2860 γενέσθαι
3356 2792 3560 2855 πάντας
3583 2792 3849 2861 Χριστια-

2255 2883 2401 2948 νούς.
2431 2885 2497 2940 Et
2517 2885 2575 2938 δὲ
2595 2883 2697 2937 οὐκ
2719 2882 3062 2946 ὲπιτελέσεις
3090 2866 3252 2936 τοῦτο
3276 2941 3279 2944 ,
3289 2882 3411 2952 μεθ’
3439 2883 3631 2954 ἡμῶν,
3651 2883 3848 2945 δώσεις

2254 2973 2412 3044 λόγον
2435 2977 2494 3030 ὲν
2523 2974 2708 3047 ἡμέρᾳ
2739 2974 2978 3046 κρίσεως
2999 2973 3138 3044 ὑπὲρ
3162 2973 3344 3044 ἡμῶν.

2327 3067 2438 3120 Καὶ
2465 3068 2505 3120 0
2533 3066 2754 3121 ΑΓΙΟΣ.
2780 3067 2842 3119 Εἰ
2864 3065 3071 3132 θέλετε,
3105 3066 3355 3136 βαπτίσω
3384 3066 3549 3137 ὑμᾶς,
3583 3066 3679 3120 καὶ
3707 3067 3847 3123 ἀνα-

2257 3158 2505 3228 ϐλέψετε.

2325 3250 2575 3308 ΕΡΒΑΝ.
2593 3249 2718 3304 Ἐὰν
2739 3249 2797 3304 δὲ
2823 3249 3092 3323 βαπτίσῃς
3114 3250 3284 3321 ἡμᾶς,
3312 3249 3409 3304 καὶ
3433 3248 3534 3303 οὐκ
3556 3249 3851 3321 ἀνεῳχθήφ

2259 3358 2444 3396 σονται
2478 3342 2638 3412 ἡμῶν
2662 3344 2711 3396 οἱ
2741 3340 3032 3411 ὀφθαλμοὶ,
3059 3343 3114 3394 τί
3143 3341 3328 3412 μέλλει
3359 3341 3608 3410 γίνεσθαι
3622 3359 3650 3409 .;

2312 3432 2440 3487 ⁵Καλ.
2464 3436 2505 3486 Ο
2523 3433 2739 3488 ΑΓΙΟΣ.
2776 3432 2932 3498 Ἕνα,
2963 3431 3118 3502 φησὶ,
3155 3431 3486 3502 βαπτίσωτὲξ
3517 3433 3672 3504 ὑμῶν
3697 3451 3716 3469 ο
3740 3435 3853 3490 κᾶν

2259 3525 2334 3597 μὴ
2361 3524 2666 3597 ἀναϐλέψῃ,
2697 3524 3000 3597 τηνικαῦτα
3042 3523 3120 3596 μὴ
3139 3523 3301 3578 τοῦτο
3326 3524 3726 3598 καταδέξησθε.

2328 3704 2534 3776 ’Ἧρεσε
2559 3702 2720 3758 τοῦτο
2740 3704 2820 3773 τῷ
2848 3704 3050 3777 Ἐρϐᾶν
3072 3707 3166 3761 καὶ
3195 3695 3352 3763 πᾶσι.
3381 3706 3493 3762 Καὶ
3519 3706 3856 3778 βαπτισθέν-

2252 3811 2346 3860 τος
2379 3796 2498 3860 ὲνδς
2540 3797 2635 3850 ἀπ’
2683 3797 2866 3851 αὐτῶν
2889 3837 2905 3861 ,
2947 3799 3152 3863 εὐθέως
3181 3800 3540 3871 ἀνεῴχθησαν
3593 3800 3766 3854 αὐτοῦ
3797 3801 3852 3854 οῖ

2253 3885 2544 3957 ὀφθαλμοὶ,
2575 3886 2670 3940 καὶ
2705 3889 2948 3959 κέκραγε
2969 3888 3167 3959 λέγων,
3205 3891 3413 3962 Ἰησοῦς
3444 3893 3684 3963 Χριστὸς
3709 3892 3852 3957 Θεός

2253 3978 2403 4032 ἐστιν
2435 3978 2664 4049 ἀληθὴς,
2694 3980 2791 4033 καλ⁵
2821 3980 3068 4035 πιστεύω
3097 3984 3176 4044 είς
3201 3983 3386 4039 αὐτόν.
3417 3983 3588 4037 Τοῦτο
3608 3984 3855 4054 ἀκηκοό-

2251 4087 2341 4136 τες
2378 4072 2471 4126 καὶ
2506 4073 2555 4125 ot
2588 4071 2807 4138 λοιποὶ,
2849 4073 2946 4126 σὺν
2993 4073 3276 4146 προθυμίᾳ
3315 4075 3484 4148 πολλῇ
3533 4076 3852 4146 προσῆλθον

2251 4159 2329 4231 τῷ
2357 4160 2498 4230 ἁγίῳ
2532 4159 2912 4231 βαπτίσματι,
2947 4162 3046 4216 καὶ
3090 4162 3348 4227 λαϐόντες
3374 4165 3478 4235 τὴν
3519 4166 3580 4219 ἐν
3616 4167 3853 4239 Χριστῷ

2255 4251 2560 4320 σφραγῖδα,
2612 4252 3080 4323 κατελογίσθησαν
3125 4254 3265 4325 μετὰ
3314 4255 3422 4308 τῶν
3467 4257 3851 4327 Χριπιααῦκι.

2253 4343 2364 4397 Kal
2395 4344 2613 4412 ἐγένετο
2642 4343 2788 4415 χαρὰ
2820 4345 3030 4416 μεγάλη
3059 4347 3153 4398 καὶ
3184 4345 3493 4418 εὐφροσύνη
3523 4351 3590 4418 τῇ
3610 4349 3856 4421 Ἐκκλη-

2255 4434 2346 4505 σίᾳ
2379 4431 2473 4486 τοῦ
2495 4432 2630 4486 Θεοῦ
2663 4435 2719 4486 ὲν
2742 4436 2809 4504 τῇ
2837 4434 3022 4505 ἡμέρᾳ
3049 4435 3255 4507 ἐκείνῃ,
3289 4435 3386 4489 καὶ
3411 4435 3610 4489 πολλαὶ
3637 4435 3708 4506 ζη
3720 4439 3853 4507 μίαν.

2252 4525 2330 4597 τῷ
2359 4525 2610 4597 διαϐόλῳ.
2649 4526 2979 4588 Βαπτισθεὶς
3004 4527 3066 4579 ’δὲ
3091 4527 3120 4579 ὁ
3159 4524 3361 4596 Ἐρὸᾱν
3387 4565 3403 4589 ,
3431 4528 3530 4582 καὶ
3559 4528 3768 4592 πάντες
3797 4531 3852 4582 οῖ

562 4625 660 4696 qui
691 4641 819 4680 cum
855 4623 975 4694 ipso
1003 4629 1188 4688 erant,
1222 4637 1348 4678 mox
1379 4622 1559 4676 oculis
1606 4621 1815 4692 apertis
1850 4631 1907 4677 et
1942 4621 2145 4691 inpri-

2257 4619 2376 4688 μετ’
2408 4615 2573 4671 αὑτοῦ
2595 4657 2608 4679 ,
2637 4616 2980 4687 παραχρῆμα
3011 4616 3340 4685 ἀνοιγέντων
3385 4617 3496 4670 τῶν
3542 4619 3854 4690 ὀφθαλμῶν

563 4718 773 4772 stinum
831 4724 1118 4786 aspectum
1152 4713 1463 4778 restitutis,
1525 4714 1699 4768 Deum
1743 4712 2144 4784 gloriﬁcarunt.

561 4809 774 4866 Deinde
816 4805 1111 4864 Herbanus
1144 4806 1416 4862 attonitus
1469 4805 1541 4860 ob
1571 4805 1973 4875 apparitionem
2033 4806 2150 4861 sive

560 4903 836 4957 visionem
872 4900 1093 4956 Domini
1136 4907 1194 4954 et
1239 4898 1336 4953 Dei
1366 4907 1422 4952 et
1465 4897 1780 4954 Servatoris
1812 4895 1991 4952 nostri
2017 4896 2148 4951 ‘Jesu

560 4993 792 5053 Christi,
834 4991 1058 5047 dicebat
1111 4992 1222 5046 :-ln
1274 4990 1431 5046 caelis
1473 4998 1594 5045 erat
1634 4989 1904 5043 Dominus
1937 4996 2152 5043 noster

562 5084 724 5137 Jesus
755 5081 1032 5145 Christus,
1061 5096 1229 5150 quem
1253 5079 1408 5136 stulti
1435 5088 1625 5150 patres
1652 5077 1830 5134 nostri
1855 5079 2152 5134 cruciﬁxe-

565 5183 695 5227 runt
727 5183 782 5227 et
819 5172 1147 5227 occiderunt
1179 5189 1192 5225 :
1229 5180 1284 5227 et
1318 5187 1419 5226 nos
1461 5170 1836 5241 stupidi-cum
1871 5171 2151 5227 dormien-

565 5263 713 5319 tibus
741 5271 799 5317 et
824 5262 881 5317 in
911 5263 1184 5332 sepulcris
1208 5263 1525 5334 jacentibus
1552 5277 1674 5318 esse
1703 5261 2054 5330 putabamus.
2073 5262 2150 5316 (Et

564 5355 887 5426 percutiens
926 5363 1125 5425 pectus
1183 5369 1308 5409 cum
1367 5354 1630 5426 lacrymis
1681 5354 1905 5409 dicebat
1955 5353 2151 5410 :Here

565 5441 804 5498 Domine
839 5441 973 5497 Jesu
1036 5441 1278 5508 Christe,
1319 5442 1424 5497 Fili
1478 5443 1573 5498 Dei
1619 5437 1728 5498 vivi
1781 5444 1838 5498 in
1891 5444 2150 5511 veritate,

563 5534 787 5605 ignosce
841 5533 980 5589 mihi
1025 5549 1149 5604 quae
1199 5533 1303 5588 tibi
1366 5535 1612 5604 peccavi,
1654 5535 1965 5606 ignorantia
2020 5552 2152 5607 erga

562 5637 616 5681 tc
647 5625 903 5682 aﬁ‘ectus.
933 5626 1164 5682 Beatum
1195 5641 1421 5697 quoque
1461 5627 1819 5699 Gregentium
1853 5628 2151 5684 revereba-

563 5731 677 5786 tur,
714 5727 772 5774 et
810 5735 1029 5776 summo
1059 5720 1276 5777 honore
1311 5719 1608 5787 alliciebat,
1668 5731 1724 5776 et
1753 5731 1812 5777 ut
1861 5722 1954 5778 Dei
1987 5739 2152 5794 ange-

630 5900 676 5932 “
709 5899 856 5957 Psal.
893 5915 1041 5966 xcur,
1081 5901 1130 5960 t.

2253 4709 2456 4776 αὐτῶν,
2513 4709 2763 4776 ἐδόξαζον
2801 4709 2894 4762 τὸν
2933 4708 3088 4763 Θεόν.
3133 4704 3268 4766 Εἶτα
3323 4710 3773 4781 ἐκπληττόμενος
3819 4713 3855 4764 ὁ

2265 4802 2464 4873 Ἐρὸἄν
2499 4802 2590 4855 ἐπὶ
2613 4804 2677 4872 τῇ
2708 4801 2939 4874 φανείσῃ
2961 4801 3151 4872 όράσει
3193 4801 3348 4872 ἀὐτῷ
3374 4801 3471 4855 τοῦ
3498 4803 3710 4873 Κυρίου
3751 4807 3855 4858 καὶ

2253 4891 2391 4946 Θεοῦ
2427 4893 2522 4946 καὶ
2553 4891 2807 4961 Σωτῆρος
2827 4889 2992 4961 ἡμῶν
3033 4889 3209 4961 Ἰησοῦ
3230 4891 3492 4959 Χριστοῦ,
3523 4891 3737 4964 ἔλεγεν,
3756 4896 3855 4949 Ἐν

2251 4985 2365 5047 τοῖς
2389 4973 2638 5051 οὐρανοῖς
2667 4977 2735 5052 ἦν
2757 4985 2784 5035 ὁ
2811 4980 3018 5052 Κύριος
3046 4981 3204 5052 ἡμῶν
3241 4983 3452 5052 Ἰησοῦς
3484 4984 3726 5054 Χριστὸς
3743 5028 3760 5053 ,
3787 4988 3856 5042 δν

2251 5077 2300 5130 οἱ
2333 5074 2508 5145 μωροὶ
2538 5073 2775 5144 πατέρες
2803 5072 2963 5143 ἡμῶν
2977 5073 3343 5145 ἐσταύρωσαν
3367 5076 3463 5128 καὶ
3484 5077 3855 5146 ἀπέκτειναν,

2253 5170 2346 5222 καὶ
2368 5171 2532 5239 ἡμεῖς
2554 5168 2603 5220 οἱ
2632 5166 2960 5237 ἀναίσθητοι
3006 5167 3144 5237 μετὰ
3177 5167 3286 5220 τῶν
3318 5169 3378 5221 ὲν
3421 5168 3615 5238 τάφοις
3645 5174 3857 5243 κειμέ..

2253 5277 2360 5314 νων
2419 5255 2562 5314 εῐναι
2620 5257 3059 5328 ὑπετοπάξομεν.
3115 5259 3226 5311 Kal.
3269 5258 3488 5313 τύπτων
3532 5261 3595 5314 τὸ
3642 5263 3860 5332 στῆθος

2253 5352 2393 5423 μετὰ
2420 5349 2686 5423 »δακρύων
2729 5349 2915 5418 ἔλεγεν
2936 5366 2950 5382 ·
3001 5349 3248 5404 Δέσποτα
3278 5350 3452 5422 Κύριε
3487 5351 3665 5422 Ἰησοῦ
3708 5354 3859 5426 Χρι-

2254 5445 2372 5510 στὲ,
2408 5446 2506 5499 Υἱὲ
2536 5444 2632 5498 τοῦ
2669 5442 2806 5497 Θεοῦ
2844 5441 2939 5496 τοῦ
2969 5443 3171 5508 ζῶντος
3196 5447 3256 5498 ἐν
3282 5444 3512 5517 ἀληθείᾳ
3541 5446 3860 5519 συγχώρη-

2252 5537 2344 5591 σόν
2370 5555 2461 5608 μοι
2492 5537 2594 5591 ὅσα
2642 5553 2724 5590 σοι
2757 5536 3008 5606 ἥμαρτον
3031 5538 3088 5589 ὲν
3123 5536 3316 5607 ἀγνοίᾳ
3358 5535 3427 5590 τὰ
3456 5536 3595 5608 πρὸς
3627 5538 3686 5591 σὲ
3723 5539 3864 5593 δια-

2251 5630 2524 5700 κείμενος.
2570 5628 2820 5682 Ἐσέϐετο
2838 5629 2894 5682 δὲ
2928 5629 3024 5682 καὶ
3052 5631 3146 5682 τὸν
3174 5629 3444 5700 μακάριον
3476 5629 3856 5700 Γρηγὲντιον,

2252 5726 2348 5777 καὶ
2375 5721 2599 5792 ὑπερετί
2606 5740 2680 5793 μοι
2714 5722 2986 5793 μεγάλως,
3015 5721 3111 5776 καὶ
3132 5721 3206 5786 ὼς
3223 5721 3358 5776 Θεοῦ
3380 5721 3613 5792 ἄγγελον
3647 5724 3864 5779 τοῦτον
