4088 6534
376 410 473 474 781

1325 414 1782 479 DlSPUTATiO
1816 415 1977 476 CUM
2015 415 2379 481 HERBANO
2415 425 2698 490 JUD/EO.

3540 450 3645 514 782

370 526 540 599 ἑώρα,
578 531 673 586 καὶ
705 532 803 605 οὑχ
834 534 1007 588 είλετο
1040 533 1372 607 χωρίζεσθαι
1401 533 1593 589 αὑτοῦ.
1630 534 1692 626 ξΟ
1713 532 1951 626 δέλβασι-

2057 531 2169 587 Ium
2206 534 2548 608 intuebatur,
2605 559 2787 617 neque
2836 548 2907 604 ab
2939 565 3008 607 eo
3052 552 3342 617 discedere
3365 572 3422 620 et
3455 565 3643 626 divelli

368 616 493 682 λεὺς
514 618 591 681 ὡς
629 623 1079 693 εὐπρεπέστατον
1117 627 1216 679 καὶ
1267 624 1597 695 λογιώτατον
1620 624 1957 694 θεασάμενος

368 710 463 764 τὸν
497 712 696 782 Ἑρϐᾶν
718 754 734 779 ,
787 716 1047 787 ἀνάδοχος
1084 717 1251 772 αὑτοῦ
1282 718 1575 788 γενόμενος
1623 719 1681 773 ἐν
1711 717 1786 788 τῷ
1817 717 1956 788 ἁγίῳ

330 836 335 841 -
370 807 740 881 βαπτίσματι,
762 810 856 863 καὶ
880 812 1089 865 Λέοντα
1116 812 1524 881 μετονομάσας,
1567 811 1663 864 ἕνα
1691 811 1788 881 τῆς
1825 828 1957 880 συγ-

368 901 571 970 κλήτου
601 901 765 955 αὑτοῦ
803 903 993 955 τοῦτον
1027 903 1277 974 ἀπέφηνε
1298 944 1312 968 ,
1338 904 1800 972 ὑπεκκλησίονα
1841 904 1953 975 (75)

367 992 536 1045 αὑτοῦ
570 994 826 1064 ποιήσας,
865 993 925 1049 ὃν
959 996 1006 1047 ot
1054 995 1316 1064 Ῥωμαῖοι
1354 996 1644 1064 πατρίκιον
1671 996 1767 1049 καὶ
1793 1013 1954 1050 κανι-

368 1084 591 1138 κλείονα
624 1086 1147 1158 προσαγορεύουσιν.

440 1175 662 1229 Τούτων
685 1176 857 1242 οὕτως
884 1179 1379 1250 προχωρησάντων,
1410 1179 1505 1233 καὶ
1532 1182 1644 1243 τοίς
1676 1178 1787 1249 (76)
1817 1180 1955 1250 μετά

365 1266 463 1319 τοῦ
506 1266 705 1335 Ἑρϐἅν
743 1267 1143 1341 βαπτισθεξσιν,
1172 1270 1308 1323 ὡσεὶ
1334 1271 1791 1342 πεντακισχιλίων
1827 1290 1957 1328 πεν-

366 1360 639 1413 τακοσίων
666 1360 921 1430 χιλιάδων
950 1402 965 1427 ,
1007 1361 1318 1433 φιλοτιμίας
1372 1364 1470 1416 οὑκ
1504 1364 1694 1433 ὀλίγας
1738 1365 1957 1435 εἰληφό-

365 1465 499 1514 των,
540 1452 633 1503 καὶ
662 1451 802 1520 μετά
829 1452 1095 1523 θυμηδίας
1131 1455 1212 1518 είς
1242 1453 1345 1518 τὰς
1391 1456 1567 1519 οίκίας
1605 1456 1786 1509 αὐτῶν
1818 1459 1957 1511 ἀνα-

366 1543 760 1611 χωρησάντων,
812 1544 1060 1599 κελεύσει
1099 1544 1194 1599 τοῦ
1226 1545 1492 1616 βασιλέως
1519 1548 1614 1602 καὶ
1658 1548 1753 1602 τοῦ
1791 1549 1954 1620 ἀρχι-

368 1636 676 1688 επισκόπου
694 1636 1017 1705 βαπτίζεται
1030 1640 1222 1710 πᾶσαή
1241 1639 1534 1713 συναγωγὴ
1551 1640 1951 1710 τῶνἸουδαίων,

369 1730 403 1799 ἡ
444 1731 503 1782 ἐν
544 1730 748 1795 πάσαις
791 1733 911 1793 ταῖς
961 1732 1152 1785 πόλεσι
1178 1733 1278 1804 τῆς
1320 1734 1412 1787 ὑπ’
1459 1734 1624 1788 αὑτοῦ
1678 1734 1955 1805 βασιλείας

368 1822 722 1877 κατοικοῦσα.
789 1824 902 1877 Καὶ
964 1824 1127 1888 εὐθὺς
1184 1824 1439 1880 ὑποθέσει
1494 1825 1589 1881 τοῦ
1646 1828 1953 1895 άγιωτάτου

368 1917 823 1986 ἀρχιεπισκόπου,
854 1918 883 1970 6
911 1918 1302 1983 εὐσεϐέστατος
1331 1920 1604 1991 βασιλεὺς,
1630 1922 1951 1994 διεσκόρπι-

371 2025 464 2061 σεν
496 2007 596 2071 τάς
630 2008 868 2078 πατριάς
907 2010 1088 2064 αὐτῶν
1127 2012 1222 2065 ἀπ’
1277 2013 1557 2085 ἀλλήλων,
1593 2014 1688 2070 καὶ
1718 2016 1952 2086 προστέ-

274 2132 279 2139 -
367 2092 535 2155 τακεν
565 2100 925 2170 ἀναμιγνύναι
967 2101 1165 2167 αὐτοὺς
1196 2107 1315 2169 ταῖς
1352 2106 1659 2170 κατοικίαις
1680 2108 1790 2162 τῶν
1827 2110 1951 2180 Χρι-

296 2172 299 2173 ν
368 2191 621 2245 στιανῶν.
659 2192 992 2246 Ἐνετείλατο
1028 2193 1084 2248 δὲ
1116 2197 1145 2248 6
1173 2195 1591 2265 μακαριώτατος
1628 2172 1955 2270 Γρηγεντίος

366 2277 444 2346 τῷ
472 2278 684 2349 βασιλεῖ
702 2284 977 2355 γραφῆναι
1006 2286 1193 2356 νόμον,
1235 2286 1373 2357 πρὸς
1399 2287 1461 2341 τὺ
1496 2288 1620 2361 μηδ’
1660 2290 1797 2353 ὅλως
1827 2291 1951 2345 τολ-

370 2370 480 2440 μᾷν
506 2387 629 2423 τινα
655 2371 763 2426 τῶν
788 2375 1167 2443 νεοφωτίστων
1190 2377 1302 2448 (77)
1357 2378 1643 2449 Ἐϐραίων,
1685 2380 1953 2453 λήψεσθαι

366 2479 440 2529 γα
449 2463 619 2535 μϐρὸν
645 2468 712 2536 τῇ
734 2465 970 2539 θυγατρὶ
996 2468 1182 2534 αὑτοῦ,
1202 2469 1373 2541 ἄνδρα
1403 2473 1513 2526 ἀπὸ
1534 2474 1644 2528 τῶν
1663 2475 1953 2546 ὁμοφύλων

383 2559 651 2631 Ἑϐραίων
680 2604 695 2629 ,
724 2562 860 2617 ἀλλά
888 2564 1187 2635 λαμϐάνειν
1218 2568 1470 2639 γαμϐρὸν
1503 2572 1570 2641 τῇ
1596 2570 1829 2641 θυγατρὶ
1854 2574 1955 2627 αὑ·-

365 2651 464 2704 τοῦ
520 2653 631 2706 ἀπὸ
677 2653 786 2707 τῶν
826 2655 884 2722 ἐξ
932 2656 1101 2711 ἐθνῶν
1154 2661 1539 2731 Χριστιανῶν
1590 2666 1687 2718 καὶ
1720 2667 1799 2737 τῷ
1851 2669 1955 2740 υἱῷ

367 2743 651 2808 ὡσαύτως.
706 2745 765 2799 Ὀ
799 2745 855 2800 δὲ
904 2752 1344 2822 παραχαράττων
1385 2752 1475 2807 τὸν
1524 2754 1710 2826 νόμον,
1746 2761 1812 2830 τῇ
1858 2760 1953 2815 τοῦ

368 2834 557 2904 ξίφους
580 2838 828 2913 τιμωρίᾳ
855 2840 1229 2898 ὑποπιπτέτω.
1253 2845 1365 2899 Καὶ
1388 2845 1482 2900 τοῦ
1508 2848 1675 2919 νόμου
1709 2852 1953 2921 γραφέν-

367 2944 481 2993 τος,
531 2928 865 3000 ἀναμιγεῖσα
919 2935 1311 3005 τοιουτορόπως
1364 2939 1587 3012 πᾶσαή
1639 2943 1803 3009 γενεά
1844 2944 1953 3000 τῶν

381 3019 654 3076 Ἰουδαίων
696 3027 760 3095 τῇ
801 3027 962 3097 γενεᾷ
988 3026 1096 3079 τῶν
1124 3028 1488 3097 Χριστιανῶν,
1541 3033 1636 3087 καὶ
1684 3036 1953 3107 φυρθεῖσα

367 3111 447 3183 τῷ
477 3113 675 3186 χρόνῳ,
730 3117 811 3180 εἰς
842 3118 1083 3190 παντελῆ
1115 3120 1286 3192 λήθην
1340 3119 1473 3194 ἦλθε
1504 3124 1615 3179 τῶν
1641 3129 1949 3200 προτέρων.

438 3208 812 3280 ⁴ι’ωτισθείσης
847 3211 1026 3283 πάσης
1058 3212 1335 3283 βασιλείας
1357 3216 1467 3271 τῶν
1484 3217 1820 3291 Ὀμηριτῶν,
1856 3222 1952 3277 καὶ
1982 3244 2026 3303 c

367 3301 610 3366 εὐσεϐῶς
646 3304 1121 3377 χριστιανιζούσης
1148 3349 1164 3373 ,
1190 3304 1259 3379 ἦν
1287 3309 1433 3381 χαρά
1468 3315 1702 3385 μεγίστη
1746 3315 1805 3368 ἐν
1833 3320 1954 3382 ταῖς

381 3394 734 3465 Ἐκκλησίαις
760 3396 853 3450 τοῦ
878 3398 1039 3465 Θεοῦ,
1069 3402 1288 3455 πάντων
1310 3403 1445 3473 μετά
1472 3405 1638 3459 πόθου
1670 3408 1956 3479 ἑορταζόν-

366 3505 498 3552 των,
533 3490 758 3561 είρήνης
789 3489 1067 3562 πανταχοῦ
1103 3493 1323 3563 βαθείας
1361 3496 1706 3570 διαθεούσης,
1738 3502 1798 3555 ἐν
1826 3504 1957 3573 ἀμε-

372 3578 561 3651 ριμνίᾳ
597 3580 802 3648 διάγων
842 3583 871 3634 6
904 3582 1189 3652 βασιλεὺς,
1214 3584 1330 3656 ἅμα
1358 3585 1435 3657 τῷ
1464 3588 1759 3661 ἁγιωτάτῳ
1800 3592 1955 3664 ἀρχι-

366 3674 488 3743 ερεῖ
509 3672 602 3727 τοῦ
632 3674 768 3727 Θεοῦ
795 3716 811 3740 ,
847 3677 1058 3742 ἀόκνως
1098 3680 1342 3735 ἐπετέλει
1378 3683 1475 3747 τὰς
1499 3683 1826 3753 δοξολογίας,
1855 3687 1953 3753 τὰς

367 3764 677 3836 παννύχους
728 3768 948 3833 στάσεις
996 3770 1075 3840 τῷ
1121 3772 1488 3845 φιλανθρώπῳ
1535 3777 1802 3852 Δεσπότῃ.
1866 3780 1953 3842 Ὠς

367 3860 427 3914 δέ
454 3862 771 3933 προείρητο,
803 3864 980 3934 εἴχετο
1005 3864 1169 3934 ζήλου
1218 3866 1313 3920 καὶ
1344 3868 1510 3921 πόθου
1538 3868 1743 3937 θεῖκοῦ,
1782 3871 1954 3925 ποιῶν

368 3953 742 4025 ἐλεημοσύνας
781 3956 981 4021 πολλὰς
1018 3958 1300 4022 ἀδυνάτοις
1336 3959 1432 4012 καὶ
1467 3960 1727 4031 ὀρφανοῖς
1772 3979 1832 4015 τε
1861 3963 1955 4017 καὶ⁹

366 4047 587 4117 χήραις.
624 4047 736 4101 Καὶ
765 4042 833 4117 ἦν
869 4049 1047 4102 πᾶσαν
1074 4048 1259 4103 ἄδικον
1285 4050 1607 4121 συγγραφὴν
1630 4050 1951 4117 κατασπῶν,

366 4139 462 4193 καὶ
492 4141 675 4193 πᾶσαν
728 4139 973 4210 πονηρὰν
1024 4140 1205 4211 ψῆφον
1245 4142 1508 4213 ἀναιρῶν,
1548 4144 1645 4197 καὶ
1694 4144 1953 4216 ίδιόχειρα

365 4232 669 4302 ἀσφαλείας
711 4233 863 4301 παρὰ
891 4232 1000 4285 τῶν
1037 4233 1381 4304 μεγιστάνων
1415 4234 1664 4289 ἀπαιτῶν
1690 4276 1704 4301 ,
1734 4236 1872 4308 πρὸς
1894 4236 1953 4290 τδ

368 4324 446 4396 μὴ
480 4325 685 4379 ἀδικεῖν
723 4324 984 4396 πένητας,
1018 4327 1155 4399 μήτε
1199 4327 1307 4399 μὴν
1334 4329 1513 4399 αἴρειν
1531 4329 1592 4382 τὸ
1613 4330 1822 4384 δίκαιον
1844 4330 1954 4385 ἀπὸ

364 4412 465 4473 τοῦ
490 4416 830 4488 κεκτημένου
870 4418 1023 4485 αὑτὸ,
1046 4418 1141 4474 καὶ
1169 4419 1370 4475 διδόναι
1391 4420 1523 4474 αὑτὸ
1548 4421 1609 4475 τὸ
1636 4422 1710 4493 μὴ
1747 4439 1951 4493 κεκτη-

370 4509 539 4581 μένῳ,
574 4511 670 4565 καὶ
705 4511 1098 4577 καταδικάζειν
1123 4512 1216 4565 τὸν
1252 4512 1569 4567 ἀνεύθυνον.
1598 4513 1740 4578 Τοὺς
1764 4514 1821 4566 δὲ
1845 4532 1951 4567 κα⁹

2057 626 2258 695 potuit.
2305 630 2424 687 Rex
2468 643 2658 692 autem
2704 637 3026 701 Herbanum
3073 651 3258 710 sciens
3304 659 3485 715 virum
3518 676 3643 720 csse

2057 719 2475 782 ornatissimum
2534 735 2591 784 et
2642 732 3108 809 eruditissimum,
3155 746 3285 817 ejus
3338 749 3398 805 in
3450 767 3646 813 sancto

2057 807 2333 917 baptismo
2385 815 2681 889 ﬁdejussor
2734 826 2851 882 sive
2897 807 3136 900 sponsor
3186 807 3407 910 factus,
3458 846 3642 917 ipsum

2056 898 2302 959 Leonem
2358 910 2688 982 nominavit,
2720 926 2779 972 et
2826 936 3000 978 unum
3050 929 3137 983 sui
3182 943 3413 992 senatus
3450 898 3641 998 drecla-

2058 997 2223 1064 ravit,
2261 1001 2670 1078 ὑπεκκλησίονα
2708 1028 2874 1071 suum
2921 1024 3290 1095 constituens,
3322 1047 3491 1103 quem
3533 1038 3644 1095 Ro-

2057 1092 2207 1145 mani
2256 1096 2550 1164 patricium
2585 1112 2643 1159 ct
2688 1109 3038 1169 κανικλείονα
3069 1092 3382 1181 nominant.

2128 1180 2227 1285 llis
2258 1184 2334 1240 ita
2364 1195 2697 1262 progressis,
2746 1210 2805 1256 et
2852 1218 2920 1259 ex
2971 1206 3182 1269 Iudaeis
3219 1230 3345 1273 cum
3382 1220 3642 1287 Herbano

2057 1270 2283 1376 circiter
2313 1282 2614 1376 quinquies
2650 1291 2801 1349 mille
2843 1298 3162 1371 quingentis
3208 1310 3457 1372 millibus
3491 1270 3644 1376 lava:

2058 1734 2498 1837 ipsiusurbibus
2528 1746 2837 1821 habitabat,
2870 1734 3205 1829 baptizatur.
3249 1768 3319 1826 Et
3354 1734 3645 1837 stati-mode

2058 1828 2293 1883 consilio
2318 1841 2375 1886 et
2412 1838 2689 1893 sententia
2720 1828 3057 1905 sanctissimi
3088 1828 3521 1936 archiepiscopi,
3545 1885 3643 1926 rex

2059 1918 2345 1988 piissimus
2399 1925 2640 1987 familias
2681 1934 2799 1991 sive
2849 1940 3029 1998 tribus
3074 1961 3213 2015 quas
3264 1918 3369 2022 ipsi
3406 1918 3553 2015 inter
3584 1980 3645 2019 se

2060 2011 2362 2113 habebant,
2394 2018 2685 2091 dissipavit
2744 2038 2803 2083 et
2848 2032 3046 2101 edixit,
3085 2011 3147 2092 ut
3197 2011 3643 2113 Christianorum

2058 2102 2285 2162 familiis
2323 2110 2714 2171 miscerentur.
2755 2120 2890 2193 Regi
2920 2126 3087 2181 etiam
3127 2102 3645 2208 precepitmheati;

2062 2197 2238 2304 sinitis
2264 2200 2639 2304 .Gregentius,
2692 2219 2754 2265 ut
2801 2212 2978 2285 legem
3011 2197 3223 2281 ferret:
3256 2197 3335 2287 Ne
3368 2197 3500 2304 quis
3510 2197 3644 2297 “ullo

2061 2290 2228 2345 modo
2264 2292 2624 2354 Hebreorum
2660 2317 2856 2361 recens
2883 2309 3324 2377 illuminatorum
3355 2290 3558 2388 audeat
3588 2335 3643 2390 in

2060 2392 2344 2449 posterum
2370 2402 2637 2457 generum
2666 2393 2773 2448 sibi
2813 2399 3089 2461 asciscere
3110 2423 3176 2463 ex
3209 2416 3642 2491 contribulibus,

2063 2475 2159 2529 sed
2211 2492 2278 2531 ex
2316 2482 2579 2549 gentibus
2621 2485 2961 2550 Christianis
3014 2498 3140 2556 filia:
3184 2519 3298 2561 suae
3332 2475 3640 2573 maritum:

2060 2577 2118 2623 et
2153 2569 2580 2678 fil‘io.simi‘lit.er.
2619 2579 2723 2646 Qui
2759 2600 2892 2641 vero
2950 2588 3124 2662 legem
3163 2596 3415 2671 violaret,
3474 2569 3643 2678 gladii

2061 2659 2338 2727 supplicio
2359 2664 2746 2737 subjiceretur.
2774 2672 2887 2731 Hac
2916 2659 3035 2750 lege
3058 2685 3261 2756 scripta
3285 2699 3341 2745 et
3363 2659 3646 2763 latarum:

2059 2749 2147 2804 nis
2177 2751 2497 2811 Judaeorum
2542 2760 2697 2817 natio
2728 2764 2834 2821 hoc
2863 2749 3030 2826 modo
3062 2749 3509 2842 Christianorum
3545 2805 3645 2846 na-

2061 2839 2199 2897 tioni
2254 2848 2541 2905 commista
2584 2862 2640 2907 et
2688 2857 2943 2927 confusa,
2979 2870 3246 2935 temporis
3292 2873 3553 2947 decursu,
3586 2882 3642 2937 in

2060 2932 2310 3002 priorum
2359 2939 2696 3001 oblivionem
2739 2952 2969 3009 omnino
3005 2932 3175 3016 venit.

2131 3200 2271 3260 Toto
2340 3206 2750 3271 Homeritarum
2816 3234 2987 3292 regno
3039 3224 3388 3300 illummato,
3438 3246 3495 3293 et
3550 3242 3640 3311 pie

2057 3296 2375 3357 Christiano
2421 3304 2641 3372 effecto,
2688 3318 2808 3366 erat
2832 3313 2887 3369 in
2919 3316 3015 3372 Dei
3048 3319 3310 3382 Ecclesiis
3340 3296 3639 3391 maximum

2257 3395 2517 3463 gaudium
2553 3416 2567 3452 :
2609 3404 2872 3462 omnibus
2926 3423 3054 3466 cum
3110 3414 3392 3478 desiderio
3437 3390 3641 3483 festum

2056 3481 2486 3553 celebrantibus,
2523 3490 2631 3545 alta
2654 3508 2792 3563 pace
2823 3513 3215 3576 quamcunque
3244 3513 3396 3583 regni
3426 3481 3640 3585 partem

2055 3590 2436 3649 percurrente,
2491 3582 2548 3639 in
2601 3590 2903 3648 securitate
2960 3610 3026 3650 ac
3082 3582 3487 3672 tranquillitate
3542 3625 3641 3667 rex

2054 3683 2243 3738 agens,
2290 3674 2455 3729 simul
2500 3691 2629 3733 cum
2670 3684 3025 3742 sanctissimo
3072 3692 3347 3762 antistite,
3404 3698 3640 3773 impigre

2055 3777 2241 3816 rerum
2278 3764 2592 3824 divinarum
2631 3773 3038 3835 celebrationes
3078 3782 3292 3853 obibat,
3323 3799 3379 3844 et
3404 3764 3638 3848 noctur-

2053 3868 2154 3908 nas
2187 3858 2456 3915 stationes
2490 3877 2621 3937 erga
2655 3881 2831 3936 genus
2877 3870 3180 3930 humanum
3220 3877 3493 3939 benevolo
3532 3886 3639 3941 Do-

2055 3946 2225 4001 mino.
2262 3948 2333 4005 Ut
2362 3958 2547 4007 autem
2577 3956 2903 4024 praedictum
2952 3959 3155 4031 fuerat,
3216 3968 3397 4025 zelum
3445 3974 3543 4030 Dci
3582 3986 3642 4032 et

2056 4038 2395 4097 desiderium
2456 4044 2719 4114 habebat,
2757 4051 2962 4108 multas
3012 4055 3223 4114 faciens
3260 4062 3642 4139 elecmosynas

2056 4132 2315 4202 inopibus
2364 4143 2422 4191 et
2462 4140 2729 4207 orphanis
2779 4157 2845 4198 ac
2874 4144 3077 4202 viduis.
3136 4149 3366 4208 Omnem
3415 4132 3640 4230 quoquc

2056 4227 2423 4296 syngrapham
2458 4230 2720 4301 injustam
2761 4236 3138 4307 rescindebat,
3202 4253 3368 4316 atque
3418 4227 3639 4308 omnem

2055 4320 2361 4389 improbam
2384 4326 2718 4382 sententiam
2741 4329 2860 4387 sive
2890 4330 3145 4404 iniquum
3180 4338 3507 4413 suffragium
3535 4347 3635 4401 tol-

2057 4413 2204 4469 lebat
2239 4434 2251 4470 :
2289 4425 2457 4486 atque
2480 4419 2550 4474 ab
2577 4421 2940 4491 optimatibus
2974 4442 3141 4482 manu
3179 4434 3407 4501 propria
3434 4437 3640 4506 scripta

2057 4506 2272 4563 fiducia!
2302 4508 2417 4565 sive
2458 4521 2623 4568 certae
2651 4517 2927 4574 cautionis
2957 4522 3293 4591 postulabat,
3321 4540 3391 4580 ne
3413 4526 3516 4596 ipsi
3553 4529 3639 4583 in-

363 4602 744 4667 ταπατοῦντας
762 4604 853 4657 τὸν
873 4605 1041 4675 νόμον
1056 4603 1151 4659 τοῦ
1172 4604 1330 4669 Θεοῦ,
1351 4607 1445 4660 καὶ
1461 4606 1531 4659 τά
1551 4607 1952 4680 προστάγματα

2057 4600 2197 4671 juria
2228 4620 2500 4675 pauperes
2522 4609 2925 4678 opprimerent,
2957 4581 3139 4686 neque
3151 4617 3244 4687 jus
3263 4581 3315 4673 ei
3338 4581 3640 4689 quiIhabe-

364 4697 467 4767 τῆς
513 4697 791 4769 βασιλείας
827 4697 993 4751 αὑτοῦ
1037 4700 1169 4769 πυρὶ
1207 4698 1301 4753 καὶ
1339 4699 1483 4769 ξίφει
1522 4702 1618 4754 καὶ
1672 4700 1819 4772 βύθῳ
1864 4702 1954 4755 θαο

364 4789 575 4862 λάσσης
606 4790 818 4862 ἀνῄρει,
862 4791 1094 4863 μηδενὸς
1132 4791 1456 4862 ἐλεουμένου
1486 4792 1652 4848 ἕνεκα
1681 4794 1782 4865 τῆς
1810 4796 1952 4849 ἐκδι-

365 4884 581 4953 κήσεως
642 4884 739 4937 τοῦ
778 4884 947 4955 νόμου
980 4884 1077 4939 τοῦ
1115 4884 1275 4949 Θεοῦ,
1335 4884 1461 4940 οῦτε
1493 4888 1789 4958 ἄρχοντος,
1824 4888 1949 4944 οὔτε

365 4976 620 5046 πένητος.
653 4975 736 5030 Τά
762 4976 819 5031 δὲ
854 4977 1199 5049 βουλεύματα
1231 4980 1418 5047 αὑτοῦ,
1450 4981 1520 5035 τά
1546 4999 1605 5035 τε
1637 4983 1766 5053 περὶ
1791 4984 1947 5055 είρή-

362 5084 463 5138 νης
488 5068 864 5141 καὶπολέμου,
894 5073 989 5126 καὶ
1016 5073 1210 5145 ἑτέρας
1240 5075 1566 5145 ἡστινοσοῦν
1613 5075 1947 5141 ὑποθέσεως,

363 5160 584 5231 πρῶτον
609 5161 902 5231 ἐπερωτῶν
937 5163 1025 5219 διά
1059 5164 1152 5218 τοῦ
1182 5165 1337 5234 ἀγίου
1363 5166 1693 5237 Γρηγεντίου
1713 5166 1803 5222 τὸν
1832 5167 1949 5221 Κύ-

366 5269 502 5323 ριον,
534 5253 604 5307 τά
644 5254 1002 5326 ἐντελλόμενα
1035 5256 1185 5327 αὑτῷ
1229 5258 1527 5329 προθύμως
1559 5259 1788 5330 ἐπλήρει
1809 5300 1823 5324 ,
1854 5260 1948 5313 καὶ

359 5345 621 5398 οὐδέποτε
659 5347 877 5417 ἠστόχει
917 5348 1011 5400 τοῦ
1052 5348 1384 5419 πρέποντος,
1425 5349 1501 5412 ὡς
1547 5349 1951 5414 θεοκελεύστοις

359 5436 575 5502 τούτοις
616 5439 929 5509 ἐπιχειρῶν.
971 5441 1306 5511 Τριακοστὸν
1350 5443 1529 5496 τοίνυν
1564 5444 1683 5506 ἔτος
1738 5447 1947 5517 κρατή-

360 5547 462 5593 σας
481 5532 581 5601 τῆς
611 5528 914 5601 βασιλείας,
946 5534 1003 5585 ἐν
1027 5533 1219 5604 εἰρήνῃ
1245 5534 1515 5606 ὑπεξῆλθε
1544 5536 1636 5590 τὸν
1662 5536 1777 5607 βίον
1801 5580 1815 5604 ,
1852 5540 1945 5593 τοῦ

2057 4704 2163 4760 ret,
2194 4696 2498 4767 eriperent,
2520 4711 2686 4771 atque
2720 4703 2777 4758 in
2817 4720 2943 4760 eum
2969 4708 3062 4776 qui
3093 4709 3229 4764 illud
3254 4726 3365 4767 non
3385 4712 3639 4780 haberet,

2058 4788 2447 4856 transferrent,
2461 4800 2519 4846 et
2541 4793 2981 4852 condemnarent
3001 4797 3432 4858 innoxium.Eos
3454 4812 3638 4860 autem

2057 4881 2152 4950 qui
2201 4882 2296 4936 Dei
2353 4883 2529 4953 legem
2578 4886 2972 4943 conculcarent
3003 4898 3062 4944 et
3110 4892 3265 4962 regni
3319 4894 3406 4948 sui
3435 4894 3639 4965 edicta,

2057 4971 2203 5043 igne,
2248 4973 2430 5044 gladio
2476 4983 2533 5029 et
2582 4976 2860 5046 profundo
2908 4980 3079 5035 maris
3113 4982 3363 5050 tollebat,
3418 4986 3643 5043 nemine

2056 5071 2289 5132 excepto
2316 5063 2387 5118 ab
2436 5064 2651 5120 ultione
2680 5064 2820 5136 legis
2862 5066 3088 5135 divinae,
3138 5086 3319 5143 neque
3363 5074 3639 5146 principe.

2058 5170 2240 5224 neque
2268 5171 2533 5226 paupere.
2581 5155 2825 5213 Consilia
2866 5169 3051 5216 autem
3085 5170 3143 5218 et
3173 5163 3243 5219 de
3289 5181 3445 5236 pace,
3487 5177 3545 5223 et
3572 5168 3642 5224 de

2057 5248 2224 5313 bello,
2255 5257 2315 5303 et
2346 5249 2416 5304 de
2445 5266 2778 5321 quacunque
2808 5268 2870 5308 re
2921 5254 3049 5319 alia,
3104 5256 3349 5327 primum
3376 5276 3478 5334 per
3517 5277 3641 5317 san-

2055 5351 2204 5397 ctum
2240 5340 2601 5414 Gregentium
2638 5344 2934 5401 Dominum
2969 5347 3315 5423 interrogans
3362 5355 3637 5425 capiebat,

2056 5436 2315 5491 mandata
2349 5436 2455 5493 sibi
2495 5446 2748 5508 prompte
2782 5446 2840 5493 et
2884 5440 3146 5499 alacriter
3204 5448 3637 5517 exsequebatur,

2056 5551 2238 5607 neque
2284 5546 2529 5603 unquam
2598 5529 2890 5586 aberrabat
2931 5532 3001 5589 ab
3053 5533 3255 5604 ofﬁcio,
3312 5547 3501 5609 utpote
3542 5541 3636 5610 qui

1900 5657 2132 5716 ΝΟΤᾸΞ.

435 5742 549 5811 (73)
605 5742 878 5826 Ἐπεκκζ.
917 5780 985 5789 --
1031 5751 1278 5826 Κρῃκλ.
1319 5750 1512 5826 ⁸ᾼίιίεἰε
1563 5752 1830 5826 Cangium
1889 5756 1945 5812 in

360 5812 734 5896 Μηδείῃ-εἶτ.
772 5818 862 5896 ιλ]
928 5835 1049 5896 pag.
1080 5820 1205 5896 574,
1233 5837 1287 5875 v.
1317 5823 1645 5896 Κανίκ).ειοη
1670 5812 1764 5893 ,υῦῐ
1795 5834 1833 5882 t.
1866 5827 1943 5894 Il,

361 5899 487 5955 pag.
529 5884 683 5941 1657.
721 5884 1226 5963 ν.’Υ-ιεκκλησίων.

2127 5753 2240 5822 (76)
2264 5748 2420 5818 Τοῖς.
2447 5749 2729 5815 -βαππ.
2762 5747 2925 5804 Forte
2959 5749 3069 5803 τῶν
3108 5750 3515 5821 βαπτισθέντων
3538 5749 3639 5806 Cu-

2055 5844 2239 5968 1⁴‹)ῗ’ί7)
2276 5897 2454 5963 Νεοφ.
2480 5889 2668 5948 Scribe
2698 5890 2846 5959 Θοοφ.
2890 5892 2961 5943 ln.
