4088 6532
461 418 567 485 783

1625 417 2029 481 EPIPHANII
2065 417 2176 484 CP.
2217 417 2558 479 EPISCOPI

3609 417 3720 480 784

461 542 494 582 a
533 525 647 581 Deo
694 521 966 594 imperata
1007 524 1423 594 aggrederetur.
1475 525 1842 584 Tricesimum
1871 526 2042 598 igitur

2148 527 2422 600 μακαρίου
2480 527 2810 600 Γρηγεντίου
2859 526 3313 597 προσημῆναντος
3336 524 3487 597 αὐτῷ
3519 524 3621 598 τὴν
3645 527 3735 580 ἐν·

461 632 668 672 annum
699 617 857 686 regni
887 616 974 672 sui
1021 632 1220 688 agens,
1250 619 1307 672 in
1343 633 1479 688 pace
1510 634 1543 674 e
1583 619 1730 674 vivis
1773 619 2039 686 excessit;

422 739 425 742 ι
460 710 549 765 cui
582 710 728 765 hanc
753 710 1175 782 emigrationem
1201 711 1754 783 heatusGregentius
1778 711 2047 781 praedixe-

460 811 589 857 rat:
641 810 698 856 et
728 803 980 872 sepultus
1013 811 1097 858 est
1125 801 1182 859 in
1217 803 1357 858 urbe
1401 803 1622 874 Tcphar
1663 804 2044 874 regia-Home-

463 895 715 952 ritarum.
747 894 1018 954 Serdidus
1060 906 1244 953 autem
1279 897 1400 968 ejus
1439 896 1587 950 ﬁlius
1628 895 1783 967 regni
1825 905 2045 966 sceptra

462 985 630 1055 cepit,
661 983 757 1054 qui
791 983 847 1038 in
886 984 1148 1042 omnibus
1166 986 1323 1044 sicut
1360 993 1519 1056 pater
1545 987 1688 1057 ejus,
1717 985 1886 1040 beato
1907 983 2044 1041 Gre-

461 1074 649 1146 gentio
677 1084 764 1130 est
810 1076 1130 1132 obsecutus.

533 1152 771 1223 Sanews
803 1178 989 1224 autem
1017 1155 1498 1238 archiepiscopus,
1522 1182 1653 1222 eum
1671 1165 1892 1222 Christi
1924 1180 2046 1236 gre-

462 1271 582 1328 gem
607 1256 871 1326 pramiare
897 1256 1264 1324 etdiligcnter
1280 1257 1544 1326 pavisset,
1568 1263 1807 1325 etsuper
1819 1263 2046 1324 aposto-

461 1348 642 1402 lorum
678 1346 1039 1403 fundamento
1071 1348 1418 1413 aediﬁcasset,
1469 1358 1525 1404 et
1569 1349 1743 1403 multa
1775 1348 2044 1404 miracula

460 1447 517 1494 et
555 1439 710 1510 signa
756 1438 826 1492 ad
863 1439 961 1493 Dei
1004 1439 1235 1509 gloriam
1268 1439 1516 1504 fecisset,
1554 1448 1612 1494 et
1639 1439 1770 1496 dum
1809 1441 2042 1506 viveret,

461 1538 518 1586 et
549 1538 847 1601 postquam
883 1530 1170 1596 dormivit,
1202 1532 1368 1601 paulo
1383 1541 1516 1601 post
1542 1532 1690 1604 regis
1721 1533 1956 1596 obitum,
1989 1540 2046 1587 et

459 1622 578 1693 ipse
605 1621 773 1678 vitam
807 1638 932 1679 cum
967 1632 1147 1678 morte
1173 1625 1559 1689 commutavit,
1596 1640 1697 1696 pro
1721 1625 2044 1682 haereditate

461 1730 691 1786 regnum
739 1715 1138 1786 sempiternum
1187 1717 1436 1781 sortitus,
1486 1732 1677 1773 mense
1709 1716 2042 1786 iDecembri,

459 1807 550 1862 die
609 1807 826 1862 decimo
862 1823 1031 1862 nono.
1071 1808 1336 1879 Sepultus
1384 1818 1571 1864 autem
1607 1809 1711 1864 fuit
1747 1810 1802 1864 in
1842 1826 2047 1866 cmme-

2147 619 2273 676 θάδε
2323 621 2655 690 μετάστασιν
2692 637 2707 652 ·
2764 619 2858 674 καὶ
2891 619 3072 690 ἐτάφη
3134 618 3196 672 ὲν
3245 620 3316 688 τῇ
3371 617 3734 692 βασιλευούσῃ

2142 711 2298 764 πόλει
2335 711 2524 783 Τεφὰρ
2560 711 2671 767 τῶν
2716 710 3048 782 Ὁμηρικῶν.
3093 709 3411 780 Παρείληφε
3450 708 3510 762 δὲ
3538 709 3732 780 Σέρδι-

2143 803 2230 866 δοτ.
2271 805 2300 857 ὁ
2357 804 2471 867 υίὸς
2495 804 2662 858 αὑτοῦ
2702 804 2771 857 τὰ
2815 804 3073 874 σκῆπτρα
3121 803 3222 872 τῆς
3281 800 3586 873 βασιλείας,
3637 800 3736 854 καὶ

2143 889 2214 966 ἦν
2240 895 2388 949 κατὰ
2409 895 2591 949 πάντα
2609 895 2686 960 ὡς
2707 897 2736 949 ὁ
2762 895 2947 966 πατὴρ
2978 893 3148 948 αὐτοῦ
3167 932 3182 960 ,
3206 891 3286 963 τῷ
3316 891 3572 963 μακαρίῳ
3590 891 3738 962 rm-

2143 987 2342 1059 γεντίῳ
2376 988 2660 1059 ἑπόμενος.

2229 1165 2288 1218 '0
2316 1164 2374 1218 δὲ
2419 1165 2478 1218 ὲν
2520 1165 2699 1233 ἁγίοις
2752 1162 3501 1235 ἀρχιεπίσκοποςποιμᾶνας
3548 1161 3738 1225 καλῶς

2144 1257 2238 1310 καὶ
2262 1255 2539 1324 ἐπιμελῶς
2559 1255 2630 1317 ,τὺ
2665 1253 2762 1309 τοῦ
2805 1253 3045 1325 Χριστοῦ
3085 1253 3364 1323 ποίμνιον,
3399 1253 3494 1306 καὶ
3515 1251 3737 1305 ἔποικο-

2143 1349 2388 1419 δομήσας
2412 1349 2504 1402 ἐπὶ
2523 1347 2602 1415 τῷ
2641 1345 2879 1417 Θεμελίῳ
2913 1346 3024 1399 τῶν
3052 1345 3369 1400 ἀποστόλων
3387 1385 3403 1408 ,
3433 1344 3531 1396 καὶ
3557 1341 3735 1396 πολλὰ

2142 1439 2348 1510 τέρατα
2386 1438 2483 1491 καὶ
2528 1441 2729 1508 σημεῖα
2773 1435 3091 1499 ἐπιτελέσας
3116 1436 3197 1498 εἰς
3242 1433 3404 1498 δόξαν
3428 1431 3590 1496 Θεοῦ,
3631 1435 3734 1484 καὶ

2145 1531 2254 1597 ζοῶν
2286 1530 2378 1584 καὶ
2419 1529 2556 1600 μετὰ
2580 1529 2870 1599 κοίμησιν,
2900 1528 3036 1600 μετὰ
3066 1526 3259 1598 μικρὸν
3283 1525 3387 1595 τῆς
3423 1524 3736 1594 κοιμήσεως

2143 1622 2239 1677 τοῦ
2289 1622 2573 1693 βασιλέως,
2612 1622 2830 1691 παρῆκε
2857 1621 2954 1674 καὶ
2991 1619 3152 1683 αὐτὸς
3185 1617 3277 1671 τδν
3323 1617 3570 1687 παρόντα
3591 1615 3732 1686 βίον,

2145 1713 2562 1783 κληρονομήσας
2615 1711 2893 1782 βασιλείαν
2923 1709 3305 1781 ἀτελεύτητον,
3352 1708 3484 1778 μηνὶ
3521 1709 3734 1774 Δεκεμ-

2147 1804 2287 1875 ϐρίῳ
2322 1803 2408 1857 ιθ’.
2464 1803 2673 1872 Ἐτάφη
2716 1802 2774 1856 δὲ
2805 1803 2863 1855 ἐν
2910 1802 2991 1870 τῷ
3028 1799 3373 1870 κοιμητηρίῳ
3413 1798 3512 1863 τῆς
3541 1798 3736 1864 Μεγὰ-

461 1899 603 1954 terio
638 1899 845 1970 Magna:
877 1901 1150 1966 ecclesiae,
1182 1901 1315 1957 illuc
1361 1902 1712 1974 congregatis
1747 1903 2043 1974 episcopis,

2145 1899 2247 1969 λης
2309 1898 2604 1970 ἐκκλησίας
2664 1895 3063 1968 ἁθροισθέντων
3135 1897 3316 1948 ἐκεῖσε
3375 1892 3731 1954 ἐπισκόπων,

458 1992 867 2057 sacerdotibus,
915 1981 1187 2058 diaconis,
1242 2003 1298 2047 et
1347 1993 1650 2048 solitariam
1685 1994 1855 2048 vitam
1889 2010 2048 2066 agen-

462 2085 609 2140 tibus
645 2085 1174 2151 innumerahilibus,
1225 2085 1291 2140 ad
1326 2087 1447 2157 ejus
1473 2087 1661 2152 funus,
1699 2087 1935 2142 multum
1967 2090 2048 2144 la-

460 2177 842 2232 mentantibus
862 2185 918 2232 et
938 2175 1359 2247 deplorantibus
1379 2194 1444 2232 ac
1465 2179 1788 2249 lugentibus
1811 2190 2046 2236 mortem

458 2276 517 2322 et
548 2266 919 2336 privationem
947 2267 1082 2321 tanti
1119 2267 1245 2321 viri.
1280 2267 1444 2323 Pater
1469 2268 1618 2324 enim
1653 2267 1836 2325 fuerat
1864 2269 2048 2324 omni-

459 2357 566 2413 bus
588 2357 790 2424 bonus,
807 2358 1008 2428 cuique
1025 2359 1312 2414 commoda
1333 2368 1390 2414 et
1407 2374 1654 2431 congrua
1671 2360 2035 2430 distribuens,

460 2458 518 2503 et
546 2447 824 2503 mediator
849 2449 1008 2504 valde
1034 2446 1433 2505 condolescens
1471 2459 1529 2505 et
1552 2452 2045 2508 commiserescens

459 2539 576 2593 Deo
614 2545 672 2593 et
706 2538 1032 2594 hominibus
1054 2537 1274 2604 'factus,
1307 2539 1361 2594 in
1394 2539 1621 2596 Christo
1643 2542 1774 2597 Jcsu
1809 2542 2045 2598 Domino

459 2638 658 2685 nostro
689 2646 704 2684 :
730 2628 834 2685 Cui
865 2630 1063 2702 gloria,
1095 2637 1152 2685 et
1182 2631 1498 2702 imperium,
1529 2642 1587 2688 et
1609 2633 1807 2698 honor,
1829 2641 1885 2688 et
1913 2633 2044 2688 ado-

457 2721 630 2786 ratio,
675 2737 828 2779 nunc
876 2729 934 2779 et
972 2737 1214 2795 semper,
1265 2732 1323 2780 et
1358 2723 1413 2780 in
1445 2724 1644 2780 saecula
1695 2725 2042 2782 sxculorum.

460 2813 658 2870 Amen.

2148 1991 2364 2062 ἱερέων,
2403 1991 2664 2045 διακόνων
2686 2030 2700 2052 ,
2745 1989 3088 2059 μοναζόντων
3123 1984 3515 2058 μυριοπληθῶν
3544 1983 3639 2038 ἐπ’.
3665 1985 3732 2054 τῇ

2149 2085 2342 2156 κηδείᾳ
2377 2081 2564 2148 αὐτοῦ,
2597 2082 2770 2136 πολλὰ
2791 2080 3136 2152 θρηνούντων
3173 2078 3267 2134 καὶ
3305 2075 3736 2147 ἀποδυρομένων

2146 2179 2250 2249 τὴν
2279 2176 2534 2247 στέρησιν
2573 2173 2761 2229 αὐτοῦ.
2795 2172 2984 2244 Πατὴρ
3019 2172 3129 2244 γὰρ
3148 2170 3392 2241 ἐγεγόνει
3431 2171 3544 2232 τοῖς
3563 2170 3735 2222 πᾶσιν

2148 2267 2376 2336 ἀγαθὸς,
2421 2267 2638 2336 ἑκάστῳ
2679 2264 2751 2318 τὰ
2793 2261 3218 2334 προσφερόμενα
3264 2259 3591 2329 ἀπονέμων,
3639 2257 3737 2310 καὶ

2148 2359 2377 2430 μεσίτης
2398 2358 2540 2426 ἄγαν
2569 2355 2988 2428 εύσυμπάθητος
3014 2351 3137 2422 Θεῷ
3175 2353 3271 2406 καὶ
3309 2350 3616 2422 ἀνθρώποις
3643 2365 3738 2417 γε·

2147 2449 2394 2520 νόμενος,
2440 2449 2502 2501 ὲν
2547 2445 2769 2518 Χριστῷ
2802 2444 2983 2515 Ἰησοῦ
3035 2443 3115 2514 τῷ
3149 2442 3342 2512 Κυρίῳ
3391 2441 3571 2511 ἡμῶν,
3614 2432 3659 2506 ᾧ
3700 2440 3734 2507 ἡ

2145 2541 2276 2607 δόξα
2316 2542 2414 2596 καὶ
2461 2541 2527 2594 τὸ
2578 2538 2802 2610 κράτος,
2830 2539 2864 2608 ἡ
2920 2535 3079 2607 τιμὴ,
3110 2536 3206 2589 καὶ
3245 2535 3279 2604 ἡ
3331 2532 3731 2604 προσκύνησις,

2146 2632 2243 2688 νῦν
2301 2634 2397 2688 καὶ
2448 2633 2561 2697 ἀεὶ,
2627 2631 2722 2686 καὶ⁹
2771 2630 2853 2694 είς
2899 2628 3025 2692 τοῦς
3083 2626 3287 2688 αἰῶνας
3347 2625 3456 2678 τῶν
3498 2623 3734 2678 αἰώνων.

2160 2725 2356 2797 Ἀμήν.

1723 3175 1891 3221 ANNO
1935 3175 2171 3221 DOMINI
2213 3174 2451 3219 DXXXV.

1369 3427 1378 3435 ·
1440 3347 2769 3533 EPIPHANIUS

1164 3650 2410 3720 CONSTANTINOPOLITANUS
2474 3649 3019 3712 EPISCOPUS.

1417 3948 2089 4054 EPISTOLIE
2168 3943 2790 4070 QUATUOB

915 4165 1317 4230 EPIPHANII
1353 4158 2240 4229 CONSTANTINOPOLITANI
2284 4157 2627 4220 EPISCOPI
2665 4159 2766 4218 AD
2803 4157 3290 4219 HORMISDAM.

470 4324 770 4402 (Exstant
811 4301 984 4383 inter
1021 4317 1372 4381 Hormisdw
1416 4334 1603 4396 papa:
1658 4311 1955 4402 epistulare
2008 4310 2566 4402 εξΑ-ᾀερηεέαεηγιξά.
2612 4309 2988 4390 Patrologite
3015 4310 3254 4372 Latinas
3281 4317 3428 4371 tam.
3463 4307 3726 4384 LXXII,

1696 4391 1820 4454 col.
1851 4392 1992 4465 15%,
2034 4391 2178 4466 597,
2207 4392 2347 4466 507,
2380 4392 2523 4452 523.

476 4573 3345 4606 ___________.________—__——__—.————

3351 4569 3692 4589 ﬂ

1158 4712 1252 4800 Ψ
1253 4709 1557 4798 ΗΦΟΣ
1629 4704 2044 4795 ΕΠΙΦΑΒ

2145 4688 2260 4794 )Υ
2330 4704 3042 4794 HATPIAPXOY

842 4904 844 4906 τ
965 4870 1089 4927 ΚΔΙ
1125 4871 1171 4927 Τ
1175 4871 1266 4926 ΗΣ
1303 4867 1772 4926 ΕΝΔΗΜΟΥΣΗΣ
1807 4867 2126 4922 ΣΥΝΟΔΟΥ
2163 4868 2360 4923 ΚΑΤΑ
2396 4865 2720 4922 ΣΕΥΗΡΟΥ
2759 4868 2880 4921 ΚΑΙ
2919 4865 3222 4920 ΠΕΤΡΟΥ.

2071 5014 2143 5028 .—

904 5142 1586 5234 SENTENTIA
1707 5142 2344 5231 EPIPHANII
2484 5102 3366 5260 PATRIABCHJE:

992 5323 1090 5384 ET
1127 5319 1404 5384 SYNODI
1439 5320 1964 5386 CONGREGATE
1999 5320 2303 5382 CONTRA
2341 5321 2704 5383 SEVERUM
2737 5321 2834 5382 ET
2870 5318 3210 5381 PETRUM.

1557 5460 1770 5534 (Mausr,
1805 5457 2008 5514 Concil.
2043 5466 2182 5514 tom.
2211 5456 2350 5521 Vlll,
2379 5472 2436 5526 p.
2474 5455 2658 5526 1157.)

535 5742 734 5801 Sancta
757 5739 1002 5815 synodus
1031 5737 1170 5796 dixit
1198 5757 1211 5793 :
1254 5737 1410 5794 Licet
1459 5733 1594 5807 quid
1616 5733 1816 5792 novius
1848 5733 2035 5798 fuerit,

463 5837 613 5917 quod
647 5858 676 5897 ει
717 5839 1127 5904 venerabilibus
1161 5835 1439 5908 prioribus
1478 5832 1881 5890 venerabilium
1922 5846 2039 5887 nio-

2226 5732 2293 5786 Ἦ
2323 5730 2636 5803 ὲνδημοῦσα
2665 5728 2799 5797 ἁγία
2831 5726 3051 5789 σύνοδος
3077 5717 3255 5785 εἶπεν,
3298 5721 3360 5775 Ei
3390 5718 3484 5773 καί
3512 5733 3566 5770 τι
3594 5715 3734 5768 νεώ-

2143 5842 2305 5897 τερον
2349 5819 2418 5895 ἦν
2477 5824 2536 5877 τὺ
2591 5822 2745 5892 παρὰ
2791 5821 2903 5876 τῶν
2945 5815 3363 5874 εὐλαϐεστάτων
3406 5811 3733 5884 ἡγουμένων
