4088 6536
322 534 434 597 785

1142 529 1570 593 SENTENTIA
1606 531 1909 595 CONTRA
1946 535 2309 599 SEVERUM
2343 539 2439 600 ΕΤ
2476 541 2811 606 PETRUM.

3496 552 3605 619 ’18ίῖ

325 644 437 698 τῶν
486 643 705 712 εὐαγῶν
757 644 1140 717 μοναστηρίων
1190 649 1453 719 αἰτηθὲν,
1506 654 1583 716 ὡς
1623 655 1763 726 ὑπὲρ
1795 656 1951 721 τῶν,

2033 666 2387 714 tasteriorum
2424 662 2661 730 petitum
2690 672 2797 729 est,
2827 671 3089 735 tanquam
3116 680 3219 735 pro
3240 666 3605 726 sanctissimis

327 736 653 806 ἁγιωτάτων
678 736 1021 809 Ἐκκλησιῶν
1045 742 1493 811 προτεινόμενον,
1509 746 1914 814 προσδέξασθαι

327 831 482 900 ἡμᾶς
530 828 755 893 πάντως
783 828 893 885 ἔδει
934 832 1032 887 καὶ
1061 831 1141 903 τῷ
1168 832 1410 904 θεοφιλεῖ
1436 837 1617 891 αὐτῶν
1648 840 1916 911 κοινωνῆ-

330 919 423 974 σαί
448 937 504 974 τε
536 921 632 975 καὶ
661 923 1109 991 ὲπαγωνίσασθαι
1140 925 1311 998 ζήλῳ.
1368 928 1483 983 Νῦν
1507 929 1599 997 δὲ,
1648 933 1745 986 καὶ
1776 950 1918 1005 προ-

323 1012 762 1086 εξειργασμένον
788 1015 947 1069 τοῦτο
995 1016 1140 1070 κατὰ
1174 1018 1334 1087 λόγον
1364 1019 1525 1092 ὀρθὸν
1558 1022 1780 1095 δρῶμεν
1810 1024 1917 1095 ήδη

330 1105 439 1159 ὑπὸ
506 1105 617 1159 τῶν
678 1106 1132 1177 μακαριωτάτων
1183 1110 1343 1179 ήμῶν
1400 1111 1662 1182 Πατέρων
1703 1131 1763 1167 τε
1823 1115 1919 1170 καὶ

330 1198 614 1269 ἀδελφῶν,
670 1196 814 1253 ὥστε
861 1200 960 1254 καὶ
1003 1201 1356 1272 ἐγκλήματος
1385 1197 1528 1257 εἶναι
1564 1204 1825 1273 μεγίστου
1858 1205 1920 1259 τὺ

334 1292 412 1363 μὴ
453 1291 671 1357 τούτοις
714 1292 1097 1358 ἔξακολουθεΐν
1149 1296 1263 1359 τοῖς
1310 1294 1373 1348 οὐ
1418 1297 1651 1367 μικροὺς
1687 1296 1919 1367 ἱδρῶτας

332 1382 628 1454 ὲσχηκόσιν
659 1383 802 1455 ὑπὲρ
832 1383 938 1453 τῆς
964 1384 1154 1454 κοινῆς
1191 1384 1302 1439 τῶν
1330 1385 1655 1455 ἁγιωτάτων
1684 1386 1920 1459 Ἐκκλη-

333 1475 469 1529 σιῶν
518 1475 787 1545 εἰρήνης,
845 1476 939 1529 καὶ
988 1476 1048 1528 ὲν
1080 1478 1195 1539 τοῖς
1228 1476 1493 1546 μεγάλοις
1524 1478 1621 1532 καὶ
1647 1495 1923 1550 πατριάρ-

333 1572 512 1642 χικοῖς
552 1568 899 1641 διαλάμψασι
938 1568 1174 1641 θρόνοις.
1226 1571 1323 1624 Ἐκ
1352 1571 1574 1626 πάντων
1599 1572 1784 1627 τοίνυν
1811 1572 1923 1628 τῶν

334 1661 768 1732 ἀνεγνωσμένων
798 1660 1038 1733 εὕρομεν
1067 1662 1330 1734 Σευῆρον,
1376 1664 1472 1718 καὶ
1500 1663 1709 1734 Πέτρον
1737 1664 1923 1736 πάσης

348 1754 679 1825 Ἑκκλησίας
711 1754 1007 1824 καθολικῆς
1026 1793 1042 1818 ,
1087 1755 1231 1810 ἀλλὰ
1254 1757 1349 1810 καὶ
1377 1757 1550 1828 αὐτῆς
1575 1759 1676 1828 τῆς
1700 1757 1923 1829 ὀρθοδό-

336 1844 429 1911 ξου
481 1845 721 1909 πίστεως
772 1845 1107 1911 ἀποστάτας,
1144 1848 1237 1901 καὶ⁸
1282 1848 1792 1920 ἁποτετμημένους,
1827 1850 1925 1903 καὶ

335 1935 445 1989 τῶν
490 1936 591 2007 μὲν
638 1936 1032 2009 ἁπλουστέρων
1065 1938 1252 2009 ψυχῶν
1302 1940 1669 2007 ἐπιϐούλους,
1721 1942 1831 1996 τῶν
1865 1942 1922 1997 δὲ

2018 749 2285 807 Ecclesiis
2313 762 2659 822 porrectum;
2684 756 2977 813 admittere
2998 756 3227 813 omnino
3252 774 3356 814 nos
3383 771 3605 830 oportet

2018 848 2075 895 et
2106 841 2354 911 ipsorum
2384 845 2478 914 pio
2508 847 2628 901 zelo
2649 848 3066 904 communicare
3095 857 3261 919 atque
3283 852 3604 909 convenire.

2018 932 2181 987 Nunc
2213 941 2400 988 autem
2427 943 2484 989 et
2513 936 2619 992 hoc
2643 952 2767 993 esse
2785 936 2992 992 factum
3023 953 3150 993 cum
3181 940 3399 995 ratione
3422 956 3453 995 a
3473 942 3606 998 bea-
3657 984 3668 996 ,

2022 1021 2253 1078 tissimis
2288 1023 2550 1079 Patribus
2582 1033 2638 1080 et
2670 1024 2939 1081 fratribus
2958 1027 3169 1083 nostris
3186 1028 3300 1099 jam
3326 1030 3604 1100 conspici—

2020 1124 2181 1163 mus:
2226 1110 2414 1180 sicque
2448 1111 2699 1167 maximaa
2731 1113 2906 1183 culpae
2923 1121 3093 1178 esset,
3132 1130 3243 1169 non
3267 1117 3425 1187 sequi
3460 1116 3605 1183 illos,

2020 1198 2115 1268 qui
2146 1214 2259 1253 non
2297 1215 2498 1270 parvos
2518 1201 2752 1257 sudores
2799 1202 3121 1259 habuerunt
3173 1220 3274 1275 pro
3325 1213 3625 1264 communi.

2021 1305 2157 1361 pace
2178 1291 2652 1349 sanctissimarum
2684 1294 3079 1361 Ecclesiarum,
3106 1303 3163 1351 et
3190 1296 3288 1366 qui
3310 1296 3366 1352 in
3396 1300 3609 1370 magnis

2023 1396 2089 1436 ac
2108 1384 2575 1452 patriarchalibus
2605 1387 3339 1456 resplendueruntsedibus.
3375 1390 3455 1444 Ex
3485 1405 3609 1445 om-

2022 1472 2187 1529 nibus
2228 1474 2411 1545 itaque
2438 1475 2600 1531 lectis
2627 1476 2941 1534 invenimus
2967 1479 3232 1535 Severum
3259 1488 3317 1537 et
3360 1482 3608 1548 Petrum,

2024 1566 2196 1620 totius
2227 1565 2488 1623 Ecclesiae
2518 1568 2824 1637 catholicae,
2871 1570 2984 1627 imo
3006 1579 3063 1627 et
3095 1572 3269 1642 ipsius
3289 1573 3641 1630 orthodoxae

2026 1658 2154 1716 ﬁdei
2180 1669 2459 1732 apostatas
2484 1669 2543 1721 et
2589 1665 2888 1734 abscissos,
2932 1682 2998 1723 ac
3045 1668 3451 1738 simpliciorum
3487 1670 3609 1726 ani-

2025 1767 2241 1808 marum
2270 1754 2624 1813 insidiatores
2647 1774 2789 1828 esse,
2808 1761 2921 1830 nec;
2934 1777 3047 1817 non
3073 1761 3369 1832 impiorum
3394 1762 3612 1819 haereti-

2026 1860 2218 1900 corum
2254 1846 2523 1914 fautores,
2558 1857 2752 1920 utpote
2777 1851 3023 1922 ipsorum
3057 1852 3440 1923 frequentibus
3454 1868 3611 1909 erro-

2027 1934 2181 1991 ribus
2206 1936 2536 2007 implicatos.
2566 1940 2770 1996 Verum
2805 1949 2862 1998 et
2894 1958 3079 1999 sacras
3107 1943 3422 1999 sanctiones
3446 1959 3608 2000 sanc-

336 2003 554 2083 ἁσεόῶν
581 2030 878 2102 αἱρετικῶν
909 2003 1229 2101 συνεργούς,
1263 2029 1352 2087 οἷα
1383 2038 1504 2100 ταῖς
1527 2003 1709 2091 αὐτῶν
1738 2035 1919 2091 ποικί-
1948 2050 1951 2057 “

2033 2034 2207 2082 torum
2228 2028 2452 2083 Patrum
2485 2040 2801 2086 nostrorum
2834 2048 2938 2103 pro
2966 2034 3143 2089 nihilo
3175 2042 3609 2104 putaverunt,et

335 2126 461 2189 λαις
508 2125 877 2197 ὑπαγομένων
926 2126 1198 2192 πλάναις,
1252 2127 1393 2183 ἁ).λὰ
1436 2130 1532 2184 καὶ
1574 2131 1706 2194 τοὺς
1738 2131 1921 2201 ἱεροὺς

336 2215 447 2269 τῶν
477 2216 651 2285 ἁγίων
679 2216 836 2287 ήμῶν
865 2218 1128 2289 Πατέρων
1165 2218 1408 2289 θεσμοὺς
1449 2221 1581 2293 παρ’
1605 2222 1759 2277 οὐδὲν
1781 2222 1922 2294 ἡγή-

339 2325 524 2373 σαντο,
544 2307 615 2362 τὰ
634 2308 847 2373 τούτοις
870 2310 1304 2381 ἀπηγορευμένα
1328 2311 1723 2382 ῥιψοκινδύνως
1743 2315 1922 2367 ποιεῖν

337 2398 748 2470 τολμήσαντες,
804 2401 901 2454 καὶ
950 2400 1041 2455 διὰ
1082 2400 1261 2457 ταῦτα
1307 2406 1431 2467 ταῖς
1477 2404 1924 2475 ἁνεγνωσμέναις

339 2488 714 2554 ὑποπεσόντες
747 2491 1050 2562 ἰερατικαῖς
1080 2491 1307 2564 ψήφοις.
1358 2494 1450 2548 Διὸ
1482 2494 1579 2548 καὶ
1606 2496 1771 2565 ἡμεῖς
1795 2488 1927 2550 ἁκο-

339 2580 660 2645 λουθοῦντες
708 2583 935 2647 αὑταῖς,
986 2584 1115 2647 τοὺς
1149 2583 1500 2656 εἰρημένους,
1535 2586 1799 2659 Σευῆρον,
1830 2586 1927 2641 καί⁵

341 2673 572 2744 Πέτρον,
608 2673 745 2745 μηδὲ
770 2677 886 2738 τοῖς
916 2675 1023 2728 ὑπὸ
1046 2675 1321 2731 τοσούτων
1346 2678 1521 2747 ἁγίων
1544 2678 1807 2749 Πατὲρων
1837 2696 1929 2748 γε-

340 2764 592 2834 νομένοις
641 2766 763 2819 κατ’
787 2766 969 2821 αὔτῶν
1014 2767 1259 2831 αἰωνίοις
1309 2768 1694 2840 κατακρίμασί
1722 2786 1782 2823 τε
1832 2769 1930 2824 καὶ

342 2856 713 2928 ἁναθέμασιν,
740 2858 1189 2927 ὑποσταλέντας,
1257 2860 1291 2931 ἢ
1352 2862 1755 2933 μετριωτέρους
1798 2864 1930 2932 γοῦν

344 2949 491 3003 κατά
515 2966 569 3002 τι
595 2950 953 3019 γενομένους,
970 2952 1286 3007 τούναντίον
1311 2952 1369 3006 δὲ
1394 2954 1490 3007 καὶ
1514 2954 1930 3025 ἑπαυξήσαντας

344 3039 446 3111 τὴν
475 3040 686 3095 ἑαυτῶν
717 3041 1037 3113 θρασύτητα
1080 3043 1227 3099 κατὰ
1255 3043 1451 3100 πασῶν
1478 3046 1586 3099 τῶν
1611 3046 1932 3115 ἁγιωτάτων

359 3129 740 3197 Ἔκκλησιῶν,
798 3132 894 3185 καὶ
944 3132 1191 3204 θορύϐων
1241 3134 1305 3188 τὸ
1352 3133 1441 3189 ἐπ’
1475 3136 1661 3200 αὐτοῖς
1706 3137 1933 3209 πληρώ-

348 3238 551 3284 σαντας
581 3221 755 3285 αὐτὰς
780 3263 796 3287 ,
849 3224 947 3278 καὶ
976 3223 1087 3277 τῶν
1118 3225 1267 3279 ἰδίων
1298 3226 1479 3280 πόνων
1505 3229 1633 3290 τοὺς
1660 3229 1933 3299 καρποὺς,

2020 2116 2110 2172 his
2144 2116 2445 2175 interdicta
2467 2121 2781 2190 periculose
2803 2122 2982 2178 facere
3010 2132 3518 2195 praesumpserunt:
3552 2128 3611 2180 et

2020 2217 2250 2281 propter
2278 2212 2403 2268 haec
2416 2213 2472 2267 in
2497 2228 2685 2269 sacras
2718 2216 3024 2273 sententias
3070 2217 3243 2274 lectas
3264 2218 3606 2273 inciderunt.
3636 2267 3645 2272 -

2024 2301 2236 2360 idcirco
2263 2312 2441 2361 etnos
2473 2306 2619 2377 ipsas
2642 2317 2955 2378 sequentes,
2998 2310 3293 2380 praedictos
3338 2310 3639 2367 Severum'

2023 2401 2081 2448 et
2102 2394 2347 2461 Petrum,
2372 2396 2467 2465 qui
2503 2412 2607 2452 nec
2627 2399 2989 2455 retrahuntur
3026 2402 3318 2471 perpetuis
3344 2400 3609 2457 condem-

2026 2487 2343 2543 nationibus
2371 2498 2427 2544 et
2457 2491 3126 2559 anathematizationibus,
3156 2510 3187 2548 a
3214 2494 3381 2549 tantis
3404 2495 3609 2549 sanctis

2026 2578 2283 2636 Patribus
2303 2590 2491 2636 contra
2518 2583 2668 2652 ipsos
2696 2582 2876 2649 factis,
2898 2591 2994 2638 aut
3018 2584 3386 2640 modestiores
3414 2584 3613 2640 videli-

2029 2680 2118 2728 cet
2146 2673 2449 2728 secundum
2485 2674 2619 2743 quid
2645 2673 2773 2729 lacti
2802 2684 2950 2741 sunt,
2980 2690 3012 2731 e
3041 2675 3321 2732 contrario
3354 2690 3487 2731 vero
3522 2685 3607 2731 te-

2032 2768 2343 2823 meritatem
2400 2782 2556 2822 suam
2594 2778 2868 2823 auxerunt
2924 2779 3117 2824 contra
3152 2784 3345 2824 omnes
3390 2776 3643 2825 sanctas.

2031 2857 2308 2913 Ecclesias
2338 2873 2353 2923 ;
2396 2866 2453 2912 ct
2484 2858 2632 2928 ipsas
2663 2858 3012 2924 tumultibus,
3056 2866 3323 2928 quantum
3360 2859 3416 2912 in
3474 2856 3611 2927 ipsis

2031 2948 2155 3014 fuit,
2211 2948 2617 3018 impleverunt,
2650 2958 2708 3003 et
2730 2949 3081 3019 propriorum
3105 2948 3357 3003 laborum
3398 2946 3612 3002 fructus

2034 3050 2384 3111 carpserunt,
2430 3050 2493 3095 ut
2535 3040 2670 3095 dicit
2715 3040 2902 3095 divina
2964 3039 3290 3109 Scriptura;
3342 3038 3612 3092 habemus

2035 3134 2210 3191 factos
2250 3134 2305 3188 in
2335 3133 2529 3188 ordine
2560 3133 2969 3199 haereticorum,
3007 3147 3147 3202 quos
3191 3133 3523 3196 dilexerunt,
3554 3141 3612 3186 et

2036 3227 2406 3291 anathemata,
2438 3241 2561 3296 qua
2592 3224 2928 3280 studuerunt
2979 3226 3230 3279 invenire
3251 3225 3304 3279 in
3326 3234 3613 3280 contume-

347 3313 425 3379 ῶς
456 3331 623 3385 φησιν
654 3316 697 3385 ἡ,
716 3314 838 3369 θεία.
864 3316 1061 3388 Γραφὴ
1082 3358 1097 3384 ,
1150 3317 1555 3390 δρεψαμένους,
1590 3320 1648 3373 ὲν
1680 3323 1747 3391 τῇ
1777 3320 1931 3387 τάξει

2036 3320 2165 3374 liam
2203 3319 2428 3373 Patrum
2473 3326 2816 3382 nostrorum,
2842 3324 2902 3371 et
2946 3315 3291 3372 eversionem
3344 3316 3610 3382 ﬁdelium,

348 3406 679 3479 γενομένους
722 3406 942 3478 ἔχομεν,
989 3403 1064 3462 ὧν
1106 3409 1406 3480 ἠγάπησαν
1447 3409 1778 3481 αἰρετικῶν,
1838 3410 1933 3464 καὶ

350 3500 499 3570 ἁπερ
547 3499 892 3554 ἐσπούδασαν
937 3500 1026 3571 ἐφ’
1069 3500 1227 3571 ὓὸρει
1276 3502 1375 3572 μὲν
1420 3500 1527 3556 τῶν
1568 3501 1744 3570 ἁγίων
1773 3500 1933 3571 ήμῶν

352 3591 640 3659 Πατέρων,
676 3592 961 3663 ἀνατροπῇ
989 3591 1047 3645 δὲ
1079 3591 1188 3645 τῶν
1219 3592 1426 3647 πιστῶν
1455 3594 1712 3663 ὲφευρεῖν
1739 3591 1936 3646 ἀναθέ-

355 3701 506 3755 ματα
554 3684 729 3739 ταῦτα
777 3684 1006 3755 ἔχοντας
1042 3684 1243 3748 αὐτοὺς
1294 3686 1436 3740 κατὰ
1471 3685 1574 3755 τῆς
1602 3685 1814 3740 ἑαυτῶν
1846 3700 1939 3738 κε-

354 3775 557 3846 φαλῆς,
583 3774 1052 3845 Πορευομένους,
1070 3775 1147 3839 ὡς
1168 3777 1197 3829 ό
1211 3776 1501 3847 προφήτης
1519 3776 1674 3845 φησὶ,
1693 3776 1774 3841 τῷ
1788 3774 1937 3845 φωτί

354 3868 463 3922 τοῦ
493 3868 684 3938 πυρὸς
711 3868 941 3922 ἑαυτῶν
959 3908 974 3933 ,
1027 3867 1128 3932 καί
1158 3867 1234 3937 τῇ
1262 3869 1443 3938 φλογί
1468 3864 1539 3939 ἧς
1565 3869 1934 3933 ἐξέκαυσαν.

355 3959 477 4014 Κᾶν
541 3960 720 4031 τούτῳ
776 3959 1285 4027 ὲξακολουθούντων
1336 3959 1496 4031 ἡμῶν
1552 3962 1666 4023 τοῖς
1724 3976 1937 4029 μνημο-

356 4052 630 4106 νευθεῖσιν
683 4051 861 4119 ἁγίοις
927 4052 1214 4123 Πατράσι,
1279 4052 1376 4105 καὶ
1423 4050 1513 4105 διὰ
1570 4051 1733 4123 τῆσδε
1778 4050 1939 4121 ήμῶν

357 4143 457 4214 τῆς
492 4143 723 4213 μετρίας
769 4144 888 4196 κατ’
922 4143 1105 4196 αὐτῶν
1135 4142 1471 4212 ἀποφάσεως
1511 4139 1940 4211 ἁναθεματιζόν-

358 4252 470 4288 των
510 4235 639 4297 τοὺς
670 4235 870 4298 αὐτοὺς
904 4236 1146 4306 Σευῆρον
1166 4278 1182 4302 ,
1235 4236 1331 4288 καί⁵
1359 4234 1601 4305 Πέτρον·
1659 4227 1733 4287 ὧν
1761 4234 1789 4287 ό
1819 4234 1937 4305 μὲν,

359 4328 452 4381 τὸν
498 4329 597 4398 τῆς
636 4327 1037 4389 Θεουπολιτῶν,
1073 4329 1102 4381 ὁ
1126 4327 1207 4391 δὲ,
1236 4326 1329 4382 τδν
1362 4325 1655 4397 Ἀπαμέων
1684 4325 1943 4396 ἀθέσμοις

362 4420 698 4491 ὐφήρπασαν
730 4418 921 4491 θρόνον
944 4461 960 4485 ,
1014 4420 1156 4473 ὥστε
1188 4420 1318 4482 τοὺς
1346 4422 1429 4483 εἰς
1453 4418 1685 4491 Χριστὸν
1713 4419 1940 4490 ἠλπικό-

360 4528 495 4574 τας,
553 4512 647 4565 καὶ
694 4512 794 4581 τῆς
838 4510 1135 4582 καθολικῆς
1178 4512 1509 4583 Ἐκκλησίας
1548 4513 1942 4582 τυγχάνοντας,

361 4601 525 4655 τοῦτο
574 4600 820 4665 εἰδότας,
884 4602 960 4673 μὴ
1000 4602 1355 4674 περιπίπτειν
1386 4604 1569 4667 αὐτοῖς
1611 4606 1806 4675 ἁγνοίᾳ
1834 4605 1944 4659 τῶν

364 4694 485 4746 κατ’
510 4692 693 4746 αὐτῶν
722 4694 1025 4757 κανονικῶς
1049 4694 1406 4765 δρισθέντων,
1434 4696 1551 4750 ἀλλ’
1576 4696 1779 4750 εἰδέναι
1801 4696 1946 4750 κατὰ
1974 4676 2019 4733 Ῑ)

364 4785 466 4857 τὴν
511 4785 875 4856 εὐαγγελικήν
903 4802 964 4839 τε
1011 4787 1107 4839 καὶ
1128 4786 1498 4857 ἁποστολικὴν
1527 4788 1824 4860 ὑφήγησιν,
1863 4790 1947 4842 ὅτι

368 4882 646 4948 αἱρετικὸν
678 4881 847 4953 ἄνδρα
892 4880 1035 4951 μετὰ
1069 4882 1199 4952 μίαν
1241 4884 1340 4937 καὶ
1370 4882 1635 4953 δευτέραν
1662 4883 1948 4938 νουθεσίαν

368 4968 762 5040 παραιτεῖσθαι
792 4968 920 5041 χρὴ,
970 4970 1067 5025 καὶ
1100 4972 1183 5025 ὅτι
1214 4972 1447 5040 χαίρειν
1477 4973 1539 5025 ού
1565 4973 1647 5026 δεῖ
1672 4972 1751 5042 τῷ
1772 4972 1951 5026 τοιού-

368 5077 447 5129 τῳ
476 5059 681 5126 λέγειν.
737 5059 791 5111 Ὁ
826 5059 936 5127 γὰρ
978 5058 1178 5129 λέγων
1206 5057 1367 5126 αὐτῷ
1396 5062 1645 5128 χαίρειν,
1681 5060 1957 5113 κοινωνεῖ

371 5151 497 5219 τοῖς
543 5152 743 5221 ἔργοις
781 5151 972 5206 αὑτοῦ
1017 5152 1143 5219 τοῖς
1183 5150 1489 5220 πονηροῖς.
1544 5150 1716 5220 Δῆλον
1748 5150 1825 5213 δὲ,
1866 5151 1952 5205 ὅτι

371 5244 473 5314 τῆς
512 5242 686 5312 αὐτῆς
734 5244 844 5296 εἰσι
889 5242 1268 5312 κατακρίσεως
1302 5244 1522 5312 Ζωόρας
1547 5259 1608 5295 τε
1639 5242 1673 5295 ὁ
1695 5240 1954 5294 δυσσεόὲ-

375 5352 607 5400 στατος,
642 5335 739 5389 καὶ
789 5334 994 5399 πάντες
1026 5336 1077 5387 οἰ
1109 5336 1220 5397 τοῖς
1256 5333 1508 5387 εύσεσὲσι
1543 5331 1955 5402 θυσιαστηρίοις

374 5442 466 5489 τε,
523 5425 621 5479 καὶ
666 5425 1085 5497 βαπτιστηρίοις
1138 5424 1499 5487 άνθιστῶντες
1536 5425 1636 5488 τὰς
1668 5422 1956 5494 αἰρετικὰς

374 5517 587 5571 ἑαυτῶν
613 5516 1041 5589 παρασυνάξεις,
1074 5517 1170 5571 καὶ
1196 5516 1266 5570 τὰ
1288 5516 1833 5588 παραϐαπτίσματαθ
1860 5515 1959 5568 καὶ

2035 3411 2142 3480 ipsi
2169 3410 2378 3465 habent
2418 3426 2482 3464 ea
2509 3417 2703 3464 contra
2727 3418 2893 3479 caput
2918 3423 3115 3464 suum:
3146 3408 3491 3464 Ambulantes
3515 3409 3615 3479 (si-

2034 3512 2129 3557 cut
2157 3501 2293 3557 dicit
2321 3500 2609 3571 propheta)
2640 3502 2697 3554 in
2725 3500 2922 3555 lumine
2961 3500 3098 3572 ignis
3119 3502 3203 3555 sui
3225 3509 3275 3554 et
3297 3502 3353 3555 in
3371 3504 3614 3573 ﬂamma,

2034 3609 2198 3665 quam
2253 3600 2567 3647 exarserunt
2605 3593 2644 3645 ¹.
2685 3591 2753 3645 Et
2793 3591 2850 3645 in
2878 3591 2986 3646 hoc
3014 3592 3183 3647 etiam
3205 3592 3490 3661 sequendo
3512 3608 3619 3647 nos

2035 3693 2373 3740 memoratos
2416 3692 2638 3738 sanctos
2680 3683 2893 3746 Patres,
2930 3698 3031 3753 per
3059 3682 3395 3737 mediocrem
3421 3690 3615 3737 contra

2037 3777 2187 3845 ipsos
2210 3774 2537 3830 sententiam
2559 3784 2826 3840 nostram,
2886 3773 3415 3828 anathematizamus
3467 3774 3617 3844 ipsos

2039 3864 2304 3921 Severum
2334 3872 2389 3918 et
2412 3865 2655 3926 Petrum,
2679 3880 2915 3934 quorum
2945 3865 3084 3919 alter
3108 3865 3333 3935 quidem
3362 3865 3643 3935 Theopo-

2036 3958 2363 4021 litanorum,
2411 3956 2551 4011 alter
2580 3971 2711 4011 vero
2736 3956 3091 4025 Apamiarum
3124 3956 3495 4011 Ecclesiarum
3528 3972 3618 4011 se-

2039 4048 2166 4105 dem
2199 4047 2389 4103 illicite
2408 4046 2843 4117 subripuerunt:
2875 4055 2937 4102 ut
2964 4047 3137 4117 quiin
3162 4046 3447 4102 Christum
3493 4062 3621 4117 spe-

2042 4148 2338 4204 rat-erunt,
2397 4150 2455 4195 et
2509 4139 2797 4195 catholica:
2848 4139 3112 4195 Ecclesia:
3171 4140 3465 4203 exsistunt,
3516 4139 3624 4194 hoc

2040 4232 2310 4297 scientes,
2340 4246 2454 4286 non
2489 4230 2734 4286 incidant
2765 4231 2820 4285 in
2857 4231 3025 4301 ipsos,
3068 4231 3375 4301 ignorantia
3403 4246 3620 4294 eorum,

2040 4340 2163 4394 quae
2188 4323 2453 4379 canonice
2474 4333 2666 4379 contra
2694 4323 2842 4391 ipsos
2873 4322 3102 4377 deﬁnita
3124 4330 3256 4377 sunt
3272 4338 3298 4387 ·;
3332 4321 3429 4376 sed
3445 4320 3624 4375 sciant

2043 4413 2348 4468 secundum
2393 4413 2765 4483 evangelicam
2807 4420 2864 4466 ct
2896 4411 3253 4481 apostolicam
3292 4410 3623 4473 doctrinam,
3658 4464 3661 4467 .

2044 4503 2301 4573 quoniam
2346 4502 2665 4557 haereticum
2692 4502 2875 4557 virum
2927 4508 3050 4571 post
3080 4501 3313 4570 primam
3337 4510 3394 4556 ct
3424 4514 3625 4555 secun-

2045 4596 2175 4650 dam
2212 4594 2572 4650 monitionem
2607 4594 2855 4649 devitarc
2901 4600 3122 4662 oportet
3144 4593 3164 4622 '
3200 4608 3215 4657 ;
3248 4599 3305 4646 et
3332 4590 3483 4660 quod
3511 4604 3626 4644 non

2047 4696 2299 4759 oporteat
2339 4686 2529 4741 dicere
2557 4686 2673 4749 tali,
2704 4685 2870 4740 salve.
2923 4683 3064 4739 Nam
3092 4683 3183 4753 qui
3201 4682 3324 4735 dicit
3348 4682 3404 4735 ei
3458 4679 3624 4743 salve,

2047 4777 2655 4849 communicatoperibus
2674 4778 2782 4831 suis
2804 4775 2959 4830 malis
2988 4772 3309 4847 [malignis]'
3334 4813 3347 4826 .
3399 4769 3627 4826 Manife-

2052 4880 2200 4927 stum
2269 4880 2455 4925 autem
2515 4876 2601 4924 est
2652 4867 2800 4937 quod
2866 4866 3114 4936 ejusdem
3148 4860 3630 4918 condemnationis

2050 4968 2182 5017 sunt
2228 4959 2429 5014 Zoaras
2478 4958 2877 5029 impiissimus,
2912 4962 2970 5009 et
3023 4968 3255 5018 omnes,
3313 4951 3410 5023 qui
3460 4964 3630 5005 vene-

2052 5052 2325 5107 rabilibus
2374 5051 2644 5107 altaribus
2694 5057 2751 5104 et
2808 5046 3150 5118 baptisteriis
3207 5060 3305 5098 sua
3368 5040 3630 5097 haeretica

2050 5143 2439 5199 conventicula
2477 5148 2877 5211 opposuerunt.
2912 5139 2981 5193 Et
3008 5136 3175 5193 simili
3200 5134 3365 5191 modo
3399 5132 3632 5189 anathe—

2052 5234 2382 5289 matixamus
2413 5230 2878 5302 parabaptismata
2897 5269 2911 5290 ,
2941 5236 2998 5284 et
3052 5226 3217 5296 impia
3268 5224 3474 5293 scripta
3500 5236 3637 5291 prae-

2053 5327 2200 5383 dicta
2238 5324 2450 5380 Severi.
2502 5321 2806 5392 Equaliter
2854 5319 3002 5375 enim
3064 5318 3211 5374 sicut
3269 5315 3405 5370 dicit
3447 5310 3634 5367 divina

2055 5420 2388 5489 Scriptura:
2429 5415 2657 5472 Odibilia
2708 5423 2831 5469 sunt
2880 5413 2989 5468 Deo
3037 5411 3250 5483 impius,
3292 5416 3341 5464 et
3393 5406 3637 5477 impietas

2058 5512 2223 5582 ipsius
2246 5510 2267 5541 δ
2291 5508 2368 5580 (ι)
2395 5552 2407 5563 .

375 5611 447 5664 τά
501 5609 673 5680 ἁσεὸἦ
723 5610 1137 5681 συγγράμματα
1194 5608 1291 5663 τοῦ
1342 5609 1636 5680 εἰρημένου
1683 5610 1953 5679 Σευήρου,
1991 5606 2084 5660 τὸν
2115 5607 2302 5676 ὅμοιον
2368 5599 2845 5673 άναθεματίζομεν
2904 5599 3128 5671 τρόπον.
3165 5595 3256 5650 Ἐν
3283 5597 3386 5666 ἴσῳ
3410 5589 3640 5664 γὰρ,ῶς

379 5720 545 5772 φησιν
574 5704 609 5774 ή
630 5702 751 5756 θεία
773 5702 987 5774 Γραφὴ,
1012 5701 1250 5769 Μισητὰ
1279 5700 1358 5766 τῷ
1382 5700 1505 5766 Θεῷ
1527 5701 1624 5754 καί
1649 5702 1682 5755 ὀ
1699 5700 1955 5765 ἀσεϐῶν,
1988 5698 2089 5754 καί
2118 5700 2157 5768 ἡ
2181 5700 2426 5755 ἀσέϐεια
2450 5697 2657 5753 αὑτοῦ.

458 5818 474 5848 ⁸
514 5818 613 5871 lsa.
639 5835 689 5881 ι,,
726 5820 808 5873 ll.
884 5822 904 5851 ²
930 5819 1039 5873 Tit.
1073 5834 1151 5882 Ill,
1184 5819 1267 5873 10.
1343 5818 1363 5850 ⁸
1394 5818 1438 5873 ll
1466 5819 1621 5874 Joan.
1662 5820 1746 5873 Η.
1825 5820 1845 5850 ⁸
1891 5818 2017 5889 Sap.
2048 5819 2229 5883 xw,9.

468 5913 964 5987 (l)_lnter__opera
1015 5914 1307 5987 Epiphanii
1362 5913 1951 5986 Constantinopolitani
1990 5931 2089 5973 XLV
2151 5916 2400 5971 Canoncs
2457 5919 2781 5971 annumerat
2809 5904 3115 5974 Asscmani,
3156 5900 3401 5958 Biblioth.
3436 5895 3669 5953 Θνὶεηεορ

390 5990 526 6039 tom.
555 5983 598 6049 ι,
631 6000 685 6054 p.
707 5984 831 6039 6|9.
