4088 6534
316 410 419 473 789

1090 415 1189 476 DE
1224 414 1893 491 PR/ESESSIONIBUS
1930 414 2616 478 PATRIARCHARUM.
2653 417 2812 479 ETC.

3479 416 3588 483 790

318 538 413 573 του
443 521 519 593 (7)
550 521 578 576 6
601 521 1038 595 Νεοκαισαρείας
1057 541 1070 554 ·
1106 533 1195 596 ιη’,
1219 525 1487 598 ἐπαρχίας
1509 525 1778 587 Γαλατίας
1804 523 1848 593 β’
1875 526 1896 577 6

2012 524 2203 593 prima
2242 531 2328 578 est
2369 523 2652 581 Melitenes
2683 527 3057 597 metropolita.
3114 528 3199 593 14;
3240 525 3299 580 in
3323 527 3586 595 eparchia

320 614 669 678 Πισινοῦντος
717 614 828 687 (8)·
868 616 955 682 ιϐ’,
1006 614 1276 687 ἐπαρχίας
1323 617 1533 679 Λυκίας
1574 619 1602 669 6
1648 616 1855 687 Μύρων
1884 634 1899 648 ο

319 711 389 772 κ’,
416 707 687 777 ἐπαρχίας
708 708 940 779 Καρύας
974 709 1050 780 (9)
1083 711 1112 762 6
1141 708 1574 777 Ταυρουπόλεως
1608 707 1721 779 (10)
1744 722 1758 734 ⁸
1785 706 1897 770 κα’,

318 799 592 869 ἐπαρχίας
621 800 863 868 Φρυγίας
899 800 1012 873 (11)
1046 802 1074 853 6
1096 801 1400 871 ξΔαοδικίας
1426 816 1439 829 ·
1490 800 1595 870 κβ’,
1628 798 1902 870 ἐπαρχίας

316 889 557 959 Φρυγίας
616 890 989 962 Σαλουταρίας
1054 894 1093 946 6.
1144 892 1433 946 Συνάδων·
1490 898 1575 959 κγ’
1632 890 1901 961 ἐπαρχίας

317 980 627 1043 Λυκαονίας
650 984 677 1034 6
709 980 804 1035 τοῦ
835 982 1100 1036 Είκωνίου
1121 999 1135 1013 ·
1191 986 1290 1047 κδ’,
1334 982 1609 1053 ἐπαρχίας
1654 980 1902 1043 Πισιδίας

315 1074 343 1125 6
392 1072 761 1141 ’Δντιοχείαςο
808 1079 907 1125 κε”
974 1073 1245 1143 ἐπαρχίας
1297 1073 1626 1143 Παμφυλίας
1678 1074 1706 1124 6
1765 1071 1901 1141 Πέρ-

314 1178 423 1230 γης
455 1159 567 1229 (ίῖ)
592 1176 607 1191 ⁸
655 1162 769 1225 κς’,
805 1161 1078 1232 ἐπαρχίας
1116 1162 1515 1226 Καππαδοκίας
1558 1159 1602 1231 β’
1634 1163 1663 1213 6
1692 1162 1899 1229 Μωκη.

317 1250 414 1304 σοῦ
452 1251 586 1321 (15),
620 1252 723 1314 κζ’,
750 1251 1022 1321 ἐπαρχίας
1048 1249 1293 1319 Λαζικῆς
1326 1253 1355 1304 6
1381 1251 1475 1304 τοῦ
1503 1250 1755 1311 Φάσιδοςο
1788 1248 1895 1317 κη’,

314 1343 590 1414 ἐπαρχίας
623 1344 842 1414 Θρᾴκης
882 1345 911 1395 6
948 1343 1459 1406 Φιλιππουπόλεως·
1512 1342 1593 1395 κθ¹
1632 1341 1899 1411 ἐπαρχίας

317 1435 592 1505 Εὐρώπης
620 1437 731 1505 (14)
770 1439 799 1489 6
827 1437 1313 1507 Τραϊανουπόλεως
1340 1454 1354 1468 ’
1387 1437 1451 1502 λ’,
1505 1434 1775 1505 ἐπαρχίας
1802 1433 1898 1503 νή-

318 1542 429 1578 σων
458 1526 569 1597 (15)
602 1526 901 1582 Κυκλάδων
932 1530 961 1581 6
998 1527 1235 1581 Ῥώδουι’
1276 1527 1381 1591 λα’,
1419 1524 1686 1595 ἐπαρχίας
1726 1523 1899 1593 Ἐμπι-

320 1618 520 1686 μὸντου
549 1621 578 1671 6
631 1618 1124 1689 Ἀδριανουπόλεως
1143 1635 1156 1647 ·
1186 1619 1265 1687 λβ¹
1298 1618 1566 1687 ἐπαρχίας
1599 1615 1697 1684 τῆς
1726 1615 1896 1684 αὐτῆς

314 1712 342 1761 6
395 1711 933 1780 Μαρκιανουπόλεως
956 1727 973 1743 ο
999 1708 1100 1779 λγ’,
1136 1712 1400 1782 ἐπαρχίας
1432 1708 1672 1779 Φρυγίας
1705 1709 1897 1761 Πακα-

314 1801 507 1870 τιανῆς
544 1803 655 1871 (16)
678 1805 705 1855 ὁ
751 1803 1123 1873 Ἰεραπόλεως.

2003 612 2366 682 Cappadocia
2413 614 2675 670 secunda
2716 624 2801 670 est
2854 618 3171 689 Tyanorum
3209 617 3581 684 metropolita.

2005 704 2096 767 15,
2136 705 2191 757 in
2238 705 2502 773 eparchia
2546 706 2931 777 Paphlagonia
2970 718 3057 763 est
3088 708 3433 777 Gangrorum
3465 722 3585 760 mo-

2004 795 2404 864 tropolita..16,
2447 796 2502 849 in
2544 796 2803 866 eparchia
2856 797 3192 851 Honoriadis
3220 806 3305 851 est
3324 795 3586 851 Claudio-

2002 887 2191 955 poleos
2224 888 2601 956 metropolita.
2640 887 2728 952 17,
2764 889 2823 942 in
2849 888 3111 958 eparchia
3144 887 3305 941 Ponti
3339 897 3424 940 est
3447 885 3587 938 Neo-

2002 978 2244 1033 casaria
2288 979 2665 1049 metropolita.
2700 978 2789 1043 18,
2818 978 2876 1033 in
2906 979 3167 1049 eparchia
3220 977 3449 1033 Galatia
3496 992 3585 1030 se-

2002 1067 2198 1121 cunda
2237 1077 2323 1123 est
2368 1067 2691 1122 Pesinuntis
2716 1068 3086 1138 metropolita.
3121 1068 3207 1131 19,
3240 1068 3295 1121 in
3322 1066 3583 1136 eparchia

2002 1158 2180 1228 Lycia
2208 1169 2294 1212 εει
2342 1159 2619 1229 Myrorum
2661 1162 3034 1231 metropolita.
3078 1161 3169 1225 20,
3221 1161 3278 1214 in
3323 1158 3586 1230 eparchia

2000 1247 2173 1303 Caria
2202 1256 2288 1303 εει
2317 1249 2693 1319 Tauropoleos
2717 1252 3090 1321 metropolita.
3116 1253 3207 1314 21,
3238 1252 3293 1304 in
3323 1248 3588 1319 eparchia

2000 1340 2251 1411 Phrygia
2321 1341 2629 1396 Pacatiana
2700 1351 2785 1397 εει
2844 1342 3145 1397 Laodieaa
3210 1341 3586 1412 metropolita.

1998 1431 2091 1494 22,
2123 1432 2178 1485 in
2202 1432 2462 1501 eparchia
2498 1434 2747 1505 Phrygia
2772 1434 3060 1489 salutaria
3100 1445 3187 1489 est
3238 1432 3585 1505 Synadorum

1999 1525 2376 1594 metropolita.
2425 1528 2517 1592 25,
2576 1527 2632 1580 in
2680 1527 2939 1596 eparchia
2972 1527 3262 1598 Lycaonia
3301 1539 3385 1581 est
3413 1526 3584 1580 lconii

1999 1618 2373 1687 metropolita.
2397 1618 2488 1682 21,
2518 1619 2574 1673 in
2606 1619 2869 1689 eparchia
2905 1620 3123 1675 Pisidia
3157 1628 3242 1674 εει
3275 1618 3586 1673 Antiochiae

1998 1710 2371 1780 metropolita.
2408 1710 2497 1775 25,
2550 1711 2604 1765 in
2633 1712 2897 1780 eparchia
2927 1711 3264 1781 Pamphylia
3288 1718 3374 1764 est
3397 1710 3586 1778 Perga

1996 1802 2369 1871 metropolita.
2414 1804 2506 1867 26,
2545 1802 2600 1856 in
2634 1802 2897 1871 eparchia
2929 1801 3294 1871 Cappadocia
3328 1797 3585 1855 secunda

315 1890 515 1944 Mocesi
566 1891 938 1961 metropolita.
967 1892 1057 1957 27,
1114 1891 1167 1945 in
1215 1890 1475 1960 eparehia
1516 1888 1725 1943 Lazica
1777 1898 1861 1942 est
1898 1888 2151 1944 Phasidis
2190 1892 2562 1961 metropolita.
2595 1892 2689 1957 28,
2752 1894 2806 1947 in
2879 1894 3142 1963 eparchia
3208 1891 3457 1945 Thracia
3500 1898 3585 1944 εει

314 1983 769 2053 Philippopoleos
817 1982 1188 2053 metropolita.
1224 1982 1313 2045 29,
1346 1981 1400 2034 in
1435 1978 1696 2050 eparchia
1738 1979 2034 2049 Rhodopes
2073 1988 2157 2034 est
2223 1980 2665 2051 TrajanOpoleos
2695 1983 3073 2051 nietropolita.
3110 1981 3178 2035 50
3204 2023 3220 2048 ,
3292 1982 3350 2035 in
3419 1996 3588 2050 epar:

313 2077 442 2132 chia
494 2076 800 2131 insularum
841 2075 1139 2146 Cycladum
1172 2084 1258 2130 εει
1313 2074 1497 2129 Rhodi
1545 2072 1922 2143 metr0polita.
1961 2073 2052 2138 51,
2103 2073 2162 2127 in
2203 2076 2466 2144 eparchia
2509 2075 2679 2130 lianii
2754 2078 2959 2132 montis
3004 2086 3089 2132 εει
3143 2076 3586 2147 Adrianopoleos

316 2170 689 2242 metropolita.
748 2170 837 2236 52,
894 2172 951 2225 in
1001 2170 1265 2239 eparchia
1311 2170 1565 2240 ejusdem
1611 2168 1911 2224 districtus.
1938 2171 2079 2225 alter
2109 2179 2195 2225 est
2213 2170 2688 2242 Marcianopoleos
2718 2174 3013 2244 metropol.
3052 2176 3144 2240 55,
3182 2175 3237 2229 in
3292 2174 3581 2244 eparchia.

312 2260 547 2331 Phrygia
575 2258 887 2329 Capatiana
909 2269 995 2313 εει
1028 2258 1389 2329 Hierapoleos
1408 2259 1699 2328 metropoli

458 2374 597 2443 Περὶ
633 2373 751 2428 τῶν
779 2372 1214 2443 αὐτοκεφάλων
1246 2375 1761 2443 ἁρχιεπισκόπων.

386 2492 466 2556 Δ’,
492 2491 761 2562 ἐπαρχίας
786 2491 1002 2554 Μυσίας
1029 2492 1056 2544 6
1093 2490 1311 2543 Ὠδύσου
1346 2488 1495 2560 (17)·
1530 2489 1596 2559 β’,
1628 2490 1896 2561 ἐπαρχίας

311 2583 550 2646 Σκυθίας
582 2584 610 2635 6
641 2583 826 2653 Τομῆς
857 2583 966 2654 (18)
994 2600 1007 2613 ο
1040 2590 1111 2651 γ’,
1154 2583 1422 2652 ἐπαρχίας
1453 2581 1725 2653 Εὐρώπης
1751 2584 1780 2634 6
1804 2584 1895 2635 Bt-

311 2672 475 2741 ζύης’
494 2673 556 2737 δ’,
584 2673 854 2742 ἐπαρχίας
884 2674 1281 2741 Παφλαγωνίας
1311 2676 1339 2725 6
1368 2672 1858 2740 ΙΙομπειουπόλεως
1878 2688 1891 2702 ·

310 2769 378 2823 ε’,
404 2762 671 2831 ἐπαρχίας
712 2762 899 2825 Ἀσίας
921 2764 949 2815 ὁ
976 2762 1232 2833 Σμύρνης
1257 2778 1270 2791 ⁸
1300 2768 1375 2827 ς’,
1413 2761 1683 2832 ἐπαρχίας
1723 2762 1897 2814 Ἰσαυ-

311 2851 439 2922 ρίας
493 2854 521 2905 6
593 2853 1040 2918 Δεοντοπὸλεως·
1104 2854 1189 2919 ζ’,
1267 2853 1535 2924 ἐπαρχίας
1617 2852 1895 2922 Ῥωδόπης

309 2946 339 2997 6
400 2945 735 3016 Μαρωνίας·
798 2953 888 3015 η’,
948 2946 1263 3016 ἐπαρχίας’
1319 2946 1573 3007 Βιθυνίας
1638 2945 1666 2996 6
1731 2944 1897 2997 Ἀπα-

314 3038 484 3108 μίαςο
520 3036 587 3102 θ’,
627 3039 898 3108 ἐπαρχίας
932 3040 1209 3109 Ῥωδόπης
1240 3040 1267 3092 6
1299 3037 1889 3108 Μαξιμιανουπὸλεως’

312 3127 379 3192 ι’,
401 3127 671 3199 ἐπαρχίας
705 3126 975 3189 Γαλατίας
1017 3128 1059 3196 β’
1107 3127 1216 3198 (19)
1260 3130 1287 3180 6
1334 3128 1439 3179 τῶν
1490 3127 1738 3195 Γερμίων
1764 3143 1777 3156 ’
1807 3132 1892 3189 ια’,

310 3221 583 3291 ἐπαρχίας
608 3219 883 3297 βύρώπης
911 3222 939 3273 6
969 3220 1468 3290 Ἀρκαδιουπόλεως
1496 3236 1507 3247 ·
1537 3219 1601 3289 ιβ’
1626 3218 1895 3288 ἐπαρχίας

308 3316 535 3385 Θρᾴκης
564 3315 591 3366 6
622 3313 874 3384 Βερωνῆς
899 3330 912 3343 ·
945 3313 1056 3383 (20)
1092 3314 1180 3383 ιγ’,
1212 3316 1480 3385 ἐπαρχίας
1503 3314 1669 3383 νήσου
1687 3312 1894 3365 Λέσϐου

309 3410 339 3463 6
366 3408 682 3479 Μιτυλήνης
705 3425 717 3437 ·
754 3406 834 3474 ιδ’,
868 3408 1137 3479 ἐπαρχίας
1185 3406 1578 3477 Ἑλλησπόντου
1607 3408 1633 3459 6
1666 3404 1758 3457 τοῦ
1787 3406 1896 3457 Πα-

314 3502 433 3572 ρίου
455 3518 466 3529 ·
492 3506 575 3564 ιε’,
592 3500 860 3570 ἐπαρχίας
881 3501 1108 3569 Καρύας
1133 3500 1245 3571 (21)
1270 3500 1297 3552 6
1320 3499 1569 3569 Μελήτου
1585 3514 1599 3528 ο
1624 3515 1703 3562 ις,
1724 3498 1896 3567 ἐπαρ-

309 3590 437 3660 χίας
466 3590 687 3660 Θρᾲκης
736 3590 763 3641 6
802 3588 1188 3651 Νικοπόλεωςο
1238 3585 1324 3651 ιζ’,
1368 3586 1638 3656 ἐπαρχίας
1671 3587 1837 3654 νήσου
1858 3587 1896 3637 λδ

311 3682 687 3753 Προικονήσου
722 3680 870 3751 (22)·
906 3686 996 3750 ιη’,
1024 3679 1295 3749 ἐπαρχίας
1322 3678 1601 3748 Ῥωδόπης
1623 3679 1650 3730 6
1678 3676 1895 3745 Ἀγχιά-
1925 3707 1967 3764 C

309 3773 406 3825 λου
470 3768 620 3842 (25)·
681 3769 765 3835 ιϐ’,
821 3770 1091 3841 ἐπαρχίας
1154 3768 1423 3838 Εὐρώπης
1480 3768 1589 3837 (21)
1644 3768 1672 3819 6
1724 3766 1892 3819 Συλυ-

311 3864 476 3935 ὁρίας
502 3864 613 3935 (25)
641 3879 655 3895 ⁸
685 3862 755 3928 κ’,
784 3863 1058 3933 ἐπαρχίας
1084 3863 1250 3931 νήσου
1273 3858 1480 3913 Λέσϐου
1506 3861 1533 3911 6
1557 3856 1857 3927 Μεθύμνης
1876 3873 1891 3887 ·

311 3963 398 4011 κα¹
438 3956 705 4026 ἐπαρχίας
732 3954 985 4017 Βιθυνίας
1013 3956 1040 4007 6
1062 3953 1198 4007 Κίου
1230 3969 1243 3982 ·
1277 3949 1380 4021 κβ⁸,
1411 3949 1678 4021 ἐπαρχίας
1708 3947 1895 4021 Εύρώο

1936 2366 1978 2421 Β
2003 2370 2081 2425 De
2116 2371 2476 2442 autocephalis
2514 2372 2597 2427 uel
2633 2374 3103 2444 independentibus
3150 2376 3581 2446 archiepiscopis.

2071 2486 2132 2541 ln
2198 2487 2460 2557 eparehia
2529 2488 2713 2559 Mysia
2762 2499 2849 2544 est
2903 2488 3068 2561 Odysi
3112 2490 3327 2560 primus
3389 2490 3580 2545 archi-

2000 2563 2314 2647 episcopus.
2338 2578 2393 2643 2,
2420 2578 2659 2651 Scythia
2692 2590 2777 2635 est
2808 2581 2994 2637 Toma
3026 2582 3113 2636 vel
3144 2582 3447 2637 Tomorum
3490 2600 3581 2637 ar-

2001 2667 2407 2737 chiepiscopus.
2445 2670 2498 2735 5,
2528 2669 2582 2723 in
2629 2669 2891 2738 eparchia
2917 2671 3153 2741 Europa
3179 2681 3265 2725 est
3286 2672 3465 2743 Bizya
3489 2688 3582 2728 ar-

1999 2757 2181 2827 ehiep.
2197 2760 2251 2821 4,
2264 2759 2321 2813 in
2335 2760 2591 2829 eparchia
2606 2761 2995 2831 Paphlagonia
3012 2771 3096 2817 est
3124 2765 3585 2835 Pompeiopoleos

1999 2850 2243 2920 archiep.
2278 2850 2332 2912 5,
2371 2850 2427 2904 in
2456 2853 2717 2921 eparchia
2764 2854 2906 2909 Asia
2926 2863 3014 2909 εει
3051 2856 3306 2927 Smyrna
3326 2858 3578 2927 archiep.

2000 2943 2053 3006 6,
2098 2942 2153 2996 in
2195 2944 2459 3013 eparchia
2501 2944 2724 2999 [sauria
2766 2955 2850 3000 est
2888 2944 3293 3017 Leontopoleos
3330 2950 3578 3019 archiep.

1999 3036 2054 3098 7,
2112 3034 2167 3089 in
2230 3036 2501 3105 eparchia
2544 3036 2848 3108 Rhodopes
2884 3047 2975 3093 est
3018 3039 3276 3094 Maronia
3324 3039 3576 3109 archiep.

1999 3126 2052 3191 8,
2076 3127 2131 3180 in
2173 3127 2433 3197 eparchia
2467 3128 2739 3200 Bithynia
2763 3138 2847 3184 εει
2876 3130 3119 3199 Apamia
3150 3130 3395 3200 archiep.
3430 3131 3483 3194 9,
3506 3130 3577 3184 in

1998 3215 2258 3283 eparchia
2300 3217 2619 3287 Rhodopes,
2644 3229 2730 3273 est
2770 3219 3301 3290 Maximianopoleos
3326 3221 3575 3292 archiep.

2000 3306 2087 3370 10,
2117 3306 2170 3360 in
2205 3308 2465 3377 eparchia
2508 3308 2735 3365 Galatia
2784 3310 3042 3365 secunda
3081 3320 3167 3365 est
3210 3311 3575 3367 Gremeorum

1997 3397 2366 3469 archiep.11,
2404 3400 2461 3455 in
2488 3401 2748 3470 eparchia
2769 3402 3003 3472 Europa
3031 3412 3117 3457 εει
3142 3403 3578 3474 Arcadiopoleos

1998 3492 2244 3561 archiep.
2278 3493 2364 3557 12,
2436 3493 2492 3547 in
2539 3493 2788 3549 Thracia
2835 3502 2921 3549 est
2985 3495 3263 3551 Berrhaa
3326 3498 3553 3567 archiep

2000 3581 2086 3644 15,
2118 3581 2173 3634 in
2203 3581 2462 3651 eparchia
2493 3582 2685 3637 insula
2713 3583 2877 3638 Lesbi
2901 3593 2987 3639 est
3010 3584 3299 3656 Mitylcncs
3319 3587 3570 3656 archiep.

2002 3673 2107 3737 14,
2156 3673 2211 3727 in
2253 3674 2515 3744 eparchia
2573 3673 2917 3745 Hellesponti
2980 3687 3067 3732 est
3123 3678 3376 3747 archicp.
3425 3679 3571 3733 Pari.

2004 3764 2091 3829 15,
2112 3764 2165 3817 in
2188 3766 2445 3833 eparchia
2464 3764 2636 3821 Caria
2660 3777 2743 3820 est
2760 3767 2928 3821 Mileti
2951 3769 3199 3838 archiep.
3226 3770 3312 3834 16,
3330 3770 3385 3823 in
3412 3784 3576 3839 epar-

2001 3856 2126 3909 chia
2166 3855 2414 3910 Thracia
2443 3863 2529 3910 est
2558 3856 2890 3926 Nicopoleos
2920 3858 3071 3911 arch.
3107 3859 3193 3923 17,
3226 3859 3279 3912 in
3320 3860 3575 3928 eparchia

2002 3948 2196 4004 insula
2240 3949 2577 4004 Proconnesi
2617 3959 2701 4005 est
2732 3951 2888 4006 urbis
2940 3952 3288 4023 cognominis
3324 3952 3573 4023 archiep.

1841 4087 2073 4145 ΝΟΤΑΞ.

408 4185 465 4267 7)
519 4188 773 4267 Hormo.
810 4185 1031 4267 yotitia
1064 4195 1294 4267 utraque
1321 4185 1645 4267 Holsten.‘p.
1730 4190 1807 4263 et~
1831 4199 1884 4252 p.

311 4260 406 4320 '53,
436 4254 565 4312 item
602 4256 776 4311 Notit.
810 4258 1169 4311 Taurinensis
1194 4255 1359 4311 Goari
1402 4266 1458 4311 ει
1479 4254 1689 4309 addunt
1723 4254 1884 4306 πολε-

317 4326 546 4400 μονικοῦ
581 4327 730 4400 hac,
750 4327 843 4382 illa
866 4325 1284 4400 πολεμονιακοῦ.

384 4397 461 4467 (8)
492 4397 903 4463 Πισινοῦντος.
956 4392 1120 4450 Taur.
1150 4395 1685 4467 mewouvrmv.item
1706 4392 1883 4467 liolst.

310 4468 370 4530 5,
404 4466 460 4521 ει
488 4467 676 4531 Goar.,
725 4485 847 4537 qua
874 4469 963 4523 hic
994 4468 1161 4522 habet
1200 4471 1291 4520 ἐπ.
1350 4466 1618 4530 Γαλατίας
1649 4467 1677 4517 6
1700 4466 1886 4517 Πισσι-

311 4537 571 4601 νούντων,
602 4539 723 4607 ἦτοι
775 4537 1387 4600 Ἰουστινιανουπόλεως.

385 4607 463 4673 (9)
486 4610 746 4675 Καρύας.
777 4608 881 4663 Alii
907 4607 1114 4663 rectius
1157 4608 1367 4676 Καρίας

387 4677 499 4747 (10)
595 4682 1080 4744 Ταυρουπόλεως.
1168 4674 1335 4732 Tahr.
1420 4674 1837 4747 σταυροπόλεως
1866 4714 1881 4738 ,

312 4748 492 4820 ΙΙοΙει.
528 4756 637 4801 utr.
674 4748 1151 4820 Σταύρουπόλεως.

388 4819 499 4888 (11)
558 4815 838 4887 Φρυγίαςζ
879 4819 1045 4873 Taur.
1082 4829 1138 4873 et
1169 4827 1400 4888 utraque
1432 4817 1606 4871 Holst.
1652 4815 1882 4888 addunt,

312 4889 407 4960 illa
464 4885 768 4960 Πακατίας,
810 4890 895 4943 ha
945 4885 1402 4960 Καπατιανῆςέι
1443 4885 1883 4955 Καππατιανῆς;

310 4959 407 5013 sed
438 4958 549 5012 vid.
584 4959 649 5011 ad
680 4975 833 5014 num.
853 4959 941 5013 55.

386 5028 497 5098 (12)
536 5027 783 5097 Πέργης.
816 5030 1059 5086 1101ειεη.
1094 5027 1129 5081 5
1165 5026 1320 5082 addit
1348 5026 1575 5079 Συλαίου
1596 5064 1610 5089 ,
1647 5024 1820 5079 llolst.
1850 5023 1885 5077 2

358 5116 435 5150 τοι
463 5102 491 5152 6
519 5099 758 5153 Σιλαίου.

310 5099 435 5169 ἢτοι
463 5102 491 5152 6
519 5099 758 5153 Σιλαίου.

384 5169 474 5238 (15
529 5170 852 5236 Μωκησοῦ.
883 5169 1049 5223 Taur.
1082 5168 1397 5222 Μωκίσσου.

313 5307 324 5309 _
356 5169 498 5309 Κίλιξ
576 5237 890 5308 Εὐρώπης.
941 5240 1109 5294 Taur.
1178 5238 1397 5291 Ῥοδόπε

1992 4183 2198 4304 Βὰρζῗ.
2231 4185 2403 4241 llolst.
2450 4187 2484 4241 '5
2541 4186 2780 4252 ὀδίσσου,
2830 4185 2865 4239 2
2894 4186 3155 4251 ὀδύσσου,
3183 4187 3301 4257 ἦτοι
3336 4187 3431 4241 καὶ
3465 4186 3577 4242 Βά-

1994 4272 2093 4304 ρης
2134 4272 2352 4304 .-γεται-

1993 4272 2093 4325 ρης
2117 4272 2353 4325 λεγεται.

2095 4324 2174 4392 18)
2215 4325 2425 4394 Τομῆς.
2463 4326 2639 4381 Holst.
2661 4325 2696 4379 2
2720 4326 2928 4394 Τόμης.
2954 4380 2959 4383 ,

2094 4397 2175 4461 19)
2196 4397 2277 4459 β’.
2306 4396 2472 4451 Taur.
2501 4413 2555 4450 α.
2583 4397 2805 4465 utrique
2830 4397 3003 4453 Holst.
3031 4397 3319 4466 deeratﬁ'.

2062 4466 2173 4538 (20)
2204 4466 2696 4538 Bspwrﬁc.__'l‘attr.
2716 4476 2777 4538 ει
2801 4476 3034 4536 utraque
3064 4468 3240 4523 Holst.
3266 4469 3493 4538 Βερόης.

2062 4536 2173 4605 (21)
2201 4538 2459 4604 Καρύας.
2498 4535 2669 4590 Holst.
2706 4536 2740 4590 2
2763 4535 2977 4606 Καρίας
3006 4546 3063 4592 ει
3094 4535 3368 4606 Μελήτου.
3402 4535 3569 4593 Dein-

1987 4604 2055 4659 de
2080 4606 2222 4660 inter
2241 4624 2298 4660 n.
2334 4607 2400 4660 15
2437 4616 2493 4660 et
2537 4606 2602 4660 16
2647 4604 2992 4662 interserunt
3037 4607 3204 4662 Taur.
3233 4604 3289 4663 et
3333 4609 3507 4664 llolst.
3539 4609 3575 4661 2

1986 4677 2225 4744 ἐπαρχία
2279 4676 2605 4737 Λυκανοίας,
2645 4677 2672 4728 6
2708 4676 2934 4744 Σελγης.

2055 4746 2150 4813 22)
2182 4745 2618 4812 Προικονήσου.
2652 4745 2827 4800 Holst.
2872 4747 2906 4799 2
2938 4748 3298 4813 πρικονήσου.

2078 4817 2169 4936 ἓὸ)
2218 4816 2524 4885 Ἀχιαλοῦ.
2561 4817 2729 4875 Taur.
2794 4817 3107 4887 Ἀγχιάλου,
3153 4817 3328 4872 ιιυιει.
3378 4818 3413 4870 2
3466 4820 3565 4870 ΑΞ-

2078 4927 2080 4934 ,
2113 4905 2195 4936 ου.

2027 4903 2195 4939 ιαλου.

1987 4903 2195 5024 mm?
2240 4956 2551 5022 Εὐρώπης.
2607 4955 2902 5010 Strictiore
2957 4971 3123 5009 sensu
3178 4956 3566 5024 accipiendum

1991 5034 2078 5081 est
2113 5042 2211 5095 pro
2242 5041 2404 5095 parva
2436 5025 2672 5095 quadam
2704 5025 2988 5095 provincia
3023 5025 3292 5089 Thracia,
3320 5043 3443 5095 qua
3499 5027 3567 5081 de

1994 5112 2053 5151 se
2077 5096 2537 5158 toticontiuenti,
2562 5096 2685 5165 quis
2730 5095 2877 5149 dicat
2909 5111 3019 5164 quo
3049 5106 3294 5163 tempore
3333 5107 3428 5150 aut
3457 5114 3568 5165 quo

1993 5167 2126 5229 fato,
2160 5182 2361 5219 nomen
2386 5166 2571 5231 dedit;
2601 5181 2706 5234 qua
2740 5166 2794 5218 in
2831 5182 2889 5220 re
2912 5165 3054 5219 idem
3081 5166 3184 5234 ipsi
3216 5174 3382 5234 atque
3424 5167 3566 5222 Asia
3624 5172 3627 5173 ⁷

385 5209 1466 5308 {£15"'ESAEEQL.‘Titiﬁm'FééaEé;,
1524 5235 1699 5292 ΙΙοιει.
1767 5235 1887 5287 Ῥο-

1996 5209 2243 5308 contigit,
2271 5252 2393 5303 quae
2447 5209 2669 5305 proprie
2702 5252 2831 5308 ager
2886 5209 3347 5304 Epltcsiiiusl‘ui't.
3381 5238 3438 5290 ln
3464 5209 3565 5291 an:

381 5326 771 5447 Νήσων.
838 5379 1005 5433 Taur.
1062 5379 1228 5448 νήσου
1278 5386 1334 5432 ει
1381 5377 1563 5431 Ῥόδου
1617 5385 1673 5431 ει
1727 5376 1888 5445 Δίμι-

308 5449 515 5513 νόντος,
540 5450 888 5519 vertiturque
934 5448 1277 5503 IEminontis.

383 5519 495 5582 (16)
526 5514 932 5587 Πακατιαίνθῆς.
993 5520 1155 5573 Taur.
1186 5518 1486 5583 Πακατίας,
1520 5517 1695 5571 Holst.
1730 5514 1765 5569 2
1786 5514 1886 5567 ad-

305 5590 477 5646 dehat
497 5590 600 5644 hos
620 5597 892 5659 quatuor:

380 5659 474 5725 λδ’,
518 5656 761 5730 ἐπαρχία
794 5658 1065 5730 ⁹Ελλᾰιδος,
1108 5661 1136 5712 6
1168 5657 1469 5730 ἈΟηνῶνῌῇ
1496 5657 1590 5730 λε’,
1640 5656 1880 5730 ἐπαρχία

320 5730 571 5801 Ἀχαίας,
606 5727 642 5782 6⁷
662 5727 911 5801 Πατρῶν·
946 5728 1040 5791 λς’,
1089 5729 1328 5801 ἐπαρχία
1355 5728 1637 5801 ῨῈλλᾴδος,
1692 5727 1720 5778 ὁ
1759 5727 1879 5780 Λαο

313 5799 655 5872 ρίσσηςηλζκ
690 5798 929 5872 ἐπαρχία
949 5798 1313 5872 Μακεδονίας,
1344 5798 1694 5872 ὁῌΦιλίππων.

387 5868 498 5941 (17)
537 5869 600 5925 Ὀ
639 5868 913 5926 Ὠδύάοὺ.
946 5870 1111 5925 Taur.
1143 5868 1334 5937 Δύσου,
1364 5870 1481 5940 ἢτοι
1529 5868 1749 5936 λέγεται
1781 5868 1873 5921 καὶ

1995 5306 2147 5376 tiquo
2168 5308 2580 5376 epigrammate,
2624 5307 2771 5375 quod
2823 5316 3073 5376 tempore
3116 5307 3352 5374 Philippi
3390 5308 3567 5361 Mace-

1992 5375 2409 5445 donisjunioris
2447 5375 2729 5430 conditum
2756 5376 2881 5439 fuit,
2916 5375 3135 5446 EurOpa
3182 5377 3378 5430 stricto
3396 5392 3561 5431 sensu

1990 5447 2212 5528 ridetur
2241 5446 3274 5528 accipideherei.Philippusenim'ibi
3294 5447 3565 5528 κοίρανος

1992 5516 2565 5597 Εὐρώπας-Λύξείιυιᾋ
2626 5516 2747 5571 Vid.
2800 5518 3098 5597 Antholog.
3152 5516 3233 5597 1ξο
3293 5516 3563 5597 Stephani

1990 5602 2046 5655 p.
2072 5586 2155 5650 10,-
2174 5604 2228 5639 n.
2253 5586 2340 5639 49.
2357 5586 2436 5640 Ita
2455 5602 2675 5655 quoque
2693 5588 2838 5656 apud
2859 5586 3158 5641 Diodorum
3180 5586 3427 5640 Siculum
3451 5602 3559 5651 xm,

1990 5656 2112 5711 105.
2148 5672 2201 5711 ι).
2232 5656 2365 5711 598:
2496 5657 2711 5711 Eurona
2756 5658 2894 5711 nihil
2932 5658 3077 5711 nlus.
3109 5672 3275 5711 uuam
3307 5657 3563 5710 Macedo-

1990 5656 2112 5720 105,
2147 5672 2201 5726 p.
2232 5656 2365 5721 598;
2399 5658 2452 5718 5,
2496 5657 2711 5726 Europa
2756 5658 2894 5711 nihil
2932 5658 3077 5726 plus,
3109 5672 3275 5726 quam
3307 5657 3561 5710 Macedo-

1985 5726 2160 5807 ιιὶειιι)⁸
2185 5734 2250 5807 et
2267 5726 2409 5781 forte
2440 5742 2661 5797 quoque
2706 5725 2970 5783 Graciam
3018 5742 3143 5781 cum
3174 5726 3561 5797 Peloponneso

1983 5798 2276 5867 signiﬁcat.
2562 5860 2565 5861 ν

2055 5867 2166 5941 (25)
2203 5866 2554 5937 Συλυϐριίις.
2590 5867 2764 5926 ιιυιςι.
2791 5870 2825 5923 2
2851 5865 3223 5941 Σηλυμϐρίας.
