4102 6524
572 555 3842 614 eam:

1830 731 2005 778 ANNO
2048 733 2276 780 DOMINI
2304 733 2565 781 DXLVIII.

673 911 1764 1156 .SANCTUS
1877 915 2805 1104 ISAACUS
2925 925 3638 1108 SYRUS

1353 1229 1858 1326 NI‘NIVES
1937 1231 2286 1323 UBBIS
2360 1233 3050 1329 EPISCOPUS.

2022 1559 2388 1624 NOTITIA-

1403 1723 1694 1796 (θηριων,
1736 1723 1848 1781 Vet.
1890 1724 2115 1780 Patrum
2146 1723 2395 1780 Bibliotlt.
2432 1733 2566 1782 tom.
2598 1725 2716 1796 XII,
2743 1743 2798 1798 p.
2825 1743 2905 1794 ιιι,
2942 1726 3018 1798 1.)

633 2021 676 2077 1.
712 2019 774 2078 In
793 2017 1125 2076 excudendo
1169 2019 1466 2090 scriptoris
1500 2021 1668 2094 huius
1720 2037 1890 2094 opere
1919 2024 2010 2079 cui
2060 2024 2293 2080 titulus:
2326 2023 2404 2078 De
2449 2032 2749 2094 contemptu
2780 2023 2988 2088 mundi,
3022 2021 3158 2077 illud
3205 2022 3595 2096 inscripsimus
3649 2037 3846 2084 saneto

561 2113 750 2170 Isaaco
785 2112 1084 2184 presbytero
1120 2111 1370 2168 Ecclesia:
1398 2113 1756 2181 Antiochenw,
1781 2115 1874 2187 (de
1910 2131 2023 2187 quo
2063 2117 2233 2172 verba
2263 2116 2396 2173 facit
2420 2116 2743 2172 Gennadius
2777 2113 2854 2186 (l)
2879 2129 3044 2184 quem
3071 2123 3130 2170 et
3165 2117 3520 2174 Marcellinus
3540 2119 3844 2188 exscrihit)

581 2209 820 2265 Patricio
855 2217 906 2264 et
939 2209 1200 2264 Ricimere
1225 2225 1386 2281 coss.,
1416 2213 1748 2270 auctoritate
1777 2215 2042 2270 nimirum
2081 2215 2374 2271 Trithemii
2401 2214 2502 2285 (2),
2537 2214 2765 2270 Naironi
2820 2211 2920 2284 (3),
2950 2209 3269 2266 Combellsii
3293 2210 3370 2280 (4)
3405 2211 3756 2282 aliorumque
3786 2211 3843 2264 in

563 2317 816 2360 errorem
843 2303 1079 2374 abrepti.
1109 2303 1182 2359 At
1204 2316 1341 2359 vero
1374 2302 1734 2372 postmodum
1768 2304 1838 2358 ab
1869 2305 2176 2360 Assemano
2205 2305 2282 2377 (5)
2311 2314 2370 2360 et
2402 2304 2662 2360 Fabricio
2697 2303 2775 2376 (6)
2803 2302 3043 2358 meliora
3067 2301 3274 2366 edocti,
3303 2302 3692 2374 presbyterum
3723 2302 3844 2357 An-

569 2397 890 2452 tiochenum
927 2412 960 2452 a
987 2397 1362 2453 Ninivitarum
1386 2399 1650 2471 episcopo
1679 2400 1749 2455 de
1778 2415 1890 2470 quo
1923 2401 2016 2456 hic
2058 2416 2265 2467 sermo,
2303 2417 2454 2457 nunc
2480 2400 2704 2457 demum
2737 2398 3187 2470 distinguimus;
3237 2409 3364 2450 cum
3407 2393 3561 2464 prior
3613 2393 3846 2463 integro

565 2493 684 2551 fere
710 2495 917 2551 saeculo
970 2496 1344 2566 posteriorem
1395 2497 1764 2554 antecessisse
1811 2507 2166 2570 agnoscatur.
2218 2499 2442 2555 lsaacus
2479 2499 2630 2554 enim
2679 2495 2869 2552 senior
2901 2492 3300 2550 Gennadianus
3327 2489 3555 2559 scripsit
3587 2488 3846 2542 adversus

565 2591 918 2648 Nestorianos
963 2601 1016 2647 et
1065 2591 1469 2664 Eutychianos;
1524 2597 1744 2650 ruinam
1791 2597 1953 2651 etiam
1993 2596 2286 2652 Antiochiet:
2333 2595 2567 2667 eleganti
2627 2595 2866 2649 carmine
2915 2589 3148 2663 planxit.
3178 2582 3370 2655 Atqui,
3401 2590 3460 2638 ut
3487 2581 3678 2637 verbis
3708 2589 3844 2636 utar

567 2683 634 2738 V.
666 2682 730 2738 C.
765 2683 868 2755 (7),
907 2683 1201 2740 Nestorius
1243 2700 1392 2742 anno
1427 2685 1634 2744 Christi
1667 2689 1772 2744 429
1823 2689 2080 2744 haeresim
2136 2703 2294 2743 suam
2357 2687 2698 2758 publicavit;
2747 2683 3028 2756 Eutyches
3075 2691 3212 2734 vero
3255 2675 3407 2730 circa
3438 2686 3646 2728 annum
3681 2669 3820 2726 Chri

569 2773 644 2829 sti
673 2774 815 2841 H8;
849 2773 1162 2830 Antiochia:
1190 2774 1414 2832 demum
1454 2778 1615 2834 ruina
1645 2779 1881 2851 contigit
1909 2795 2056 2836 anno
2085 2777 2212 2835 459.
2241 2777 2435 2847 Neque
2469 2776 2563 2830 ditt
2596 2783 2726 2846 post
2757 2774 2910 2829 illam
2939 2773 3161 2830 cladem
3195 2771 3607 2827 Antiochenam
3641 2781 3848 2837 super-

569 2871 763 2926 stitem
798 2875 927 2927 etim
973 2871 1149 2928 fuisse
1196 2872 1510 2945 colligimus
1554 2887 1623 2927 ex
1674 2872 1798 2944 ipso
1824 2871 2133 2942 Gennadio,
2179 2874 2277 2946 qui
2305 2889 2627 2945 supremum
2681 2873 2830 2928 diem
2871 2871 3134 2927 clausisse
3178 2869 3360 2940 ipsum
3393 2865 3561 2921 tradit
3589 2864 3765 2918 leone
3798 2869 3850 2915 et

566 2967 874 3041 Maioriano
919 2971 1329 3043 imperantibus,
1387 2981 1452 3028 ut
1497 2979 1649 3028 recte
1701 2973 1908 3030 habent
1951 2973 2158 3030 vetusti
2201 2973 2422 3030 codices
2483 2987 2614 3028 mss.
2649 2971 2950 3028 Vaticanus
2981 2978 3039 3025 et
3077 2964 3477 3030 Corbeiensis;
3509 2977 3620 3018 non
3659 2967 3849 3015 autem

568 3063 742 3120 Leone
765 3075 816 3121 et
849 3066 1153 3133 Marciano,
1185 3075 1248 3123 ut
1288 3069 1554 3126 mendose
1599 3069 1829 3140 vulgati.
1886 3069 1989 3124 Leo
2033 3069 2311 3141 siquidem
2361 3069 2639 3124 Marciano
2671 3067 2916 3138 defuncto
2949 3063 3206 3130 succedit,
3245 3059 3432 3132 inquit
3465 3055 3844 3118 Marcellinus,

568 3154 938 3211 Constantino
973 3164 1031 3212 et
1062 3157 1208 3213 Rufo
1237 3173 1382 3214 coss.
1428 3159 1529 3231 (8),
1566 3161 1785 3232 ejusque
1833 3159 2107 3216 voluntate
2151 3160 2492 3233 Maiorianus
2523 3159 2667 3232 apud
2700 3158 3018 3213 Ravennam
3063 3157 3246 3214 Caesar
3297 3164 3374 3210 est
3421 3153 3726 3209 ordinatus.
3778 3149 3853 3204 At

571 3251 915 3324 Maiorianus
963 3253 1288 3310 Occidentis
1315 3254 1553 3324 imperio
1588 3255 1753 3310 simul
1801 3272 1866 3311 ac
1921 3256 2037 3312 vita
2086 3257 2362 3328 spoliatus
2393 3255 2503 3312 fuit
2535 3270 2682 3310 anno
2706 3254 2836 3318 461,
2861 3250 3143 3324 Dagalaifo
3173 3259 3230 3306 et
3258 3248 3526 3305 Severino
3556 3260 3705 3302 coss.
3736 3244 3849 3299 De-

570 3340 744 3395 cessit
774 3339 944 3411 igitur
965 3355 1194 3412 magnus
1227 3343 1449 3397 lsaacus
1478 3343 1770 3415 presbyter
1803 3344 1952 3400 circa
1975 3361 2188 3401 annum
2218 3345 2345 3410 460,
2373 3360 2500 3400 cum
2532 3345 2680 3398 ultra
2707 3358 2916 3398 annum
2948 3343 3048 3398 461
3083 3343 3204 3414 eius
3233 3340 3423 3396 obitus
3469 3336 3685 3394 diﬂ‘erri
3734 3350 3850 3390 non

570 3431 774 3500 possit,
827 3448 940 3502 quo
970 3431 1143 3488 vitam
1192 3449 1320 3490 cum
1376 3447 1559 3492 morte
1605 3438 1967 3493 commutavit
2007 3439 2384 3510 Maiorianus;
2424 3455 2606 3510 neque
2639 3438 2847 3494 retrahi
2875 3448 3006 3493 ante
3031 3452 3238 3492 annum
3263 3436 3391 3502 459,
3429 3449 3542 3505 quo
3580 3432 3700 3503 ipse
3735 3432 3851 3487 An-

573 3527 796 3584 tiochiae
841 3527 1039 3585 urbem
1089 3532 1245 3602 gravi
1279 3541 1444 3588 terrae
1490 3546 1642 3590 motu
1683 3550 2013 3592 concussam
2052 3553 2118 3593 ac
2171 3537 2461 3610 disiectam
2507 3538 2758 3594 carmine
2784 3535 3009 3608 lugubri
3062 3533 3296 3606 planxit.
3331 3529 3559 3586 Cladem
3605 3543 3850 3599 namque

571 3621 976 3680 Antiochenam
1021 3639 1090 3681 eo
1143 3641 1292 3683 anno
1339 3631 1662 3703 contigisse,
1708 3649 1872 3689 secus
1909 3643 2076 3706 atque
2124 3635 2396 3708 Scaliger,
2429 3635 2728 3702 Calvisius,
2766 3634 3028 3704 Petavius
3054 3647 3120 3688 ac
3150 3629 3352 3702 Pagius
3380 3634 3752 3692 censuerunt,
3781 3639 3851 3680 ex

572 3714 822 3784 probatis
853 3715 1180 3772 auctoribus
1213 3719 1472 3776 evincere
1505 3722 1694 3778 studet
1747 3723 1836 3778 vir
1869 3724 2228 3782 doctissimus
2280 3727 2440 3798 cuius
2486 3726 2654 3781 modo
2693 3724 3090 3791 meminimus;
3141 3722 3238 3794 qui
3288 3731 3347 3777 et
3389 3718 3643 3793 eiusdem
3671 3716 3851 3774 sancti

571 3805 743 3861 lsaaci
775 3820 945 3878 opera
970 3823 1038 3863 ex
1063 3809 1354 3867 codicibus
1392 3828 1526 3868 mss.
1561 3815 1842 3871 Vaticanis
1869 3816 1981 3873 late
2010 3825 2286 3872 recenset.

643 3900 711 3956 ll.
745 3900 868 3955 Jam
902 3915 1058 3966 vero,
1089 3909 1150 3956 ut
1175 3902 1243 3958 de
1275 3915 1470 3963 nostro
1501 3907 1691 3963 Isaaco
1722 3907 1859 3980 Syro
1885 3909 2113 3965 Ninives
2156 3909 2315 3965 urbis
2361 3908 2632 3980 episcopo
2676 3921 2992 3964 sermonem
3023 3905 3351 3974 habeamus,
3394 3919 3580 3978 operae
3605 3902 3851 3974 pretium

573 3993 744 4050 fuerit
773 3993 866 4049 hic
888 3994 1082 4065 paucis
1107 3995 1464 4062 contrahere,
1501 4012 1624 4066 quae
1653 3996 1777 4052 fuse
1813 3997 1882 4052 de
1911 4012 1979 4052 eo
2007 3997 2177 4052 refert
2210 3997 2468 4054 laudatus
2497 3997 2834 4054 Assemanus
2861 3995 2937 4068 (9)
2967 4010 3038 4051 ex
3084 3997 3346 4069 anonymi
3397 3995 3725 4067 praefatione
3783 3993 3854 4049 ad

573 4090 826 4162 eiusdem
855 4091 1029 4148 Isaaci
1066 4108 1259 4163 opera,
1291 4109 1414 4164 quae
1435 4093 1673 4150 Arabico
1699 4092 1926 4164 quidem
1949 4109 2232 4160 sermone,
2267 4095 2366 4150 sed
2399 4094 2605 4150 litteris
2627 4093 3116 4166 Syriacisexstant
3147 4091 3206 4146 in
3234 4089 3429 4147 codice
3458 4088 3731 4146 Nitriensi
3760 4101 3852 4141 xx.

589 4185 667 4239 Ex
703 4200 772 4240 eo
805 4184 994 4254 itaque
1039 4185 1312 4256 scriptore
1359 4184 1720 4256 intelligimus
1775 4184 2064 4255 praefatum
2116 4185 2362 4244 lsaacum
2414 4187 2612 4258 Syrum
2644 4201 2848 4258 genere
2878 4184 3242 4240 monasticam
3280 4183 3454 4238 vitam
3501 4182 3558 4237 in
3595 4179 3856 4238 coenobio

577 4280 767 4338 Sancti
819 4281 1063 4338 Matthtei
1101 4281 1274 4337 fuisse
1317 4280 1628 4351 professum
1671 4300 1684 4336 :
1720 4281 1814 4336 ubi
1843 4281 2092 4337 doctrina
2124 4291 2182 4338 et
2208 4285 2446 4339 ascetica
2479 4284 2830 4339 observantia
2863 4291 3152 4354 prmstans,
3182 4285 3475 4350 postquam
3504 4275 3635 4329 vita:
3661 4289 3857 4330 cteno-

576 4375 760 4431 biticte
789 4373 1061 4429 institutis
1097 4373 1201 4429 rite
1233 4372 1566 4445 perfunctus
1595 4374 1813 4439 fuisset,
1849 4375 1906 4431 in
1938 4375 2193 4431 cellulam
2224 4391 2254 4431 a
2278 4378 2620 4433 monasterio
2654 4377 2906 4432 dissitam
2939 4372 3192 4437 secessit,
3221 4369 3422 4439 ibique
3455 4367 3528 4422 ab
3561 4365 3856 4424 hominum

577 4465 861 4523 consortio
907 4474 1231 4536 segregatus
1272 4463 1370 4520 diu
1423 4466 1747 4536 permansit.
1785 4465 1990 4522 Verum
2048 4482 2176 4522 cum
2217 4468 2342 4538 eius
2392 4466 2662 4522 doctrina:
2689 4475 2747 4520 et
2781 4464 3094 4520 sanctitatis
3130 4464 3273 4519 fama
3305 4458 3749 4532 percrebuisset,
3777 4453 3855 4511 ad

575 4560 766 4618 sedem
798 4575 1010 4632 magnae
1054 4559 1212 4615 urbis
1238 4556 1465 4614 Ninives
1494 4556 1600 4611 fuit
1627 4566 1877 4614 evectus.
1911 4559 1982 4613 At
2010 4573 2143 4613 vero
2175 4558 2260 4613 vel
2294 4558 2411 4628 ipsa
2445 4558 2623 4628 prima
2655 4555 3028 4612 ordinationis
3058 4555 3173 4621 die,
3219 4554 3292 4610 ob
3333 4551 3577 4607 duorum
3626 4549 3856 4620 litigan-

579 4650 716 4706 tium
763 4650 1143 4716 insolentiam,
1194 4645 1416 4706 rurSum
1463 4649 1724 4706 solitaria:
1752 4649 1882 4705 vitae
1913 4647 2100 4706 studio
2143 4649 2346 4706 ductus
2379 4650 2706 4720 episcopatu
2738 4665 2796 4705 se
2833 4648 3113 4706 abdicavit
3137 4665 3203 4704 ac
3240 4646 3565 4704 Scetensetn
3593 4661 3855 4702 eremum

578 4743 773 4814 petiit;
801 4743 991 4814 ibique
1033 4741 1102 4798 ad
1145 4742 1362 4798 obitum
1395 4757 1572 4812 usque
1619 4751 2014 4810 commoratus,
2052 4741 2123 4797 ad
2161 4759 2438 4799 summum
2467 4743 2850 4798 sanctimonia:
2876 4743 3098 4798 culmen
3132 4739 3411 4810 pervenit.
3449 4737 3584 4805 Quae
3622 4737 3857 4808 quidem

577 4849 646 4889 cx
673 4849 948 4906 anonymo
977 4835 1293 4890 summatim
1315 4832 1594 4904 descripta
1632 4833 1792 4904 cuius
1823 4833 1988 4889 modo
2017 4837 2361 4891 mentionem
2391 4835 2648 4900 fecimus,
2681 4835 2845 4906 plane
2877 4834 3162 4898 evincunt,
3200 4843 3262 4888 ut
3294 4833 3422 4903 iure
3455 4831 3644 4903 arguit
3676 4832 3850 4888 Asse-

580 4945 797 4996 manus,
827 4928 1108 4986 Lambecii
1137 4929 1248 5003 (l0)
1278 4939 1335 4987 et
1366 4930 1530 4987 Cavei
1558 4930 1671 5002 (ll)
1701 4933 2076 5002 coniecturam
2107 4949 2459 5004 nequaquam
2487 4949 2613 4990 esse
2638 4932 3060 4994 admittendam,
3099 4929 3550 4985 existimantium
3578 4937 3844 4984 nostrum

581 5027 829 5084 lsaacum
877 5035 1004 5097 post
1047 5026 1364 5082 abdicatum
1401 5027 1782 5098 episcopatum
1813 5043 1883 5084 ex
1903 5043 2094 5084 eremo
2123 5030 2180 5084 in
2214 5030 2424 5086 Italiam
2456 5030 2698 5094 venisse,
2727 5045 2792 5084 ac
2819 5043 2991 5098 prope
3025 5027 3318 5097 Spoletum
3352 5026 3412 5082 in
3439 5027 3721 5082 asceterio
3775 5027 3849 5082 ab

581 5119 704 5190 ipso
731 5117 958 5175 condito
992 5118 1268 5190 reliquum
1291 5134 1405 5175 sua:
1432 5119 1560 5175 vita
1589 5127 1806 5190 tempus
1839 5120 2177 5192 transegisse
2213 5137 2226 5174 :
2259 5137 2370 5192 quo
2398 5121 2570 5178 semel
2619 5121 2820 5193 posito,
2854 5135 3028 5175 unum
3068 5119 3448 5191 eamdemque
3480 5132 3610 5174 cum
3643 5118 3841 5188 isaaco

2103 5265 2338 5323 NOTAE.

766 5357 1017 5436 gennad.
1061 5359 1135 5436 De
1159 5366 1341 5436 script.
1367 5365 1490 5420 eccl.
1517 5379 1638 5436 cap.
1670 5364 1759 5421 66.
1886 5435 1917 5436 ,ν
2343 5361 2420 5436 (6)
2455 5362 2671 5420 Fabric.
2702 5361 2841 5436 Bibl.
2878 5361 2972 5418 Gr.
3015 5359 3258 5436 tom.)_{,
3284 5374 3454 5436 pagg.
3484 5357 3792 5436 lfiliscqq.2

659 5375 736 5424 ιι)
766 5375 1017 5414 uennau.
1061 5375 1135 5415 ue
1159 5375 1341 5436 script.
1367 5375 1490 5420 ecct.
1517 5379 1638 5435 cap.
1670 5375 1759 5421 66.

769 5429 1174 5514 Irithemzﬁlib.
1194 5434 1277 5514 _De
1306 5437 1491 5508 script.
1521 5433 1803 5514 ecclucap.
1838 5435 1995 5514 M7;

2366 5375 2420 5433 ti)
2458 5375 2671 5420 Fabric.
2702 5375 2841 5417 mat.
2878 5375 2972 5418 ur.
3015 5375 3151 5415 tum.
3191 5375 3258 5426 λ,
3279 5375 3454 5485 ἕαδε.
3484 5375 3792 5438 ιιιπςηδοιιιιοἱ

2343 5375 2424 5514 (2)
2458 5437 2745 5514 Asseman.
2780 5433 2816 5514 l:
2849 5448 2928 5514 c.‘
2935 5448 3100 5514 pagg.
3128 5432 3256 5499 207,
3321 5431 3387 5485 10
3411 5438 3471 5484 et
3490 5428 3619 5482 ΞΗ.

660 5498 737 5639 ᾖ)
775 5499 1003 5557 Nairon.
1037 5501 1225 5588 Eeapl.
1254 5498 1473 5578 partft.
1501 5523 1624 5590 cap.
1650 5508 1708 5570 2,
1741 5498 1895 5560 num.

721 5571 739 5638 )
777 5569 1027 5628 Combef.
1085 5573 1220 5632 Bibl.
1275 5577 1385 5633 PP.
1433 5595 1673 5633 concton.
1727 5587 1861 5633 ιοιιι.
1895 5577 1937 5639 l,
1979 5593 2032 5631 ιιι
2064 5576 2171 5632 Re-

1501 5523 1624 5576 cap.
1650 5508 1708 5570 2,
1741 5498 1895 5560 num.
1929 5506 2021 5560 22.
2350 5498 2426 5576 (8)
2463 5504 2764 5560 Marcellin.
2797 5503 2854 5556 iu
2888 5498 3093 5558 Chron.

1473 5577 1673 5633 oncion.
1727 5587 1861 5633 ιοιιι.
1895 5577 1937 5639 l,
1979 5576 2032 5631 in
2064 5576 2171 5632 Re-
2350 5576 2429 5639 (9)
2466 5580 2679 5630 Assem.
2727 5572 2977 5628 Bibliotlt.
3019 5570 3093 5627 0r

685 5566 739 5638 4)
777 5569 1027 5628 Combef.
1085 5566 1220 5632 Bibl.
1255 5566 1385 5633 ῬΡ.
1433 5566 1861 5633 οὸιιεῖοη.ἰοιιι.
1895 5577 1937 5641 l,
1979 5576 2032 5631 in
2064 5576 2171 5632 Re-
2350 5566 2429 5642 (9)
2466 5580 2679 5630 Assem.
2727 5572 2977 5628 Bibliotlt.
3019 5570 3224 5627 Orient.
3281 5581 3416 5626 tom.
3476 5569 3519 5634 ι,
3583 5583 3710 5637 cap.
3763 5566 3859 5637 δι,

591 5653 744 5715 cens.
782 5650 931 5715 auct.
969 5643 1138 5713 p.25.
2281 5662 2438 5715 pagg.
2477 5645 2582 5698 Ml
2611 5660 2764 5714 seqq.

663 5662 744 5694 ns.
782 5662 931 5696 allCl.
969 5662 1023 5713 p.
1050 5662 1138 5700 zu.
2281 5663 2347 5715 pa
2427 5688 2438 5698 .
2477 5662 2582 5698 an
2611 5662 2764 5714 seqq.

663 5709 742 5779 l5)
772 5709 1058 5771 Asseman.
1092 5716 1228 5773 Bibl.
1278 5717 1484 5776 Orient.
1535 5727 1667 5775 tom.
1704 5721 1745 5775 Ι.
1778 5735 1933 5791 pagg.
1981 5718 2084 5774 207
2117 5726 2175 5773 ct
2507 5715 2765 5796 Lambcc.
2795 5713 3104 5796 Comment.
3132 5713 3232 5768 lib.
3265 5727 3319 5774 ν,
3347 5727 3505 5790 pagg.
3534 5709 3603 5764 74
3633 5721 3791 5780 seqq.

677 5782 878 5853 tseqq.
2355 5787 2440 5857 (ll
2507 5785 2640 5842 Cav.
2668 5784 2808 5841 Hist.
2841 5785 3006 5840 litter.
3041 5792 3173 5842 tom.
3207 5784 3249 5854 l,
3292 5799 3414 5854 pag.
3446 5779 3575 5835 5l9.

595 5763 1058 5853 ttt'setiqi'm'"
1092 5763 1228 5773 ”””
1704 5763 1745 5775 ””
1779 5763 1933 5791 ¹’“⁰¹⁵’
1985 5763 2076 5774 “”’
2120 5763 2175 5773 ”
2355 5763 2470 5858 (ii)
2507 5763 3249 5854 agitantem}:nati,
3281 5763 3575 5854 signa.
