4112 6538
256 449 361 517 801
1740 461 1880 523 NO'I

1894 464 2071 524 ITIA.
3407 469 3516 533 802

256 557 354 664 illo
374 568 638 664 censent,
665 560 870 664 dequo
912 578 1226 664 sermonem
1248 563 1425 664 habet
1463 578 1689 626 sanctus
1716 569 2017 642 Gregorius
2043 572 2270 644 Magnus
2294 572 2426 645 (12).
2464 574 2668 629 Noster
2707 574 2855 629 enim
2885 574 3106 631 lsaacus
3133 591 3199 632 ex
3258 578 3515 650 Mesopo-

255 653 427 707 tamia
463 668 574 707 non
625 653 680 708 in
731 655 964 720 ltaliam,
1001 655 1098 717 sed
1132 657 1187 711 in
1225 656 1520 730 Aigyptum
1573 660 1839 729 perrexit,
1872 661 1969 715 ubi
2000 678 2322 731 supremum
2367 663 2422 716 in
2472 661 2719 717 Scetensi
2774 677 2962 718 eremo
3010 664 3155 718 diem
3209 664 3427 731 clausit,
3453 676 3515 721 ut

255 743 424 797 modo
456 758 526 797 ex
549 753 857 798 memorato
890 745 1166 815 scriptore
1207 762 1479 819 anonymo
1510 751 1845 806 audivimus.
1876 752 1937 806 In
1975 753 2227 808 eamdem
2252 752 2425 808 ferme
2456 754 2784 807 sententiam
2816 753 3102 809 Fabricius
3138 754 3271 825 (13).

334 834 426 888 lll.
459 834 636 890 Porro
686 835 754 889 de
803 836 970 906 hujus
997 836 1366 892 Ninivitarum
1399 841 1665 895 antistitis
1694 842 2006 897 litterarum
2049 846 2426 899 monumentis
2454 844 2625 899 verba
2656 844 2865 900 faciens
2904 845 3170 901 Sobensis
3218 844 3367 915 apud
3410 844 3517 899 As—

252 939 566 1026 semanum,
597 926 724 1026 haec.
739 928 907 1026 habet
940 929 1049 1026 (14?
1087 948 1099 982 :
1138 929 1293 985 Isaac
1324 932 1559 988 Ninivita
1589 945 1785 1006 septem
1829 941 2119 1008 composuit
2160 948 2348 1006 tomos,
2384 941 2448 993 de
2492 941 2746 1011 regimine
2795 941 3035 1010 spiritus,
3067 940 3131 992 de
3163 941 3353 993 divinis
3388 956 3507 1008 my-

252 1015 449 1079 steriis,
500 1015 564 1068 de
601 1015 819 1084 judiciis
870 1026 921 1070 et
959 1019 1168 1089 politia.
1212 1022 1457 1087 Quorum
1495 1027 1877 1083 recensionem
1910 1045 1978 1083 ex
2006 1030 2295 1085 codicibus
2318 1030 2579 1101 Syriacis,
2615 1031 2870 1085 Arabicis
2898 1039 2956 1085 et
2983 1030 3187 1085 Graecis
3222 1026 3503 1086 Vaticanis

255 1107 499 1211 instituit
523 1108 588 1163 γ.
612 1107 673 1163 C.
703 1109 840 1165 Aliis
866 1112 1034 1167 etiam
1069 1115 1127 1169 in
1152 1115 1509 1175 bibliothecis
1534 1120 1723 1177 Graece
1746 1134 1967 1178 exstant
2005 1143 2018 1178 :
2056 1126 2319 1180 nimirum
2356 1126 2410 1180 in
2441 1122 2858 1180 Vindobonensi
2878 1162 2891 1185 ,
2919 1120 3259 1176 Coisliniana
3299 1130 3354 1175 et
3376 1119 3519 1175 Bod-

254 1199 456 1303 leianf‘,
479 1216 645 1303 9Y3!!!
670 1218 765 1303 εἶα-3
788 1215 1059 1303 memorat
1088 1225 1230 1303 spepe
1254 1213 1509 1269 laudatus
1530 1216 1815 1272 Fabricius
1837 1216 1970 1287 (15).
1996 1216 2210 1284 Quibus
2221 1218 2468 1274 addenda
2488 1226 2751 1288 praeterea
2771 1214 3107 1269 bibliotheca
3139 1213 3309 1283 Regia
3324 1213 3518 1268 Tauri-

258 1292 583 1393 nenéisliﬁl
604 1294 745 1393 {ubi
764 1311 842 1393 ex
872 1298 1068 1393 codice
1093 1300 1287 1393 Graeco
1308 1304 1434 1370 551,
1455 1322 1650 1363 omnes
1696 1309 2087 1365 describuntur
2124 1311 2302 1365 Isaaci
2333 1310 2457 1381 Syri
2482 1310 2806 1364 Ninivitana:
2824 1309 2965 1361 urbis
2994 1308 3220 1377 episcopi
3251 1323 3518 1362 sermones

259 1383 501 1484 ascen-ci:
518 1383 838 1484 iac-Arabica
871 1384 1052 1479 lingua
1084 1391 1137 1443 in
1171 1392 1410 1449 Crwcam
1431 1400 1667 1453 conversi
1694 1417 1727 1453 a
1753 1399 1989 1455 Patricio
2018 1411 2067 1454 ct
2089 1402 2345 1457 Abramio
2381 1402 2648 1455 monachis
2680 1401 2988 1455 monasterii
3012 1397 3193 1453 Sancti
3213 1396 3390 1464 Sabw,
3413 1398 3519 1451 ὑπὸ

255 1474 363 1584 τοῦ⁸
399 1474 546 1582 esse
588 1476 889 1547 Πατρικίου
926 1474 1021 1535 καὶ
1050 1485 1144 1539 τοῦ
1169 1487 1313 1541 ἀ66ᾶ
1355 1491 1672 1563 Ἀϐραμίου,
1704 1495 1811 1549 τῶν
1834 1514 1879 1564 φη

1890 1496 2159 1565 λοσόφων,
2186 1505 2292 1554 etc.
2320 1496 2402 1552 Cl.
2428 1496 2668 1568 Cangius
2696 1510 2835 1565 pene
2862 1494 3093 1549 similem
3150 1490 3385 1546 Caesarei
3418 1506 3514 1545 co-

255 1567 397 1624 dicis
445 1569 868 1641 inscriptionem
927 1577 1197 1647 referens,
1253 1586 1512 1643 observat
1537 1590 1650 1661 (17)
1694 1608 1879 1646 monac

1890 1594 1977 1646 hos
2032 1593 2141 1648 dici
2189 1594 2397 1649 Graecis
2448 1594 2794 1662 φιλοσόφους,
2846 1599 2907 1644 ut
2954 1598 3010 1643 et
3044 1589 3353 1656 φιλοσοφεῖν
3402 1605 3514 1641 mo-

254 1662 536 1769 f'a‘cmca’i‘
564 1664 728 1769 υίξαηξ
754 1666 1017 1769 ξξίξβῑξνὶο
1053 1672 1241 1769 Neque
1269 1677 1362 1769 hic
1392 1683 1865 1749 praetereundum,
1913 1686 2057 1755 quod
2095 1685 2263 1738 tradit
2300 1684 2512 1740 Caveus
2541 1685 2673 1753 (18),
2706 1684 2905 1738 horum
2953 1681 3167 1736 scilicet
3196 1695 3511 1735 sermonum

254 1758 594 1827 interpretes
624 1758 680 1812 in
712 1758 1061 1818 bibliothecae
1093 1764 1401 1823 Bodleianae
1442 1771 1689 1839 catalogo
1718 1788 1839 1842 pag.
1870 1772 1958 1838 45,
1989 1775 2175 1828 vocari
2206 1774 2527 1828 Abramium
2556 1786 2611 1829 et
2644 1774 2793 1827 Isaac
2816 1774 2964 1838 ium;
3008 1786 3190 1841 neque
3222 1770 3385 1825 aliter
3417 1785 3514 1828 eos

257 1852 527 1921 appellari
561 1854 617 1908 in
653 1854 846 1909 codice
892 1855 962 1910 25
1012 1858 1184 1930 Regio
1234 1860 1611 1919 Alexandrino
1650 1866 1937 1931 Vaticano,
1974 1876 2112 1922 teste
2142 1868 2443 1922 Assemano
2488 1867 2599 1939 (19)
2644 1868 2790 1937 quod
2848 1877 3028 1923 tamen
3066 1867 3211 1921 haud
3248 1867 3516 1936 probatur

261 1946 519 2003 Ῡειδνῖοῖο
545 1949 686 2019 (90);
727 1952 932 2021 Bljure
966 1955 1190 2024 quidem
1226 1976 1239 2011 :
1272 1974 1398 2014 nam
1435 1976 1503 2015 ex
1549 1962 1672 2018 aliis
1723 1964 1979 2035 pluribus
2028 1965 2318 2020 codicibus
2359 1966 2596 2020 alterum
2651 1964 3012 2033 interpretem
3064 1978 3175 2017 non
3220 1962 3510 2028 Isaacium,

254 2043 353 2099 sed
385 2044 675 2099 Patricium
705 2055 1027 2104 constanter
1057 2052 1166 2107 dici
1202 2065 1549 2125 compertum
1596 2059 1887 2114 habemus.

324 2141 412 2197 IV.
447 2142 529 2195 Ex
556 2142 645 2197 his
681 2157 818 2197 vero
859 2143 1030 2199 lsaaci
1056 2144 1285 2202 Ninives
1319 2150 1566 2221 episcopi
1601 2153 1957 2208 sermonibus
1986 2154 2243 2209 asceticis
2270 2154 2485 2223 priores
2523 2159 2737 2205 tantum
2778 2146 3180 2220 quinquaginta
3218 2153 3336 2199 tres
3358 2143 3516 2199 velut

254 2246 401 2287 unus
438 2231 583 2287 liber
612 2232 716 2287 sub
743 2233 909 2289 titulo
940 2233 1018 2289 De
1046 2245 1347 2309 contemptu
1383 2245 1567 2297 mundi
1612 2243 1807 2299 Latine
1834 2245 2187 2314 prodierunt.
2227 2243 2407 2298 Isaaci
2449 2241 2757 2296 Antiocheni
2787 2238 3013 2309 episcopi
3049 2236 3275 2290 nomine
3309 2233 3514 2289 inscri-

254 2329 368 2397 pti;
400 2328 497 2383 sed
527 2344 838 2398 perperam,
876 2338 938 2384 ut
969 2332 1222 2399 superius
1248 2336 1565 2391 monuimus
1593 2353 1606 2389 :
1632 2352 1815 2406 neque
1843 2344 2109 2407 praeterea
2144 2336 2278 2391 satis
2321 2332 2601 2388 emendati
2626 2348 2640 2397 ;
2692 2346 2930 2400 quorum
2958 2327 3191 2398 proinde
3220 2327 3342 2380 loca
3368 2340 3508 2377 non—

252 2420 403 2474 nulla
446 2421 503 2474 in
528 2420 792 2491 subjectis
817 2421 1025 2476 notulis
1052 2438 1152 2492 pro
1172 2424 1388 2480 viribus
1426 2427 1722 2481 restituere
1759 2426 2093 2481 studuimus.
2124 2426 2193 2480 At
2218 2441 2349 2481 vero
2376 2424 2599 2479 vixdum
2649 2438 2679 2477 e
2722 2420 2874 2490 prelo
2894 2421 3013 2489 jam
3039 2425 3294 2472 evaserat
3334 2414 3508 2470 editio

251 2528 459 2585 nostra,
502 2534 628 2574 cum
666 2534 799 2576 ecce
840 2520 941 2574 tibi
991 2532 1060 2572 ex
1100 2517 1254 2573 Actis
1292 2517 1637 2573 eruditorum
1686 2518 1847 2572 nobis
1892 2517 2033 2571 forte
2064 2516 2265 2571 oblatis
2313 2513 2685 2569 intelleximus
2716 2510 2856 2582 (Ἡ).
2884 2508 3130 2564 Graecam
3182 2505 3510 2562 eorumdem

252 2616 424 2673 lsaaci
457 2631 771 2671 sermonum
798 2616 1111 2672 versionem
1146 2615 1458 2686 evulgatam
1493 2616 1692 2684 Lipsiae
1738 2614 1911 2668 fuisse
1947 2628 2097 2669 anno
2139 2612 2300 2675 1770,
2334 2611 2388 2676 8,
2424 2609 2612 2665 studio
2646 2604 2943 2675 Nicephori
2979 2601 3306 2667 Theotokii;
3345 2603 3510 2672 cujus

249 2707 518 2763 editionis
549 2706 668 2762 hinc
694 2706 873 2762 fertur
902 2706 1191 2774 inscriptio
1222 2721 1235 2759 :
1271 2703 1377 2758 Τοῦ
1422 2704 1572 2759 ὁσίου
1626 2702 1843 2774 Πατρὸς

1894 2700 2054 2772 ἡμῶν
2094 2699 2282 2752 Ἰσαὰκ
2308 2698 2610 2752 ἐπισκόπου
2640 2692 2854 2756 Νινευῖ,
2901 2690 2996 2744 τοῦ
3031 2689 3227 2759 Σύρου,
3261 2690 3330 2741 τὰ
3351 2689 3512 2759 εὑρε-

251 2799 412 2853 θέντα
442 2795 734 2869 ἅσκητικὴ,
764 2796 985 2863 ἀξιώσει
1037 2796 1136 2867 μὲν
1168 2796 1264 2850 τοῦ
1295 2795 1744 2867 μακαριωτάτου,
1794 2792 2075 2846 Θειοτάτου
2112 2790 2209 2843 καὶ
2238 2788 2552 2859 σοφωτάτου
2609 2784 2952 2854 πατριάρχου
2986 2780 3088 2850 τῆς
3117 2779 3279 2847 ἁγίοις
3306 2779 3541 2841 πόλεως

259 2888 619 2961 Ἰερουσαλὴμ
648 2886 744 2940 καὶ
774 2887 956 2956 πάσης
976 2884 1362 2954 Παλαιστίνης,
1394 2883 1586 2954 κυρίου
1629 2882 1870 2953 Ἐφραϊμ
1898 2897 1914 2913 ο
1948 2879 2269 2951 Ἐπιμελειᾳ
2312 2878 2369 2932 δὲ
2398 2877 2705 2948 Νικεφόρου
2748 2871 3101 2943 ἱερομονάχου
3121 2869 3218 2922 τοῦ
3247 2870 3513 2922 Θεοτόκου

249 2981 352 3052 ἤδη
388 2980 608 3050 πρῶτον
656 2976 852 3039 τύποις
884 2977 1197 3033 ἐκδοθέντα.
1237 2974 1515 3029 Discimus
1545 2981 1731 3027 autem
1763 2986 1835 3027 ex
1865 2970 1873 3024 i

1887 2969 2064 3025 isdem
2099 2967 2256 3023 Actis
2302 2967 2372 3023 cl.
2430 2966 2708 3021 editorem
2759 2965 2981 3020 duobus
3023 2963 3316 3019 codicibus
3348 2977 3510 3017 usum

249 3072 448 3135 fuisse,
479 3084 716 3141 quorum
749 3068 990 3123 alterum
1045 3067 1189 3138 typis
1241 3063 1671 3120 describendum
1706 3060 2099 3131 consignavit;
2136 3058 2369 3114 alterius
2396 3072 2533 3113 vero
2580 3056 2766 3111 varias
2795 3056 3065 3112 lectiones
3095 3053 3333 3124 singulis
3359 3052 3514 3123 pagi-

248 3166 337 3222 nis
361 3164 681 3221 subdidisse
707 3179 723 3229 ;
759 3160 1063 3232 aspersisse
1102 3171 1370 3233 praeterea
1398 3176 1511 3215 non
1540 3174 1666 3214 raro
1695 3157 2049 3215 sermonibus
2090 3155 2227 3225 ipsis
2258 3152 2787 3218 animadversiones,
2828 3168 2951 3223 quae
2982 3152 3068 3207 vel
3100 3165 3325 3206 sensum
3354 3150 3514 3203 loco-

247 3280 373 3319 rum
402 3262 789 3318 obscuriorum
813 3259 961 3314 bene
996 3256 1298 3319 illustrant,
1335 3252 1421 3307 vel
1456 3250 1636 3306 varias
1666 3249 1956 3311 lectiones,
1993 3245 2279 3301 interdum
2324 3244 2493 3298 etiam
2522 3243 2873 3313 conjecturas
2900 3250 2957 3297 et
2989 3240 3200 3295 Latina:
3225 3256 3293 3294 ve
3308 3240 3512 3305 rsionis

246 3352 603 3409 collationem
643 3348 953 3404 continent.
1005 3347 1138 3416 Quae
1160 3344 1385 3417 quidem
1425 3342 1613 3398 Graeca
1646 3339 1819 3394 editio
1866 3337 2081 3393 utinam
2122 3350 2257 3391 vero
2284 3334 2445 3389 nobis
2469 3342 2785 3421 opportune
2827 3339 3115 3403 comperta
3158 3329 3356 3386 fuisset
3397 3346 3411 3384 :
3445 3345 3510 3383 ea

245 3442 526 3516 siquidem
557 3449 803 3497 nostram
837 3435 1208 3508 comptiorem
1235 3447 1368 3488 sane
1404 3429 1805 3497 utilioremque
1832 3423 2190 3480 reddidisset.

347 3599 416 3654 12
467 3598 631 3668 Greg.
670 3596 741 3651 M.
777 3592 994 3662 Dialog.
1031 3590 1132 3644 lib.
1175 3604 1254 3654 tu,
1286 3601 1409 3657 cap.
1442 3583 1529 3638 14.
2032 3577 2095 3630 17
2154 3575 2323 3645 Cang.
2348 3573 2586 3630 Glossar.
2628 3574 2723 3657 Gr.
2756 3582 2890 3627 tom.
2915 3572 2985 3637 ll,
3016 3587 3140 3643 pag.
3171 3570 3333 3627 1678.

348 3599 438 3718 151
468 3667 689 3718 Fabric.
719 3666 757 3718 l.
784 3680 834 3718 c.
857 3678 981 3718 nag-
1028 3661 1149 3714 171.
2007 3576 2122 3718 $.18;
2154 3646 2285 3718 Ci”-
2314 3646 2351 3699 Ῐ·
2381 3659 2431 3718 9-
2464 3660 2586 3714 βεδε-
2626 3644 2748 3718 599:
2769 3712 2788 3718 -

348 3644 438 3733 iii
468 3644 757 3723 ἓὲιὶιῗρίοἷῖ.
777 3644 990 3733 ἱξρέξὲ
1028 3661 1149 3733 itu.
1241 3644 1253 3654 '
1354 3644 1373 3657 '
2009 3644 2122 3733 gs)
2154 3644 2431 3733 93.1.9.
2462 3660 2591 3733 pag.
2611 3644 2747 3733 sep;

346 3712 437 3809 ἱῖὶ
470 3712 989 3809 ἒὸῖιὶεὲἶέκῑᾶίεῖῗῖ.
1018 3712 1161 3809 62)..
1237 3794 1331 3809 .-η
2006 3712 2118 3809 {2.22
2146 3716 2359 3809 si???
2387 3715 2424 3809 ¹;
2455 3729 2507 3809 θλ
2532 3712 2659 3809 βΞὲ
2688 3712 2813 3809 ⁴,⁴.9.;

350 3783 434 3875 isi
464 3783 1042 3869 iSBEi'éTIfETpaigigi
1070 3783 1192 3862 m,
1229 3794 1357 3875 ne.
1370 3865 1434 3875 __

1229 3794 1434 3875 1'72.___
2478 3798 2526 3875 cI.
2546 3783 2679 3864 pag.
2712 3783 2833 3836 172.

348 3848 433 3950 £55
466 3848 1042 3939 ὶῖῖῖί.’ἲαίὶνῖιί.ᾟᾶἰε⁵ιζ
1072 3848 1299 3938 ἱζρξςιέε.
1330 3848 1438 3921 2473
1473 3877 1630 3933 seqq.
2006 3848 2118 3927 (ει)
2150 3853 2271 3909 Act.
2296 3853 2467 3908 Erud.
2498 3848 2654 3923 Lips:
2677 3868 2809 3906 ann.
2843 3848 3004 3916 mo,
3030 3864 3189 3922 pagg.
3215 3849 3320 3903 283
3346 3867 3467 3921 seq.

1124 4053 3460 4084 MM

1527 4200 1870 4265 NOTITIA
1902 4198 2247 4259 ALTERA.

1021 4371 1255 4443 (FABRIC.
1287 4364 1535 4422 Bibiiotlt.
1564 4362 1737 4420 Grato.
1766 4370 1905 4417 tom.
1928 4357 2023 4425 X1,
2058 4372 2114 4428 p.
2149 4356 2270 4423 114,
2299 4357 2433 4413 edit.
2463 4356 2727 4429 Harless.)

311 4648 489 4714 Isaac,
512 4644 783 4716 presbyter
813 4638 1152 4698 Antiochenw
1188 4632 1459 4696 Ecclesiae,
1483 4629 1691 4700 scripsit
1716 4627 1848 4699 Syro
1891 4638 2153 4687 sermone,
2212 4620 2366 4691 longo
2411 4628 2644 4689 tempore
2675 4628 2725 4672 et
2748 4617 2917 4672 multa
2957 4632 2976 4671 :
3006 4624 3271 4688 prrectpua
3320 4627 3495 4670 tamen

237 4747 374 4794 cura
410 4704 691 4791 aduersu";
712 4730 1056 4787 Nestorianos
1083 4731 1133 4778 et
1164 4723 1547 4793 Eutychianos,
1570 4719 1784 4771 ruinam
1810 4715 1972 4767 etiam
1999 4711 2289 4766 Antiochia:
2322 4708 2552 4777 eleganti
2583 4708 2820 4761 carmine
2850 4704 3081 4777 planxit,
3119 4723 3177 4760 eo
3229 4707 3495 4759 auditores

239 4832 478 4887 imbuens
497 4845 646 4895 sono,
675 4842 778 4898 quo
804 4824 1053 4896 Ephrwm
1101 4819 1364 4872 diaconus
1394 4812 1712 4868 Nicomedia:
1745 4809 1973 4878 lapsum.
2002 4804 2234 4860 Moritur
2287 4802 2459 4857 Leone
2487 4811 2536 4855 et
2573 4801 2880 4869 Majoriano
2920 4800 3331 4870 imperantibus.
3370 4799 3497 4854 Haec

240 4928 312 4983 de
344 4927 531 4981 lsaaco
550 4896 868 4979 Gennadius
889 4932 1013 4987 cap.
1041 4914 1109 4969 66
1145 4913 1222 4967 De
1266 4911 1457 4979 script.
1504 4908 1701 4962 eccles.
1736 4905 1816 4960 Ex
1848 4904 1917 4958 iis
1944 4918 2064 4972 quze
2089 4908 2360 4955 memorat
2391 4897 2561 4953 lsaaci
2589 4896 2830 4966 scriptis,
2860 4896 3074 4950 nullum
3102 4896 3169 4950 ad
3209 4911 3313 4951 nos
3364 4912 3496 4965 per-

238 5018 396 5074 venit
420 5030 602 5085 neque
635 5013 857 5084 Syriaca
910 4986 1118 5077 lingua,
1163 5018 1366 5073 neque,
1398 4999 1550 5070 quod
1582 4997 1855 5067 Ephraami
1907 4993 2142 5063 contigit
2175 4990 2549 5045 monumentis
2574 5029 2588 5053 ,
2647 5004 2715 5042 ex
2750 4986 2975 5058 Syriaco
3021 4986 3210 5042 Graece
3238 5003 3483 5044 versum.

240 5113 436 5170 Exstat
466 5077 649 5161 tamen
668 5077 864 5158 Latine
896 5101 952 5154 in
980 5096 1285 5169 posteriore
1312 5087 1966 5157 Orthodoxographorum
1997 5084 2242 5138 editione
2277 5080 2444 5134 Basil.
2474 5078 2630 5141 1569,
2661 5078 2785 5142 fol.,
2809 5077 3129 5148 pag.1626;
3159 5087 3326 5147 atque
3355 5078 3487 5133 inde

239 5201 302 5256 in
330 5196 684 5254 bibliothecis
713 5196 945 5251 Patrum
973 5188 1270 5251 universis,
1303 5195 1363 5239 ut
1388 5184 1583 5239 Colon.
1618 5180 1778 5244 16l8,
1813 5187 1948 5232 tom.
1978 5178 2042 5233 Vl
2073 5184 2129 5231 et
2160 5176 2341 5231 Paris.
2372 5174 2530 5240 16M,
2563 5173 2723 5236 1654,
2747 5181 2882 5226 tom.
2909 5173 2971 5238 γ,
3000 5173 3106 5227 col.
3134 5173 3378 5228 485-552
3400 5193 3415 5239 ;
3439 5185 3495 5230 et

237 5291 539 5347 novissima
562 5285 737 5358 Lugd.
773 5284 932 5349 1672,
968 5291 1102 5336 tom.
1135 5279 1230 5342 XI,
1259 5292 1389 5346 pag.
1414 5274 1572 5336 1019,
1602 5271 1792 5343 [etiam
1829 5268 1884 5322 in
1918 5266 2169 5323 Galland.
2202 5265 2343 5319 Bibl.
2382 5265 2486 5319 PP.
2515 5271 2651 5317 tom.
2693 5261 2788 5317 Xll
2810 5302 2824 5326 ,
2858 5277 2979 5332 pag.
3022 5261 3056 5315 5
3100 5277 3255 5333 seqq.
3304 5261 3489 5317 Isaaci

238 5386 366 5458 Syri
389 5387 561 5459 presb.
589 5385 719 5441 Ant.
754 5382 884 5436 liber
911 5379 974 5433 de
998 5383 1297 5446 contemptu
1319 5372 1525 5435 mundi,
1552 5371 1768 5433 Latine,
1802 5383 1940 5420 nunc
1981 5365 2269 5418 recensitus
2313 5360 2654 5433 pluribusque
2694 5361 2748 5413 in
2790 5358 2916 5413 locis
2945 5360 3218 5412 restitutus
3266 5358 3492 5448 legitur,

235 5447 487 5549 prolegg.
518 5483 705 5531 autem
746 5491 803 5545 p.
834 5489 912 5537 ut,
941 5469 1209 5526 tribuitur
1248 5465 1477 5522 Ninives
1505 5462 1769 5532 episc0po
1797 5454 1892 5528 11.]
1925 5454 2319 5525 opusculorum
2346 5452 2463 5506 sive
2498 5465 2819 5529 sermonum
2844 5453 3214 5504 asceticorum
3251 5447 3490 5515 farrago,

237 5544 527 5627 nescio'an
549 5586 615 5627 ex
642 5570 893 5641 Syriaco,
917 5584 1010 5632 an,
1034 5566 1178 5636 quod
1204 5562 1380 5633 magis
1403 5557 1761 5620 crediderim,
1784 5571 1851 5611 ex
1874 5553 2065 5609 Graeco
2082 5565 2262 5614 versa,
2287 5547 2768 5619 quaeinscribitur,
2792 5544 2850 5601 S.
2871 5546 3047 5601 Isaaci
3072 5544 3194 5615 Syri
3215 5552 3263 5597 et
3284 5544 3497 5615 presby-

238 5668 343 5722 teri
366 5636 761 5721 Antiocheni'de
782 5672 1078 5733 contemptu
1109 5657 1311 5720 mundi,
1338 5656 1401 5709 de
1421 5653 1725 5725 operatione
1748 5645 2016 5718 corporali
2043 5653 2090 5698 et
2109 5644 2193 5698 sui
2213 5642 2507 5712 abjectione
2534 5640 2665 5695 liber
2683 5640 2760 5711 (a)
2776 5639 2862 5695 Jo.
2885 5638 3128 5693 Iacobus
3144 5636 3409 5707 Grynaeus
3440 5639 3495 5691 in

312 5805 392 5875 (a)
437 5802 597 5859 Conf.
633 5801 892 5857 Lambec.
939 5797 1116 5867 quiin
1149 5795 1263 5849 vol.
1309 5793 1371 5875 κς,
1410 5806 1468 5861 p.
1657 5802 1812 5855 seqq.
1920 5782 2094 5875 functi
2113 5780 2288 5875 [sacci
2305 5777 2448 5859 Syri,
2469 5778 2673 5859 abbatis
2708 5784 2758 5829 et
2784 5770 3291 5875 apacligretw,_qgi,
3324 5779 3387 5823 ut
3416 5770 3496 5822 ait

1326 5839 1809 5925 '1‘,rvcoulinent‘ur
1920 5851 2205 5928 Lambec.,
2252 5839 2368 5904 [ιιἱὶ
2396 5849 2692 5917 episcopus
2748 5846 2905 5900 urbis
2951 5839 3491 5908 Ninevi,'Sermoncs
