4112 6552
495 441 600 507 801
1009 477 1014 482 .
1770 431 1832 492 s.
1874 429 2191 490 ISAACUS
2229 429 2491 489 svnus.
3642 426 3754 494 303

494 557 650 612 ribus
677 553 928 610 ﬂoruisse
955 549 1190 607 traditur
1204 545 1344 602 Mar.
1368 540 1861 614 Isaac,'discipulus
1888 542 2030 596 Mar.
2058 541 2362 610 Ephraimi,
2396 537 2710 593 Sermonum
2730 539 3149 610 rhythmicorum
3179 545 3367 594 auctor
3395 553 3416 595 :
3437 552 3562 609 qum
3578 539 3752 603 verba

493 651 564 706 dc
581 645 1059 706 Isaaco’Gennadii
1087 641 1412 713 accipienda
1451 639 1601 695 haud
1650 638 1818 694 dubie
1857 645 2009 702 sunt,
2044 644 2102 690 et
2144 635 2473 706 Ephrtemus
2497 632 2889 706 intelligendus
2931 632 3403 691 celebratissimus
3425 633 3520 691 ille
3552 642 3612 691 et
3664 633 3757 690 in-

492 741 669 812 signis
690 739 983 795 sanctitate
1012 733 1305 806 presbyter
1327 732 1644 788 Edessenus
1681 729 1782 802 (ᾳ),
1811 728 1907 798 qui
1937 742 1989 781 a.
2037 725 2100 781 C.
2133 726 2240 781 575
2261 725 2400 780 obiit
2431 742 2447 780 :
2476 739 2611 791 non,
2647 733 2710 781 ut
2738 725 3022 782 Tentzelio
3074 736 3209 782 tom.
3257 727 3328 794 Il,
3388 727 3530 785 Diu.
3573 729 3758 786 select.

493 849 553 905 p.
583 835 708 900 “5,
739 833 968 904 placuit,
995 830 1321 900 Ephmmus
1357 821 1745 878 Antiocheuus
1791 818 2106 890 patriarcha
2151 832 2204 872 a.
2257 815 2362 872 546
2419 816 2738 874 defunctus.
2787 818 2924 874 Nam
2976 819 3196 877 Isaacus
3225 821 3320 878 ille
3362 837 3396 878 ι
3443 823 3757 891 Gennadio,

493 931 680 988 Leone
705 939 762 987 et
790 929 1090 1001 Maioriano
1116 920 1522 995 imperantibus
1560 925 1816 972 mortuus
1843 915 2014 971 fuisse
2049 914 2310 981 traditur,
2335 914 2508 986 quia.
2537 914 2600 971 C.
2631 915 2736 970 457
2772 915 3048 986 imperare
3083 924 3394 987 cmperunt.
3428 915 3589 972 Fas.

562 1022 701 1078 Cum
734 1022 942 1082 lsaaco.
969 1018 1294 1090 presbytero
1316 1013 1684 1077 Antiocheno,
1708 1028 1739 1067 a
1777 1012 1966 1067 multis
1992 1009 2352 1066 confunditur
2397 1009 2550 1067 Isaac
2575 1009 2794 1078 Senior,
2831 1027 2998 1082 quem
3045 1027 3182 1069 vero
3225 1029 3294 1069 ex
3327 1021 3557 1070 auctore
3615 1012 3759 1084 Syro

493 1116 633 1172 Vitae
661 1114 838 1170 sancti
865 1110 1163 1183 Ephrsemi,
1203 1109 1298 1178 qui
1323 1107 1488 1176 hujus
1517 1103 1809 1173 discipulis
1835 1103 1988 1158 illum
2017 1102 2263 1157 lsaacum
2299 1110 2577 1168 accenset,
2630 1102 2686 1158 in
2743 1102 2870 1160 cod.
2915 1102 3182 1160 Nitriensi
3207 1097 3252 1155 Ὺ
3285 1100 3554 1158 discernit
3592 1104 3759 1162 Asse-

493 1225 680 1264 mann.
703 1209 760 1262 in
784 1205 925 1262 Bibl.
955 1205 1158 1260 Orient.
1188 1203 1231 1257 Ι.
1258 1217 1380 1272 cap.
1412 1202 1468 1266 7,
1492 1216 1549 1270 p.
1582 1200 1690 1256 I65
1721 1215 1877 1269 seqq.
1909 1207 1966 1254 et
2001 1207 2194 1253 contra
2230 1198 2534 1254 Suﬂ'ridum
2581 1199 2731 1255 Petri
2755 1198 3246 1263 Leovardiensem,
3273 1199 3364 1254 cui
3402 1198 3458 1254 in
3491 1201 3642 1256 notis
3685 1201 3757 1256 ad

492 1301 838 1357 Gennadium
871 1301 918 1355 is
943 1299 1196 1354 ﬂoruisse
1221 1295 1443 1350 videtur
1468 1294 1604 1350 circ.
1635 1309 1726 1349 an.
1761 1293 1888 1360 450,
1940 1293 2106 1350 ducet
2155 1309 2285 1348 eum
2327 1293 2583 1350 ﬂoruisse
2639 1295 2787 1352 circa
2826 1311 2880 1352 a.
2932 1291 3058 1363 580,
3111 1295 3241 1352 add.
3293 1297 3460 1367 paulo
3509 1297 3650 1353 infra
3685 1300 3758 1354 de

493 1394 683 1449 lsaaco
719 1409 787 1448 ex
813 1391 1042 1447 Iudaeis.
1070 1390 1237 1446 ΒΑΜ..

563 1488 720 1543 Alius
748 1487 940 1558 junior
964 1487 1182 1542 Isaacus
1212 1483 1382 1555 Syrus
1400 1482 1663 1538 laudatur
1682 1497 1713 1536 a
1747 1481 2018 1552 Gregorio
2044 1481 2262 1552 Magno,
2295 1481 2398 1538 lib.
2424 1497 2482 1538 ιιι
2509 1481 2791 1554 Dialogor.
2826 1498 2950 1554 cap.
2977 1482 3066 1546 II,
3098 1481 3191 1537 ubi
3222 1483 3301 1537 ait
3329 1497 3458 1538 eum
3485 1483 3554 1538 de
3581 1483 3758 1556 Syriae

489 1579 742 1650 partibus
775 1577 844 1632 ad
886 1576 1234 1646 Spoletanam
1266 1579 1466 1634 urbem
1494 1579 1736 1644 venisse,
1762 1587 1819 1634 et
1847 1577 1915 1632 ad
1951 1588 2200 1633 extrema
2227 1593 2370 1648 pene
2405 1577 2717 1634 Gothorum
2750 1584 2999 1648 tempora
3044 1575 3122 1631 ibi
3163 1586 3446 1632 versatum
3475 1591 3621 1643 esse,
3649 1578 3759 1635 hoc

487 1679 594 1736 est,
623 1671 691 1726 ad
718 1670 963 1725 medium
1001 1686 1178 1740 usque
1206 1673 1472 1727 saeculum
1497 1680 1750 1736 sextum;
1780 1670 2090 1740 prophetiae
2122 1685 2344 1741 quoque
2381 1671 2581 1741 spiritu
2607 1685 2672 1726 ac
2713 1669 3000 1724 miraculis
3031 1670 3241 1725 clarum
3296 1671 3487 1736 refert,
3523 1681 3579 1724 et
3609 1672 3758 1728 hanc

486 1769 606 1839 ejus
637 1767 880 1823 celebrat
911 1767 1244 1822 sententiam
1281 1787 1295 1821 :
1327 1767 1637 1831 Monachus,
1666 1767 1757 1838 qui
1782 1768 1836 1820 in
1863 1775 2007 1820 terra
2038 1767 2385 1837 possessiones
2412 1768 2623 1838 quwrit,
2659 1765 2944 1820 monachus
2991 1781 3095 1821 non
3127 1776 3201 1822 est
3239 1765 3333 1839 (r).
3376 1766 3600 1824 Huncce
3627 1783 3758 1824 esse

484 1869 766 1917 auctorem
790 1861 1032 1926 illorum,
1060 1861 1128 1916 de
1153 1861 1362 1932 quibus
1391 1862 1528 1927 dixi,
1568 1861 1988 1932 opusculorum,
2037 1862 2253 1917 malunt
2291 1861 2571 1918 Aubertus
2605 1862 2825 1918 Miratus
2866 1861 3015 1917 notis
3046 1861 3116 1916 ad
3162 1861 3535 1927 Gennadium,
3591 1861 3759 1915 Lam-

485 1955 698 2020 becius,
753 1957 818 2022 ν,
851 1973 906 2026 p.
950 1957 1020 2010 74
1070 1973 1226 2028 seqq.
1285 1959 1375 2027 (s).
1419 1958 1655 2022 Caveus,
1707 1957 1938 2028 aliique.
1998 1957 2107 2013 Sed
2141 1974 2253 2013 non
2289 1958 2454 2013 video
2496 1959 2700 2028 quibus
2744 1956 3086 2027 argumentis
3133 1957 3465 2014 Lambecius
3507 1958 3756 2024 evincat,

485 2049 732 2104 lsaacum
772 2050 924 2105 hunc
946 2050 1196 2122 Gregorii
1235 2052 1418 2124 Magni
1463 2053 1722 2108 eumdem
1750 2069 1872 2108 esse
1896 2068 2021 2108 cum
2052 2053 2240 2108 lsaaco
2268 2052 2529 2122 episcopo
2581 2049 2738 2105 urbis
2765 2050 3013 2116 Ninives,
3057 2065 3220 2123 quem
3248 2065 3440 2105 verum
3471 2065 3595 2104 esse
3650 2065 3758 2103 au-

487 2151 694 2198 ctorem
719 2143 1113 2214 opusculorum
1148 2146 1396 2211 illorum,
1428 2163 1540 2202 non
1568 2149 1900 2218 permittunt
1939 2147 2197 2202 dubitare
2228 2148 2470 2211 codices,
2524 2146 2619 2216 qui
2660 2145 2846 2200 adhuc
2876 2151 3204 2214 supersunt,
3237 2141 3448 2214 Syriaci
3494 2152 3550 2195 et
3577 2141 3758 2196 Graeci

485 2234 810 2289 eorumdem
850 2251 955 2291 ms.
983 2235 1172 2292 llebed
1213 2238 1345 2293 Jesu
1379 2239 1435 2292 in
1463 2238 1727 2309 Catalogo
1766 2239 2035 2293 librorum
2077 2237 2487 2301 Chaldaaorum,
2514 2253 2570 2307 p.
2605 2236 2710 2300 29;
2751 2235 2908 2291 Isaac
2949 2235 3188 2290 Ninivita
3213 2243 3412 2304 septem
3459 2234 3760 2303 composuit

486 2338 652 2383 tomos
699 2328 773 2382 De
821 2331 1077 2400 regimine
1103 2333 1349 2401 spiritus,
1389 2332 1468 2386 De
1517 2334 1709 2388 divinis
1740 2334 2026 2403 mysteriis,
2061 2331 2138 2386 De
2186 2331 2408 2386 Iudiciis
2444 2339 2493 2384 et
2530 2330 2747 2402 politica
2780 2329 2868 2400 (t).
2904 2327 2964 2383 ln
3006 2325 3201 2382 codice
3233 2325 3423 2381 Graeco
3451 2323 3710 2380 (ἔδεαι-ρο
3737 2340 3756 2378 :

485 2421 594 2476 Τοῦ
622 2424 680 2475 ὲν
707 2423 884 2488 ἁγίοις
909 2425 1121 2495 Πατρδς
1146 2427 1178 2496 ἡ
1189 2427 1306 2494 μῶν
1331 2427 1476 2482 ἀσόᾶ
1511 2429 1700 2483 Ἰσαὰκ
1723 2429 1894 2497 Σύρου
1935 2428 2029 2482 καὶ
2072 2413 2429 2498 ἀνάχωρητοῢ
2459 2425 2554 2479 τοῦ
2587 2423 2886 2494 γενομένου
2915 2421 3218 2476 ἐπισκόπου
3247 2419 3348 2489 τῆς
3375 2418 3762 2489 φιλοχρίστον-

487 2513 693 2578 πόλεως
723 2515 771 2567 Ν
778 2515 910 2568 ινευῒ
933 2515 1078 2584 λόγοι
1116 2518 1423 2586 ἀσκητικοὶ,
1455 2520 1771 2590 εὐρεθέντες
1801 2520 1906 2574 ὑπὸ
1927 2519 2038 2572 τῶν
2065 2517 2228 2571 ὁσίων
2259 2517 2522 2587 Πατέρων
2543 2515 2700 2586 ἡμῶν
2725 2512 2822 2568 τοῦ
2849 2513 2995 2568 ἀόϐἄ
3040 2511 3338 2583 Πατρικῐου
3373 2512 3468 2564 καὶ
3527 2509 3621 2563 τοῦ
3654 2509 3758 2563 ἀϐ-

485 2608 559 2663 σᾶ
613 2610 932 2681 Ἀσραμεου,
994 2611 1104 2666 τῶν
1153 2611 1460 2683 φιλοσόφων
1527 2615 1606 2684 (u)
1674 2615 1772 2668 καὶ
1843 2612 2195 2684 Ἡσυχαστῶν
2249 2613 2305 2665 ἐν
2331 2614 2398 2682 τῇ
2458 2609 2634 2681 λαύρα
2667 2608 2762 2662 τοῦ
2788 2610 2844 2661 ὲν
2875 2608 3050 2676 ἁγίοις
3085 2607 3298 2678 Πατρδς
3333 2604 3490 2676 ἡμῶν
3545 2603 3756 2657 Σάσσα.

485 2698 800 2755 Occurrunt
830 2701 904 2755 ibi
933 2700 1120 2758 Graece
1146 2702 1426 2760 Sermones
1489 2709 1702 2762 ascetici
1733 2719 1931 2780 septem
1973 2717 2024 2762 et
2084 2709 2379 2779 octoginta,
2427 2721 2494 2762 ex
2541 2705 2767 2776 quibus,
2808 2703 3106 2758 Lambecio
3155 2712 3409 2766 notante,
3463 2717 3757 2758 sermones

484 2796 704 2868 priores
732 2798 1133 2869 quinquaginta
1158 2808 1272 2856 tres
1303 2812 1456 2868 sunt,
1491 2804 1588 2874 qui
1617 2805 1771 2859 velut
1799 2820 1945 2861 unus
1989 2804 2132 2860 liber
2154 2803 2232 2858 De
2256 2812 2560 2874 contemptu
2613 2801 2798 2855 mundi
2828 2799 3025 2855 Latine
3061 2799 3165 2855 sub
3192 2799 3367 2854 lsaaci
3418 2798 3756 2854 Autiocbeni

484 2889 795 2961 presbyteri
826 2891 1051 2946 nomine
1091 2892 1145 2947 in
1169 2893 1530 2952 Bibliothecis
1551 2898 1778 2952 Patrum
1819 2906 2104 2968 utcunque
2129 2899 2434 2969 leguntur;
2476 2896 2626 2967 quod
2673 2895 2914 2966 elogium
2963 2894 3303 2950 Antiocheni
3339 2897 3657 2966 presbyteri
3685 2913 3756 2952 ex

483 2981 769 3038 Gennadio
795 2983 1043 3039 additum
1078 2986 1350 3046 credibile
1372 3000 1457 3046 est
1491 2991 1665 3058 abeo,
1690 2992 1785 3062 qui
1813 2992 2070 3048 eumdem
2116 2993 2386 3057 lsaacum,
2413 2992 2481 3048 de
2514 3007 2626 3062 quo
2649 2989 2996 3054 Gennadius,
3027 2995 3318 3043 auctorem
3344 3003 3469 3043 esse
3509 3004 3622 3043 non
3651 2989 3759 3043 du-

483 3077 648 3138 bitat.
678 3081 849 3136 Primi
884 3082 1163 3138 sermonis
1224 3081 1282 3136 in
1320 3081 1510 3138 Graeco
1544 3083 1638 3140 hic
1665 3090 1750 3138 est
1801 3085 1996 3140 titulus
2028 3102 2041 3138 :
2086 3085 2107 3136 'l

2133 3083 2192 3138 οὗ
2218 3083 2364 3137 ὁσίου
2421 3082 2633 3152 Πατρδς
2686 3080 2844 3151 ἡμῶν
2901 3079 3087 3134 Ἰσαὰκ
3126 3076 3222 3131 τοῦ
3262 3076 3615 3148 ἀναχωρητοῦ
3659 3079 3757 3134 καὶ

482 3173 727 3245 ἀσκητοῦ
748 3175 842 3230 τοῦ
874 3175 1046 3248 Σύρου
1087 3176 1244 3246 λόγος
1279 3178 1405 3249 περὶ
1435 3179 1716 3249 ἀπταγῆς
1748 3179 1840 3232 καὶ
1889 3177 2187 3249 μοναχικῆς
2213 3177 2507 3239 πολιτείας.
2539 3175 2742 3246 Incipit
2775 3191 2790 3227 :
2819 3172 3013 3246 Ψυχὴν
3037 3176 3070 3246 ή
3095 3175 3189 3229 τὸν
3232 3174 3365 3228 Θεὸν
3402 3175 3673 3242 ἀγαπῶσα
3698 3179 3758 3230 ἐν

483 3269 563 3340 τῷ
586 3269 708 3340 Θεῷ
733 3271 828 3324 καὶ
853 3270 999 3340 μόνῳ
1017 3269 1117 3339 τὴν
1143 3269 1450 3324 ἀνάπαυσιν
1481 3269 1770 3339 κέκτηται.
1813 3268 2105 3339 Προκατάλ

2133 3267 2206 3321 ιϐε
2235 3269 2383 3322 λύειν
2413 3268 2589 3321 πάντα
2623 3268 2919 3336 σύνδεσμον
2970 3274 3078 3322 etc.
3111 3265 3577 3338 Quadragesimus
3641 3267 3757 3339 pri-

485 3370 612 3411 mus
644 3357 968 3412 inscribitur
1000 3373 1013 3408 :
1046 3357 1182 3428 Περὶ
1201 3356 1485 3426 ὑπομονῆς
1509 3357 1609 3427 τῆς
1642 3358 1784 3429 ὑπὲρ
1807 3360 1909 3428 τῆς
1939 3359 2161 3429 ἀγάπης
2215 3359 2310 3412 τοῦ
2358 3357 2494 3412 Θεοῦ
2536 3358 2631 3412 καὶ
2658 3359 2776 3422 πῶς
2828 3356 3114 3428 ἀντίληψις
3160 3355 3473 3428 εὑρίσκεται
3501 3359 3559 3410 ὲν
3591 3358 3754 3427 αὐτῇ,

484 3449 644 3518 λόγος
684 3451 782 3522 μά.
855 3449 1095 3520 Incipit:
1136 3451 1267 3504 ὅταν
1316 3451 1709 3522 καταφρονήσῃ
1745 3451 2030 3522 ἄνθρωπος
2065 3452 2258 3507 τούτου
2326 3452 2422 3506 τοῦ
2473 3453 2704 3524 κόσμου,
2732 3453 2828 3508 καὶ
2873 3451 3151 3523 σπουδάσῃ
3182 3453 3264 3514 εις
3316 3451 3410 3505 τὸν
3447 3453 3612 3521 φόϐον
3658 3453 3756 3507 τοῦ

486 3545 645 3602 Θεοῦ.
675 3547 735 3603 In
761 3546 1088 3602 Bibliotheca
1113 3545 1469 3612 Coisliniana,
1504 3561 1562 3616 p.
1593 3546 2146 3610 5l2,blontlauconus
2183 3557 2452 3604 memorat
2473 3544 2720 3604 codicem
2753 3547 2923 3603 lsaaci
2954 3546 3076 3620 Syri
3109 3549 3463 3605 anachoreta:
3507 3550 3756 3623 episcopi

485 3643 715 3700 Ninives
739 3659 1060 3699 sermonum
1089 3646 1455 3699 asceticorum
1493 3643 1584 3698 92.
1632 3643 1857 3699 Initium
1887 3645 2051 3714 primi
2078 3660 2109 3700 e

2133 3653 2209 3701 ιιι
2257 3645 2316 3698 ‘0
2349 3645 2511 3715 φόϐος
2555 3643 2651 3699 τοῦ
2687 3643 2824 3698 Θεοῦ
2854 3643 3000 3716 ἀρχὴ
3047 3645 3272 3716 ἀρετῆς.
3309 3645 3371 3700 In
3409 3647 3757 3717 marginibus

485 3735 696 3792 scholia
717 3752 785 3792 ex
817 3735 980 3792 dictis
1005 3735 1091 3791 vel
1123 3736 1346 3807 scriptis
1365 3735 1665 3801 Anastasii,
1689 3735 1970 3800 Antiochi,
2011 3734 2259 3800 Antonii,
2293 3734 2533 3802 Arsenii,
2576 3734 2896 3799 Athanasii,
2945 3734 3334 3804 Barsanuphii,
3361 3735 3572 3800 Basilii,
3622 3737 3758 3792 Bul-

485 3833 605 3904 gari
633 3832 1098 3906 (Theophylacti),
1124 3831 1376 3888 Curionis
1403 3832 1642 3898 abbatis,
1669 3831 1974 3902 Carpathii,
2004 3832 2236 3887 Joannis
2264 3829 2664 3902 Chrysostomi,
2714 3829 2945 3885 Joannis
2988 3827 3238 3893 Climaci,
3273 3826 3503 3898 Copres,
3536 3828 3752 3900 Cyrilli,

486 3926 775 3990 Diadochi,
808 3927 1091 3994 Dorothei,
1117 3925 1415 3998 Ephraemi,
1446 3925 1643 3989 Esaiae,
1671 3924 1913 3995 Evagrii,
1960 3923 2211 3994 Gregorii
2247 3923 2513 3994 Theologi
2533 3963 2549 3988 ,
2583 3921 2866 3993 Hesychii,
2898 3920 3126 3977 Joannis
3173 3919 3452 3983 monachi,
3501 3921 3751 3992 Iosephi,

488 4021 706 4086 lsidori,
737 4021 972 4092 Longini
1018 4021 1255 4086 abbatis,
1300 4020 1544 4086 Macarii,
1572 4019 2026 4083 Marci,'lllaximi,
2052 4019 2182 4084 Nili,
2213 4018 2454 4074 Nistheri
2485 4017 2720 4082 abbatis,
2777 4016 2925 4073 Petri
2955 4012 3194 4079 abbatis,
3229 4012 3287 4068 S.
3319 4013 3463 4068 Petri
3514 4014 3753 4069 Alexan—

481 4108 656 4174 driui,
689 4110 984 4176 Pmmenis,
1007 4107 1194 4165 Sisoes
1219 4109 1457 4173 abbatis,
1488 4107 1798 4179 Symeonis,
1829 4107 2125 4173 Thalassii,
2159 4107 2438 4163 Theodori
2477 4107 2632 4171 noni,
2668 4106 2953 4178 Zegadini,
2987 4105 3239 4160 Zosimae.
3271 4104 3450 4159 Etiam
3504 4103 3561 4157 in
3606 4104 3744 4160 bibl.

485 4199 786 4256 Bodleiana
812 4199 959 4256 inter
984 4199 1208 4256 codices
1249 4199 1642 4264 Baroccianos,
1675 4205 1764 4254 est
1807 4197 1978 4252 lsaaci
2005 4198 2128 4270 Syri
2171 4197 2250 4252 De
2282 4200 2544 4270 regimine
2591 4199 2932 4253 novitiorum.
2962 4197 3164 4268 Incipit
3201 4239 3213 4251 .
3245 4195 3393 4266 Αὕτη
3423 4195 3458 4265 ἡ
3491 4195 3749 4266 σώφρων.

485 4437 702 4516 syllabb'
731 4455 1003 4518 _constet,
1056 4454 1114 4502 et
1157 4445 1517 4518 probabilius
1547 4446 1723 4500 Balzeo
1772 4443 1908 4518 Syro
1966 4442 2063 4514 qui
2169 4453 2226 4502 et
2248 4443 2313 4518 V7.
2342 4460 2466 4518 quae
2496 4461 2660 4516 supra
2698 4448 2766 4518 de
2796 4447 2905 4518 hoc
2929 4445 3054 4518 cod.
3079 4445 3341 4518 ascripsi.
3357 4447 3524 4503 Haec.

485 4513 685 4587 cuncta
723 4515 839 4587 lere
860 4531 959 4571 sua
997 4513 1176 4587 opera’
1204 4516 1525 4587 huiusmodi
1558 4527 1732 4570 metro
1764 4513 2063 4585 alligasset,
2188 4585 2195 4587 7
2243 4513 2307 4585 (t)
2342 4513 2400 4569 In
2431 4513 2754 4587 Asseinanni
2787 4515 2924 4571 Bibl.
2951 4516 3066 4582 0r.,
3111 4513 3244 4571 tom:
3280 4517 3368 4582 Ill,
3398 4533 3453 4587 p.
3491 4517 3620 4582 104,
3651 4519 3748 4577 ubi

486 4585 877 4656 tribuendum.
960 4654 967 4656 7
1037 4585 1050 4587 ἡ
1167 4654 1173 4656 _
1232 4585 1293 4656 ς
1363 4654 1370 4656 7
1642 4651 1681 4656 _
1817 4652 1848 4656 _7
1894 4654 1902 4656 7
2171 4585 2484 4656 Asse7m.,in
2526 4588 2672 4641 notis
2703 4589 2738 4642 5
2775 4595 2830 4642 et
2854 4588 2909 4652 4,
2946 4587 3103 4656 plura
3138 4587 3206 4641 de
3228 4603 3296 4642 eo
3320 4585 3622 4643 adnotavit.
3648 4588 3752 4644 Se-

557 4656 695 4726 VII.)
721 4655 788 4722 Ν,
815 4655 904 4722 75,
941 4654 1184 4724 Assem.)
1223 4654 1299 4708 De
1338 4654 1512 4709 Adam
1550 4663 1600 4707 et
1634 4651 1749 4708 Eva
1799 4652 2071 4724 dialogus,
2175 4655 2417 4726 cundum
2442 4656 2596 4710 illum
2629 4656 2794 4726 igitur
2841 4651 3041 4712 claruit
3064 4668 3301 4710 exeunte
3332 4659 3531 4712 saeculo
3566 4667 3745 4712 sexto.

483 4724 787 4796 s.se7rmo.7
883 4794 895 4796 7
966 4793 973 4796 7
1169 4793 1177 4796 _
1244 4792 1264 4796 _
1398 4793 1407 4796 7
1462 4792 1472 4796 _
1619 4791 1645 4796 _
1691 4795 1700 4796 7
1834 4792 1844 4796 7
1971 4793 2005 4796 __
2173 4724 2354 4796 7O7pera
2377 4727 2556 4796 ejuse
2593 4724 2816 4796 Syriaco
2857 4741 3114 4781 sermone
3156 4741 3265 4780 non
3296 4727 3462 4796 modo
3509 4729 3562 4782 in
3608 4729 3751 4782 Ara-

554 4795 719 4868 νιιι)
743 4795 810 4868 Ν.
835 4794 923 4868 707.
949 4793 1193 4868 Assem.)
1237 4792 1312 4847 De
1341 4792 1472 4868 Abel
1513 4803 1560 4847 et
1605 4791 1767 4868 Cain,
1803 4792 1918 4848 sive
1954 4793 2074 4868 d7i7a-
2128 4861 2137 4868 _
2174 4791 2358 4868 bicum
2392 4791 2649 4868 translata
2683 4806 2843 4868 sunt:
2877 4796 2972 4850 sed
3000 4797 3174 4868 etiam
3211 4795 3552 4868 in7Grtecum
3585 4813 3613 4850 a
3649 4798 3750 4852 Pa-

483 4864 643 4936 logus
662 4863 820 4928 Cain,
843 4865 979 4920 Abel
1009 4873 1065 4920 et
1099 4864 1219 4919 Dei.
1253 4892 1322 4903 -
1351 4863 1674 4934 Sequuntur
1719 4864 1906 4932 plures
1949 4864 2071 4917 alia:
2128 4863 2137 4868 ⁷
2176 4865 2334 4936 tricio
2361 4874 2418 4936 et
2444 4864 2777 4920 Abrahamio
2800 4865 3087 4936 monachis
3116 4865 3172 4920 S.
3204 4865 3380 4929 Sabaa,
3409 4867 3504 4934 qui
3537 4876 3746 4929 tamen,

482 4933 627 5006 orat.
649 4945 708 4990 et
727 4949 1058 5006 paraeneses.
1119 5003 1128 5006 7
1354 5001 1368 5006 _
1446 4933 1453 4934 7
1831 5000 1880 5006 __
1966 5001 1980 5006 _
2054 5001 2066 5006 7
2175 4933 3152 5006 utaitAssemapnuuonintegros
3181 4945 3389 5004 septem
3430 4933 3619 5006 toruos
3644 4939 3751 5006 (tot

554 5003 615 5060 In
648 5000 773 5059 cod.
819 5003 1130 5075 Musqueusi
1197 5001 1394 5075 synorl.
1443 5019 1496 5067 v,
1537 5009 1623 5075 est
1669 5016 1788 5075 sec.
1831 5000 2069 5075 Matthxi
2172 5003 2318 5075 enim
2370 5013 2546 5058 tomos
2573 5004 2642 5075 ab
2674 5004 2860 5075 lsaaco
2896 5000 3136 5059 Ninivita
3175 5000 3512 5075 compositos
3552 5000 3747 5069 fuisse,

483 5071 658 5145 Notit.
699 5089 831 5145 mss.
866 5071 971 5129 Gr.‘
1014 5075 1195 5145 Mosq._
1228 5071 1284 5144 ᾗ).
1313 5074 1398 5145 18.
1423 5089 1494 5145 77n.
1531 5071 1622 5126 24.
1653 5071 1743 5145 ed.
1777 5072 1831 5145 in
1872 5072 1925 5145 87.
1973 5072 2069 5145 τος)
2173 5073 2440 5145 scriptum
2490 5082 2575 5128 est
2611 5074 2666 5145 in7
2715 5074 2888 5129 Catal.
2917 5075 3109 5129 libror.
3164 5071 3353 5145 Syror.
3403 5075 3746 5145 Ebedjesu);

486 5143 653 5214 ἁγίου
697 5144 978 5214 Ἰσαάιιίὸ
1017 5141 1261 5214 spissae.
1319 5143 1625 5214 ‘tobpveov,
1679 5143 1744 5193 ὲκ
1793 5141 2071 5214 ἐκείνῳτῷ

2173 5141 2906 5214 εθάεετηιοηθεάυηιαχοι
2945 5145 3015 5199 98
3064 5141 3406 5214 interpretati
3452 5141 3612 5211 sunt;
3655 5141 3751 5198 ex-

486 5213 666 5284 ξιςιιρῴ
690 5228 704 5243 ο
747 5214 805 5268 in
841 5213 1028 5268 indice
1053 5212 1294 5269 refertur
1332 5212 1400 5267 ad
1438 5212 1688 5266 lsaacum
1732 5212 2066 5266 monachum.
2172 5221 2428 5284 stantque
2456 5227 2590 5267 mss.
2618 5213 2674 5267 in
2702 5213 2836 5268 bibl.
2875 5214 3155 5284 Vaticana,
3208 5212 3276 5268 ex
3321 5214 3527 5283 quibus
3581 5215 3752 5284 quiu-

486 5281 685 5354 Iisnt.
1200 5352 1207 5354 7
1289 5352 1299 5354 7
1460 5351 1474 5354 _
1518 5351 1527 5354 _
1897 5350 1937 5354 _
1960 5349 1975 5354 _
2171 5283 2432 5354 quaginta
2463 5292 2576 5354 tres
2603 5283 2707 5337 sub
2738 5283 2918 5345 titulo,
2949 5283 3092 5338 Libri
3120 5284 3184 5337 de
3215 5281 3515 5354 contemptu
3543 5281 3747 5348 mundi,

557 5353 632 5424 (ιι)
667 5353 838 5409 Isaac.
867 5353 1053 5424 presb.
1084 5352 1416 5424 Antiochea.
1452 5351 1626 5424 fuisse
1652 5365 1854 5424 genere
1897 5349 2070 5406 Edes-
2171 5349 2364 5424 Latine
2394 5351 2719 5424 prodierunt
2743 5354 2826 5421 (ut
2849 5369 3070 5424 quoque
3099 5369 3265 5422 supra
3288 5369 3322 5424 7e
3354 5349 3650 5424 Lambecio
3680 5356 3750 5410 ad

483 5420 703 5489 senum,
749 5420 918 5479 tradit
964 5424 1162 5493 Georg.
1206 5423 1526 5493 Elmaciuus
1584 5420 1916 5493 Ilo‘rmaidus
1945 5437 2065 5493 7ap.
2171 5420 2415 5493 lsaacum
2439 5420 2840 5476 Antioclienum
2870 5420 3328 5491 observavimus).
3358 5423 3494 5476 Tum
3522 5423 3752 5478 adnotat

486 5493 772 5549 Asseman.
801 5495 859 5561 in
885 5493 1020 5548 Bibl.
1048 5489 1252 5548 Orient.
1287 5493 1328 5556 l,
1359 5509 1412 5562 p.
1431 5492 1558 5558 208,
1580 5491 1716 5546 ibid.
1741 5501 1923 5563 tamen
1943 5489 2070 5545 Dio-
2169 5489 2380 5553 Assem,
2405 5508 2480 5563 ex_
2500 5495 2814 5563 memoratis
2836 5503 3045 5562 septem
3075 5493 3236 5548 tomis
3261 5489 3429 5546 unum
3450 5494 3668 5563 Syriaca
3693 5503 3752 5548 et

487 5563 698 5633 nysius,
746 5560 1120 5620 JacObitarum
1177 5560 1521 5633 patriarcha,
1558 5579 1686 5618 eum
1714 5562 2066 5616 Amidensem
2169 5560 2602 5633 quatuor-_libros
2628 5561 2857 5633 Arabice
2897 5560 3112 5618 exstare
3153 5563 3208 5618 iu
3253 5579 3384 5628 mss,
3414 5560 3548 5616 bibl.
3596 5564 3750 5633 Vati-

486 5630 639 5699 t'acit,
685 5630 798 5690 non
841 5630 1379 5689 Edesscuunillsat.
1496 5701 1504 5702 7
1562 5699 1600 5702 ζ
2169 5647 2337 5702 causa.
2378 5630 2540 5702 llAItL.
2583 5632 2658 5688 De
2690 5632 2873 5687 lsaaco
2913 5633 3049 5702 Syro
3097 5633 3322 5688 Ninives
3359 5634 3638 5702 episcopo.
3661 5632 3745 5688 Cf.

557 5698 632 5775 (ν)
651 5703 850 5775 Sermo
874 5705 1041 5775 lsaaci
1067 5704 1297 5775 7ipsc77cst
1325 5703 1379 5758 in
1409 5699 1788 5775 cod7.7Ta7urin.
1815 5702 1942 5767 531,
1967 5702 2062 5757 fol.
2166 5698 2667 5775 Galland;_l_’ro|cg.
2702 5702 2768 5757 ad
2790 5702 2924 5757 Bibl.
2955 5698 3069 5758 PP.
3101 5703 3218 5775 XII,
3254 5719 3310 5772 p.
3343 5698 3409 5775 ui
3428 5698 3582 5775 seqq.

488 5770 619 5836 201,
648 5774 711 5828 Υ.
745 5774 868 5830 Cat.
894 5774 1018 5829 cod.
1051 5770 1155 5844 cr.
1176 5773 1342 5828 Taur.
1372 5789 1427 5844 p.
1454 5771 1577 5844 478.
1606 5772 1772 5844 "ARL.
2010 5843 2017 5844 7
2176 5770 2318 5844 __(u)
2391 5770 2758 5844 Philosophus
2821 5789 2921 5843 pro
2990 5770 3285 5829 monacho.
3353 5772 3488 5828 Vide
3509 5770 3521 5773 ⁷
3544 5770 3748 5843 Ὀοιιείἰ

565 5843 631 5914 (ε)
660 5845 720 5898 Ρ.
754 5845 853 5916 l5]
888 5860 1044 5916 seqq,
1095 5843 1183 5899 cd.
1224 5839 1426 5900 Iiolla'r.
1482 5842 1550 5898 dc
1582 5843 1707 5908 cod,
1744 5843 1871 5909 255,
1909 5861 1966 5909 ιι,
2003 5843 2058 5911 I;
2166 5839 2408 5896 Glossar.
