4112 6542
303 449 408 513 809
1773 446 1922 510 NOT

1946 448 2100 511 ῙΤΙΑ.
3457 451 3563 516 810

303 560 483 627 Atque
515 555 569 610 in
593 555 716 610 aliis
748 555 1036 611 codicibus
1083 555 1254 612 lsaaci
1301 558 1424 630 Syri
1454 558 1679 629 capita:
1719 559 1927 630 ’Δγάπη

1940 575 2032 613 σον
2050 557 2118 612 τὰ
2153 557 2387 627 πενιχρὰ
2422 555 2611 627 ἱμάτια.
2661 557 2719 610 ὲν
2752 556 3014 626 ὲνδύματί
3049 574 3173 626 σου;
3221 567 3386 628 atque
3434 560 3564 626 alia,

304 664 542 717 quorum
572 647 792 701 initium
836 664 849 699 :
933 646 991 699 Ὀ
1018 647 1244 701 κωλύων
1267 647 1330 702 τὸ
1384 650 1579 719 στόμα.
1638 649 1760 704 Alia
1813 649 1928 704 iten

1944 695 1946 702 .
1977 665 1992 704 :
2020 647 2183 718 Ψυχὴ
2229 649 2263 717 ἡ
2321 646 2414 701 τὸν
2442 646 2576 699 Θεὸν
2623 646 2893 714 ἀγαπῶσα
2943 648 3000 699 ὲν
3042 647 3118 716 τῷ
3143 648 3260 717 Θεῷ
3294 649 3460 719 μόνῳ.
3499 649 3568 706 Ει

303 741 384 794 De
411 749 556 793 motu
581 737 820 808 angelico
844 754 906 792 ac
931 739 1167 810 profectu
1203 741 1398 794 anima:
1420 757 1439 794 :
1464 740 1661 810 Πρώτη
1689 739 1889 794 ἔννοια..
1939 738 2191 800 Homilies
2242 736 2495 792 ascetica:
2543 735 2634 797 99,
2668 751 2737 790 ex
2773 734 3000 806 Syriaco
3043 733 3230 791 Graece
3280 737 3508 793 reddita:
3537 755 3569 794 a

305 827 550 882 Patricio
586 837 642 882 et
669 826 952 890 Abramio,
986 829 1275 884 monachis
1324 829 1648 884 monasterii
1677 829 1735 884 S.
1784 829 1961 885 Sabaa.
2013 827 2153 885 Vide
2211 828 2522 896 eatalogum
2575 841 2706 880 mss.
2763 826 2992 895 Anglize,
3028 843 3080 895 p.
3114 827 3204 892 55,
3234 844 3289 882 ιι.
3344 829 3481 896 256;
3514 841 3572 885 et

304 940 361 993 p.
394 923 484 988 44,
522 924 724 989 0.295,
758 923 851 978 ubi
885 923 1027 977 male
1057 919 1137 973 illi
1164 918 1274 973 duo
1327 919 1681 990 interpretes,
1725 920 2190 991 quemadmodum
2242 928 2300 974 et
2353 919 2500 988 apud
2549 918 2813 982 Caveum,
2865 927 3134 972 vocantur
3163 921 3464 977 Abramius
3514 909 3605 978 ct"

304 1013 644 1068 lsaacius.ln
669 1014 866 1070 eodem
893 1012 1141 1080 catalogo
1175 1026 1229 1078 p.
1265 1010 1386 1074 155,
1421 1011 1659 1066 homilia:
1693 1022 1806 1066 tres
1837 1011 2008 1065 lsaaci
2039 1011 2206 1081 hujus
2230 1010 2451 1081 Syriace
2477 1009 2693 1064 servari
2720 1010 3013 1066 traduntur
3037 1013 3096 1066 in
3128 1013 3320 1069 codice
3347 1014 3573 1071 Thomas

301 1108 515 1163 Bodleii
577 1109 664 1164 72.
737 1108 1005 1163 Memorat
1050 1104 1219 1160 etiam
1271 1103 1624 1170 Lambecius,
1657 1105 1748 1169 IV,
1811 1121 1866 1175 p.

1949 1105 2031 1160 .48
2071 1103 2170 1175 (υ),
2230 1103 2600 1174 fragmentum
2634 1103 2713 1158 De
2732 1104 3052 1173 baptismate
3105 1106 3169 1158 ὲκ
3195 1107 3294 1175 τῆς
3332 1107 3573 1180 μεγάλης

303 1200 597 1269 ἐπιστολῆς
640 1201 825 1254 Ἰσαὰκ
853 1199 950 1253 τοῦ
974 1199 1169 1271 Σύρου.
1207 1201 1404 1271 Incipit
1432 1219 1444 1256 :
1483 1202 1614 1256 Ἰδοὺ
1646 1203 1756 1274 γὰρ
1788 1205 1866 1266 εις
1897 1221 1927 1255 τ

1949 1203 2274 1274 ιβάπτισμα.
2314 1202 2524 1274 δωρεὰν
2572 1204 2862 1271 συγχωρεῖ.
2910 1200 3069 1257 Fann.
3100 1203 3368 1258 Homilias
3415 1220 3573 1261 asce-

305 1289 464 1352 tieas,
505 1289 738 1344 Arabice
768 1288 1024 1358 scriptas,
1054 1299 1112 1344 et
1130 1291 1243 1361 jam
1272 1293 1403 1346 olim
1436 1309 1466 1346 a
1493 1294 1735 1348 Patricio
1778 1303 1836 1348 et
1882 1281 2142 1358 Abramio
2171 1293 2359 1349 Graece
2401 1307 2613 1359 versas,
2665 1291 3011 1362 Nicephorus
3039 1294 3402 1363 Theotokius,
3452 1297 3574 1357 hie.-

303 1382 696 1446 romonachus,
729 1381 905 1437 edidit
932 1392 988 1436 et
1007 1383 1291 1458 inscripsit
1317 1407 1329 1442 :
1363 1389 1469 1442 Τοῦ
1491 1391 1638 1444 ὁσίου
1663 1390 1927 1462 Πατρὺςὴ

1951 1391 2056 1444 ιῶν
2090 1389 2293 1454 Ἰσὰακ,
2317 1389 2615 1444 ἐπισκόπου
2635 1385 2825 1442 Νινευῖ
2846 1389 2941 1441 τοῦ
2975 1389 3169 1462 Σύρου,
3192 1391 3262 1444 τὰ
3285 1392 3575 1464 εὑρεθέντα

306 1475 608 1542 ἀσκητικὰ,
633 1475 923 1548 ἐπιμελείᾳ
953 1479 1294 1554 Νικηφόρου,
1319 1485 1693 1555 ἱερομονάχου,
1727 1484 1930 1554 πρῶτοι

1981 1483 2174 1555 minet;
2211 1482 2519 1546 ἐκδοθέντα,
2553 1481 2773 1552 ιὶρεὶω,
2811 1479 2969 1539 1770.
3003 1486 3053 1540 8.
3080 1485 3223 1542 Usus
3254 1495 3339 1543 est
3394 1489 3575 1545 editor

305 1567 527 1622 duobus
567 1568 880 1624 codicibus.
921 1572 992 1625 At
1030 1589 1141 1630 non
1182 1578 1328 1632 idem
1356 1577 1494 1632 ordo
1526 1585 1612 1633 est
1658 1593 2002 1647 sermonum,
2053 1579 2149 1649 qui
2206 1581 2274 1635 in
2311 1579 2563 1634 Arabicis
2613 1578 2762 1648 apud
2799 1577 3200 1632 Assemannum
3254 1577 3410 1641 ordo,
3471 1595 3576 1635 nec

219 1672 225 1681 '
302 1683 502 1723 omnes
530 1669 764 1724 omnino
792 1669 986 1724 insunt
1016 1671 1074 1726 in
1104 1668 1297 1724 Graeca
1319 1669 1600 1736 versione,
1632 1671 1727 1740 qui
1763 1669 1821 1725 in
1847 1670 2004 1727 libris
2030 1671 2344 1737 Vaticanis;
2389 1669 2640 1740 plerique
2694 1677 2878 1724 tamen
2914 1668 3291 1738 reperiuntur.
3346 1671 3576 1728 Dicendi

305 1771 484 1825 genus
509 1771 631 1810 esse
671 1756 876 1812 dicitur
897 1758 1243 1828 metaphoris
1269 1758 1575 1828 oppletum.
1622 1760 1788 1814 Plura
1816 1758 1884 1814 de
1916 1759 1983 1814 iis
2012 1769 2069 1814 et
2092 1759 2159 1815 de
2183 1759 2431 1814 editione
2466 1761 2617 1831 leges
2645 1759 2702 1813 in
2725 1759 2894 1814 Novis
2932 1759 3086 1814 Actis
3108 1761 3380 1814 cruditor.
3414 1760 3572 1824 1770,

309 1849 434 1903 lun.
472 1865 524 1917 p.
556 1850 682 1913 285,
706 1858 762 1904 et
794 1850 848 1904 in
882 1849 1104 1906 Ernesti
1150 1849 1351 1904 Noviss.
1405 1849 1634 1924 Bibloth.
1667 1851 1895 1922 theolog.
1941 1859 2075 1906 tom.
2113 1851 2333 1921 l,‘part.
2365 1867 2423 1916 ιι,
2458 1868 2513 1921 p.
2551 1851 2810 1906 154-145.
2851 1859 3016 1920 atque
3045 1851 3114 1905 cl.
3171 1851 3377 1905 lllorelli
3429 1851 3570 1910 Bibl.

308 1952 413 1990 ms.
453 1936 547 1990 Gr.
581 1948 636 1992 et
661 1938 780 1992 Lat.
811 1947 942 1993 tom.
971 1939 1012 2003 l,
1034 1955 1088 2008 p.
1118 1938 1208 2000 81,
1237 1938 1306 1992 de
1337 1938 1460 1993 cod.
1498 1939 1688 1994 Venet.
1721 1940 1888 1996 Marc.
1925 1942 2051 2006 127,
2079 1941 2134 1996 in
2167 1957 2277 2011 quo
2318 1951 2614 1997 servantur
2642 1941 2812 1997 lsaaci
2851 1945 2971 2016 Syri
3021 1945 3301 2000 Sermones
3327 1951 3539 2002 (κτειὶεὶ
3556 1966 3574 2014 ;

307 2030 518 2085 Gnece.
544 2063 613 2070 —
640 2032 856 2087 lsaacus
881 2033 1053 2104 Syrus
1077 2033 1335 2088 laudatur
1364 2049 1395 2087 a
1426 2043 1587 2104 poeta
1614 2035 1880 2105 quodam,
1928 2038 2024 2107 qui
2081 2037 2295 2092 iambos
2337 2037 2647 2108 composuit
2695 2039 2752 2091 in
2780 2053 3066 2096 sermones
3113 2039 3210 2096 SS.
3242 2043 3486 2108 Patrum,
3520 2055 3578 2099 et

309 2144 450 2196 quos
482 2129 786 2197 publicavit
812 2130 1145 2188 Amadntius
1177 2132 1232 2186 in
1264 2133 1542 2187 Anecdotis
1565 2133 1866 2202 litterariis,
1895 2137 2007 2191 vol.
2038 2136 2104 2202 11,
2144 2138 2296 2206 p.25
2323 2153 2503 2207 seqq.,
2537 2147 2592 2192 et
2624 2137 2680 2192 in
2711 2153 2857 2192 vers.
2887 2133 2958 2188 29
2980 2147 3133 2202 seqq.
3171 2131 3376 2187 dicitur
3415 2149 3577 2189 nosse

225 2235 229 2240 ‘
309 2227 502 2293 quieto
529 2242 559 2278 e
586 2236 732 2281 statu
770 2237 1010 2284 mentem
1046 2229 1101 2282 in
1130 2228 1303 2280 altum
1329 2226 1535 2282 tollere
1565 2227 1633 2282 ad
1663 2228 1906 2284 l'ervidas
1933 2243 2130 2300 preces
2159 2229 2502 2296 fundendas;
2539 2240 2597 2285 et
2620 2230 2674 2284 in
2705 2226 2935 2284 homilia
2975 2209 3211 2294 quadam
3235 2224 3304 2278 de
3355 2225 3578 2280 silentio

310 2327 368 2370 ct
397 2317 508 2370 vita
547 2319 813 2382 solitaria,
847 2319 903 2372 in
924 2318 1048 2373 cod.
1078 2317 1252 2374 Paris.
1283 2317 1422 2372 bibl.
1457 2318 1614 2388 publ.
1654 2320 1813 2385 1067,
1841 2337 1898 2375 ιι.
1929 2321 1984 2374 1.
2011 2351 2082 2360 ——
2115 2322 2190 2375 De
2221 2321 2327 2375 hoc
2358 2320 2542 2375 lsaaco
2578 2336 2628 2372 v.
2673 2318 2813 2375 Cuil.
2850 2315 2988 2371 Cave
3015 2315 3052 2369 l.
3089 2331 3138 2370 c.
3171 2315 3280 2369 vol.
3308 2315 3348 2370 1.
3376 2317 3575 2386 p.454.

310 2425 339 2463 a
375 2424 486 2478 quo
518 2419 700 2464 tamen
733 2410 844 2464 duo
863 2411 1050 2466 lsaaco
1071 2425 1195 2465 esse
1222 2410 1454 2475 mistos,
1484 2411 1593 2481 jam
1627 2411 1949 2467 adnotatum
1973 2422 2058 2468 est
2082 2431 2096 2480 ;
2118 2413 2318 2468 Oudin.
2349 2413 2404 2466 in
2430 2413 2643 2467 Comm.
2675 2413 2741 2466 de
2779 2409 2877 2464 SS.
2915 2408 3062 2462 Eccl.
3092 2408 3134 2473 l,
3159 2424 3213 2478 p.
3249 2408 3388 2464 1400
3419 2423 3576 2479 seqq.

310 2500 380 2554 ad
401 2516 451 2553 ιι.
479 2499 721 2569 540,.qui
761 2517 871 2554 non
898 2501 1077 2556 solum
1104 2500 1173 2554 de
1197 2515 1265 2554 eo
1302 2501 1511 2555 multus
1543 2509 1660 2565 est,
1687 2501 1782 2556 sed
1809 2503 1977 2557 etiam
2005 2503 2167 2558 codd.
2193 2506 2286 2572 qui
2314 2502 2366 2556 in
2401 2500 2818 2556 Vindobonensi
2843 2511 2900 2556 et
2933 2500 3178 2572 Anglicis
3225 2501 3580 2556 bibliothecis

311 2603 552 2658 exstant,
572 2603 630 2647 ct
661 2594 826 2648 lsaaci
862 2594 1130 2664 opuscula
1164 2593 1666 2662 comprehendunt,
1698 2596 1994 2667 diligenter
2041 2607 2367 2663 enumerat;
2399 2595 2599 2652 Saxius
2641 2595 2695 2648 in
2726 2593 2913 2650 Onom.
2965 2593 3068 2646 litt.
3107 2594 3149 2656 1,
3194 2610 3248 2663 p.
3279 2591 3384 2648 507
3421 2609 3575 2664 seqq.

312 2685 382 2740 ad
405 2701 458 2739 a.
483 2686 587 2740 440
613 2703 628 2750 ;
657 2701 784 2740 nam
814 2686 921 2741 hoc
953 2685 1176 2741 circiter
1203 2683 1414 2739 ambitu
1443 2700 1569 2740 eum
1605 2686 1930 2743 inclaruisse
1970 2689 2306 2759 suspicatur,
2335 2699 2412 2751 et,
2443 2686 2758 2757 epistolam,
2817 2688 3018 2761 inquit,
3055 2701 3206 2747 certe
3245 2692 3314 2745 ad
3369 2691 3580 2746 Simeo-

314 2793 441 2832 nem
468 2775 723 2847 Stylitam
757 2791 884 2832 eum
915 2774 1204 2844 scripsisse
1236 2774 1416 2828 aiunt.
1447 2773 1724 2844 Imprimis
1754 2774 2159 2843 comparandus
2181 2785 2268 2830 est
2295 2775 2693 2843 Assemannus,
2719 2777 2811 2847 qui
2854 2780 2910 2834 in
2944 2781 3080 2836 Bibl.
3124 2781 3327 2838 Orient.
3369 2791 3503 2838 tom.
3536 2785 3576 2846 1,

315 2888 441 2943 cap.
477 2874 567 2941 54,
598 2889 653 2944 p.
685 2873 950 2937 444-465,
979 2871 1203 2940 copiose
1232 2870 1590 2941 persequitur
1619 2871 1788 2925 vitam
1817 2870 2130 2940 scriptaque
2157 2871 2350 2938 lsaaci,
2405 2872 2680 2928 Ninivitaa.
2713 2875 2958 2930 Primum
3012 2879 3341 2948 particulam
3381 2895 3577 2934 excer-

316 2969 428 3036 psit
453 2983 521 3023 ex
543 2968 692 3023 illius
711 2967 843 3032 vita,
865 2981 1030 3037 quam
1055 2980 1370 3036 anonymus
1388 2964 1445 3020 in
1473 2965 1686 3036 praefat.
1719 2965 1784 3020 ad
1823 2965 1991 3020 lsaaci
2023 2965 2162 3036 Opp.
2187 2982 2310 3037 quae
2337 2967 2573 3022 Arabico
2598 2969 2822 3039 quidem
2863 2987 3136 3034 sermone,
3169 2973 3370 3029 litteris
3399 2983 3581 3030 tamen

317 3063 560 3135 Syriacis
582 3072 801 3119 exstant
830 3064 886 3118 in
910 3062 1033 3119 cod.
1057 3061 1322 3117 Nitriensi
1349 3062 1441 3125 20,
1471 3062 1786 3130 descripsit.
1826 3062 1966 3117 Tum
1986 3062 2220 3133 inquirit
2241 3064 2294 3118 in
2323 3064 2568 3135 ejusdem
2601 3074 2840 3129 aetatem,
2873 3075 2927 3119 et
2949 3081 3015 3120 ex
3040 3065 3208 3120 lsaaci
3246 3066 3479 3137 epistola
3511 3068 3582 3122 ad

319 3154 634 3212 Simeonem
682 3154 936 3228 Stylitam
977 3156 1278 3226 juniorem,
1339 3167 1704 3230 cognomento
1747 3158 2274 3224 Thaumastoritam,
2312 3169 2589 3215 mortuum
2641 3161 2730 3216 die
2771 3162 2843 3216 24
2882 3161 3007 3216 Maii
3061 3179 3110 3216 a.
3137 3161 3267 3218 Chr.
3305 3163 3409 3220 595
3435 3166 3581 3236 (qum

316 3253 548 3321 epistola
585 3259 927 3322 postremum
955 3250 1136 3306 locum
1171 3263 1398 3325 occupat
1448 3255 1505 3311 in
1533 3254 1661 3310 cod.
1707 3253 1899 3310 Greece
1947 3255 2073 3321 591,
2111 3256 2629 3325 comprehendente
2675 3257 2973 3326 nonaginta
3019 3253 3186 3309 lsaaci
3219 3255 3514 3313 Sermones
3551 3274 3582 3314 ιι

318 3346 560 3402 Patricio
591 3353 645 3400 et
676 3343 1009 3400 Abrahamio
1031 3360 1064 3400 e
1119 3346 1343 3419 Syriaco
1381 3348 1725 3418 conversos),
1777 3348 1946 3404 eﬂicit
1981 3350 2225 3405 lsaacum
2256 3359 2506 3405 nostrum
2546 3359 2700 3405 sexto
2741 3349 2939 3403 sacculo
2971 3346 3037 3401 ad
3085 3347 3293 3403 exitum
3325 3359 3584 3420 vergente

317 3440 572 3497 floruisse
608 3459 621 3494 :
649 3448 706 3494 et
733 3449 928 3495 contra
973 3438 1231 3493 Lambec.
1266 3448 1323 3493 et
1361 3437 1525 3503 Cave,
1553 3438 1702 3492 hunc
1724 3437 1966 3493 lsaacum
1993 3453 2117 3493 cum
2151 3440 2322 3494 altero
2349 3437 2622 3509 Ephrzemi
2652 3435 2924 3505 discipulo
2951 3433 3374 3501 confundentes,
3400 3449 3586 3493 osten-

321 3535 406 3590 dit
442 3550 510 3589 ex
544 3531 776 3603 epistola
803 3538 1058 3586 nostrum
1096 3529 1342 3586 lsaacum
1381 3544 1450 3584 ex
1479 3529 1871 3608 Mesopotamia
1904 3545 2013 3585 non
2051 3531 2107 3584 in
2139 3531 2374 3594 Italiam,
2411 3531 2506 3586 sed
2539 3531 2594 3584 in
2623 3528 2915 3600 Egyptum
2951 3525 3259 3596 perrexisse
3288 3527 3420 3582 etin
3450 3529 3587 3584 Sce-

322 3630 467 3684 tcnsi
491 3643 678 3683 eremo
699 3626 939 3682 animam
965 3625 1112 3696 piam
1139 3619 1370 3678 efﬂasse.
1395 3619 1535 3675 Tum
1554 3620 1622 3676 de
1650 3620 1897 3692 ejusdem
1943 3621 2166 3692 scriptis
2207 3630 2264 3676 et
2291 3620 2455 3677 codd.
2509 3620 2698 3691 paucis
2735 3618 2868 3690 agit,
2899 3617 2954 3672 in
2988 3616 3190 3687 quibus
3212 3627 3428 3674 exstant
3462 3619 3591 3676 Ser-

325 3741 521 3782 mones
543 3725 614 3780 98
645 3723 832 3779 Graace
870 3721 1018 3778 versi
1053 3717 1122 3773 ab
1157 3717 1392 3786 aliisque
1426 3716 1568 3771 male
1603 3716 1799 3770 tributi
1838 3716 2025 3771 lsaaco
2063 3716 2319 3771 Antioch.
2346 3733 2404 3770 ιι.
2435 3716 2488 3770 in
2516 3713 2755 3770 Vindob.
2796 3711 2935 3767 Cass.
2971 3724 3062 3779 ap.
3084 3708 3336 3766 Lambec.
3359 3710 3414 3765 in
3443 3711 3584 3768 Bibl.

324 3821 504 3876 Vatic.
537 3817 700 3874 codd.
725 3817 825 3872 59-1
855 3818 1047 3889 (antea
1067 3817 1179 3888 jam
1209 3812 1573 3885 memorato),
1613 3813 1738 3879 605,
1779 3814 1902 3879 787,
1941 3822 1998 3869 et
2036 3813 2207 3884 Regio
2234 3812 2603 3868 Alexandrino
2621 3811 2692 3866 25
2715 3812 2769 3866 in
2812 3807 2996 3878 specie
3028 3805 3304 3861 uberrime
3335 3816 3588 3864 recenset

325 3929 516 3985 opera,
533 3927 579 3967 s.
607 3911 782 3965 libros
803 3911 855 3964 4.
885 3909 1214 3964 Sermonum
1234 3921 1302 3961 ex
1323 3904 1614 3961 codicibus
1630 3905 1869 3976 Syriacis
1892 3905 2007 3979 (qui
2037 3921 2207 3959 unum
2232 3905 2498 3959 duntaxat
2521 3902 2730 3957 habent
2749 3901 2997 3970 librum),
3021 3907 3078 3954 et
3097 3899 3345 3956 Arabicis
3366 3902 3444 3972 (in
3459 3904 3588 3973 qui-

323 4008 434 4060 bus
467 4012 598 4058 sunt
626 4012 824 4072 quater
859 4000 1037 4071 libri),
1059 4005 1224 4068 atque
1254 3995 1461 4051 Grtecis
1476 3995 1787 4052 Vaticanis:
1815 3995 2098 4065 idemque,
2132 3995 2188 4048 in
2231 3994 2435 4065 quibus
2464 3993 2628 4049 codd.
2662 3991 2867 4064 singuli
2903 4006 3190 4048 sermones
3214 3993 3585 4062 reperiantur,

329 4097 536 4166 ubique
561 4095 786 4149 indicat.
816 4093 1080 4149 Continet
1097 4104 1230 4145 vero
1260 4089 1404 4143 liber
1438 4104 1765 4144 isermones
1801 4089 1996 4160 viginti
2022 4099 2294 4159 quatuor;
2329 4089 2473 4143 liber
2517 4105 2574 4154 ιι,
2616 4101 2903 4144 sermones
2931 4084 3036 4150 45',
3081 4084 3221 4139 liber
3245 4101 3324 4150 ιιι,
3372 4101 3586 4142 sermo-

326 4204 430 4243 nes
450 4187 549 4252 44;
576 4186 674 4240 lib.
693 4201 767 4250 iv,
792 4199 1076 4239 sermones
1090 4185 1181 4250 20,
1200 4193 1368 4254 atque
1381 4182 1671 4254 epistolam
1690 4183 1759 4238 ad
1783 4183 2027 4239 Simeon.
2052 4185 2573 4240 Thaumastoritam.
2593 4183 2843 4252 Denique
2864 4197 2918 4250 p.
2942 4180 3039 4235 461
3064 4195 3218 4251 seqq.
3238 4183 3590 4253 persequitur

327 4277 455 4332 cod.
485 4276 538 4328 in
572 4275 707 4329 bibl.
741 4272 954 4344 collegii
985 4272 1384 4328 Maronitarum
1411 4272 1724 4344 Syriacum,
1763 4273 2090 4344 inscriptum
2127 4290 2139 4327 :
2173 4273 2325 4328 Liber
2366 4273 2632 4346 generalis
2673 4274 2742 4327 ad
2776 4287 2955 4326 omnes
2978 4281 3176 4342 gentes,
3209 4288 3304 4328 seu
3330 4273 3405 4327 De
3423 4291 3589 4331 causa

327 4372 570 4425 omnium
604 4385 918 4433 causarum,
950 4368 1004 4422 in
1030 4385 1084 4423 ix
1109 4378 1375 4426 tractatus
1397 4369 1612 4424 divisus
1635 4387 1649 4436 ;
1672 4369 1832 4441 cujus
1859 4377 2143 4424 auctorem
2167 4369 2420 4424 nonnulli
2446 4367 2700 4425 fecerunt
2721 4368 2968 4422 lsaacum
2993 4365 3336 4432 Ninevitam;
3368 4369 3465 4422 sed
3487 4370 3592 4424 du-

329 4463 471 4517 bitat
497 4464 824 4516 Asscmann.
849 4467 902 4515 et
930 4475 995 4515 ex
1020 4460 1342 4530 praefatione
1365 4461 1610 4516 auctoris
1637 4461 1797 4516 docet
1822 4467 2104 4515 auctorem
2131 4459 2302 4517 fuisse
2330 4460 2596 4526 lsaacum,
2621 4459 2960 4514 Edessenum
2993 4461 3335 4530 episcopum,
3355 4470 3412 4516 et
3442 4462 3591 4518 hunc

329 4556 569 4624 denique
602 4561 829 4623 propter
855 4553 1065 4618 turbas,
1092 4551 1222 4609 sede
1251 4567 1349 4608 sua
1380 4553 1595 4618 relicta,
1623 4552 1678 4605 in
1705 4552 1982 4621 proximos
2003 4551 2226 4606 Edessa:
2249 4560 2466 4606 montes
2485 4552 2804 4615 secessisse,
2836 4551 3025 4622 ibique
3047 4552 3330 4608 laudatum
3351 4553 3590 4610 dictasse

330 4647 600 4702 codicem.
633 4677 702 4684 —
734 4645 796 4698 ιιι
835 4644 1032 4700 eodem
1071 4645 1181 4699 vol.
1221 4660 1276 4714 p.
1315 4645 1418 4700 565
1454 4659 1608 4712 seqq.
1644 4643 1744 4696 568
1782 4643 1885 4698 569
1922 4642 2090 4697 lsaaci
2147 4641 2444 4697 Sermones
2482 4643 2862 4709 nominantur,
2893 4643 2987 4713 qui
3024 4657 3154 4699 sunt
3184 4645 3238 4699 in
3297 4645 3460 4700 codd.
3495 4647 3594 4701 Ni-

335 4739 640 4794 triensibus
677 4738 732 4791 in
761 4736 903 4790 bibl.
941 4736 1120 4790 Vatie.
1154 4745 1292 4806 etp.
1337 4735 1461 4799 607,
1486 4733 1648 4788 codd.
1690 4735 1722 4787 4
1750 4743 1805 4787 et
1834 4734 1886 4798 5,
1946 4748 2085 4803 quos
2127 4732 2341 4788 Assem.
2383 4749 2450 4787 ex
2499 4733 2714 4789 oriente
2746 4734 3076 4788 advexit.——
3118 4735 3336 4790 lsaacus
3386 4737 3590 4806 passim

332 4832 537 4886 citatur
559 4846 588 4884 a
620 4829 772 4900 Syris
803 4827 1192 4896 scriptoribus,
1231 4828 1464 4882 docente
1493 4827 1706 4880 Assem.
1752 4825 1804 4879 in
1832 4825 1943 4878 vol.
1973 4825 2060 4888 lil,
2097 4840 2151 4895 p.
2181 4824 2303 4890 158,
2357 4823 2603 4889 185,505
2656 4825 2774 4896 (ubi
2823 4829 3222 4886 Bar-Hebraaus
3272 4827 3460 4886 laud'at
3487 4831 3595 4886 214

331 4921 632 4978 Sermones
663 4921 884 4990 lsaaci),
913 4919 1035 4987 506,
1069 4923 1171 4978 510
1199 4923 1291 4977 (in.
1327 4922 1452 4985 515,
1485 4922 1676 4990 ibique
1702 4929 1821 4973 not.
1865 4918 1983 4990 (ubi
2015 4928 2197 4974 tamen
2246 4919 2466 4973 lsaacus
2502 4918 2817 4976 Edessenus
2847 4924 2995 4979 circa
3030 4941 3080 4978 a.
3112 4924 3213 4979 450
3238 4924 3510 4992 innuitur,
3537 4936 3593 4982 et

335 5016 553 5071 Amida
580 5015 788 5070 obiisse
820 5013 1075 5086 dicitur).
1097 5049 1164 5059 —-
1189 5016 1366 5073 Codd.
1397 5017 1451 5071 in
1497 5015 1703 5086 quibus
1733 5014 1902 5069 lsaaci
1934 5014 2118 5068 Niniv.
2155 5013 2450 5069 Sermones
2475 5023 2798 5079 occurrunt,
2827 5027 2884 5070 et
2933 5015 3026 5084 qui
3068 5031 3099 5069 a
3137 5015 3389 5071 Fabricio
3426 5025 3593 5086 atque

331 5110 688 5181 (ludinojam
715 5109 941 5165 excitati
970 5119 1120 5170 sunt,
1153 5110 1278 5164 addi
1305 5106 1539 5178 possunt
1576 5105 1931 5174 Mosquenses
1955 5105 2082 5170 295,
2136 5113 2278 5159 orat.
2311 5119 2439 5160 cum
2482 5103 2734 5170 scholiis,
2761 5103 2868 5160 294
2925 5105 3004 5175 (in
3037 5120 3148 5174 quo
3201 5115 3330 5160 sunt
3375 5117 3590 5176 septua-

331 5205 486 5278 ginta
517 5221 613 5260 sex
635 5207 827 5274 orat.),
851 5203 958 5258 295
989 5203 1214 5273 (scripta
1238 5218 1362 5257 cum
1397 5201 1625 5270 prologo
1652 5197 1719 5252 de
1747 5197 1919 5251 lsaaci
1943 5196 2098 5266 vita),
2130 5196 2256 5262 296,
2303 5206 2560 5266 excerpta
2598 5211 2664 5250 ex
2696 5195 2943 5266 quinque
2971 5207 3112 5252 orat.
3149 5196 3316 5251 lsaaci
3353 5197 3513 5268 Syri;
3541 5198 3594 5253 in

331 5297 460 5354 cod.
487 5298 591 5352 578
621 5305 831 5366 septem
865 5294 1014 5348 illius
1039 5291 1338 5362 opuscula;
1363 5289 1466 5343 598
1497 5287 1660 5341 lsaaci
1692 5284 1811 5357 Syri
1851 5302 1955 5356 περ

1968 5303 1979 5337 ι
2016 5285 2296 5355 λογισμῶν
2321 5324 2336 5338 .
2359 5317 2428 5326 -
2453 5284 2702 5355 Denique
2741 5286 2796 5340 in
2827 5286 2952 5340 cod.
2979 5288 3040 5341 ιν
3072 5287 3126 5342 in
3152 5290 3206 5351 4,
3233 5303 3289 5342 ιι.
3339 5287 3404 5342 16
3425 5296 3481 5342 et
3508 5287 3592 5350 19,

333 5389 474 5444 bibl.
501 5386 859 5462 typographei
885 5384 1081 5456 synod.
1116 5381 1367 5454 qumdum
1397 5379 1504 5434 bis.
1535 5378 1598 5434 V.
1633 5377 1869 5432 Matthazi
1896 5377 2066 5432 Notit.
2115 5377 2276 5433 codd.
2312 5377 2408 5433 Gr.
2440 5377 2612 5447 Mosq.
2649 5393 2702 5448 p.
2736 5376 2859 5444 190,
2897 5379 3022 5444 191,
3053 5379 3175 5443 192,
3205 5396 3261 5434 ιι.
3295 5380 3369 5447 5;
3403 5397 3456 5451 p.
3491 5378 3594 5432 245

333 5504 392 5542 ιι.
429 5487 448 5540 1
478 5505 492 5552 ;
523 5503 576 5558 p.
603 5485 731 5550 255,
758 5500 815 5540 ιι.
844 5483 931 5546 14,
971 5491 1111 5551 etp.
1143 5475 1268 5531 501.
1299 5503 1369 5512 —
1402 5469 1637 5525 Taurini
1668 5469 1724 5524 in
1748 5468 1875 5524 cod.
1908 5469 2082 5540 Regio
2103 5469 2203 5524 251
2230 5468 2326 5539 qui
2358 5468 2655 5538 diligenter
2685 5477 3028 5533 recensetur,
3053 5478 3107 5524 et
3149 5469 3420 5534 omnium,
3475 5481 3598 5537 quae

295 5540 393 5634 ‘in
417 5540 492 5634 eo
506 5540 883 5639 continentur,
904 5540 1236 5642 scriptorum
1269 5562 1441 5621 lsaaci
1477 5561 1646 5628 tituli,
1680 5570 1844 5631 atque
1886 5560 2046 5616 initia
2080 5561 2458 5633 subjiciuntur
2490 5560 2545 5614 in
2583 5559 2756 5616 Catal.
2801 5576 2930 5615 mss.
2981 5560 3207 5616 Taurin.
3251 5561 3346 5617 Gr.
3381 5577 3433 5631 p.
3468 5560 3600 5614 475-

1853 5679 2092 5737 NOTAE.

315 5747 318 5750 Ι
413 5779 487 5849 (υ)
510 5779 638 5833 Sive
678 5795 732 5848 p.
757 5777 878 5849 5567
907 5777 997 5831 ed.
1029 5775 1234 5849 Kollar.
1274 5772 1332 5828 in
1366 5772 1491 5828 cod.
1553 5773 1674 5842 157,
1702 5789 1758 5828 ιι.
1784 5773 1837 5826 7.
1872 5771 1989 5829 lbid
2030 5787 2084 5844 p.
2115 5772 2219 5828 155
2268 5786 2423 5842 seqq.
2477 5785 2535 5824 ιι.
2564 5769 2901 5838 21—25,cod.
2937 5769 3060 5834 156,
3089 5777 3218 5826 sunt
3245 5771 3405 5840 plura
3430 5768 3597 5824 lsaaci

342 5845 503 5920 capp.
544 5845 816 5912 asceiica,
847 5848 1053 5903 Graece.
1096 5845 1264 5910 Hanc,

675 5943 949 6005 Ριιτιιοι..
992 5939 1109 6002 Gn.
1161 5937 1508 6003 LXXXVI.
3217 5933 3293 5990 2'0
