4102 6534
528 461 628 529 gn
1857 451 1916 510 s.
1975 450 2145 510 ISAA

2163 448 2223 510 CI
2272 447 2444 509 SYRI
3673 440 3783 506 812

525 572 650 637 480,
680 570 734 625 in
763 580 943 638 eoque
972 564 1095 621 cod.
1122 571 1207 619 est
1230 561 1323 617 fol.
1366 560 1492 627 224,
1517 560 1687 615 Isaaci
1743 560 1976 630 episto‘la
2026 559 2093 614 ad
2123 559 2359 614 amicum
2390 553 2716 627 quemdam;
2749 562 2803 607 et
2828 551 2922 607 fol.
2978 549 3105 615 262,
3153 549 3261 605 alia
3290 550 3357 605 ad
3397 550 3652 609 abbatem
3682 556 3781 609 Si-

528 675 801 717 meonem.
838 688 907 699 —-
938 657 1180 711 Florent.
1210 653 1265 707 in
1300 652 1425 707 cod.
1465 652 1727 706 Laurent.
1747 653 1802 716 9,
1836 667 1893 705 ιι.
1929 652 2018 717 15,
2051 652 2192 721 plut.
2224 667 2285 716 ιι,
2313 665 2498 705 sermo
2547 648 2619 701 De
2658 648 3047 701 renuntiatione
3063 656 3112 700 et
3153 649 3446 701 monastica
3475 648 3776 719 disciplina.

526 755 649 812 Vid.
683 750 915 806 Bandin.
947 748 1111 804 catal.
1141 746 1277 801 bibl.
1302 744 1565 798 Laurent.
1597 743 1640 809 l,
1672 759 1729 813 p.
1763 744 1889 808 504,
1914 744 2010 813 qui
2039 758 2174 799 vero
2203 743 2355 798 hunc
2375 742 2623 795 lsaacum
2654 754 2764 793 non
2806 745 2997 791 curate
3033 742 3325 813 distinguit
3348 743 3417 797 ab
3448 744 3633 798 lsaaco
3662 746 3783 798 An-

506 848 806 908 ‘tiocheno,
836 842 1162 898 eteumdem
1189 838 1349 894 citari
1376 839 1431 893 in
1448 838 1793 908 expositione
1824 853 2111 893 sacrorum
2150 847 2477 909 praeceptor.
2505 845 2620 890 tum
2654 834 2723 888 ab
2745 834 2956 888 Joanne
3006 834 3395 891 Cantacuzeno
3442 846 3635 892 contra
3678 838 3785 891 Pa-

524 939 747 1001 lamam,
776 944 832 989 et
864 934 919 988 in
952 932 1289 988 Collectione
1322 933 1561 1003 capitum
1594 932 1979 998 asceticorum,
2012 933 2199 995 docet,
2236 932 2373 987 ibid.
2412 948 2467 1002 p.
2500 930 2588 993 99,
2622 929 2727 985 548
2779 938 2835 984 et
2871 928 2997 983 495.
3029 930 3254 985 —lbid.
3284 932 3338 986 in
3364 932 3487 987 cod.
3523 933 3610 997 11,
3639 934 3783 1002 plut.

524 1031 580 1093 5,
603 1025 773 1082 Isaaci
810 1023 934 1080 Vita
972 1032 1028 1079 et
1049 1022 1201 1078 Orat.
1235 1022 1516 1089 undecim,
1556 1037 1791 1093 quarum
1832 1024 2007 1093 prima
2044 1024 2112 1079 de
2149 1022 2435 1095 Cleonymi
2474 1021 2818 1085 haereditate,
2857 1028 2997 1076 teste
3041 1021 3389 1079 Montl'aucon
3424 1025 3477 1079 iu
3503 1024 3644 1079 Bibl.
3694 1026 3783 1079 bi-

526 1119 857 1175 bliothecar.
887 1130 1020 1170 mss.
1049 1114 1092 1179 l,
1121 1129 1175 1184 p.
1200 1112 1299 1169 251
1338 1114 1402 1168 ι).
1440 1144 1511 1153 -
1532 1112 1674 1168 Ibid.
1705 1112 1831 1168 eod.
1866 1120 2005 1169 teste
2037 1130 2092 1184 p.
2133 1112 2239 1169 586
2270 1114 2332 1179 Β,
2367 1112 2604 1183 epistola
2628 1111 2697 1167 ad
2743 1110 2990 1167 Simeon.
3020 1111 3076 1165 in
3128 1114 3259 1168 cod.
3312 1115 3401 1178 15,
3433 1116 3573 1185 plut.
3599 1116 3689 1171 ’4.
3714 1145 3788 1157 ——

527 1212 588 1267 ln
624 1209 749 1265 cod.
778 1207 1045 1264 Escorial.
1073 1206 1149 1261 De
1172 1206 1409 1262 ascetica
1431 1206 1851 1261 conversatione
1873 1220 2033 1277 capp.
2063 1205 2308 1273 diversa,
2342 1214 2483 1260 teste
2515 1206 2713 1260 Pluero
2755 1204 2811 1259 in
2852 1203 3109 1257 Itinerar.
3152 1219 3246 1273 per
3292 1204 3521 1275 Hispan.
3561 1222 3615 1276 p.
3656 1204 3783 1262 178.

526 1338 595 1348 -
619 1307 793 1363 Paris.
822 1306 879 1361 in
902 1304 1040 1360 bibl.
1071 1303 1227 1375 publ.
1250 1314 1538 1358 sermones
1564 1298 1790 1354 ascetici
1824 1298 1990 1353 modo
2016 1297 2224 1368 plures,
2246 1297 2413 1352 modo
2443 1298 2755 1367 pauciores,
2779 1294 2836 1349 in
2866 1301 3079 1364 septem
3106 1294 3211 1350 cod
3260 1295 3336 1365 (v.
3372 1296 3541 1351 indic.
3564 1297 3632 1351 ad
3659 1296 3783 1353 Cat.

528 1417 663 1457 mss.
697 1400 901 1470 regior.
943 1398 1118 1452 Paris.
1147 1410 1269 1450 voc.
1302 1394 1452 1449 Isaac
1472 1391 1662 1463 Syrus.
1694 1399 1829 1446 tom.
1859 1391 1951 1463 il).
1989 1392 2332 1464 Interrogata
2353 1400 2411 1447 et
2437 1406 2702 1461 responsa
2737 1390 2807 1445 de
2839 1389 3097 1445 doctrina
3124 1402 3343 1442 morum
3366 1387 3422 1441 in
3460 1389 3583 1442 cod.
3622 1388 3787 1455 1071,

531 1493 589 1547 in
613 1506 726 1561 quo
758 1498 1025 1561 praeterea
1052 1494 1183 1543 sunt
1210 1483 1459 1557 ejusdem
1483 1481 1649 1537 Isaaci
1674 1481 1743 1538 de
1770 1482 2090 1538 obedientia
2120 1490 2287 1553 atque
2318 1482 2610 1548 institutis,
2645 1491 2703 1538 et
2724 1495 3015 1537 sermones
3052 1478 3250 1549 viginti
3282 1486 3432 1544 octo,
3462 1487 3520 1533 et
3557 1479 3614 1534 in
3657 1481 3788 1537 cod.

529 1584 690 1647 1075,
721 1600 779 1637 n.
810 1582 835 1635 1
876 1582 955 1649 (in
984 1578 1236 1650 Append.
1296 1575 1364 1631 ad
1396 1575 1492 1631 cit.
1526 1584 1660 1631 tom.
1694 1574 1869 1631 Catal.
1915 1590 1971 1646 p.
1999 1574 2151 1645 615),
2176 1575 2252 1629 De
2276 1578 2385 1630 vita
2419 1577 2712 1630 monastica
2743 1589 2905 1644 opus,
2936 1572 2992 1628 in
3014 1572 3197 1627 varias
3230 1571 3484 1627 homilias
3504 1571 3745 1629 divisum
3774 1595 3788 1629 :

530 1677 639 1730 inc.
682 1673 741 1726 ἸΙ
777 1672 924 1743 ψυχὴ
947 1672 1037 1724 τὸν
1058 1670 1193 1723 Θεὸν
1219 1667 1511 1738 ἀγαπῶσα.
1541 1666 1767 1722 —lbid.
1793 1667 1848 1721 in
1869 1676 2002 1722 tom.
2028 1667 2049 1720 l
2079 1666 2150 1723 Ca

2176 1667 2254 1722 al.
2284 1683 2341 1738 p.
2361 1668 2431 1722 52
2458 1678 2515 1724 et
2534 1669 2623 1733 58,
2647 1669 2704 1722 in
2733 1667 2858 1722 cod.
2877 1664 3118 1737 Syriacis
3142 1664 3208 1719 10
3264 1673 3321 1719 et
3350 1665 3437 1730 71,
3468 1675 3595 1719 sunt
3615 1665 3796 1722 Isaaci

527 1770 782 1824 Ninivita:
805 1776 862 1822 et
892 1767 1127 1821 aliorum
1158 1764 1509 1835 precationes
1549 1762 1750 1827 variae;
1779 1769 1834 1816 et
1871 1777 1924 1832 p.
1968 1761 2091 1827 120,
2124 1762 2180 1817 in
2224 1762 2349 1817 cod.
2385 1762 2622 1818 Arabico
2639 1762 2765 1829 166,
2814 1761 3063 1833 eiusdem
3098 1759 3169 1815 de
3217 1760 3589 1829 panitentia;
3620 1772 3794 1832 atque

528 1875 586 1928 p.
622 1856 746 1921 120,
785 1856 841 1909 in
882 1853 1006 1909 cod.
1036 1852 1265 1924 Syriaco
1296 1851 1400 1906 168
1427 1850 1601 1905 Isaaci
1638 1850 1762 1922 Syri
1794 1849 2028 1905 Homilia
2082 1852 2151 1906 de
2196 1860 2550 1921 peccatorum
2607 1852 2811 1908 causis.
2853 1882 2924 1891 —
2956 1850 3253 1906 Mediolani
3300 1851 3356 1905 in
3412 1852 3577 1907 codd.
3646 1853 3791 1907 bibl.

528 1947 910 2006 Ambrosianaz
942 1943 1114 1999 Isaaci
1146 1941 1498 1997 Anachoritae
1522 1940 1675 1997 Orat.
1708 1950 1823 1997 tres
1870 1942 1927 1996 in
1971 1941 2101 1996 Sina
2152 1950 2339 1997 monte
2368 1942 2438 1998 de
2478 1942 2968 1998 abrenuntiatione
2995 1948 3052 1996 et
3086 1940 3201 1995 vita
3262 1941 3588 2007 monastica,
3617 1971 3689 1983 --
3725 1942 3791 1995 it.

533 2039 670 2110 (sub
705 2037 929 2092 nomine
977 2034 1149 2090 Isaaci
1182 2032 1495 2104 presbyteri
1528 2030 1886 2100 Antiocheni)
1917 2031 2216 2088 Sermones
2244 2033 2472 2089 ascetici
2506 2034 2595 2100 89,
2632 2044 2689 2089 et
2739 2032 2919 2105 ejusd.
2951 2032 3423 2103 lnterrogationes
3450 2048 3516 2087 ac
3535 2033 3795 2105 Respon-

531 2129 750 2192 siones;
784 2156 854 2165 -—
877 2125 952 2179 De
992 2122 1451 2195 contemplationis
1488 2123 1827 2195 perfectione,
1850 2123 1915 2180 ν.
1945 2124 2151 2179 Montl‘a

2173 2140 2245 2179 ιο.
2296 2123 2431 2179 Bibl.
2484 2124 2720 2180 biblioth.
2769 2142 2896 2179 mss.
2940 2124 2984 2189 Ι,
3019 2140 3074 2195 p.
3122 2123 3323 2179 500E.
3378 2134 3436 2179 et
3487 2139 3543 2194 p.
3566 2124 3690 2179 518.
3720 2124 3793 2179 ι).

532 2247 600 2258 -
634 2216 807 2271 Idem.
841 2213 964 2268 cod.
998 2214 1223 2277 mullos,
1260 2213 1318 2268 in
1351 2212 1554 2283 quibus
1578 2220 1936 2267 asservantur
1975 2212 2147 2267 Isaaci
2175 2212 2387 2268 Ninivi.
2435 2212 2731 2269 Sermones
2770 2215 3016 2280 ascetici,
3056 2228 3367 2284 enumerat,
3403 2236 3460 2274 n.
3499 2220 3687 2275 Romae
3734 2221 3795 2274 in

535 2308 671 2368 bibl.
710 2306 885 2362 Vatic.
924 2320 980 2375 p.
1008 2305 1041 2359 9
1073 2304 1141 2370 E,
1172 2304 1267 2359 ubi
1291 2304 1513 2361 lsaacus
1550 2314 1784 2360 vocatur
1825 2308 2111 2361 monachus
2148 2308 2155 2360 ἐ

2175 2306 2284 2361 Irus
2316 2324 2335 2364 :
2363 2338 2433 2349 -—
2456 2324 2512 2379 p.
2554 2309 2653 2376 15;
2694 2310 2735 2364 Α
2773 2319 2831 2365 et
2870 2328 2924 2381 p.
2969 2312 3072 2367 145
3104 2314 3171 2372 Β.
3196 2314 3325 2371 cod.
3363 2315 3519 2371 7496.
3546 2346 3616 2357 —
3638 2332 3695 2386 p.
3720 2317 3795 2373 27

539 2401 607 2466 D,
641 2398 767 2453 cod.
808 2397 913 2452 656
940 2396 1072 2451 olim
1112 2397 1316 2467 reginae
1339 2397 1569 2453 Sueciaz.
1598 2426 1669 2437 -—
1695 2397 1882 2467 p.154
1908 2399 1975 2466 Α,
2000 2399 2147 2455 inter
2178 2400 2305 2455 cod.
2348 2399 2544 2456 Claud.
2580 2402 2868 2471 Stephani,
2906 2403 3059 2458 Liber
3108 2406 3172 2459 de
3215 2414 3513 2477 contemptu
3563 2410 3796 2474 mundi;

534 2519 606 2531 —-
634 2506 689 2560 p.
728 2488 829 2543 184
862 2486 909 2540 D
953 2497 1010 2543 et
1041 2486 1108 2541 E.
1135 2487 1279 2543 inter
1304 2487 1468 2543 codd.
1499 2486 1765 2544 Ottobon.
1792 2521 1861 2530 —
1892 2506 1949 2561 p.
1975 2490 2073 2544 201
2116 2490 2185 2555 D,
2216 2491 2388 2547 Isaaci
2416 2491 2537 2563 Syri
2577 2491 2895 2555 Sermones,
2922 2509 2978 2563 p.
3008 2494 3145 2548 1515
3182 2494 3252 2560 D,
3293 2496 3349 2549 in
3377 2495 3501 2550 cod.
3524 2495 3794 2552 Mazarin.

537 2588 616 2643 De
640 2588 965 2659 precatione.
1001 2586 1189 2658 ecloga
1225 2602 1293 2641 ex
1322 2586 1509 2642 lsaaco
1533 2586 1801 2657 aliisque;
1828 2617 1898 2627 —-
1927 2603 1982 2657 p.
2014 2587 2152 2643 1520
2179 2588 2245 2653 Α,
2274 2588 2330 2643 ἰη
2357 2586 2483 2644 cod.
2517 2588 2719 2643 Mazar.
2759 2589 2860 2644 105
2910 2589 3211 2645 Sermones
3240 2593 3298 2642 et
3322 2586 3590 2657 opuscula
3617 2586 3795 2643 Isaaci

538 2682 664 2736 Nin.
700 2681 960 2737 ascetica.
1002 2709 1071 2722 -—-
1088 2695 1143 2750 p.
1168 2679 1305 2734 1575
1331 2677 1396 2745 Β,
1418 2678 1476 2732 in
1500 2677 1624 2733 cod.
1669 2679 1726 2733 S.
1766 2678 2007 2734 Victoris
2060 2679 2237 2733 Paris.
2278 2678 2430 2733 Isaac
2459 2677 2680 2733 abbatis
2712 2679 2789 2734 De
2822 2682 3005 2734 anima
3025 2679 3195 2735 Deum
3223 2689 3482 2747 amante;
3515 2710 3580 2721 -
3605 2698 3661 2752 p.
3685 2680 3797 2737 295

549 2772 613 2838 C,
652 2772 898 2827 Floreat.
931 2771 988 2827 in
1017 2770 1143 2827 cod.
1184 2769 1447 2825 Laurent.
1480 2770 1569 2835 15,
1596 2770 1738 2840 plut.
1777 2768 1869 2835 27,
1897 2769 1939 2825 ll
1971 2768 2103 2823 libro
2140 2768 2269 2823 dell.
2296 2768 2453 2823 abate
2480 2768 2633 2824 Isaac
2652 2771 2706 2825 di
2738 2768 2881 2826 Siria
2930 2772 3073 2827 della
3115 2774 3221 2827 vita
3253 2776 3569 2828 monastica.
3620 2771 3791 2829 ﬂant.

1181 3133 1867 3325 SANCTI
1971 3131 2598 3295 ISAACI
2710 3140 3166 3300 SYBI

1726 3403 2163 3464 PRESBYTER]
2200 3405 2617 3467 ANTIOCRENI

1293 3579 1477 3694 DE
1572 3579 2454 3703 CONTEMPTU
2561 3586 3026 3704 MUNDI

2002 3828 2354 3918 LIBER

1490 4014 1777 4086 (Gemma.
1814 4016 1925 4077 νει.
1962 4016 2188 4073 Patrum
2211 4018 2459 4077 Biblioth.
2488 4028 2527 4077 t.
2556 4021 2672 4089 XII,
2698 4038 2751 4095 p.
2781 4024 2861 4095 5.)

958 4325 1092 4398 1.3
1134 4325 1359 4383 CAPUT
1410 4326 1697 4385 panum.
2147 4319 2200 4380 Α
2226 4327 2285 4367 se
2331 4312 2509 4368 bonis.
2545 4314 2699 4371 Sicut
2732 4323 3043 4387 sequuntur
3072 4320 3411 4377 seminantes
3451 4320 3506 4377 in
3537 4323 3802 4396 lacrymis

2217 4405 2482 4474 manipuli
2504 4407 2907 4476 exsultationis,
2934 4410 3005 4464 ita
3048 4412 3410 4482 consequitur
3436 4413 3627 4470 laetitia
3656 4416 3800 4471 allii-

2216 4495 2477 4559 ctionem,
2510 4512 2631 4566 qua:
2671 4500 2743 4553 sit
2785 4508 3007 4569 propter
3043 4501 3236 4557 Deum.
3273 4502 3436 4558 Panis
3465 4504 3560 4574 qui
3593 4506 3801 4562 sudore

607 4595 803 4652 Anima
849 4610 972 4666 quam,
1004 4595 1178 4651 Deum
1220 4594 1440 4666 diligit,
1486 4595 1544 4651 in
1597 4598 1715 4653 εοιο
1757 4598 1871 4655 ι)εο
1915 4599 2110 4657 her“
2215 4588 2545 4658 acquiritur,
2570 4590 2751 4645 dulcis
2783 4601 3011 4661 apparet
3042 4591 3295 4663 agricolae
3323 4612 3336 4648 :
3364 4602 3421 4649 et
3446 4598 3803 4665 operatione:

536 4689 790 4758 Anticipa
820 4688 1038 4745 solvere
1067 4704 1287 4743 omnem
1313 4687 1719 4759 colligationem
1748 4691 2113 4748 extrinsecam

2214 4694 2337 4750 qua:
2363 4682 2879 4752 propterjustitiam
2914 4682 3075 4750 ﬁunt,
3103 4685 3293 4752 cordi;
3324 4686 3454 4756 quia
3485 4688 3642 4742 cordi
3666 4688 3800 4745 dant

538 4795 569 4834 a
622 4779 834 4850 teipso,
890 4788 946 4833 et
988 4787 1117 4834 tunc
1163 4779 1277 4834 Deo
1319 4778 1487 4834 corde
1529 4779 1785 4851 colligare
1813 4799 1826 4836 :
1854 4784 2117 4853 praedii
2215 4773 2503 4828 scientiam
2532 4773 2649 4829 Dei.
2678 4775 2901 4830 Sustine
2938 4776 3305 4846 abjectionem
3336 4788 3394 4833 et
3422 4779 3799 4837 humilitatem

537 4871 687 4925 enim
712 4869 958 4940 colligari
989 4870 1124 4934 Deo,
1155 4870 1358 4925 solutio
1386 4886 1417 4925 a
1445 4869 1761 4926 mundanis.
1791 4872 1933 4929 Esus
1958 4875 2115 4943 panis
2216 4864 2360 4920 bona
2391 4867 2696 4932 νοιυηῑειθ,
2726 4878 2783 4923 ει
2815 4870 3170 4925 securitatem
3203 4870 3409 4927 habeas
3440 4880 3571 4928 ante
3598 4873 3797 4929 Deum.

536 4969 662 5031 post
698 4960 1124 5015 aolactationem
1151 4959 1312 5014 datur
1343 4959 1540 5014 infanti
1567 4976 1581 5013 :
1605 4969 1662 5015 et
1685 4961 1850 5017 homo
1876 4963 1970 5034 qui
1996 4966 2115 5019 vult
2214 4956 2387 5014 Omne
2420 4958 2651 5014 verbum
2677 4959 2879 5014 durum
2907 4962 3190 5019 sustinens
3234 4963 3423 5030 homo,
3451 4965 3636 5020 sciens
3666 4966 3800 5021 abs-

536 5050 804 5105 delectari
831 5050 888 5104 in
917 5049 1143 5114 divinis,
1175 5050 1328 5118 prius
1357 5065 1416 5105 se
1449 5050 1616 5107 debet
1644 5067 1675 5106 a
1704 5053 1927 5120 saeculo,
1960 5056 2114 5110 velut
2215 5064 2323 5119 que
2370 5050 2516 5104 malo
2567 5050 2755 5121 aliquo
2816 5067 2937 5108 esse
2988 5054 3137 5123 quod
3185 5056 3522 5125 processerit
3568 5055 3640 5110 ab
3704 5057 3802 5112 illo

538 5141 718 5195 infans
768 5141 837 5195 ab
884 5140 1152 5196 uberibus
1196 5142 1493 5209 maternis,
1543 5143 1803 5199 alienare.
1855 5144 2112 5215 Operatio
2214 5151 2406 5197 contra
2438 5144 2776 5213 loquentem,
2805 5159 3066 5201 coronam
3092 5146 3315 5217 quidem
3352 5147 3603 5217 spineam
3630 5149 3803 5218 capiti

716 4462 799 4517 De
823 4463 1126 4533 operatione
1147 4462 1413 4534 corporali
1440 4470 1489 4518 et
1515 4465 1600 4519 sui
1628 4464 1933 4536 abjectione.

537 5234 841 5304 corporalis
871 5235 1251 5303 operationem
1284 5237 1499 5303 animae,
1548 5238 1691 5292 sicut
1733 5239 1789 5293 in
1824 5238 1995 5295 Adam
2040 5242 2111 5296 li-
2215 5249 2319 5289 suo
2359 5235 2795 5306 superimponit;
2842 5237 2940 5293 sed
2978 5237 3179 5293 beatus
3224 5247 3329 5304 est,
3376 5240 3505 5308 quia
3549 5249 3804 5309 tempore

537 5340 660 5379 mus
694 5323 1016 5393 inspiratam
1057 5324 1319 5389 animam,
1361 5328 1661 5384 antecedit.
1694 5328 1799 5395 Qui
1849 5344 2112 5401 corpora-
2214 5342 2325 5399 quo
2354 5327 2591 5398 ignorat,
2622 5328 3126 5399 incorruptibiliter
3157 5330 3538 5385 coronabitur.
3566 5329 3670 5398 Qui
3708 5332 3804 5386 fu-

536 5420 643 5475 Iem
695 5418 969 5473 actionem
1016 5433 1125 5473 non
1173 5418 1492 5487 acquisivit,
1542 5436 1645 5476 nec
1693 5421 1891 5477 anima:
1934 5432 2113 5493 potest
2213 5419 2292 5489 git
2323 5418 2553 5491 gloriam
2584 5420 2845 5487 scienter,
2872 5422 2963 5477 hic
2987 5422 3044 5477 in
3070 5422 3253 5478 anima
3278 5439 3377 5479 sua
3407 5424 3662 5480 futurum
3696 5439 3805 5481 sa:-

534 5507 910 5578 Opcrationem
942 5506 1168 5572 habere,
1200 5509 1329 5578 quia
1360 5509 1475 5566 haec
1491 5510 1560 5565 ab
1587 5510 1680 5565 illa
1710 5513 1976 5579 nascitur,
2002 5514 2110 5569 sic-
2214 5512 2399 5567 culum
2421 5513 2534 5584 jam
2575 5514 2873 5583 praesentit.
2906 5514 3011 5581 Qui
3042 5514 3177 5570 dicit
3208 5530 3266 5570 se
3307 5516 3601 5586 reliquisse
3634 5532 3805 5571 mun-

536 5608 599 5656 ut
641 5598 794 5669 Spica
843 5597 914 5654 de
954 5598 1105 5654 nudo
1148 5614 1317 5671 grano
1351 5620 1362 5654 :
1394 5610 1451 5657 et
1481 5602 1590 5657 illis
1624 5603 1720 5672 qui
1752 5619 1863 5659 non
1904 5604 2112 5660 habent
2144 5663 2184 5679 n
2214 5604 2345 5659 dum
2372 5614 2429 5661 et
2453 5606 2632 5676 litigat
2665 5621 2790 5661 cum
2823 5606 3141 5663 hominibus
3169 5622 3268 5678 pro
3298 5624 3401 5662 usu
3430 5608 3507 5662 rei
3536 5608 3803 5679 alicujus,

534 5663 910 5763 operationem
954 5663 1176 5756 animai:
1205 5692 1515 5762 spiritualia
1562 5663 1706 5749 dona
1739 5694 1960 5751 desunt.
2006 5697 2112 5751 ιτ..
2144 5663 2184 5719 Β
2214 5710 2393 5765 neque
2428 5663 2639 5766 spectat
2667 5696 2735 5752 ad
2768 5698 3010 5768 quietem
3048 5663 3223 5762 suam,
3271 5697 3514 5750 minatur
3560 5663 3745 5752 eidem
3788 5715 3805 5749 ε

535 5787 699 5839 bores
720 5783 885 5855 hujus
908 5782 1208 5853 δεουιίηυί
1236 5798 1337 5855 pro
1364 5784 1605 5840 vanitate
1628 5783 1786 5853 ﬁunt,
1812 5802 1921 5841 non
1954 5802 2106 5842 com-
2214 5801 2393 5842 caecus
2425 5796 2508 5841 est
2533 5788 2760 5842 omnino
2797 5788 2909 5853 hic,
2941 5787 3071 5858 quia
3102 5803 3305 5858 corpus
3334 5788 3559 5856 quidem
3594 5788 3804 5841 volun-

532 5884 794 5946 parantur
826 5874 1033 5932 divitiis
1080 5890 1204 5948 qua:
1236 5884 1555 5950 praeparata
1582 5886 1713 5935 sunt
1738 5877 2110 5951 allligentibus
2216 5879 2354 5935 tarie
2396 5880 2621 5951 penitus
2664 5880 2997 5951 dereliquit;
3043 5896 3145 5953 pro
3173 5896 3285 5936 uno
3328 5890 3513 5937 autem
3542 5879 3803 5936 membro
