4112 6588
287 494 396 559 813

1322 494 1555 557 LIBER
1594 493 1693 554 DE
1736 492 2191 554 CONTEMPTU
2230 494 2505 556 MUNDI.

3456 500 3554 565 8H

286 611 413 680 ejus
456 607 632 677 litigat
664 614 831 677 atque
858 615 1087 677 pugnat.
1116 605 1220 673 Qui
1255 605 1395 677 fugit
1436 604 1726 676 pmsentis
1754 603 1879 657 vitae
1908 608 1952 663 Α
1981 604 2112 658 tiam
2143 614 2199 659 et
2228 616 2631 676 paupertatem,
2658 618 2715 663 ut
2748 624 2778 664 a
2804 610 3152 681 dispersione
3186 620 3314 668 tuus
3345 614 3555 669 animus

289 699 556 770 quietem,
605 698 769 767 hujus
814 714 972 753 mens
1014 698 1261 753 futurum
1306 699 1566 754 sarculum
1602 696 1871 751 intuetur.

287 794 395 859 Qui
444 808 575 846 vero
610 792 914 861 cupiditate
966 791 1170 862 ligatur
1217 791 1317 864 (Ι),
1368 807 1562 846 servus
1608 790 1873 845 vitiorum

287 885 530 940 exsistit.
564 885 643 939 Ne
672 893 853 954 putes,
883 885 1030 955 quod
1062 885 1135 940 sit
1174 884 1450 953 cupiditas
1475 892 1720 954 quazstus
1753 882 1873 937 auri

292 976 676 1030 tantummodo
723 983 779 1029 et
826 975 1062 1045 argenti,
1094 974 1189 1029 sed
1222 974 1277 1028 in
1314 974 1631 1045 cujuslibet,
1664 973 1722 1034 in
1766 987 1875 1042 qua

296 1064 553 1117 voluntas
597 1073 689 1117 tua
735 1065 1030 1133 dependet.
1068 1064 1148 1118 Ne
1182 1063 1376 1119 laudes
1422 1064 1578 1119 illum
1611 1063 1707 1134 qui
1749 1078 1876 1118 cor-

291 1156 560 1225 poraliter
593 1171 652 1211 sc
692 1155 905 1225 afﬂigit,
938 1165 1117 1211 tamen
1146 1166 1231 1213 est
1259 1156 1516 1213 sensibus
1551 1156 1873 1222 dissolutus,

289 1248 555 1303 videlicet
579 1248 773 1323 auditu
806 1261 861 1303 et
883 1264 980 1304 ore
1010 1249 1234 1312 diffuso,
1264 1266 1329 1305 ac
1355 1250 1531 1305 oculis
1557 1249 1872 1320 impudicis.

278 1340 352 1397 ,Si
384 1339 606 1410 quando
635 1340 829 1394 animae
858 1341 1108 1410 posueris
1142 1341 1427 1406 terminos,
1458 1349 1521 1395 ut
1556 1356 1655 1410 per
1695 1339 1875 1410 poeni-

292 1433 522 1488 tentiam
549 1432 790 1488 aediﬁces
828 1433 1203 1503 temetipsum,
1233 1443 1290 1489 et
1332 1450 1443 1488 non
1473 1448 1690 1504 quzeras
1715 1430 1877 1504 justi-

292 1528 429 1581 tiam
459 1528 515 1581 in
550 1528 719 1582 rebus
750 1526 946 1582 alienis
978 1544 990 1579 :
1020 1526 1075 1581 in
1106 1527 1212 1582 hoc
1232 1527 1473 1582 animam
1502 1540 1652 1582 tuam
1681 1541 1875 1581 assue-

292 1636 439 1685 scas,
465 1634 536 1674 ne
551 1618 792 1674 videaris
816 1634 925 1673 una
946 1618 1173 1689 quidem
1195 1634 1361 1673 manu
1384 1633 1640 1688 operans,
1657 1617 1876 1688 aliaque

294 1714 638 1784 dispergens.
685 1713 805 1767 lllic
834 1712 987 1767 enim
1032 1711 1351 1767 sollicitudo
1394 1719 1585 1767 nostra
1632 1719 1738 1776 est,
1783 1712 1877 1767 hic

292 1822 429 1861 vero
459 1806 711 1861 dilatatio
747 1806 956 1862 cordis.
988 1805 1142 1861 Scias
1168 1805 1317 1876 quod
1348 1805 1629 1861 dimittere
1656 1805 1875 1861 debito-

295 1900 457 1954 ribus
486 1898 694 1961 debita,
740 1898 809 1954 de
852 1898 1115 1969 Operibus
1143 1898 1372 1970 iustitia:
1400 1906 1521 1964 est;
1547 1906 1603 1954 et
1631 1906 1761 1953 tunc
1789 1897 1874 1953 vi-

294 1992 457 2049 debis
479 1992 935 2062 tranquillitatem
965 1992 1210 2063 undique
1233 2008 1359 2047 cum
1394 1992 1707 2062 splendore.
1740 1991 1877 2048 Cum

294 2085 615 2140 ascenderis
636 2084 779 2140 viam
803 2085 1055 2157 justitias,
1076 2084 1390 2141 adhaerebis
1418 2092 1525 2140 tuae
1552 2084 1608 2140 in
1638 2084 1786 2140 omni
1818 2100 1877 2141 re

294 2177 562 2233 libertati.

365 2266 600 2333 Quidam
644 2276 961 2323 sanctorum
1005 2267 1164 2333 dixit,
1208 2267 1355 2338 quod
1400 2266 1739 2333 misericors,
1769 2266 1878 2323 nisi

296 2357 392 2413 fiat
415 2360 619 2428 justus,
650 2374 829 2413 cazcus
856 2366 961 2424 est,
990 2368 1051 2413 ut
1076 2375 1145 2413 ex
1169 2359 1256 2415 his
1282 2359 1376 2415 det
1404 2358 1550 2423 aliis,
1580 2375 1702 2430 quae
1728 2360 1880 2414 labo-

296 2450 455 2504 ribus
477 2450 717 2520 propriis
743 2450 1057 2521 acquisivit,
1085 2466 1198 2506 non
1223 2466 1291 2506 ex
1326 2452 1615 2522 acquisitis
1638 2467 1739 2522 per
1767 2467 1881 2506 ma-

297 2544 647 2600 chinationes
677 2553 733 2599 et
762 2543 1070 2610 mendacia,
1103 2544 1347 2616 perjuria
1393 2552 1451 2601 et
1493 2544 1782 2600 falsitates.
1823 2545 1880 2600 Si

296 2637 383 2692 vis
423 2637 696 2692 seminare
746 2636 801 2690 in
844 2637 1203 2707 pauperibus,
1239 2637 1308 2692 de
1358 2637 1599 2707 propriis
1643 2638 1877 2692 semina.

296 2727 432 2782 Nam
458 2728 503 2782 si
532 2727 601 2782 de
624 2727 821 2783 alienis
854 2729 1234 2795 seminaveris,
1261 2736 1428 2784 erunt
1458 2729 1682 2784 zizaniis
1726 2745 1879 2786 ama-

296 2822 469 2876 riora.
502 2821 612 2893 Ego
636 2837 772 2876 vero
811 2821 956 2887 dico,
986 2822 1136 2893 quod
1180 2822 1288 2879 nisi
1320 2823 1413 2878 fiat
1441 2823 1757 2879 misericors
1783 2840 1878 2879 su-

296 2927 396 2982 pra
420 2913 715 2984 justitiam,
748 2929 859 2969 non
884 2924 970 2971 est
988 2914 1307 2971 misericors
1335 2934 1347 2968 :
1378 2915 1431 2970 id
1460 2923 1566 2979 est,
1595 2916 1740 2985 quod
1766 2932 1876 2971 non

298 3007 478 3061 solum
527 3006 845 3061 hominibus
890 3007 1223 3062 misereatur
1268 3007 1336 3061 de
1384 3007 1641 3077 propriis,
1676 3007 1772 3062 sed
1821 3018 1879 3064 et

297 3098 573 3153 sustineat
600 3114 724 3153 cum
752 3097 939 3152 laetitia
973 3098 1227 3168 injuriam
1266 3098 1336 3153 ab
1362 3099 1593 3163 eisdem,
1620 3115 1686 3154 ac
1710 3100 1876 3156 etiam

298 3189 631 3244 misereatur
653 3189 919 3259 ipsorum.
946 3188 1084 3245 Cum
1111 3198 1294 3244 autem
1316 3190 1584 3261 justitiam
1611 3207 1710 3260 per
1731 3191 1879 3246 elee-

1976 697 2287 767 colligatur.
2317 700 2707 759 Aﬂ‘abilitatem
2749 705 2879 760 odio
2922 706 3153 762 habebis
3188 706 3287 778 (5),
3318 716 3378 762 ut
3408 712 3551 780 cogi-

1979 791 2217 848 tationes
2246 801 2368 849 tuas
2396 795 2514 850 sine
2547 797 2866 854 turbatione
2890 814 3210 854 conserves.
3244 800 3485 855 Retrahe
3512 812 3560 857 te

1976 882 2158 952 ipsum
2188 900 2221 939 a
2257 887 2467 953 multis,
2515 896 2572 943 et
2614 904 2744 944 cura
2780 890 2849 945 de
2896 890 3079 946 anima
3122 901 3236 956 tua,
3264 898 3328 945 ut
3377 906 3563 946 serves

1976 990 2099 1030 eam
2146 992 2176 1031 a
2220 977 2567 1049 dispersione
2613 983 3031 1053 tranquillitatis
3080 984 3331 1039 internas.
3385 983 3564 1055 Dilige

1977 1067 2308 1135 castitatem,
2355 1080 2417 1126 ut
2447 1087 2560 1127 non
2594 1072 2954 1129 confundaris
2995 1083 3246 1145 tempore
3292 1075 3561 1130 orationis

1979 1168 2115 1227 tuae;
2150 1171 2207 1216 et
2238 1162 2292 1217 in
2328 1165 2593 1221 memoria
2640 1166 2838 1224 mortis
2884 1169 3222 1225 accendatur
3263 1169 3455 1226 laetitia
3503 1170 3559 1224 in

1977 1251 2145 1307 corde
2177 1261 2292 1309 tuo.
2331 1255 2400 1312 Ut
2433 1271 2464 1311 a
2506 1257 2719 1328 magnis
2750 1274 2862 1314 non
2890 1260 3135 1329 exeidas,
3168 1270 3364 1318 caveto
3394 1260 3494 1318 tibi
3529 1278 3564 1317 a

1977 1344 2182 1412 parvis.
2211 1345 2334 1401 Non
2374 1346 2451 1403 sis
2481 1348 2666 1405 lentus
2699 1350 2755 1405 in
2802 1352 3128 1421 operatione
3162 1362 3275 1421 tua,
3323 1369 3395 1409 ne
3426 1369 3561 1409 con-

1976 1432 2229 1490 fundaris
2255 1451 2386 1491 cum
2418 1438 2640 1494 steteris
2673 1439 2729 1494 in
2762 1440 2946 1496 medio
2975 1441 3283 1497 amicorum
3313 1450 3558 1507 tuorum,

1975 1532 2033 1581 et
2055 1525 2357 1585 inveniaris
2380 1530 2501 1586 sine
2524 1531 2765 1599 viaticis,
2790 1548 2856 1588 ac
2881 1541 2935 1589 te
2959 1535 3138 1589 solum
3166 1535 3223 1590 in
3250 1536 3352 1591 viae
3378 1535 3561 1591 medio

1977 1620 2391 1693 derelinquant.
2437 1624 2867 1697 lntelligibiliter
2913 1626 3179 1682 confitere
3220 1642 3388 1698 opera
3430 1636 3558 1692 tua,
3602 1629 3611 1635 “

1975 1729 2045 1770 ne
2078 1730 2108 1768 a
2141 1722 2257 1770 toto
2289 1732 2459 1772 cursu
2505 1724 2601 1772 tuo
2642 1718 3070 1790 derelinquaris.
3102 1720 3343 1791 Acquire
3388 1720 3561 1777 liber-

1976 1810 2144 1859 tatem
2192 1805 2248 1859 in
2281 1807 2705 1862 conversatione
2737 1816 2853 1874 tua,
2889 1816 2950 1862 ut
2994 1807 3252 1863 libereris
3282 1823 3313 1863 a
3350 1815 3560 1878 tempe-

1978 1904 2139 1954 state.
2171 1898 2253 1954 Ne
2280 1898 2491 1954 vincias
2514 1899 2825 1955 libertatem
2860 1898 2915 1955 in
2947 1901 3231 1972 voluptate
3262 1902 3466 1965 carnis,
3492 1916 3563 1955 ne

1979 2003 2175 2044 servus
2199 2004 2487 2044 servorum
2513 1989 2631 2045 fias.
2664 1991 2723 2045 In
2754 1992 2956 2047 vestitu
2984 2002 3081 2048 tuo
3112 1992 3278 2062 dilige
3303 1993 3434 2047 vilia
3473 1993 3563 2047 in-

1980 2079 2266 2147 dumenta,
2292 2090 2353 2135 ut
2383 2080 2630 2136 orientes
2665 2080 2721 2135 in
2760 2090 2813 2135 te
2849 2081 3291 2154 cogitationesa
3311 2083 3559 2152 abjicias,

1979 2170 2191 2225 scilicet
2222 2169 2477 2227 elationis
2507 2189 2519 2225 :
2546 2186 2672 2227 nam
2705 2172 2800 2242 qui
2829 2173 3116 2243 splendida
3140 2171 3344 2245 diligit,
3376 2174 3565 2229 humi-

1979 2263 2060 2319 les
2086 2263 2450 2335 cogitationes
2491 2264 2696 2320 habere
2733 2280 2843 2320 non
2891 2274 3095 2335 potest,
3120 2265 3249 2337 quia
3286 2281 3386 2321 cor
3412 2275 3566 2322 exte-

1980 2356 2225 2412 rioribus
2264 2355 2690 2427 figurationibus
2728 2355 3110 2412 confirmatur.
3154 2355 3288 2423 Quis
3330 2354 3565 2427 diligens

1983 2448 2318 2519 turpiloquia
2352 2455 2534 2518 potest
2567 2447 2773 2513 habere
2811 2447 3074 2503 mundam
3110 2447 3399 2502 mentem?
3429 2445 3566 2515 Quis

1979 2555 2040 2596 se
2073 2539 2248 2623 ﬁngit,
2282 2547 2344 2593 ut
2383 2538 2453 2594 ab
2496 2538 2817 2595 hominibus
2844 2539 3136 2611 glorietur,
3165 2548 3223 2594 et
3256 2548 3437 2609 potest
3469 2554 3568 2594 coo

1980 2626 2276 2698 gitationes
2318 2627 2560 2683 humiles
2601 2628 2872 2699 adipisci?
2919 2630 3017 2686 νει
3071 2630 3197 2701 quis
3243 2630 3565 2687 luxuriosus

1980 2720 2255 2776 exsisteus
2282 2730 2340 2776 et
2364 2719 2670 2776 dissolutus
2694 2722 2982 2787 membris,
3009 2730 3190 2792 potest
3230 2721 3345 2777 ﬁeri
3377 2730 3565 2778 mente

1979 2812 2222 2869 mundus
2254 2821 2314 2868 et
2358 2813 2583 2869 humilis
2614 2813 2819 2869 corde?
2853 2813 2992 2869 Cum
3035 2830 3193 2870 mens
3234 2831 3264 2870 a
3310 2814 3565 2871 sensibus

1982 2905 2244 2970 trahitur,
2273 2914 2402 2961 tunc
2431 2921 2557 2960 cum
2602 2905 2683 2961 eis
2712 2905 2899 2960 cibum
2945 2906 3188 2961 comedit
3233 2906 3562 2962 bestiarum.

1978 2997 2118 3053 Cum
2153 3013 2286 3052 vero
2317 3012 2514 3053 sensus
2540 2996 2903 3052 retrahuntur
2942 3013 2973 3052 a
3022 3008 3227 3062 mente,
3271 3014 3397 3054 cum
3446 2999 3565 3069 ipsa

1978 3089 2163 3144 statim
2198 3090 2518 3160 angelorum
2549 3090 2738 3145 cibum
2787 3098 3094 3145 assumunt.
3124 3089 3469 3146 Abstinentia
3508 3100 3567 3147 et

1980 3183 2240 3239 retractio
2273 3191 2583 3253 sequuntur
2623 3183 3019 3239 humilitatem.
3050 3184 3199 3239 Vana
3233 3184 3407 3255 gloria
3431 3200 3565 3239 vero

299 3294 584 3350 mosynam
618 3280 771 3344 vicit,
814 3289 1112 3335 coronatur
1156 3297 1264 3335 non
1313 3282 1534 3336 coronis
1578 3298 1701 3351 quae
1749 3291 1878 3337 sunt
1904 3299 1946 3358 ο
1980 3292 2117 3345 opus
2144 3285 2229 3333 est
2262 3277 2554 3347 superbire,
2590 3276 3083 3346 fornicationisque
3127 3275 3400 3331 ministra.
3446 3276 3565 3331 llu-

300 3371 357 3425 in
388 3372 509 3443 lege
538 3373 837 3442 justorum,
869 3372 966 3427 sed
992 3373 1211 3427 coronis
1235 3388 1356 3442 quae
1386 3382 1515 3427 sunt
1548 3374 1602 3427 in
1628 3374 1880 3444 Evange-

297 3464 377 3521 lio
408 3465 808 3535 perfectorum.
839 3465 975 3520 Nam
1002 3465 1149 3534 qubd
1172 3465 1375 3535 aliquis
1401 3465 1495 3521 det
1518 3467 1878 3536 pauperibus,

297 3566 357 3612 et
385 3557 597 3611 nudum
628 3556 843 3620 induat,
869 3566 927 3611 et
968 3556 1164 3628 diligat
1194 3557 1503 3627 proximum
1534 3558 1679 3613 sicut
1707 3566 1883 3613 semet

299 3649 505 3719 ipsum,
534 3664 638 3703 nec
682 3648 949 3720 injustum
989 3647 1175 3713 faciat,
1202 3664 1307 3704 nec
1341 3650 1509 3703 etiam
1551 3650 1878 3717 mentiatur;

298 3739 419 3795 haec
444 3748 500 3794 et
524 3739 579 3792 in
608 3739 962 3794 Testamento
989 3739 1175 3795 Veteri
1206 3738 1586 3794 continentur.
1618 3739 1723 3795 Sed
1755 3756 1883 3810 per-

297 3831 467 3885 fectio
515 3831 846 3902 evangelica:
898 3830 1330 3901 dispensationis
1378 3831 1459 3887 sic
1491 3831 1881 3902 praecipitzAb

298 3924 574 3994 auferente
618 3925 707 3979 tibi
756 3934 849 3979 tua
894 3941 999 3978 non
1044 3926 1257 3995 exigas,
1307 3932 1355 3978 et
1408 3925 1551 3978 omni
1596 3927 1791 3996 petenti
1834 3936 1883 3979 te

298 4016 473 4071 tribue
515 4018 553 4069 ⁸.
588 4016 657 4070 Et
690 4032 799 4071 non
837 4016 1016 4071 solum
1060 4016 1291 4086 injurias
1336 4032 1521 4071 rerum
1553 4025 1610 4072 et
1653 4024 1883 4072 ceteros

295 4118 534 4165 eventus
579 4109 922 4164 extrinsecos
965 4108 1127 4163 decet
1171 4108 1447 4164 sustinere
1490 4123 1615 4163 cum
1659 4108 1879 4179 gaudio,

297 4213 493 4252 verum
528 4197 583 4250 in
608 4198 819 4267 optimo
847 4198 1085 4251 animam
1118 4196 1248 4266 poni
1290 4212 1391 4266 pro
1436 4196 1605 4252 fratre
1636 4215 1648 4250 :
1681 4197 1771 4253 hic
1797 4207 1885 4254 est

297 4289 451 4343 enim
487 4288 824 4353 misericors,
854 4297 910 4343 et
950 4303 1060 4343 non
1102 4288 1196 4343 ille
1225 4287 1321 4358 qui
1358 4288 1740 4343 tantummodo
1781 4303 1882 4359 pro

258 4380 450 4434 ‘dono
495 4379 757 4434 fratribus
806 4380 1120 4434 miseretur.
1160 4379 1230 4433 Et
1277 4378 1595 4448 quicunque
1642 4378 1885 4434 audierit

296 4472 389 4527 vel
420 4472 624 4527 viderit
651 4472 952 4542 quidquam
985 4469 1318 4526 contristans
1348 4470 1575 4525 fratrem
1607 4486 1792 4537 suum,
1826 4481 1885 4526 et

298 4565 536 4620 adustus
578 4564 746 4618 fuerit
790 4562 866 4634 (2)
903 4547 1089 4628 corde,
1123 4562 1214 4618 hic
1258 4562 1576 4618 misericors
1615 4570 1699 4618 est
1728 4579 1878 4618 vere.

1981 3369 2185 3424 militas
2214 3376 2444 3438 propter
2473 3370 2794 3423 continuam
2824 3368 3219 3424 retractionem
3254 3383 3407 3423 suam
3432 3385 3568 3424 con-

1984 3461 2341 3529 templatione
2365 3460 2611 3515 occurrit
2635 3461 2990 3531 animamque
3012 3469 3176 3516 ornat
3202 3460 3256 3515 in
3285 3462 3561 3517 castitate.

1986 3552 2129 3606 Vana
2157 3552 2330 3622 gloria
2360 3561 2589 3623 propter
2611 3553 2930 3609 continuam
2966 3554 3342 3609 turbationem
3372 3564 3427 3610 et
3457 3555 3569 3611 fer-

1981 3639 2374 3695 mentationem
2399 3641 2795 3712 cogitationum
2831 3658 3055 3697 suarum
3084 3659 3206 3714 qum
3232 3644 3368 3699 fiunt
3396 3645 3471 3715 (4)
3498 3661 3567 3702 ex

1982 3744 2217 3785 occursu
2268 3746 2489 3797 rerum,
2524 3732 2817 3788 thesauros
2864 3734 3111 3789 continet
3151 3745 3467 3791 exsecratos
3509 3745 3568 3792 et

1980 3823 2199 3892 polluit.
2237 3821 2347 3878 Cor
2384 3823 2564 3894 ipsum
2610 3839 2741 3880 vero
2784 3833 3013 3882 naturas
3052 3843 3236 3882 rerum
3279 3828 3567 3885 luxurioso

1982 3912 2233 3968 intuetur
2275 3921 2534 3982 aspectu,
2572 3921 2629 3969 et
2678 3914 2735 3969 in
2780 3916 3038 3986 turpibus
3076 3916 3569 3988 imaginationibus

1982 4004 2115 4061 facit
2154 4012 2393 4060 mentem
2446 4005 2691 4060 studere.
2727 4005 3021 4063 Humilitas
3047 4022 3272 4078 quoque
3301 4024 3399 4080 per
3429 4024 3567 4063 con-

1984 4098 2397 4169 templationem
2423 4098 2788 4169 spiritualiter
2816 4100 3122 4155 retrahitur
3143 4101 3242 4173 (5),
3264 4111 3321 4157 et
3344 4100 3413 4157 ad
3437 4117 3571 4158 con-

1984 4193 2361 4264 templandum
2397 4194 2571 4250 Deum
2600 4204 2788 4251 monet
2817 4197 3209 4268 acquisitorem
3238 4213 3421 4253 suum.

2594 4327 2818 4386 CAPUT
2858 4330 2947 4385 Ill.

2560 4443 2637 4498 De
2668 4443 2972 4501 solitudine.

2050 4553 2172 4609 Noli
2204 4570 2527 4625 comparare
2554 4556 2822 4613 facientes
2845 4559 2999 4631 signa
3025 4569 3081 4616 et
3106 4563 3354 4635 prodigia
3380 4574 3436 4621 et
3461 4566 3572 4620 vir-

301 4656 592 4719 Similiter,
620 4655 713 4725 qui
751 4669 1049 4724 percussus
1094 4670 1125 4708 a
1166 4652 1338 4708 fratre
1377 4669 1500 4719 suo,
1546 4661 1729 4709 motus
1773 4670 1883 4709 non
1914 4641 1963 4703 Ι)
1990 4653 2135 4700 tutes
2158 4646 2214 4700 in
2236 4647 2464 4713 mundo,
2490 4647 2598 4702 illis
2622 4648 2717 4718 qui
2744 4649 2799 4704 in
2825 4651 3124 4707 solitudine
3148 4663 3278 4709 sunt
3304 4656 3567 4711 scienter.

298 4750 471 4804 fuerit
489 4749 557 4803 ad
583 4749 878 4804 dicendum
902 4746 1114 4817 aliquid
1138 4747 1286 4818 quod
1311 4747 1601 4802 contristet
1620 4762 1716 4803 cor
1738 4748 1879 4819 ejus,

300 4841 624 4897 misericors
650 4850 753 4896 est.

923 4976 1151 5034 CAPUT
1188 4976 1256 5031 II.

762 5089 839 5143 De
861 5089 1053 5161 vigilia:
1078 5088 1421 5160 pretiositate.

358 5206 755 5278 Operationem
770 5204 1080 5274 vigiliarum
1100 5201 1304 5256 habeas
1323 5199 1717 5271 pretiosam,ut
1734 5198 1886 5255 inve-

299 5302 425 5355 nias
448 5298 883 5353 consolationem
914 5293 1446 5364 appropinquantem
1482 5290 1539 5345 iu
1559 5290 1742 5345 anima
1769 5299 1881 5345 tua.

299 5395 603 5448 Persevera
639 5391 825 5460 legens
851 5388 907 5442 in
936 5384 1256 5451 solitudine,
1287 5392 1348 5439 ut
1375 5399 1593 5454 semper
1614 5398 1769 5439 mens
1792 5392 1885 5439 tua

298 5486 367 5538 ad
413 5484 511 5539 Dei
547 5482 821 5537 mirabilia
856 5480 1184 5536 deducatur.
1219 5476 1394 5549 Dilige
1441 5484 1623 5531 autem
1668 5476 1885 5546 patien-

376 5623 393 5655 ¹
423 5622 614 5677 Matth.
644 5638 698 5685 ν,
731 5619 821 5681 M,
848 5618 937 5673 42.

402 5736 453 5803 1)
482 5734 670 5806 Cupid.
706 5732 1117 5806 ligatyr._Ed_iti,
1139 5730 1602 5806 cupiditaligatus.

396 5808 455 5877 2)
487 5802 701 5877 Adust._
719 5802 902 5874 fuerit.
935 5803 1104 5877 Editi,
1135 5802 1312 5877 ortast.
1355 5802 1474 5877 fuit.

375 5871 456 5948 (5)
510 5871 887 5948 Αῆαὸίιῐεηεειη
932 5873 1050 5948 odio
1078 5873 1303 5928 habebit.
1356 5871 1566 5948 Aﬁ'a_b_i_l.
1598 5872 1885 5948 -intellige,

302 5942 556 6022 aﬂ'omen,
585 5947 799 6017 affatus,
838 5944 1137 6000 comitatem
1161 5942 1435 5999 sermonis.
1468 5942 1762 6011 Nimirum,
1800 5943 1889 5997 hic

1990 4736 2164 4808 Dilige
2197 4738 2371 4792 otium
2406 4738 2722 4795 solitudinis
2762 4741 2888 4811 plus
2914 4758 3078 4812 quam
3112 4745 3422 4801 esurientes
3467 4761 3571 4801 sze-

1988 4830 2098 4885 culi
2125 4838 2396 4895 saturare,
2428 4838 2484 4884 et
2506 4839 2832 4887 convertere
2862 4833 3062 4888 multas
3093 4844 3284 4904 gentes
3307 4837 3376 4891 ad
3413 4838 3571 4909 agni-

1992 4923 2196 4976 tionem
2242 4937 2539 4991 superuam
2569 4932 2625 4977 et
2655 4923 2725 4978 ad
2774 4924 3043 4981 honorem
3090 4928 3208 4982 Dei.
3257 4928 3453 4985 Melius
3487 4939 3574 4986 est

1988 5014 2135 5069 enim
2176 5029 2207 5068 a
2242 5013 2453 5083 peccati
2488 5014 2711 5070 vinculo
2751 5017 2964 5072 solvere
2994 5019 3372 5090 temetipsum,
3405 5037 3577 5090 quam

1988 5106 2227 5161 liberare
2291 5121 2479 5161 servos
2539 5122 2570 5161 a
2628 5109 2917 5164 servitute.
2979 5109 3278 5183 Gregorius
3332 5129 3581 5187 namque

1991 5200 2132 5255 dixit
2160 5220 2171 5253 :
2199 5201 2411 5256 Bonum
2443 5210 2527 5257 est
2562 5202 2892 5273 theologiam
2923 5204 3091 5260 edere
3119 5215 3349 5278 propter
3376 5208 3581 5273 Deum,

1991 5292 2085 5347 sed
2134 5292 2332 5347 melius
2376 5299 2462 5346 est
2504 5291 2655 5362 quod
2705 5292 2950 5363 seipsum
3000 5295 3230 5351 mundet
3262 5296 3388 5367 quis
3436 5298 3581 5367 apud

1992 5385 2187 5440 Deum.
2220 5384 2415 5438 Melius
2439 5392 2524 5439 est
2554 5384 2653 5439 tibi
2686 5385 2974 5454 pacilicare
3007 5386 3064 5441 in
3108 5388 3289 5443 anima
3322 5396 3412 5445 tua
3454 5392 3583 5443 uui-

1995 5486 2158 5532 tatcm
2188 5474 2475 5531 Trinitatis
2494 5492 2615 5545 qua:
2650 5477 2703 5530 in
2736 5485 2785 5531 te
2815 5487 2919 5542 est,
2952 5494 3117 5547 quam
3146 5480 3439 5551 pacificare
3481 5480 3579 5551 dq-

1994 5747 2295 5856 segessum,
2338 5732 2717 5799 solitudinem,
2785 5736 3067 5793 silentium
3097 5752 3289 5797 auctor
3344 5746 3578 5802 suadere

1994 5820 2044 5856 νι
2089 5813 2233 5856 etur.

1993 5813 2233 5857 videtur.

2068 5875 2146 5939 (4)
2180 5872 2362 5927 Fiunt.
2386 5874 2469 5928 Al.
2496 5884 2640 5929 eunt.

2071 5944 2147 6017 (5)
2176 5943 2503 5999 Retrahitur.
2539 5945 2619 6000 Al.
2659 5956 2798 6001 retro
2834 5950 3033 6017 agitur.
