4112 6568
553 481 658 547 815

1911 482 1970 540 S.
2012 481 2260 543 ISAACI
2301 482 2474 544 SYRI

3725 485 3834 551 816

551 595 732 653 ctrina
780 602 872 648 tua
915 592 1224 648 discordes.
1254 590 1450 649 Melius
1487 599 1572 648 est
1612 590 1712 647 tibi
1750 591 2134 662 breviloquum
2167 600 2211 656 Α
2240 594 2521 658 scientiae,
2572 592 2836 648 delectari
2889 592 3279 663 promeruisti,
3327 604 3522 649 contra
3571 595 3834 667 Spiritum

553 704 696 753 esse,
730 701 857 742 cum
893 685 1092 742 doctus
1129 686 1208 741 sis
1239 695 1296 741 et
1333 685 1568 755 peritus,
1596 701 1760 757 quam
1799 685 2046 756 proferre
2079 686 2137 738 in

553 781 862 837 subtilitate
891 779 1098 835 mentis
1122 779 1454 845 doctrinam,
1485 780 1643 849 quasi
1678 787 2004 834 torrentem.
2032 779 2138 832 Ex-

552 874 708 944 pedit
754 873 856 929 tibi
890 872 1194 929 sollicitum
1224 887 1344 926 esse
1384 871 1451 926 ad
1485 871 1835 944 erigendum,
1877 870 2024 940 quod
2069 871 2137 926 de

549 968 733 1023 anima
763 967 821 1020 in
849 967 1000 1022 vitiis
1023 973 1112 1022 est
1134 966 1437 1036 collapsum
1472 981 1573 1036 per
1610 974 1820 1020 motum
1855 964 2140 1035 cogitatio-

552 1078 687 1118 num
717 1072 938 1117 tuarum
967 1061 1024 1116 in
1051 1060 1218 1116 rebus
1247 1059 1472 1126 divinis,
1501 1075 1664 1130 quam
1690 1067 1942 1113 mortuos
1965 1058 2137 1112 susci-

554 1167 693 1212 tare.
734 1154 892 1210 Multi
929 1153 1140 1224 operati
1179 1161 1309 1209 sunt
1334 1153 1567 1208 virtutes
1594 1160 1650 1206 et
1678 1161 1930 1206 mortuos
1964 1150 2139 1205 susci-

557 1255 766 1312 tarunt,
793 1254 850 1301 et
876 1248 1227 1317 postmodum
1258 1243 1363 1314 ipsi
1388 1244 1483 1314 qui
1511 1241 1864 1298 viviﬁcarnnt
1885 1241 2043 1306 alios,
2070 1239 2137 1293 ad

560 1339 926 1397 exsecrabilia
968 1346 1023 1393 et
1066 1335 1356 1392 horribilia
1387 1334 1732 1396 ceciderunt,
1767 1343 1824 1388 et
1848 1332 1977 1388 facti
2009 1341 2140 1388 sunt

559 1434 683 1488 aliis
708 1432 762 1486 in
789 1430 1141 1495 scandalum;
1171 1430 1298 1498 quia
1343 1443 1469 1481 cum
1505 1426 1822 1481 inﬁrmitate
1851 1424 2022 1480 animi
2056 1424 2137 1478 la-

556 1525 839 1587 borarent,
887 1521 957 1576 de
1003 1520 1238 1575 sanitate
1272 1518 1496 1588 pr0pria
1539 1533 1649 1572 non
1693 1524 1992 1582 curarunt;
2041 1516 2136 1571 sed

556 1620 936 1684 exposuerunt
959 1626 1018 1666 se
1043 1611 1180 1665 mari
1206 1610 1371 1680 hujus
1391 1609 1576 1664 saeculi
1600 1607 1669 1663 ad
1691 1607 1998 1663 sanandum
2022 1606 2140 1662 ani-

551 1695 670 1760 mas
716 1705 976 1768 aliorum,
1023 1701 1156 1756 dum
1203 1701 1306 1771 ipsi
1349 1708 1696 1772 aegrotarent.
1739 1699 1876 1754 Nam
1911 1714 2137 1753 suorum

553 1795 847 1851 inﬁrmitas
871 1807 1134 1849 sensuum
1162 1791 1381 1846 obstare
1409 1806 1518 1844 non
1557 1797 1770 1860 poterat
1800 1787 2030 1842 ﬂammte
2055 1801 2141 1842 re-

552 1903 674 1942 rum
707 1883 1031 1939 habentium
1066 1898 1135 1938 ex
1165 1880 1568 1936 consuetudine
1611 1879 1871 1932 vitiorum
1906 1876 2140 1931 diﬁicul-

552 1988 743 2034 tatem.
786 1975 984 2031 Adhuc
1042 1972 1280 2045 egebant
1325 1985 1523 2026 cavere
1573 1969 1710 2034 sibi,
1761 1983 1831 2024 ne
1883 1967 2139 2022 viderent
2171 1943 2212 1997 Β

552 2075 834 2134 mulieres,
876 2079 972 2126 aut
1001 2068 1265 2139 pecunias
1310 2064 1680 2137 possiderent,
1727 2077 1906 2132 neque
1939 2076 2139 2131 praees-

553 2176 676 2222 sent
725 2165 882 2228 aliis,
927 2177 1032 2218 nec
1080 2170 1276 2217 contra
1335 2172 1667 2229 quemquam
1718 2155 2134 2210 extollerentur.

553 2259 751 2315 Melius
788 2266 874 2312 est
917 2255 1018 2309 tibi
1061 2250 1368 2308 existimari
1397 2248 1533 2304 viris
1560 2248 1877 2319 imperitum
1908 2246 1979 2300 ob
2015 2245 2140 2301 bre-

554 2351 782 2406 vitatem
808 2345 1055 2403 scientia:
1078 2344 1146 2400 ad
1177 2342 1596 2414 disputandum,
1624 2353 1788 2411 quam
1813 2354 1936 2394 esse
1966 2352 2138 2392 unum

555 2445 626 2500 de
655 2440 1001 2513 sapientibus
1033 2433 1544 2509 prazsumptoribus.

1172 2568 1399 2627 CAPUT
1435 2568 1524 2624 IV.

902 2687 980 2741 De
1001 2685 1155 2741 modo
1177 2682 1436 2756 arguendi
1464 2680 1780 2754 peccatores.

626 2804 808 2875 Argue
840 2797 1288 2855 contradicentes
1314 2795 1414 2850 tibi
1461 2795 1519 2850 in
1561 2792 1690 2859 ﬁde,
1715 2792 1986 2850 virtutum
2017 2801 2142 2847 tua-

557 2911 680 2952 rum
725 2891 995 2964 potentia,
1032 2905 1144 2944 non
1179 2885 1644 2960 suggestibilitate
1686 2885 2008 2940 verborum.
2056 2883 2145 2938 ln-

555 2987 885 3044 ﬂexibilium
907 2997 1128 3054 quoque
1153 2979 1613 3052 prmsumptiones
1633 2975 2060 3033 mansuetudine
2079 2987 2144 3029 ac

556 3079 953 3150 tranquillitate
1010 3076 1304 3131 verborum
1366 3081 1587 3128 tuorum
1651 3069 1890 3126 refrena.
1961 3067 2144 3138 Argue

557 3155 871 3228 luxuriosas
915 3181 1021 3225 tua:
1065 3164 1505 3224 conversationis
1531 3163 1891 3228 mobilitates,
1927 3171 1985 3216 et
2017 3175 2144 3216 sen-

2240 686 2595 756 blaspbcmia:
2624 701 2869 756 praepara
2931 686 3163 756 teipsum
3193 695 3250 740 et
3289 703 3464 741 arma.
3496 686 3630 743 Sine
3664 691 3838 745 armis

2240 793 2350 832 non
2383 788 2495 833 stes
2527 777 2582 832 in
2629 778 2732 832 hac
2771 779 3019 849 regione,
3067 793 3139 834 ne
3188 779 3258 833 ab
3307 779 3733 836 insidiatoribus
3780 791 3837 835 et

2239 869 2650 940 decipientibus
2696 885 2862 940 quam
2911 870 3078 925 citius
3129 870 3420 926 occidaris.
3473 871 3598 927 Sint
3644 880 3834 928 autem

2243 962 2339 1018 tibi
2364 978 2464 1033 pro
2493 963 2663 1018 armis
2679 964 2938 1036 lacryma:
2960 964 3344 1035 jejuniumque
3367 964 3660 1035 frequens.
3685 965 3835 1022 Cave

2244 1057 2341 1111 tibi
2367 1073 2437 1111 ne
2461 1056 2793 1112 documenta
2823 1056 3208 1112 haereticorum
3235 1057 3385 1128 legas
3412 1076 3426 1111 :
3451 1059 3556 1114 hoc
3575 1059 3726 1114 enim
3749 1069 3836 1116 est

2239 1148 2386 1219 quod
2411 1148 2769 1218 blasphemiae
2792 1149 3048 1218 spiritum
3072 1157 3264 1203 contra
3290 1159 3344 1204 te
3367 1149 3605 1220 amplius
3627 1158 3830 1207 armat.

2238 1239 2376 1296 Cum
2412 1241 2715 1310 repleveris
2741 1250 3013 1305 ventrem,
3046 1256 3154 1295 non
3190 1249 3241 1295 te
3269 1241 3452 1312 pigeat
3472 1243 3548 1297 “ad
3581 1252 3836 1299 scrutan-

2241 1331 2373 1388 dum
2399 1333 2607 1403 aliquid
2627 1330 2697 1388 de
2720 1332 2924 1388 divinis
2947 1333 3139 1398 rebus,
3168 1349 3239 1389 ne
3265 1335 3539 1389 movearis
3569 1335 3667 1406 (7).
3693 1335 3834 1390 Nam

2241 1424 2296 1479 in
2325 1433 2520 1480 ventre
2546 1425 2777 1494 repleto,
2804 1433 3146 1480 secretorum
3179 1425 3275 1481 Dei
3319 1426 3552 1481 scientia
3587 1443 3698 1480 non
3732 1442 3834 1482 ex-

2241 1517 2428 1572 sistit:
2459 1517 2702 1588 intellige
2747 1517 2893 1587 quod
2945 1517 3050 1573 tibi
3101 1518 3249 1573 dico.
3282 1517 3426 1588 Lege
3471 1519 3734 1574 continue
3775 1529 3836 1574 et

2241 1608 2634 1663 insatiabiliter
2655 1609 2710 1662 in
2741 1609 2898 1662 libris
2919 1609 3206 1663 doctorum
3231 1610 3299 1664 de
3321 1609 3669 1679 previdentia
3696 1611 3792 1664 Dei
3817 1628 3834 1675 ;

2240 1700 2369 1770 quia
2405 1701 2508 1770 ipsi
2555 1701 2801 1771 dirigunt
2829 1709 3068 1755 mentem
3113 1701 3181 1756 ad
3212 1702 3545 1756 intuendum
3573 1703 3835 1758 ordinem

2241 1801 2621 1848 creaturarum
2669 1792 2765 1847 Dei
2801 1801 2864 1847 et‘
2885 1807 3116 1862 cperum
3149 1794 3290 1864 ejus,
3321 1803 3378 1848 et
3412 1793 3681 1849 roborant
3707 1811 3838 1850 eam

2241 1899 2308 1939 ex
2333 1885 2485 1954 ipsis,
2515 1894 2570 1939 et
2593 1893 2782 1954 aptant
2803 1883 2870 1938 ad
2897 1885 3295 1954 acquirendum
3326 1885 3674 1940 intellectum
3706 1886 3842 1941 illu-

2241 1976 2509 2030 minatnm
2534 1987 2603 2031 e‘x
2629 1977 2878 2034 claritate
2921 1979 3188 2048 ipsorum,
3219 1987 3276 2032 et
3318 1977 3385 2032 ad
3427 1977 3841 2032 consideratio-

2239 2083 2366 2124 nem
2399 2081 2777 2125 creaturarum
2802 2071 2899 2125 Dei
2934 2085 3059 2126 cum
3098 2070 3372 2126 munditia
3402 2069 3613 2125 faciunt
3634 2070 3843 2125 ambu-

2240 2161 2376 2216 lare.
2407 2161 2552 2233 Lege
2600 2161 2654 2216 in
2690 2161 3024 2232 Evangeliis,
3053 2169 3115 2216 ut
3158 2162 3422 2216 viaticum
3462 2162 3719 2233 acquiras
3763 2178 3843 2218 ex

2240 2252 2524 2323 dispositis
2557 2269 2586 2308 a
2614 2254 2727 2309 Deo
2765 2253 2833 2308 ad
2865 2269 3234 2324 supernorum
3267 2254 3599 2325 agnitionem
3629 2255 3684 2310 in
3717 2265 3842 2311 toto

2240 2345 2470 2410 mundo,
2513 2345 2718 2400 virtute
2759 2346 3122 2416 providentite
3171 2362 3303 2401 suae.
3345 2347 3842 2419 Peregrinationes

2240 2438 2487 2510 singulas
2515 2455 2770 2510 operare,
2807 2449 2868 2493 ut
2909 2455 3065 2494 mens
3104 2449 3196 2494 tua
3242 2439 3297 2495 in
3345 2439 3438 2496 Dei
3483 2440 3843 2496 mirabilibus

2240 2527 2628 2599 profundetur,
2660 2537 2717 2585 et
2745 2529 3062 2600 huiusmodi
3106 2529 3316 2585 idcirco
3347 2539 3444 2586 tuo
3479 2531 3655 2588 labori
3698 2546 3840 2587 coa-

2242 2629 2453 2693 ptetnr.
2486 2621 2565 2676 Ne
2598 2621 2706 2676 sint
2738 2637 2910 2692 penes
2937 2630 2991 2676 te
3033 2636 3318 2677 sermones
3359 2622 3686 2691 peritorum,
3719 2625 3842 2680 sci-

2242 2711 2374 2768 licet
2413 2711 2781 2779 falsariorum,
2816 2721 2872 2767 et
2904 2713 2999 2782 qui
3044 2712 3231 2768 divina
3281 2714 3501 2784 eloquia
3547 2714 3838 2781 vendunt;

2245 2815 2441 2860 utnon
2476 2819 2763 2860 remaneas
2798 2805 2852 2858 in
2888 2804 3132 2860 tenebris
3162 2821 3336 2876 usque
3377 2805 3445 2861 ad
3494 2807 3656 2863 ﬁnem
3703 2809 3844 2864 vita:

2245 2905 2373 2961 tute,
2400 2906 2456 2952 et
2487 2897 2762 2954 defectum
2798 2896 3024 2968 patiaris
3059 2897 3528 2955 incommoditatis
3561 2901 3839 2971 ipsorum,

2243 3004 2309 3044 ac
2342 2989 2422 3045 sic
2466 2989 2829 3046 fermentatus
2865 2990 3127 3045 terrearis
3167 2998 3414 3061 tempore
3457 3007 3656 3064 pugna:
3699 3001 3836 3058 tuae,

2244 3091 2301 3138 et
2326 3083 2381 3136 in
2405 3081 2618 3137 foveam
2644 3081 2858 3138 incidas
2878 3082 3170 3137 occasione
3193 3083 3567 3154 percipiendae
3589 3095 3844 3139 commo-

2246 3171 2438 3228 ditatis
2468 3188 2535 3228 ex
2567 3171 2724 3243 ipsis.
2763 3173 2822 3228 In
2856 3172 3177 3228 omnimoda
3224 3174 3623 3244 tranquillitate
3664 3175 3843 3230 lectio

558 3280 681 3317 sum
719 3262 950 3332 impium
988 3259 1162 3314 ducas
1204 3258 1491 3313 oculorum
1537 3255 1848 3312 retentione
1895 3261 2141 3308 tuorum.
2171 3282 2214 3340 C
2250 3264 2348 3319 tibi
2380 3263 2492 3330 ﬁat,
2523 3273 2580 3320 et
2611 3272 2732 3319 esto
2760 3264 2904 3319 libel-
2933 3264 2984 3335 5
3027 3281 3057 3319 a
3102 3266 3274 3320 multa
3305 3265 3678 3322 sollicitudine
3705 3282 3842 3321 cor-

561 3356 922 3425 Peregrinum
970 3363 1024 3410 te
1071 3353 1277 3408 sentias
1325 3351 1583 3419 omnibus
1627 3349 1828 3404 diebus
1872 3347 2000 3403 vitae
2037 3354 2146 3401 tua:

559 3461 896 3519 quocunque
935 3441 1312 3516 ingrediaris,
1360 3449 1424 3496 ut
1470 3456 1500 3496 a
1549 3440 1754 3494 damno
1796 3437 1980 3508 possis
2023 3435 2146 3492 erui

561 3536 712 3609 quod
752 3553 782 3590 a
823 3535 1122 3591 securitate
1171 3531 1464 3603 contingit.
1497 3529 1559 3600 In
1586 3527 1738 3585 omni
1784 3535 2037 3597 tempore
2071 3534 2150 3579 te-

562 3627 744 3698 ipsum
771 3633 968 3696 reputa
1010 3623 1150 3679 nihil
1185 3623 1351 3688 scire,
1385 3630 1440 3676 ut
1475 3621 1693 3691 culpam
1725 3617 1957 3688 etl'ugias
1982 3631 2148 3687 quam

561 3720 694 3774 facit
733 3716 978 3788 suspicio
1015 3714 1252 3771 volentis
1285 3715 1483 3770 sistere
1512 3721 1707 3769 contra
1742 3711 1972 3766 alterius
2003 3711 2151 3766 arbi-

561 3811 732 3865 trium
777 3807 1132 3878 disputantis.
1181 3806 1482 3862 Persevera
1515 3819 1738 3875 semper
1785 3819 1882 3859 ore
1922 3801 2152 3858 benedi-

559 3895 762 3964 cendo,
809 3910 868 3955 et
911 3913 1196 3968 nunquam
1241 3895 1614 3951 tnaledixeris.
1661 3895 1799 3951 Nam
1832 3893 2151 3950 benedictio

563 3991 1008 4048 benedictionem
1047 3990 1201 4054 facit,
1229 3997 1285 4043 et
1319 3987 1637 4043 maledictio
1679 3985 2146 4042 maledictioncm.

561 4085 623 4140 in
649 4084 800 4138 omni
837 4099 896 4138 re
931 4082 1168 4152 teipsum
1191 4081 1400 4136 aestima
1424 4094 1587 4151 egere
1614 4079 1890 4143 doctrina,
1916 4087 1972 4133 et
2002 4079 2153 4132 inve-

563 4175 737 4230 nieris
781 4175 1004 4244 sapiens
1035 4173 1296 4227 omnibus
1325 4171 1522 4226 diebus
1551 4171 1677 4226 vitae
1702 4180 1828 4225 tum.
1853 4170 1932 4225 Ne
1966 4169 2154 4224 tradas

563 4268 868 4340 quidquam
895 4267 1081 4331 alicui,
1111 4264 1359 4320 nondum
1382 4263 1530 4334 quod
1561 4261 2051 4333 comprehendisti.
2073 4261 2152 4316 Ne

471 4389 475 4395 ’
563 4360 983 4422 verecunderis,
1025 4359 1070 4414 si
1123 4359 1178 4413 in
1229 4358 1347 4428 ipso
1395 4365 1452 4411 et
1501 4372 1569 4411 ex
1603 4355 2011 4425 comparatione
2045 4363 2153 4409 tua!

564 4451 1010 4509 conversationis
1036 4451 1101 4506 ad
1138 4451 1308 4516 illam,
1342 4459 1449 4505 tum
1479 4448 1794 4504 traditionis
1827 4447 2036 4502 falsitas
2066 4463 2154 4503 re-

566 4547 804 4602 veletur.
840 4544 1064 4615 Siquid
1122 4545 1229 4599 tale
1261 4543 1527 4613 loquaris,
1578 4541 1748 4597 alicui
1798 4555 1909 4596 non
1957 4549 2156 4596 temet-

2248 3357 2400 3428 poris
2427 3371 2724 3426 rerumque
2760 3356 3097 3424 turbatione,
3127 3366 3188 3412 ut
3218 3357 3602 3415 delectabilem
3645 3369 3842 3430 gusta-

2250 3448 2455 3504 tionem
2500 3449 2554 3504 in
2584 3449 2768 3505 anima
2793 3457 2887 3505 tua
2913 3459 3100 3520 gustes
3131 3465 3231 3521 per
3259 3451 3476 3506 dulcem
3511 3453 3842 3508 considera-

2249 3539 2454 3594 tionem
2482 3556 2604 3609 qua:
2629 3548 2854 3611 superat
2880 3555 3101 3597 omnem
3127 3557 3371 3609 sensum,
3399 3552 3455 3599 et
3485 3547 3692 3599 sentiet
3713 3560 3842 3600 eam
3893 3535 3896 3538 ’

2249 3632 2431 3687 anima
2477 3642 2569 3688 tua
2609 3635 3014 3704 perseverando
3049 3636 3107 3690 in
3138 3635 3274 3706 ipsa.
3307 3635 3436 3691 Haec
3468 3636 3570 3690 tibi
3618 3636 3690 3692 sit
3737 3653 3844 3707 pro

2249 3726 2408 3796 signo
2435 3727 2490 3782 in
2525 3727 2693 3784 rebus
2719 3743 2856 3800 quas
2880 3728 3070 3785 subire
3098 3729 3346 3795 voluisti,
3384 3743 3457 3785 ne
3499 3728 3568 3784 de
3613 3730 3843 3802 regione

2252 3817 2343 3871 illa
2376 3817 2697 3889 egrediaris.

2868 3955 3095 4013 CAPUT
3136 3957 3222 4012 Vl.

2647 4067 2726 4122 De
2762 4069 3208 4141 contemplatione
3238 4087 3438 4150 rerum.

2403 4123 2430 4146 κ

2322 4177 2462 4234 Cum
2494 4179 2766 4250 inceperit
2790 4181 2965 4250 gratia
2995 4189 3122 4235 tuos
3147 4181 3340 4237 oculos
3369 4182 3588 4252 aperire
3611 4181 3681 4237 ad
3706 4198 3844 4252 per-

2253 4269 2575 4340 cipiendum
2617 4272 3142 4340 contemplationem
3208 4287 3394 4327 rerum
3469 4274 3523 4327 in
3580 4272 3841 4338 veritate,

2255 4371 2390 4418 tunc
2440 4363 2628 4418 statim
2673 4363 2944 4433 incipient
2995 4365 3141 4420 oculi
3181 4365 3260 4419 tui
3288 4363 3521 4420 fundere
3566 4365 3845 4436 lacrymas

2253 4457 2414 4527 quasi
2449 4455 2680 4520 ﬂumen,
2701 4465 2761 4511 ut
2795 4456 3079 4511 multoties
3116 4456 3371 4524 laventur
3402 4471 3471 4510 ex
3499 4455 3845 4511 abundantia

2255 4563 2408 4618 genae
2453 4556 2581 4602 tuae.
2630 4547 2699 4602 Et
2735 4555 2867 4601 tunc
2914 4557 3092 4602 cessat
3118 4563 3298 4618 pugna
3329 4562 3591 4602 sensuum
3617 4588 3632 4612 ,
3674 4556 3847 4604 etre-

569 4639 753 4710 ipsum
808 4637 1093 4703 ostendes,
1137 4635 1286 4706 Quod
1312 4634 1672 4690 suiﬁcicnlior
1701 4633 1757 4687 in
1781 4647 1849 4688 eo
1878 4632 1988 4698 sis;
2012 4640 2073 4687 ιιι
2098 4641 2155 4687 et
2187 4624 2231 4682 υ
2259 4638 2502 4694 trahitur
2526 4639 2698 4694 intus.
2722 4637 2778 4692 Si
2800 4638 2924 4709 quis
2945 4639 3219 4709 justorum
3253 4638 3506 4694 docuerit
3533 4641 3842 4705 contraria,

565 4732 917 4787 auditoribus
950 4729 1202 4786 ordinem
1225 4728 1556 4783 humilitatis
1575 4725 1854 4791 ostendas,
1876 4735 1932 4782 et
1955 4741 2052 4781 eos
2084 4725 2153 4780 ad

565 4824 906 4880 audiendum
943 4823 1106 4879 verba
1139 4831 1251 4887 tua,
1289 4820 1356 4876 ad
1392 4819 1730 4876 currendum
1764 4818 1832 4874 ad
1877 4818 2154 4888 operatio-

568 4933 695 4972 nem
747 4917 999 4981 inducas,
1025 4924 1082 4971 et
1127 4913 1224 4970 ﬁas
1251 4912 1583 4968 venerabilis
1613 4911 1670 4966 in
1712 4911 1890 4966 oculis
1927 4925 2154 4965 eorum-

569 5009 715 5063 dem.
740 5010 814 5063 De
839 5006 1154 5080 hujusmodi
1179 5007 1346 5061 rebus
1371 5005 1445 5077 (6)
1467 5006 1696 5074 loquere
1719 5019 1846 5058 cum
1874 5002 2150 5074 lacrymis,

573 5112 633 5156 ut
664 5102 765 5156 tibi
798 5102 1014 5172 prosint
1043 5108 1099 5156 et
1127 5099 1504 5164 audientibus,
1536 5105 1591 5153 et
1620 5096 1794 5168 gratia
1824 5095 1920 5150 Dei
1944 5095 2053 5150 erit
2080 5105 2158 5150 te-

573 5211 722 5251 cum.

1201 5325 1428 5382 CAPUT
1465 5325 1529 5381 Υ.

680 5442 1030 5514 Blasphemite
1070 5441 1282 5509 spiritui
1314 5439 1573 5510 quomodo
1605 5439 1673 5491 sit
1710 5435 2027 5490 obviandum

647 5556 708 5612 Si
728 5556 797 5612 ad
817 5529 922 5611 Dei
948 5555 1178 5628 gratiam
1201 5549 1504 5622 pervenisti
1527 5558 1583 5604 et
1613 5549 1667 5603 in
1695 5538 2164 5618 contemplatione

579 5658 964 5707 creaturarum
1003 5647 1101 5702 Dei
1129 5643 1456 5709 visibilium,
1489 5640 1634 5712 quod
1669 5648 1754 5696 est
1785 5641 1998 5711 primus
2027 5639 2163 5695 ordo

657 5806 676 5834 ’
703 5809 864 5863 Prov.
905 5821 1030 5872 xxv,
1062 5805 1152 5861 i6.

659 5962 734 6034 (6)
764 5963 839 6018 De
875 5963 1179 6035 Imjusmodi
1198 5962 1365 6018 rebus.
1388 5959 1558 6027 Editi,
1589 5958 1666 6014 De
1682 5958 1838 6029 hujus
1864 5957 2034 6010 rebus.

2257 4746 2328 4786 ne
2357 4730 2555 4788 credas
2586 4730 2692 4800 ipsi
2720 4748 2734 4784 :
2761 4746 2887 4785 nam
2920 4739 3122 4800 praeter
3151 4731 3420 4802 lacrymas
3442 4729 3590 4785 aliud
3617 4731 3844 4802 signum

2255 4838 2367 4878 non
2414 4837 2628 4893 quaeras
2669 4837 2699 4876 a
2733 4837 2984 4892 corpore.
3033 4821 3207 4889 Quam
3250 4823 3360 4878 cito
3403 4822 3553 4878 enim
3601 4838 3762 4877 mens
3811 4839 3844 4877 a

2259 4913 2534 4969 creaturis
2587 4910 2879 4977 attollitur,
2943 4920 3059 4967 tum
3095 4927 3299 4984 corpus
3351 4922 3460 4968 tam
3494 4928 3525 4968 a
3560 4913 3842 4985 lacrymis,

2257 5021 2422 5076 quam
2450 5022 2480 5060 a
2517 5005 2876 5061 sensualitate
2927 5004 3141 5060 recedit
3185 5023 3199 5059 :
3252 5005 3384 5060 Cum
3421 5003 3526 5059 mel
3556 5007 3845 5070 inveneris,

2264 5117 2330 5154 ne
2346 5100 2467 5152 inde
2499 5097 2729 5167 repletus
2752 5115 2982 5167 evomas,
3011 5116 3074 5153 ea:
3106 5100 3218 5170 ipso
3255 5100 3464 5154 comede
3506 5099 3778 5154 moderate
3800 5104 3847 5156 ⁸.

2262 5190 2469 5246 Natura
2525 5191 2675 5246 enim
2721 5191 2918 5245 anima:
2963 5200 3152 5246 tenuat
3185 5207 3273 5246 res
3317 5199 3376 5245 ct.
3415 5192 3553 5247 levis
3601 5192 3848 5248 exsistit.

2266 5279 2575 5351 Aliquando
2609 5280 2756 5335 enim
2817 5280 3059 5351 psallens
3092 5281 3369 5338 desiderat
3395 5279 3698 5336 ascendere
3752 5296 3853 5335 su-

2265 5387 2361 5442 pra
2432 5381 2692 5426 naturam
2726 5387 2912 5438 suam;
2963 5373 3246 5430 multoties
3293 5383 3474 5428 autem
3524 5388 3554 5426 a
3603 5372 3853 5429 lectione

2267 5462 2675 5533 Scripturarum
2755 5473 2812 5519 et
2873 5465 3338 5533 contemplatione
3396 5479 3581 5519 rerum
3663 5463 3855 5534 aliqua

2267 5546 2685 5618 comprehendit
2715 5565 2726 5601 :
2756 5561 2881 5602 cum
2905 5562 3038 5601 vero
3061 5557 3418 5618 comparatur
3441 5547 3528 5602 his
3550 5562 3676 5617 quae
3698 5561 3857 5601 com-

2269 5638 2544 5709 prehensa
2583 5647 2735 5704 sunt,
2781 5637 2850 5692 ab
2879 5637 2970 5692 illa
3014 5638 3436 5695 insuﬁicientior
3495 5647 3552 5694 et
3596 5637 3856 5694 timidior

2337 5954 2413 6028 (7)
2438 5955 2714 6009 Movent-is.
2741 5947 2908 6020 Alias,
2939 5957 3153 6011 moveri.
