4102 6524
306 430 409 494 817

1373 434 1603 495 LIBER
1643 436 1739 495 DE
1776 437 2231 502 CONTEMPTU
2268 441 2544 503 MUNDI.

3477 435 3583 501 818

304 552 540 615 apparet
607 542 915 597 secundum
970 558 1084 598 suae
1121 543 1507 613 dispositionis
1552 561 1893 609 mensuram,
1928 559 1969 612 Α
2005 556 2094 602 tur
2126 565 2157 603 a
2187 549 2448 615 lectione,
2485 550 2710 620 quando
2742 558 2853 604 stat
2888 550 2943 604 in
2978 549 3253 613 oratione,
3286 556 3343 603 et
3367 565 3434 604 ex
3459 564 3584 603 ora-

306 644 569 706 rcSpectu
605 635 824 690 illorum
857 634 923 689 ad
950 652 1071 705 qua:
1106 636 1341 691 scientia
1372 638 1495 708 ejus
1524 638 1770 692 intravit.
1806 637 1897 693 Sic

305 736 365 784 et
421 729 650 784 inducat
688 729 743 784 in
788 728 1220 799 cogitationibus
1268 729 1385 785 suis
1442 731 1695 785 timorem
1728 740 1896 800 atque

305 829 631 885 tremorem,
661 830 719 875 et
771 819 996 875 festinet
1043 821 1229 876 redire
1271 821 1341 875 ad
1368 820 1619 875 infimum
1651 822 1736 876 sui
1767 838 1896 891 pro-

316 920 440 980 pter
480 910 859 975 formidinem,
905 922 1098 980 utpote
1129 927 1252 980 quae
1280 921 1429 965 mota
1477 920 1583 976 est,
1624 922 1681 967 et
1711 912 1779 967 de
1812 912 1898 967 his

309 1018 435 1071 quae
455 1019 621 1073 supra
653 1012 802 1066 sunt,
828 1003 1033 1058 divinis
1066 1004 1233 1059 rebus
1255 1004 1495 1059 scrutari
1527 1004 1895 1073 praasumpsit.

308 1096 449 1151 Nam
501 1106 733 1167 propter
777 1097 1127 1151 timiditatem
1173 1112 1358 1151 rerum
1387 1096 1624 1152 formido
1650 1098 1899 1167 quaedam

313 1189 376 1243 fit
401 1189 478 1254 ei,
511 1197 569 1243 et
591 1188 857 1244 discretio
890 1190 1046 1259 juvat
1087 1188 1433 1244 intellectum
1474 1189 1693 1254 animae,
1729 1200 1786 1243 ut
1819 1190 1899 1245 si-

312 1281 488 1337 lentio
516 1290 673 1336 vacet
700 1290 756 1336 et
780 1297 890 1335 non
923 1290 1235 1345 moveatur,
1255 1296 1325 1335 ne
1347 1290 1558 1352 pereat,
1584 1297 1689 1337 nec
1712 1282 1900 1353 exqui-

308 1383 399 1429 rat
424 1390 549 1445 qua:
570 1390 734 1444 supra
771 1390 831 1428 se
866 1384 996 1428 sunt
1020 1374 1221 1429 altiora
1257 1374 1299 1426 ⁸.
1330 1372 1468 1428 Cum
1498 1390 1631 1428 vero
1656 1382 1901 1443 potestas

312 1468 418 1523 tibi
468 1467 599 1522 data
646 1467 818 1522 fuerit
850 1466 1263 1526 considerandi.
1297 1482 1366 1522 ne
1396 1467 1673 1521 movearis
1705 1476 1899 1521 contra

309 1561 598 1633 mysteria,
631 1560 728 1615 sed
754 1559 946 1625 adora,
972 1558 1241 1630 glorifica,
1264 1568 1321 1614 et
1347 1560 1564 1615 silendo
1592 1570 1897 1631 regratare.

308 1653 449 1707 Nam
471 1653 617 1707 sicut
655 1667 764 1706 non
790 1652 1017 1721 expedit
1061 1652 1300 1707 multum
1333 1652 1515 1708 mellis
1539 1652 1832 1707 comedere
1856 1652 1898 1718 ⁸,

306 1746 394 1800 sic
413 1761 517 1801 nec
546 1745 615 1799 de
638 1743 842 1800 divinis
873 1744 1112 1815 eloquiis
1140 1745 1477 1814 perscrutari
1511 1762 1526 1812 ;
1563 1761 1632 1800 ne
1668 1746 1902 1801 volenti-

310 1839 420 1893 bus
452 1838 658 1891 intueri
698 1853 787 1893 res
811 1836 1118 1899 breviores,
1152 1851 1255 1890 nec
1294 1836 1478 1892 adhuc
1519 1853 1614 1892 eas
1637 1854 1701 1892 ex
1737 1854 1901 1909 aspe-

2004 642 2153 697 tione
2193 642 2543 697 illuminatur
2582 642 2635 698 in
2686 644 2944 707 lectione,
2988 658 3053 697 ac
3082 642 3277 697 eodem
3320 643 3440 696 loco
3483 657 3581 697 ex.

2002 741 2153 787 tersa
2196 731 2327 789 fasce
2358 733 2824 797 fermentatiouis,
2857 733 3139 789 invenitur
3165 742 3276 787 tota
3313 732 3366 786 in
3407 736 3583 787 forma

2000 825 2289 880 orationis.
2333 825 2518 897 Turpe
2550 835 2637 882 est
2689 826 2871 881 carnis
2891 834 3168 880 amatores
3188 834 3243 879 et
3267 825 3584 895 gastrimar-

2001 932 2100 987 gos
2132 919 2201 973 de
2232 919 2400 975 rebus
2428 921 2813 991 spiritualibus
2835 920 3196 991 perscrutari.
3227 918 3445 989 Corpus
3467 936 3584 989 gra-

2002 1008 2145 1063 viter
2174 1018 2468 1079 aegrotans,
2505 1010 2623 1065 odit
2666 1010 2824 1066 cibos
2862 1024 3087 1080 asperos
3128 1016 3186 1063 et
3226 1009 3485 1080 repellit:
3529 1018 3587 1063 et

2002 1117 2159 1157 mens
2188 1103 2553 1159 saecularibus
2589 1104 2757 1160 rebus
2791 1103 3004 1159 intenta
3040 1118 3147 1157 non
3182 1111 3363 1173 potest
3385 1119 3586 1173 appro-

2000 1195 2273 1265 pinquare
2332 1197 2617 1252 scrutiniis
2662 1197 3003 1253 divinorum.
3059 1197 3207 1268 Ignis
3240 1198 3295 1252 in
3342 1198 3586 1253 humidis

1998 1285 2166 1355 lignis
2190 1299 2301 1339 non
2326 1286 2674 1351 accenditur,
2712 1295 2769 1342 ει
2798 1287 3024 1343 divinus
3049 1290 3201 1343 calor
3223 1288 3279 1343 in
3313 1289 3481 1344 corde
3504 1290 3587 1343 di-

1999 1376 2223 1446 ligentis
2251 1377 2499 1448 quietem
2530 1388 2588 1435 et
2634 1379 2836 1446 otium,
2879 1396 2991 1436 non
3034 1382 3295 1451 gignitur.
3340 1382 3589 1437 Meretri-

2002 1467 2084 1522 cis
2138 1485 2250 1524 non
2298 1478 2484 1525 manet
2523 1472 2767 1527 amicitia
2808 1488 2983 1543 penes
3038 1489 3211 1528 unum
3251 1491 3266 1527 :
3301 1482 3357 1528 et
3403 1475 3585 1527 anima

2001 1573 2124 1627 qua:
2149 1560 2401 1631 colligata
2429 1569 2515 1617 est
2552 1562 2609 1617 in
2643 1562 2811 1619 rebus
2839 1563 3113 1634 pluribus,
3149 1566 3204 1618 in
3236 1564 3443 1620 divinis
3475 1581 3587 1619 non

2000 1658 2286 1717 permanet
2320 1649 2692 1708 documentis.
2725 1652 3201 1719 Quemadmodum
3231 1654 3278 1709 is
3324 1656 3420 1725 qui
3473 1671 3585 1710 non

2002 1740 2141 1795 vidit
2175 1744 2354 1798 oculis
2387 1745 2504 1800 suis
2536 1745 2730 1810 solem,
2761 1762 2829 1801 ex
2861 1746 3053 1802 auditu
3098 1749 3216 1803 solo
3246 1764 3357 1803 non
3405 1757 3587 1818 potest

2004 1835 2240 1891 recitare
2261 1837 2519 1908 cuiquam
2552 1838 2735 1895 lumen
2765 1841 2907 1911 ejus,
2935 1857 3041 1897 nec
3072 1842 3272 1907 sentit;
3304 1843 3376 1897 ita
3404 1851 3463 1907 et
3494 1843 3587 1896 ille

308 1928 477 1982 ritate
514 1926 618 1982 via:
647 1927 987 1991 valentibus,
1019 1925 1338 1981 infirmetur
1381 1927 1612 1983 visionis
1636 1929 1815 1984 virtus
1844 1939 1901 1985 et
1934 1916 1975 1973 Β
2002 1927 2161 1998 cujus
2202 1929 2386 1984 anima
2421 1930 2775 1986 dulcedinem
2806 1933 3117 1988 cmlestium
3158 1948 3267 1988 non
3322 1935 3584 2006 gustavit.

304 2020 650 2076 offendatur.
694 2019 1006 2090 Aliquando
1041 2020 1193 2075 enim
1241 2020 1363 2075 loco
1418 2022 1673 2078 veritatis
1729 2023 1903 2093 phan-

308 2122 549 2174 tasmata
592 2112 839 2183 quzedam
865 2111 1168 2177 videntur;
1198 2120 1255 2167 et
1281 2128 1408 2168 cum
1436 2128 1593 2169 mens
1623 2114 1693 2169 ab
1728 2114 1905 2185 inqui-

310 2207 515 2261 sitione
547 2205 726 2260 activa
759 2214 1087 2275 occupatur,
1120 2205 1470 2260 obliviscitur
1500 2222 1613 2262 sua:
1647 2207 1906 2263 intentio-

308 2302 422 2355 nis.
488 2300 639 2354 Bene
686 2313 824 2369 ergo
866 2299 947 2353 ait
988 2299 1211 2367 sapiens
1250 2298 1506 2355 Salomon
1554 2300 1702 2370 quod
1747 2301 1903 2356 [ionio

306 2394 423 2447 sine
458 2392 726 2462 sapientia
764 2398 839 2444 est
880 2390 1013 2444 sicut
1054 2391 1240 2443 civitas
1284 2391 1398 2444 sine
1440 2408 1591 2445 muro
1612 2393 1655 2446 ⁸.
1702 2391 1901 2447 Munda

310 2484 503 2555 igitur,
535 2499 569 2538 ο
598 2483 785 2547 homo,
824 2483 1063 2537 animam
1102 2492 1272 2545 tuam,
1299 2489 1357 2537 et
1393 2491 1590 2538 excute
1615 2500 1645 2537 a
1679 2492 1729 2539 te
1753 2484 1901 2539 solli-

305 2574 618 2631 citudinem
672 2591 859 2630 rerum
912 2590 1034 2643 quae
1078 2582 1206 2629 sunt
1236 2583 1391 2629 extra
1434 2584 1693 2630 naturam
1724 2582 1899 2649 tuam,

306 2679 369 2724 ct
414 2669 772 2739 apprehende
822 2668 1155 2724 humilitatis
1200 2679 1258 2725 et
1305 2669 1575 2725 castitatis
1628 2669 1901 2724 velamina

306 2772 507 2819 contra
544 2763 862 2819 intellectus
889 2771 948 2819 et
989 2772 1174 2818 motus
1206 2772 1350 2818 tuos.
1383 2764 1451 2818 Et
1486 2778 1585 2833 per
1617 2763 1725 2817 hoc
1752 2763 1913 2816 inve;

308 2856 437 2912 nies
473 2855 527 2910 id
557 2854 707 2925 quod
737 2855 887 2910 intra
917 2864 970 2911 te
997 2862 1113 2920 est;
1141 2855 1444 2911 humilibus
1465 2854 1613 2910 enim
1642 2854 1899 2925 mysteria

309 2950 654 3006 revelantur.

929 3060 1157 3118 CAPUT
1191 3060 1304 3117 VII.

508 3176 587 3230 De
622 3177 863 3230 oratione
886 3183 935 3228 et
961 3174 1102 3228 lectio
1120 3190 1180 3228 ne
1214 3174 1339 3228 bene
1368 3172 1719 3227 instituenda.

384 3290 444 3347 Si
481 3291 565 3347 vis
595 3290 836 3346 animam
874 3299 1023 3345 tuam
1063 3289 1196 3344 dare
1232 3288 1302 3343 ad
1356 3288 1734 3359 operationem
1771 3303 1899 3343 ora-

309 3381 483 3439 tionis
516 3397 639 3452 quae
680 3380 911 3437 mundat
948 3390 1212 3445 mentem,
1243 3388 1301 3434 et
1331 3379 1808 3450 perseverantiam
1840 3379 1898 3433 in

312 3473 523 3544 vigiliis
560 3473 760 3538 noctis,
798 3475 995 3543 elonga
1043 3473 1281 3542 teipsum
1318 3471 1386 3527 ab
1420 3479 1649 3541 aspectu
1683 3470 1899 3535 mundi,

310 3564 542 3620 succide
572 3563 837 3634 colloqui,
875 3572 931 3617 ct
964 3563 1075 3617 noli
1105 3562 1362 3631 excipere
1385 3578 1453 3617 ex
1496 3562 1902 3617 consuetudine

311 3654 524 3708 amicos
561 3653 615 3706 in
640 3653 777 3707 cella
799 3661 913 3715 tua,
944 3668 1045 3707 nec
1070 3653 1236 3706 etiam
1264 3652 1368 3706 sub
1396 3653 1582 3722 specie
1613 3652 1901 3717 bonitatis,

314 3753 521 3815 praeter
555 3745 681 3799 illos
704 3744 801 3815 qui
828 3753 958 3799 sunt
1004 3744 1101 3798 tibi
1133 3745 1384 3815 ejusdem
1414 3744 1586 3799 moris
1610 3752 1667 3799 et
1687 3744 1903 3799 arbitrii

311 3854 383 3893 ac
426 3836 714 3892 societatis
744 3836 1023 3907 ejusdem.
1078 3836 1145 3890 Et
1187 3836 1378 3889 timeto
1416 3834 1904 3889 fermentationem

312 3928 618 3983 locutionis
642 3930 860 3991 anim-.13,
895 3943 1017 3998 quae
1049 3927 1541 3981 consuevit'invita
1573 3927 1807 3981 moveri.
1838 3927 1905 3981 Et

315 4029 610 4091 postquam
658 4019 960 4075 succideris
1002 4029 1057 4074 ct
1102 4018 1336 4073 solveris
1375 4018 1713 4073 exteriorem
1745 4018 1903 4073 locu-

316 4114 549 4177 tionem,
597 4114 868 4183 conjunge
901 4113 1136 4167 orationi
1185 4121 1288 4168 tua:
1318 4112 1795 4178 misericordiam;
1849 4122 1906 4166 et

314 4205 499 4259 anima
546 4214 637 4259 tua
692 4206 879 4259 lumen
929 4204 1181 4259 veritatis
1230 4204 1461 4260 videbit.
1507 4204 1645 4260 Nam
1694 4213 1905 4275 quanto

317 4300 494 4369 magis
549 4314 644 4353 cor
692 4299 762 4352 ab
815 4298 1143 4353 extrinsecis
1183 4298 1349 4353 rebus
1387 4298 1444 4351 in
1498 4298 1903 4369 tranquillitate

316 4399 527 4455 manet,
561 4400 712 4446 tanto
754 4391 927 4461 magis
960 4406 1116 4446 meus
1150 4399 1331 4461 potest
1365 4391 1611 4461 recipere
1649 4406 1905 4461 compre-

318 4483 666 4548 hensiouem,
697 4500 819 4554 qua:
841 4500 869 4539 a
908 4483 1351 4539 consideratione
1385 4484 1698 4539 intelleCtus
1737 4484 1905 4539 habet

2584 2054 2811 2113 CAPUT
2851 2057 2985 2113 VIII.

2566 2168 2643 2223 De
2673 2170 3024 2243 eleemosgna.

2076 2278 2131 2334 Si
2157 2280 2327 2335 habes
2352 2281 2484 2352 quid
2511 2282 2655 2338 ultra
2687 2285 3073 2342 necessitatem
3124 2298 3273 2344 tuam
3308 2287 3587 2356 diuntam,

2006 2373 2341 2442 pauperibus
2389 2375 2523 2431 illud
2575 2392 2762 2447 eroga,
2800 2386 2857 2433 et
2913 2378 3026 2435 eris
3062 2395 3188 2436 cum
3262 2384 3586 2439 securitate.

2003 2464 2153 2519 Oll'er
2185 2466 2467 2523 orationes
2508 2477 2651 2533 tuas,
2692 2469 2745 2524 id
2779 2480 2887 2532 est,
2924 2470 3155 2541 loquere
3184 2487 3309 2527 cum
3350 2474 3486 2541 Deo,
3511 2477 3590 2531 si-

2003 2566 2097 2610 cut
2133 2557 2278 2613 filius
2305 2575 2430 2613 cum
2453 2569 2610 2629 patre
2642 2576 2764 2616 suo.
2816 2562 2965 2617 Nihil
3000 2563 3133 2619 facit
3186 2564 3260 2620 ita
3293 2567 3593 2637 appropin-

2004 2664 2176 2717 quare
2205 2650 2338 2715 Deo,
2366 2651 2512 2707 sicut
2554 2653 2926 2725 elcemosyna.
2963 2656 3112 2711 Nihil
3140 2658 3211 2712 ita
3248 2658 3383 2714 facit
3415 2662 3589 2716 menti

2005 2742 2483 2811 tranquillitatem,
2501 2745 2646 2802 sicut
2676 2758 2972 2819 paupertas
2989 2766 3113 2822 quae
3134 2754 3449 2810 voluntarie
3470 2771 3593 2811 sus-

2004 2834 2231 2889 tinetur.
2291 2836 2486 2894 Melius
2523 2847 2610 2895 est
2642 2840 2741 2896 tibi
2770 2857 2800 2897 a
2833 2842 3091 2912 pluribus
3117 2847 3302 2901 vocari
3336 2848 3589 2915 idiotam,

2001 2942 2167 2996 quam
2220 2937 2446 2999 propter
2485 2931 2718 3002 gloriam
2748 2972 2765 2997 ,
2829 2935 3135 3005 sapientem
3201 2948 3368 3009 atque
3412 2940 3593 3011 perfe-

2002 3031 2171 3076 ctum.
2204 3023 2260 3079 Si
2289 3024 2415 3095 quis
2442 3041 2649 3097 equum
2677 3029 2985 3085 ascendens
3014 3032 3278 3088 extendat
3305 3034 3374 3088 ad
3400 3044 3451 3088 te
3470 3048 3585 3090 ma-

2003 3131 2134 3168 num
2162 3124 2222 3169 ut
2242 3119 2481 3189 accipiat
2505 3136 2535 3175 a
2569 3128 2619 3176 te
2637 3122 3070 3196 eleemosynam,
3090 3142 3161 3182 ne
3182 3128 3416 3197 repellas
3439 3143 3589 3195 eum,

2004 3206 2134 3275 quia
2167 3206 2260 3261 illo
2291 3217 2563 3279 tempore,
2593 3212 2739 3267 sicut
2765 3230 2910 3270 unus
2939 3214 3009 3270 de
3042 3218 3386 3287 pauperibus
3422 3235 3593 3290 egens

2004 3297 2129 3351 erit.
2158 3296 2297 3352 Cum
2327 3310 2513 3356 autem
2555 3302 2800 3369 dederis,
2833 3321 2958 3361 cum
3000 3308 3451 3379 magnanimitate
3498 3311 3591 3375 da,

2004 3400 2062 3445 et
2094 3390 2283 3447 vultus
2320 3392 2600 3451 hilaritate
2638 3397 2766 3467 plus
2809 3415 2974 3469 quam
3008 3401 3102 3455 ille
3128 3401 3353 3472 petierit
3384 3405 3591 3474 praebe.

2007 3480 2207 3536 Emitte
2230 3498 2490 3554 namque,
2511 3486 2743 3543 Domine
2760 3487 2861 3559 (8),
2882 3504 3078 3559 panem
3102 3500 3233 3548 tunc
3252 3504 3379 3549 ante
3393 3494 3587 3549 faciem
3624 3526 3631 3538 ι

2005 3574 2285 3642 pauperis,
2311 3585 2369 3629 et
2403 3584 2528 3646 post
2567 3579 2803 3634 multum
2852 3583 3119 3652 temporis
3161 3586 3588 3644 retributionem

2008 3664 2244 3720 videbis.
2276 3667 2355 3721 Ne
2375 3667 2661 3726 discernas
2710 3688 3009 3742 pauperem
3054 3692 3084 3730 a
3122 3676 3314 3743 divite,
3362 3681 3589 3750 nolique

2011 3756 2155 3812 scire
2188 3758 2412 3829 dignum
2447 3762 2515 3816 ab
2545 3762 2791 3834 indigno.
2819 3765 2926 3822 Sed
2963 3768 3073 3822 sint
3114 3771 3258 3838 apud
3301 3781 3352 3827 te
3394 3788 3590 3830 omnes

2010 3848 2264 3905 homines
2295 3854 2537 3921 aequales
2568 3854 2635 3909 ad
2672 3856 2900 3912 bonum.
2931 3857 3045 3915 Hoc
3068 3861 3233 3915 modo
3261 3866 3470 3932 poteris
3500 3867 3589 3921 iu-

2007 3941 2203 4013 dignos
2233 3944 2453 3999 trahere
2476 3946 2543 4001 ad
2584 3946 2816 4009 bonum,
2850 3952 2981 4019 quia
3015 3952 3126 4007 rito
3166 3956 3407 4009 trahitur
3469 3958 3594 4011 ani-

2007 4050 2095 4089 ma
2136 4050 2237 4104 per
2268 4038 2593 4107 temporalia
2628 4039 2685 4094 in
2713 4042 2813 4095 Dei
2855 4044 3133 4099 timorem.
3155 4046 3293 4102 Nam
3320 4056 3377 4102 et
3408 4049 3595 4104 Domi-

2006 4142 2115 4181 nus
2153 4128 2465 4196 publicanis
2516 4139 2574 4186 et
2610 4135 2999 4202 peccatoribus
3046 4140 3491 4196 communicabat
3535 4143 3592 4198 in

2008 4219 2235 4285 mensis,
2290 4237 2393 4277 nec
2419 4224 2711 4294 separabat
2742 4226 3017 4299 indignos,
3054 4238 3115 4285 ut
3152 4230 3256 4287 hoc
3284 4233 3450 4288 modo
3481 4242 3594 4289 tra-

2009 4310 2167 4366 heret
2209 4312 2277 4367 ad
2314 4313 2410 4369 Dei
2453 4316 2710 4373 timorem
2748 4321 3040 4378 universos
3060 4331 3117 4379 et
3158 4338 3259 4394 per
3285 4326 3592 4395 corporalia

2008 4404 2390 4474 spiritualibus
2417 4410 2875 4491 propinquarent.
2907 4414 2990 4470 Ob
3014 4415 3119 4471 hoc
3148 4417 3203 4472 in
3232 4418 3379 4473 bono
3408 4428 3463 4473 et
3497 4420 3595 4473 ho-

2009 4513 2144 4553 nore
2180 4514 2375 4555 onmes
2400 4501 2659 4560 homines
2687 4506 2774 4563 fac
2801 4509 3062 4579 aaquales,
3094 4513 3349 4579 quamvis
3370 4513 3596 4569 Judzcus

311 4592 462 4632 esse.
500 4578 598 4631 Est
628 4577 775 4632 enim
802 4592 919 4631 mos
942 4576 1140 4632 anima:
1163 4577 1273 4631 cito
1295 4585 1509 4632 mutare
1537 4577 1902 4647 colloquium,
1938 4599 1987 4658 ι)
2013 4590 2097 4644 vel
2130 4606 2375 4661 paganus
2409 4594 2480 4647 sit
2505 4611 2518 4657 ;
2551 4604 2608 4650 et
2637 4576 3030 4670 maximevquia
3052 4576 3224 4657 frater
3260 4612 3387 4658 tuus
3410 4614 3514 4668 est,
3542 4615 3597 4660 et

315 4671 365 4725 si
405 4679 587 4723 tamen
636 4668 1074 4724 laboraverimus
1108 4684 1332 4738 parvam
1365 4669 1704 4740 diligentiam
1748 4670 1906 4724 adhi-

322 4762 459 4816 bere
488 4778 500 4814 :
542 4761 703 4815 stude
732 4761 787 4814 in
830 4760 1164 4815 lectionibus
1192 4760 1609 4832 Scripturarum
1654 4778 1776 4831 qua:
1810 4763 1911 4817 de-

322 4862 641 4908 monstrant
669 4852 810 4906 viam
846 4852 1193 4918 subtilitatis,
1227 4854 1732 4923 contemplationis,
1765 4865 1821 4909 ct
1855 4855 1909 4908 in

323 4946 437 5000 vita
472 4954 836 5011 sanctorum;
877 4960 1193 5015 quanquam
1226 4960 1257 4999 a
1302 4945 1579 5015 principio
1620 4961 1732 5001 non
1781 4963 1909 5001 sen-

322 5039 429 5092 tias
475 5037 853 5101 dulcedinem,
914 5046 1144 5107 pr0pter
1204 5038 1639 5095 obtenebrantes
1688 5040 1913 5109 propiu-

319 5130 566 5199 quitates
588 5144 775 5183 rerum
805 5138 867 5184 ut
889 5138 1068 5184 mutes
1092 5129 1431 5198 colloquium
1462 5130 1516 5184 in
1548 5131 1908 5202 colloquium.

321 5222 393 5275 Et
426 5236 552 5275 cum
594 5221 905 5275 surrexeris
930 5220 998 5275 ad
1040 5221 1347 5276 orationem
1381 5228 1437 5276 et
1484 5221 1753 5291 regulam,
1792 5224 1912 5277 loco

322 5310 706 5365 meditationis
765 5310 1112 5365 sarcularium
1163 5325 1287 5380 qua:
1324 5308 1513 5364 vidisti
1565 5318 1621 5364 et
1660 5310 1908 5375 audisti,

324 5401 578 5457 invenies
634 5412 686 5456 te
747 5401 1104 5457 meditatione
1160 5401 1570 5472 Scripturarmn
1623 5420 1759 5474 quas
1824 5406 1903 5460 le-

322 5493 476 5564 gisti,
516 5503 573 5549 et
626 5493 1027 5549 recordationis
1086 5495 1305 5549 illormu
1338 5496 1906 5553 swculariumoblivi-

322 5585 521 5651 sccris,
556 5595 613 5641 et
648 5578 832 5641 taliter
863 5586 929 5640 ad
968 5587 1293 5640 mumlitiam
1342 5602 1496 5642 meus
1549 5588 1787 5644 accedit.
1838 5591 1905 5645 Et

326 5678 436 5733 hoc
455 5686 540 5733 est
569 5678 705 5733 illud
742 5679 889 5749 quod
919 5680 1184 5748 scriptum
1210 5689 1314 5744 est,
1352 5679 1498 5749 quod
1527 5681 1709 5736 anima
1741 5684 1904 5754 juva-

410 5793 431 5825 ³
458 5792 629 5849 Eccli.
664 5813 739 5863 Ill,
776 5796 867 5852 ‘22.
940 5797 960 5826 ⁸
996 5797 1159 5851 Prov.
1195 5814 1315 5863 xxv,
1354 5798 1443 5853 ‘27.
1519 5799 1539 5830 ⁵
1566 5798 1697 5856 ibid.
1731 5802 1819 5859 28.

405 5910 482 5982 (8)
518 5911 756 5969 Domine.
793 5916 975 5985 Forte,
1004 5917 1243 5972 Domino.

2009 4680 2077 4735 de
2120 4691 2321 4737 natura
2369 4694 2460 4739 tua
2496 4694 2552 4740 et
2582 4702 2613 4741 a
2651 4689 2887 4745 veritate
2914 4691 3034 4745 sine
3064 4693 3295 4747 scientia
3329 4693 3592 4750 deviavit.

2010 4770 2242 4837 Quando
2275 4773 2476 4831 feceris
2512 4777 2697 4833 alieno
2740 4778 2971 4847 bonum,
3020 4782 3445 4838 retributionem
3482 4800 3595 4840 non

2009 4876 2297 4935 exspectes
2322 4868 2391 4922 ab
2424 4869 2541 4930 illo,
2582 4879 2642 4925 et
2676 4873 2981 4928 secundum
3013 4883 3305 4945 utramque
3340 4892 3456 4931 rem
3503 4892 3595 4932 re-

2014 4961 2295 5015 tribuetur
2322 4962 2418 5016 tibi
2455 4978 2486 5017 a
2522 4964 2652 5019 Deo.
2694 4965 2762 5019 Et
2799 4966 2843 5021 si
2872 4967 2968 5021 tibi
3000 4968 3261 5038 possibile
3282 4970 3471 5033 fuerit,
3494 4986 3593 5025 ne-

2010 5067 2119 5123 que
2169 5061 2398 5123 propter
2426 5056 2851 5112 retributionem
2884 5059 3126 5113 futuram
3154 5059 3326 5116 facias
3362 5061 3591 5125 bonum,

2011 5141 2107 5196 sed
2141 5151 2368 5212 propter
2402 5158 2651 5200 amorem
2684 5147 2782 5201 Dei
2817 5147 2988 5204 facias
3015 5148 3365 5219 simpliciter.

2573 5282 2629 5353 θ
2664 5281 2898 5340 CAPUT
2936 5284 3025 5339 1x.

2574 5396 2651 5453 De
2678 5409 3013 5469 paupertate.

2009 5559 2013 5563 .
2085 5506 2137 5562 Si
2168 5510 2418 5577 posueris
2440 5509 2638 5565 animat
2681 5520 2786 5565 tute
2819 5509 3113 5566 terminum
3149 5515 3591 5584 paupertatis,et

2014 5613 2111 5668 per
2144 5600 2372 5670 gratiam
2414 5602 2511 5657 Dei
2541 5601 2713 5658 fueris
2738 5618 2767 5657 a
2796 5602 3265 5661 sollicitudinibus
3298 5607 3585 5669 liberatus.

2012 5698 2069 5744 ct
2106 5688 2161 5744 iu
2196 5699 2287 5746 tua
2315 5700 2644 5762 panpertate
2682 5692 2858 5751 factus
2897 5694 3064 5750 fueris
3088 5710 3254 5765 supra
3282 5695 3585 5760 mundum;
