  <div class='ocr_page' id='page_1' title='image "/cluster/home/n/w/nwhite01/storage/ocr_20150623/86:1/hvd.32044019208909/417.png"; bbox 0 0 4112 6538; ppageno 0'>
   <div class='ocr_carea' id='block_1_1' title="bbox 540 407 647 474">
    <p class='ocr_par' dir='ltr' id='par_1_1' title="bbox 540 407 647 474">
     <span class='ocr_line' id='line_1_1' title="bbox 540 407 647 474; baseline 0 -1"><span class='ocrx_word' id='word_1_1' title='bbox 540 407 647 474; x_wconf 81' lang='lat'><strong>819</strong></span> 
     </span>
    </p>
   </div>
   <div class='ocr_carea' id='block_1_2' title="bbox 1912 431 2478 501">
    <p class='ocr_par' dir='ltr' id='par_1_2' title="bbox 1912 431 2478 501">
     <span class='ocr_line' id='line_1_2' title="bbox 1912 431 2478 501; baseline 0.019 -11"><span class='ocrx_word' id='word_1_2' title='bbox 1912 431 1972 492; x_wconf 92' lang='lat' dir='ltr'><strong>S.</strong></span> <span class='ocrx_word' id='word_1_3' title='bbox 2014 431 2261 496; x_wconf 85' lang='lat' dir='ltr'><strong>ISAACI</strong></span> <span class='ocrx_word' id='word_1_4' title='bbox 2302 438 2478 501; x_wconf 81' lang='lat' dir='ltr'><strong>SYRI</strong></span> 
     </span>
    </p>
   </div>
   <div class='ocr_carea' id='block_1_3' title="bbox 3709 457 3818 523">
    <p class='ocr_par' dir='ltr' id='par_1_3' title="bbox 3709 457 3818 523">
     <span class='ocr_line' id='line_1_3' title="bbox 3709 457 3818 523; baseline 0.028 -3"><span class='ocrx_word' id='word_1_5' title='bbox 3709 461 3734 520; x_wconf 72' lang='grc' dir='ltr'>ξ</span> <span class='ocrx_word' id='word_1_6' title='bbox 3744 457 3818 523; x_wconf 77' lang='grc'>20</span> 
     </span>
    </p>
   </div>
   <div class='ocr_carea' id='block_1_4' title="bbox 535 531 3818 638">
    <p class='ocr_par' dir='ltr' id='par_1_4' title="bbox 535 531 3818 638">
     <span class='ocr_line' id='line_1_4' title="bbox 535 531 3818 638; baseline -0.004 2"><span class='ocrx_word' id='word_1_7' title='bbox 535 537 668 638; x_wconf 40' lang='lat' dir='ltr'><strong>fixe</strong></span> <span class='ocrx_word' id='word_1_8' title='bbox 732 537 802 577; x_wconf 70' lang='lat' dir='ltr'><strong>ne</strong></span> <span class='ocrx_word' id='word_1_9' title='bbox 871 531 1100 638; x_wconf 53' lang='lat' dir='ltr'><strong>prlople&quot;</strong></span> <span class='ocrx_word' id='word_1_10' title='bbox 1165 542 1410 638; x_wconf 52' lang='grc' dir='ltr'><strong>θητίξξεξη</strong></span> <span class='ocrx_word' id='word_1_11' title='bbox 1466 546 1772 638; x_wconf 61' lang='lat' dir='ltr'><strong>Pauper!!!“</strong></span> <span class='ocrx_word' id='word_1_12' title='bbox 1843 550 2117 638; x_wconf 57' lang='grc' dir='ltr'><strong>(Ιυὶιῖεῐυπι</strong></span> <span class='ocrx_word' id='word_1_13' title='bbox 2146 549 2194 606; x_wconf 80' lang='grc' dir='ltr'>Α</span> <span class='ocrx_word' id='word_1_14' title='bbox 2223 551 2413 611; x_wconf 91' lang='lat' dir='ltr'><strong>dueris</strong></span> <span class='ocrx_word' id='word_1_15' title='bbox 2438 557 2493 612; x_wconf 91' lang='lat' dir='ltr'><strong>in</strong></span> <span class='ocrx_word' id='word_1_16' title='bbox 2527 559 2612 613; x_wconf 87' lang='lat' dir='ltr'><strong>his</strong></span> <span class='ocrx_word' id='word_1_17' title='bbox 2635 574 2758 630; x_wconf 69' lang='lat' dir='ltr'><strong>quae</strong></span> <span class='ocrx_word' id='word_1_18' title='bbox 2783 559 3070 626; x_wconf 89' lang='lat' dir='ltr'><strong>dicuntur,</strong></span> <span class='ocrx_word' id='word_1_19' title='bbox 3103 578 3167 617; x_wconf 91' lang='lat' dir='ltr'><strong>ac</strong></span> <span class='ocrx_word' id='word_1_20' title='bbox 3203 564 3302 618; x_wconf 85' lang='lat' dir='ltr'><strong>tibi</strong></span> <span class='ocrx_word' id='word_1_21' title='bbox 3339 565 3490 620; x_wconf 83' lang='lat' dir='ltr'><strong>aliud</strong></span> <span class='ocrx_word' id='word_1_22' title='bbox 3523 571 3818 638; x_wconf 64' lang='lat' dir='ltr'><strong>quaesieris</strong></span> 
     </span>
    </p>
   </div>
   <div class='ocr_carea' id='block_1_5' title="bbox 531 615 2122 698">
    <p class='ocr_par' dir='ltr' id='par_1_5' title="bbox 531 615 2122 698">
     <span class='ocr_line' id='line_1_5' title="bbox 531 615 2122 698; baseline 0.012 -29"><span class='ocrx_word' id='word_1_23' title='bbox 531 615 729 687; x_wconf 78' lang='lat' dir='ltr'><strong>diligas</strong></span> <span class='ocrx_word' id='word_1_24' title='bbox 757 631 862 686; x_wconf 88' lang='lat' dir='ltr'><strong>pro</strong></span> <span class='ocrx_word' id='word_1_25' title='bbox 893 618 1244 692; x_wconf 86' lang='lat' dir='ltr'><strong>eleemosyua</strong></span> <span class='ocrx_word' id='word_1_26' title='bbox 1273 621 1546 690; x_wconf 83' lang='lat' dir='ltr'><strong>facienda,</strong></span> <span class='ocrx_word' id='word_1_27' title='bbox 1579 637 1635 681; x_wconf 92' lang='lat' dir='ltr'><strong>et</strong></span> <span class='ocrx_word' id='word_1_28' title='bbox 1665 643 1838 698; x_wconf 88' lang='lat' dir='ltr'><strong>ponas</strong></span> <span class='ocrx_word' id='word_1_29' title='bbox 1883 633 2122 688; x_wconf 90' lang='lat' dir='ltr'><strong>animam</strong></span> 
     </span>
    </p>
   </div>
   <div class='ocr_carea' id='block_1_6' title="bbox 534 711 2125 788">
    <p class='ocr_par' dir='ltr' id='par_1_6' title="bbox 534 711 2125 788">
     <span class='ocr_line' id='line_1_6' title="bbox 534 711 2125 788; baseline 0.013 -27"><span class='ocrx_word' id='word_1_30' title='bbox 534 717 684 764; x_wconf 89' lang='lat' dir='ltr'><strong>tuam</strong></span> <span class='ocrx_word' id='word_1_31' title='bbox 720 711 777 764; x_wconf 94' lang='lat' dir='ltr'><strong>in</strong></span> <span class='ocrx_word' id='word_1_32' title='bbox 809 711 1150 778; x_wconf 93' lang='lat' dir='ltr'><strong>turbatione,</strong></span> <span class='ocrx_word' id='word_1_33' title='bbox 1192 723 1252 770; x_wconf 92' lang='lat' dir='ltr'><strong>ut</strong></span> <span class='ocrx_word' id='word_1_34' title='bbox 1307 717 1549 788; x_wconf 89' lang='lat' dir='ltr'><strong>accipias</strong></span> <span class='ocrx_word' id='word_1_35' title='bbox 1587 721 1658 776; x_wconf 91' lang='lat' dir='ltr'><strong>ab</strong></span> <span class='ocrx_word' id='word_1_36' title='bbox 1710 722 1843 784; x_wconf 88' lang='lat' dir='ltr'><strong>alio.</strong></span> <span class='ocrx_word' id='word_1_37' title='bbox 1899 733 1961 780; x_wconf 91' lang='lat' dir='ltr'><strong>ut</strong></span> <span class='ocrx_word' id='word_1_38' title='bbox 1999 727 2125 782; x_wconf 90' lang='lat' dir='ltr'><strong>aliis</strong></span> 
     </span>
    </p>
   </div>
   <div class='ocr_carea' id='block_1_7' title="bbox 533 801 2122 887">
    <p class='ocr_par' dir='ltr' id='par_1_7' title="bbox 533 801 2122 887">
     <span class='ocr_line' id='line_1_7' title="bbox 533 801 2122 887; baseline 0.012 -32"><span class='ocrx_word' id='word_1_39' title='bbox 533 801 805 872; x_wconf 84' lang='lat' dir='ltr'><strong>largiaris,</strong></span> <span class='ocrx_word' id='word_1_40' title='bbox 859 811 916 860; x_wconf 90' lang='lat' dir='ltr'><strong>et</strong></span> <span class='ocrx_word' id='word_1_41' title='bbox 965 805 1249 862; x_wconf 77' lang='lat' dir='ltr'><strong>existimes</strong></span> <span class='ocrx_word' id='word_1_42' title='bbox 1285 807 1551 866; x_wconf 84' lang='lat' dir='ltr'><strong>honorem</strong></span> <span class='ocrx_word' id='word_1_43' title='bbox 1582 821 1737 868; x_wconf 89' lang='lat' dir='ltr'><strong>tuum</strong></span> <span class='ocrx_word' id='word_1_44' title='bbox 1777 817 2122 887; x_wconf 87' lang='lat' dir='ltr'><strong>subjectione</strong></span> 
     </span>
    </p>
   </div>
   <div class='ocr_carea' id='block_1_8' title="bbox 533 896 2124 972">
    <p class='ocr_par' dir='ltr' id='par_1_8' title="bbox 533 896 2124 972">
     <span class='ocr_line' id='line_1_8' title="bbox 533 896 2124 972; baseline 0.011 -23"><span class='ocrx_word' id='word_1_45' title='bbox 533 896 822 965; x_wconf 69' lang='lat' dir='ltr'><strong>petitionis</strong></span> <span class='ocrx_word' id='word_1_46' title='bbox 852 914 1038 953; x_wconf 90' lang='lat' dir='ltr'><strong>rerum</strong></span> <span class='ocrx_word' id='word_1_47' title='bbox 1073 900 1297 956; x_wconf 89' lang='lat' dir='ltr'><strong>nomine</strong></span> <span class='ocrx_word' id='word_1_48' title='bbox 1328 903 1584 972; x_wconf 91' lang='lat' dir='ltr'><strong>aliorum,</strong></span> <span class='ocrx_word' id='word_1_49' title='bbox 1618 915 1675 961; x_wconf 91' lang='lat' dir='ltr'><strong>et</strong></span> <span class='ocrx_word' id='word_1_50' title='bbox 1719 908 1942 963; x_wconf 81' lang='lat' dir='ltr'><strong>excidas</strong></span> <span class='ocrx_word' id='word_1_51' title='bbox 1975 927 2004 965; x_wconf 93' lang='lat' dir='ltr'><strong>a</strong></span> <span class='ocrx_word' id='word_1_52' title='bbox 2057 911 2124 966; x_wconf 89' lang='lat' dir='ltr'><strong>li-</strong></span> 
     </span>
    </p>
   </div>
   <div class='ocr_carea' id='block_1_9' title="bbox 455 983 2121 1055">
    <p class='ocr_par' dir='ltr' id='par_1_9' title="bbox 455 983 2121 1055">
     <span class='ocr_line' id='line_1_9' title="bbox 455 983 2121 1055; baseline 0.011 -18"><span class='ocrx_word' id='word_1_53' title='bbox 455 989 480 1020; x_wconf 86' lang='grc' dir='ltr'>ι·</span> <span class='ocrx_word' id='word_1_54' title='bbox 530 983 749 1041; x_wconf 86' lang='lat' dir='ltr'><strong>bertate</strong></span> <span class='ocrx_word' id='word_1_55' title='bbox 778 995 835 1042; x_wconf 92' lang='lat' dir='ltr'><strong>et</strong></span> <span class='ocrx_word' id='word_1_56' title='bbox 869 988 1160 1046; x_wconf 86' lang='lat' dir='ltr'><strong>nobilitate</strong></span> <span class='ocrx_word' id='word_1_57' title='bbox 1190 990 1518 1050; x_wconf 83' lang='lat' dir='ltr'><strong>intentionis</strong></span> <span class='ocrx_word' id='word_1_58' title='bbox 1551 1002 1657 1051; x_wconf 82' lang='lat' dir='ltr'><strong>tuae</strong></span> <span class='ocrx_word' id='word_1_59' title='bbox 1689 996 1745 1052; x_wconf 92' lang='lat' dir='ltr'><strong>in</strong></span> <span class='ocrx_word' id='word_1_60' title='bbox 1788 999 2121 1055; x_wconf 89' lang='lat' dir='ltr'><strong>sollicitudi-</strong></span> 
     </span>
    </p>
   </div>
   <div class='ocr_carea' id='block_1_10' title="bbox 531 1080 2123 1160">
    <p class='ocr_par' dir='ltr' id='par_1_10' title="bbox 531 1080 2123 1160">
     <span class='ocr_line' id='line_1_10' title="bbox 531 1080 2123 1160; baseline 0.013 -29"><span class='ocrx_word' id='word_1_61' title='bbox 531 1092 633 1134; x_wconf 88' lang='lat' dir='ltr'><strong>nes</strong></span> <span class='ocrx_word' id='word_1_62' title='bbox 657 1080 1002 1137; x_wconf 69' lang='lat' dir='ltr'><strong>saecularium</strong></span> <span class='ocrx_word' id='word_1_63' title='bbox 1031 1099 1242 1152; x_wconf 91' lang='lat' dir='ltr'><strong>rerum,</strong></span> <span class='ocrx_word' id='word_1_64' title='bbox 1277 1087 1409 1157; x_wconf 86' lang='lat' dir='ltr'><strong>quia</strong></span> <span class='ocrx_word' id='word_1_65' title='bbox 1436 1089 1642 1160; x_wconf 88' lang='lat' dir='ltr'><strong>gradus</strong></span> <span class='ocrx_word' id='word_1_66' title='bbox 1669 1099 1796 1147; x_wconf 92' lang='lat' dir='ltr'><strong>tuus</strong></span> <span class='ocrx_word' id='word_1_67' title='bbox 1827 1094 2123 1152; x_wconf 85' lang='lat' dir='ltr'><strong>sublimior</strong></span> 
     </span>
    </p>
   </div>
   <div class='ocr_carea' id='block_1_11' title="bbox 532 1171 2120 1259">
    <p class='ocr_par' dir='ltr' id='par_1_11' title="bbox 532 1171 2120 1259">
     <span class='ocr_line' id='line_1_11' title="bbox 532 1171 2120 1259; baseline 0.012 -35"><span class='ocrx_word' id='word_1_68' title='bbox 532 1179 619 1225; x_wconf 91' lang='lat' dir='ltr'><strong>est</strong></span> <span class='ocrx_word' id='word_1_69' title='bbox 661 1171 836 1242; x_wconf 85' lang='lat' dir='ltr'><strong>gradu</strong></span> <span class='ocrx_word' id='word_1_70' title='bbox 878 1174 1366 1233; x_wconf 89' lang='lat' dir='ltr'><strong>misericordium:</strong></span> <span class='ocrx_word' id='word_1_71' title='bbox 1398 1181 1654 1251; x_wconf 86' lang='lat' dir='ltr'><strong>supplico</strong></span> <span class='ocrx_word' id='word_1_72' title='bbox 1685 1183 1810 1248; x_wconf 91' lang='lat' dir='ltr'><strong>tibi,</strong></span> <span class='ocrx_word' id='word_1_73' title='bbox 1838 1201 1911 1240; x_wconf 91' lang='lat' dir='ltr'><strong>ne</strong></span> <span class='ocrx_word' id='word_1_74' title='bbox 1944 1187 2120 1259; x_wconf 90' lang='lat' dir='ltr'><strong>subji-</strong></span> 
     </span>
    </p>
   </div>
   <div class='ocr_carea' id='block_1_12' title="bbox 531 1261 2120 1350">
    <p class='ocr_par' dir='ltr' id='par_1_12' title="bbox 531 1261 2120 1350">
     <span class='ocr_line' id='line_1_12' title="bbox 531 1261 2120 1350; baseline 0.013 -36"><span class='ocrx_word' id='word_1_75' title='bbox 531 1261 699 1317; x_wconf 91' lang='lat' dir='ltr'><strong>ciaris</strong></span> <span class='ocrx_word' id='word_1_76' title='bbox 728 1263 1114 1338; x_wconf 67' lang='lat' dir='ltr'><strong>eleemosynaa,</strong></span> <span class='ocrx_word' id='word_1_77' title='bbox 1141 1285 1263 1338; x_wconf 85' lang='lat' dir='ltr'><strong>quae</strong></span> <span class='ocrx_word' id='word_1_78' title='bbox 1285 1268 1485 1326; x_wconf 90' lang='lat' dir='ltr'><strong>similis</strong></span> <span class='ocrx_word' id='word_1_79' title='bbox 1510 1281 1595 1328; x_wconf 85' lang='lat' dir='ltr'><strong>est</strong></span> <span class='ocrx_word' id='word_1_80' title='bbox 1615 1275 1959 1333; x_wconf 89' lang='lat' dir='ltr'><strong>nutrimento</strong></span> <span class='ocrx_word' id='word_1_81' title='bbox 1981 1295 2120 1350; x_wconf 85' lang='lat' dir='ltr'><strong>pue-</strong></span> 
     </span>
    </p>
   </div>
   <div class='ocr_carea' id='block_1_13' title="bbox 530 1355 2122 1439">
    <p class='ocr_par' dir='ltr' id='par_1_13' title="bbox 530 1355 2122 1439">
     <span class='ocr_line' id='line_1_13' title="bbox 530 1355 2122 1439; baseline 0.014 -33"><span class='ocrx_word' id='word_1_82' title='bbox 530 1368 744 1410; x_wconf 91' lang='lat' dir='ltr'><strong>rorum.</strong></span> <span class='ocrx_word' id='word_1_83' title='bbox 775 1355 882 1412; x_wconf 87' lang='lat' dir='ltr'><strong>Sed</strong></span> <span class='ocrx_word' id='word_1_84' title='bbox 929 1359 1172 1416; x_wconf 83' lang='lat' dir='ltr'><strong>solitudo</strong></span> <span class='ocrx_word' id='word_1_85' title='bbox 1205 1361 1572 1431; x_wconf 87' lang='lat' dir='ltr'><strong>perfectionis</strong></span> <span class='ocrx_word' id='word_1_86' title='bbox 1600 1375 1685 1422; x_wconf 91' lang='lat' dir='ltr'><strong>est</strong></span> <span class='ocrx_word' id='word_1_87' title='bbox 1709 1378 1898 1439; x_wconf 88' lang='lat' dir='ltr'><strong>caput.</strong></span> <span class='ocrx_word' id='word_1_88' title='bbox 1929 1370 1986 1426; x_wconf 93' lang='lat' dir='ltr'><strong>Si</strong></span> <span class='ocrx_word' id='word_1_89' title='bbox 2031 1387 2122 1430; x_wconf 90' lang='lat' dir='ltr'><strong>res</strong></span> 
     </span>
    </p>
   </div>
   <div class='ocr_carea' id='block_1_14' title="bbox 532 1446 2119 1533">
    <p class='ocr_par' dir='ltr' id='par_1_14' title="bbox 532 1446 2119 1533">
     <span class='ocr_line' id='line_1_14' title="bbox 532 1446 2119 1533; baseline 0.015 -34"><span class='ocrx_word' id='word_1_90' title='bbox 532 1446 724 1513; x_wconf 83' lang='lat' dir='ltr'><strong>habes,</strong></span> <span class='ocrx_word' id='word_1_91' title='bbox 772 1451 943 1506; x_wconf 86' lang='lat' dir='ltr'><strong>semel</strong></span> <span class='ocrx_word' id='word_1_92' title='bbox 989 1452 1111 1507; x_wconf 85' lang='lat' dir='ltr'><strong>illas</strong></span> <span class='ocrx_word' id='word_1_93' title='bbox 1142 1452 1420 1527; x_wconf 76' lang='lat' dir='ltr'><strong>disperge.</strong></span> <span class='ocrx_word' id='word_1_94' title='bbox 1452 1455 1610 1524; x_wconf 86' lang='lat' dir='ltr'><strong>Quod</strong></span> <span class='ocrx_word' id='word_1_95' title='bbox 1671 1461 1718 1517; x_wconf 91' lang='lat' dir='ltr'><strong>si</strong></span> <span class='ocrx_word' id='word_1_96' title='bbox 1764 1478 1878 1518; x_wconf 91' lang='lat' dir='ltr'><strong>non</strong></span> <span class='ocrx_word' id='word_1_97' title='bbox 1924 1465 2119 1533; x_wconf 88' lang='lat' dir='ltr'><strong>habes,</strong></span> 
     </span>
    </p>
   </div>
   <div class='ocr_carea' id='block_1_15' title="bbox 532 1539 2122 1624">
    <p class='ocr_par' dir='ltr' id='par_1_15' title="bbox 532 1539 2122 1624">
     <span class='ocr_line' id='line_1_15' title="bbox 532 1539 2122 1624; baseline 0.014 -32"><span class='ocrx_word' id='word_1_98' title='bbox 532 1539 643 1593; x_wconf 77' lang='grc' dir='ltr'>ιιυιί</span> <span class='ocrx_word' id='word_1_99' title='bbox 677 1539 902 1596; x_wconf 89' lang='lat' dir='ltr'><strong>habere.</strong></span> <span class='ocrx_word' id='word_1_100' title='bbox 960 1542 1162 1598; x_wconf 90' lang='lat' dir='ltr'><strong>Munda</strong></span> <span class='ocrx_word' id='word_1_101' title='bbox 1195 1545 1366 1616; x_wconf 82' lang='lat' dir='ltr'><strong>igitur</strong></span> <span class='ocrx_word' id='word_1_102' title='bbox 1411 1549 1606 1605; x_wconf 86' lang='lat' dir='ltr'><strong>cellam</strong></span> <span class='ocrx_word' id='word_1_103' title='bbox 1655 1567 1686 1607; x_wconf 86' lang='lat' dir='ltr'><strong>a</strong></span> <span class='ocrx_word' id='word_1_104' title='bbox 1719 1555 2122 1624; x_wconf 84' lang='lat' dir='ltr'><strong>superfluitati-</strong></span> 
     </span>
    </p>
   </div>
   <div class='ocr_carea' id='block_1_16' title="bbox 529 1630 2119 1706">
    <p class='ocr_par' dir='ltr' id='par_1_16' title="bbox 529 1630 2119 1706">
     <span class='ocr_line' id='line_1_16' title="bbox 529 1630 2119 1706; baseline 0.015 -23"><span class='ocrx_word' id='word_1_105' title='bbox 529 1630 636 1686; x_wconf 85' lang='lat' dir='ltr'><strong>bus</strong></span> <span class='ocrx_word' id='word_1_106' title='bbox 688 1641 744 1687; x_wconf 91' lang='lat' dir='ltr'><strong>et</strong></span> <span class='ocrx_word' id='word_1_107' title='bbox 769 1632 1007 1689; x_wconf 89' lang='lat' dir='ltr'><strong>deliciis.</strong></span> <span class='ocrx_word' id='word_1_108' title='bbox 1033 1634 1172 1702; x_wconf 86' lang='lat' dir='ltr'><strong>Quia</strong></span> <span class='ocrx_word' id='word_1_109' title='bbox 1206 1637 1311 1693; x_wconf 89' lang='lat' dir='ltr'><strong>hoc</strong></span> <span class='ocrx_word' id='word_1_110' title='bbox 1352 1647 1404 1695; x_wconf 88' lang='lat' dir='ltr'><strong>te</strong></span> <span class='ocrx_word' id='word_1_111' title='bbox 1440 1641 1668 1698; x_wconf 86' lang='lat' dir='ltr'><strong>adducit</strong></span> <span class='ocrx_word' id='word_1_112' title='bbox 1707 1645 1774 1700; x_wconf 92' lang='lat' dir='ltr'><strong>ad</strong></span> <span class='ocrx_word' id='word_1_113' title='bbox 1832 1648 2119 1706; x_wconf 87' lang='lat' dir='ltr'><strong>abstinen-</strong></span> 
     </span>
    </p>
   </div>
   <div class='ocr_carea' id='block_1_17' title="bbox 533 1721 2115 1798">
    <p class='ocr_par' dir='ltr' id='par_1_17' title="bbox 533 1721 2115 1798">
     <span class='ocr_line' id='line_1_17' title="bbox 533 1721 2115 1798; baseline 0.015 -23"><span class='ocrx_word' id='word_1_114' title='bbox 533 1721 663 1776; x_wconf 84' lang='lat' dir='ltr'><strong>tiam</strong></span> <span class='ocrx_word' id='word_1_115' title='bbox 703 1723 870 1780; x_wconf 87' lang='lat' dir='ltr'><strong>etiam</strong></span> <span class='ocrx_word' id='word_1_116' title='bbox 909 1725 1146 1782; x_wconf 86' lang='lat' dir='ltr'><strong>invitum</strong></span> <span class='ocrx_word' id='word_1_117' title='bbox 1183 1738 1240 1784; x_wconf 93' lang='lat' dir='ltr'><strong>et</strong></span> <span class='ocrx_word' id='word_1_118' title='bbox 1274 1731 1577 1788; x_wconf 84' lang='lat' dir='ltr'><strong>nolentem.</strong></span> <span class='ocrx_word' id='word_1_119' title='bbox 1617 1736 1878 1795; x_wconf 82' lang='lat' dir='ltr'><strong>Defectus</strong></span> <span class='ocrx_word' id='word_1_120' title='bbox 1922 1757 2115 1798; x_wconf 91' lang='lat' dir='ltr'><strong>rerum</strong></span> 
     </span>
    </p>
   </div>
   <div class='ocr_carea' id='block_1_18' title="bbox 528 1815 2115 1901">
    <p class='ocr_par' dir='ltr' id='par_1_18' title="bbox 528 1815 2115 1901">
     <span class='ocr_line' id='line_1_18' title="bbox 528 1815 2115 1901; baseline 0.015 -33"><span class='ocrx_word' id='word_1_121' title='bbox 528 1815 689 1870; x_wconf 93' lang='lat' dir='ltr'><strong>docet</strong></span> <span class='ocrx_word' id='word_1_122' title='bbox 711 1817 993 1874; x_wconf 88' lang='lat' dir='ltr'><strong>hominem</strong></span> <span class='ocrx_word' id='word_1_123' title='bbox 1014 1821 1314 1878; x_wconf 85' lang='lat' dir='ltr'><strong>abstinere.</strong></span> <span class='ocrx_word' id='word_1_124' title='bbox 1334 1823 1473 1891; x_wconf 88' lang='lat' dir='ltr'><strong>Quia</strong></span> <span class='ocrx_word' id='word_1_125' title='bbox 1497 1843 1622 1882; x_wconf 93' lang='lat' dir='ltr'><strong>cum</strong></span> <span class='ocrx_word' id='word_1_126' title='bbox 1646 1834 2115 1901; x_wconf 83' lang='lat' dir='ltr'><strong>Opportunitatem</strong></span> 
     </span>
    </p>
   </div>
   <div class='ocr_carea' id='block_1_19' title="bbox 531 1897 2192 1993">
    <p class='ocr_par' dir='ltr' id='par_1_19' title="bbox 531 1897 2192 1993">
     <span class='ocr_line' id='line_1_19' title="bbox 531 1897 2192 1993; baseline 0.016 -33"><span class='ocrx_word' id='word_1_127' title='bbox 531 1923 716 1962; x_wconf 88' lang='lat' dir='ltr'><strong>rerum</strong></span> <span class='ocrx_word' id='word_1_128' title='bbox 748 1911 1075 1981; x_wconf 79' lang='lat' dir='ltr'><strong>accipimus,</strong></span> <span class='ocrx_word' id='word_1_129' title='bbox 1106 1917 1482 1987; x_wconf 88' lang='lat' dir='ltr'><strong>nosmetipsos</strong></span> <span class='ocrx_word' id='word_1_130' title='bbox 1514 1936 1625 1976; x_wconf 91' lang='lat' dir='ltr'><strong>non</strong></span> <span class='ocrx_word' id='word_1_131' title='bbox 1658 1938 1955 1993; x_wconf 85' lang='lat' dir='ltr'><strong>possumus</strong></span> <span class='ocrx_word' id='word_1_132' title='bbox 1981 1944 2114 1984; x_wconf 87' lang='lat' dir='ltr'><strong>con-</strong></span> <span class='ocrx_word' id='word_1_133' title='bbox 2148 1897 2192 1953; x_wconf 74' lang='grc' dir='ltr'><strong>Β</strong></span> 
     </span>
    </p>
   </div>
   <div class='ocr_carea' id='block_1_20' title="bbox 531 1996 2121 2084">
    <p class='ocr_par' dir='ltr' id='par_1_20' title="bbox 531 1996 2121 2084">
     <span class='ocr_line' id='line_1_20' title="bbox 531 1996 2121 2084; baseline 0.018 -35"><span class='ocrx_word' id='word_1_134' title='bbox 531 1996 730 2052; x_wconf 92' lang='lat' dir='ltr'><strong>tinere.</strong></span> <span class='ocrx_word' id='word_1_135' title='bbox 760 1997 864 2066; x_wconf 91' lang='lat' dir='ltr'><strong>Qui</strong></span> <span class='ocrx_word' id='word_1_136' title='bbox 909 2002 1246 2058; x_wconf 83' lang='lat' dir='ltr'><strong>exteriorem</strong></span> <span class='ocrx_word' id='word_1_137' title='bbox 1285 2022 1522 2079; x_wconf 83' lang='lat' dir='ltr'><strong>pugnam</strong></span> <span class='ocrx_word' id='word_1_138' title='bbox 1572 2026 2000 2084; x_wconf 89' lang='lat' dir='ltr'><strong>superaverunt,</strong></span> <span class='ocrx_word' id='word_1_139' title='bbox 2034 2035 2121 2076; x_wconf 91' lang='lat' dir='ltr'><strong>so-</strong></span> 
     </span>
    </p>
   </div>
   <div class='ocr_carea' id='block_1_21' title="bbox 530 2087 2120 2182">
    <p class='ocr_par' dir='ltr' id='par_1_21' title="bbox 530 2087 2120 2182">
     <span class='ocr_line' id='line_1_21' title="bbox 530 2087 2120 2182; baseline 0.017 -42"><span class='ocrx_word' id='word_1_140' title='bbox 530 2087 788 2145; x_wconf 87' lang='lat' dir='ltr'><strong>cietatem</strong></span> <span class='ocrx_word' id='word_1_141' title='bbox 829 2103 1166 2163; x_wconf 86' lang='lat' dir='ltr'><strong>acceperunt</strong></span> <span class='ocrx_word' id='word_1_142' title='bbox 1200 2095 1270 2152; x_wconf 91' lang='lat' dir='ltr'><strong>de</strong></span> <span class='ocrx_word' id='word_1_143' title='bbox 1312 2098 1514 2156; x_wconf 88' lang='lat' dir='ltr'><strong>timore</strong></span> <span class='ocrx_word' id='word_1_144' title='bbox 1551 2102 1830 2174; x_wconf 88' lang='lat' dir='ltr'><strong>interiori,</strong></span> <span class='ocrx_word' id='word_1_145' title='bbox 1872 2123 1976 2164; x_wconf 92' lang='lat' dir='ltr'><strong>nec</strong></span> <span class='ocrx_word' id='word_1_146' title='bbox 2017 2125 2120 2182; x_wconf 86' lang='lat' dir='ltr'><strong>op-</strong></span> 
     </span>
    </p>
   </div>
   <div class='ocr_carea' id='block_1_22' title="bbox 528 2181 2122 2270">
    <p class='ocr_par' dir='ltr' id='par_1_22' title="bbox 528 2181 2122 2270">
     <span class='ocr_line' id='line_1_22' title="bbox 528 2181 2122 2270; baseline 0.015 -38"><span class='ocrx_word' id='word_1_147' title='bbox 528 2187 767 2248; x_wconf 90' lang='lat' dir='ltr'><strong>portune</strong></span> <span class='ocrx_word' id='word_1_148' title='bbox 809 2181 980 2238; x_wconf 89' lang='lat' dir='ltr'><strong>instat</strong></span> <span class='ocrx_word' id='word_1_149' title='bbox 1005 2183 1063 2239; x_wconf 91' lang='lat' dir='ltr'><strong>in</strong></span> <span class='ocrx_word' id='word_1_150' title='bbox 1091 2186 1192 2252; x_wconf 91' lang='lat' dir='ltr'><strong>eis,</strong></span> <span class='ocrx_word' id='word_1_151' title='bbox 1237 2203 1340 2244; x_wconf 91' lang='lat' dir='ltr'><strong>nec</strong></span> <span class='ocrx_word' id='word_1_152' title='bbox 1372 2190 1440 2245; x_wconf 89' lang='lat' dir='ltr'><strong>ab</strong></span> <span class='ocrx_word' id='word_1_153' title='bbox 1465 2201 1591 2247; x_wconf 86' lang='lat' dir='ltr'><strong>ante</strong></span> <span class='ocrx_word' id='word_1_154' title='bbox 1616 2209 1720 2250; x_wconf 93' lang='lat' dir='ltr'><strong>nec</strong></span> <span class='ocrx_word' id='word_1_155' title='bbox 1748 2212 1778 2250; x_wconf 91' lang='lat' dir='ltr'><strong>a</strong></span> <span class='ocrx_word' id='word_1_156' title='bbox 1808 2207 1960 2253; x_wconf 91' lang='lat' dir='ltr'><strong>retro</strong></span> <span class='ocrx_word' id='word_1_157' title='bbox 1986 2181 2122 2270; x_wconf 88' lang='lat' dir='ltr'><strong>qua-</strong></span> 
     </span>
    </p>
   </div>
   <div class='ocr_carea' id='block_1_23' title="bbox 534 2271 2122 2360">
    <p class='ocr_par' dir='ltr' id='par_1_23' title="bbox 534 2271 2122 2360">
     <span class='ocr_line' id='line_1_23' title="bbox 534 2271 2122 2360; baseline 0.015 -36"><span class='ocrx_word' id='word_1_158' title='bbox 534 2271 751 2326; x_wconf 90' lang='lat' dir='ltr'><strong>tiuntur</strong></span> <span class='ocrx_word' id='word_1_159' title='bbox 794 2273 849 2328; x_wconf 91' lang='lat' dir='ltr'><strong>in</strong></span> <span class='ocrx_word' id='word_1_160' title='bbox 905 2289 1111 2348; x_wconf 86' lang='lat' dir='ltr'><strong>pugna.</strong></span> <span class='ocrx_word' id='word_1_161' title='bbox 1167 2278 1412 2350; x_wconf 85' lang='lat' dir='ltr'><strong>Pugnam</strong></span> <span class='ocrx_word' id='word_1_162' title='bbox 1446 2292 1630 2340; x_wconf 88' lang='lat' dir='ltr'><strong>autem</strong></span> <span class='ocrx_word' id='word_1_163' title='bbox 1676 2287 1824 2355; x_wconf 91' lang='lat' dir='ltr'><strong>dico,</strong></span> <span class='ocrx_word' id='word_1_164' title='bbox 1860 2304 1983 2360; x_wconf 72' lang='lat' dir='ltr'><strong>qua:</strong></span> <span class='ocrx_word' id='word_1_165' title='bbox 2025 2291 2122 2347; x_wconf 88' lang='lat' dir='ltr'><strong>ad-</strong></span> 
     </span>
    </p>
   </div>
   <div class='ocr_carea' id='block_1_24' title="bbox 531 2366 2117 2448">
    <p class='ocr_par' dir='ltr' id='par_1_24' title="bbox 531 2366 2117 2448">
     <span class='ocr_line' id='line_1_24' title="bbox 531 2366 2117 2448; baseline 0.013 -32"><span class='ocrx_word' id='word_1_166' title='bbox 531 2380 728 2420; x_wconf 84' lang='lat' dir='ltr'><strong>versus</strong></span> <span class='ocrx_word' id='word_1_167' title='bbox 747 2366 989 2422; x_wconf 86' lang='lat' dir='ltr'><strong>animam</strong></span> <span class='ocrx_word' id='word_1_168' title='bbox 1013 2384 1042 2424; x_wconf 89' lang='lat' dir='ltr'><strong>a</strong></span> <span class='ocrx_word' id='word_1_169' title='bbox 1069 2371 1328 2426; x_wconf 90' lang='lat' dir='ltr'><strong>sensibus</strong></span> <span class='ocrx_word' id='word_1_170' title='bbox 1351 2376 1764 2448; x_wconf 64' lang='lat' dir='ltr'><strong>etmegligentia</strong></span> <span class='ocrx_word' id='word_1_171' title='bbox 1795 2381 2117 2448; x_wconf 88' lang='lat' dir='ltr'><strong>suscitatur,</strong></span> 
     </span>
    </p>
   </div>
   <div class='ocr_carea' id='block_1_25' title="bbox 531 2457 2120 2546">
    <p class='ocr_par' dir='ltr' id='par_1_25' title="bbox 531 2457 2120 2546">
     <span class='ocr_line' id='line_1_25' title="bbox 531 2457 2120 2546; baseline 0.014 -37"><span class='ocrx_word' id='word_1_172' title='bbox 531 2457 675 2511; x_wconf 85' lang='lat' dir='ltr'><strong>sicut</strong></span> <span class='ocrx_word' id='word_1_173' title='bbox 708 2468 792 2512; x_wconf 84' lang='lat' dir='ltr'><strong>est</strong></span> <span class='ocrx_word' id='word_1_174' title='bbox 833 2458 968 2514; x_wconf 90' lang='lat' dir='ltr'><strong>dare</strong></span> <span class='ocrx_word' id='word_1_175' title='bbox 994 2469 1050 2517; x_wconf 89' lang='lat' dir='ltr'><strong>et</strong></span> <span class='ocrx_word' id='word_1_176' title='bbox 1078 2463 1332 2534; x_wconf 90' lang='lat' dir='ltr'><strong>accipere</strong></span> <span class='ocrx_word' id='word_1_177' title='bbox 1359 2483 1373 2531; x_wconf 95' lang='lat'><strong>;</strong></span> <span class='ocrx_word' id='word_1_178' title='bbox 1427 2467 1652 2525; x_wconf 90' lang='lat' dir='ltr'><strong>auditus</strong></span> <span class='ocrx_word' id='word_1_179' title='bbox 1677 2478 1734 2526; x_wconf 93' lang='lat' dir='ltr'><strong>et</strong></span> <span class='ocrx_word' id='word_1_180' title='bbox 1763 2472 1970 2543; x_wconf 83' lang='lat' dir='ltr'><strong>lingua,</strong></span> <span class='ocrx_word' id='word_1_181' title='bbox 1997 2491 2120 2546; x_wconf 70' lang='lat' dir='ltr'><strong>qua:</strong></span> 
     </span>
    </p>
   </div>
   <div class='ocr_carea' id='block_1_26' title="bbox 530 2549 2120 2635">
    <p class='ocr_par' dir='ltr' id='par_1_26' title="bbox 530 2549 2120 2635">
     <span class='ocr_line' id='line_1_26' title="bbox 530 2549 2120 2635; baseline 0.013 -33"><span class='ocrx_word' id='word_1_182' title='bbox 530 2549 1045 2618; x_wconf 89' lang='lat' dir='ltr'><strong>superinducuntur</strong></span> <span class='ocrx_word' id='word_1_183' title='bbox 1069 2553 1144 2626; x_wconf 90' lang='lat'><strong>(9)</strong></span> <span class='ocrx_word' id='word_1_184' title='bbox 1177 2556 1393 2624; x_wconf 73' lang='lat' dir='ltr'><strong>animze,</strong></span> <span class='ocrx_word' id='word_1_185' title='bbox 1430 2560 1535 2614; x_wconf 91' lang='lat' dir='ltr'><strong>sibi</strong></span> <span class='ocrx_word' id='word_1_186' title='bbox 1565 2561 1772 2618; x_wconf 89' lang='lat' dir='ltr'><strong>faciunt</strong></span> <span class='ocrx_word' id='word_1_187' title='bbox 1793 2567 2120 2635; x_wconf 77' lang='lat' dir='ltr'><strong>caecitatem;</strong></span> 
     </span>
    </p>
   </div>
   <div class='ocr_carea' id='block_1_27' title="bbox 533 2643 2120 2712">
    <p class='ocr_par' dir='ltr' id='par_1_27' title="bbox 533 2643 2120 2712">
     <span class='ocr_line' id='line_1_27' title="bbox 533 2643 2120 2712; baseline 0.013 -21"><span class='ocrx_word' id='word_1_188' title='bbox 533 2649 594 2692; x_wconf 91' lang='lat' dir='ltr'><strong>ut</strong></span> <span class='ocrx_word' id='word_1_189' title='bbox 629 2649 857 2709; x_wconf 89' lang='lat' dir='ltr'><strong>propter</strong></span> <span class='ocrx_word' id='word_1_190' title='bbox 900 2643 1454 2712; x_wconf 87' lang='lat' dir='ltr'><strong>superinductionem</strong></span> <span class='ocrx_word' id='word_1_191' title='bbox 1503 2650 1840 2709; x_wconf 87' lang='lat' dir='ltr'><strong>turbationis</strong></span> <span class='ocrx_word' id='word_1_192' title='bbox 1874 2656 2120 2711; x_wconf 87' lang='lat' dir='ltr'><strong>exterio-</strong></span> 
     </span>
    </p>
   </div>
   <div class='ocr_carea' id='block_1_28' title="bbox 532 2731 2124 2819">
    <p class='ocr_par' dir='ltr' id='par_1_28' title="bbox 532 2731 2124 2819">
     <span class='ocr_line' id='line_1_28' title="bbox 532 2731 2124 2819; baseline 0.012 -34"><span class='ocrx_word' id='word_1_193' title='bbox 532 2731 609 2786; x_wconf 91' lang='lat' dir='ltr'><strong>ris</strong></span> <span class='ocrx_word' id='word_1_194' title='bbox 642 2747 748 2786; x_wconf 91' lang='lat' dir='ltr'><strong>uou</strong></span> <span class='ocrx_word' id='word_1_195' title='bbox 793 2733 968 2803; x_wconf 90' lang='lat' dir='ltr'><strong>possit</strong></span> <span class='ocrx_word' id='word_1_196' title='bbox 1001 2735 1107 2790; x_wconf 88' lang='lat' dir='ltr'><strong>sibi</strong></span> <span class='ocrx_word' id='word_1_197' title='bbox 1133 2736 1239 2807; x_wconf 90' lang='lat' dir='ltr'><strong>ipsi</strong></span> <span class='ocrx_word' id='word_1_198' title='bbox 1276 2741 1570 2798; x_wconf 83' lang='lat' dir='ltr'><strong>attendere</strong></span> <span class='ocrx_word' id='word_1_199' title='bbox 1601 2745 1656 2798; x_wconf 93' lang='lat' dir='ltr'><strong>in</strong></span> <span class='ocrx_word' id='word_1_200' title='bbox 1688 2745 1884 2802; x_wconf 88' lang='lat' dir='ltr'><strong>latenti</strong></span> <span class='ocrx_word' id='word_1_201' title='bbox 1933 2748 2124 2819; x_wconf 67' lang='lat' dir='ltr'><strong>praelio</strong></span> 
     </span>
    </p>
   </div>
   <div class='ocr_carea' id='block_1_29' title="bbox 529 2824 2122 2909">
    <p class='ocr_par' dir='ltr' id='par_1_29' title="bbox 529 2824 2122 2909">
     <span class='ocr_line' id='line_1_29' title="bbox 529 2824 2122 2909; baseline 0.013 -33"><span class='ocrx_word' id='word_1_202' title='bbox 529 2824 678 2893; x_wconf 86' lang='lat' dir='ltr'><strong>quod</strong></span> <span class='ocrx_word' id='word_1_203' title='bbox 719 2836 974 2883; x_wconf 88' lang='lat' dir='ltr'><strong>movetur</strong></span> <span class='ocrx_word' id='word_1_204' title='bbox 1003 2827 1270 2886; x_wconf 90' lang='lat' dir='ltr'><strong>adversus</strong></span> <span class='ocrx_word' id='word_1_205' title='bbox 1298 2847 1443 2898; x_wconf 88' lang='lat' dir='ltr'><strong>eam,</strong></span> <span class='ocrx_word' id='word_1_206' title='bbox 1479 2843 1689 2890; x_wconf 88' lang='lat' dir='ltr'><strong>etcum</strong></span> <span class='ocrx_word' id='word_1_207' title='bbox 1725 2840 2122 2909; x_wconf 87' lang='lat' dir='ltr'><strong>tranquillitate</strong></span> 
     </span>
    </p>
   </div>
   <div class='ocr_carea' id='block_1_30' title="bbox 529 2918 2125 3000">
    <p class='ocr_par' dir='ltr' id='par_1_30' title="bbox 529 2918 2125 3000">
     <span class='ocr_line' id='line_1_30' title="bbox 529 2918 2125 3000; baseline 0.009 -28"><span class='ocrx_word' id='word_1_208' title='bbox 529 2918 622 2972; x_wconf 88' lang='lat' dir='ltr'><strong>illa</strong></span> <span class='ocrx_word' id='word_1_209' title='bbox 644 2918 830 2975; x_wconf 91' lang='lat' dir='ltr'><strong>videre</strong></span> <span class='ocrx_word' id='word_1_210' title='bbox 847 2936 971 2990; x_wconf 67' lang='lat' dir='ltr'><strong>quae</strong></span> <span class='ocrx_word' id='word_1_211' title='bbox 987 2933 1280 2978; x_wconf 87' lang='lat' dir='ltr'><strong>moventur</strong></span> <span class='ocrx_word' id='word_1_212' title='bbox 1299 2925 1368 2979; x_wconf 91' lang='lat' dir='ltr'><strong>ab</strong></span> <span class='ocrx_word' id='word_1_213' title='bbox 1384 2924 1554 2982; x_wconf 83' lang='lat' dir='ltr'><strong>intus.</strong></span> <span class='ocrx_word' id='word_1_214' title='bbox 1581 2926 1812 2994; x_wconf 84' lang='lat' dir='ltr'><strong>Quando</strong></span> <span class='ocrx_word' id='word_1_215' title='bbox 1831 2931 1956 3000; x_wconf 89' lang='lat' dir='ltr'><strong>quis</strong></span> <span class='ocrx_word' id='word_1_216' title='bbox 1977 2931 2125 2987; x_wconf 87' lang='lat' dir='ltr'><strong>clau-</strong></span> 
     </span>
    </p>
   </div>
   <div class='ocr_carea' id='block_1_31' title="bbox 528 3011 2122 3093">
    <p class='ocr_par' dir='ltr' id='par_1_31' title="bbox 528 3011 2122 3093">
     <span class='ocr_line' id='line_1_31' title="bbox 528 3011 2122 3093; baseline 0.009 -27"><span class='ocrx_word' id='word_1_217' title='bbox 528 3011 663 3066; x_wconf 85' lang='lat' dir='ltr'><strong>serit</strong></span> <span class='ocrx_word' id='word_1_218' title='bbox 689 3011 830 3068; x_wconf 89' lang='lat' dir='ltr'><strong>ostia</strong></span> <span class='ocrx_word' id='word_1_219' title='bbox 864 3013 1108 3072; x_wconf 83' lang='lat' dir='ltr'><strong>civitatis</strong></span> <span class='ocrx_word' id='word_1_220' title='bbox 1139 3031 1427 3085; x_wconf 89' lang='lat' dir='ltr'><strong>sensuum,</strong></span> <span class='ocrx_word' id='word_1_221' title='bbox 1456 3027 1586 3075; x_wconf 89' lang='lat' dir='ltr'><strong>tunc</strong></span> <span class='ocrx_word' id='word_1_222' title='bbox 1611 3031 1817 3093; x_wconf 81' lang='lat' dir='ltr'><strong>pugnat</strong></span> <span class='ocrx_word' id='word_1_223' title='bbox 1847 3023 1918 3078; x_wconf 89' lang='lat' dir='ltr'><strong>ab</strong></span> <span class='ocrx_word' id='word_1_224' title='bbox 1950 3025 2122 3091; x_wconf 90' lang='lat' dir='ltr'><strong>intus,</strong></span> 
     </span>
    </p>
   </div>
   <div class='ocr_carea' id='block_1_32' title="bbox 527 3103 2121 3180">
    <p class='ocr_par' dir='ltr' id='par_1_32' title="bbox 527 3103 2121 3180">
     <span class='ocr_line' id='line_1_32' title="bbox 527 3103 2121 3180; baseline 0.009 -23"><span class='ocrx_word' id='word_1_225' title='bbox 527 3112 583 3158; x_wconf 89' lang='lat' dir='ltr'><strong>et</strong></span> <span class='ocrx_word' id='word_1_226' title='bbox 617 3103 969 3163; x_wconf 86' lang='lat' dir='ltr'><strong>insidiatores</strong></span> <span class='ocrx_word' id='word_1_227' title='bbox 995 3108 1090 3180; x_wconf 91' lang='lat' dir='ltr'><strong>qui</strong></span> <span class='ocrx_word' id='word_1_228' title='bbox 1121 3119 1252 3166; x_wconf 90' lang='lat' dir='ltr'><strong>sunt</strong></span> <span class='ocrx_word' id='word_1_229' title='bbox 1280 3119 1434 3166; x_wconf 89' lang='lat' dir='ltr'><strong>extra</strong></span> <span class='ocrx_word' id='word_1_230' title='bbox 1464 3111 1769 3180; x_wconf 87' lang='lat' dir='ltr'><strong>civitatem,</strong></span> <span class='ocrx_word' id='word_1_231' title='bbox 1798 3130 1909 3170; x_wconf 89' lang='lat' dir='ltr'><strong>non</strong></span> <span class='ocrx_word' id='word_1_232' title='bbox 1943 3115 2121 3174; x_wconf 88' lang='lat' dir='ltr'><strong>timet.</strong></span> 
     </span>
    </p>
   </div>
   <div class='ocr_carea' id='block_1_33' title="bbox 1145 3244 1483 3305">
    <p class='ocr_par' dir='ltr' id='par_1_33' title="bbox 1145 3244 1483 3305">
     <span class='ocr_line' id='line_1_33' title="bbox 1145 3244 1483 3305; baseline 0 -3"><span class='ocrx_word' id='word_1_233' title='bbox 1145 3244 1373 3305; x_wconf 81' lang='lat' dir='ltr'><strong>CAPUT</strong></span> <span class='ocrx_word' id='word_1_234' title='bbox 1411 3247 1483 3303; x_wconf 78' lang='grc' dir='ltr'><strong>Χ.</strong></span> 
     </span>
    </p>
   </div>
   <div class='ocr_carea' id='block_1_34' title="bbox 989 3357 1659 3420">
    <p class='ocr_par' dir='ltr' id='par_1_34' title="bbox 989 3357 1659 3420">
     <span class='ocr_line' id='line_1_34' title="bbox 989 3357 1659 3420; baseline 0.009 -6"><span class='ocrx_word' id='word_1_235' title='bbox 989 3357 1069 3414; x_wconf 85' lang='lat' dir='ltr'><strong>De</strong></span> <span class='ocrx_word' id='word_1_236' title='bbox 1099 3363 1342 3417; x_wconf 83' lang='lat' dir='ltr'><strong>oratione</strong></span> <span class='ocrx_word' id='word_1_237' title='bbox 1373 3370 1424 3416; x_wconf 84' lang='lat' dir='ltr'><strong>et</strong></span> <span class='ocrx_word' id='word_1_238' title='bbox 1458 3361 1659 3420; x_wconf 79' lang='lat' dir='ltr'><strong>labore.</strong></span> 
     </span>
    </p>
   </div>
   <div class='ocr_carea' id='block_1_35' title="bbox 602 3471 2113 3547">
    <p class='ocr_par' dir='ltr' id='par_1_35' title="bbox 602 3471 2113 3547">
     <span class='ocr_line' id='line_1_35' title="bbox 602 3471 2113 3547; baseline 0.007 -21"><span class='ocrx_word' id='word_1_239' title='bbox 602 3471 824 3537; x_wconf 84' lang='lat' dir='ltr'><strong>Beatus,</strong></span> <span class='ocrx_word' id='word_1_240' title='bbox 877 3472 974 3542; x_wconf 92' lang='lat' dir='ltr'><strong>qui</strong></span> <span class='ocrx_word' id='word_1_241' title='bbox 1003 3473 1158 3530; x_wconf 88' lang='lat' dir='ltr'><strong>novit</strong></span> <span class='ocrx_word' id='word_1_242' title='bbox 1199 3473 1307 3530; x_wconf 92' lang='lat' dir='ltr'><strong>hoc</strong></span> <span class='ocrx_word' id='word_1_243' title='bbox 1351 3485 1408 3531; x_wconf 92' lang='lat' dir='ltr'><strong>et</strong></span> <span class='ocrx_word' id='word_1_244' title='bbox 1443 3485 1631 3532; x_wconf 89' lang='lat' dir='ltr'><strong>manet</strong></span> <span class='ocrx_word' id='word_1_245' title='bbox 1680 3477 1736 3533; x_wconf 89' lang='lat' dir='ltr'><strong>in</strong></span> <span class='ocrx_word' id='word_1_246' title='bbox 1786 3479 2113 3547; x_wconf 86' lang='lat' dir='ltr'><strong>solitudine,</strong></span> 
     </span>
    </p>
   </div>
   <div class='ocr_carea' id='block_1_36' title="bbox 529 3562 2118 3636">
    <p class='ocr_par' dir='ltr' id='par_1_36' title="bbox 529 3562 2118 3636">
     <span class='ocr_line' id='line_1_36' title="bbox 529 3562 2118 3636; baseline 0.007 -18"><span class='ocrx_word' id='word_1_247' title='bbox 529 3577 635 3618; x_wconf 85' lang='lat' dir='ltr'><strong>nec</strong></span> <span class='ocrx_word' id='word_1_248' title='bbox 669 3562 900 3620; x_wconf 80' lang='lat' dir='ltr'><strong>ﬂuctuat</strong></span> <span class='ocrx_word' id='word_1_249' title='bbox 964 3564 1022 3620; x_wconf 90' lang='lat' dir='ltr'><strong>in</strong></span> <span class='ocrx_word' id='word_1_250' title='bbox 1069 3580 1303 3636; x_wconf 90' lang='lat' dir='ltr'><strong>operum</strong></span> <span class='ocrx_word' id='word_1_251' title='bbox 1349 3567 1733 3635; x_wconf 88' lang='lat' dir='ltr'><strong>multitudine,</strong></span> <span class='ocrx_word' id='word_1_252' title='bbox 1780 3571 1878 3626; x_wconf 90' lang='lat' dir='ltr'><strong>sed</strong></span> <span class='ocrx_word' id='word_1_253' title='bbox 1922 3587 2118 3630; x_wconf 89' lang='lat' dir='ltr'><strong>omnes</strong></span> 
     </span>
    </p>
   </div>
   <div class='ocr_carea' id='block_1_37' title="bbox 527 3655 2116 3728">
    <p class='ocr_par' dir='ltr' id='par_1_37' title="bbox 527 3655 2116 3728">
     <span class='ocr_line' id='line_1_37' title="bbox 527 3655 2116 3728; baseline 0.007 -19"><span class='ocrx_word' id='word_1_254' title='bbox 527 3655 850 3726; x_wconf 88' lang='lat' dir='ltr'><strong>corporales</strong></span> <span class='ocrx_word' id='word_1_255' title='bbox 886 3658 1242 3728; x_wconf 90' lang='lat' dir='ltr'><strong>operationes</strong></span> <span class='ocrx_word' id='word_1_256' title='bbox 1274 3658 1330 3714; x_wconf 90' lang='lat' dir='ltr'><strong>in</strong></span> <span class='ocrx_word' id='word_1_257' title='bbox 1360 3659 1611 3716; x_wconf 90' lang='lat' dir='ltr'><strong>laborem</strong></span> <span class='ocrx_word' id='word_1_258' title='bbox 1653 3663 1923 3720; x_wconf 90' lang='lat' dir='ltr'><strong>orationis</strong></span> <span class='ocrx_word' id='word_1_259' title='bbox 1977 3679 2116 3720; x_wconf 90' lang='lat' dir='ltr'><strong>con-</strong></span> 
     </span>
    </p>
   </div>
   <div class='ocr_carea' id='block_1_38' title="bbox 528 3748 2118 3823">
    <p class='ocr_par' dir='ltr' id='par_1_38' title="bbox 528 3748 2118 3823">
     <span class='ocr_line' id='line_1_38' title="bbox 528 3748 2118 3823; baseline 0.008 -23"><span class='ocrx_word' id='word_1_260' title='bbox 528 3748 721 3814; x_wconf 85' lang='lat' dir='ltr'><strong>vertit,</strong></span> <span class='ocrx_word' id='word_1_261' title='bbox 753 3757 811 3804; x_wconf 89' lang='lat' dir='ltr'><strong>et</strong></span> <span class='ocrx_word' id='word_1_262' title='bbox 840 3749 1019 3807; x_wconf 88' lang='lat' dir='ltr'><strong>credit</strong></span> <span class='ocrx_word' id='word_1_263' title='bbox 1048 3749 1297 3822; x_wconf 85' lang='lat' dir='ltr'><strong>quandin</strong></span> <span class='ocrx_word' id='word_1_264' title='bbox 1331 3763 1596 3823; x_wconf 86' lang='lat' dir='ltr'><strong>Operatur</strong></span> <span class='ocrx_word' id='word_1_265' title='bbox 1621 3769 1747 3810; x_wconf 90' lang='lat' dir='ltr'><strong>cum</strong></span> <span class='ocrx_word' id='word_1_266' title='bbox 1776 3755 1912 3823; x_wconf 91' lang='lat' dir='ltr'><strong>Deo,</strong></span> <span class='ocrx_word' id='word_1_267' title='bbox 1936 3767 1992 3811; x_wconf 95' lang='lat' dir='ltr'><strong>et</strong></span> <span class='ocrx_word' id='word_1_268' title='bbox 2020 3756 2118 3812; x_wconf 87' lang='lat' dir='ltr'><strong>ba-</strong></span> 
     </span>
    </p>
   </div>
   <div class='ocr_carea' id='block_1_39' title="bbox 530 3841 2116 3919">
    <p class='ocr_par' dir='ltr' id='par_1_39' title="bbox 530 3841 2116 3919">
     <span class='ocr_line' id='line_1_39' title="bbox 530 3841 2116 3919; baseline 0.005 -23"><span class='ocrx_word' id='word_1_269' title='bbox 530 3841 626 3898; x_wconf 89' lang='lat' dir='ltr'><strong>bet</strong></span> <span class='ocrx_word' id='word_1_270' title='bbox 655 3842 1086 3900; x_wconf 87' lang='lat' dir='ltr'><strong>sollicifudinem</strong></span> <span class='ocrx_word' id='word_1_271' title='bbox 1117 3844 1175 3900; x_wconf 88' lang='lat' dir='ltr'><strong>in</strong></span> <span class='ocrx_word' id='word_1_272' title='bbox 1206 3845 1328 3915; x_wconf 91' lang='lat' dir='ltr'><strong>ipso</strong></span> <span class='ocrx_word' id='word_1_273' title='bbox 1357 3845 1447 3902; x_wconf 90' lang='lat' dir='ltr'><strong>die</strong></span> <span class='ocrx_word' id='word_1_274' title='bbox 1489 3855 1793 3919; x_wconf 82' lang='lat' dir='ltr'><strong>noctuque,</strong></span> <span class='ocrx_word' id='word_1_275' title='bbox 1826 3849 1975 3919; x_wconf 93' lang='lat' dir='ltr'><strong>quod</strong></span> <span class='ocrx_word' id='word_1_276' title='bbox 2003 3865 2116 3904; x_wconf 91' lang='lat' dir='ltr'><strong>non</strong></span> 
     </span>
    </p>
   </div>
   <div class='ocr_carea' id='block_1_40' title="bbox 531 3933 2116 4010">
    <p class='ocr_par' dir='ltr' id='par_1_40' title="bbox 531 3933 2116 4010">
     <span class='ocr_line' id='line_1_40' title="bbox 531 3933 2116 4010; baseline 0.004 -22"><span class='ocrx_word' id='word_1_277' title='bbox 531 3933 753 3990; x_wconf 76' lang='lat' dir='ltr'><strong>deficiat</strong></span> <span class='ocrx_word' id='word_1_278' title='bbox 784 3935 835 3990; x_wconf 90' lang='lat' dir='ltr'><strong>ei</strong></span> <span class='ocrx_word' id='word_1_279' title='bbox 873 3934 1178 4006; x_wconf 88' lang='lat' dir='ltr'><strong>quidquam</strong></span> <span class='ocrx_word' id='word_1_280' title='bbox 1202 3936 1272 3992; x_wconf 89' lang='lat' dir='ltr'><strong>de</strong></span> <span class='ocrx_word' id='word_1_281' title='bbox 1310 3939 1637 3995; x_wconf 89' lang='lat' dir='ltr'><strong>necessariis</strong></span> <span class='ocrx_word' id='word_1_282' title='bbox 1672 3940 1887 4005; x_wconf 89' lang='lat' dir='ltr'><strong>usibus,</strong></span> <span class='ocrx_word' id='word_1_283' title='bbox 1918 3957 2116 4010; x_wconf 91' lang='lat' dir='ltr'><strong>quem-</strong></span> 
     </span>
    </p>
   </div>
   <div class='ocr_carea' id='block_1_41' title="bbox 532 4023 2117 4104">
    <p class='ocr_par' dir='ltr' id='par_1_41' title="bbox 532 4023 2117 4104">
     <span class='ocr_line' id='line_1_41' title="bbox 532 4023 2117 4104; baseline 0.006 -25"><span class='ocrx_word' id='word_1_284' title='bbox 532 4023 833 4081; x_wconf 88' lang='lat' dir='ltr'><strong>admodum</strong></span> <span class='ocrx_word' id='word_1_285' title='bbox 884 4041 995 4082; x_wconf 92' lang='lat' dir='ltr'><strong>non</strong></span> <span class='ocrx_word' id='word_1_286' title='bbox 1022 4039 1205 4084; x_wconf 86' lang='lat' dir='ltr'><strong>cessat</strong></span> <span class='ocrx_word' id='word_1_287' title='bbox 1232 4027 1301 4083; x_wconf 88' lang='lat' dir='ltr'><strong>ab</strong></span> <span class='ocrx_word' id='word_1_288' title='bbox 1339 4044 1508 4100; x_wconf 90' lang='lat' dir='ltr'><strong>opere</strong></span> <span class='ocrx_word' id='word_1_289' title='bbox 1531 4047 1632 4102; x_wconf 91' lang='lat' dir='ltr'><strong>pro</strong></span> <span class='ocrx_word' id='word_1_290' title='bbox 1660 4031 1878 4088; x_wconf 85' lang='lat' dir='ltr'><strong>eodem.</strong></span> <span class='ocrx_word' id='word_1_291' title='bbox 1909 4033 1964 4090; x_wconf 86' lang='lat' dir='ltr'><strong>Si</strong></span> <span class='ocrx_word' id='word_1_292' title='bbox 1991 4034 2117 4104; x_wconf 85' lang='lat' dir='ltr'><strong>quis</strong></span> 
     </span>
    </p>
   </div>
   <div class='ocr_carea' id='block_1_42' title="bbox 532 4119 2118 4196">
    <p class='ocr_par' dir='ltr' id='par_1_42' title="bbox 532 4119 2118 4196">
     <span class='ocr_line' id='line_1_42' title="bbox 532 4119 2118 4196; baseline 0.004 -23"><span class='ocrx_word' id='word_1_293' title='bbox 532 4126 718 4173; x_wconf 89' lang='lat' dir='ltr'><strong>autem</strong></span> <span class='ocrx_word' id='word_1_294' title='bbox 765 4133 877 4174; x_wconf 92' lang='lat' dir='ltr'><strong>non</strong></span> <span class='ocrx_word' id='word_1_295' title='bbox 917 4119 1250 4176; x_wconf 86' lang='lat' dir='ltr'><strong>sustinuerit</strong></span> <span class='ocrx_word' id='word_1_296' title='bbox 1279 4121 1336 4176; x_wconf 90' lang='lat' dir='ltr'><strong>in</strong></span> <span class='ocrx_word' id='word_1_297' title='bbox 1365 4121 1670 4179; x_wconf 88' lang='lat' dir='ltr'><strong>solitudine</strong></span> <span class='ocrx_word' id='word_1_298' title='bbox 1695 4123 1812 4180; x_wconf 88' lang='lat' dir='ltr'><strong>sive</strong></span> <span class='ocrx_word' id='word_1_299' title='bbox 1850 4135 2118 4196; x_wconf 87' lang='lat' dir='ltr'><strong>operetur</strong></span> 
     </span>
    </p>
   </div>
   <div class='ocr_carea' id='block_1_43' title="bbox 536 4209 2118 4286">
    <p class='ocr_par' dir='ltr' id='par_1_43' title="bbox 536 4209 2118 4286">
     <span class='ocr_line' id='line_1_43' title="bbox 536 4209 2118 4286; baseline 0.005 -22"><span class='ocrx_word' id='word_1_300' title='bbox 536 4221 700 4265; x_wconf 92' lang='lat' dir='ltr'><strong>utens</strong></span> <span class='ocrx_word' id='word_1_301' title='bbox 740 4209 967 4280; x_wconf 90' lang='lat' dir='ltr'><strong>quidem</strong></span> <span class='ocrx_word' id='word_1_302' title='bbox 1005 4227 1096 4278; x_wconf 91' lang='lat' dir='ltr'><strong>eo,</strong></span> <span class='ocrx_word' id='word_1_303' title='bbox 1143 4222 1406 4284; x_wconf 86' lang='lat' dir='ltr'><strong>tanquam</strong></span> <span class='ocrx_word' id='word_1_304' title='bbox 1446 4214 1735 4286; x_wconf 90' lang='lat' dir='ltr'><strong>adjutore;</strong></span> <span class='ocrx_word' id='word_1_305' title='bbox 1785 4232 1897 4272; x_wconf 91' lang='lat' dir='ltr'><strong>non</strong></span> <span class='ocrx_word' id='word_1_306' title='bbox 1929 4225 2118 4272; x_wconf 92' lang='lat' dir='ltr'><strong>tamen</strong></span> 
     </span>
    </p>
   </div>
   <div class='ocr_carea' id='block_1_44' title="bbox 533 4301 2116 4379">
    <p class='ocr_par' dir='ltr' id='par_1_44' title="bbox 533 4301 2116 4379">
     <span class='ocr_line' id='line_1_44' title="bbox 533 4301 2116 4379; baseline 0.006 -23"><span class='ocrx_word' id='word_1_307' title='bbox 533 4301 696 4358; x_wconf 82' lang='lat' dir='ltr'><strong>avide</strong></span> <span class='ocrx_word' id='word_1_308' title='bbox 739 4312 967 4374; x_wconf 87' lang='lat' dir='ltr'><strong>propter</strong></span> <span class='ocrx_word' id='word_1_309' title='bbox 1013 4304 1255 4361; x_wconf 91' lang='lat' dir='ltr'><strong>lucrum.</strong></span> <span class='ocrx_word' id='word_1_310' title='bbox 1297 4306 1436 4362; x_wconf 89' lang='lat' dir='ltr'><strong>Nam</strong></span> <span class='ocrx_word' id='word_1_311' title='bbox 1471 4307 1606 4363; x_wconf 92' lang='lat' dir='ltr'><strong>illud</strong></span> <span class='ocrx_word' id='word_1_312' title='bbox 1643 4308 1882 4379; x_wconf 90' lang='lat' dir='ltr'><strong>positum</strong></span> <span class='ocrx_word' id='word_1_313' title='bbox 1910 4317 1995 4364; x_wconf 91' lang='lat' dir='ltr'><strong>est</strong></span> <span class='ocrx_word' id='word_1_314' title='bbox 2028 4309 2116 4364; x_wconf 84' lang='lat' dir='ltr'><strong>in-</strong></span> 
     </span>
    </p>
   </div>
   <div class='ocr_carea' id='block_1_45' title="bbox 467 4396 2114 4468">
    <p class='ocr_par' dir='ltr' id='par_1_45' title="bbox 467 4396 2114 4468">
     <span class='ocr_line' id='line_1_45' title="bbox 467 4396 2114 4468; baseline 0.005 -19"><span class='ocrx_word' id='word_1_315' title='bbox 467 4399 471 4404; x_wconf 83' lang='grc'><strong>’</strong></span> <span class='ocrx_word' id='word_1_316' title='bbox 535 4396 732 4460; x_wconf 78' lang='lat' dir='ltr'><strong>firmis,</strong></span> <span class='ocrx_word' id='word_1_317' title='bbox 801 4396 931 4468; x_wconf 82' lang='lat' dir='ltr'><strong>quia</strong></span> <span class='ocrx_word' id='word_1_318' title='bbox 993 4397 1323 4456; x_wconf 77' lang='lat' dir='ltr'><strong>fortioribus</strong></span> <span class='ocrx_word' id='word_1_319' title='bbox 1378 4399 1790 4457; x_wconf 90' lang='lat' dir='ltr'><strong>turbamentum</strong></span> <span class='ocrx_word' id='word_1_320' title='bbox 1851 4402 2114 4461; x_wconf 87' lang='lat' dir='ltr'><strong>exsistit:</strong></span> 
     </span>
    </p>
   </div>
   <div class='ocr_carea' id='block_1_46' title="bbox 534 4491 2118 4568">
    <p class='ocr_par' dir='ltr' id='par_1_46' title="bbox 534 4491 2118 4568">
     <span class='ocr_line' id='line_1_46' title="bbox 534 4491 2118 4568; baseline 0.006 -25"><span class='ocrx_word' id='word_1_321' title='bbox 534 4491 875 4560; x_wconf 88' lang='lat' dir='ltr'><strong>pauperibus</strong></span> <span class='ocrx_word' id='word_1_322' title='bbox 915 4499 971 4547; x_wconf 89' lang='lat' dir='ltr'><strong>et</strong></span> <span class='ocrx_word' id='word_1_323' title='bbox 1018 4491 1195 4565; x_wconf 77' lang='lat' dir='ltr'><strong>pigris</strong></span> <span class='ocrx_word' id='word_1_324' title='bbox 1237 4499 1426 4564; x_wconf 86' lang='lat' dir='ltr'><strong>patres</strong></span> <span class='ocrx_word' id='word_1_325' title='bbox 1453 4503 1870 4564; x_wconf 85' lang='lat' dir='ltr'><strong>exposuerunt;</strong></span> <span class='ocrx_word' id='word_1_326' title='bbox 1900 4506 1962 4552; x_wconf 89' lang='lat' dir='ltr'><strong>ut</strong></span> <span class='ocrx_word' id='word_1_327' title='bbox 1986 4511 2118 4568; x_wconf 81' lang='lat' dir='ltr'><strong>ope-</strong></span> 
     </span>
    </p>
   </div>
   <div class='ocr_carea' id='block_1_47' title="bbox 2227 647 3814 728">
    <p class='ocr_par' dir='ltr' id='par_1_47' title="bbox 2227 647 3814 728">
     <span class='ocr_line' id='line_1_47' title="bbox 2227 647 3814 728; baseline 0.013 -30"><span class='ocrx_word' id='word_1_328' title='bbox 2227 659 2352 700; x_wconf 92' lang='lat' dir='ltr'><strong>cum</strong></span> <span class='ocrx_word' id='word_1_329' title='bbox 2394 647 2605 704; x_wconf 88' lang='lat' dir='ltr'><strong>eisdem</strong></span> <span class='ocrx_word' id='word_1_330' title='bbox 2646 666 2660 704; x_wconf 87' lang='lat'><strong>:</strong></span> <span class='ocrx_word' id='word_1_331' title='bbox 2699 659 2832 706; x_wconf 90' lang='lat' dir='ltr'><strong>tunc</strong></span> <span class='ocrx_word' id='word_1_332' title='bbox 2856 652 3004 706; x_wconf 88' lang='lat' dir='ltr'><strong>enim</strong></span> <span class='ocrx_word' id='word_1_333' title='bbox 3037 653 3253 709; x_wconf 90' lang='lat' dir='ltr'><strong>orietur</strong></span> <span class='ocrx_word' id='word_1_334' title='bbox 3289 657 3389 712; x_wconf 91' lang='lat' dir='ltr'><strong>tibi</strong></span> <span class='ocrx_word' id='word_1_335' title='bbox 3422 659 3514 712; x_wconf 77' lang='lat' dir='ltr'><strong>lux</strong></span> <span class='ocrx_word' id='word_1_336' title='bbox 3545 659 3814 728; x_wconf 86' lang='lat' dir='ltr'><strong>interius,</strong></span> 
     </span>
    </p>
   </div>
   <div class='ocr_carea' id='block_1_48' title="bbox 2225 737 3815 814">
    <p class='ocr_par' dir='ltr' id='par_1_48' title="bbox 2225 737 3815 814">
     <span class='ocr_line' id='line_1_48' title="bbox 2225 737 3815 814; baseline 0.013 -25"><span class='ocrx_word' id='word_1_337' title='bbox 2225 744 2285 791; x_wconf 88' lang='lat' dir='ltr'><strong>et</strong></span> <span class='ocrx_word' id='word_1_338' title='bbox 2328 737 2544 808; x_wconf 90' lang='lat' dir='ltr'><strong>justitia</strong></span> <span class='ocrx_word' id='word_1_339' title='bbox 2597 749 2690 796; x_wconf 87' lang='lat' dir='ltr'><strong>tua</strong></span> <span class='ocrx_word' id='word_1_340' title='bbox 2743 742 2854 798; x_wconf 91' lang='lat' dir='ltr'><strong>cito</strong></span> <span class='ocrx_word' id='word_1_341' title='bbox 2909 743 3161 814; x_wconf 86' lang='lat' dir='ltr'><strong>fulgebit.</strong></span> <span class='ocrx_word' id='word_1_342' title='bbox 3203 757 3260 801; x_wconf 90' lang='lat' dir='ltr'><strong>et</strong></span> <span class='ocrx_word' id='word_1_343' title='bbox 3295 747 3388 804; x_wconf 83' lang='lat' dir='ltr'><strong>fiet</strong></span> <span class='ocrx_word' id='word_1_344' title='bbox 3434 751 3578 806; x_wconf 88' lang='lat' dir='ltr'><strong>sicut</strong></span> <span class='ocrx_word' id='word_1_345' title='bbox 3609 754 3815 809; x_wconf 84' lang='lat' dir='ltr'><strong>indefi-</strong></span> 
     </span>
    </p>
   </div>
   <div class='ocr_carea' id='block_1_49' title="bbox 2227 828 3816 912">
    <p class='ocr_par' dir='ltr' id='par_1_49' title="bbox 2227 828 3816 912">
     <span class='ocr_line' id='line_1_49' title="bbox 2227 828 3816 912; baseline 0.012 -28"><span class='ocrx_word' id='word_1_346' title='bbox 2227 828 2380 885; x_wconf 91' lang='lat' dir='ltr'><strong>ciens</strong></span> <span class='ocrx_word' id='word_1_347' title='bbox 2430 831 2554 888; x_wconf 88' lang='lat' dir='ltr'><strong>fons</strong></span> <span class='ocrx_word' id='word_1_348' title='bbox 2587 849 2743 904; x_wconf 86' lang='lat' dir='ltr'><strong>aquae</strong></span> <span class='ocrx_word' id='word_1_349' title='bbox 2772 850 2836 890; x_wconf 91' lang='lat' dir='ltr'><strong>ac</strong></span> <span class='ocrx_word' id='word_1_350' title='bbox 2872 837 3016 891; x_wconf 88' lang='lat' dir='ltr'><strong>sicut</strong></span> <span class='ocrx_word' id='word_1_351' title='bbox 3052 838 3246 895; x_wconf 87' lang='lat' dir='ltr'><strong>ﬂorida</strong></span> <span class='ocrx_word' id='word_1_352' title='bbox 3293 844 3605 912; x_wconf 80' lang='lat' dir='ltr'><strong>paradisus.</strong></span> <span class='ocrx_word' id='word_1_353' title='bbox 3644 847 3816 903; x_wconf 85' lang='lat' dir='ltr'><strong>Vides</strong></span> 
     </span>
    </p>
   </div>
   <div class='ocr_carea' id='block_1_50' title="bbox 2225 921 3813 994">
    <p class='ocr_par' dir='ltr' id='par_1_50' title="bbox 2225 921 3813 994">
     <span class='ocr_line' id='line_1_50' title="bbox 2225 921 3813 994; baseline 0.012 -19"><span class='ocrx_word' id='word_1_354' title='bbox 2225 921 2410 992; x_wconf 86' lang='lat' dir='ltr'><strong>qualia</strong></span> <span class='ocrx_word' id='word_1_355' title='bbox 2457 923 2600 979; x_wconf 90' lang='lat' dir='ltr'><strong>bona</strong></span> <span class='ocrx_word' id='word_1_356' title='bbox 2642 926 2856 982; x_wconf 86' lang='lat' dir='ltr'><strong>homini</strong></span> <span class='ocrx_word' id='word_1_357' title='bbox 2882 929 2950 984; x_wconf 89' lang='lat' dir='ltr'><strong>de</strong></span> <span class='ocrx_word' id='word_1_358' title='bbox 2979 933 3285 988; x_wconf 88' lang='lat' dir='ltr'><strong>certamine</strong></span> <span class='ocrx_word' id='word_1_359' title='bbox 3318 935 3581 992; x_wconf 89' lang='lat' dir='ltr'><strong>oriuntur</strong></span> <span class='ocrx_word' id='word_1_360' title='bbox 3609 957 3623 992; x_wconf 90' lang='lat'><strong>:</strong></span> <span class='ocrx_word' id='word_1_361' title='bbox 3660 942 3813 994; x_wconf 88' lang='lat' dir='ltr'><strong>mul-</strong></span> 
     </span>
    </p>
   </div>
   <div class='ocr_carea' id='block_1_51' title="bbox 2228 1015 3815 1096">
    <p class='ocr_par' dir='ltr' id='par_1_51' title="bbox 2228 1015 3815 1096">
     <span class='ocr_line' id='line_1_51' title="bbox 2228 1015 3815 1096; baseline 0.011 -28"><span class='ocrx_word' id='word_1_362' title='bbox 2228 1015 2390 1070; x_wconf 89' lang='lat' dir='ltr'><strong>toties</strong></span> <span class='ocrx_word' id='word_1_363' title='bbox 2424 1017 2709 1074; x_wconf 79' lang='lat' dir='ltr'><strong>invenitur</strong></span> <span class='ocrx_word' id='word_1_364' title='bbox 2740 1030 3005 1077; x_wconf 89' lang='lat' dir='ltr'><strong>curvatus</strong></span> <span class='ocrx_word' id='word_1_365' title='bbox 3035 1039 3202 1094; x_wconf 92' lang='lat' dir='ltr'><strong>super</strong></span> <span class='ocrx_word' id='word_1_366' title='bbox 3235 1043 3413 1096; x_wconf 90' lang='lat' dir='ltr'><strong>genua</strong></span> <span class='ocrx_word' id='word_1_367' title='bbox 3447 1030 3500 1083; x_wconf 91' lang='lat' dir='ltr'><strong>in</strong></span> <span class='ocrx_word' id='word_1_368' title='bbox 3537 1032 3815 1092; x_wconf 84' lang='lat' dir='ltr'><strong>orationi-</strong></span> 
     </span>
    </p>
   </div>
   <div class='ocr_carea' id='block_1_52' title="bbox 2225 1103 3812 1191">
    <p class='ocr_par' dir='ltr' id='par_1_52' title="bbox 2225 1103 3812 1191">
     <span class='ocr_line' id='line_1_52' title="bbox 2225 1103 3812 1191; baseline 0.011 -33"><span class='ocrx_word' id='word_1_369' title='bbox 2225 1103 2352 1171; x_wconf 92' lang='lat' dir='ltr'><strong>bus,</strong></span> <span class='ocrx_word' id='word_1_370' title='bbox 2399 1122 2596 1162; x_wconf 87' lang='lat' dir='ltr'><strong>manus</strong></span> <span class='ocrx_word' id='word_1_371' title='bbox 2629 1108 2843 1165; x_wconf 86' lang='lat' dir='ltr'><strong>habens</strong></span> <span class='ocrx_word' id='word_1_372' title='bbox 2871 1119 3130 1168; x_wconf 82' lang='lat' dir='ltr'><strong>extensas</strong></span> <span class='ocrx_word' id='word_1_373' title='bbox 3161 1114 3227 1169; x_wconf 91' lang='lat' dir='ltr'><strong>ad</strong></span> <span class='ocrx_word' id='word_1_374' title='bbox 3261 1117 3488 1182; x_wconf 77' lang='lat' dir='ltr'><strong>ccelum,</strong></span> <span class='ocrx_word' id='word_1_375' title='bbox 3532 1129 3589 1174; x_wconf 93' lang='lat' dir='ltr'><strong>et</strong></span> <span class='ocrx_word' id='word_1_376' title='bbox 3627 1121 3812 1191; x_wconf 86' lang='lat' dir='ltr'><strong>respi—</strong></span> 
     </span>
    </p>
   </div>
   <div class='ocr_carea' id='block_1_53' title="bbox 2226 1197 3812 1280">
    <p class='ocr_par' dir='ltr' id='par_1_53' title="bbox 2226 1197 3812 1280">
     <span class='ocr_line' id='line_1_53' title="bbox 2226 1197 3812 1280; baseline 0.011 -30"><span class='ocrx_word' id='word_1_377' title='bbox 2226 1197 2382 1252; x_wconf 91' lang='lat' dir='ltr'><strong>ciens</strong></span> <span class='ocrx_word' id='word_1_378' title='bbox 2416 1197 2614 1254; x_wconf 83' lang='lat' dir='ltr'><strong>faciem</strong></span> <span class='ocrx_word' id='word_1_379' title='bbox 2664 1201 2722 1255; x_wconf 91' lang='lat' dir='ltr'><strong>in</strong></span> <span class='ocrx_word' id='word_1_380' title='bbox 2776 1217 2942 1258; x_wconf 92' lang='lat' dir='ltr'><strong>cruce</strong></span> <span class='ocrx_word' id='word_1_381' title='bbox 2985 1202 3214 1270; x_wconf 88' lang='lat' dir='ltr'><strong>Christi,</strong></span> <span class='ocrx_word' id='word_1_382' title='bbox 3241 1218 3298 1262; x_wconf 91' lang='lat' dir='ltr'><strong>et</strong></span> <span class='ocrx_word' id='word_1_383' title='bbox 3324 1209 3589 1280; x_wconf 81' lang='lat' dir='ltr'><strong>colligens</strong></span> <span class='ocrx_word' id='word_1_384' title='bbox 3613 1228 3812 1267; x_wconf 88' lang='lat' dir='ltr'><strong>omnes</strong></span> 
     </span>
    </p>
   </div>
   <div class='ocr_carea' id='block_1_54' title="bbox 2225 1291 3810 1375">
    <p class='ocr_par' dir='ltr' id='par_1_54' title="bbox 2225 1291 3810 1375">
     <span class='ocr_line' id='line_1_54' title="bbox 2225 1291 3810 1375; baseline 0.011 -33"><span class='ocrx_word' id='word_1_385' title='bbox 2225 1291 2597 1361; x_wconf 82' lang='lat' dir='ltr'><strong>cogitationes</strong></span> <span class='ocrx_word' id='word_1_386' title='bbox 2646 1309 2777 1349; x_wconf 86' lang='lat' dir='ltr'><strong>suas</strong></span> <span class='ocrx_word' id='word_1_387' title='bbox 2824 1294 2880 1349; x_wconf 92' lang='lat' dir='ltr'><strong>in</strong></span> <span class='ocrx_word' id='word_1_388' title='bbox 2915 1296 3086 1351; x_wconf 92' lang='lat' dir='ltr'><strong>Deum</strong></span> <span class='ocrx_word' id='word_1_389' title='bbox 3126 1299 3182 1353; x_wconf 93' lang='lat' dir='ltr'><strong>in</strong></span> <span class='ocrx_word' id='word_1_390' title='bbox 3217 1302 3491 1358; x_wconf 89' lang='lat' dir='ltr'><strong>oratione.</strong></span> <span class='ocrx_word' id='word_1_391' title='bbox 3531 1304 3598 1358; x_wconf 83' lang='lat' dir='ltr'><strong>Et</strong></span> <span class='ocrx_word' id='word_1_392' title='bbox 3627 1321 3810 1375; x_wconf 84' lang='lat' dir='ltr'><strong>quau-</strong></span> 
     </span>
    </p>
   </div>
   <div class='ocr_carea' id='block_1_55' title="bbox 2224 1381 3810 1468">
    <p class='ocr_par' dir='ltr' id='par_1_55' title="bbox 2224 1381 3810 1468">
     <span class='ocr_line' id='line_1_55' title="bbox 2224 1381 3810 1468; baseline 0.009 -31"><span class='ocrx_word' id='word_1_393' title='bbox 2224 1381 2321 1437; x_wconf 90' lang='lat' dir='ltr'><strong>diu</strong></span> <span class='ocrx_word' id='word_1_394' title='bbox 2350 1384 2459 1439; x_wconf 90' lang='lat' dir='ltr'><strong>erit</strong></span> <span class='ocrx_word' id='word_1_395' title='bbox 2493 1401 2619 1440; x_wconf 91' lang='lat' dir='ltr'><strong>cum</strong></span> <span class='ocrx_word' id='word_1_396' title='bbox 2671 1387 2936 1458; x_wconf 90' lang='lat' dir='ltr'><strong>lacrymis</strong></span> <span class='ocrx_word' id='word_1_397' title='bbox 2970 1397 3025 1442; x_wconf 93' lang='lat' dir='ltr'><strong>et</strong></span> <span class='ocrx_word' id='word_1_398' title='bbox 3075 1394 3530 1462; x_wconf 85' lang='lat' dir='ltr'><strong>eompunctione,</strong></span> <span class='ocrx_word' id='word_1_399' title='bbox 3585 1397 3639 1451; x_wconf 92' lang='lat' dir='ltr'><strong>in</strong></span> <span class='ocrx_word' id='word_1_400' title='bbox 3692 1399 3810 1468; x_wconf 86' lang='lat' dir='ltr'><strong>ipsa</strong></span> 
     </span>
    </p>
   </div>
   <div class='ocr_carea' id='block_1_56' title="bbox 2223 1474 3810 1556">
    <p class='ocr_par' dir='ltr' id='par_1_56' title="bbox 2223 1474 3810 1556">
     <span class='ocr_line' id='line_1_56' title="bbox 2223 1474 3810 1556; baseline 0.008 -27"><span class='ocrx_word' id='word_1_401' title='bbox 2223 1474 2363 1530; x_wconf 90' lang='lat' dir='ltr'><strong>hora</strong></span> <span class='ocrx_word' id='word_1_402' title='bbox 2405 1476 2590 1531; x_wconf 89' lang='lat' dir='ltr'><strong>statim</strong></span> <span class='ocrx_word' id='word_1_403' title='bbox 2641 1477 2826 1533; x_wconf 87' lang='lat' dir='ltr'><strong>subito</strong></span> <span class='ocrx_word' id='word_1_404' title='bbox 2869 1487 3056 1535; x_wconf 90' lang='lat' dir='ltr'><strong>manat</strong></span> <span class='ocrx_word' id='word_1_405' title='bbox 3087 1481 3141 1535; x_wconf 92' lang='lat' dir='ltr'><strong>in</strong></span> <span class='ocrx_word' id='word_1_406' title='bbox 3193 1484 3359 1538; x_wconf 89' lang='lat' dir='ltr'><strong>corde</strong></span> <span class='ocrx_word' id='word_1_407' title='bbox 3396 1499 3497 1539; x_wconf 86' lang='lat' dir='ltr'><strong>suo</strong></span> <span class='ocrx_word' id='word_1_408' title='bbox 3521 1486 3644 1540; x_wconf 89' lang='lat' dir='ltr'><strong>fons</strong></span> <span class='ocrx_word' id='word_1_409' title='bbox 3676 1504 3810 1556; x_wconf 82' lang='lat' dir='ltr'><strong>pro-</strong></span> 
     </span>
    </p>
   </div>
   <div class='ocr_carea' id='block_1_57' title="bbox 2221 1565 3811 1636">
    <p class='ocr_par' dir='ltr' id='par_1_57' title="bbox 2221 1565 3811 1636">
     <span class='ocr_line' id='line_1_57' title="bbox 2221 1565 3811 1636; baseline 0.008 -15"><span class='ocrx_word' id='word_1_410' title='bbox 2221 1565 2433 1624; x_wconf 91' lang='lat' dir='ltr'><strong>ducens</strong></span> <span class='ocrx_word' id='word_1_411' title='bbox 2489 1567 2937 1636; x_wconf 87' lang='lat' dir='ltr'><strong>delectationem,</strong></span> <span class='ocrx_word' id='word_1_412' title='bbox 3001 1581 3058 1628; x_wconf 92' lang='lat' dir='ltr'><strong>et</strong></span> <span class='ocrx_word' id='word_1_413' title='bbox 3108 1573 3492 1630; x_wconf 87' lang='lat' dir='ltr'><strong>dissolvuntur</strong></span> <span class='ocrx_word' id='word_1_414' title='bbox 3556 1580 3811 1634; x_wconf 85' lang='lat' dir='ltr'><strong>membra</strong></span> 
     </span>
    </p>
   </div>
   <div class='ocr_carea' id='block_1_58' title="bbox 2221 1656 3810 1733">
    <p class='ocr_par' dir='ltr' id='par_1_58' title="bbox 2221 1656 3810 1733">
     <span class='ocr_line' id='line_1_58' title="bbox 2221 1656 3810 1733; baseline 0.008 -23"><span class='ocrx_word' id='word_1_415' title='bbox 2221 1656 2363 1726; x_wconf 93' lang='lat' dir='ltr'><strong>ejus,</strong></span> <span class='ocrx_word' id='word_1_416' title='bbox 2399 1665 2456 1712; x_wconf 92' lang='lat' dir='ltr'><strong>et</strong></span> <span class='ocrx_word' id='word_1_417' title='bbox 2485 1657 2850 1713; x_wconf 87' lang='lat' dir='ltr'><strong>convelantur</strong></span> <span class='ocrx_word' id='word_1_418' title='bbox 2899 1661 3044 1716; x_wconf 92' lang='lat' dir='ltr'><strong>oculi</strong></span> <span class='ocrx_word' id='word_1_419' title='bbox 3089 1663 3228 1733; x_wconf 86' lang='lat' dir='ltr'><strong>ejus,</strong></span> <span class='ocrx_word' id='word_1_420' title='bbox 3259 1673 3314 1719; x_wconf 92' lang='lat' dir='ltr'><strong>et</strong></span> <span class='ocrx_word' id='word_1_421' title='bbox 3340 1665 3541 1720; x_wconf 87' lang='lat' dir='ltr'><strong>circuit</strong></span> <span class='ocrx_word' id='word_1_422' title='bbox 3577 1667 3715 1722; x_wconf 82' lang='lat' dir='ltr'><strong>facie</strong></span> <span class='ocrx_word' id='word_1_423' title='bbox 3753 1669 3810 1722; x_wconf 90' lang='lat' dir='ltr'><strong>in</strong></span> 
     </span>
    </p>
   </div>
   <div class='ocr_carea' id='block_1_59' title="bbox 2222 1747 3808 1824">
    <p class='ocr_par' dir='ltr' id='par_1_59' title="bbox 2222 1747 3808 1824">
     <span class='ocr_line' id='line_1_59' title="bbox 2222 1747 3808 1824; baseline 0.009 -25"><span class='ocrx_word' id='word_1_424' title='bbox 2222 1753 2430 1802; x_wconf 88' lang='lat' dir='ltr'><strong>terram</strong></span> <span class='ocrx_word' id='word_1_425' title='bbox 2460 1764 2473 1800; x_wconf 90' lang='lat'>:</span> <span class='ocrx_word' id='word_1_426' title='bbox 2507 1747 2874 1818; x_wconf 80' lang='lat' dir='ltr'><strong>cogitationes</strong></span> <span class='ocrx_word' id='word_1_427' title='bbox 2913 1759 3101 1807; x_wconf 86' lang='lat' dir='ltr'><strong>autem</strong></span> <span class='ocrx_word' id='word_1_428' title='bbox 3133 1753 3308 1823; x_wconf 89' lang='lat' dir='ltr'><strong>ipsius</strong></span> <span class='ocrx_word' id='word_1_429' title='bbox 3359 1755 3672 1812; x_wconf 86' lang='lat' dir='ltr'><strong>alterantur</strong></span> <span class='ocrx_word' id='word_1_430' title='bbox 3705 1760 3808 1824; x_wconf 88' lang='lat' dir='ltr'><strong>ita,</strong></span> 
     </span>
    </p>
   </div>
   <div class='ocr_carea' id='block_1_60' title="bbox 2223 1840 3808 1920">
    <p class='ocr_par' dir='ltr' id='par_1_60' title="bbox 2223 1840 3808 1920">
     <span class='ocr_line' id='line_1_60' title="bbox 2223 1840 3808 1920; baseline 0.007 -29"><span class='ocrx_word' id='word_1_431' title='bbox 2223 1847 2284 1892; x_wconf 90' lang='lat' dir='ltr'><strong>ut</strong></span> <span class='ocrx_word' id='word_1_432' title='bbox 2333 1853 2445 1893; x_wconf 88' lang='lat' dir='ltr'><strong>non</strong></span> <span class='ocrx_word' id='word_1_433' title='bbox 2495 1840 2672 1910; x_wconf 92' lang='lat' dir='ltr'><strong>possit</strong></span> <span class='ocrx_word' id='word_1_434' title='bbox 2710 1840 2895 1896; x_wconf 90' lang='lat' dir='ltr'><strong>facere</strong></span> <span class='ocrx_word' id='word_1_435' title='bbox 2935 1842 3378 1912; x_wconf 84' lang='lat' dir='ltr'><strong>genuﬂexionem</strong></span> <span class='ocrx_word' id='word_1_436' title='bbox 3420 1863 3534 1917; x_wconf 87' lang='lat' dir='ltr'><strong>prae</strong></span> <span class='ocrx_word' id='word_1_437' title='bbox 3577 1849 3808 1920; x_wconf 87' lang='lat' dir='ltr'><strong>gaudio,</strong></span> 
     </span>
    </p>
   </div>
   <div class='ocr_carea' id='block_1_61' title="bbox 2221 1928 3138 2001">
    <p class='ocr_par' dir='ltr' id='par_1_61' title="bbox 2221 1928 3138 2001">
     <span class='ocr_line' id='line_1_61' title="bbox 2221 1928 3138 2001; baseline 0.007 -19"><span class='ocrx_word' id='word_1_438' title='bbox 2221 1928 2370 1999; x_wconf 92' lang='lat' dir='ltr'><strong>quod</strong></span> <span class='ocrx_word' id='word_1_439' title='bbox 2395 1928 2452 1983; x_wconf 94' lang='lat' dir='ltr'><strong>in</strong></span> <span class='ocrx_word' id='word_1_440' title='bbox 2484 1939 2603 1985; x_wconf 90' lang='lat' dir='ltr'><strong>toto</strong></span> <span class='ocrx_word' id='word_1_441' title='bbox 2623 1946 2856 2001; x_wconf 90' lang='lat' dir='ltr'><strong>corpore</strong></span> <span class='ocrx_word' id='word_1_442' title='bbox 2888 1947 2989 1987; x_wconf 90' lang='lat' dir='ltr'><strong>suo</strong></span> <span class='ocrx_word' id='word_1_443' title='bbox 3011 1934 3138 1988; x_wconf 92' lang='lat' dir='ltr'><strong>erit.</strong></span> 
     </span>
    </p>
   </div>
   <div class='ocr_carea' id='block_1_62' title="bbox 2292 2019 3810 2100">
    <p class='ocr_par' dir='ltr' id='par_1_62' title="bbox 2292 2019 3810 2100">
     <span class='ocr_line' id='line_1_62' title="bbox 2292 2019 3810 2100; baseline 0.007 -25"><span class='ocrx_word' id='word_1_444' title='bbox 2292 2019 2529 2076; x_wconf 84' lang='lat' dir='ltr'><strong>Attende</strong></span> <span class='ocrx_word' id='word_1_445' title='bbox 2585 2022 2754 2093; x_wconf 82' lang='lat' dir='ltr'><strong>igitur</strong></span> <span class='ocrx_word' id='word_1_446' title='bbox 2804 2023 2980 2091; x_wconf 88' lang='lat' dir='ltr'><strong>hisce,</strong></span> <span class='ocrx_word' id='word_1_447' title='bbox 3013 2041 3047 2080; x_wconf 98' lang='lat' dir='ltr'><strong>o</strong></span> <span class='ocrx_word' id='word_1_448' title='bbox 3082 2025 3273 2092; x_wconf 91' lang='lat' dir='ltr'><strong>homo,</strong></span> <span class='ocrx_word' id='word_1_449' title='bbox 3305 2043 3428 2099; x_wconf 60' lang='lat' dir='ltr'><strong>quae</strong></span> <span class='ocrx_word' id='word_1_450' title='bbox 3474 2029 3634 2100; x_wconf 86' lang='lat' dir='ltr'><strong>legis,</strong></span> <span class='ocrx_word' id='word_1_451' title='bbox 3672 2032 3810 2100; x_wconf 82' lang='lat' dir='ltr'><strong>quia</strong></span> 
     </span>
    </p>
   </div>
   <div class='ocr_carea' id='block_1_63' title="bbox 2221 2112 3814 2184">
    <p class='ocr_par' dir='ltr' id='par_1_63' title="bbox 2221 2112 3814 2184">
     <span class='ocr_line' id='line_1_63' title="bbox 2221 2112 3814 2184; baseline 0.006 -16"><span class='ocrx_word' id='word_1_452' title='bbox 2221 2112 2330 2168; x_wconf 91' lang='lat' dir='ltr'><strong>nisi</strong></span> <span class='ocrx_word' id='word_1_453' title='bbox 2385 2113 2746 2180; x_wconf 88' lang='lat' dir='ltr'><strong>laboraveris,</strong></span> <span class='ocrx_word' id='word_1_454' title='bbox 2797 2131 2909 2171; x_wconf 94' lang='lat' dir='ltr'><strong>non</strong></span> <span class='ocrx_word' id='word_1_455' title='bbox 2957 2117 3230 2184; x_wconf 82' lang='lat' dir='ltr'><strong>invenies,</strong></span> <span class='ocrx_word' id='word_1_456' title='bbox 3281 2128 3338 2174; x_wconf 90' lang='lat' dir='ltr'><strong>et</strong></span> <span class='ocrx_word' id='word_1_457' title='bbox 3386 2121 3494 2176; x_wconf 85' lang='lat' dir='ltr'><strong>nisi</strong></span> <span class='ocrx_word' id='word_1_458' title='bbox 3531 2138 3655 2177; x_wconf 91' lang='lat' dir='ltr'><strong>cum</strong></span> <span class='ocrx_word' id='word_1_459' title='bbox 3690 2123 3814 2178; x_wconf 80' lang='lat' dir='ltr'><strong>fcr-</strong></span> 
     </span>
    </p>
   </div>
   <div class='ocr_carea' id='block_1_64' title="bbox 2221 2205 3809 2281">
    <p class='ocr_par' dir='ltr' id='par_1_64' title="bbox 2221 2205 3809 2281">
     <span class='ocr_line' id='line_1_64' title="bbox 2221 2205 3809 2281; baseline 0.008 -23"><span class='ocrx_word' id='word_1_460' title='bbox 2221 2219 2355 2260; x_wconf 87' lang='lat' dir='ltr'><strong>vore</strong></span> <span class='ocrx_word' id='word_1_461' title='bbox 2381 2205 2692 2275; x_wconf 89' lang='lat' dir='ltr'><strong>pulsaveris</strong></span> <span class='ocrx_word' id='word_1_462' title='bbox 2721 2222 2786 2262; x_wconf 92' lang='lat' dir='ltr'><strong>ac</strong></span> <span class='ocrx_word' id='word_1_463' title='bbox 2815 2210 3306 2281; x_wconf 89' lang='lat' dir='ltr'><strong>supervigilaveris</strong></span> <span class='ocrx_word' id='word_1_464' title='bbox 3335 2214 3479 2268; x_wconf 90' lang='lat' dir='ltr'><strong>ostio</strong></span> <span class='ocrx_word' id='word_1_465' title='bbox 3513 2215 3809 2278; x_wconf 81' lang='lat' dir='ltr'><strong>continue,</strong></span> 
     </span>
    </p>
   </div>
   <div class='ocr_carea' id='block_1_65' title="bbox 2221 2297 3816 2371">
    <p class='ocr_par' dir='ltr' id='par_1_65' title="bbox 2221 2297 3816 2371">
     <span class='ocr_line' id='line_1_65' title="bbox 2221 2297 3816 2371; baseline 0.009 -22"><span class='ocrx_word' id='word_1_466' title='bbox 2221 2311 2334 2350; x_wconf 89' lang='lat' dir='ltr'><strong>non</strong></span> <span class='ocrx_word' id='word_1_467' title='bbox 2376 2297 2712 2354; x_wconf 87' lang='lat' dir='ltr'><strong>exaudieris.</strong></span> <span class='ocrx_word' id='word_1_468' title='bbox 2770 2297 2906 2366; x_wconf 90' lang='lat' dir='ltr'><strong>Quis</strong></span> <span class='ocrx_word' id='word_1_469' title='bbox 2955 2302 3189 2358; x_wconf 90' lang='lat' dir='ltr'><strong>audiens</strong></span> <span class='ocrx_word' id='word_1_470' title='bbox 3238 2303 3382 2371; x_wconf 92' lang='lat' dir='ltr'><strong>hoc,</strong></span> <span class='ocrx_word' id='word_1_471' title='bbox 3459 2305 3816 2362; x_wconf 85' lang='lat' dir='ltr'><strong>desiderabit</strong></span> 
     </span>
    </p>
   </div>
   <div class='ocr_carea' id='block_1_66' title="bbox 2216 2389 3812 2471">
    <p class='ocr_par' dir='ltr' id='par_1_66' title="bbox 2216 2389 3812 2471">
     <span class='ocr_line' id='line_1_66' title="bbox 2216 2389 3812 2471; baseline 0.008 -28"><span class='ocrx_word' id='word_1_472' title='bbox 2216 2389 2494 2462; x_wconf 87' lang='lat' dir='ltr'><strong>justitiam</strong></span> <span class='ocrx_word' id='word_1_473' title='bbox 2542 2392 2952 2448; x_wconf 83' lang='lat' dir='ltr'><strong>extrinsecam?</strong></span> <span class='ocrx_word' id='word_1_474' title='bbox 2982 2390 3087 2451; x_wconf 50' lang='lat' dir='ltr'><strong>llle&#39;</strong></span> <span class='ocrx_word' id='word_1_475' title='bbox 3103 2397 3316 2453; x_wconf 92' lang='lat' dir='ltr'><strong>scilicet</strong></span> <span class='ocrx_word' id='word_1_476' title='bbox 3355 2399 3450 2468; x_wconf 92' lang='lat' dir='ltr'><strong>qui</strong></span> <span class='ocrx_word' id='word_1_477' title='bbox 3477 2415 3586 2454; x_wconf 92' lang='lat' dir='ltr'><strong>non</strong></span> <span class='ocrx_word' id='word_1_478' title='bbox 3620 2409 3812 2471; x_wconf 79' lang='lat' dir='ltr'><strong>potest</strong></span> 
     </span>
    </p>
   </div>
   <div class='ocr_carea' id='block_1_67' title="bbox 2220 2480 3809 2562">
    <p class='ocr_par' dir='ltr' id='par_1_67' title="bbox 2220 2480 3809 2562">
     <span class='ocr_line' id='line_1_67' title="bbox 2220 2480 3809 2562; baseline 0.006 -26"><span class='ocrx_word' id='word_1_479' title='bbox 2220 2480 2277 2536; x_wconf 88' lang='lat' dir='ltr'><strong>in</strong></span> <span class='ocrx_word' id='word_1_480' title='bbox 2336 2481 2638 2537; x_wconf 88' lang='lat' dir='ltr'><strong>solitudine</strong></span> <span class='ocrx_word' id='word_1_481' title='bbox 2686 2483 2985 2540; x_wconf 91' lang='lat' dir='ltr'><strong>instruere.</strong></span> <span class='ocrx_word' id='word_1_482' title='bbox 3020 2486 3414 2544; x_wconf 81' lang='lat' dir='ltr'><strong>Verumtamen</strong></span> <span class='ocrx_word' id='word_1_483' title='bbox 3449 2490 3494 2544; x_wconf 93' lang='lat' dir='ltr'><strong>si</strong></span> <span class='ocrx_word' id='word_1_484' title='bbox 3525 2491 3649 2562; x_wconf 92' lang='lat' dir='ltr'><strong>quis</strong></span> <span class='ocrx_word' id='word_1_485' title='bbox 3690 2509 3809 2547; x_wconf 88' lang='lat' dir='ltr'><strong>non</strong></span> 
     </span>
    </p>
   </div>
   <div class='ocr_carea' id='block_1_68' title="bbox 2221 2573 3812 2651">
    <p class='ocr_par' dir='ltr' id='par_1_68' title="bbox 2221 2573 3812 2651">
     <span class='ocr_line' id='line_1_68' title="bbox 2221 2573 3812 2651; baseline 0.008 -24"><span class='ocrx_word' id='word_1_486' title='bbox 2221 2573 2472 2644; x_wconf 90' lang='lat' dir='ltr'><strong>potuerit</strong></span> <span class='ocrx_word' id='word_1_487' title='bbox 2521 2589 2743 2641; x_wconf 86' lang='lat' dir='ltr'><strong>vacare,</strong></span> <span class='ocrx_word' id='word_1_488' title='bbox 2782 2591 2885 2647; x_wconf 89' lang='lat' dir='ltr'><strong>pro</strong></span> <span class='ocrx_word' id='word_1_489' title='bbox 2918 2591 2988 2633; x_wconf 90' lang='lat' dir='ltr'><strong>eo</strong></span> <span class='ocrx_word' id='word_1_490' title='bbox 3015 2579 3168 2649; x_wconf 91' lang='lat' dir='ltr'><strong>quod</strong></span> <span class='ocrx_word' id='word_1_491' title='bbox 3197 2581 3373 2651; x_wconf 89' lang='lat' dir='ltr'><strong>gratia</strong></span> <span class='ocrx_word' id='word_1_492' title='bbox 3399 2581 3498 2637; x_wconf 90' lang='lat' dir='ltr'><strong>Dei</strong></span> <span class='ocrx_word' id='word_1_493' title='bbox 3533 2591 3642 2650; x_wconf 89' lang='lat' dir='ltr'><strong>est,</strong></span> <span class='ocrx_word' id='word_1_494' title='bbox 3679 2599 3812 2640; x_wconf 85' lang='lat' dir='ltr'><strong>esse</strong></span> 
     </span>
    </p>
   </div>
   <div class='ocr_carea' id='block_1_69' title="bbox 2222 2665 3808 2744">
    <p class='ocr_par' dir='ltr' id='par_1_69' title="bbox 2222 2665 3808 2744">
     <span class='ocr_line' id='line_1_69' title="bbox 2222 2665 3808 2744; baseline 0.007 -25"><span class='ocrx_word' id='word_1_495' title='bbox 2222 2665 2503 2720; x_wconf 91' lang='lat' dir='ltr'><strong>hominem</strong></span> <span class='ocrx_word' id='word_1_496' title='bbox 2537 2665 2686 2721; x_wconf 90' lang='lat' dir='ltr'><strong>intra</strong></span> <span class='ocrx_word' id='word_1_497' title='bbox 2713 2667 2947 2735; x_wconf 89' lang='lat' dir='ltr'><strong>ostium,</strong></span> <span class='ocrx_word' id='word_1_498' title='bbox 2966 2685 3079 2725; x_wconf 92' lang='lat' dir='ltr'><strong>non</strong></span> <span class='ocrx_word' id='word_1_499' title='bbox 3107 2670 3458 2743; x_wconf 84' lang='lat' dir='ltr'><strong>derelinquat</strong></span> <span class='ocrx_word' id='word_1_500' title='bbox 3485 2673 3631 2728; x_wconf 87' lang='lat' dir='ltr'><strong>viam</strong></span> <span class='ocrx_word' id='word_1_501' title='bbox 3662 2674 3808 2744; x_wconf 73' lang='grc'><strong>(10),</strong></span> 
     </span>
    </p>
   </div>
   <div class='ocr_carea' id='block_1_70' title="bbox 2221 2761 3811 2836">
    <p class='ocr_par' dir='ltr' id='par_1_70' title="bbox 2221 2761 3811 2836">
     <span class='ocr_line' id='line_1_70' title="bbox 2221 2761 3811 2836; baseline 0.006 -22"><span class='ocrx_word' id='word_1_502' title='bbox 2221 2775 2291 2816; x_wconf 94' lang='lat' dir='ltr'><strong>ne</strong></span> <span class='ocrx_word' id='word_1_503' title='bbox 2331 2761 2627 2831; x_wconf 90' lang='lat' dir='ltr'><strong>utriusque</strong></span> <span class='ocrx_word' id='word_1_504' title='bbox 2667 2761 2795 2817; x_wconf 68' lang='lat' dir='ltr'><strong>vitae</strong></span> <span class='ocrx_word' id='word_1_505' title='bbox 2821 2762 2987 2818; x_wconf 88' lang='lat' dir='ltr'><strong>faciat</strong></span> <span class='ocrx_word' id='word_1_506' title='bbox 3015 2779 3075 2820; x_wconf 89' lang='lat' dir='ltr'><strong>se</strong></span> <span class='ocrx_word' id='word_1_507' title='bbox 3100 2775 3405 2836; x_wconf 76' lang='lat' dir='ltr'><strong>expertem.</strong></span> <span class='ocrx_word' id='word_1_508' title='bbox 3448 2765 3634 2823; x_wconf 86' lang='lat' dir='ltr'><strong>Donec</strong></span> <span class='ocrx_word' id='word_1_509' title='bbox 3679 2784 3811 2823; x_wconf 82' lang='lat' dir='ltr'><strong>mo-</strong></span> 
     </span>
    </p>
   </div>
   <div class='ocr_carea' id='block_1_71' title="bbox 2219 2849 3810 2921">
    <p class='ocr_par' dir='ltr' id='par_1_71' title="bbox 2219 2849 3810 2921">
     <span class='ocr_line' id='line_1_71' title="bbox 2219 2849 3810 2921; baseline 0.006 -17"><span class='ocrx_word' id='word_1_510' title='bbox 2219 2849 2400 2905; x_wconf 82' lang='lat' dir='ltr'><strong>riatur</strong></span> <span class='ocrx_word' id='word_1_511' title='bbox 2447 2850 2694 2906; x_wconf 88' lang='lat' dir='ltr'><strong>exterior</strong></span> <span class='ocrx_word' id='word_1_512' title='bbox 2725 2851 2942 2907; x_wconf 91' lang='lat' dir='ltr'><strong>bomoa</strong></span> <span class='ocrx_word' id='word_1_513' title='bbox 2969 2854 3136 2909; x_wconf 89' lang='lat' dir='ltr'><strong>rebus</strong></span> <span class='ocrx_word' id='word_1_514' title='bbox 3167 2855 3385 2921; x_wconf 90' lang='lat' dir='ltr'><strong>mundi,</strong></span> <span class='ocrx_word' id='word_1_515' title='bbox 3417 2871 3528 2911; x_wconf 92' lang='lat' dir='ltr'><strong>non</strong></span> <span class='ocrx_word' id='word_1_516' title='bbox 3557 2857 3738 2914; x_wconf 91' lang='lat' dir='ltr'><strong>solum</strong></span> <span class='ocrx_word' id='word_1_517' title='bbox 3771 2875 3810 2914; x_wconf 83' lang='lat' dir='ltr'><strong>a</strong></span> 
     </span>
    </p>
   </div>
   <div class='ocr_carea' id='block_1_72' title="bbox 2222 2939 3812 3015">
    <p class='ocr_par' dir='ltr' id='par_1_72' title="bbox 2222 2939 3812 3015">
     <span class='ocr_line' id='line_1_72' title="bbox 2222 2939 3812 3015; baseline 0.005 -21"><span class='ocrx_word' id='word_1_518' title='bbox 2222 2948 2473 3011; x_wconf 88' lang='lat' dir='ltr'><strong>peccato,</strong></span> <span class='ocrx_word' id='word_1_519' title='bbox 2519 2939 2616 2995; x_wconf 91' lang='lat' dir='ltr'><strong>sed</strong></span> <span class='ocrx_word' id='word_1_520' title='bbox 2645 2940 2716 2995; x_wconf 93' lang='lat' dir='ltr'><strong>ab</strong></span> <span class='ocrx_word' id='word_1_521' title='bbox 2754 2941 2903 2997; x_wconf 91' lang='lat' dir='ltr'><strong>omni</strong></span> <span class='ocrx_word' id='word_1_522' title='bbox 2945 2943 3165 2999; x_wconf 89' lang='lat' dir='ltr'><strong>actione</strong></span> <span class='ocrx_word' id='word_1_523' title='bbox 3195 2946 3506 3015; x_wconf 91' lang='lat' dir='ltr'><strong>corporali;</strong></span> <span class='ocrx_word' id='word_1_524' title='bbox 3543 2946 3812 3003; x_wconf 85' lang='lat' dir='ltr'><strong>similiter</strong></span> 
     </span>
    </p>
   </div>
   <div class='ocr_carea' id='block_1_73' title="bbox 2222 3027 3811 3108">
    <p class='ocr_par' dir='ltr' id='par_1_73' title="bbox 2222 3027 3811 3108">
     <span class='ocr_line' id='line_1_73' title="bbox 2222 3027 3811 3108; baseline 0.004 -21"><span class='ocrx_word' id='word_1_525' title='bbox 2222 3027 2469 3088; x_wconf 13' lang='lat' dir='ltr'><strong>interiori</strong></span> <span class='ocrx_word' id='word_1_526' title='bbox 2489 3032 2656 3090; x_wconf 90' lang='lat' dir='ltr'><strong>homo</strong></span> <span class='ocrx_word' id='word_1_527' title='bbox 2689 3051 2719 3089; x_wconf 87' lang='lat' dir='ltr'><strong>a</strong></span> <span class='ocrx_word' id='word_1_528' title='bbox 2757 3035 2945 3105; x_wconf 88' lang='lat' dir='ltr'><strong>pravis</strong></span> <span class='ocrx_word' id='word_1_529' title='bbox 2983 3036 3436 3108; x_wconf 87' lang='lat' dir='ltr'><strong>cogitationibus,</strong></span> <span class='ocrx_word' id='word_1_530' title='bbox 3471 3049 3530 3094; x_wconf 90' lang='lat' dir='ltr'><strong>et</strong></span> <span class='ocrx_word' id='word_1_531' title='bbox 3559 3039 3811 3095; x_wconf 83' lang='lat' dir='ltr'><strong>infirme-</strong></span> 
     </span>
    </p>
   </div>
   <div class='ocr_carea' id='block_1_74' title="bbox 2226 3126 3808 3195">
    <p class='ocr_par' dir='ltr' id='par_1_74' title="bbox 2226 3126 3808 3195">
     <span class='ocr_line' id='line_1_74' title="bbox 2226 3126 3808 3195; baseline 0.005 -18"><span class='ocrx_word' id='word_1_532' title='bbox 2226 3131 2318 3177; x_wconf 92' lang='lat' dir='ltr'><strong>tur</strong></span> <span class='ocrx_word' id='word_1_533' title='bbox 2345 3132 2530 3180; x_wconf 89' lang='lat' dir='ltr'><strong>motus</strong></span> <span class='ocrx_word' id='word_1_534' title='bbox 2567 3126 2876 3195; x_wconf 90' lang='lat' dir='ltr'><strong>corporalis</strong></span> <span class='ocrx_word' id='word_1_535' title='bbox 2925 3128 3222 3193; x_wconf 89' lang='lat' dir='ltr'><strong>naturalis,</strong></span> <span class='ocrx_word' id='word_1_536' title='bbox 3269 3139 3464 3184; x_wconf 91' lang='lat' dir='ltr'><strong>utnon</strong></span> <span class='ocrx_word' id='word_1_537' title='bbox 3495 3141 3714 3187; x_wconf 87' lang='lat' dir='ltr'><strong>moveat</strong></span> <span class='ocrx_word' id='word_1_538' title='bbox 3745 3130 3808 3185; x_wconf 86' lang='lat' dir='ltr'><strong>in</strong></span> 
     </span>
    </p>
   </div>
   <div class='ocr_carea' id='block_1_75' title="bbox 2144 3213 3809 3314">
    <p class='ocr_par' dir='ltr' id='par_1_75' title="bbox 2144 3213 3809 3314">
     <span class='ocr_line' id='line_1_75' title="bbox 2144 3213 3809 3314; baseline 0.003 -45"><span class='ocrx_word' id='word_1_539' title='bbox 2144 3252 2190 3314; x_wconf 60' lang='grc' dir='ltr'><strong>Β</strong></span> <span class='ocrx_word' id='word_1_540' title='bbox 2226 3213 2394 3269; x_wconf 89' lang='lat' dir='ltr'><strong>corde</strong></span> <span class='ocrx_word' id='word_1_541' title='bbox 2442 3214 2793 3270; x_wconf 89' lang='lat' dir='ltr'><strong>dulcedinem</strong></span> <span class='ocrx_word' id='word_1_542' title='bbox 2857 3229 3254 3286; x_wconf 89' lang='lat' dir='ltr'><strong>peccatorum;</strong></span> <span class='ocrx_word' id='word_1_543' title='bbox 3318 3236 3430 3275; x_wconf 91' lang='lat' dir='ltr'><strong>non</strong></span> <span class='ocrx_word' id='word_1_544' title='bbox 3485 3221 3809 3276; x_wconf 89' lang='lat' dir='ltr'><strong>movebitur</strong></span> 
     </span>
    </p>
   </div>
   <div class='ocr_carea' id='block_1_76' title="bbox 2220 3305 3807 3380">
    <p class='ocr_par' dir='ltr' id='par_1_76' title="bbox 2220 3305 3807 3380">
     <span class='ocr_line' id='line_1_76' title="bbox 2220 3305 3807 3380; baseline 0.005 -20"><span class='ocrx_word' id='word_1_545' title='bbox 2220 3305 2276 3362; x_wconf 90' lang='lat' dir='ltr'><strong>in</strong></span> <span class='ocrx_word' id='word_1_546' title='bbox 2327 3306 2555 3363; x_wconf 90' lang='lat' dir='ltr'><strong>homine</strong></span> <span class='ocrx_word' id='word_1_547' title='bbox 2609 3307 2847 3363; x_wconf 91' lang='lat' dir='ltr'><strong>dulcedo</strong></span> <span class='ocrx_word' id='word_1_548' title='bbox 2903 3309 3146 3380; x_wconf 88' lang='lat' dir='ltr'><strong>Spiritus</strong></span> <span class='ocrx_word' id='word_1_549' title='bbox 3198 3312 3400 3377; x_wconf 88' lang='lat' dir='ltr'><strong>sancti,</strong></span> <span class='ocrx_word' id='word_1_550' title='bbox 3449 3321 3506 3368; x_wconf 91' lang='lat' dir='ltr'><strong>et</strong></span> <span class='ocrx_word' id='word_1_551' title='bbox 3553 3314 3807 3368; x_wconf 85' lang='lat' dir='ltr'><strong>membra</strong></span> 
     </span>
    </p>
   </div>
   <div class='ocr_carea' id='block_1_77' title="bbox 2215 3397 3807 3468">
    <p class='ocr_par' dir='ltr' id='par_1_77' title="bbox 2215 3397 3807 3468">
     <span class='ocr_line' id='line_1_77' title="bbox 2215 3397 3807 3468; baseline 0.004 -18"><span class='ocrx_word' id='word_1_552' title='bbox 2215 3397 2336 3467; x_wconf 89' lang='lat' dir='ltr'><strong>ejus</strong></span> <span class='ocrx_word' id='word_1_553' title='bbox 2387 3411 2498 3451; x_wconf 90' lang='lat' dir='ltr'><strong>non</strong></span> <span class='ocrx_word' id='word_1_554' title='bbox 2552 3397 2941 3468; x_wconf 90' lang='lat' dir='ltr'><strong>purgabuntur</strong></span> <span class='ocrx_word' id='word_1_555' title='bbox 2994 3400 3048 3453; x_wconf 92' lang='lat' dir='ltr'><strong>in</strong></span> <span class='ocrx_word' id='word_1_556' title='bbox 3106 3400 3219 3455; x_wconf 90' lang='lat' dir='ltr'><strong>vita</strong></span> <span class='ocrx_word' id='word_1_557' title='bbox 3263 3416 3383 3466; x_wconf 87' lang='lat' dir='ltr'><strong>sua,</strong></span> <span class='ocrx_word' id='word_1_558' title='bbox 3431 3410 3488 3456; x_wconf 89' lang='lat' dir='ltr'><strong>et</strong></span> <span class='ocrx_word' id='word_1_559' title='bbox 3532 3401 3588 3456; x_wconf 91' lang='lat' dir='ltr'><strong>in</strong></span> <span class='ocrx_word' id='word_1_560' title='bbox 3619 3402 3807 3456; x_wconf 85' lang='lat' dir='ltr'><strong>anima</strong></span> 
     </span>
    </p>
   </div>
   <div class='ocr_carea' id='block_1_78' title="bbox 2215 3489 3807 3563">
    <p class='ocr_par' dir='ltr' id='par_1_78' title="bbox 2215 3489 3807 3563">
     <span class='ocr_line' id='line_1_78' title="bbox 2215 3489 3807 3563; baseline 0.003 -18"><span class='ocrx_word' id='word_1_561' title='bbox 2215 3489 2336 3560; x_wconf 90' lang='lat' dir='ltr'><strong>ejus</strong></span> <span class='ocrx_word' id='word_1_562' title='bbox 2366 3489 2682 3544; x_wconf 85' lang='lat' dir='ltr'><strong>intellectus</strong></span> <span class='ocrx_word' id='word_1_563' title='bbox 2725 3489 2897 3545; x_wconf 77' lang='lat' dir='ltr'><strong>divini</strong></span> <span class='ocrx_word' id='word_1_564' title='bbox 2948 3507 3062 3546; x_wconf 89' lang='lat' dir='ltr'><strong>non</strong></span> <span class='ocrx_word' id='word_1_565' title='bbox 3091 3493 3460 3562; x_wconf 88' lang='lat' dir='ltr'><strong>apparebunt.</strong></span> <span class='ocrx_word' id='word_1_566' title='bbox 3494 3493 3562 3547; x_wconf 89' lang='lat' dir='ltr'><strong>Et</strong></span> <span class='ocrx_word' id='word_1_567' title='bbox 3590 3509 3807 3563; x_wconf 82' lang='lat' dir='ltr'><strong>quous-</strong></span> 
     </span>
    </p>
   </div>
   <div class='ocr_carea' id='block_1_79' title="bbox 2216 3581 3806 3653">
    <p class='ocr_par' dir='ltr' id='par_1_79' title="bbox 2216 3581 3806 3653">
     <span class='ocr_line' id='line_1_79' title="bbox 2216 3581 3806 3653; baseline 0.004 -18"><span class='ocrx_word' id='word_1_568' title='bbox 2216 3597 2324 3653; x_wconf 88' lang='lat' dir='ltr'><strong>que</strong></span> <span class='ocrx_word' id='word_1_569' title='bbox 2366 3581 2618 3637; x_wconf 89' lang='lat' dir='ltr'><strong>destruat</strong></span> <span class='ocrx_word' id='word_1_570' title='bbox 2667 3582 2724 3636; x_wconf 90' lang='lat' dir='ltr'><strong>in</strong></span> <span class='ocrx_word' id='word_1_571' title='bbox 2759 3583 2928 3638; x_wconf 87' lang='lat' dir='ltr'><strong>corde</strong></span> <span class='ocrx_word' id='word_1_572' title='bbox 2956 3598 3058 3638; x_wconf 86' lang='lat' dir='ltr'><strong>suo</strong></span> <span class='ocrx_word' id='word_1_573' title='bbox 3105 3584 3538 3640; x_wconf 87' lang='lat' dir='ltr'><strong>sollicitudinem</strong></span> <span class='ocrx_word' id='word_1_574' title='bbox 3572 3586 3806 3641; x_wconf 59' lang='lat' dir='ltr'><strong>sarcula-</strong></span> 
     </span>
    </p>
   </div>
   <div class='ocr_carea' id='block_1_80' title="bbox 2215 3671 3807 3742">
    <p class='ocr_par' dir='ltr' id='par_1_80' title="bbox 2215 3671 3807 3742">
     <span class='ocr_line' id='line_1_80' title="bbox 2215 3671 3807 3742; baseline 0.002 -16"><span class='ocrx_word' id='word_1_575' title='bbox 2215 3672 2383 3738; x_wconf 92' lang='lat' dir='ltr'><strong>rium,</strong></span> <span class='ocrx_word' id='word_1_576' title='bbox 2439 3679 2641 3742; x_wconf 65' lang='lat' dir='ltr'><strong>praeter</strong></span> <span class='ocrx_word' id='word_1_577' title='bbox 2683 3671 3061 3728; x_wconf 89' lang='lat' dir='ltr'><strong>necessarium</strong></span> <span class='ocrx_word' id='word_1_578' title='bbox 3112 3689 3275 3728; x_wconf 90' lang='lat' dir='ltr'><strong>usum</strong></span> <span class='ocrx_word' id='word_1_579' title='bbox 3323 3683 3560 3740; x_wconf 74' lang='lat' dir='ltr'><strong>naturae,</strong></span> <span class='ocrx_word' id='word_1_580' title='bbox 3599 3690 3664 3729; x_wconf 90' lang='lat' dir='ltr'><strong>ac</strong></span> <span class='ocrx_word' id='word_1_581' title='bbox 3714 3674 3807 3729; x_wconf 82' lang='lat' dir='ltr'><strong>di-</strong></span> 
     </span>
    </p>
   </div>
   <div class='ocr_carea' id='block_1_81' title="bbox 2215 3763 3808 3835">
    <p class='ocr_par' dir='ltr' id='par_1_81' title="bbox 2215 3763 3808 3835">
     <span class='ocr_line' id='line_1_81' title="bbox 2215 3763 3808 3835; baseline 0.002 -17"><span class='ocrx_word' id='word_1_582' title='bbox 2215 3763 2402 3818; x_wconf 88' lang='lat' dir='ltr'><strong>mittat</strong></span> <span class='ocrx_word' id='word_1_583' title='bbox 2432 3763 2606 3819; x_wconf 90' lang='lat' dir='ltr'><strong>Deum</strong></span> <span class='ocrx_word' id='word_1_584' title='bbox 2653 3779 2849 3818; x_wconf 91' lang='lat' dir='ltr'><strong>curare</strong></span> <span class='ocrx_word' id='word_1_585' title='bbox 2899 3764 2968 3820; x_wconf 89' lang='lat' dir='ltr'><strong>de</strong></span> <span class='ocrx_word' id='word_1_586' title='bbox 3014 3764 3186 3835; x_wconf 90' lang='lat' dir='ltr'><strong>ipsis;</strong></span> <span class='ocrx_word' id='word_1_587' title='bbox 3217 3765 3525 3835; x_wconf 89' lang='lat' dir='ltr'><strong>spiritualis</strong></span> <span class='ocrx_word' id='word_1_588' title='bbox 3557 3765 3808 3821; x_wconf 82' lang='lat' dir='ltr'><strong>ebrietas</strong></span> 
     </span>
    </p>
   </div>
   <div class='ocr_carea' id='block_1_82' title="bbox 2215 3855 3804 3925">
    <p class='ocr_par' dir='ltr' id='par_1_82' title="bbox 2215 3855 3804 3925">
     <span class='ocr_line' id='line_1_82' title="bbox 2215 3855 3804 3925; baseline 0.002 -14"><span class='ocrx_word' id='word_1_589' title='bbox 2215 3855 2273 3911; x_wconf 90' lang='lat' dir='ltr'><strong>in</strong></span> <span class='ocrx_word' id='word_1_590' title='bbox 2305 3856 2427 3925; x_wconf 91' lang='lat' dir='ltr'><strong>ipso</strong></span> <span class='ocrx_word' id='word_1_591' title='bbox 2450 3871 2562 3910; x_wconf 92' lang='lat' dir='ltr'><strong>non</strong></span> <span class='ocrx_word' id='word_1_592' title='bbox 2586 3855 2927 3918; x_wconf 86' lang='lat' dir='ltr'><strong>movebitur.</strong></span> <span class='ocrx_word' id='word_1_593' title='bbox 2959 3857 3472 3912; x_wconf 89' lang='lat' dir='ltr'><strong>etconsolationem</strong></span> <span class='ocrx_word' id='word_1_594' title='bbox 3505 3857 3655 3913; x_wconf 89' lang='lat' dir='ltr'><strong>illam</strong></span> <span class='ocrx_word' id='word_1_595' title='bbox 3689 3875 3804 3914; x_wconf 92' lang='lat' dir='ltr'><strong>non</strong></span> 
     </span>
    </p>
   </div>
   <div class='ocr_carea' id='block_1_83' title="bbox 2216 3945 3806 4020">
    <p class='ocr_par' dir='ltr' id='par_1_83' title="bbox 2216 3945 3806 4020">
     <span class='ocr_line' id='line_1_83' title="bbox 2216 3945 3806 4020; baseline 0.001 -17"><span class='ocrx_word' id='word_1_596' title='bbox 2216 3946 2420 4003; x_wconf 90' lang='lat' dir='ltr'><strong>sentiet</strong></span> <span class='ocrx_word' id='word_1_597' title='bbox 2455 3945 2525 4002; x_wconf 88' lang='lat' dir='ltr'><strong>de</strong></span> <span class='ocrx_word' id='word_1_598' title='bbox 2568 3961 2678 4017; x_wconf 91' lang='lat' dir='ltr'><strong>qua</strong></span> <span class='ocrx_word' id='word_1_599' title='bbox 2723 3956 2843 4002; x_wconf 89' lang='lat' dir='ltr'><strong>erat</strong></span> <span class='ocrx_word' id='word_1_600' title='bbox 2882 3949 3185 4019; x_wconf 88' lang='lat' dir='ltr'><strong>Apostolus</strong></span> <span class='ocrx_word' id='word_1_601' title='bbox 3207 3951 3549 4013; x_wconf 88' lang='lat' dir='ltr'><strong>consolatus,</strong></span> <span class='ocrx_word' id='word_1_602' title='bbox 3575 3950 3806 4020; x_wconf 90' lang='lat' dir='ltr'><strong>quando</strong></span> 
     </span>
    </p>
   </div>
   <div class='ocr_carea' id='block_1_84' title="bbox 2216 4038 3803 4097">
    <p class='ocr_par' dir='ltr' id='par_1_84' title="bbox 2216 4038 3803 4097">
     <span class='ocr_line' id='line_1_84' title="bbox 2216 4038 3803 4097; baseline 0.002 -3"><span class='ocrx_word' id='word_1_603' title='bbox 2216 4038 2438 4095; x_wconf 88' lang='lat' dir='ltr'><strong>dicebat</strong></span> <span class='ocrx_word' id='word_1_604' title='bbox 2470 4056 2482 4092; x_wconf 92' lang='lat'><strong>:</strong></span> <span class='ocrx_word' id='word_1_605' title='bbox 2512 4038 2711 4094; x_wconf 75' lang='lat' dir='ltr'><strong>Nostra</strong></span> <span class='ocrx_word' id='word_1_606' title='bbox 2761 4042 3090 4096; x_wconf 77' lang='lat' dir='ltr'><strong>conversatio</strong></span> <span class='ocrx_word' id='word_1_607' title='bbox 3136 4042 3191 4095; x_wconf 81' lang='lat' dir='ltr'><strong>in</strong></span> <span class='ocrx_word' id='word_1_608' title='bbox 3239 4041 3380 4096; x_wconf 75' lang='lat' dir='ltr'><strong>cretis</strong></span> <span class='ocrx_word' id='word_1_609' title='bbox 3427 4050 3502 4096; x_wconf 80' lang='lat' dir='ltr'><strong>est</strong></span> <span class='ocrx_word' id='word_1_610' title='bbox 3529 4043 3570 4096; x_wconf 84' lang='grc'>⁸.</span> <span class='ocrx_word' id='word_1_611' title='bbox 3599 4043 3668 4097; x_wconf 84' lang='lat' dir='ltr'><strong>Et</strong></span> <span class='ocrx_word' id='word_1_612' title='bbox 3695 4042 3803 4097; x_wconf 85' lang='lat' dir='ltr'><strong>ite-</strong></span> 
     </span>
    </p>
   </div>
   <div class='ocr_carea' id='block_1_85' title="bbox 2216 4129 3806 4203">
    <p class='ocr_par' dir='ltr' id='par_1_85' title="bbox 2216 4129 3806 4203">
     <span class='ocr_line' id='line_1_85' title="bbox 2216 4129 3806 4203; baseline 0.001 -19"><span class='ocrx_word' id='word_1_613' title='bbox 2216 4146 2340 4184; x_wconf 92' lang='lat' dir='ltr'><strong>rum</strong></span> <span class='ocrx_word' id='word_1_614' title='bbox 2374 4146 2388 4182; x_wconf 92' lang='lat'><strong>:</strong></span> <span class='ocrx_word' id='word_1_615' title='bbox 2425 4129 2550 4184; x_wconf 82' lang='lat' dir='ltr'><strong>Vivo</strong></span> <span class='ocrx_word' id='word_1_616' title='bbox 2577 4146 2692 4200; x_wconf 85' lang='lat' dir='ltr'><strong>ego,</strong></span> <span class='ocrx_word' id='word_1_617' title='bbox 2730 4131 2851 4202; x_wconf 86' lang='lat' dir='ltr'><strong>jam</strong></span> <span class='ocrx_word' id='word_1_618' title='bbox 2903 4148 3007 4186; x_wconf 83' lang='lat' dir='ltr'><strong>non</strong></span> <span class='ocrx_word' id='word_1_619' title='bbox 3043 4149 3157 4203; x_wconf 86' lang='lat' dir='ltr'><strong>ego,</strong></span> <span class='ocrx_word' id='word_1_620' title='bbox 3181 4132 3273 4186; x_wconf 77' lang='lat' dir='ltr'><strong>sed</strong></span> <span class='ocrx_word' id='word_1_621' title='bbox 3302 4134 3426 4187; x_wconf 78' lang='lat' dir='ltr'><strong>vivit</strong></span> <span class='ocrx_word' id='word_1_622' title='bbox 3452 4134 3508 4187; x_wconf 81' lang='lat' dir='ltr'><strong>in</strong></span> <span class='ocrx_word' id='word_1_623' title='bbox 3539 4149 3622 4186; x_wconf 84' lang='lat' dir='ltr'><strong>me</strong></span> <span class='ocrx_word' id='word_1_624' title='bbox 3651 4130 3806 4188; x_wconf 74' lang='lat' dir='ltr'><strong>Chri-</strong></span> 
     </span>
    </p>
   </div>
   <div class='ocr_carea' id='block_1_86' title="bbox 2215 4222 3806 4295">
    <p class='ocr_par' dir='ltr' id='par_1_86' title="bbox 2215 4222 3806 4295">
     <span class='ocr_line' id='line_1_86' title="bbox 2215 4222 3806 4295; baseline 0.002 -19"><span class='ocrx_word' id='word_1_625' title='bbox 2215 4232 2327 4276; x_wconf 76' lang='lat' dir='ltr'><strong>stus</strong></span> <span class='ocrx_word' id='word_1_626' title='bbox 2355 4223 2396 4276; x_wconf 86' lang='lat'><strong>&quot;.</strong></span> <span class='ocrx_word' id='word_1_627' title='bbox 2433 4222 2550 4278; x_wconf 79' lang='lat' dir='ltr'><strong>Hoc</strong></span> <span class='ocrx_word' id='word_1_628' title='bbox 2576 4232 2764 4277; x_wconf 88' lang='lat' dir='ltr'><strong>autem</strong></span> <span class='ocrx_word' id='word_1_629' title='bbox 2815 4223 2929 4278; x_wconf 76' lang='lat' dir='ltr'><strong>dixi</strong></span> <span class='ocrx_word' id='word_1_630' title='bbox 2984 4240 3097 4280; x_wconf 93' lang='lat' dir='ltr'><strong>non</strong></span> <span class='ocrx_word' id='word_1_631' title='bbox 3147 4224 3442 4280; x_wconf 88' lang='lat' dir='ltr'><strong>succidens</strong></span> <span class='ocrx_word' id='word_1_632' title='bbox 3484 4240 3680 4295; x_wconf 88' lang='lat' dir='ltr'><strong>spem;</strong></span> <span class='ocrx_word' id='word_1_633' title='bbox 3726 4225 3806 4279; x_wconf 89' lang='lat' dir='ltr'><strong>ita</strong></span> 
     </span>
    </p>
   </div>
   <div class='ocr_carea' id='block_1_87' title="bbox 2216 4315 3801 4389">
    <p class='ocr_par' dir='ltr' id='par_1_87' title="bbox 2216 4315 3801 4389">
     <span class='ocr_line' id='line_1_87' title="bbox 2216 4315 3801 4389; baseline 0.003 -20"><span class='ocrx_word' id='word_1_634' title='bbox 2216 4315 2500 4382; x_wconf 90' lang='lat' dir='ltr'><strong>videlicet,</strong></span> <span class='ocrx_word' id='word_1_635' title='bbox 2530 4316 2682 4386; x_wconf 89' lang='lat' dir='ltr'><strong>quod</strong></span> <span class='ocrx_word' id='word_1_636' title='bbox 2709 4316 2818 4371; x_wconf 86' lang='lat' dir='ltr'><strong>nisi</strong></span> <span class='ocrx_word' id='word_1_637' title='bbox 2848 4318 2942 4386; x_wconf 87' lang='lat' dir='ltr'><strong>qui</strong></span> <span class='ocrx_word' id='word_1_638' title='bbox 2987 4318 3286 4389; x_wconf 88' lang='lat' dir='ltr'><strong>attingeret</strong></span> <span class='ocrx_word' id='word_1_639' title='bbox 3315 4319 3384 4374; x_wconf 91' lang='lat' dir='ltr'><strong>ad</strong></span> <span class='ocrx_word' id='word_1_640' title='bbox 3420 4319 3801 4374; x_wconf 86' lang='lat' dir='ltr'><strong>summitatem</strong></span> 
     </span>
    </p>
   </div>
   <div class='ocr_carea' id='block_1_88' title="bbox 2216 4408 3798 4481">
    <p class='ocr_par' dir='ltr' id='par_1_88' title="bbox 2216 4408 3798 4481">
     <span class='ocr_line' id='line_1_88' title="bbox 2216 4408 3798 4481; baseline 0.001 -17"><span class='ocrx_word' id='word_1_641' title='bbox 2216 4408 2596 4480; x_wconf 86' lang='lat' dir='ltr'><strong>perfectionis,</strong></span> <span class='ocrx_word' id='word_1_642' title='bbox 2651 4425 2760 4464; x_wconf 92' lang='lat' dir='ltr'><strong>non</strong></span> <span class='ocrx_word' id='word_1_643' title='bbox 2814 4418 3198 4479; x_wconf 89' lang='lat' dir='ltr'><strong>promereatur</strong></span> <span class='ocrx_word' id='word_1_644' title='bbox 3247 4410 3481 4481; x_wconf 75' lang='lat' dir='ltr'><strong>gratiam</strong></span> <span class='ocrx_word' id='word_1_645' title='bbox 3528 4409 3650 4476; x_wconf 89' lang='lat' dir='ltr'><strong>Dei,</strong></span> <span class='ocrx_word' id='word_1_646' title='bbox 3695 4419 3798 4465; x_wconf 86' lang='lat' dir='ltr'><strong>aut</strong></span> 
     </span>
    </p>
   </div>
   <div class='ocr_carea' id='block_1_89' title="bbox 2219 4501 3802 4557">
    <p class='ocr_par' dir='ltr' id='par_1_89' title="bbox 2219 4501 3802 4557">
     <span class='ocr_line' id='line_1_89' title="bbox 2219 4501 3802 4557; baseline -0.001 0"><span class='ocrx_word' id='word_1_647' title='bbox 2219 4501 2328 4557; x_wconf 88' lang='lat' dir='ltr'><strong>sibi</strong></span> <span class='ocrx_word' id='word_1_648' title='bbox 2360 4501 2796 4556; x_wconf 84' lang='lat' dir='ltr'><strong>consolationem</strong></span> <span class='ocrx_word' id='word_1_649' title='bbox 2830 4501 3076 4556; x_wconf 91' lang='lat' dir='ltr'><strong>inveniat</strong></span> <span class='ocrx_word' id='word_1_650' title='bbox 3108 4509 3522 4557; x_wconf 89' lang='lat' dir='ltr'><strong>occurrentem.</strong></span> <span class='ocrx_word' id='word_1_651' title='bbox 3555 4502 3614 4555; x_wconf 88' lang='lat' dir='ltr'><strong>In</strong></span> <span class='ocrx_word' id='word_1_652' title='bbox 3647 4503 3802 4556; x_wconf 84' lang='lat' dir='ltr'><strong>veri-</strong></span> 
     </span>
    </p>
   </div>
   <div class='ocr_carea' id='block_1_90' title="bbox 535 4584 3806 4670">
    <p class='ocr_par' dir='ltr' id='par_1_90' title="bbox 535 4584 3806 4670">
     <span class='ocr_line' id='line_1_90' title="bbox 535 4584 3806 4670; baseline 0.003 -33"><span class='ocrx_word' id='word_1_653' title='bbox 535 4594 817 4650; x_wconf 88' lang='lat' dir='ltr'><strong>rarentur,</strong></span> <span class='ocrx_word' id='word_1_654' title='bbox 850 4584 947 4642; x_wconf 85' lang='lat' dir='ltr'><strong>sed</strong></span> <span class='ocrx_word' id='word_1_655' title='bbox 981 4600 1093 4641; x_wconf 91' lang='lat' dir='ltr'><strong>non</strong></span> <span class='ocrx_word' id='word_1_656' title='bbox 1123 4585 1272 4642; x_wconf 90' lang='lat' dir='ltr'><strong>sicut</strong></span> <span class='ocrx_word' id='word_1_657' title='bbox 1315 4602 1430 4642; x_wconf 91' lang='lat' dir='ltr'><strong>rem</strong></span> <span class='ocrx_word' id='word_1_658' title='bbox 1461 4587 1854 4643; x_wconf 90' lang='lat' dir='ltr'><strong>necessariam.</strong></span> <span class='ocrx_word' id='word_1_659' title='bbox 1884 4589 1943 4644; x_wconf 91' lang='lat' dir='ltr'><strong>In</strong></span> <span class='ocrx_word' id='word_1_660' title='bbox 1980 4597 2118 4646; x_wconf 90' lang='lat' dir='ltr'><strong>tem-</strong></span> <span class='ocrx_word' id='word_1_661' title='bbox 2148 4614 2193 4670; x_wconf 76' lang='lat' dir='ltr'><strong>D</strong></span> <span class='ocrx_word' id='word_1_662' title='bbox 2223 4598 2335 4646; x_wconf 90' lang='lat' dir='ltr'><strong>tate</strong></span> <span class='ocrx_word' id='word_1_663' title='bbox 2383 4605 2512 4646; x_wconf 90' lang='lat' dir='ltr'><strong>cum</strong></span> <span class='ocrx_word' id='word_1_664' title='bbox 2553 4589 2758 4660; x_wconf 91' lang='lat' dir='ltr'><strong>aliquis</strong></span> <span class='ocrx_word' id='word_1_665' title='bbox 2786 4590 3082 4646; x_wconf 90' lang='lat' dir='ltr'><strong>commissa</strong></span> <span class='ocrx_word' id='word_1_666' title='bbox 3128 4591 3498 4661; x_wconf 83' lang='lat' dir='ltr'><strong>publicaverit</strong></span> <span class='ocrx_word' id='word_1_667' title='bbox 3525 4601 3578 4646; x_wconf 90' lang='lat' dir='ltr'><strong>et</strong></span> <span class='ocrx_word' id='word_1_668' title='bbox 3611 4593 3683 4646; x_wconf 88' lang='lat' dir='ltr'><strong>ab</strong></span> <span class='ocrx_word' id='word_1_669' title='bbox 3719 4593 3806 4648; x_wconf 89' lang='lat' dir='ltr'><strong>eis</strong></span> 
     </span>
    </p>
   </div>
   <div class='ocr_carea' id='block_1_91' title="bbox 531 4677 2118 4751">
    <p class='ocr_par' dir='ltr' id='par_1_91' title="bbox 531 4677 2118 4751">
     <span class='ocr_line' id='line_1_91' title="bbox 531 4677 2118 4751; baseline 0.006 -21"><span class='ocrx_word' id='word_1_670' title='bbox 531 4691 669 4746; x_wconf 84' lang='lat' dir='ltr'><strong>pore</strong></span> <span class='ocrx_word' id='word_1_671' title='bbox 691 4693 803 4749; x_wconf 89' lang='lat' dir='ltr'><strong>quo</strong></span> <span class='ocrx_word' id='word_1_672' title='bbox 827 4677 974 4733; x_wconf 89' lang='lat' dir='ltr'><strong>Deus</strong></span> <span class='ocrx_word' id='word_1_673' title='bbox 995 4678 1316 4751; x_wconf 85' lang='lat' dir='ltr'><strong>compungit</strong></span> <span class='ocrx_word' id='word_1_674' title='bbox 1339 4695 1456 4745; x_wconf 89' lang='lat' dir='ltr'><strong>cor,</strong></span> <span class='ocrx_word' id='word_1_675' title='bbox 1484 4679 1554 4734; x_wconf 92' lang='lat' dir='ltr'><strong>da</strong></span> <span class='ocrx_word' id='word_1_676' title='bbox 1570 4680 1809 4751; x_wconf 87' lang='lat' dir='ltr'><strong>teipsum</strong></span> <span class='ocrx_word' id='word_1_677' title='bbox 1833 4683 2118 4740; x_wconf 89' lang='lat' dir='ltr'><strong>continuis</strong></span> 
     </span>
    </p>
   </div>
   <div class='ocr_carea' id='block_1_92' title="bbox 530 4771 2112 4845">
    <p class='ocr_par' dir='ltr' id='par_1_92' title="bbox 530 4771 2112 4845">
     <span class='ocr_line' id='line_1_92' title="bbox 530 4771 2112 4845; baseline 0.005 -20"><span class='ocrx_word' id='word_1_678' title='bbox 530 4771 955 4828; x_wconf 79' lang='lat' dir='ltr'><strong>extensionibus</strong></span> <span class='ocrx_word' id='word_1_679' title='bbox 984 4772 1240 4843; x_wconf 88' lang='lat' dir='ltr'><strong>corporis</strong></span> <span class='ocrx_word' id='word_1_680' title='bbox 1263 4773 1319 4827; x_wconf 92' lang='lat' dir='ltr'><strong>in</strong></span> <span class='ocrx_word' id='word_1_681' title='bbox 1349 4781 1495 4829; x_wconf 88' lang='lat' dir='ltr'><strong>terra</strong></span> <span class='ocrx_word' id='word_1_682' title='bbox 1526 4783 1583 4829; x_wconf 93' lang='lat' dir='ltr'><strong>et</strong></span> <span class='ocrx_word' id='word_1_683' title='bbox 1611 4773 2112 4845; x_wconf 84' lang='lat' dir='ltr'><strong>genuﬂexionibus.</strong></span> 
     </span>
    </p>
   </div>
   <div class='ocr_carea' id='block_1_93' title="bbox 533 4867 2114 4940">
    <p class='ocr_par' dir='ltr' id='par_1_93' title="bbox 533 4867 2114 4940">
     <span class='ocr_line' id='line_1_93' title="bbox 533 4867 2114 4940; baseline 0.005 -20"><span class='ocrx_word' id='word_1_684' title='bbox 533 4867 748 4922; x_wconf 86' lang='lat' dir='ltr'><strong>Etcum</strong></span> <span class='ocrx_word' id='word_1_685' title='bbox 771 4867 1049 4938; x_wconf 72' lang='lat' dir='ltr'><strong>cmperiut</strong></span> <span class='ocrx_word' id='word_1_686' title='bbox 1096 4867 1150 4922; x_wconf 91' lang='lat' dir='ltr'><strong>in</strong></span> <span class='ocrx_word' id='word_1_687' title='bbox 1184 4877 1236 4923; x_wconf 88' lang='lat' dir='ltr'><strong>te</strong></span> <span class='ocrx_word' id='word_1_688' title='bbox 1261 4867 1543 4923; x_wconf 65' lang='lat' dir='ltr'><strong>daemones</strong></span> <span class='ocrx_word' id='word_1_689' title='bbox 1575 4885 1896 4940; x_wconf 84' lang='lat' dir='ltr'><strong>suggerere.</strong></span> <span class='ocrx_word' id='word_1_690' title='bbox 1917 4887 2114 4928; x_wconf 89' lang='lat' dir='ltr'><strong>vacare</strong></span> 
     </span>
    </p>
   </div>
   <div class='ocr_carea' id='block_1_94' title="bbox 534 4957 2111 5032">
    <p class='ocr_par' dir='ltr' id='par_1_94' title="bbox 534 4957 2111 5032">
     <span class='ocr_line' id='line_1_94' title="bbox 534 4957 2111 5032; baseline 0.006 -23"><span class='ocrx_word' id='word_1_691' title='bbox 534 4957 588 5010; x_wconf 87' lang='lat' dir='ltr'><strong>in</strong></span> <span class='ocrx_word' id='word_1_692' title='bbox 614 4958 796 5024; x_wconf 87' lang='lat' dir='ltr'><strong>labiis,</strong></span> <span class='ocrx_word' id='word_1_693' title='bbox 830 4975 927 5013; x_wconf 94' lang='lat' dir='ltr'><strong>cor</strong></span> <span class='ocrx_word' id='word_1_694' title='bbox 957 4969 1112 5015; x_wconf 91' lang='lat' dir='ltr'><strong>tuum</strong></span> <span class='ocrx_word' id='word_1_695' title='bbox 1139 4960 1440 5016; x_wconf 92' lang='lat' dir='ltr'><strong>sollicitum</strong></span> <span class='ocrx_word' id='word_1_696' title='bbox 1487 4977 1610 5017; x_wconf 91' lang='lat' dir='ltr'><strong>esse</strong></span> <span class='ocrx_word' id='word_1_697' title='bbox 1657 4962 1725 5017; x_wconf 87' lang='lat' dir='ltr'><strong>de</strong></span> <span class='ocrx_word' id='word_1_698' title='bbox 1751 4963 1969 5032; x_wconf 88' lang='lat' dir='ltr'><strong>aliquo;</strong></span> <span class='ocrx_word' id='word_1_699' title='bbox 2000 4979 2111 5019; x_wconf 91' lang='lat' dir='ltr'><strong>non</strong></span> 
     </span>
    </p>
   </div>
   <div class='ocr_carea' id='block_1_95' title="bbox 533 5047 2113 5122">
    <p class='ocr_par' dir='ltr' id='par_1_95' title="bbox 533 5047 2113 5122">
     <span class='ocr_line' id='line_1_95' title="bbox 533 5047 2113 5122; baseline 0.007 -23"><span class='ocrx_word' id='word_1_700' title='bbox 533 5047 782 5103; x_wconf 85' lang='lat' dir='ltr'><strong>dimittas</strong></span> <span class='ocrx_word' id='word_1_701' title='bbox 809 5066 822 5101; x_wconf 89' lang='lat'><strong>:</strong></span> <span class='ocrx_word' id='word_1_702' title='bbox 849 5057 905 5104; x_wconf 93' lang='lat' dir='ltr'><strong>et</strong></span> <span class='ocrx_word' id='word_1_703' title='bbox 937 5057 1070 5105; x_wconf 92' lang='lat' dir='ltr'><strong>tunc</strong></span> <span class='ocrx_word' id='word_1_704' title='bbox 1113 5049 1240 5105; x_wconf 85' lang='lat' dir='ltr'><strong>vide</strong></span> <span class='ocrx_word' id='word_1_705' title='bbox 1280 5060 1337 5105; x_wconf 92' lang='lat' dir='ltr'><strong>et</strong></span> <span class='ocrx_word' id='word_1_706' title='bbox 1377 5051 1601 5116; x_wconf 87' lang='lat' dir='ltr'><strong>mirare,</strong></span> <span class='ocrx_word' id='word_1_707' title='bbox 1648 5052 1782 5122; x_wconf 90' lang='lat' dir='ltr'><strong>quid</strong></span> <span class='ocrx_word' id='word_1_708' title='bbox 1839 5052 2006 5109; x_wconf 90' lang='lat' dir='ltr'><strong>debet</strong></span> <span class='ocrx_word' id='word_1_709' title='bbox 2045 5069 2113 5109; x_wconf 90' lang='lat' dir='ltr'><strong>ex</strong></span> 
     </span>
    </p>
   </div>
   <div class='ocr_carea' id='block_1_96' title="bbox 535 5141 2115 5216">
    <p class='ocr_par' dir='ltr' id='par_1_96' title="bbox 535 5141 2115 5216">
     <span class='ocr_line' id='line_1_96' title="bbox 535 5141 2115 5216; baseline 0.004 -22"><span class='ocrx_word' id='word_1_710' title='bbox 535 5141 641 5194; x_wconf 81' lang='lat' dir='ltr'><strong>hoc</strong></span> <span class='ocrx_word' id='word_1_711' title='bbox 684 5142 862 5211; x_wconf 88' lang='lat' dir='ltr'><strong>majus</strong></span> <span class='ocrx_word' id='word_1_712' title='bbox 911 5141 1066 5197; x_wconf 90' lang='lat' dir='ltr'><strong>oriri.</strong></span> <span class='ocrx_word' id='word_1_713' title='bbox 1114 5143 1261 5197; x_wconf 88' lang='lat' dir='ltr'><strong>Nihil</strong></span> <span class='ocrx_word' id='word_1_714' title='bbox 1313 5143 1464 5199; x_wconf 92' lang='lat' dir='ltr'><strong>aliud</strong></span> <span class='ocrx_word' id='word_1_715' title='bbox 1491 5145 1669 5216; x_wconf 91' lang='lat' dir='ltr'><strong>majus</strong></span> <span class='ocrx_word' id='word_1_716' title='bbox 1694 5151 1780 5200; x_wconf 91' lang='lat' dir='ltr'><strong>est</strong></span> <span class='ocrx_word' id='word_1_717' title='bbox 1807 5161 1973 5215; x_wconf 87' lang='lat' dir='ltr'><strong>quam</strong></span> <span class='ocrx_word' id='word_1_718' title='bbox 2015 5147 2115 5201; x_wconf 89' lang='lat' dir='ltr'><strong>ali-</strong></span> 
     </span>
    </p>
   </div>
   <div class='ocr_carea' id='block_1_97' title="bbox 535 5237 2120 5303">
    <p class='ocr_par' dir='ltr' id='par_1_97' title="bbox 535 5237 2120 5303">
     <span class='ocr_line' id='line_1_97' title="bbox 535 5237 2120 5303; baseline 0.006 -16"><span class='ocrx_word' id='word_1_719' title='bbox 535 5250 700 5303; x_wconf 82' lang='lat' dir='ltr'><strong>quem</strong></span> <span class='ocrx_word' id='word_1_720' title='bbox 747 5244 996 5291; x_wconf 88' lang='lat' dir='ltr'><strong>sternere</strong></span> <span class='ocrx_word' id='word_1_721' title='bbox 1026 5251 1250 5291; x_wconf 90' lang='lat' dir='ltr'><strong>sensum</strong></span> <span class='ocrx_word' id='word_1_722' title='bbox 1284 5246 1414 5293; x_wconf 90' lang='lat' dir='ltr'><strong>ante</strong></span> <span class='ocrx_word' id='word_1_723' title='bbox 1442 5254 1667 5294; x_wconf 91' lang='lat' dir='ltr'><strong>crucem</strong></span> <span class='ocrx_word' id='word_1_724' title='bbox 1702 5237 1912 5295; x_wconf 89' lang='lat' dir='ltr'><strong>Christi</strong></span> <span class='ocrx_word' id='word_1_725' title='bbox 1942 5239 2032 5296; x_wconf 89' lang='lat' dir='ltr'><strong>die</strong></span> <span class='ocrx_word' id='word_1_726' title='bbox 2055 5257 2120 5297; x_wconf 90' lang='lat' dir='ltr'><strong>ac</strong></span> 
     </span>
    </p>
   </div>
   <div class='ocr_carea' id='block_1_98' title="bbox 536 5329 2118 5401">
    <p class='ocr_par' dir='ltr' id='par_1_98' title="bbox 536 5329 2118 5401">
     <span class='ocr_line' id='line_1_98' title="bbox 536 5329 2118 5401; baseline 0.006 -23"><span class='ocrx_word' id='word_1_727' title='bbox 536 5335 718 5390; x_wconf 78' lang='lat' dir='ltr'><strong>nocte,</strong></span> <span class='ocrx_word' id='word_1_728' title='bbox 747 5336 802 5381; x_wconf 89' lang='lat' dir='ltr'><strong>et</strong></span> <span class='ocrx_word' id='word_1_729' title='bbox 827 5342 1022 5382; x_wconf 89' lang='lat' dir='ltr'><strong>manus</strong></span> <span class='ocrx_word' id='word_1_730' title='bbox 1051 5333 1174 5399; x_wconf 89' lang='lat' dir='ltr'><strong>post</strong></span> <span class='ocrx_word' id='word_1_731' title='bbox 1217 5336 1368 5400; x_wconf 86' lang='lat' dir='ltr'><strong>terga</strong></span> <span class='ocrx_word' id='word_1_732' title='bbox 1395 5329 1591 5401; x_wconf 90' lang='lat' dir='ltr'><strong>ligare,</strong></span> <span class='ocrx_word' id='word_1_733' title='bbox 1626 5331 1680 5386; x_wconf 93' lang='lat' dir='ltr'><strong>id</strong></span> <span class='ocrx_word' id='word_1_734' title='bbox 1712 5340 1797 5386; x_wconf 90' lang='lat' dir='ltr'><strong>est</strong></span> <span class='ocrx_word' id='word_1_735' title='bbox 1817 5349 1847 5387; x_wconf 92' lang='lat' dir='ltr'><strong>a</strong></span> <span class='ocrx_word' id='word_1_736' title='bbox 1873 5332 2118 5387; x_wconf 92' lang='lat' dir='ltr'><strong>manuali</strong></span> 
     </span>
    </p>
   </div>
   <div class='ocr_carea' id='block_1_99' title="bbox 535 5419 2116 5493">
    <p class='ocr_par' dir='ltr' id='par_1_99' title="bbox 535 5419 2116 5493">
     <span class='ocr_line' id='line_1_99' title="bbox 535 5419 2116 5493; baseline 0.008 -25"><span class='ocrx_word' id='word_1_737' title='bbox 535 5433 702 5488; x_wconf 83' lang='lat' dir='ltr'><strong>opere</strong></span> <span class='ocrx_word' id='word_1_738' title='bbox 748 5419 1058 5489; x_wconf 88' lang='lat' dir='ltr'><strong>quiescere.</strong></span> <span class='ocrx_word' id='word_1_739' title='bbox 1101 5420 1197 5476; x_wconf 91' lang='lat' dir='ltr'><strong>Vis</strong></span> <span class='ocrx_word' id='word_1_740' title='bbox 1251 5435 1363 5475; x_wconf 94' lang='lat' dir='ltr'><strong>non</strong></span> <span class='ocrx_word' id='word_1_741' title='bbox 1418 5421 1680 5493; x_wconf 87' lang='lat' dir='ltr'><strong>frigelieri</strong></span> <span class='ocrx_word' id='word_1_742' title='bbox 1736 5425 1836 5478; x_wconf 89' lang='lat' dir='ltr'><strong>tibi</strong></span> <span class='ocrx_word' id='word_1_743' title='bbox 1875 5425 2116 5480; x_wconf 89' lang='lat' dir='ltr'><strong>calorem</strong></span> 
     </span>
    </p>
   </div>
   <div class='ocr_carea' id='block_1_100' title="bbox 535 5512 2118 5584">
    <p class='ocr_par' dir='ltr' id='par_1_100' title="bbox 535 5512 2118 5584">
     <span class='ocr_line' id='line_1_100' title="bbox 535 5512 2118 5584; baseline 0.005 -18"><span class='ocrx_word' id='word_1_744' title='bbox 535 5521 592 5566; x_wconf 92' lang='lat' dir='ltr'><strong>et</strong></span> <span class='ocrx_word' id='word_1_745' title='bbox 646 5527 676 5566; x_wconf 91' lang='lat' dir='ltr'><strong>a</strong></span> <span class='ocrx_word' id='word_1_746' title='bbox 717 5512 976 5584; x_wconf 86' lang='lat' dir='ltr'><strong>lacrymis</strong></span> <span class='ocrx_word' id='word_1_747' title='bbox 1031 5529 1139 5568; x_wconf 90' lang='lat' dir='ltr'><strong>nou</strong></span> <span class='ocrx_word' id='word_1_748' title='bbox 1187 5516 1520 5584; x_wconf 88' lang='lat' dir='ltr'><strong>pauperari?</strong></span> <span class='ocrx_word' id='word_1_749' title='bbox 1569 5517 1627 5572; x_wconf 90' lang='lat' dir='ltr'><strong>lu</strong></span> <span class='ocrx_word' id='word_1_750' title='bbox 1678 5517 1767 5572; x_wconf 93' lang='lat' dir='ltr'><strong>his</strong></span> <span class='ocrx_word' id='word_1_751' title='bbox 1818 5532 2016 5573; x_wconf 81' lang='lat' dir='ltr'><strong>exerce</strong></span> <span class='ocrx_word' id='word_1_752' title='bbox 2065 5527 2118 5574; x_wconf 90' lang='lat' dir='ltr'><strong>te</strong></span> 
     </span>
    </p>
   </div>
   <div class='ocr_carea' id='block_1_101' title="bbox 539 5605 2105 5674">
    <p class='ocr_par' dir='ltr' id='par_1_101' title="bbox 539 5605 2105 5674">
     <span class='ocr_line' id='line_1_101' title="bbox 539 5605 2105 5674; baseline 0.004 -16"><span class='ocrx_word' id='word_1_753' title='bbox 539 5605 740 5674; x_wconf 85' lang='lat' dir='ltr'><strong>ipsum.</strong></span> <span class='ocrx_word' id='word_1_754' title='bbox 767 5605 833 5660; x_wconf 84' lang='lat' dir='ltr'><strong>Et</strong></span> <span class='ocrx_word' id='word_1_755' title='bbox 863 5605 1057 5660; x_wconf 89' lang='lat' dir='ltr'><strong>beatus</strong></span> <span class='ocrx_word' id='word_1_756' title='bbox 1086 5621 1146 5662; x_wconf 86' lang='lat' dir='ltr'><strong>es</strong></span> <span class='ocrx_word' id='word_1_757' title='bbox 1202 5621 1235 5660; x_wconf 97' lang='lat' dir='ltr'><strong>o</strong></span> <span class='ocrx_word' id='word_1_758' title='bbox 1272 5606 1436 5662; x_wconf 92' lang='lat' dir='ltr'><strong>homo</strong></span> <span class='ocrx_word' id='word_1_759' title='bbox 1496 5609 1539 5664; x_wconf 91' lang='lat' dir='ltr'><strong>si</strong></span> <span class='ocrx_word' id='word_1_760' title='bbox 1583 5609 1674 5664; x_wconf 91' lang='lat' dir='ltr'><strong>die</strong></span> <span class='ocrx_word' id='word_1_761' title='bbox 1704 5625 1768 5664; x_wconf 87' lang='lat' dir='ltr'><strong>ac</strong></span> <span class='ocrx_word' id='word_1_762' title='bbox 1795 5619 1964 5666; x_wconf 90' lang='lat' dir='ltr'><strong>noctu</strong></span> <span class='ocrx_word' id='word_1_763' title='bbox 1994 5620 2105 5665; x_wconf 86' lang='lat' dir='ltr'><strong>stu-</strong></span> 
     </span>
    </p>
   </div>
   <div class='ocr_carea' id='block_1_102' title="bbox 618 5740 1659 5836">
    <p class='ocr_par' dir='ltr' id='par_1_102' title="bbox 618 5740 1659 5836">
     <span class='ocr_line' id='line_1_102' title="bbox 618 5740 1659 5836; baseline 0.004 -42"><span class='ocrx_word' id='word_1_764' title='bbox 618 5741 633 5768; x_wconf 70' lang='grc'><strong>⁸</strong></span> <span class='ocrx_word' id='word_1_765' title='bbox 666 5740 905 5836; x_wconf 72' lang='lat' dir='ltr'><strong>Philipp.</strong></span> <span class='ocrx_word' id='word_1_766' title='bbox 937 5757 1013 5805; x_wconf 89' lang='grc' dir='ltr'>ιιι,</span> <span class='ocrx_word' id='word_1_767' title='bbox 1059 5740 1148 5794; x_wconf 81' lang='lat'><strong>‘20.</strong></span> <span class='ocrx_word' id='word_1_768' title='bbox 1205 5742 1224 5771; x_wconf 92' lang='lat'>&quot;</span> <span class='ocrx_word' id='word_1_769' title='bbox 1261 5741 1439 5804; x_wconf 69' lang='lat' dir='ltr'><strong>Ga‘nt.</strong></span> <span class='ocrx_word' id='word_1_770' title='bbox 1478 5760 1537 5808; x_wconf 89' lang='grc' dir='ltr'>ιι,</span> <span class='ocrx_word' id='word_1_771' title='bbox 1570 5743 1659 5798; x_wconf 72' lang='grc'><strong>20.</strong></span> 
     </span>
    </p>
   </div>
   <div class='ocr_carea' id='block_1_103' title="bbox 615 5851 2036 5996">
    <p class='ocr_par' dir='ltr' id='par_1_103' title="bbox 615 5851 2036 5996">
     <span class='ocr_line' id='line_1_103' title="bbox 617 5851 2036 5927; baseline 0.006 -22"><span class='ocrx_word' id='word_1_772' title='bbox 617 5851 698 5910; x_wconf 72' lang='grc' dir='ltr'>ιςιι</span> <span class='ocrx_word' id='word_1_773' title='bbox 721 5852 1232 5922; x_wconf 75' lang='lat' dir='ltr'><strong>Superindurunlur.</strong></span> <span class='ocrx_word' id='word_1_774' title='bbox 1265 5855 1430 5917; x_wconf 80' lang='lat' dir='ltr'><strong>Editi,</strong></span> <span class='ocrx_word' id='word_1_775' title='bbox 1456 5875 1660 5927; x_wconf 72' lang='lat' dir='ltr'><strong>semper</strong></span> <span class='ocrx_word' id='word_1_776' title='bbox 1695 5857 2036 5913; x_wconf 76' lang='lat' dir='ltr'><strong>inducuntur.</strong></span> 
     </span>
     <span class='ocr_line' id='line_1_104' title="bbox 615 5895 2036 5996; baseline 0.008 -18"><span class='ocrx_word' id='word_1_777' title='bbox 615 5895 728 5996; x_wconf 68' lang='grc' dir='ltr'>ζιο)</span> <span class='ocrx_word' id='word_1_778' title='bbox 786 5922 1268 5996; x_wconf 71' lang='lat' dir='ltr'><strong>Nouderelinquat</strong></span> <span class='ocrx_word' id='word_1_779' title='bbox 1314 5927 1472 5982; x_wconf 73' lang='lat' dir='ltr'><strong>riam.</strong></span> <span class='ocrx_word' id='word_1_780' title='bbox 1507 5929 1674 5996; x_wconf 77' lang='lat' dir='ltr'><strong>Editi,</strong></span> <span class='ocrx_word' id='word_1_781' title='bbox 1737 5929 2036 5996; x_wconf 77' lang='lat' dir='ltr'><strong>dcrclinqmt</strong></span> 
     </span>
    </p>
   </div>
   <div class='ocr_carea' id='block_1_104' title="bbox 2222 4681 3804 4753">
    <p class='ocr_par' dir='ltr' id='par_1_104' title="bbox 2222 4681 3804 4753">
     <span class='ocr_line' id='line_1_105' title="bbox 2222 4681 3804 4753; baseline -0.001 -15"><span class='ocrx_word' id='word_1_782' title='bbox 2222 4683 2563 4753; x_wconf 86' lang='lat' dir='ltr'><strong>elongaverit</strong></span> <span class='ocrx_word' id='word_1_783' title='bbox 2604 4699 2665 4738; x_wconf 89' lang='lat' dir='ltr'><strong>se</strong></span> <span class='ocrx_word' id='word_1_784' title='bbox 2695 4681 2943 4748; x_wconf 89' lang='lat' dir='ltr'><strong>omnino,</strong></span> <span class='ocrx_word' id='word_1_785' title='bbox 2975 4690 3033 4738; x_wconf 91' lang='lat' dir='ltr'><strong>et</strong></span> <span class='ocrx_word' id='word_1_786' title='bbox 3062 4683 3359 4737; x_wconf 73' lang='lat' dir='ltr'><strong>acceSSerit</strong></span> <span class='ocrx_word' id='word_1_787' title='bbox 3385 4691 3708 4737; x_wconf 87' lang='lat' dir='ltr'><strong>constanter</strong></span> <span class='ocrx_word' id='word_1_788' title='bbox 3734 4683 3804 4736; x_wconf 88' lang='lat' dir='ltr'><strong>ad</strong></span> 
     </span>
    </p>
   </div>
   <div class='ocr_carea' id='block_1_105' title="bbox 2222 4773 3803 4845">
    <p class='ocr_par' dir='ltr' id='par_1_105' title="bbox 2222 4773 3803 4845">
     <span class='ocr_line' id='line_1_106' title="bbox 2222 4773 3803 4845; baseline -0.001 -15"><span class='ocrx_word' id='word_1_789' title='bbox 2222 4774 2403 4840; x_wconf 90' lang='lat' dir='ltr'><strong>bona;</strong></span> <span class='ocrx_word' id='word_1_790' title='bbox 2442 4773 2502 4829; x_wconf 92' lang='lat' dir='ltr'><strong>in</strong></span> <span class='ocrx_word' id='word_1_791' title='bbox 2529 4774 2750 4831; x_wconf 90' lang='lat' dir='ltr'><strong>modico</strong></span> <span class='ocrx_word' id='word_1_792' title='bbox 2785 4785 3033 4844; x_wconf 90' lang='lat' dir='ltr'><strong>tempore</strong></span> <span class='ocrx_word' id='word_1_793' title='bbox 3064 4773 3270 4829; x_wconf 88' lang='lat' dir='ltr'><strong>sentiet</strong></span> <span class='ocrx_word' id='word_1_794' title='bbox 3301 4774 3567 4828; x_wconf 76' lang='lat' dir='ltr'><strong>auxilium</strong></span> <span class='ocrx_word' id='word_1_795' title='bbox 3598 4792 3611 4828; x_wconf 93' lang='lat'><strong>:</strong></span> <span class='ocrx_word' id='word_1_796' title='bbox 3651 4776 3803 4845; x_wconf 85' lang='lat' dir='ltr'><strong>quod</strong></span> 
     </span>
    </p>
   </div>
   <div class='ocr_carea' id='block_1_106' title="bbox 2219 4867 3803 4940">
    <p class='ocr_par' dir='ltr' id='par_1_106' title="bbox 2219 4867 3803 4940">
     <span class='ocr_line' id='line_1_107' title="bbox 2219 4867 3803 4940; baseline -0.001 -15"><span class='ocrx_word' id='word_1_797' title='bbox 2219 4869 2263 4926; x_wconf 92' lang='lat' dir='ltr'><strong>si</strong></span> <span class='ocrx_word' id='word_1_798' title='bbox 2289 4868 2636 4940; x_wconf 88' lang='lat' dir='ltr'><strong>superaverit</strong></span> <span class='ocrx_word' id='word_1_799' title='bbox 2660 4869 3086 4940; x_wconf 90' lang='lat' dir='ltr'><strong>aliquantulum,</strong></span> <span class='ocrx_word' id='word_1_800' title='bbox 3106 4867 3803 4924; x_wconf 83' lang='lat' dir='ltr'><strong>invenietconsolationem</strong></span> 
     </span>
    </p>
   </div>
   <div class='ocr_carea' id='block_1_107' title="bbox 2222 4962 3806 5031">
    <p class='ocr_par' dir='ltr' id='par_1_107' title="bbox 2222 4962 3806 5031">
     <span class='ocr_line' id='line_1_108' title="bbox 2222 4962 3806 5031; baseline -0.001 -14"><span class='ocrx_word' id='word_1_801' title='bbox 2222 4963 2423 5018; x_wconf 68' lang='lat' dir='ltr'><strong>anilitas</strong></span> <span class='ocrx_word' id='word_1_802' title='bbox 2457 4979 2592 5029; x_wconf 74' lang='lat' dir='ltr'><strong>suae,</strong></span> <span class='ocrx_word' id='word_1_803' title='bbox 2637 4962 3025 5018; x_wconf 89' lang='lat' dir='ltr'><strong>remissionem</strong></span> <span class='ocrx_word' id='word_1_804' title='bbox 3062 4971 3493 5031; x_wconf 89' lang='lat' dir='ltr'><strong>consequenter,</strong></span> <span class='ocrx_word' id='word_1_805' title='bbox 3529 4971 3585 5016; x_wconf 86' lang='lat' dir='ltr'><strong>et</strong></span> <span class='ocrx_word' id='word_1_806' title='bbox 3623 4963 3806 5016; x_wconf 85' lang='lat' dir='ltr'><strong>abun-</strong></span> 
     </span>
    </p>
   </div>
   <div class='ocr_carea' id='block_1_108' title="bbox 2220 5055 3803 5126">
    <p class='ocr_par' dir='ltr' id='par_1_108' title="bbox 2220 5055 3803 5126">
     <span class='ocr_line' id='line_1_109' title="bbox 2220 5055 3803 5126; baseline -0.001 -15"><span class='ocrx_word' id='word_1_807' title='bbox 2220 5057 2468 5112; x_wconf 91' lang='lat' dir='ltr'><strong>dantiam</strong></span> <span class='ocrx_word' id='word_1_808' title='bbox 2510 5057 2786 5112; x_wconf 89' lang='lat' dir='ltr'><strong>bonorum</strong></span> <span class='ocrx_word' id='word_1_809' title='bbox 2819 5055 3069 5126; x_wconf 86' lang='lat' dir='ltr'><strong>recipiet,</strong></span> <span class='ocrx_word' id='word_1_810' title='bbox 3124 5065 3180 5109; x_wconf 89' lang='lat' dir='ltr'><strong>et</strong></span> <span class='ocrx_word' id='word_1_811' title='bbox 3223 5055 3396 5126; x_wconf 84' lang='lat' dir='ltr'><strong>gratia</strong></span> <span class='ocrx_word' id='word_1_812' title='bbox 3448 5056 3649 5124; x_wconf 81' lang='lat' dir='ltr'><strong>dignus</strong></span> <span class='ocrx_word' id='word_1_813' title='bbox 3687 5056 3803 5111; x_wconf 82' lang='lat' dir='ltr'><strong>fiet.</strong></span> 
     </span>
    </p>
   </div>
   <div class='ocr_carea' id='block_1_109' title="bbox 2221 5148 3805 5219">
    <p class='ocr_par' dir='ltr' id='par_1_109' title="bbox 2221 5148 3805 5219">
     <span class='ocr_line' id='line_1_110' title="bbox 2221 5148 3805 5219; baseline -0.001 -15"><span class='ocrx_word' id='word_1_814' title='bbox 2221 5149 2615 5204; x_wconf 79' lang='lat' dir='ltr'><strong>Verumtamen</strong></span> <span class='ocrx_word' id='word_1_815' title='bbox 2651 5149 2834 5204; x_wconf 63' lang='lat' dir='ltr'><strong>n&#39;tiuor</strong></span> <span class='ocrx_word' id='word_1_816' title='bbox 2862 5160 2946 5205; x_wconf 89' lang='lat' dir='ltr'><strong>est</strong></span> <span class='ocrx_word' id='word_1_817' title='bbox 2974 5149 3076 5204; x_wconf 90' lang='lat' dir='ltr'><strong>iste</strong></span> <span class='ocrx_word' id='word_1_818' title='bbox 3114 5148 3168 5202; x_wconf 90' lang='lat' dir='ltr'><strong>in</strong></span> <span class='ocrx_word' id='word_1_819' title='bbox 3207 5150 3626 5218; x_wconf 85' lang='lat' dir='ltr'><strong>comparatione</strong></span> <span class='ocrx_word' id='word_1_820' title='bbox 3655 5149 3805 5219; x_wconf 87' lang='lat' dir='ltr'><strong>apud</strong></span> 
     </span>
    </p>
   </div>
   <div class='ocr_carea' id='block_1_110' title="bbox 2220 5240 3807 5312">
    <p class='ocr_par' dir='ltr' id='par_1_110' title="bbox 2220 5240 3807 5312">
     <span class='ocr_line' id='line_1_111' title="bbox 2220 5240 3807 5312; baseline -0.001 -17"><span class='ocrx_word' id='word_1_821' title='bbox 2220 5240 2618 5310; x_wconf 84' lang='lat' dir='ltr'><strong>perfectionem</strong></span> <span class='ocrx_word' id='word_1_822' title='bbox 2693 5241 2845 5296; x_wconf 87' lang='lat' dir='ltr'><strong>illius</strong></span> <span class='ocrx_word' id='word_1_823' title='bbox 2913 5241 3007 5312; x_wconf 89' lang='lat' dir='ltr'><strong>qui</strong></span> <span class='ocrx_word' id='word_1_824' title='bbox 3087 5241 3333 5311; x_wconf 87' lang='lat' dir='ltr'><strong>seipsum</strong></span> <span class='ocrx_word' id='word_1_825' title='bbox 3406 5243 3720 5312; x_wconf 84' lang='lat' dir='ltr'><strong>segregavit</strong></span> <span class='ocrx_word' id='word_1_826' title='bbox 3775 5258 3807 5295; x_wconf 92' lang='lat' dir='ltr'><strong>a</strong></span> 
     </span>
    </p>
   </div>
   <div class='ocr_carea' id='block_1_111' title="bbox 2221 5333 3808 5400">
    <p class='ocr_par' dir='ltr' id='par_1_111' title="bbox 2221 5333 3808 5400">
     <span class='ocr_line' id='line_1_112' title="bbox 2221 5333 3808 5400; baseline -0.001 -12"><span class='ocrx_word' id='word_1_827' title='bbox 2221 5334 2450 5400; x_wconf 91' lang='lat' dir='ltr'><strong>mundo,</strong></span> <span class='ocrx_word' id='word_1_828' title='bbox 2482 5342 2535 5388; x_wconf 90' lang='lat' dir='ltr'><strong>et</strong></span> <span class='ocrx_word' id='word_1_829' title='bbox 2564 5333 2778 5388; x_wconf 88' lang='lat' dir='ltr'><strong>invenit</strong></span> <span class='ocrx_word' id='word_1_830' title='bbox 2806 5333 2860 5388; x_wconf 91' lang='lat' dir='ltr'><strong>in</strong></span> <span class='ocrx_word' id='word_1_831' title='bbox 2886 5333 3068 5388; x_wconf 90' lang='lat' dir='ltr'><strong>anima</strong></span> <span class='ocrx_word' id='word_1_832' title='bbox 3094 5349 3193 5388; x_wconf 90' lang='lat' dir='ltr'><strong>sua</strong></span> <span class='ocrx_word' id='word_1_833' title='bbox 3224 5333 3589 5388; x_wconf 88' lang='lat' dir='ltr'><strong>beatitudinis</strong></span> <span class='ocrx_word' id='word_1_834' title='bbox 3619 5349 3808 5388; x_wconf 84' lang='lat' dir='ltr'><strong>secre-</strong></span> 
     </span>
    </p>
   </div>
   <div class='ocr_carea' id='block_1_112' title="bbox 2222 5427 3810 5498">
    <p class='ocr_par' dir='ltr' id='par_1_112' title="bbox 2222 5427 3810 5498">
     <span class='ocr_line' id='line_1_113' title="bbox 2222 5427 3810 5498; baseline -0.001 -15"><span class='ocrx_word' id='word_1_835' title='bbox 2222 5438 2360 5491; x_wconf 89' lang='lat' dir='ltr'><strong>tum,</strong></span> <span class='ocrx_word' id='word_1_836' title='bbox 2405 5435 2461 5483; x_wconf 89' lang='lat' dir='ltr'><strong>et</strong></span> <span class='ocrx_word' id='word_1_837' title='bbox 2512 5428 2938 5498; x_wconf 88' lang='lat' dir='ltr'><strong>comprehendit</strong></span> <span class='ocrx_word' id='word_1_838' title='bbox 2987 5428 3134 5482; x_wconf 91' lang='lat' dir='ltr'><strong>illam</strong></span> <span class='ocrx_word' id='word_1_839' title='bbox 3183 5443 3297 5483; x_wconf 91' lang='lat' dir='ltr'><strong>rem</strong></span> <span class='ocrx_word' id='word_1_840' title='bbox 3345 5444 3446 5498; x_wconf 91' lang='lat' dir='ltr'><strong>pro</strong></span> <span class='ocrx_word' id='word_1_841' title='bbox 3487 5442 3596 5497; x_wconf 86' lang='lat' dir='ltr'><strong>qua</strong></span> <span class='ocrx_word' id='word_1_842' title='bbox 3642 5427 3810 5481; x_wconf 65' lang='lat' dir='ltr'><strong>Chri-</strong></span> 
     </span>
    </p>
   </div>
   <div class='ocr_carea' id='block_1_113' title="bbox 2221 5520 3821 5597">
    <p class='ocr_par' dir='ltr' id='par_1_113' title="bbox 2221 5520 3821 5597">
     <span class='ocr_line' id='line_1_114' title="bbox 2221 5520 3821 5597; baseline -0.002 -20"><span class='ocrx_word' id='word_1_843' title='bbox 2221 5530 2338 5577; x_wconf 85' lang='lat' dir='ltr'><strong>stus</strong></span> <span class='ocrx_word' id='word_1_844' title='bbox 2362 5520 2606 5576; x_wconf 88' lang='lat' dir='ltr'><strong>advenit.</strong></span> <span class='ocrx_word' id='word_1_845' title='bbox 2642 5520 2743 5576; x_wconf 89' lang='lat' dir='ltr'><strong>Cui</strong></span> <span class='ocrx_word' id='word_1_846' title='bbox 2780 5520 2852 5578; x_wconf 89' lang='lat' dir='ltr'><strong>sit</strong></span> <span class='ocrx_word' id='word_1_847' title='bbox 2881 5520 3052 5592; x_wconf 88' lang='lat' dir='ltr'><strong>gratia</strong></span> <span class='ocrx_word' id='word_1_848' title='bbox 3107 5521 3162 5576; x_wconf 90' lang='lat' dir='ltr'><strong>in</strong></span> <span class='ocrx_word' id='word_1_849' title='bbox 3199 5522 3397 5578; x_wconf 68' lang='lat' dir='ltr'><strong>smcula</strong></span> <span class='ocrx_word' id='word_1_850' title='bbox 3446 5521 3821 5597; x_wconf 41' lang='lat' dir='ltr'><strong>sxculurum.‘</strong></span> 
     </span>
    </p>
   </div>
   <div class='ocr_carea' id='block_1_114' title="bbox 2222 5612 2414 5668">
    <p class='ocr_par' dir='ltr' id='par_1_114' title="bbox 2222 5612 2414 5668">
     <span class='ocr_line' id='line_1_115' title="bbox 2222 5612 2414 5668; baseline 0 -2"><span class='ocrx_word' id='word_1_851' title='bbox 2222 5612 2414 5668; x_wconf 83' lang='lat' dir='ltr'><strong>Amen.</strong></span> 
     </span>
    </p>
   </div>
   <div class='ocr_carea' id='block_1_115' title="bbox 641 5922 2323 5999">
    <p class='ocr_par' dir='ltr' id='par_1_115' title="bbox 641 5922 2323 5999">
     <span class='ocr_line' id='line_1_116' title="bbox 641 5922 2323 5999; baseline 0.006 -21"><span class='ocrx_word' id='word_1_852' title='bbox 641 5923 728 5994; x_wconf 72' lang='grc'><strong>10)</strong></span> <span class='ocrx_word' id='word_1_853' title='bbox 786 5922 1268 5997; x_wconf 71' lang='lat' dir='ltr'><strong>Nouderelinquat</strong></span> <span class='ocrx_word' id='word_1_854' title='bbox 1314 5927 1472 5982; x_wconf 73' lang='lat' dir='ltr'><strong>riam.</strong></span> <span class='ocrx_word' id='word_1_855' title='bbox 1507 5922 1674 5999; x_wconf 74' lang='lat' dir='ltr'><strong>Editi,</strong></span> <span class='ocrx_word' id='word_1_856' title='bbox 1737 5929 2094 5997; x_wconf 64' lang='lat' dir='ltr'><strong>derelinquam</strong></span> <span class='ocrx_word' id='word_1_857' title='bbox 2141 5933 2323 5989; x_wconf 71' lang='lat' dir='ltr'><strong>vitam.</strong></span> 
     </span>
    </p>
   </div>
  </div>
