4102 6530
318 445 418 510 82!

932 558 1157 615 CAPUT
1194 559 1286 613 XI.

777 691 848 745 De
872 693 1069 747 honore
1093 711 1124 746 a
1162 694 1267 747 Deo
1299 694 1443 747 dato.

394 803 624 859 Multum
657 803 927 861 honorem
958 805 1111 860 dedit
1142 806 1287 861 Deus
1316 805 1656 872 hominibus,
1690 806 1897 863 doctri-

321 912 452 950 nam
484 896 761 966 duplicem
795 913 903 967 qua
946 898 1028 952 eis
1077 898 1297 967 aperuit
1323 898 1529 953 ostium
1560 897 1801 967 intrandi
1827 897 1895 952 ad

320 1001 622 1055 supernam
677 966 1036 1057 agnitionem.
1091 966 1184 1043 Vis
1228 996 1411 1042 autem
1445 994 1641 1042 testem
1678 966 1895 1042 fideiem

322 1092 496 1146 super
545 1077 886 1147 praemissis?
930 1078 1039 1132 Fac
1080 1086 1254 1133 temet
1300 1087 1358 1132 tu
1413 1078 1469 1133 in
1508 1085 1561 1133 te
1590 1078 1750 1148 ipso:
1784 1094 1896 1134 non

320 1168 553 1239 peribis.
583 1169 650 1223 Et
667 1168 713 1223 si
739 1169 809 1223 ab
834 1169 1079 1226 exterius
1097 1171 1181 1225 vis
1202 1171 1308 1225 hoc
1336 1170 1501 1235 scire,
1525 1170 1697 1225 habes
1726 1170 1895 1225 alium

321 1261 654 1332 magistrum
685 1270 742 1316 et
771 1269 990 1327 testem,
1027 1262 1122 1333 qui
1149 1263 1217 1317 ad
1248 1262 1392 1317 viam
1432 1273 1486 1318 te
1532 1262 1722 1333 dirigit
1751 1263 1897 1318 veri-

323 1357 476 1410 tatis.
538 1354 691 1410 Mens
738 1355 1066 1411 fermentata
1134 1356 1473 1411 oblivionem
1546 1355 1720 1410 vitare
1784 1371 1896 1411 non

322 1456 530 1518 potest,
578 1454 635 1502 et
682 1448 951 1517 sapientia
1008 1463 1120 1502 non
1181 1448 1359 1518 aperit
1418 1447 1623 1502 talibus
1678 1458 1896 1517 portam

323 1554 507 1593 suam.
555 1538 663 1605 Qui
709 1540 913 1608 poterit
958 1538 1358 1609 comprendere
1408 1538 1662 1610 diligenti
1709 1538 1899 1609 cogni-

324 1630 501 1694 tione,
535 1630 586 1700 7
610 1629 678 1684 ad
703 1646 867 1699 quam
910 1629 1279 1698 aequalitatem
1308 1628 1433 1685 finis
1458 1629 1706 1683 omnium
1733 1628 1892 1683 finia-

322 1731 440 1786 tur,
474 1722 822 1778 abbreviatio
854 1721 1265 1792 temporalium,
1322 1721 1433 1775 alio
1476 1722 1737 1793 magistro
1783 1737 1895 1776 non

321 1824 469 1883 eget.
512 1814 794 1869 Naturalis
834 1814 922 1868 lex
955 1828 1077 1883 quae
1110 1812 1349 1883 primum
1381 1811 1598 1866 homini
1632 1812 1762 1867 data
1791 1811 1898 1866 fuit

318 1921 356 1959 a
418 1905 554 1969 Deo,
610 1905 1008 1975 contemplatio
1057 1912 1142 1960 est
1192 1912 1573 1959 creaturarum
1644 1920 1893 1960 suarum.
1930 1912 1970 1968 Β

322 1997 457 2051 Post
504 1996 1012 2067 praevaricationem
1058 2010 1192 2051 vero
1249 1994 1438 2050 addita
1484 2003 1570 2050 est
1615 1996 1894 2051 litteralis.

318 2089 429 2156 Qui
460 2104 569 2144 non
603 2088 824 2160 elongat
852 2104 910 2144 se
952 2104 984 2143 a
1025 2088 1211 2143 causis
1252 2088 1520 2143 vitiorum
1560 2087 1896 2152 voluntarie,

323 2180 538 2235 invitus
574 2181 813 2235 trahitur
837 2180 905 2235 ad
929 2189 1212 2251 peccatum
1250 2180 1384 2251 (Η).
1433 2181 1560 2237 Haec
1595 2190 1724 2237 sunt
1763 2196 1899 2238 cau-

322 2286 402 2324 sa:
430 2270 978 2341 peccandi:vinum,
1024 2271 1314 2335 mulieres,
1366 2286 1631 2341 prospera
1678 2270 1899 2339 corpori

326 2362 601 2416 habitudo
649 2370 707 2418 et
753 2362 979 2417 divitiae.
1028 2362 1156 2418 Haec
1209 2363 1541 2419 naturaliter
1606 2377 1717 2421 non
1768 2373 1901 2420 sunt

325 2463 648 2523 peccatum;
706 2454 804 2511 sed
851 2470 951 2524 per
990 2454 1105 2509 hac
1136 2455 1447 2511 declinatur
1489 2453 1559 2509 ad
1609 2454 1898 2525 passiones

326 2547 540 2618 peccati
568 2564 584 2602 :
620 2546 767 2602 unde
804 2553 1023 2617 oportet
1054 2546 1303 2602 studiose
1332 2560 1529 2603 cavere
1554 2544 1685 2603 sibi.

918 2638 1144 2717 CAPUT
1185 2660 1305 2717 xn.

614 2795 690 2849 De
714 2794 1068 2849 occasionibus
1090 2793 1335 2848 vitiorum
1364 2793 1613 2847 vitandis.

394 2909 453 2965 Si
483 2922 700 2977 semper
732 2904 1049 2977 fragilitatis
1074 2914 1178 2959 tua:
1206 2904 1377 2959 fueris
1418 2918 1651 2968 memor,
1696 2910 1896 2958 termi-

322 3016 459 3055 num
511 2997 774 3053 custodiae
819 3011 931 3050 non
970 2995 1223 3051 excedes.
1276 2993 1435 3064 Apud
1468 2994 1721 3050 homines
1761 2994 1897 3050 abo-

324 3090 608 3145 minabilis
629 3097 714 3143 est
743 3097 1067 3158 paupertas;
1101 3086 1243 3157 apud
1275 3087 1446 3141 Deum
1469 3102 1602 3141 vero
1626 3087 1750 3156 plus
1783 3085 1899 3141 ani-

324 3195 413 3234 ma
445 3179 610 3235 corde
639 3178 913 3233 sublimis.
942 3177 1100 3248 Apud
1116 3177 1367 3233 homines
1384 3184 1512 3232 sunt
1542 3176 1749 3231 divitia:
1774 3193 1899 3247 pre-

325 3274 511 3338 tiosae;
546 3272 642 3327 sed
677 3270 820 3341 apud
854 3272 1046 3338 Deum,
1082 3270 1264 3325 anima
1295 3270 1602 3325 humiliata.
1628 3269 1767 3326 Cum
1798 3286 1899 3326 vo-

328 3364 502 3421 lueris
523 3364 703 3418 facere
728 3363 949 3417 initium
973 3363 1131 3418 bonae
1162 3362 1523 3432 operationis,
1553 3371 1747 3418 contra
1767 3378 1907 3419 ven-

328 3466 487 3511 turas
511 3456 609 3510 tibi
637 3455 969 3510 tentationes
992 3454 1149 3524 prius
1183 3470 1431 3524 praepara
1481 3463 1533 3510 te
1570 3455 1778 3524 ipsum,
1834 3471 1906 3513 ne

330 3550 555 3604 hzesites
588 3548 829 3602 veritati.
871 3547 1008 3603 Nam
1058 3546 1405 3601 consuetudo
1450 3556 1535 3602 est
1564 3547 1804 3610 inimici,
1846 3557 1909 3603 ut

328 3655 457 3693 cum
494 3637 645 3693 videt
686 3638 927 3707 aliquem
967 3636 1329 3706 accipientem
1363 3636 1563 3692 bonam
1605 3652 1907 3693 conversa-

330 3733 540 3787 tionem
586 3731 692 3786 fide
728 3730 965 3785 ferventi
1005 3738 1064 3785 et
1113 3728 1454 3785 conscientia
1503 3744 1664 3799 pura,
1719 3729 1911 3783 obviat

330 3825 384 3880 ei
418 3825 591 3880 variis
640 3831 697 3878 et
730 3822 967 3877 diversis
1000 3820 1404 3876 tentationibus
1433 3859 1449 3885 ,
1513 3827 1575 3877 ut
1606 3819 1807 3874 exinde
1851 3820 1909 3873 in

332 3920 536 3973 timore
559 3916 787 3971 veniens
810 3956 825 3980 ,
863 3921 1079 3970 arescat
1103 3930 1135 3968 a
1162 3914 1309 3968 bono
1341 3912 1627 3983 proposito
1653 3954 1668 3979 ,
1712 3928 1782 3966 ne
1811 3911 1911 3967 ha-

332 4010 465 4065 beat
520 4009 870 4079 aliqdatenus
917 4006 1158 4061 calorem
1219 4003 1696 4074 appropinquandi
1745 4004 1904 4059 Deo:

331 4114 446 4155 non
475 4097 623 4168 quod
659 4097 821 4151 talem
859 4096 1117 4150 virtutem
1140 4093 1341 4149 habeat
1371 4093 1725 4148 adversarius
1752 4092 1903 4165 (nam

335 4188 525 4243 nullus
557 4193 744 4257 posset
787 4192 1010 4256 tangere
1037 4180 1282 4253 bonum)
1336 4181 1434 4237 sed
1489 4181 1833 4252 permittitur
1879 4196 1912 4237 a

336 4282 471 4345 Deo,
496 4278 641 4335 sicut
665 4277 723 4332 in
748 4278 909 4332 beato
928 4275 1032 4332 Job
1055 4275 1200 4329 docti
1236 4289 1429 4330 sumus
1450 4274 1491 4326 ⁸.
1518 4272 1601 4327 Tu
1620 4289 1754 4328 vero
1777 4288 1915 4344 prae-

334 4387 469 4443 para
500 4369 852 4439 temetipsum
908 4368 1150 4422 viriliter
1181 4365 1250 4420 ad
1284 4364 1617 4420 obstandum
1655 4365 1915 4420 tentatio-

336 4465 525 4529 nibus,
556 4478 678 4533 qua
709 4460 1010 4516 virtutibus
1053 4459 1415 4521 inducuntur,
1463 4472 1527 4512 ac
1549 4456 1752 4511 deinde
1800 4456 1916 4510 vir-

338 4566 486 4613 tutes
522 4556 707 4625 incipe
748 4553 991 4624 operari.
1033 4551 1172 4619 Quia
1202 4550 1311 4606 nisi
1367 4550 1524 4621 prius
1585 4556 1638 4604 te
1695 4563 1910 4620 praepa-

338 4646 588 4712 raveris,
666 4661 698 4700 a
740 4645 1014 4699 virtutum
1064 4641 1387 4713 operatione
1437 4637 1686 4694 recedes.
1734 4638 1909 4694 IIomo

334 4735 599 4791 dubitans
638 4733 813 4789 Deum
852 4748 974 4789 esse
1010 4732 1319 4804 adiutorem
1360 4731 1520 4785 bona:
1549 4728 1910 4799 operationis,

332 4829 402 4884 ab
428 4828 627 4884 umbra
656 4843 757 4884 sua
794 4834 1057 4890 terretur,
1083 4833 1140 4880 et
1174 4824 1228 4878 in
1263 4832 1511 4893 tempore
1544 4821 1829 4877 felicitatis
1855 4829 1913 4875 et

334 4919 690 4975 abundantiae
720 4959 736 4986 ,
786 4917 929 4973 fame
984 4916 1237 4982 laborat,
1294 4922 1349 4970 et
1405 4914 1460 4967 in
1514 4912 1914 4982 tranquillitate

335 5012 611 5083 spirituali
648 5018 979 5082 tempestate
1022 5008 1283 5079 repletur.
1338 5006 1444 5072 Qui
1496 5018 1641 5059 vero
1683 5003 1915 5059 confidit

336 5104 394 5159 in
426 5105 561 5169 Deo,
593 5101 941 5158 confortatur
966 5098 1155 5163 corde,
1180 5105 1237 5153 et
1282 5111 1470 5151 coram
1517 5092 1777 5149 omnibus
1812 5108 1913 5164 ap-

336 5195 555 5267 parebit
576 5193 893 5266 pretiositas
906 5192 1047 5263 ejus,
1077 5198 1135 5247 et
1160 5190 1217 5245 in
1233 5196 1534 5259 conspectu
1559 5186 1912 5241 inimicorum

338 5303 587 5343 suorum.
650 5285 904 5341 Mandata
964 5284 1061 5339 Dei
1134 5298 1302 5353 super
1367 5295 1563 5335 omnes
1619 5280 1916 5334 thesauros

341 5382 529 5437 mundi
571 5391 722 5446 sunt,
754 5389 811 5435 et
849 5379 944 5449 qui
980 5377 1276 5448 acquisivit
1308 5391 1395 5441 ea,
1427 5374 1644 5431 invenit
1673 5373 1821 5429 intra
1852 5390 1912 5430 se

341 5474 511 5529 Deum
541 5491 554 5527 :
582 5472 678 5543 qui
719 5485 937 5539 semper
973 5467 1196 5538 quando
1213 5466 1401 5530 cubat,
1424 5464 1695 5519 sollicitus
1727 5472 1814 5517 est
1849 5461 1918 5517 de

412 5618 435 5651 ⁸
460 5620 565 5676 Job
594 5635 631 5674 ι.

415 5760 522 5829 (II)
551 5760 747 5814 Invitus
768 5754 999 5810 trahitur
1028 5755 1096 5808 ad
1124 5760 1409 5829 peccatum.
1443 5750 1561 5806 Non
1590 5749 1705 5803 vult
1727 5748 1912 5827 dicere

348 5823 623 5885 hominem
657 5833 845 5883 coacto
883 5842 946 5880 ac
987 5823 1301 5879 necessario
1344 5836 1595 5890 peccare,
1631 5835 1756 5871 cum
1792 5823 1911 5890 sine

351 5918 447 5956 usu
483 5900 645 5958 liberi
670 5895 884 5955 arbitrii
905 5912 1016 5952 non
1038 5895 1109 5952 sit
1145 5887 1465 5964 peccatum:
1520 5890 1616 5946 scd
1643 5887 1914 5959 hyperbo-

1384 451 1613 512 LIBER
1648 453 1744 513 DE
1781 453 2234 515 CONTEMPTU
2274 454 2550 517 MUNDI.

1919 566 1970 625 Α
1994 576 2088 627 eo,
2117 562 2295 632 ipsum
2320 561 2558 632 acquirit
2586 569 3031 631 procuratorem;
3052 570 3109 617 et
3131 560 3225 631 qui
3255 563 3573 622 considerat

3466 456 3570 519 822

1995 653 2338 709 voluntatem
2353 654 2497 724 ejus,
2523 653 2778 709 cmicstes
2800 654 3027 724 angelos
3050 654 3382 711 deductores
3402 657 3572 713 habe-

1997 741 2098 797 bit.
2130 743 2235 809 Qui
2269 743 2429 799 timet
2454 752 2702 813 peccata,
2731 743 3187 798 inoffensibiliter
3220 746 3573 801 transibitti-

1996 833 2207 889 midum
2235 835 2363 899 iter,
2380 842 2572 889 etante
2588 849 2647 889 se
2664 835 2851 888 lumen
2869 833 3115 890 inveniet
3136 843 3383 905 tempore
3415 843 3572 890 tene-

1997 928 2185 984 broso.
2214 930 2453 985 Gressus
2488 927 2730 983 custodit
2752 926 3021 982 Dominus
3049 935 3275 997 peccata
3300 925 3572 992 timentis,

1995 1030 2054 1077 et
2078 1030 2327 1092 tempore
2357 1021 2536 1075 ruinae
2568 1019 2874 1090 praeveniet
2897 1033 3026 1074 eum
3044 1016 3431 1073 misericordia
3446 1017 3571 1072 Dei.

1996 1112 2101 1179 Qui
2134 1113 2334 1169 delicta
2360 1127 2460 1168 sua
2490 1111 2771 1167 existimat
2801 1125 2993 1181 parva,
3024 1109 3187 1165 cadet
3216 1110 3273 1163 in
3292 1109 3574 1164 deteriora

1997 1206 2298 1276 prioribus,
2332 1214 2389 1261 et
2416 1205 2472 1259 in
2514 1204 2813 1273 semetipso
2855 1204 3034 1259 solum
3087 1203 3413 1258 vindictam.
3470 1202 3571 1258 Sc-

1997 1299 2145 1352 mina
2159 1297 2635 1368 eleemosynamin
2658 1295 2995 1360 humilitate,
3021 1304 3078 1350 et
3106 1297 3160 1349 in
3184 1295 3573 1350 misericordia

1993 1389 2264 1460 judicium
2307 1398 2502 1444 metes.
2534 1388 2593 1442 In
2638 1388 2845 1458 quibus
2896 1386 3189 1457 perdidisti
3231 1388 3463 1453 bonum,
3512 1387 3570 1442 in

1999 1482 2107 1536 illis
2137 1482 2337 1536 iterum
2372 1479 2595 1547 acquire
2623 1478 2760 1532 illud
2804 1479 2872 1533 ad
2910 1486 2963 1532 te
2996 1494 3009 1529 :
3041 1493 3153 1533 non
3201 1478 3430 1533 obolum
3473 1478 3573 1532 des

1998 1572 2135 1635 Deo,
2164 1570 2308 1641 quod
2342 1586 2371 1624 a
2401 1579 2453 1624 te
2489 1585 2600 1623 non
2638 1584 2742 1638 pro
2773 1578 2827 1623 te
2862 1568 2978 1639 ipse
3007 1568 3240 1637 recepit.
3290 1568 3559 1638 Margari-

1999 1671 2131 1727 tam,
2160 1660 2423 1717 videlicet
2451 1661 2786 1724 castitatem,
2828 1657 3159 1728 perdidisti;
3205 1673 3315 1712 non
3361 1657 3571 1726 recepit

1997 1771 2028 1809 a
2063 1762 2115 1808 te
2156 1753 2304 1807 Deus
2345 1752 2768 1823 eleemosynam.
2812 1750 3135 1805 Castitatem
3180 1749 3437 1818 corporis
3485 1750 3567 1803 tui

1997 1847 2117 1899 vult
2148 1862 2179 1899 a
2210 1857 2283 1908 te,
2300 1859 2368 1898 ex
2384 1858 2495 1913 quo
2518 1841 2909 1912 praevaricatus
2934 1857 2994 1895 es
3021 1859 3033 1893 :
3068 1840 3388 1894 mandatum
3408 1848 3570 1909 putes

1999 1935 2418 2007 acquisitionem
2444 1933 2635 1988 mundi
2661 1932 3056 2001 dereliquisse;
3080 1931 3317 2001 proaliis
3333 1946 3566 2003 pugnes.

2001 2027 2262 2082 Radicem
2296 2025 2668 2096 dereliquisti,
2702 2032 2760 2080 et
2802 2023 2939 2078 alios
2983 2023 3184 2079 venisti
3220 2023 3567 2093 impugnare.

2000 2118 2147 2174 Dixit
2172 2118 2369 2174 beatus
2403 2117 2669 2187 Ephrem,
2703 2114 2834 2185 quia
2864 2114 3052 2168 nullus
3102 2122 3374 2183 repugnat
3410 2114 3572 2167 aestui

2001 2222 2248 2282 tempore
2292 2209 2491 2265 messis
2528 2207 2864 2264 hiemalibus
2900 2205 3258 2267 indumentis
3299 2205 3566 2260 indutus:

2000 2304 2089 2360 hic
2114 2301 2354 2373 quilibet
2386 2299 2535 2372 quod
2560 2300 2816 2365 seminat,
2842 2297 2978 2353 illud
3002 2307 3059 2352 et
3088 2305 3261 2351 metet
3292 2314 3307 2362 ;
3334 2304 3391 2352 et
3422 2312 3573 2365 quae-

1998 2396 2137 2451 libet
2166 2395 2458 2451 infirmitas
2486 2392 2741 2448 medetur
2770 2389 3014 2463 propriis
3042 2388 3358 2445 medicinis.
3412 2389 3479 2443 Et
3514 2396 3572 2443 tu

1998 2488 2230 2543 forsitan
2258 2487 2495 2558 agitatus
2526 2484 2734 2540 invidia
2759 2523 2774 2548 ,
2832 2491 2893 2537 ut
2933 2482 3069 2552 quid
3100 2496 3359 2537 somnum
3388 2480 3573 2550 impu-

1999 2594 2167 2649 gnare
2196 2578 2471 2635 festinas?
2500 2576 2801 2645 Quousque
2826 2590 3060 2645 parvum
3098 2574 3306 2630 habeas
3354 2582 3411 2629 et
3436 2573 3575 2627 inci-

2000 2670 2115 2740 piat
2171 2669 2373 2725 rorere
2417 2668 2703 2732 delictum,
2739 2666 3002 2722 exscinde
3032 2666 3169 2720 illud
3213 2666 3370 2736 prius
3408 2681 3573 2736 quam

1998 2760 2387 2830 amplificetur,
2432 2767 2489 2815 et
2519 2759 2759 2813 fructum
2792 2756 2975 2812 faciat.
3004 2756 3125 2813 Non
3162 2758 3239 2812 sis
3266 2757 3572 2827 negligens.

2000 2853 2224 2923 quando
2256 2867 2487 2923 parvum
2535 2850 2636 2905 tibi
2678 2849 2902 2904 videtur
2952 2848 3250 2915 delictum;
3311 2845 3576 2915 quoniam

1998 2942 2217 2999 videbis
2277 2941 2413 2996 illud
2461 2940 2642 3011 primo
2700 2938 2991 2993 dominum
3053 2938 3463 2999 inhumanum,
3521 2942 3578 2987 et

2006 3048 2192 3091 coram
2228 3032 2322 3087 illo
2368 3030 2593 3101 ligatus,
2623 3038 2883 3099 tanquam
2912 3043 3103 3083 servus
3147 3025 3363 3081 incides
3414 3044 3426 3078 :
3479 3024 3577 3077 sed

1999 3121 2097 3181 ille
2144 3124 2240 3195 qui
2287 3130 2555 3195 repugnat
2609 3137 2641 3176 a
2689 3120 2986 3193 principio,
3022 3117 3407 3175 dominabitur
3455 3117 3578 3186 ejus

1929 3246 1971 3306 α
2003 3219 2132 3275 εὶιο.

2586 3328 2811 3386 CAPUT
2852 3327 2998 3382 XIII.

2386 3422 2461 3478 De
2491 3424 2764 3495 patientia:
2794 3421 3139 3492 perfectione.

2075 3538 2178 3605 Qui
2215 3546 2396 3609 potest
2416 3537 2746 3609 injustitiam
2775 3536 3051 3592 sustinere
3074 3549 3199 3589 cum
3231 3532 3455 3604 gaudio,
3484 3534 3583 3587 ha-

2008 3632 2148 3686 bens
2179 3632 2371 3701 utique
2404 3646 2516 3700 pra:
2546 3630 2802 3684 manibus
2826 3669 2863 3693 ,.
2897 3643 3008 3698 quo
3056 3626 3316 3681 resistere
3368 3625 3584 3696 possit;

2009 3722 2101 3777 hic
2128 3721 2327 3790 recipit
2352 3719 2789 3775 consolationem
2821 3717 3091 3772 divinitus
3111 3732 3211 3785 per
3246 3716 3580 3771 charitatem

2009 3827 2172 3883 quam
2207 3811 2349 3881 gerit
2374 3809 2443 3866 ad
2474 3810 2677 3879 ipsum.
2710 3808 2814 3875 Qui
2848 3824 2972 3863 cum
3000 3806 3315 3861 humilitate
3347 3805 3589 3862 sustinet

2010 3904 2393 3961 accusationes
2423 3903 2670 3974 objectas
2693 3942 2708 3968 ,
2759 3902 2851 3955 hic
2875 3900 2944 3956 ad
2976 3899 3373 3969 perfectionem
3408 3898 3586 3962 venit,

2010 4007 2069 4054 et
2119 4013 2150 4053 a
2192 3994 2401 4051 sanctis
2452 3993 2663 4065 angelis
2718 3991 3049 4047 admiratur.
3098 3990 3259 4046 Nulla
3309 3990 3459 4044 enim
3513 3990 3589 4044 ita

2011 4104 2207 4160 magna
2244 4096 2301 4142 et
2331 4085 2575 4142 difﬁcilis
2600 4084 2669 4140 ad
2716 4082 3085 4139 obtinendum
3127 4082 3310 4136 virtus
3346 4080 3587 4136 exsistit.

2012 4178 2092 4232 Ne
2125 4175 2320 4232 credas
2348 4175 2570 4229 tibimet
2600 4172 2751 4243 quod
2797 4172 2874 4227 sis
2902 4171 3084 4236 fortis,
3134 4185 3423 4240 quousque
3457 4185 3585 4224 exa-

2014 4267 2267 4332 mineris,
2314 4275 2371 4322 et
2394 4265 2647 4322 invenias
2671 4272 2725 4319 te
2749 4264 2930 4334 ipsum
2972 4262 3330 4317 inalteratum
3378 4279 3391 4315 :
3427 4262 3508 4316 sic
3536 4261 3589 4315 in

2015 4358 2274 4414 omnibus
2298 4355 2473 4428 proba
2519 4353 2895 4423 temetipsum.
2948 4351 3073 4407 Non
3108 4350 3313 4405 habeas
3344 4360 3591 4405 mentem

2014 4452 2239 4515 elatam,
2272 4463 2378 4504 nec
2420 4447 2668 4503 confidas
2722 4446 2791 4501 de
2852 4444 3058 4499 virtute
3093 4451 3209 4507 tua,
3247 4457 3317 4496 ne
3362 4442 3594 4512 permit-

2018 4542 2155 4597 taris
2195 4541 2251 4595 in
2290 4538 2589 4610 fragilitate
2642 4544 2855 4591 naturae
2889 4576 2905 4601 ,
2953 4549 3018 4589 ac
3071 4542 3203 4589 tunc
3250 4548 3317 4588 ex
3369 4532 3595 4605 propria

2010 4644 2209 4689 natura
2254 4630 2607 4701 fragilitatem
2642 4635 2791 4682 tuam
2825 4626 3100 4682 addiscas.
3143 4626 3223 4679 Ne
3266 4623 3460 4687 credas
3497 4632 3595 4677 tuo

2010 4723 2265 4788 arbitrio,
2297 4738 2370 4777 ne
2404 4730 2460 4776 te
2489 4720 2714 4775 vinculo
2739 4733 2843 4773 suo
2872 4718 3133 4786 illaqueet
3163 4714 3447 4777 inimicus,
3487 4713 3593 4772 Ac-

2010 4816 2171 4886 quire
2211 4813 2378 4868 fidem
2400 4820 2609 4868 rectam
2652 4810 2708 4864 in
2740 4808 3052 4878 temetipso,
3088 4814 3149 4861 ut
3179 4806 3437 4871 inimicos
3464 4815 3595 4864 tuos

2014 4909 2201 4963 valeas
2232 4904 2565 4961 conculcare
2599 4919 2614 4956 :
2648 4902 2856 4957 habeas
2882 4906 3227 4957 mansuetam
3259 4898 3504 4968 linguam
3539 4907 3595 4952 et

2019 4998 2247 5052 omnino
2278 4995 2379 5050 tibi
2409 4993 2654 5049 dedecus
2682 5007 2795 5047 non
2856 4995 3136 5051 occurret.
3196 4987 3439 5058 Acquire
3495 4986 3595 5041 tibi

2021 5088 2203 5146 dulcia
2220 5087 2400 5150 labia,
2426 5093 2484 5141 et
2510 5083 2743 5140 habebis
2786 5096 2979 5137 omnes
3008 5080 3238 5137 amicos.
3276 5079 3355 5135 Ne
3391 5078 3599 5151 glorie-

2023 5184 2101 5239 ris
2138 5198 2381 5253 unquam
2429 5182 2485 5237 in
2518 5180 2684 5236 bonis
2717 5178 2984 5253 operibus
3006 5177 3137 5243 tuis,
3184 5192 3253 5232 ne
3304 5177 3363 5231 in
3411 5177 3597 5247 lingua

2024 5285 2117 5332 tua
2162 5274 2544 5330 confundaris.
2572 5271 2890 5339 Quamlibet
2928 5286 3042 5325 rem
3072 5270 3127 5324 in
3175 5285 3283 5339 qua
3330 5269 3598 5340 gloriatur

2027 5370 2212 5433 homo,
2271 5369 2414 5422 Deus
2457 5365 2678 5421 alterari
2710 5363 2982 5433 permittit
3035 5372 3096 5417 ut
3140 5360 3465 5416 humilietur
3496 5360 3598 5413 lio-

2026 5474 2162 5514 mo:
2211 5469 2266 5514 et
2307 5459 2494 5513 omnia
2545 5454 2897 5512 Providentia
2943 5453 3130 5508 divina
3176 5451 3468 5523 permittit.
3520 5450 3597 5505 Ne

2019 5747 2134 5874 lica;
2168 5747 2238 5828 ita
2273 5745 2481 5801 indicat
2517 5745 2626 5800 vim
2657 5742 2977 5814 passionum
3018 5751 3073 5796 ct
3113 5736 3323 5799 vitiosas
3363 5745 3599 5789 consue-

2021 5827 2076 5872 tu
2123 5834 2247 5873 ints.

2021 5827 2247 5873 tudinis.
