  <div class='ocr_page' id='page_1' title='image "/cluster/home/n/w/nwhite01/storage/ocr_20150623/86:1/hvd.32044019208909/419.png"; bbox 0 0 4102 6568; ppageno 0'>
   <div class='ocr_carea' id='block_1_1' title="bbox 485 456 590 522">
    <p class='ocr_par' dir='ltr' id='par_1_1' title="bbox 485 456 590 522">
     <span class='ocr_line' id='line_1_1' title="bbox 485 456 590 522; baseline 0.038 -4"><span class='ocrx_word' id='word_1_1' title='bbox 485 456 590 522; x_wconf 73' lang='lat'><strong>823</strong></span> 
     </span>
    </p>
   </div>
   <div class='ocr_carea' id='block_1_2' title="bbox 1855 458 2415 523">
    <p class='ocr_par' dir='ltr' id='par_1_2' title="bbox 1855 458 2415 523">
     <span class='ocr_line' id='line_1_2' title="bbox 1855 458 2415 523; baseline -0.004 0"><span class='ocrx_word' id='word_1_2' title='bbox 1855 463 1918 523; x_wconf 93' lang='lat' dir='ltr'><strong>S.</strong></span> <span class='ocrx_word' id='word_1_3' title='bbox 1957 458 2204 520; x_wconf 80' lang='lat' dir='ltr'><strong>ISAACI</strong></span> <span class='ocrx_word' id='word_1_4' title='bbox 2242 460 2415 521; x_wconf 84' lang='lat' dir='ltr'><strong>SYRI</strong></span> 
     </span>
    </p>
   </div>
   <div class='ocr_carea' id='block_1_3' title="bbox 3639 457 3745 520">
    <p class='ocr_par' dir='ltr' id='par_1_3' title="bbox 3639 457 3745 520">
     <span class='ocr_line' id='line_1_3' title="bbox 3639 457 3745 520; baseline -0.019 0"><span class='ocrx_word' id='word_1_5' title='bbox 3639 457 3745 520; x_wconf 62' lang='grc'><strong>824</strong></span> 
     </span>
    </p>
   </div>
   <div class='ocr_carea' id='block_1_4' title="bbox 485 569 3746 644">
    <p class='ocr_par' dir='ltr' id='par_1_4' title="bbox 485 569 3746 644">
     <span class='ocr_line' id='line_1_4' title="bbox 485 569 3746 644; baseline -0.002 -18"><span class='ocrx_word' id='word_1_6' title='bbox 485 571 702 635; x_wconf 90' lang='lat' dir='ltr'><strong>credas,</strong></span> <span class='ocrx_word' id='word_1_7' title='bbox 761 571 911 641; x_wconf 91' lang='lat' dir='ltr'><strong>quod</strong></span> <span class='ocrx_word' id='word_1_8' title='bbox 945 573 1018 627; x_wconf 89' lang='lat' dir='ltr'><strong>sit</strong></span> <span class='ocrx_word' id='word_1_9' title='bbox 1067 573 1164 627; x_wconf 89' lang='lat' dir='ltr'><strong>tibi</strong></span> <span class='ocrx_word' id='word_1_10' title='bbox 1205 572 1413 643; x_wconf 89' lang='lat' dir='ltr'><strong>aliquid</strong></span> <span class='ocrx_word' id='word_1_11' title='bbox 1461 573 1807 630; x_wconf 86' lang='lat' dir='ltr'><strong>inalterabile</strong></span> <span class='ocrx_word' id='word_1_12' title='bbox 1860 575 1916 629; x_wconf 91' lang='lat' dir='ltr'><strong>in</strong></span> <span class='ocrx_word' id='word_1_13' title='bbox 1959 576 2061 630; x_wconf 88' lang='lat' dir='ltr'><strong>hac</strong></span> <span class='ocrx_word' id='word_1_14' title='bbox 2087 575 2136 630; x_wconf 82' lang='lat' dir='ltr'><strong>A</strong></span> <span class='ocrx_word' id='word_1_15' title='bbox 2164 583 2220 628; x_wconf 87' lang='lat' dir='ltr'><strong>et</strong></span> <span class='ocrx_word' id='word_1_16' title='bbox 2253 576 2520 629; x_wconf 93' lang='lat' dir='ltr'><strong>transitus</strong></span> <span class='ocrx_word' id='word_1_17' title='bbox 2551 573 2636 629; x_wconf 92' lang='lat' dir='ltr'><strong>sui</strong></span> <span class='ocrx_word' id='word_1_18' title='bbox 2667 573 2892 630; x_wconf 85' lang='lat' dir='ltr'><strong>modum</strong></span> <span class='ocrx_word' id='word_1_19' title='bbox 2937 572 3314 644; x_wconf 82' lang='lat' dir='ltr'><strong>exponebant.</strong></span> <span class='ocrx_word' id='word_1_20' title='bbox 3347 571 3416 627; x_wconf 87' lang='lat' dir='ltr'><strong>Ut</strong></span> <span class='ocrx_word' id='word_1_21' title='bbox 3445 569 3578 640; x_wconf 84' lang='lat' dir='ltr'><strong>quid</strong></span> <span class='ocrx_word' id='word_1_22' title='bbox 3613 585 3746 638; x_wconf 80' lang='lat' dir='ltr'><strong>ergo</strong></span> 
     </span>
    </p>
   </div>
   <div class='ocr_carea' id='block_1_5' title="bbox 484 664 2061 738">
    <p class='ocr_par' dir='ltr' id='par_1_5' title="bbox 484 664 2061 738">
     <span class='ocr_line' id='line_1_5' title="bbox 484 664 2061 738; baseline 0.004 -22"><span class='ocrx_word' id='word_1_23' title='bbox 484 664 598 717; x_wconf 81' lang='lat' dir='ltr'><strong>vita</strong></span> <span class='ocrx_word' id='word_1_24' title='bbox 633 680 646 716; x_wconf 86' lang='lat'><strong>:</strong></span> <span class='ocrx_word' id='word_1_25' title='bbox 680 664 803 718; x_wconf 91' lang='lat' dir='ltr'><strong>talis</strong></span> <span class='ocrx_word' id='word_1_26' title='bbox 847 673 1032 718; x_wconf 91' lang='lat' dir='ltr'><strong>autem</strong></span> <span class='ocrx_word' id='word_1_27' title='bbox 1079 664 1312 720; x_wconf 75' lang='lat' dir='ltr'><strong>allectus</strong></span> <span class='ocrx_word' id='word_1_28' title='bbox 1339 674 1462 720; x_wconf 91' lang='lat' dir='ltr'><strong>tuos</strong></span> <span class='ocrx_word' id='word_1_29' title='bbox 1497 667 1694 723; x_wconf 90' lang='lat' dir='ltr'><strong>oculos</strong></span> <span class='ocrx_word' id='word_1_30' title='bbox 1737 683 1958 738; x_wconf 85' lang='lat' dir='ltr'><strong>semper</strong></span> <span class='ocrx_word' id='word_1_31' title='bbox 1993 668 2061 722; x_wconf 91' lang='lat' dir='ltr'><strong>ad</strong></span> 
     </span>
    </p>
   </div>
   <div class='ocr_carea' id='block_1_6' title="bbox 485 756 932 812">
    <p class='ocr_par' dir='ltr' id='par_1_6' title="bbox 485 756 932 812">
     <span class='ocr_line' id='line_1_6' title="bbox 485 756 932 812; baseline -0.002 -1"><span class='ocrx_word' id='word_1_32' title='bbox 485 756 656 811; x_wconf 90' lang='lat' dir='ltr'><strong>Deum</strong></span> <span class='ocrx_word' id='word_1_33' title='bbox 684 757 932 812; x_wconf 74' lang='lat' dir='ltr'><strong>extollat.</strong></span> 
     </span>
    </p>
   </div>
   <div class='ocr_carea' id='block_1_7' title="bbox 552 847 2062 919">
    <p class='ocr_par' dir='ltr' id='par_1_7' title="bbox 552 847 2062 919">
     <span class='ocr_line' id='line_1_7' title="bbox 552 847 2062 919; baseline 0.002 -16"><span class='ocrx_word' id='word_1_34' title='bbox 552 847 834 903; x_wconf 86' lang='lat' dir='ltr'><strong>Protectio</strong></span> <span class='ocrx_word' id='word_1_35' title='bbox 864 848 958 903; x_wconf 85' lang='lat' dir='ltr'><strong>Dei</strong></span> <span class='ocrx_word' id='word_1_36' title='bbox 986 857 1043 904; x_wconf 91' lang='lat' dir='ltr'><strong>et</strong></span> <span class='ocrx_word' id='word_1_37' title='bbox 1092 849 1441 919; x_wconf 79' lang='lat' dir='ltr'><strong>providentia</strong></span> <span class='ocrx_word' id='word_1_38' title='bbox 1481 861 1675 906; x_wconf 90' lang='lat' dir='ltr'><strong>contra</strong></span> <span class='ocrx_word' id='word_1_39' title='bbox 1723 866 1918 906; x_wconf 89' lang='lat' dir='ltr'><strong>omnes</strong></span> <span class='ocrx_word' id='word_1_40' title='bbox 1959 853 2062 906; x_wconf 83' lang='lat' dir='ltr'><strong>ho-</strong></span> 
     </span>
    </p>
   </div>
   <div class='ocr_carea' id='block_1_8' title="bbox 485 939 2064 1013">
    <p class='ocr_par' dir='ltr' id='par_1_8' title="bbox 485 939 2064 1013">
     <span class='ocr_line' id='line_1_8' title="bbox 485 939 2064 1013; baseline 0.002 -21"><span class='ocrx_word' id='word_1_41' title='bbox 485 939 663 994; x_wconf 87' lang='lat' dir='ltr'><strong>mines</strong></span> <span class='ocrx_word' id='word_1_42' title='bbox 688 947 794 1003; x_wconf 90' lang='lat' dir='ltr'><strong>est,</strong></span> <span class='ocrx_word' id='word_1_43' title='bbox 824 955 928 996; x_wconf 90' lang='lat' dir='ltr'><strong>nec</strong></span> <span class='ocrx_word' id='word_1_44' title='bbox 955 941 1179 996; x_wconf 90' lang='lat' dir='ltr'><strong>videtur</strong></span> <span class='ocrx_word' id='word_1_45' title='bbox 1201 943 1310 998; x_wconf 84' lang='lat' dir='ltr'><strong>nisi</strong></span> <span class='ocrx_word' id='word_1_46' title='bbox 1341 943 1412 998; x_wconf 88' lang='lat' dir='ltr'><strong>ab</strong></span> <span class='ocrx_word' id='word_1_47' title='bbox 1443 943 1530 999; x_wconf 90' lang='lat' dir='ltr'><strong>bis</strong></span> <span class='ocrx_word' id='word_1_48' title='bbox 1560 944 1656 1013; x_wconf 77' lang='lat' dir='ltr'><strong>qui</strong></span> <span class='ocrx_word' id='word_1_49' title='bbox 1687 952 2064 1013; x_wconf 89' lang='lat' dir='ltr'><strong>purgaverunt</strong></span> 
     </span>
    </p>
   </div>
   <div class='ocr_carea' id='block_1_9' title="bbox 485 1033 2065 1102">
    <p class='ocr_par' dir='ltr' id='par_1_9' title="bbox 485 1033 2065 1102">
     <span class='ocr_line' id='line_1_9' title="bbox 485 1033 2065 1102; baseline 0.003 -18"><span class='ocrx_word' id='word_1_50' title='bbox 485 1033 869 1102; x_wconf 88' lang='lat' dir='ltr'><strong>semetipsosa</strong></span> <span class='ocrx_word' id='word_1_51' title='bbox 908 1041 1158 1102; x_wconf 88' lang='lat' dir='ltr'><strong>peccato,</strong></span> <span class='ocrx_word' id='word_1_52' title='bbox 1204 1043 1262 1090; x_wconf 92' lang='lat' dir='ltr'><strong>et</strong></span> <span class='ocrx_word' id='word_1_53' title='bbox 1315 1037 1737 1092; x_wconf 83' lang='lat' dir='ltr'><strong>meditationem</strong></span> <span class='ocrx_word' id='word_1_54' title='bbox 1784 1037 1991 1091; x_wconf 87' lang='lat' dir='ltr'><strong>habent</strong></span> <span class='ocrx_word' id='word_1_55' title='bbox 2033 1050 2065 1089; x_wconf 90' lang='lat' dir='ltr'><strong>a</strong></span> 
     </span>
    </p>
   </div>
   <div class='ocr_carea' id='block_1_10' title="bbox 487 1122 2065 1198">
    <p class='ocr_par' dir='ltr' id='par_1_10' title="bbox 487 1122 2065 1198">
     <span class='ocr_line' id='line_1_10' title="bbox 487 1122 2065 1198; baseline 0.003 -22"><span class='ocrx_word' id='word_1_56' title='bbox 487 1122 621 1178; x_wconf 92' lang='lat' dir='ltr'><strong>Deo.</strong></span> <span class='ocrx_word' id='word_1_57' title='bbox 674 1124 1001 1193; x_wconf 88' lang='lat' dir='ltr'><strong>Specialiter</strong></span> <span class='ocrx_word' id='word_1_58' title='bbox 1049 1135 1232 1182; x_wconf 86' lang='lat' dir='ltr'><strong>autem</strong></span> <span class='ocrx_word' id='word_1_59' title='bbox 1295 1129 1683 1183; x_wconf 78' lang='lat' dir='ltr'><strong>manifestatur</strong></span> <span class='ocrx_word' id='word_1_60' title='bbox 1728 1129 1816 1182; x_wconf 86' lang='lat' dir='ltr'><strong>his</strong></span> <span class='ocrx_word' id='word_1_61' title='bbox 1877 1126 2065 1198; x_wconf 90' lang='lat' dir='ltr'><strong>provi-</strong></span> 
     </span>
    </p>
   </div>
   <div class='ocr_carea' id='block_1_11' title="bbox 487 1214 2062 1292">
    <p class='ocr_par' dir='ltr' id='par_1_11' title="bbox 487 1214 2062 1292">
     <span class='ocr_line' id='line_1_11' title="bbox 487 1214 2062 1292; baseline 0.003 -24"><span class='ocrx_word' id='word_1_62' title='bbox 487 1214 677 1269; x_wconf 89' lang='lat' dir='ltr'><strong>dentia</strong></span> <span class='ocrx_word' id='word_1_63' title='bbox 696 1215 817 1280; x_wconf 89' lang='lat' dir='ltr'><strong>Dei,</strong></span> <span class='ocrx_word' id='word_1_64' title='bbox 849 1216 943 1285; x_wconf 88' lang='lat' dir='ltr'><strong>qui</strong></span> <span class='ocrx_word' id='word_1_65' title='bbox 975 1233 1077 1286; x_wconf 92' lang='lat' dir='ltr'><strong>pro</strong></span> <span class='ocrx_word' id='word_1_66' title='bbox 1095 1218 1208 1273; x_wconf 92' lang='lat' dir='ltr'><strong>Deo</strong></span> <span class='ocrx_word' id='word_1_67' title='bbox 1235 1219 1488 1276; x_wconf 88' lang='lat' dir='ltr'><strong>incidunt</strong></span> <span class='ocrx_word' id='word_1_68' title='bbox 1514 1221 1567 1274; x_wconf 87' lang='lat' dir='ltr'><strong>in</strong></span> <span class='ocrx_word' id='word_1_69' title='bbox 1598 1237 1852 1292; x_wconf 86' lang='lat' dir='ltr'><strong>magnam</strong></span> <span class='ocrx_word' id='word_1_70' title='bbox 1883 1229 2062 1274; x_wconf 72' lang='lat' dir='ltr'><strong>tenta~</strong></span> 
     </span>
    </p>
   </div>
   <div class='ocr_carea' id='block_1_12' title="bbox 489 1304 2063 1379">
    <p class='ocr_par' dir='ltr' id='par_1_12' title="bbox 489 1304 2063 1379">
     <span class='ocr_line' id='line_1_12' title="bbox 489 1304 2063 1379; baseline 0.003 -21"><span class='ocrx_word' id='word_1_71' title='bbox 489 1304 695 1360; x_wconf 86' lang='lat' dir='ltr'><strong>tionem</strong></span> <span class='ocrx_word' id='word_1_72' title='bbox 729 1320 742 1358; x_wconf 91' lang='lat'><strong>:</strong></span> <span class='ocrx_word' id='word_1_73' title='bbox 784 1313 919 1361; x_wconf 89' lang='lat' dir='ltr'><strong>tunc</strong></span> <span class='ocrx_word' id='word_1_74' title='bbox 944 1307 1120 1376; x_wconf 91' lang='lat' dir='ltr'><strong>ipsam</strong></span> <span class='ocrx_word' id='word_1_75' title='bbox 1157 1308 1409 1364; x_wconf 89' lang='lat' dir='ltr'><strong>sentiunt</strong></span> <span class='ocrx_word' id='word_1_76' title='bbox 1437 1316 1494 1363; x_wconf 92' lang='lat' dir='ltr'><strong>et</strong></span> <span class='ocrx_word' id='word_1_77' title='bbox 1529 1310 1691 1379; x_wconf 88' lang='lat' dir='ltr'><strong>quasi</strong></span> <span class='ocrx_word' id='word_1_78' title='bbox 1729 1309 1910 1364; x_wconf 89' lang='lat' dir='ltr'><strong>oculis</strong></span> <span class='ocrx_word' id='word_1_79' title='bbox 1935 1323 2063 1362; x_wconf 89' lang='lat' dir='ltr'><strong>cor-</strong></span> 
     </span>
    </p>
   </div>
   <div class='ocr_carea' id='block_1_13' title="bbox 487 1395 2064 1469">
    <p class='ocr_par' dir='ltr' id='par_1_13' title="bbox 487 1395 2064 1469">
     <span class='ocr_line' id='line_1_13' title="bbox 487 1395 2064 1469; baseline 0.003 -21"><span class='ocrx_word' id='word_1_80' title='bbox 487 1395 642 1463; x_wconf 88' lang='lat' dir='ltr'><strong>poris</strong></span> <span class='ocrx_word' id='word_1_81' title='bbox 660 1405 909 1466; x_wconf 90' lang='lat' dir='ltr'><strong>apparet,</strong></span> <span class='ocrx_word' id='word_1_82' title='bbox 928 1397 1135 1466; x_wconf 89' lang='lat' dir='ltr'><strong>quibus</strong></span> <span class='ocrx_word' id='word_1_83' title='bbox 1155 1398 1350 1454; x_wconf 86' lang='lat' dir='ltr'><strong>vident</strong></span> <span class='ocrx_word' id='word_1_84' title='bbox 1379 1413 1500 1452; x_wconf 91' lang='lat' dir='ltr'><strong>eam</strong></span> <span class='ocrx_word' id='word_1_85' title='bbox 1518 1400 1675 1469; x_wconf 79' lang='lat' dir='ltr'><strong>juxta</strong></span> <span class='ocrx_word' id='word_1_86' title='bbox 1691 1399 2064 1468; x_wconf 87' lang='lat' dir='ltr'><strong>quantitatem</strong></span> 
     </span>
    </p>
   </div>
   <div class='ocr_carea' id='block_1_14' title="bbox 485 1487 2063 1558">
    <p class='ocr_par' dir='ltr' id='par_1_14' title="bbox 485 1487 2063 1558">
     <span class='ocr_line' id='line_1_14' title="bbox 485 1487 2063 1558; baseline 0.003 -19"><span class='ocrx_word' id='word_1_87' title='bbox 485 1494 544 1539; x_wconf 90' lang='lat' dir='ltr'><strong>et</strong></span> <span class='ocrx_word' id='word_1_88' title='bbox 572 1500 762 1541; x_wconf 90' lang='lat' dir='ltr'><strong>curam</strong></span> <span class='ocrx_word' id='word_1_89' title='bbox 781 1487 1154 1558; x_wconf 88' lang='lat' dir='ltr'><strong>contingentis</strong></span> <span class='ocrx_word' id='word_1_90' title='bbox 1175 1489 1520 1553; x_wconf 89' lang='lat' dir='ltr'><strong>tentationis,</strong></span> <span class='ocrx_word' id='word_1_91' title='bbox 1555 1500 1615 1544; x_wconf 92' lang='lat' dir='ltr'><strong>ut</strong></span> <span class='ocrx_word' id='word_1_92' title='bbox 1643 1490 1710 1544; x_wconf 92' lang='lat' dir='ltr'><strong>ad</strong></span> <span class='ocrx_word' id='word_1_93' title='bbox 1739 1491 2063 1545; x_wconf 78' lang='lat' dir='ltr'><strong>extremita-</strong></span> 
     </span>
    </p>
   </div>
   <div class='ocr_carea' id='block_1_15' title="bbox 489 1581 2062 1652">
    <p class='ocr_par' dir='ltr' id='par_1_15' title="bbox 489 1581 2062 1652">
     <span class='ocr_line' id='line_1_15' title="bbox 489 1581 2062 1652; baseline 0.004 -20"><span class='ocrx_word' id='word_1_94' title='bbox 489 1583 599 1632; x_wconf 84' lang='lat' dir='ltr'><strong>tem</strong></span> <span class='ocrx_word' id='word_1_95' title='bbox 630 1587 967 1650; x_wconf 86' lang='lat' dir='ltr'><strong>pugnatores</strong></span> <span class='ocrx_word' id='word_1_96' title='bbox 994 1581 1209 1652; x_wconf 83' lang='lat' dir='ltr'><strong>jungat,</strong></span> <span class='ocrx_word' id='word_1_97' title='bbox 1265 1581 1409 1636; x_wconf 87' lang='lat' dir='ltr'><strong>sicut</strong></span> <span class='ocrx_word' id='word_1_98' title='bbox 1436 1582 1492 1635; x_wconf 92' lang='lat' dir='ltr'><strong>in</strong></span> <span class='ocrx_word' id='word_1_99' title='bbox 1540 1582 1664 1647; x_wconf 83' lang='lat' dir='ltr'><strong>Job,</strong></span> <span class='ocrx_word' id='word_1_100' title='bbox 1710 1583 1841 1637; x_wconf 84' lang='lat' dir='ltr'><strong>Jesu</strong></span> <span class='ocrx_word' id='word_1_101' title='bbox 1892 1583 2062 1649; x_wconf 87' lang='lat' dir='ltr'><strong>Nave,</strong></span> 
     </span>
    </p>
   </div>
   <div class='ocr_carea' id='block_1_16' title="bbox 489 1669 2067 1744">
    <p class='ocr_par' dir='ltr' id='par_1_16' title="bbox 489 1669 2067 1744">
     <span class='ocr_line' id='line_1_16' title="bbox 489 1669 2067 1744; baseline 0.003 -20"><span class='ocrx_word' id='word_1_102' title='bbox 489 1669 652 1724; x_wconf 90' lang='lat' dir='ltr'><strong>Petro</strong></span> <span class='ocrx_word' id='word_1_103' title='bbox 668 1677 723 1724; x_wconf 93' lang='lat' dir='ltr'><strong>et</strong></span> <span class='ocrx_word' id='word_1_104' title='bbox 748 1670 1046 1737; x_wconf 84' lang='lat' dir='ltr'><strong>similibus,</strong></span> <span class='ocrx_word' id='word_1_105' title='bbox 1075 1673 1280 1742; x_wconf 86' lang='lat' dir='ltr'><strong>quibus</strong></span> <span class='ocrx_word' id='word_1_106' title='bbox 1318 1673 1374 1727; x_wconf 92' lang='lat' dir='ltr'><strong>in</strong></span> <span class='ocrx_word' id='word_1_107' title='bbox 1410 1674 1651 1728; x_wconf 87' lang='lat' dir='ltr'><strong>humana</strong></span> <span class='ocrx_word' id='word_1_108' title='bbox 1682 1674 1867 1743; x_wconf 90' lang='lat' dir='ltr'><strong>specie</strong></span> <span class='ocrx_word' id='word_1_109' title='bbox 1897 1690 2067 1744; x_wconf 79' lang='lat' dir='ltr'><strong>appa-</strong></span> 
     </span>
    </p>
   </div>
   <div class='ocr_carea' id='block_1_17' title="bbox 489 1760 2065 1840">
    <p class='ocr_par' dir='ltr' id='par_1_17' title="bbox 489 1760 2065 1840">
     <span class='ocr_line' id='line_1_17' title="bbox 489 1760 2065 1840; baseline 0.004 -26"><span class='ocrx_word' id='word_1_110' title='bbox 489 1760 646 1815; x_wconf 91' lang='lat' dir='ltr'><strong>rebat</strong></span> <span class='ocrx_word' id='word_1_111' title='bbox 678 1763 1017 1829; x_wconf 78' lang='lat' dir='ltr'><strong>confortans,</strong></span> <span class='ocrx_word' id='word_1_112' title='bbox 1055 1772 1112 1819; x_wconf 93' lang='lat' dir='ltr'><strong>et</strong></span> <span class='ocrx_word' id='word_1_113' title='bbox 1145 1765 1482 1820; x_wconf 81' lang='lat' dir='ltr'><strong>confirmans</strong></span> <span class='ocrx_word' id='word_1_114' title='bbox 1515 1766 1584 1820; x_wconf 89' lang='lat' dir='ltr'><strong>ad</strong></span> <span class='ocrx_word' id='word_1_115' title='bbox 1610 1765 1797 1821; x_wconf 84' lang='lat' dir='ltr'><strong>fidem.</strong></span> <span class='ocrx_word' id='word_1_116' title='bbox 1845 1766 1902 1840; x_wconf 75' lang='lat' dir='ltr'><strong>Si</strong></span> <span class='ocrx_word' id='word_1_117' title='bbox 1933 1782 2065 1821; x_wconf 88' lang='lat' dir='ltr'><strong>vero</strong></span> 
     </span>
    </p>
   </div>
   <div class='ocr_carea' id='block_1_18' title="bbox 487 1853 2062 1929">
    <p class='ocr_par' dir='ltr' id='par_1_18' title="bbox 487 1853 2062 1929">
     <span class='ocr_line' id='line_1_18' title="bbox 487 1853 2062 1929; baseline 0.005 -23"><span class='ocrx_word' id='word_1_118' title='bbox 487 1853 694 1908; x_wconf 84' lang='lat' dir='ltr'><strong>sanctis</strong></span> <span class='ocrx_word' id='word_1_119' title='bbox 727 1854 818 1910; x_wconf 90' lang='lat' dir='ltr'><strong>hic</strong></span> <span class='ocrx_word' id='word_1_120' title='bbox 846 1855 1256 1926; x_wconf 91' lang='lat' dir='ltr'><strong>dispensatorie</strong></span> <span class='ocrx_word' id='word_1_121' title='bbox 1283 1857 1472 1913; x_wconf 90' lang='lat' dir='ltr'><strong>datum</strong></span> <span class='ocrx_word' id='word_1_122' title='bbox 1506 1859 1632 1924; x_wconf 93' lang='lat' dir='ltr'><strong>fuit,</strong></span> <span class='ocrx_word' id='word_1_123' title='bbox 1685 1875 1809 1913; x_wconf 91' lang='lat' dir='ltr'><strong>cum</strong></span> <span class='ocrx_word' id='word_1_124' title='bbox 1847 1860 2062 1929; x_wconf 88' lang='lat' dir='ltr'><strong>specia-</strong></span> 
     </span>
    </p>
   </div>
   <div class='ocr_carea' id='block_1_19' title="bbox 488 1944 2066 2020">
    <p class='ocr_par' dir='ltr' id='par_1_19' title="bbox 488 1944 2066 2020">
     <span class='ocr_line' id='line_1_19' title="bbox 488 1944 2066 2020; baseline 0.006 -22"><span class='ocrx_word' id='word_1_125' title='bbox 488 1944 617 1999; x_wconf 90' lang='lat' dir='ltr'><strong>liter</strong></span> <span class='ocrx_word' id='word_1_126' title='bbox 640 1949 1078 2015; x_wconf 89' lang='lat' dir='ltr'><strong>promeruissent</strong></span> <span class='ocrx_word' id='word_1_127' title='bbox 1117 1950 1435 2020; x_wconf 76' lang='lat' dir='ltr'><strong>Itujusmodi</strong></span> <span class='ocrx_word' id='word_1_128' title='bbox 1467 1952 1712 2007; x_wconf 90' lang='lat' dir='ltr'><strong>visiones</strong></span> <span class='ocrx_word' id='word_1_129' title='bbox 1742 1969 1754 2004; x_wconf 92' lang='lat'>:</span> <span class='ocrx_word' id='word_1_130' title='bbox 1803 1952 1858 2005; x_wconf 91' lang='lat' dir='ltr'><strong>in</strong></span> <span class='ocrx_word' id='word_1_131' title='bbox 1888 1961 2066 2010; x_wconf 88' lang='lat' dir='ltr'><strong>tenta-</strong></span> 
     </span>
    </p>
   </div>
   <div class='ocr_carea' id='block_1_20' title="bbox 488 2033 2069 2114">
    <p class='ocr_par' dir='ltr' id='par_1_20' title="bbox 488 2033 2069 2114">
     <span class='ocr_line' id='line_1_20' title="bbox 488 2033 2069 2114; baseline 0.006 -26"><span class='ocrx_word' id='word_1_132' title='bbox 488 2033 737 2092; x_wconf 90' lang='lat' dir='ltr'><strong>tionibus</strong></span> <span class='ocrx_word' id='word_1_133' title='bbox 759 2037 874 2092; x_wconf 90' lang='lat' dir='ltr'><strong>sint</strong></span> <span class='ocrx_word' id='word_1_134' title='bbox 892 2038 1073 2094; x_wconf 90' lang='lat' dir='ltr'><strong>tibiad</strong></span> <span class='ocrx_word' id='word_1_135' title='bbox 1092 2040 1449 2096; x_wconf 89' lang='lat' dir='ltr'><strong>fortitudinis</strong></span> <span class='ocrx_word' id='word_1_136' title='bbox 1463 2042 1776 2111; x_wconf 85' lang='lat' dir='ltr'><strong>exemplum</strong></span> <span class='ocrx_word' id='word_1_137' title='bbox 1799 2053 2069 2114; x_wconf 81' lang='lat' dir='ltr'><strong>martyres</strong></span> 
     </span>
    </p>
   </div>
   <div class='ocr_carea' id='block_1_21' title="bbox 485 2124 2085 2214">
    <p class='ocr_par' dir='ltr' id='par_1_21' title="bbox 485 2124 2085 2214">
     <span class='ocr_line' id='line_1_21' title="bbox 485 2124 2085 2214; baseline 0.005 -34"><span class='ocrx_word' id='word_1_138' title='bbox 485 2124 728 2194; x_wconf 86' lang='lat' dir='ltr'><strong>Christi,</strong></span> <span class='ocrx_word' id='word_1_139' title='bbox 769 2145 1006 2199; x_wconf 86' lang='lat' dir='ltr'><strong>quorum</strong></span> <span class='ocrx_word' id='word_1_140' title='bbox 1046 2133 1208 2186; x_wconf 92' lang='lat' dir='ltr'><strong>multi</strong></span> <span class='ocrx_word' id='word_1_141' title='bbox 1243 2133 1528 2190; x_wconf 92' lang='lat' dir='ltr'><strong>multoties</strong></span> <span class='ocrx_word' id='word_1_142' title='bbox 1570 2143 1666 2189; x_wconf 92' lang='lat' dir='ltr'><strong>aut</strong></span> <span class='ocrx_word' id='word_1_143' title='bbox 1711 2134 2085 2214; x_wconf 40' lang='lat' dir='ltr'><strong>singulariter.</strong></span> 
     </span>
    </p>
   </div>
   <div class='ocr_carea' id='block_1_22' title="bbox 489 2222 2068 2284">
    <p class='ocr_par' dir='ltr' id='par_1_22' title="bbox 489 2222 2068 2284">
     <span class='ocr_line' id='line_1_22' title="bbox 489 2222 2068 2284; baseline 0.005 -12"><span class='ocrx_word' id='word_1_144' title='bbox 489 2232 654 2284; x_wconf 90' lang='lat' dir='ltr'><strong>unus,</strong></span> <span class='ocrx_word' id='word_1_145' title='bbox 686 2228 743 2275; x_wconf 86' lang='lat' dir='ltr'><strong>et</strong></span> <span class='ocrx_word' id='word_1_146' title='bbox 774 2237 920 2277; x_wconf 91' lang='lat' dir='ltr'><strong>unus</strong></span> <span class='ocrx_word' id='word_1_147' title='bbox 954 2222 1011 2277; x_wconf 89' lang='lat' dir='ltr'><strong>in</strong></span> <span class='ocrx_word' id='word_1_148' title='bbox 1044 2226 1233 2280; x_wconf 90' lang='lat' dir='ltr'><strong>multis</strong></span> <span class='ocrx_word' id='word_1_149' title='bbox 1262 2225 1400 2280; x_wconf 89' lang='lat' dir='ltr'><strong>locis</strong></span> <span class='ocrx_word' id='word_1_150' title='bbox 1428 2235 1787 2282; x_wconf 90' lang='lat' dir='ltr'><strong>certaverunt</strong></span> <span class='ocrx_word' id='word_1_151' title='bbox 1826 2226 1881 2280; x_wconf 90' lang='lat' dir='ltr'><strong>in</strong></span> <span class='ocrx_word' id='word_1_152' title='bbox 1907 2225 2068 2281; x_wconf 86' lang='lat' dir='ltr'><strong>Chri-</strong></span> 
     </span>
    </p>
   </div>
   <div class='ocr_carea' id='block_1_23' title="bbox 487 2312 2070 2386">
    <p class='ocr_par' dir='ltr' id='par_1_23' title="bbox 487 2312 2070 2386">
     <span class='ocr_line' id='line_1_23' title="bbox 487 2312 2070 2386; baseline 0.006 -22"><span class='ocrx_word' id='word_1_153' title='bbox 487 2318 596 2375; x_wconf 86' lang='lat' dir='ltr'><strong>sto,</strong></span> <span class='ocrx_word' id='word_1_154' title='bbox 628 2319 688 2366; x_wconf 90' lang='lat' dir='ltr'><strong>et</strong></span> <span class='ocrx_word' id='word_1_155' title='bbox 716 2312 772 2367; x_wconf 93' lang='lat' dir='ltr'><strong>in</strong></span> <span class='ocrx_word' id='word_1_156' title='bbox 795 2316 1019 2370; x_wconf 88' lang='lat' dir='ltr'><strong>occulta</strong></span> <span class='ocrx_word' id='word_1_157' title='bbox 1056 2316 1263 2371; x_wconf 91' lang='lat' dir='ltr'><strong>virtute</strong></span> <span class='ocrx_word' id='word_1_158' title='bbox 1294 2331 1422 2386; x_wconf 67' lang='lat' dir='ltr'><strong>quae</strong></span> <span class='ocrx_word' id='word_1_159' title='bbox 1446 2318 1502 2372; x_wconf 90' lang='lat' dir='ltr'><strong>in</strong></span> <span class='ocrx_word' id='word_1_160' title='bbox 1536 2319 1619 2375; x_wconf 90' lang='lat' dir='ltr'><strong>eis</strong></span> <span class='ocrx_word' id='word_1_161' title='bbox 1652 2326 1792 2382; x_wconf 89' lang='lat' dir='ltr'><strong>erat,</strong></span> <span class='ocrx_word' id='word_1_162' title='bbox 1829 2319 2070 2373; x_wconf 90' lang='lat' dir='ltr'><strong>viriliter</strong></span> 
     </span>
    </p>
   </div>
   <div class='ocr_carea' id='block_1_24' title="bbox 489 2400 2070 2478">
    <p class='ocr_par' dir='ltr' id='par_1_24' title="bbox 489 2400 2070 2478">
     <span class='ocr_line' id='line_1_24' title="bbox 489 2400 2070 2478; baseline 0.003 -23"><span class='ocrx_word' id='word_1_163' title='bbox 489 2400 880 2458; x_wconf 88' lang='lat' dir='ltr'><strong>sustinuerunt</strong></span> <span class='ocrx_word' id='word_1_164' title='bbox 919 2405 976 2460; x_wconf 91' lang='lat' dir='ltr'><strong>in</strong></span> <span class='ocrx_word' id='word_1_165' title='bbox 1029 2407 1196 2461; x_wconf 87' lang='lat' dir='ltr'><strong>luteis</strong></span> <span class='ocrx_word' id='word_1_166' title='bbox 1245 2409 1600 2478; x_wconf 85' lang='lat' dir='ltr'><strong>corporibus,</strong></span> <span class='ocrx_word' id='word_1_167' title='bbox 1644 2423 1866 2478; x_wconf 87' lang='lat' dir='ltr'><strong>campo.</strong></span> <span class='ocrx_word' id='word_1_168' title='bbox 1919 2406 2070 2462; x_wconf 91' lang='lat' dir='ltr'><strong>ferro</strong></span> 
     </span>
    </p>
   </div>
   <div class='ocr_carea' id='block_1_25' title="bbox 490 2493 2072 2568">
    <p class='ocr_par' dir='ltr' id='par_1_25' title="bbox 490 2493 2072 2568">
     <span class='ocr_line' id='line_1_25' title="bbox 490 2493 2072 2568; baseline 0.004 -23"><span class='ocrx_word' id='word_1_169' title='bbox 490 2499 547 2546; x_wconf 91' lang='lat' dir='ltr'><strong>et</strong></span> <span class='ocrx_word' id='word_1_170' title='bbox 569 2493 884 2548; x_wconf 91' lang='lat' dir='ltr'><strong>omnimoda</strong></span> <span class='ocrx_word' id='word_1_171' title='bbox 911 2505 1208 2561; x_wconf 89' lang='lat' dir='ltr'><strong>tormenta,</strong></span> <span class='ocrx_word' id='word_1_172' title='bbox 1255 2513 1370 2552; x_wconf 92' lang='lat' dir='ltr'><strong>rem</strong></span> <span class='ocrx_word' id='word_1_173' title='bbox 1422 2499 1649 2568; x_wconf 88' lang='lat' dir='ltr'><strong>quidem</strong></span> <span class='ocrx_word' id='word_1_174' title='bbox 1693 2513 1861 2568; x_wconf 88' lang='lat' dir='ltr'><strong>supra</strong></span> <span class='ocrx_word' id='word_1_175' title='bbox 1909 2507 2072 2552; x_wconf 88' lang='lat' dir='ltr'><strong>natu-</strong></span> 
     </span>
    </p>
   </div>
   <div class='ocr_carea' id='block_1_26' title="bbox 492 2584 2072 2660">
    <p class='ocr_par' dir='ltr' id='par_1_26' title="bbox 492 2584 2072 2660">
     <span class='ocr_line' id='line_1_26' title="bbox 492 2584 2072 2660; baseline 0.004 -22"><span class='ocrx_word' id='word_1_176' title='bbox 492 2598 630 2638; x_wconf 90' lang='lat' dir='ltr'><strong>ram.</strong></span> <span class='ocrx_word' id='word_1_177' title='bbox 666 2584 892 2642; x_wconf 88' lang='lat' dir='ltr'><strong>Talibus</strong></span> <span class='ocrx_word' id='word_1_178' title='bbox 925 2587 1076 2642; x_wconf 89' lang='lat' dir='ltr'><strong>enim</strong></span> <span class='ocrx_word' id='word_1_179' title='bbox 1120 2589 1298 2644; x_wconf 88' lang='lat' dir='ltr'><strong>sancti</strong></span> <span class='ocrx_word' id='word_1_180' title='bbox 1345 2592 1530 2660; x_wconf 81' lang='lat' dir='ltr'><strong>angeli</strong></span> <span class='ocrx_word' id='word_1_181' title='bbox 1581 2590 1878 2646; x_wconf 76' lang='lat' dir='ltr'><strong>visibiliter</strong></span> <span class='ocrx_word' id='word_1_182' title='bbox 1905 2606 2072 2660; x_wconf 86' lang='lat' dir='ltr'><strong>appa-</strong></span> 
     </span>
    </p>
   </div>
   <div class='ocr_carea' id='block_1_27' title="bbox 493 2674 2071 2753">
    <p class='ocr_par' dir='ltr' id='par_1_27' title="bbox 493 2674 2071 2753">
     <span class='ocr_line' id='line_1_27' title="bbox 493 2674 2071 2753; baseline 0.005 -25"><span class='ocrx_word' id='word_1_183' title='bbox 493 2674 710 2742; x_wconf 88' lang='lat' dir='ltr'><strong>rebant,</strong></span> <span class='ocrx_word' id='word_1_184' title='bbox 769 2685 828 2731; x_wconf 92' lang='lat' dir='ltr'><strong>ut</strong></span> <span class='ocrx_word' id='word_1_185' title='bbox 863 2678 1180 2735; x_wconf 89' lang='lat' dir='ltr'><strong>addisceret</strong></span> <span class='ocrx_word' id='word_1_186' title='bbox 1221 2682 1477 2752; x_wconf 85' lang='lat' dir='ltr'><strong>quilibet,</strong></span> <span class='ocrx_word' id='word_1_187' title='bbox 1531 2682 1678 2753; x_wconf 92' lang='lat' dir='ltr'><strong>quod</strong></span> <span class='ocrx_word' id='word_1_188' title='bbox 1723 2683 2071 2738; x_wconf 85' lang='lat' dir='ltr'><strong>abundanter</strong></span> 
     </span>
    </p>
   </div>
   <div class='ocr_carea' id='block_1_28' title="bbox 493 2765 2071 2845">
    <p class='ocr_par' dir='ltr' id='par_1_28' title="bbox 493 2765 2071 2845">
     <span class='ocr_line' id='line_1_28' title="bbox 493 2765 2071 2845; baseline 0.006 -24"><span class='ocrx_word' id='word_1_189' title='bbox 493 2765 681 2824; x_wconf 89' lang='lat' dir='ltr'><strong>divina</strong></span> <span class='ocrx_word' id='word_1_190' title='bbox 713 2769 1066 2839; x_wconf 85' lang='lat' dir='ltr'><strong>providentia</strong></span> <span class='ocrx_word' id='word_1_191' title='bbox 1105 2774 1430 2842; x_wconf 87' lang='lat' dir='ltr'><strong>proveniret</strong></span> <span class='ocrx_word' id='word_1_192' title='bbox 1469 2775 1540 2829; x_wconf 91' lang='lat' dir='ltr'><strong>ad</strong></span> <span class='ocrx_word' id='word_1_193' title='bbox 1589 2775 1715 2830; x_wconf 90' lang='lat' dir='ltr'><strong>illos</strong></span> <span class='ocrx_word' id='word_1_194' title='bbox 1753 2775 1847 2845; x_wconf 91' lang='lat' dir='ltr'><strong>qui</strong></span> <span class='ocrx_word' id='word_1_195' title='bbox 1890 2774 2071 2831; x_wconf 91' lang='lat' dir='ltr'><strong>modis</strong></span> 
     </span>
    </p>
   </div>
   <div class='ocr_carea' id='block_1_29' title="bbox 492 2859 2069 2923">
    <p class='ocr_par' dir='ltr' id='par_1_29' title="bbox 492 2859 2069 2923">
     <span class='ocr_line' id='line_1_29' title="bbox 492 2859 2069 2923; baseline 0.006 -11"><span class='ocrx_word' id='word_1_196' title='bbox 492 2859 754 2915; x_wconf 88' lang='lat' dir='ltr'><strong>omnibus</strong></span> <span class='ocrx_word' id='word_1_197' title='bbox 785 2861 1062 2917; x_wconf 88' lang='lat' dir='ltr'><strong>sustinent</strong></span> <span class='ocrx_word' id='word_1_198' title='bbox 1095 2879 1316 2920; x_wconf 90' lang='lat' dir='ltr'><strong>omnem</strong></span> <span class='ocrx_word' id='word_1_199' title='bbox 1355 2866 1717 2923; x_wconf 89' lang='lat' dir='ltr'><strong>tentationem</strong></span> <span class='ocrx_word' id='word_1_200' title='bbox 1758 2875 1818 2923; x_wconf 91' lang='lat' dir='ltr'><strong>et</strong></span> <span class='ocrx_word' id='word_1_201' title='bbox 1849 2883 2069 2922; x_wconf 92' lang='lat' dir='ltr'><strong>omnem</strong></span> 
     </span>
    </p>
   </div>
   <div class='ocr_carea' id='block_1_30' title="bbox 495 2952 2068 3029">
    <p class='ocr_par' dir='ltr' id='par_1_30' title="bbox 495 2952 2068 3029">
     <span class='ocr_line' id='line_1_30' title="bbox 495 2952 2068 3029; baseline 0.004 -21"><span class='ocrx_word' id='word_1_202' title='bbox 495 2952 908 3009; x_wconf 87' lang='lat' dir='ltr'><strong>tribulationem</strong></span> <span class='ocrx_word' id='word_1_203' title='bbox 927 2971 1027 3025; x_wconf 91' lang='lat' dir='ltr'><strong>pro</strong></span> <span class='ocrx_word' id='word_1_204' title='bbox 1046 2956 1167 3026; x_wconf 90' lang='lat' dir='ltr'><strong>ipso</strong></span> <span class='ocrx_word' id='word_1_205' title='bbox 1187 2957 1464 3029; x_wconf 90' lang='lat' dir='ltr'><strong>adjutorio</strong></span> <span class='ocrx_word' id='word_1_206' title='bbox 1491 2959 1834 3016; x_wconf 86' lang='lat' dir='ltr'><strong>fortitudinis</strong></span> <span class='ocrx_word' id='word_1_207' title='bbox 1854 2976 2068 3016; x_wconf 91' lang='lat' dir='ltr'><strong>eorum.</strong></span> 
     </span>
    </p>
   </div>
   <div class='ocr_carea' id='block_1_31' title="bbox 490 3043 2068 3120">
    <p class='ocr_par' dir='ltr' id='par_1_31' title="bbox 490 3043 2068 3120">
     <span class='ocr_line' id='line_1_31' title="bbox 490 3043 2068 3120; baseline 0.004 -19"><span class='ocrx_word' id='word_1_208' title='bbox 490 3043 626 3101; x_wconf 85' lang='lat' dir='ltr'><strong>Nam</strong></span> <span class='ocrx_word' id='word_1_209' title='bbox 653 3055 862 3115; x_wconf 90' lang='lat' dir='ltr'><strong>quanto</strong></span> <span class='ocrx_word' id='word_1_210' title='bbox 893 3049 1069 3103; x_wconf 87' lang='lat' dir='ltr'><strong>sancti</strong></span> <span class='ocrx_word' id='word_1_211' title='bbox 1105 3050 1280 3120; x_wconf 88' lang='lat' dir='ltr'><strong>magis</strong></span> <span class='ocrx_word' id='word_1_212' title='bbox 1307 3051 1618 3106; x_wconf 83' lang='lat' dir='ltr'><strong>visionibus</strong></span> <span class='ocrx_word' id='word_1_213' title='bbox 1643 3053 2068 3118; x_wconf 90' lang='lat' dir='ltr'><strong>roborabantur,</strong></span> 
     </span>
    </p>
   </div>
   <div class='ocr_carea' id='block_1_32' title="bbox 494 3138 2069 3217">
    <p class='ocr_par' dir='ltr' id='par_1_32' title="bbox 494 3138 2069 3217">
     <span class='ocr_line' id='line_1_32' title="bbox 494 3138 2069 3217; baseline 0.008 -29"><span class='ocrx_word' id='word_1_214' title='bbox 494 3145 648 3191; x_wconf 90' lang='lat' dir='ltr'><strong>tanto</strong></span> <span class='ocrx_word' id='word_1_215' title='bbox 680 3139 807 3208; x_wconf 92' lang='lat' dir='ltr'><strong>plus</strong></span> <span class='ocrx_word' id='word_1_216' title='bbox 839 3138 1149 3196; x_wconf 88' lang='lat' dir='ltr'><strong>adversarii</strong></span> <span class='ocrx_word' id='word_1_217' title='bbox 1182 3151 1410 3213; x_wconf 91' lang='lat' dir='ltr'><strong>propter</strong></span> <span class='ocrx_word' id='word_1_218' title='bbox 1453 3144 1698 3214; x_wconf 88' lang='lat' dir='ltr'><strong>ipsorum</strong></span> <span class='ocrx_word' id='word_1_219' title='bbox 1745 3145 2069 3217; x_wconf 88' lang='lat' dir='ltr'><strong>patientiam</strong></span> 
     </span>
    </p>
   </div>
   <div class='ocr_carea' id='block_1_33' title="bbox 491 3226 769 3287">
    <p class='ocr_par' dir='ltr' id='par_1_33' title="bbox 491 3226 769 3287">
     <span class='ocr_line' id='line_1_33' title="bbox 491 3226 769 3287; baseline -0.007 0"><span class='ocrx_word' id='word_1_220' title='bbox 491 3226 769 3287; x_wconf 77' lang='lat' dir='ltr'><strong>furebant.</strong></span> 
     </span>
    </p>
   </div>
   <div class='ocr_carea' id='block_1_34' title="bbox 562 3320 2071 3399">
    <p class='ocr_par' dir='ltr' id='par_1_34' title="bbox 562 3320 2071 3399">
     <span class='ocr_line' id='line_1_34' title="bbox 562 3320 2071 3399; baseline 0.006 -25"><span class='ocrx_word' id='word_1_221' title='bbox 562 3320 704 3386; x_wconf 87' lang='lat' dir='ltr'><strong>Quid</strong></span> <span class='ocrx_word' id='word_1_222' title='bbox 739 3337 969 3379; x_wconf 91' lang='lat' dir='ltr'><strong>necesse</strong></span> <span class='ocrx_word' id='word_1_223' title='bbox 999 3335 1084 3382; x_wconf 87' lang='lat' dir='ltr'><strong>est</strong></span> <span class='ocrx_word' id='word_1_224' title='bbox 1112 3326 1304 3384; x_wconf 87' lang='lat' dir='ltr'><strong>dicere</strong></span> <span class='ocrx_word' id='word_1_225' title='bbox 1335 3329 1406 3383; x_wconf 85' lang='lat' dir='ltr'><strong>de</strong></span> <span class='ocrx_word' id='word_1_226' title='bbox 1440 3329 1730 3384; x_wconf 88' lang='lat' dir='ltr'><strong>monachis</strong></span> <span class='ocrx_word' id='word_1_227' title='bbox 1758 3329 2071 3399; x_wconf 83' lang='lat' dir='ltr'><strong>peregrinis</strong></span> 
     </span>
    </p>
   </div>
   <div class='ocr_carea' id='block_1_35' title="bbox 492 3413 2071 3491">
    <p class='ocr_par' dir='ltr' id='par_1_35' title="bbox 492 3413 2071 3491">
     <span class='ocr_line' id='line_1_35' title="bbox 492 3413 2071 3491; baseline 0.009 -28"><span class='ocrx_word' id='word_1_228' title='bbox 492 3419 548 3464; x_wconf 93' lang='lat' dir='ltr'><strong>et</strong></span> <span class='ocrx_word' id='word_1_229' title='bbox 574 3413 948 3491; x_wconf 86' lang='lat' dir='ltr'><strong>anachoretis,</strong></span> <span class='ocrx_word' id='word_1_230' title='bbox 981 3417 1077 3486; x_wconf 91' lang='lat' dir='ltr'><strong>qui</strong></span> <span class='ocrx_word' id='word_1_231' title='bbox 1107 3417 1390 3473; x_wconf 88' lang='lat' dir='ltr'><strong>desertum</strong></span> <span class='ocrx_word' id='word_1_232' title='bbox 1415 3420 1800 3476; x_wconf 87' lang='lat' dir='ltr'><strong>inhabitabant</strong></span> <span class='ocrx_word' id='word_1_233' title='bbox 1835 3430 1893 3477; x_wconf 92' lang='lat' dir='ltr'><strong>et</strong></span> <span class='ocrx_word' id='word_1_234' title='bbox 1921 3422 2071 3477; x_wconf 89' lang='lat' dir='ltr'><strong>fece-</strong></span> 
     </span>
    </p>
   </div>
   <div class='ocr_carea' id='block_1_36' title="bbox 494 3504 2071 3584">
    <p class='ocr_par' dir='ltr' id='par_1_36' title="bbox 494 3504 2071 3584">
     <span class='ocr_line' id='line_1_36' title="bbox 494 3504 2071 3584; baseline 0.009 -29"><span class='ocrx_word' id='word_1_235' title='bbox 494 3511 624 3556; x_wconf 92' lang='lat' dir='ltr'><strong>runt</strong></span> <span class='ocrx_word' id='word_1_236' title='bbox 646 3504 779 3558; x_wconf 88' lang='lat' dir='ltr'><strong>illud</strong></span> <span class='ocrx_word' id='word_1_237' title='bbox 811 3505 1114 3564; x_wconf 90' lang='lat' dir='ltr'><strong>habitabile</strong></span> <span class='ocrx_word' id='word_1_238' title='bbox 1144 3509 1446 3580; x_wconf 90' lang='lat' dir='ltr'><strong>hospitium</strong></span> <span class='ocrx_word' id='word_1_239' title='bbox 1469 3513 1812 3582; x_wconf 81' lang='lat' dir='ltr'><strong>angelorum,</strong></span> <span class='ocrx_word' id='word_1_240' title='bbox 1837 3515 1905 3568; x_wconf 91' lang='lat' dir='ltr'><strong>ad</strong></span> <span class='ocrx_word' id='word_1_241' title='bbox 1932 3530 2071 3584; x_wconf 90' lang='lat' dir='ltr'><strong>quos</strong></span> 
     </span>
    </p>
   </div>
   <div class='ocr_carea' id='block_1_37' title="bbox 494 3597 2072 3674">
    <p class='ocr_par' dir='ltr' id='par_1_37' title="bbox 494 3597 2072 3674">
     <span class='ocr_line' id='line_1_37' title="bbox 494 3597 2072 3674; baseline 0.006 -24"><span class='ocrx_word' id='word_1_242' title='bbox 494 3597 670 3651; x_wconf 84' lang='lat' dir='ltr'><strong>sancti</strong></span> <span class='ocrx_word' id='word_1_243' title='bbox 699 3599 879 3668; x_wconf 83' lang='lat' dir='ltr'><strong>angeli</strong></span> <span class='ocrx_word' id='word_1_244' title='bbox 913 3615 1055 3670; x_wconf 78' lang='lat' dir='ltr'><strong>saepe</strong></span> <span class='ocrx_word' id='word_1_245' title='bbox 1078 3603 1413 3658; x_wconf 89' lang='lat' dir='ltr'><strong>accedebant</strong></span> <span class='ocrx_word' id='word_1_246' title='bbox 1443 3613 1670 3674; x_wconf 87' lang='lat' dir='ltr'><strong>propter</strong></span> <span class='ocrx_word' id='word_1_247' title='bbox 1692 3605 2072 3660; x_wconf 87' lang='lat' dir='ltr'><strong>conversatio-</strong></span> 
     </span>
    </p>
   </div>
   <div class='ocr_carea' id='block_1_38' title="bbox 492 3687 2070 3765">
    <p class='ocr_par' dir='ltr' id='par_1_38' title="bbox 492 3687 2070 3765">
     <span class='ocr_line' id='line_1_38' title="bbox 492 3687 2070 3765; baseline 0.006 -25"><span class='ocrx_word' id='word_1_248' title='bbox 492 3687 580 3741; x_wconf 89' lang='lat' dir='ltr'><strong>nis</strong></span> <span class='ocrx_word' id='word_1_249' title='bbox 615 3703 728 3741; x_wconf 79' lang='lat' dir='ltr'><strong>suae</strong></span> <span class='ocrx_word' id='word_1_250' title='bbox 752 3691 1106 3756; x_wconf 87' lang='lat' dir='ltr'><strong>suavitatem,</strong></span> <span class='ocrx_word' id='word_1_251' title='bbox 1142 3700 1198 3746; x_wconf 91' lang='lat' dir='ltr'><strong>et</strong></span> <span class='ocrx_word' id='word_1_252' title='bbox 1227 3702 1287 3746; x_wconf 93' lang='lat' dir='ltr'><strong>ut</strong></span> <span class='ocrx_word' id='word_1_253' title='bbox 1313 3693 1418 3748; x_wconf 89' lang='lat' dir='ltr'><strong>sub</strong></span> <span class='ocrx_word' id='word_1_254' title='bbox 1462 3695 1627 3749; x_wconf 90' lang='lat' dir='ltr'><strong>unius</strong></span> <span class='ocrx_word' id='word_1_255' title='bbox 1667 3695 1887 3750; x_wconf 91' lang='lat' dir='ltr'><strong>Domini</strong></span> <span class='ocrx_word' id='word_1_256' title='bbox 1938 3711 2070 3765; x_wconf 85' lang='lat' dir='ltr'><strong>pro-</strong></span> 
     </span>
    </p>
   </div>
   <div class='ocr_carea' id='block_1_39' title="bbox 496 3777 2067 3857">
    <p class='ocr_par' dir='ltr' id='par_1_39' title="bbox 496 3777 2067 3857">
     <span class='ocr_line' id='line_1_39' title="bbox 496 3777 2067 3857; baseline 0.004 -23"><span class='ocrx_word' id='word_1_257' title='bbox 496 3780 732 3834; x_wconf 83' lang='lat' dir='ltr'><strong>lectione</strong></span> <span class='ocrx_word' id='word_1_258' title='bbox 745 3781 801 3850; x_wconf 83' lang='lat'><strong>8</strong></span> <span class='ocrx_word' id='word_1_259' title='bbox 817 3783 1031 3846; x_wconf 88' lang='lat' dir='ltr'><strong>statuti,</strong></span> <span class='ocrx_word' id='word_1_260' title='bbox 1056 3783 1293 3840; x_wconf 90' lang='lat' dir='ltr'><strong>invicem</strong></span> <span class='ocrx_word' id='word_1_261' title='bbox 1315 3786 1720 3842; x_wconf 86' lang='lat' dir='ltr'><strong>conveniebant</strong></span> <span class='ocrx_word' id='word_1_262' title='bbox 1737 3787 1805 3842; x_wconf 89' lang='lat' dir='ltr'><strong>ad</strong></span> <span class='ocrx_word' id='word_1_263' title='bbox 1828 3777 2067 3857; x_wconf 88' lang='lat' dir='ltr'><strong>tempus,</strong></span> 
     </span>
    </p>
   </div>
   <div class='ocr_carea' id='block_1_40' title="bbox 493 3872 2067 3941">
    <p class='ocr_par' dir='ltr' id='par_1_40' title="bbox 493 3872 2067 3941">
     <span class='ocr_line' id='line_1_40' title="bbox 493 3872 2067 3941; baseline 0.004 -16"><span class='ocrx_word' id='word_1_264' title='bbox 493 3873 621 3941; x_wconf 87' lang='lat' dir='ltr'><strong>quia</strong></span> <span class='ocrx_word' id='word_1_265' title='bbox 648 3872 909 3929; x_wconf 91' lang='lat' dir='ltr'><strong>omnibus</strong></span> <span class='ocrx_word' id='word_1_266' title='bbox 941 3874 1140 3930; x_wconf 89' lang='lat' dir='ltr'><strong>diebus</strong></span> <span class='ocrx_word' id='word_1_267' title='bbox 1179 3876 1309 3932; x_wconf 68' lang='lat' dir='ltr'><strong>vita:</strong></span> <span class='ocrx_word' id='word_1_268' title='bbox 1362 3893 1475 3933; x_wconf 66' lang='lat' dir='ltr'><strong>suae</strong></span> <span class='ocrx_word' id='word_1_269' title='bbox 1510 3879 1676 3932; x_wconf 90' lang='lat' dir='ltr'><strong>vitam</strong></span> <span class='ocrx_word' id='word_1_270' title='bbox 1721 3879 2067 3934; x_wconf 89' lang='lat' dir='ltr'><strong>eremiticam</strong></span> 
     </span>
    </p>
   </div>
   <div class='ocr_carea' id='block_1_41' title="bbox 493 3965 2067 4041">
    <p class='ocr_par' dir='ltr' id='par_1_41' title="bbox 493 3965 2067 4041">
     <span class='ocr_line' id='line_1_41' title="bbox 493 3965 2067 4041; baseline 0.003 -21"><span class='ocrx_word' id='word_1_271' title='bbox 493 3965 872 4033; x_wconf 77' lang='lat' dir='ltr'><strong>amplexantes</strong></span> <span class='ocrx_word' id='word_1_272' title='bbox 902 4008 916 4031; x_wconf 95' lang='lat'><strong>,</strong></span> <span class='ocrx_word' id='word_1_273' title='bbox 969 3970 1027 4022; x_wconf 87' lang='lat' dir='ltr'><strong>in</strong></span> <span class='ocrx_word' id='word_1_274' title='bbox 1059 3970 1320 4024; x_wconf 81' lang='lat' dir='ltr'><strong>montibus</strong></span> <span class='ocrx_word' id='word_1_275' title='bbox 1351 3979 1400 4024; x_wconf 82' lang='lat' dir='ltr'><strong>et</strong></span> <span class='ocrx_word' id='word_1_276' title='bbox 1441 3970 1702 4041; x_wconf 75' lang='lat' dir='ltr'><strong>speluncis</strong></span> <span class='ocrx_word' id='word_1_277' title='bbox 1731 3981 1779 4025; x_wconf 86' lang='lat' dir='ltr'><strong>et</strong></span> <span class='ocrx_word' id='word_1_278' title='bbox 1827 3973 2067 4025; x_wconf 81' lang='lat' dir='ltr'><strong>cavernis</strong></span> 
     </span>
    </p>
   </div>
   <div class='ocr_carea' id='block_1_42' title="bbox 494 4055 2071 4130">
    <p class='ocr_par' dir='ltr' id='par_1_42' title="bbox 494 4055 2071 4130">
     <span class='ocr_line' id='line_1_42' title="bbox 494 4055 2071 4130; baseline 0.005 -24"><span class='ocrx_word' id='word_1_279' title='bbox 494 4063 651 4108; x_wconf 72' lang='lat' dir='ltr'><strong>terra:</strong></span> <span class='ocrx_word' id='word_1_280' title='bbox 690 4058 712 4088; x_wconf 83' lang='lat'><strong><em>°</em></strong></span> <span class='ocrx_word' id='word_1_281' title='bbox 763 4057 1036 4128; x_wconf 88' lang='lat' dir='ltr'><strong>degebant</strong></span> <span class='ocrx_word' id='word_1_282' title='bbox 1084 4055 1311 4130; x_wconf 81' lang='lat' dir='ltr'><strong>prepter</strong></span> <span class='ocrx_word' id='word_1_283' title='bbox 1370 4062 1726 4117; x_wconf 87' lang='lat' dir='ltr'><strong>dilectionem</strong></span> <span class='ocrx_word' id='word_1_284' title='bbox 1777 4062 2071 4118; x_wconf 87' lang='lat' dir='ltr'><strong>divinam?</strong></span> 
     </span>
    </p>
   </div>
   <div class='ocr_carea' id='block_1_43' title="bbox 493 4145 2061 4220">
    <p class='ocr_par' dir='ltr' id='par_1_43' title="bbox 493 4145 2061 4220">
     <span class='ocr_line' id='line_1_43' title="bbox 493 4145 2061 4220; baseline 0.006 -22"><span class='ocrx_word' id='word_1_285' title='bbox 493 4145 648 4205; x_wconf 88' lang='lat' dir='ltr'><strong>Unde</strong></span> <span class='ocrx_word' id='word_1_286' title='bbox 676 4146 818 4201; x_wconf 89' lang='lat' dir='ltr'><strong>sicut</strong></span> <span class='ocrx_word' id='word_1_287' title='bbox 844 4156 1066 4203; x_wconf 90' lang='lat' dir='ltr'><strong>terrena</strong></span> <span class='ocrx_word' id='word_1_288' title='bbox 1092 4150 1529 4220; x_wconf 85' lang='lat' dir='ltr'><strong>dereliquerunt,</strong></span> <span class='ocrx_word' id='word_1_289' title='bbox 1562 4154 1810 4209; x_wconf 77' lang='lat' dir='ltr'><strong>ccelestia</strong></span> <span class='ocrx_word' id='word_1_290' title='bbox 1849 4153 2061 4208; x_wconf 84' lang='lat' dir='ltr'><strong>dilexe-</strong></span> 
     </span>
    </p>
   </div>
   <div class='ocr_carea' id='block_1_44' title="bbox 494 4240 2070 4318">
    <p class='ocr_par' dir='ltr' id='par_1_44' title="bbox 494 4240 2070 4318">
     <span class='ocr_line' id='line_1_44' title="bbox 494 4240 2070 4318; baseline 0.007 -27"><span class='ocrx_word' id='word_1_291' title='bbox 494 4249 648 4302; x_wconf 88' lang='lat' dir='ltr'><strong>runt,</strong></span> <span class='ocrx_word' id='word_1_292' title='bbox 680 4240 1000 4309; x_wconf 88' lang='lat' dir='ltr'><strong>angelorum</strong></span> <span class='ocrx_word' id='word_1_293' title='bbox 1028 4241 1336 4297; x_wconf 84' lang='lat' dir='ltr'><strong>imitatores</strong></span> <span class='ocrx_word' id='word_1_294' title='bbox 1371 4244 1500 4298; x_wconf 89' lang='lat' dir='ltr'><strong>facti</strong></span> <span class='ocrx_word' id='word_1_295' title='bbox 1529 4254 1659 4299; x_wconf 91' lang='lat' dir='ltr'><strong>sunt</strong></span> <span class='ocrx_word' id='word_1_296' title='bbox 1691 4263 1704 4297; x_wconf 88' lang='lat'><strong>:</strong></span> <span class='ocrx_word' id='word_1_297' title='bbox 1736 4247 1813 4300; x_wconf 87' lang='lat' dir='ltr'><strong>ita</strong></span> <span class='ocrx_word' id='word_1_298' title='bbox 1853 4246 1920 4301; x_wconf 88' lang='lat' dir='ltr'><strong>de</strong></span> <span class='ocrx_word' id='word_1_299' title='bbox 1943 4248 2070 4318; x_wconf 87' lang='lat' dir='ltr'><strong>jure</strong></span> 
     </span>
    </p>
   </div>
   <div class='ocr_carea' id='block_1_45' title="bbox 495 4331 2071 4407">
    <p class='ocr_par' dir='ltr' id='par_1_45' title="bbox 495 4331 2071 4407">
     <span class='ocr_line' id='line_1_45' title="bbox 495 4331 2071 4407; baseline 0.006 -21"><span class='ocrx_word' id='word_1_300' title='bbox 495 4331 675 4401; x_wconf 88' lang='lat' dir='ltr'><strong>angeli</strong></span> <span class='ocrx_word' id='word_1_301' title='bbox 699 4347 851 4386; x_wconf 90' lang='lat' dir='ltr'><strong>suam</strong></span> <span class='ocrx_word' id='word_1_302' title='bbox 875 4335 958 4387; x_wconf 84' lang='lat' dir='ltr'><strong>eis</strong></span> <span class='ocrx_word' id='word_1_303' title='bbox 995 4334 1336 4389; x_wconf 84' lang='lat' dir='ltr'><strong>voluntatem</strong></span> <span class='ocrx_word' id='word_1_304' title='bbox 1369 4352 1477 4389; x_wconf 90' lang='lat' dir='ltr'><strong>non</strong></span> <span class='ocrx_word' id='word_1_305' title='bbox 1506 4338 1939 4407; x_wconf 88' lang='lat' dir='ltr'><strong>absconderunt,</strong></span> <span class='ocrx_word' id='word_1_306' title='bbox 1976 4341 2071 4396; x_wconf 91' lang='lat' dir='ltr'><strong>sed</strong></span> 
     </span>
    </p>
   </div>
   <div class='ocr_carea' id='block_1_46' title="bbox 496 4424 2073 4498">
    <p class='ocr_par' dir='ltr' id='par_1_46' title="bbox 496 4424 2073 4498">
     <span class='ocr_line' id='line_1_46' title="bbox 496 4424 2073 4498; baseline 0.005 -18"><span class='ocrx_word' id='word_1_307' title='bbox 496 4424 564 4480; x_wconf 87' lang='lat' dir='ltr'><strong>ad</strong></span> <span class='ocrx_word' id='word_1_308' title='bbox 591 4433 808 4495; x_wconf 89' lang='lat' dir='ltr'><strong>tempus</strong></span> <span class='ocrx_word' id='word_1_309' title='bbox 837 4426 1181 4496; x_wconf 88' lang='lat' dir='ltr'><strong>apparebant</strong></span> <span class='ocrx_word' id='word_1_310' title='bbox 1208 4428 1322 4490; x_wconf 90' lang='lat' dir='ltr'><strong>eis,</strong></span> <span class='ocrx_word' id='word_1_311' title='bbox 1365 4428 1604 4496; x_wconf 90' lang='lat' dir='ltr'><strong>qualiter</strong></span> <span class='ocrx_word' id='word_1_312' title='bbox 1637 4430 1930 4498; x_wconf 88' lang='lat' dir='ltr'><strong>oportebat</strong></span> <span class='ocrx_word' id='word_1_313' title='bbox 1976 4447 2073 4488; x_wconf 91' lang='lat' dir='ltr'><strong>eos</strong></span> 
     </span>
    </p>
   </div>
   <div class='ocr_carea' id='block_1_47' title="bbox 496 4515 2075 4590">
    <p class='ocr_par' dir='ltr' id='par_1_47' title="bbox 496 4515 2075 4590">
     <span class='ocr_line' id='line_1_47' title="bbox 496 4515 2075 4590; baseline 0.006 -21"><span class='ocrx_word' id='word_1_314' title='bbox 496 4515 813 4570; x_wconf 88' lang='lat' dir='ltr'><strong>conversari</strong></span> <span class='ocrx_word' id='word_1_315' title='bbox 837 4515 1138 4582; x_wconf 86' lang='lat' dir='ltr'><strong>docentes;</strong></span> <span class='ocrx_word' id='word_1_316' title='bbox 1175 4526 1230 4572; x_wconf 91' lang='lat' dir='ltr'><strong>et</strong></span> <span class='ocrx_word' id='word_1_317' title='bbox 1257 4517 1555 4587; x_wconf 88' lang='lat' dir='ltr'><strong>aliquando</strong></span> <span class='ocrx_word' id='word_1_318' title='bbox 1579 4521 1829 4590; x_wconf 66' lang='lat' dir='ltr'><strong>quazdam</strong></span> <span class='ocrx_word' id='word_1_319' title='bbox 1859 4521 1941 4576; x_wconf 90' lang='lat' dir='ltr'><strong>eis</strong></span> <span class='ocrx_word' id='word_1_320' title='bbox 1959 4537 2075 4578; x_wconf 53' lang='lat' dir='ltr'><strong>am-</strong></span> 
     </span>
    </p>
   </div>
   <div class='ocr_carea' id='block_1_48' title="bbox 495 4605 2073 4682">
    <p class='ocr_par' dir='ltr' id='par_1_48' title="bbox 495 4605 2073 4682">
     <span class='ocr_line' id='line_1_48' title="bbox 495 4605 2073 4682; baseline 0.008 -22"><span class='ocrx_word' id='word_1_321' title='bbox 495 4605 663 4677; x_wconf 88' lang='lat' dir='ltr'><strong>bigua</strong></span> <span class='ocrx_word' id='word_1_322' title='bbox 693 4607 1066 4676; x_wconf 86' lang='lat' dir='ltr'><strong>exponebant,</strong></span> <span class='ocrx_word' id='word_1_323' title='bbox 1085 4619 1142 4663; x_wconf 88' lang='lat' dir='ltr'><strong>et</strong></span> <span class='ocrx_word' id='word_1_324' title='bbox 1171 4609 1507 4680; x_wconf 88' lang='lat' dir='ltr'><strong>quandoque</strong></span> <span class='ocrx_word' id='word_1_325' title='bbox 1537 4620 1759 4668; x_wconf 89' lang='lat' dir='ltr'><strong>sanctos</strong></span> <span class='ocrx_word' id='word_1_326' title='bbox 1785 4628 1892 4682; x_wconf 67' lang='lat' dir='ltr'><strong>per.</strong></span> <span class='ocrx_word' id='word_1_327' title='bbox 1911 4613 2073 4672; x_wconf 87' lang='lat' dir='ltr'><strong>devia</strong></span> 
     </span>
    </p>
   </div>
   <div class='ocr_carea' id='block_1_49' title="bbox 495 4699 2073 4772">
    <p class='ocr_par' dir='ltr' id='par_1_49' title="bbox 495 4699 2073 4772">
     <span class='ocr_line' id='line_1_49' title="bbox 495 4699 2073 4772; baseline 0.006 -19"><span class='ocrx_word' id='word_1_328' title='bbox 495 4707 750 4754; x_wconf 89' lang='lat' dir='ltr'><strong>errantes</strong></span> <span class='ocrx_word' id='word_1_329' title='bbox 779 4699 1111 4772; x_wconf 89' lang='lat' dir='ltr'><strong>dirigebant.</strong></span> <span class='ocrx_word' id='word_1_330' title='bbox 1141 4702 1455 4770; x_wconf 89' lang='lat' dir='ltr'><strong>Aliquando</strong></span> <span class='ocrx_word' id='word_1_331' title='bbox 1484 4718 1617 4758; x_wconf 90' lang='lat' dir='ltr'><strong>vero</strong></span> <span class='ocrx_word' id='word_1_332' title='bbox 1659 4703 1718 4759; x_wconf 91' lang='lat' dir='ltr'><strong>in</strong></span> <span class='ocrx_word' id='word_1_333' title='bbox 1751 4705 2073 4762; x_wconf 90' lang='lat' dir='ltr'><strong>tentationi-</strong></span> 
     </span>
    </p>
   </div>
   <div class='ocr_carea' id='block_1_50' title="bbox 495 4788 2072 4865">
    <p class='ocr_par' dir='ltr' id='par_1_50' title="bbox 495 4788 2072 4865">
     <span class='ocr_line' id='line_1_50' title="bbox 495 4788 2072 4865; baseline 0.006 -21"><span class='ocrx_word' id='word_1_334' title='bbox 495 4788 602 4845; x_wconf 88' lang='lat' dir='ltr'><strong>bus</strong></span> <span class='ocrx_word' id='word_1_335' title='bbox 638 4790 949 4848; x_wconf 90' lang='lat' dir='ltr'><strong>incidentes</strong></span> <span class='ocrx_word' id='word_1_336' title='bbox 983 4793 1291 4849; x_wconf 89' lang='lat' dir='ltr'><strong>liberabant</strong></span> <span class='ocrx_word' id='word_1_337' title='bbox 1339 4812 1351 4848; x_wconf 90' lang='lat'><strong>:</strong></span> <span class='ocrx_word' id='word_1_338' title='bbox 1403 4803 1458 4849; x_wconf 93' lang='lat' dir='ltr'><strong>et</strong></span> <span class='ocrx_word' id='word_1_339' title='bbox 1502 4795 1837 4865; x_wconf 90' lang='lat' dir='ltr'><strong>quandoque</strong></span> <span class='ocrx_word' id='word_1_340' title='bbox 1887 4797 2072 4853; x_wconf 91' lang='lat' dir='ltr'><strong>subita</strong></span> 
     </span>
    </p>
   </div>
   <div class='ocr_carea' id='block_1_51' title="bbox 497 4883 2074 4954">
    <p class='ocr_par' dir='ltr' id='par_1_51' title="bbox 497 4883 2074 4954">
     <span class='ocr_line' id='line_1_51' title="bbox 497 4883 2074 4954; baseline 0.006 -19"><span class='ocrx_word' id='word_1_341' title='bbox 497 4883 663 4937; x_wconf 89' lang='lat' dir='ltr'><strong>ruina</strong></span> <span class='ocrx_word' id='word_1_342' title='bbox 695 4883 938 4953; x_wconf 92' lang='lat' dir='ltr'><strong>lapidum</strong></span> <span class='ocrx_word' id='word_1_343' title='bbox 959 4893 1016 4939; x_wconf 90' lang='lat' dir='ltr'><strong>et</strong></span> <span class='ocrx_word' id='word_1_344' title='bbox 1045 4884 1290 4954; x_wconf 86' lang='lat' dir='ltr'><strong>lapidum</strong></span> <span class='ocrx_word' id='word_1_345' title='bbox 1325 4885 1458 4944; x_wconf 85' lang='lat' dir='ltr'><strong>ictu,</strong></span> <span class='ocrx_word' id='word_1_346' title='bbox 1486 4885 1555 4938; x_wconf 92' lang='lat' dir='ltr'><strong>ab</strong></span> <span class='ocrx_word' id='word_1_347' title='bbox 1594 4884 1821 4942; x_wconf 89' lang='lat' dir='ltr'><strong>inimico</strong></span> <span class='ocrx_word' id='word_1_348' title='bbox 1849 4897 2074 4944; x_wconf 87' lang='lat' dir='ltr'><strong>sanctos</strong></span> 
     </span>
    </p>
   </div>
   <div class='ocr_carea' id='block_1_52' title="bbox 497 4972 2068 5046">
    <p class='ocr_par' dir='ltr' id='par_1_52' title="bbox 497 4972 2068 5046">
     <span class='ocr_line' id='line_1_52' title="bbox 497 4972 2068 5046; baseline 0.005 -21"><span class='ocrx_word' id='word_1_349' title='bbox 497 4972 788 5028; x_wconf 84' lang='lat' dir='ltr'><strong>manifeste</strong></span> <span class='ocrx_word' id='word_1_350' title='bbox 819 4974 1197 5046; x_wconf 87' lang='lat' dir='ltr'><strong>impugnante,</strong></span> <span class='ocrx_word' id='word_1_351' title='bbox 1234 4975 1568 5044; x_wconf 90' lang='lat' dir='ltr'><strong>eripiebant,</strong></span> <span class='ocrx_word' id='word_1_352' title='bbox 1608 4984 1664 5030; x_wconf 91' lang='lat' dir='ltr'><strong>et</strong></span> <span class='ocrx_word' id='word_1_353' title='bbox 1691 4991 1748 5030; x_wconf 92' lang='lat' dir='ltr'><strong>se</strong></span> <span class='ocrx_word' id='word_1_354' title='bbox 1793 4976 1904 5031; x_wconf 90' lang='lat' dir='ltr'><strong>illis</strong></span> <span class='ocrx_word' id='word_1_355' title='bbox 1933 4977 2068 5033; x_wconf 86' lang='lat' dir='ltr'><strong>visi-</strong></span> 
     </span>
    </p>
   </div>
   <div class='ocr_carea' id='block_1_53' title="bbox 497 5063 2072 5138">
    <p class='ocr_par' dir='ltr' id='par_1_53' title="bbox 497 5063 2072 5138">
     <span class='ocr_line' id='line_1_53' title="bbox 497 5063 2072 5138; baseline 0.006 -22"><span class='ocrx_word' id='word_1_356' title='bbox 497 5063 684 5118; x_wconf 88' lang='lat' dir='ltr'><strong>biliter</strong></span> <span class='ocrx_word' id='word_1_357' title='bbox 728 5065 1116 5131; x_wconf 88' lang='lat' dir='ltr'><strong>ostendebant,</strong></span> <span class='ocrx_word' id='word_1_358' title='bbox 1150 5076 1206 5122; x_wconf 90' lang='lat' dir='ltr'><strong>et</strong></span> <span class='ocrx_word' id='word_1_359' title='bbox 1255 5067 1320 5122; x_wconf 90' lang='lat' dir='ltr'><strong>ad</strong></span> <span class='ocrx_word' id='word_1_360' title='bbox 1374 5067 1623 5138; x_wconf 90' lang='lat' dir='ltr'><strong>ipsorum</strong></span> <span class='ocrx_word' id='word_1_361' title='bbox 1651 5068 1944 5123; x_wconf 89' lang='lat' dir='ltr'><strong>consilium</strong></span> <span class='ocrx_word' id='word_1_362' title='bbox 1976 5085 2072 5125; x_wconf 90' lang='lat' dir='ltr'><strong>seu</strong></span> 
     </span>
    </p>
   </div>
   <div class='ocr_carea' id='block_1_54' title="bbox 501 5156 2073 5225">
    <p class='ocr_par' dir='ltr' id='par_1_54' title="bbox 501 5156 2073 5225">
     <span class='ocr_line' id='line_1_54' title="bbox 501 5156 2073 5225; baseline 0.006 -18"><span class='ocrx_word' id='word_1_363' title='bbox 501 5156 765 5209; x_wconf 80' lang='lat' dir='ltr'><strong>auxilium</strong></span> <span class='ocrx_word' id='word_1_364' title='bbox 797 5172 855 5211; x_wconf 90' lang='lat' dir='ltr'><strong>se</strong></span> <span class='ocrx_word' id='word_1_365' title='bbox 888 5157 1148 5213; x_wconf 88' lang='lat' dir='ltr'><strong>dicebant</strong></span> <span class='ocrx_word' id='word_1_366' title='bbox 1183 5160 1560 5225; x_wconf 88' lang='lat' dir='ltr'><strong>transmissos,</strong></span> <span class='ocrx_word' id='word_1_367' title='bbox 1604 5166 1661 5215; x_wconf 86' lang='lat' dir='ltr'><strong>et</strong></span> <span class='ocrx_word' id='word_1_368' title='bbox 1707 5160 2073 5217; x_wconf 86' lang='lat' dir='ltr'><strong>confortatio-</strong></span> 
     </span>
    </p>
   </div>
   <div class='ocr_carea' id='block_1_55' title="bbox 499 5247 2074 5321">
    <p class='ocr_par' dir='ltr' id='par_1_55' title="bbox 499 5247 2074 5321">
     <span class='ocr_line' id='line_1_55' title="bbox 499 5247 2074 5321; baseline 0.004 -19"><span class='ocrx_word' id='word_1_369' title='bbox 499 5261 626 5302; x_wconf 85' lang='lat' dir='ltr'><strong>nem</strong></span> <span class='ocrx_word' id='word_1_370' title='bbox 666 5255 723 5300; x_wconf 91' lang='lat' dir='ltr'><strong>et</strong></span> <span class='ocrx_word' id='word_1_371' title='bbox 749 5247 1095 5318; x_wconf 81' lang='lat' dir='ltr'><strong>refrigerium</strong></span> <span class='ocrx_word' id='word_1_372' title='bbox 1127 5261 1183 5304; x_wconf 90' lang='lat' dir='ltr'><strong>et</strong></span> <span class='ocrx_word' id='word_1_373' title='bbox 1224 5252 1509 5306; x_wconf 81' lang='lat' dir='ltr'><strong>audaciam</strong></span> <span class='ocrx_word' id='word_1_374' title='bbox 1547 5253 1630 5307; x_wconf 86' lang='lat' dir='ltr'><strong>eis</strong></span> <span class='ocrx_word' id='word_1_375' title='bbox 1684 5251 1979 5321; x_wconf 88' lang='lat' dir='ltr'><strong>faciebant,</strong></span> <span class='ocrx_word' id='word_1_376' title='bbox 2018 5262 2074 5308; x_wconf 89' lang='lat' dir='ltr'><strong>et</strong></span> 
     </span>
    </p>
   </div>
   <div class='ocr_carea' id='block_1_56' title="bbox 500 5337 2075 5412">
    <p class='ocr_par' dir='ltr' id='par_1_56' title="bbox 500 5337 2075 5412">
     <span class='ocr_line' id='line_1_56' title="bbox 500 5337 2075 5412; baseline 0.006 -22"><span class='ocrx_word' id='word_1_377' title='bbox 500 5337 834 5408; x_wconf 83' lang='lat' dir='ltr'><strong>quandoque</strong></span> <span class='ocrx_word' id='word_1_378' title='bbox 875 5355 972 5408; x_wconf 88' lang='lat' dir='ltr'><strong>per</strong></span> <span class='ocrx_word' id='word_1_379' title='bbox 1007 5341 1154 5409; x_wconf 89' lang='lat' dir='ltr'><strong>ipsos</strong></span> <span class='ocrx_word' id='word_1_380' title='bbox 1183 5343 1473 5396; x_wconf 85' lang='lat' dir='ltr'><strong>sanitatem</strong></span> <span class='ocrx_word' id='word_1_381' title='bbox 1522 5343 1920 5412; x_wconf 86' lang='lat' dir='ltr'><strong>operabantur.</strong></span> <span class='ocrx_word' id='word_1_382' title='bbox 1956 5346 2075 5402; x_wconf 84' lang='lat' dir='ltr'><strong>Ali-</strong></span> 
     </span>
    </p>
   </div>
   <div class='ocr_carea' id='block_1_57' title="bbox 440 5421 2075 5507">
    <p class='ocr_par' dir='ltr' id='par_1_57' title="bbox 440 5421 2075 5507">
     <span class='ocr_line' id='line_1_57' title="bbox 440 5421 2075 5507; baseline 0.008 -27"><span class='ocrx_word' id='word_1_383' title='bbox 440 5421 444 5424; x_wconf 74' lang='grc'><em>’</em></span> <span class='ocrx_word' id='word_1_384' title='bbox 501 5429 723 5498; x_wconf 87' lang='lat' dir='ltr'><strong>quando</strong></span> <span class='ocrx_word' id='word_1_385' title='bbox 739 5445 870 5486; x_wconf 90' lang='lat' dir='ltr'><strong>vero</strong></span> <span class='ocrx_word' id='word_1_386' title='bbox 893 5431 1044 5501; x_wconf 89' lang='lat' dir='ltr'><strong>ipsos</strong></span> <span class='ocrx_word' id='word_1_387' title='bbox 1067 5444 1291 5489; x_wconf 89' lang='lat' dir='ltr'><strong>sanctos</strong></span> <span class='ocrx_word' id='word_1_388' title='bbox 1315 5436 1583 5490; x_wconf 88' lang='lat' dir='ltr'><strong>curabant</strong></span> <span class='ocrx_word' id='word_1_389' title='bbox 1607 5437 1660 5490; x_wconf 92' lang='lat' dir='ltr'><strong>in</strong></span> <span class='ocrx_word' id='word_1_390' title='bbox 1687 5437 1975 5507; x_wconf 85' lang='lat' dir='ltr'><strong>passiones</strong></span> <span class='ocrx_word' id='word_1_391' title='bbox 1991 5440 2075 5493; x_wconf 65' lang='lat' dir='ltr'><strong>in-</strong></span> 
     </span>
    </p>
   </div>
   <div class='ocr_carea' id='block_1_58' title="bbox 502 5521 2082 5597">
    <p class='ocr_par' dir='ltr' id='par_1_58' title="bbox 502 5521 2082 5597">
     <span class='ocr_line' id='line_1_58' title="bbox 502 5521 2082 5597; baseline 0.005 -22"><span class='ocrx_word' id='word_1_392' title='bbox 502 5521 771 5576; x_wconf 90' lang='lat' dir='ltr'><strong>cidentes.</strong></span> <span class='ocrx_word' id='word_1_393' title='bbox 809 5523 1122 5592; x_wconf 81' lang='lat' dir='ltr'><strong>Aliquando</strong></span> <span class='ocrx_word' id='word_1_394' title='bbox 1147 5541 1278 5581; x_wconf 90' lang='lat' dir='ltr'><strong>vero</strong></span> <span class='ocrx_word' id='word_1_395' title='bbox 1312 5542 1542 5597; x_wconf 86' lang='lat' dir='ltr'><strong>corpora</strong></span> <span class='ocrx_word' id='word_1_396' title='bbox 1570 5543 1763 5583; x_wconf 91' lang='lat' dir='ltr'><strong>eorum</strong></span> <span class='ocrx_word' id='word_1_397' title='bbox 1791 5528 1931 5584; x_wconf 87' lang='lat' dir='ltr'><strong>fame</strong></span> <span class='ocrx_word' id='word_1_398' title='bbox 1958 5547 2082 5584; x_wconf 85' lang='lat' dir='ltr'><strong>cor-</strong></span> 
     </span>
    </p>
   </div>
   <div class='ocr_carea' id='block_1_59' title="bbox 405 5614 2075 5694">
    <p class='ocr_par' dir='ltr' id='par_1_59' title="bbox 405 5614 2075 5694">
     <span class='ocr_line' id='line_1_59' title="bbox 405 5614 2075 5694; baseline 0.004 -29"><span class='ocrx_word' id='word_1_399' title='bbox 405 5623 414 5632; x_wconf 87' lang='lat'><strong>&#39;</strong></span> <span class='ocrx_word' id='word_1_400' title='bbox 501 5614 741 5679; x_wconf 80' lang='lat' dir='ltr'><strong>ruentia,</strong></span> <span class='ocrx_word' id='word_1_401' title='bbox 767 5621 918 5694; x_wconf 81' lang='lat' dir='ltr'><strong>tactu</strong></span> <span class='ocrx_word' id='word_1_402' title='bbox 964 5630 1158 5669; x_wconf 89' lang='lat' dir='ltr'><strong>manus</strong></span> <span class='ocrx_word' id='word_1_403' title='bbox 1183 5627 1278 5670; x_wconf 87' lang='lat' dir='ltr'><strong>aut</strong></span> <span class='ocrx_word' id='word_1_404' title='bbox 1321 5618 1506 5673; x_wconf 88' lang='lat' dir='ltr'><strong>verbis</strong></span> <span class='ocrx_word' id='word_1_405' title='bbox 1551 5617 1899 5671; x_wconf 89' lang='lat' dir='ltr'><strong>naturalibus</strong></span> <span class='ocrx_word' id='word_1_406' title='bbox 1940 5633 2075 5672; x_wconf 85' lang='lat' dir='ltr'><strong>eon-</strong></span> 
     </span>
    </p>
   </div>
   <div class='ocr_carea' id='block_1_60' title="bbox 499 5703 2072 5780">
    <p class='ocr_par' dir='ltr' id='par_1_60' title="bbox 499 5703 2072 5780">
     <span class='ocr_line' id='line_1_60' title="bbox 499 5703 2072 5780; baseline 0.006 -23"><span class='ocrx_word' id='word_1_407' title='bbox 499 5703 800 5768; x_wconf 77' lang='lat' dir='ltr'><strong>fortabant,</strong></span> <span class='ocrx_word' id='word_1_408' title='bbox 836 5713 891 5760; x_wconf 88' lang='lat' dir='ltr'><strong>et</strong></span> <span class='ocrx_word' id='word_1_409' title='bbox 915 5703 1300 5762; x_wconf 87' lang='lat' dir='ltr'><strong>fortitudinem</strong></span> <span class='ocrx_word' id='word_1_410' title='bbox 1332 5708 1690 5780; x_wconf 89' lang='lat' dir='ltr'><strong>apponebant</strong></span> <span class='ocrx_word' id='word_1_411' title='bbox 1707 5725 1721 5775; x_wconf 90' lang='lat'><strong>;</strong></span> <span class='ocrx_word' id='word_1_412' title='bbox 1738 5711 2072 5780; x_wconf 89' lang='lat' dir='ltr'><strong>quandoque</strong></span> 
     </span>
    </p>
   </div>
   <div class='ocr_carea' id='block_1_61' title="bbox 568 5887 1514 5959">
    <p class='ocr_par' dir='ltr' id='par_1_61' title="bbox 568 5887 1514 5959">
     <span class='ocr_line' id='line_1_61' title="bbox 568 5887 1514 5959; baseline -0.002 -12"><span class='ocrx_word' id='word_1_413' title='bbox 568 5891 586 5926; x_wconf 83' lang='grc'><strong>⁹</strong></span> <span class='ocrx_word' id='word_1_414' title='bbox 622 5887 787 5947; x_wconf 79' lang='lat' dir='ltr'><strong>Hebr.</strong></span> <span class='ocrx_word' id='word_1_415' title='bbox 818 5905 893 5954; x_wconf 75' lang='grc' dir='ltr'><strong>ιι,</strong></span> <span class='ocrx_word' id='word_1_416' title='bbox 926 5890 1014 5944; x_wconf 75' lang='lat'><strong>58.</strong></span> <span class='ocrx_word' id='word_1_417' title='bbox 1094 5889 1133 5919; x_wconf 79' lang='grc'>¹⁰</span> <span class='ocrx_word' id='word_1_418' title='bbox 1162 5890 1306 5945; x_wconf 75' lang='lat' dir='ltr'><strong>Psal.</strong></span> <span class='ocrx_word' id='word_1_419' title='bbox 1341 5906 1514 5959; x_wconf 76' lang='lat' dir='ltr'><strong>cmv,</strong></span> 
     </span>
    </p>
   </div>
   <div class='ocr_carea' id='block_1_62' title="bbox 1612 5894 2084 5961">
    <p class='ocr_par' dir='ltr' id='par_1_62' title="bbox 1612 5894 2084 5961">
     <span class='ocr_line' id='line_1_62' title="bbox 1612 5894 2084 5961; baseline 0.002 -13"><span class='ocrx_word' id='word_1_420' title='bbox 1612 5897 1649 5928; x_wconf 73' lang='grc' dir='ltr'>ιι</span> <span class='ocrx_word' id='word_1_421' title='bbox 1690 5895 1831 5950; x_wconf 80' lang='lat' dir='ltr'><strong>Psal.</strong></span> <span class='ocrx_word' id='word_1_422' title='bbox 1862 5910 1962 5961; x_wconf 70' lang='grc' dir='ltr'><strong>ω’,</strong></span> <span class='ocrx_word' id='word_1_423' title='bbox 1994 5894 2084 5949; x_wconf 67' lang='lat'><strong>23.</strong></span> 
     </span>
    </p>
   </div>
   <div class='ocr_carea' id='block_1_63' title="bbox 2166 663 3745 735">
    <p class='ocr_par' dir='ltr' id='par_1_63' title="bbox 2166 663 3745 735">
     <span class='ocr_line' id='line_1_63' title="bbox 2166 663 3745 735; baseline -0.004 -15"><span class='ocrx_word' id='word_1_424' title='bbox 2166 669 2339 721; x_wconf 88' lang='lat' dir='ltr'><strong>multa</strong></span> <span class='ocrx_word' id='word_1_425' title='bbox 2375 683 2701 723; x_wconf 90' lang='lat' dir='ltr'><strong>enarramus</strong></span> <span class='ocrx_word' id='word_1_426' title='bbox 2725 708 2741 734; x_wconf 95' lang='lat'><strong>,</strong></span> <span class='ocrx_word' id='word_1_427' title='bbox 2777 667 3106 723; x_wconf 87' lang='lat' dir='ltr'><strong>charitatem</strong></span> <span class='ocrx_word' id='word_1_428' title='bbox 3153 663 3537 735; x_wconf 87' lang='lat' dir='ltr'><strong>exprimendo,</strong></span> <span class='ocrx_word' id='word_1_429' title='bbox 3576 677 3745 732; x_wconf 90' lang='lat' dir='ltr'><strong>quam</strong></span> 
     </span>
    </p>
   </div>
   <div class='ocr_carea' id='block_1_64' title="bbox 2166 754 3747 829">
    <p class='ocr_par' dir='ltr' id='par_1_64' title="bbox 2166 754 3747 829">
     <span class='ocr_line' id='line_1_64' title="bbox 2166 754 3747 829; baseline -0.002 -20"><span class='ocrx_word' id='word_1_430' title='bbox 2166 759 2342 829; x_wconf 84' lang='lat' dir='ltr'><strong>gratia</strong></span> <span class='ocrx_word' id='word_1_431' title='bbox 2367 760 2567 825; x_wconf 80' lang='lat' dir='ltr'><strong>nostri,</strong></span> <span class='ocrx_word' id='word_1_432' title='bbox 2589 767 2644 814; x_wconf 93' lang='lat' dir='ltr'><strong>et</strong></span> <span class='ocrx_word' id='word_1_433' title='bbox 2667 774 2857 814; x_wconf 85' lang='lat' dir='ltr'><strong>curam</strong></span> <span class='ocrx_word' id='word_1_434' title='bbox 2887 775 3050 829; x_wconf 93' lang='lat' dir='ltr'><strong>quam</strong></span> <span class='ocrx_word' id='word_1_435' title='bbox 3080 757 3536 828; x_wconf 83' lang='lat' dir='ltr'><strong>gratiajustorum</strong></span> <span class='ocrx_word' id='word_1_436' title='bbox 3565 754 3747 808; x_wconf 84' lang='lat' dir='ltr'><strong>sancti</strong></span> 
     </span>
    </p>
   </div>
   <div class='ocr_carea' id='block_1_65' title="bbox 2165 847 3797 928">
    <p class='ocr_par' dir='ltr' id='par_1_65' title="bbox 2165 847 3797 928">
     <span class='ocr_line' id='line_1_65' title="bbox 2165 847 3797 928; baseline -0.004 -23"><span class='ocrx_word' id='word_1_437' title='bbox 2165 853 2344 923; x_wconf 88' lang='lat' dir='ltr'><strong>angeli</strong></span> <span class='ocrx_word' id='word_1_438' title='bbox 2379 854 2655 923; x_wconf 83' lang='lat' dir='ltr'><strong>gesserint</strong></span> <span class='ocrx_word' id='word_1_439' title='bbox 2691 863 2747 907; x_wconf 89' lang='lat' dir='ltr'><strong>et</strong></span> <span class='ocrx_word' id='word_1_440' title='bbox 2772 852 3163 924; x_wconf 84' lang='lat' dir='ltr'><strong>gerunt?Nam</strong></span> <span class='ocrx_word' id='word_1_441' title='bbox 3211 850 3612 918; x_wconf 87' lang='lat' dir='ltr'><strong>sicutmajores</strong></span> <span class='ocrx_word' id='word_1_442' title='bbox 3631 847 3749 900; x_wconf 79' lang='lat' dir='ltr'><strong>fra-</strong></span> <span class='ocrx_word' id='word_1_443' title='bbox 3777 917 3797 928; x_wconf 78' lang='lat'><em>_</em></span> 
     </span>
    </p>
   </div>
   <div class='ocr_carea' id='block_1_66' title="bbox 2168 939 3749 1011">
    <p class='ocr_par' dir='ltr' id='par_1_66' title="bbox 2168 939 3749 1011">
     <span class='ocr_line' id='line_1_66' title="bbox 2168 939 3749 1011; baseline -0.005 -14"><span class='ocrx_word' id='word_1_444' title='bbox 2168 953 2282 1006; x_wconf 67' lang='lat' dir='ltr'><strong>tres</strong></span> <span class='ocrx_word' id='word_1_445' title='bbox 2317 943 2628 998; x_wconf 88' lang='lat' dir='ltr'><strong>minoribus</strong></span> <span class='ocrx_word' id='word_1_446' title='bbox 2660 943 2949 1006; x_wconf 83' lang='lat' dir='ltr'><strong>fratribus,</strong></span> <span class='ocrx_word' id='word_1_447' title='bbox 3008 942 3090 996; x_wconf 92' lang='lat' dir='ltr'><strong>sic</strong></span> <span class='ocrx_word' id='word_1_448' title='bbox 3127 940 3426 1011; x_wconf 89' lang='lat' dir='ltr'><strong>provident</strong></span> <span class='ocrx_word' id='word_1_449' title='bbox 3447 939 3550 1008; x_wconf 92' lang='lat' dir='ltr'><strong>ipsi</strong></span> <span class='ocrx_word' id='word_1_450' title='bbox 3578 953 3749 1006; x_wconf 88' lang='lat' dir='ltr'><strong>super</strong></span> 
     </span>
    </p>
   </div>
   <div class='ocr_carea' id='block_1_67' title="bbox 2165 1051 2287 1090">
    <p class='ocr_par' dir='ltr' id='par_1_67' title="bbox 2165 1051 2287 1090">
     <span class='ocr_line' id='line_1_67' title="bbox 2165 1051 2287 1090; baseline 0.016 -2"><span class='ocrx_word' id='word_1_451' title='bbox 2165 1051 2287 1090; x_wconf 90' lang='lat' dir='ltr'><strong>nos.</strong></span> 
     </span>
    </p>
   </div>
   <div class='ocr_carea' id='block_1_68' title="bbox 2237 1119 3745 1194">
    <p class='ocr_par' dir='ltr' id='par_1_68' title="bbox 2237 1119 3745 1194">
     <span class='ocr_line' id='line_1_68' title="bbox 2237 1119 3745 1194; baseline -0.008 -11"><span class='ocrx_word' id='word_1_452' title='bbox 2237 1129 2344 1184; x_wconf 91' lang='lat' dir='ltr'><strong>Sed</strong></span> <span class='ocrx_word' id='word_1_453' title='bbox 2373 1129 2488 1183; x_wconf 58' lang='lat' dir='ltr'><strong>hac</strong></span> <span class='ocrx_word' id='word_1_454' title='bbox 2516 1129 2662 1183; x_wconf 90' lang='lat' dir='ltr'><strong>dicta</strong></span> <span class='ocrx_word' id='word_1_455' title='bbox 2703 1135 2855 1192; x_wconf 91' lang='lat' dir='ltr'><strong>sunt,</strong></span> <span class='ocrx_word' id='word_1_456' title='bbox 2889 1135 2950 1182; x_wconf 93' lang='lat' dir='ltr'><strong>ut</strong></span> <span class='ocrx_word' id='word_1_457' title='bbox 2987 1126 3127 1181; x_wconf 88' lang='lat' dir='ltr'><strong>sciat</strong></span> <span class='ocrx_word' id='word_1_458' title='bbox 3174 1123 3433 1194; x_wconf 88' lang='lat' dir='ltr'><strong>quilibet,</strong></span> <span class='ocrx_word' id='word_1_459' title='bbox 3478 1119 3745 1191; x_wconf 88' lang='lat' dir='ltr'><strong>quoniam</strong></span> 
     </span>
    </p>
   </div>
   <div class='ocr_carea' id='block_1_69' title="bbox 2168 1214 3744 1292">
    <p class='ocr_par' dir='ltr' id='par_1_69' title="bbox 2168 1214 3744 1292">
     <span class='ocr_line' id='line_1_69' title="bbox 2168 1214 3744 1292; baseline -0.008 -14"><span class='ocrx_word' id='word_1_460' title='bbox 2168 1221 2340 1292; x_wconf 86' lang='lat' dir='ltr'><strong>Prope</strong></span> <span class='ocrx_word' id='word_1_461' title='bbox 2394 1232 2467 1275; x_wconf 81' lang='lat' dir='ltr'><strong>est</strong></span> <span class='ocrx_word' id='word_1_462' title='bbox 2518 1221 2775 1276; x_wconf 79' lang='lat' dir='ltr'><strong>Dominus</strong></span> <span class='ocrx_word' id='word_1_463' title='bbox 2828 1222 3065 1275; x_wconf 82' lang='lat' dir='ltr'><strong>omnibus</strong></span> <span class='ocrx_word' id='word_1_464' title='bbox 3121 1215 3486 1272; x_wconf 80' lang='lat' dir='ltr'><strong>invocantibus</strong></span> <span class='ocrx_word' id='word_1_465' title='bbox 3525 1230 3643 1266; x_wconf 87' lang='lat' dir='ltr'><strong>eum</strong></span> <span class='ocrx_word' id='word_1_466' title='bbox 3691 1214 3744 1266; x_wconf 87' lang='lat' dir='ltr'><strong>iu</strong></span> 
     </span>
    </p>
   </div>
   <div class='ocr_carea' id='block_1_70' title="bbox 2165 1304 3748 1381">
    <p class='ocr_par' dir='ltr' id='par_1_70' title="bbox 2165 1304 3748 1381">
     <span class='ocr_line' id='line_1_70' title="bbox 2165 1304 3748 1381; baseline -0.006 -14"><span class='ocrx_word' id='word_1_467' title='bbox 2165 1314 2388 1367; x_wconf 83' lang='lat' dir='ltr'><strong>veritate</strong></span> <span class='ocrx_word' id='word_1_468' title='bbox 2415 1313 2479 1376; x_wconf 87' lang='grc'><strong>¹⁰,</strong></span> <span class='ocrx_word' id='word_1_469' title='bbox 2543 1324 2599 1366; x_wconf 88' lang='lat' dir='ltr'><strong>et</strong></span> <span class='ocrx_word' id='word_1_470' title='bbox 2641 1319 2906 1381; x_wconf 86' lang='lat' dir='ltr'><strong>quantam</strong></span> <span class='ocrx_word' id='word_1_471' title='bbox 2959 1308 3367 1380; x_wconf 79' lang='lat' dir='ltr'><strong>providentiam</strong></span> <span class='ocrx_word' id='word_1_472' title='bbox 3421 1305 3589 1360; x_wconf 89' lang='lat' dir='ltr'><strong>faciat</strong></span> <span class='ocrx_word' id='word_1_473' title='bbox 3634 1304 3748 1357; x_wconf 89' lang='lat' dir='ltr'><strong>illis</strong></span> 
     </span>
    </p>
   </div>
   <div class='ocr_carea' id='block_1_71' title="bbox 2165 1400 3750 1473">
    <p class='ocr_par' dir='ltr' id='par_1_71' title="bbox 2165 1400 3750 1473">
     <span class='ocr_line' id='line_1_71' title="bbox 2165 1400 3750 1473; baseline -0.006 -16"><span class='ocrx_word' id='word_1_474' title='bbox 2165 1403 2260 1473; x_wconf 90' lang='lat' dir='ltr'><strong>qui</strong></span> <span class='ocrx_word' id='word_1_475' title='bbox 2306 1417 2364 1457; x_wconf 90' lang='lat' dir='ltr'><strong>se</strong></span> <span class='ocrx_word' id='word_1_476' title='bbox 2387 1402 2755 1471; x_wconf 88' lang='lat' dir='ltr'><strong>beneplacitis</strong></span> <span class='ocrx_word' id='word_1_477' title='bbox 2778 1403 2900 1473; x_wconf 87' lang='lat' dir='ltr'><strong>ejus</strong></span> <span class='ocrx_word' id='word_1_478' title='bbox 2937 1400 3309 1461; x_wconf 76' lang='lat' dir='ltr'><strong>tradiderunt,</strong></span> <span class='ocrx_word' id='word_1_479' title='bbox 3343 1405 3398 1450; x_wconf 92' lang='lat' dir='ltr'><strong>et</strong></span> <span class='ocrx_word' id='word_1_480' title='bbox 3436 1404 3750 1465; x_wconf 88' lang='lat' dir='ltr'><strong>sequuntur</strong></span> 
     </span>
    </p>
   </div>
   <div class='ocr_carea' id='block_1_72' title="bbox 2167 1487 3749 1567">
    <p class='ocr_par' dir='ltr' id='par_1_72' title="bbox 2167 1487 3749 1567">
     <span class='ocr_line' id='line_1_72' title="bbox 2167 1487 3749 1567; baseline -0.007 -17"><span class='ocrx_word' id='word_1_481' title='bbox 2167 1497 2348 1567; x_wconf 87' lang='lat' dir='ltr'><strong>ipsum</strong></span> <span class='ocrx_word' id='word_1_482' title='bbox 2395 1511 2463 1550; x_wconf 86' lang='lat' dir='ltr'><strong>ex</strong></span> <span class='ocrx_word' id='word_1_483' title='bbox 2518 1503 2634 1549; x_wconf 89' lang='lat' dir='ltr'><strong>toto</strong></span> <span class='ocrx_word' id='word_1_484' title='bbox 2677 1495 2846 1550; x_wconf 91' lang='lat' dir='ltr'><strong>corde</strong></span> <span class='ocrx_word' id='word_1_485' title='bbox 2879 1510 2980 1549; x_wconf 92' lang='lat' dir='ltr'><strong>suo</strong></span> <span class='ocrx_word' id='word_1_486' title='bbox 3018 1511 3030 1546; x_wconf 91' lang='lat'>:</span> <span class='ocrx_word' id='word_1_487' title='bbox 3069 1492 3124 1555; x_wconf 74' lang='lat' dir='ltr'><strong>Si</strong></span> <span class='ocrx_word' id='word_1_488' title='bbox 3174 1489 3360 1546; x_wconf 89' lang='lat' dir='ltr'><strong>credis</strong></span> <span class='ocrx_word' id='word_1_489' title='bbox 3410 1487 3557 1558; x_wconf 91' lang='lat' dir='ltr'><strong>quod</strong></span> <span class='ocrx_word' id='word_1_490' title='bbox 3598 1488 3749 1541; x_wconf 90' lang='lat' dir='ltr'><strong>Deus</strong></span> 
     </span>
    </p>
   </div>
   <div class='ocr_carea' id='block_1_73' title="bbox 2166 1579 3749 1658">
    <p class='ocr_par' dir='ltr' id='par_1_73' title="bbox 2166 1579 3749 1658">
     <span class='ocr_line' id='line_1_73' title="bbox 2166 1579 3749 1658; baseline -0.006 -18"><span class='ocrx_word' id='word_1_491' title='bbox 2166 1595 2431 1658; x_wconf 83' lang='lat' dir='ltr'><strong>procuret</strong></span> <span class='ocrx_word' id='word_1_492' title='bbox 2461 1602 2559 1656; x_wconf 93' lang='lat' dir='ltr'><strong>pro</strong></span> <span class='ocrx_word' id='word_1_493' title='bbox 2590 1594 2642 1641; x_wconf 92' lang='lat' dir='ltr'><strong>te</strong></span> <span class='ocrx_word' id='word_1_494' title='bbox 2673 1628 2688 1652; x_wconf 96' lang='lat'><strong>,</strong></span> <span class='ocrx_word' id='word_1_495' title='bbox 2734 1601 2905 1655; x_wconf 90' lang='lat' dir='ltr'><strong>quare</strong></span> <span class='ocrx_word' id='word_1_496' title='bbox 2942 1585 3214 1640; x_wconf 87' lang='lat' dir='ltr'><strong>sollicitus</strong></span> <span class='ocrx_word' id='word_1_497' title='bbox 3243 1601 3325 1649; x_wconf 92' lang='lat' dir='ltr'><strong>es,</strong></span> <span class='ocrx_word' id='word_1_498' title='bbox 3373 1592 3430 1636; x_wconf 91' lang='lat' dir='ltr'><strong>et</strong></span> <span class='ocrx_word' id='word_1_499' title='bbox 3471 1596 3632 1636; x_wconf 88' lang='lat' dir='ltr'><strong>curas</strong></span> <span class='ocrx_word' id='word_1_500' title='bbox 3676 1579 3749 1633; x_wconf 86' lang='lat' dir='ltr'><strong>de</strong></span> 
     </span>
    </p>
   </div>
   <div class='ocr_carea' id='block_1_74' title="bbox 2166 1671 3746 1747">
    <p class='ocr_par' dir='ltr' id='par_1_74' title="bbox 2166 1671 3746 1747">
     <span class='ocr_line' id='line_1_74' title="bbox 2166 1671 3746 1747; baseline -0.007 -15"><span class='ocrx_word' id='word_1_501' title='bbox 2166 1677 2565 1747; x_wconf 85' lang='lat' dir='ltr'><strong>temporalibus</strong></span> <span class='ocrx_word' id='word_1_502' title='bbox 2593 1683 2650 1731; x_wconf 92' lang='lat' dir='ltr'><strong>et</strong></span> <span class='ocrx_word' id='word_1_503' title='bbox 2692 1674 3024 1730; x_wconf 89' lang='lat' dir='ltr'><strong>necessariis</strong></span> <span class='ocrx_word' id='word_1_504' title='bbox 3053 1673 3282 1729; x_wconf 86' lang='lat' dir='ltr'><strong>carnis?</strong></span> <span class='ocrx_word' id='word_1_505' title='bbox 3322 1673 3476 1740; x_wconf 85' lang='lat' dir='ltr'><strong>Quod</strong></span> <span class='ocrx_word' id='word_1_506' title='bbox 3520 1671 3564 1725; x_wconf 91' lang='lat' dir='ltr'><strong>si</strong></span> <span class='ocrx_word' id='word_1_507' title='bbox 3633 1685 3746 1723; x_wconf 89' lang='lat' dir='ltr'><strong>non</strong></span> 
     </span>
    </p>
   </div>
   <div class='ocr_carea' id='block_1_75' title="bbox 2166 1761 3752 1839">
    <p class='ocr_par' dir='ltr' id='par_1_75' title="bbox 2166 1761 3752 1839">
     <span class='ocr_line' id='line_1_75' title="bbox 2166 1761 3752 1839; baseline -0.008 -15"><span class='ocrx_word' id='word_1_508' title='bbox 2166 1770 2346 1824; x_wconf 88' lang='lat' dir='ltr'><strong>credis</strong></span> <span class='ocrx_word' id='word_1_509' title='bbox 2389 1768 2536 1839; x_wconf 90' lang='lat' dir='ltr'><strong>quod</strong></span> <span class='ocrx_word' id='word_1_510' title='bbox 2569 1767 2862 1838; x_wconf 91' lang='lat' dir='ltr'><strong>provideat</strong></span> <span class='ocrx_word' id='word_1_511' title='bbox 2900 1765 3002 1823; x_wconf 91' lang='lat' dir='ltr'><strong>tibi</strong></span> <span class='ocrx_word' id='word_1_512' title='bbox 3033 1767 3198 1831; x_wconf 86' lang='lat' dir='ltr'><strong>Deus,</strong></span> <span class='ocrx_word' id='word_1_513' title='bbox 3237 1775 3295 1821; x_wconf 89' lang='lat' dir='ltr'><strong>et</strong></span> <span class='ocrx_word' id='word_1_514' title='bbox 3327 1765 3399 1818; x_wconf 93' lang='lat' dir='ltr'><strong>ob</strong></span> <span class='ocrx_word' id='word_1_515' title='bbox 3422 1765 3527 1818; x_wconf 87' lang='lat' dir='ltr'><strong>hoc</strong></span> <span class='ocrx_word' id='word_1_516' title='bbox 3551 1761 3620 1815; x_wconf 92' lang='lat' dir='ltr'><strong>de</strong></span> <span class='ocrx_word' id='word_1_517' title='bbox 3654 1776 3752 1813; x_wconf 90' lang='lat' dir='ltr'><strong>ne-</strong></span> 
     </span>
    </p>
   </div>
   <div class='ocr_carea' id='block_1_76' title="bbox 2167 1856 3749 1928">
    <p class='ocr_par' dir='ltr' id='par_1_76' title="bbox 2167 1856 3749 1928">
     <span class='ocr_line' id='line_1_76' title="bbox 2167 1856 3749 1928; baseline -0.006 -13"><span class='ocrx_word' id='word_1_518' title='bbox 2167 1861 2423 1915; x_wconf 85' lang='lat' dir='ltr'><strong>cessariis</strong></span> <span class='ocrx_word' id='word_1_519' title='bbox 2448 1861 2560 1914; x_wconf 90' lang='lat' dir='ltr'><strong>tuis</strong></span> <span class='ocrx_word' id='word_1_520' title='bbox 2586 1875 2647 1914; x_wconf 92' lang='lat' dir='ltr'><strong>es</strong></span> <span class='ocrx_word' id='word_1_521' title='bbox 2667 1858 2944 1914; x_wconf 90' lang='lat' dir='ltr'><strong>sollicitus</strong></span> <span class='ocrx_word' id='word_1_522' title='bbox 2975 1858 3094 1914; x_wconf 89' lang='lat' dir='ltr'><strong>sine</strong></span> <span class='ocrx_word' id='word_1_523' title='bbox 3120 1858 3259 1928; x_wconf 90' lang='lat' dir='ltr'><strong>ipso,</strong></span> <span class='ocrx_word' id='word_1_524' title='bbox 3294 1856 3650 1911; x_wconf 88' lang='lat' dir='ltr'><strong>miserrimus</strong></span> <span class='ocrx_word' id='word_1_525' title='bbox 3683 1869 3749 1906; x_wconf 87' lang='lat' dir='ltr'><strong>es</strong></span> 
     </span>
    </p>
   </div>
   <div class='ocr_carea' id='block_1_77' title="bbox 2169 1948 3751 2020">
    <p class='ocr_par' dir='ltr' id='par_1_77' title="bbox 2169 1948 3751 2020">
     <span class='ocr_line' id='line_1_77' title="bbox 2169 1948 3751 2020; baseline -0.007 -13"><span class='ocrx_word' id='word_1_526' title='bbox 2169 1953 2418 2008; x_wconf 90' lang='lat' dir='ltr'><strong>omnium</strong></span> <span class='ocrx_word' id='word_1_527' title='bbox 2447 1952 2757 2006; x_wconf 86' lang='lat' dir='ltr'><strong>hominum.</strong></span> <span class='ocrx_word' id='word_1_528' title='bbox 2787 1951 2858 2006; x_wconf 90' lang='lat' dir='ltr'><strong>Ut</strong></span> <span class='ocrx_word' id='word_1_529' title='bbox 2888 1950 3022 2020; x_wconf 90' lang='lat' dir='ltr'><strong>quid</strong></span> <span class='ocrx_word' id='word_1_530' title='bbox 3052 1965 3186 2020; x_wconf 87' lang='lat' dir='ltr'><strong>ergo</strong></span> <span class='ocrx_word' id='word_1_531' title='bbox 3221 1949 3408 2003; x_wconf 85' lang='lat' dir='ltr'><strong>vivis?</strong></span> <span class='ocrx_word' id='word_1_532' title='bbox 3433 1948 3590 2002; x_wconf 84' lang='lat' dir='ltr'><strong>Jacta</strong></span> <span class='ocrx_word' id='word_1_533' title='bbox 3621 1961 3751 2014; x_wconf 84' lang='lat' dir='ltr'><strong>ergo</strong></span> 
     </span>
    </p>
   </div>
   <div class='ocr_carea' id='block_1_78' title="bbox 2170 2042 3750 2115">
    <p class='ocr_par' dir='ltr' id='par_1_78' title="bbox 2170 2042 3750 2115">
     <span class='ocr_line' id='line_1_78' title="bbox 2170 2042 3750 2115; baseline -0.005 -16"><span class='ocrx_word' id='word_1_534' title='bbox 2170 2046 2239 2099; x_wconf 84' lang='lat' dir='ltr'><strong>ad</strong></span> <span class='ocrx_word' id='word_1_535' title='bbox 2263 2045 2546 2099; x_wconf 84' lang='lat' dir='ltr'><strong>Dominum</strong></span> <span class='ocrx_word' id='word_1_536' title='bbox 2569 2047 2856 2115; x_wconf 83' lang='lat' dir='ltr'><strong>cogitatum</strong></span> <span class='ocrx_word' id='word_1_537' title='bbox 2891 2054 3038 2096; x_wconf 82' lang='lat' dir='ltr'><strong>tuum</strong></span> <span class='ocrx_word' id='word_1_538' title='bbox 3072 2043 3136 2108; x_wconf 80' lang='lat'><strong>“,</strong></span> <span class='ocrx_word' id='word_1_539' title='bbox 3174 2052 3229 2098; x_wconf 91' lang='lat' dir='ltr'><strong>et</strong></span> <span class='ocrx_word' id='word_1_540' title='bbox 3252 2059 3282 2097; x_wconf 88' lang='lat' dir='ltr'><strong>a</strong></span> <span class='ocrx_word' id='word_1_541' title='bbox 3307 2042 3506 2098; x_wconf 88' lang='lat' dir='ltr'><strong>timore</strong></span> <span class='ocrx_word' id='word_1_542' title='bbox 3549 2055 3750 2110; x_wconf 84' lang='lat' dir='ltr'><strong>super-</strong></span> 
     </span>
    </p>
   </div>
   <div class='ocr_carea' id='block_1_79' title="bbox 2171 2132 3753 2205">
    <p class='ocr_par' dir='ltr' id='par_1_79' title="bbox 2171 2132 3753 2205">
     <span class='ocr_line' id='line_1_79' title="bbox 2171 2132 3753 2205; baseline -0.004 -15"><span class='ocrx_word' id='word_1_543' title='bbox 2171 2136 2430 2191; x_wconf 90' lang='lat' dir='ltr'><strong>veniente</strong></span> <span class='ocrx_word' id='word_1_544' title='bbox 2454 2151 2562 2190; x_wconf 93' lang='lat' dir='ltr'><strong>non</strong></span> <span class='ocrx_word' id='word_1_545' title='bbox 2591 2134 2937 2191; x_wconf 90' lang='lat' dir='ltr'><strong>formidabis.</strong></span> <span class='ocrx_word' id='word_1_546' title='bbox 2965 2135 3067 2202; x_wconf 93' lang='lat' dir='ltr'><strong>Qui</strong></span> <span class='ocrx_word' id='word_1_547' title='bbox 3084 2135 3329 2205; x_wconf 89' lang='lat' dir='ltr'><strong>seipsum</strong></span> <span class='ocrx_word' id='word_1_548' title='bbox 3356 2134 3530 2188; x_wconf 89' lang='lat' dir='ltr'><strong>semel</strong></span> <span class='ocrx_word' id='word_1_549' title='bbox 3543 2132 3753 2185; x_wconf 76' lang='lat' dir='ltr'><strong>obtulit</strong></span> 
     </span>
    </p>
   </div>
   <div class='ocr_carea' id='block_1_80' title="bbox 2170 2225 3750 2299">
    <p class='ocr_par' dir='ltr' id='par_1_80' title="bbox 2170 2225 3750 2299">
     <span class='ocr_line' id='line_1_80' title="bbox 2170 2225 3750 2299; baseline -0.005 -15"><span class='ocrx_word' id='word_1_550' title='bbox 2170 2230 2305 2293; x_wconf 91' lang='lat' dir='ltr'><strong>Deo,</strong></span> <span class='ocrx_word' id='word_1_551' title='bbox 2326 2229 2380 2282; x_wconf 92' lang='lat' dir='ltr'><strong>in</strong></span> <span class='ocrx_word' id='word_1_552' title='bbox 2397 2229 2597 2283; x_wconf 89' lang='lat' dir='ltr'><strong>mentis</strong></span> <span class='ocrx_word' id='word_1_553' title='bbox 2627 2229 2820 2298; x_wconf 88' lang='lat' dir='ltr'><strong>quiete</strong></span> <span class='ocrx_word' id='word_1_554' title='bbox 2846 2227 3020 2299; x_wconf 90' lang='lat' dir='ltr'><strong>degit.</strong></span> <span class='ocrx_word' id='word_1_555' title='bbox 3051 2228 3168 2282; x_wconf 86' lang='lat' dir='ltr'><strong>Nisi</strong></span> <span class='ocrx_word' id='word_1_556' title='bbox 3199 2228 3400 2298; x_wconf 90' lang='lat' dir='ltr'><strong>aliquis</strong></span> <span class='ocrx_word' id='word_1_557' title='bbox 3427 2226 3598 2281; x_wconf 90' lang='lat' dir='ltr'><strong>fuerit</strong></span> <span class='ocrx_word' id='word_1_558' title='bbox 3627 2225 3750 2279; x_wconf 90' lang='lat' dir='ltr'><strong>sine</strong></span> 
     </span>
    </p>
   </div>
   <div class='ocr_carea' id='block_1_81' title="bbox 2170 2316 3754 2387">
    <p class='ocr_par' dir='ltr' id='par_1_81' title="bbox 2170 2316 3754 2387">
     <span class='ocr_line' id='line_1_81' title="bbox 2170 2316 3754 2387; baseline -0.003 -17"><span class='ocrx_word' id='word_1_559' title='bbox 2170 2317 2439 2387; x_wconf 92' lang='lat' dir='ltr'><strong>proprio,</strong></span> <span class='ocrx_word' id='word_1_560' title='bbox 2478 2332 2508 2371; x_wconf 90' lang='lat' dir='ltr'><strong>a</strong></span> <span class='ocrx_word' id='word_1_561' title='bbox 2565 2317 2882 2371; x_wconf 81' lang='lat' dir='ltr'><strong>turbatione</strong></span> <span class='ocrx_word' id='word_1_562' title='bbox 2952 2316 3360 2386; x_wconf 87' lang='lat' dir='ltr'><strong>cogitationum</strong></span> <span class='ocrx_word' id='word_1_563' title='bbox 3429 2330 3540 2370; x_wconf 92' lang='lat' dir='ltr'><strong>non</strong></span> <span class='ocrx_word' id='word_1_564' title='bbox 3589 2321 3754 2384; x_wconf 82' lang='lat' dir='ltr'><strong>pote—</strong></span> 
     </span>
    </p>
   </div>
   <div class='ocr_carea' id='block_1_82' title="bbox 2171 2408 3750 2480">
    <p class='ocr_par' dir='ltr' id='par_1_82' title="bbox 2171 2408 3750 2480">
     <span class='ocr_line' id='line_1_82' title="bbox 2171 2408 3750 2480; baseline -0.004 -17"><span class='ocrx_word' id='word_1_565' title='bbox 2171 2409 2244 2463; x_wconf 91' lang='lat' dir='ltr'><strong>rit</strong></span> <span class='ocrx_word' id='word_1_566' title='bbox 2267 2409 2386 2480; x_wconf 82' lang='lat' dir='ltr'><strong>ejus</strong></span> <span class='ocrx_word' id='word_1_567' title='bbox 2419 2409 2601 2463; x_wconf 90' lang='lat' dir='ltr'><strong>anima</strong></span> <span class='ocrx_word' id='word_1_568' title='bbox 2632 2408 2884 2473; x_wconf 89' lang='lat' dir='ltr'><strong>liberari,</strong></span> <span class='ocrx_word' id='word_1_569' title='bbox 2943 2416 3000 2463; x_wconf 91' lang='lat' dir='ltr'><strong>et</strong></span> <span class='ocrx_word' id='word_1_570' title='bbox 3025 2409 3146 2463; x_wconf 88' lang='lat' dir='ltr'><strong>sine</strong></span> <span class='ocrx_word' id='word_1_571' title='bbox 3178 2408 3578 2478; x_wconf 88' lang='lat' dir='ltr'><strong>tranquillitate</strong></span> <span class='ocrx_word' id='word_1_572' title='bbox 3616 2421 3750 2460; x_wconf 88' lang='lat' dir='ltr'><strong>sen-</strong></span> 
     </span>
    </p>
   </div>
   <div class='ocr_carea' id='block_1_83' title="bbox 2171 2497 3755 2568">
    <p class='ocr_par' dir='ltr' id='par_1_83' title="bbox 2171 2497 3755 2568">
     <span class='ocr_line' id='line_1_83' title="bbox 2171 2497 3755 2568; baseline -0.003 -14"><span class='ocrx_word' id='word_1_573' title='bbox 2171 2515 2331 2555; x_wconf 90' lang='lat' dir='ltr'><strong>suum</strong></span> <span class='ocrx_word' id='word_1_574' title='bbox 2357 2515 2469 2554; x_wconf 92' lang='lat' dir='ltr'><strong>non</strong></span> <span class='ocrx_word' id='word_1_575' title='bbox 2501 2499 2704 2554; x_wconf 92' lang='lat' dir='ltr'><strong>sentiet</strong></span> <span class='ocrx_word' id='word_1_576' title='bbox 2730 2514 2921 2568; x_wconf 91' lang='lat' dir='ltr'><strong>pacem</strong></span> <span class='ocrx_word' id='word_1_577' title='bbox 2948 2499 3174 2553; x_wconf 92' lang='lat' dir='ltr'><strong>mentis.</strong></span> <span class='ocrx_word' id='word_1_578' title='bbox 3211 2499 3278 2552; x_wconf 88' lang='lat' dir='ltr'><strong>Et</strong></span> <span class='ocrx_word' id='word_1_579' title='bbox 3303 2497 3410 2553; x_wconf 90' lang='lat' dir='ltr'><strong>nisi</strong></span> <span class='ocrx_word' id='word_1_580' title='bbox 3451 2497 3755 2552; x_wconf 84' lang='lat' dir='ltr'><strong>intraverit</strong></span> 
     </span>
    </p>
   </div>
   <div class='ocr_carea' id='block_1_84' title="bbox 2172 2590 3750 2661">
    <p class='ocr_par' dir='ltr' id='par_1_84' title="bbox 2172 2590 3750 2661">
     <span class='ocr_line' id='line_1_84' title="bbox 2172 2590 3750 2661; baseline -0.003 -14"><span class='ocrx_word' id='word_1_581' title='bbox 2172 2593 2226 2647; x_wconf 91' lang='lat' dir='ltr'><strong>in</strong></span> <span class='ocrx_word' id='word_1_582' title='bbox 2251 2593 2616 2648; x_wconf 87' lang='lat' dir='ltr'><strong>tentationem</strong></span> <span class='ocrx_word' id='word_1_583' title='bbox 2636 2633 2651 2658; x_wconf 91' lang='lat'><strong>,</strong></span> <span class='ocrx_word' id='word_1_584' title='bbox 2682 2592 3013 2661; x_wconf 89' lang='lat' dir='ltr'><strong>sapientiam</strong></span> <span class='ocrx_word' id='word_1_585' title='bbox 3046 2591 3278 2660; x_wconf 91' lang='lat' dir='ltr'><strong>spiritus</strong></span> <span class='ocrx_word' id='word_1_586' title='bbox 3307 2605 3417 2644; x_wconf 93' lang='lat' dir='ltr'><strong>non</strong></span> <span class='ocrx_word' id='word_1_587' title='bbox 3451 2590 3707 2658; x_wconf 91' lang='lat' dir='ltr'><strong>acquiret</strong></span> <span class='ocrx_word' id='word_1_588' title='bbox 3735 2606 3750 2653; x_wconf 86' lang='lat'><strong>;</strong></span> 
     </span>
    </p>
   </div>
   <div class='ocr_carea' id='block_1_85' title="bbox 2170 2671 3755 2751">
    <p class='ocr_par' dir='ltr' id='par_1_85' title="bbox 2170 2671 3755 2751">
     <span class='ocr_line' id='line_1_85' title="bbox 2170 2671 3755 2751; baseline -0.006 -11"><span class='ocrx_word' id='word_1_589' title='bbox 2170 2692 2227 2740; x_wconf 89' lang='lat' dir='ltr'><strong>et</strong></span> <span class='ocrx_word' id='word_1_590' title='bbox 2262 2685 2382 2739; x_wconf 89' lang='lat' dir='ltr'><strong>sine</strong></span> <span class='ocrx_word' id='word_1_591' title='bbox 2421 2683 2701 2738; x_wconf 89' lang='lat' dir='ltr'><strong>laboriosa</strong></span> <span class='ocrx_word' id='word_1_592' title='bbox 2735 2682 2974 2737; x_wconf 89' lang='lat' dir='ltr'><strong>lectione</strong></span> <span class='ocrx_word' id='word_1_593' title='bbox 3041 2671 3411 2737; x_wconf 76' lang='lat' dir='ltr'><strong>subtilitatem</strong></span> <span class='ocrx_word' id='word_1_594' title='bbox 3462 2680 3755 2751; x_wconf 83' lang='lat' dir='ltr'><strong>cogitatio-</strong></span> 
     </span>
    </p>
   </div>
   <div class='ocr_carea' id='block_1_86' title="bbox 2170 2774 3754 2848">
    <p class='ocr_par' dir='ltr' id='par_1_86' title="bbox 2170 2774 3754 2848">
     <span class='ocr_line' id='line_1_86' title="bbox 2170 2774 3754 2848; baseline -0.005 -16"><span class='ocrx_word' id='word_1_595' title='bbox 2170 2793 2324 2841; x_wconf 88' lang='lat' dir='ltr'><strong>num,</strong></span> <span class='ocrx_word' id='word_1_596' title='bbox 2350 2793 2463 2831; x_wconf 92' lang='lat' dir='ltr'><strong>non</strong></span> <span class='ocrx_word' id='word_1_597' title='bbox 2483 2775 2704 2831; x_wconf 90' lang='lat' dir='ltr'><strong>sentiet.</strong></span> <span class='ocrx_word' id='word_1_598' title='bbox 2739 2774 2870 2830; x_wconf 91' lang='lat' dir='ltr'><strong>Sine</strong></span> <span class='ocrx_word' id='word_1_599' title='bbox 2901 2774 3302 2845; x_wconf 86' lang='lat' dir='ltr'><strong>tranquillitate</strong></span> <span class='ocrx_word' id='word_1_600' title='bbox 3325 2774 3754 2848; x_wconf 86' lang='lat' dir='ltr'><strong>cogitationum,</strong></span> 
     </span>
    </p>
   </div>
   <div class='ocr_carea' id='block_1_87' title="bbox 2172 2864 3756 2936">
    <p class='ocr_par' dir='ltr' id='par_1_87' title="bbox 2172 2864 3756 2936">
     <span class='ocr_line' id='line_1_87' title="bbox 2172 2864 3756 2936; baseline -0.005 -12"><span class='ocrx_word' id='word_1_601' title='bbox 2172 2884 2326 2924; x_wconf 91' lang='lat' dir='ltr'><strong>mens</strong></span> <span class='ocrx_word' id='word_1_602' title='bbox 2382 2868 2435 2921; x_wconf 91' lang='lat' dir='ltr'><strong>in</strong></span> <span class='ocrx_word' id='word_1_603' title='bbox 2499 2867 2734 2922; x_wconf 90' lang='lat' dir='ltr'><strong>occultis</strong></span> <span class='ocrx_word' id='word_1_604' title='bbox 2787 2865 3068 2936; x_wconf 84' lang='lat' dir='ltr'><strong>mysteriis</strong></span> <span class='ocrx_word' id='word_1_605' title='bbox 3113 2879 3224 2919; x_wconf 92' lang='lat' dir='ltr'><strong>non</strong></span> <span class='ocrx_word' id='word_1_606' title='bbox 3269 2864 3585 2918; x_wconf 91' lang='lat' dir='ltr'><strong>movebitur</strong></span> <span class='ocrx_word' id='word_1_607' title='bbox 3639 2882 3652 2916; x_wconf 84' lang='lat'>:</span> <span class='ocrx_word' id='word_1_608' title='bbox 3694 2874 3756 2916; x_wconf 91' lang='lat' dir='ltr'><strong>et</strong></span> 
     </span>
    </p>
   </div>
   <div class='ocr_carea' id='block_1_88' title="bbox 2171 2956 3754 3028">
    <p class='ocr_par' dir='ltr' id='par_1_88' title="bbox 2171 2956 3754 3028">
     <span class='ocr_line' id='line_1_88' title="bbox 2171 2956 3754 3028; baseline -0.005 -13"><span class='ocrx_word' id='word_1_609' title='bbox 2171 2961 2293 3016; x_wconf 90' lang='lat' dir='ltr'><strong>sine</strong></span> <span class='ocrx_word' id='word_1_610' title='bbox 2314 2957 2650 3014; x_wconf 84' lang='lat' dir='ltr'><strong>confidentia</strong></span> <span class='ocrx_word' id='word_1_611' title='bbox 2679 2973 2801 3028; x_wconf 70' lang='lat' dir='ltr'><strong>quae</strong></span> <span class='ocrx_word' id='word_1_612' title='bbox 2826 2959 2886 3012; x_wconf 79' lang='lat' dir='ltr'><strong>fit</strong></span> <span class='ocrx_word' id='word_1_613' title='bbox 2905 2973 3004 3028; x_wconf 91' lang='lat' dir='ltr'><strong>per</strong></span> <span class='ocrx_word' id='word_1_614' title='bbox 3031 2957 3219 3023; x_wconf 81' lang='lat' dir='ltr'><strong>fidem,</strong></span> <span class='ocrx_word' id='word_1_615' title='bbox 3247 2957 3432 3011; x_wconf 90' lang='lat' dir='ltr'><strong>anima</strong></span> <span class='ocrx_word' id='word_1_616' title='bbox 3459 2956 3754 3010; x_wconf 77' lang='lat' dir='ltr'><strong>audaciam</strong></span> 
     </span>
    </p>
   </div>
   <div class='ocr_carea' id='block_1_89' title="bbox 2171 3046 3756 3113">
    <p class='ocr_par' dir='ltr' id='par_1_89' title="bbox 2171 3046 3756 3113">
     <span class='ocr_line' id='line_1_89' title="bbox 2171 3046 3756 3113; baseline -0.006 -8"><span class='ocrx_word' id='word_1_617' title='bbox 2171 3060 2368 3106; x_wconf 90' lang='lat' dir='ltr'><strong>contra</strong></span> <span class='ocrx_word' id='word_1_618' title='bbox 2399 3048 2738 3103; x_wconf 91' lang='lat' dir='ltr'><strong>tentationes</strong></span> <span class='ocrx_word' id='word_1_619' title='bbox 2767 3063 2990 3102; x_wconf 88' lang='lat' dir='ltr'><strong>sumere</strong></span> <span class='ocrx_word' id='word_1_620' title='bbox 3029 3061 3154 3102; x_wconf 89' lang='lat' dir='ltr'><strong>cum</strong></span> <span class='ocrx_word' id='word_1_621' title='bbox 3190 3046 3488 3100; x_wconf 88' lang='lat' dir='ltr'><strong>securitate</strong></span> <span class='ocrx_word' id='word_1_622' title='bbox 3510 3061 3619 3098; x_wconf 90' lang='lat' dir='ltr'><strong>non</strong></span> <span class='ocrx_word' id='word_1_623' title='bbox 3650 3060 3756 3113; x_wconf 87' lang='lat' dir='ltr'><strong>p0-</strong></span> 
     </span>
    </p>
   </div>
   <div class='ocr_carea' id='block_1_90' title="bbox 2175 3133 3755 3207">
    <p class='ocr_par' dir='ltr' id='par_1_90' title="bbox 2175 3133 3755 3207">
     <span class='ocr_line' id='line_1_90' title="bbox 2175 3133 3755 3207; baseline -0.005 -12"><span class='ocrx_word' id='word_1_624' title='bbox 2175 3149 2300 3195; x_wconf 88' lang='lat' dir='ltr'><strong>test.</strong></span> <span class='ocrx_word' id='word_1_625' title='bbox 2329 3139 2398 3193; x_wconf 91' lang='lat' dir='ltr'><strong>Et</strong></span> <span class='ocrx_word' id='word_1_626' title='bbox 2423 3139 2544 3193; x_wconf 90' lang='lat' dir='ltr'><strong>sine</strong></span> <span class='ocrx_word' id='word_1_627' title='bbox 2594 3136 2939 3207; x_wconf 76' lang='lat' dir='ltr'><strong>experientia</strong></span> <span class='ocrx_word' id='word_1_628' title='bbox 2996 3136 3362 3205; x_wconf 91' lang='lat' dir='ltr'><strong>protectionis</strong></span> <span class='ocrx_word' id='word_1_629' title='bbox 3390 3134 3510 3196; x_wconf 87' lang='lat' dir='ltr'><strong>Dei.</strong></span> <span class='ocrx_word' id='word_1_630' title='bbox 3557 3150 3654 3188; x_wconf 84' lang='lat' dir='ltr'><strong>eor</strong></span> <span class='ocrx_word' id='word_1_631' title='bbox 3696 3133 3755 3187; x_wconf 90' lang='lat' dir='ltr'><strong>in</strong></span> 
     </span>
    </p>
   </div>
   <div class='ocr_carea' id='block_1_91' title="bbox 2096 3227 3756 3310">
    <p class='ocr_par' dir='ltr' id='par_1_91' title="bbox 2096 3227 3756 3310">
     <span class='ocr_line' id='line_1_91' title="bbox 2096 3227 3756 3310; baseline -0.005 -24"><span class='ocrx_word' id='word_1_632' title='bbox 2096 3249 2143 3310; x_wconf 71' lang='grc' dir='ltr'>ο</span> <span class='ocrx_word' id='word_1_633' title='bbox 2176 3233 2296 3302; x_wconf 89' lang='lat' dir='ltr'><strong>ipso</strong></span> <span class='ocrx_word' id='word_1_634' title='bbox 2322 3245 2544 3302; x_wconf 88' lang='lat' dir='ltr'><strong>sperare</strong></span> <span class='ocrx_word' id='word_1_635' title='bbox 2570 3244 2682 3284; x_wconf 91' lang='lat' dir='ltr'><strong>non</strong></span> <span class='ocrx_word' id='word_1_636' title='bbox 2713 3237 2917 3299; x_wconf 90' lang='lat' dir='ltr'><strong>potest.</strong></span> <span class='ocrx_word' id='word_1_637' title='bbox 2946 3227 3015 3282; x_wconf 86' lang='lat' dir='ltr'><strong>Et</strong></span> <span class='ocrx_word' id='word_1_638' title='bbox 3039 3228 3144 3282; x_wconf 90' lang='lat' dir='ltr'><strong>nisi</strong></span> <span class='ocrx_word' id='word_1_639' title='bbox 3173 3236 3358 3298; x_wconf 89' lang='lat' dir='ltr'><strong>gustet</strong></span> <span class='ocrx_word' id='word_1_640' title='bbox 3391 3227 3574 3281; x_wconf 88' lang='lat' dir='ltr'><strong>anima</strong></span> <span class='ocrx_word' id='word_1_641' title='bbox 3619 3242 3756 3295; x_wconf 88' lang='lat' dir='ltr'><strong>pas-</strong></span> 
     </span>
    </p>
   </div>
   <div class='ocr_carea' id='block_1_92' title="bbox 2173 3317 3759 3384">
    <p class='ocr_par' dir='ltr' id='par_1_92' title="bbox 2173 3317 3759 3384">
     <span class='ocr_line' id='line_1_92' title="bbox 2173 3317 3759 3384; baseline -0.006 -5"><span class='ocrx_word' id='word_1_642' title='bbox 2173 3327 2360 3380; x_wconf 90' lang='lat' dir='ltr'><strong>siones</strong></span> <span class='ocrx_word' id='word_1_643' title='bbox 2384 3323 2588 3379; x_wconf 88' lang='lat' dir='ltr'><strong>Christi</strong></span> <span class='ocrx_word' id='word_1_644' title='bbox 2610 3322 2874 3384; x_wconf 89' lang='lat' dir='ltr'><strong>scienter,</strong></span> <span class='ocrx_word' id='word_1_645' title='bbox 2901 3320 3350 3375; x_wconf 89' lang='lat' dir='ltr'><strong>communionem</strong></span> <span class='ocrx_word' id='word_1_646' title='bbox 3376 3335 3486 3373; x_wconf 93' lang='lat' dir='ltr'><strong>non</strong></span> <span class='ocrx_word' id='word_1_647' title='bbox 3523 3317 3759 3372; x_wconf 87' lang='lat' dir='ltr'><strong>habebit</strong></span> 
     </span>
    </p>
   </div>
   <div class='ocr_carea' id='block_1_93' title="bbox 2174 3410 3758 3483">
    <p class='ocr_par' dir='ltr' id='par_1_93' title="bbox 2174 3410 3758 3483">
     <span class='ocr_line' id='line_1_93' title="bbox 2174 3410 3758 3483; baseline -0.004 -12"><span class='ocrx_word' id='word_1_648' title='bbox 2174 3430 2301 3471; x_wconf 92' lang='lat' dir='ltr'><strong>cum</strong></span> <span class='ocrx_word' id='word_1_649' title='bbox 2359 3414 2501 3483; x_wconf 87' lang='lat' dir='ltr'><strong>ipso.</strong></span> <span class='ocrx_word' id='word_1_650' title='bbox 2547 3414 2706 3468; x_wconf 92' lang='lat' dir='ltr'><strong>Illum</strong></span> <span class='ocrx_word' id='word_1_651' title='bbox 2763 3421 2958 3482; x_wconf 89' lang='lat' dir='ltr'><strong>reputa</strong></span> <span class='ocrx_word' id='word_1_652' title='bbox 2995 3411 3277 3466; x_wconf 92' lang='lat' dir='ltr'><strong>hominem</strong></span> <span class='ocrx_word' id='word_1_653' title='bbox 3321 3412 3417 3466; x_wconf 89' lang='lat' dir='ltr'><strong>Dei</strong></span> <span class='ocrx_word' id='word_1_654' title='bbox 3462 3426 3606 3475; x_wconf 88' lang='lat' dir='ltr'><strong>esse,</strong></span> <span class='ocrx_word' id='word_1_655' title='bbox 3658 3410 3758 3479; x_wconf 88' lang='lat' dir='ltr'><strong>qui</strong></span> 
     </span>
    </p>
   </div>
   <div class='ocr_carea' id='block_1_94' title="bbox 2173 3504 3758 3576">
    <p class='ocr_par' dir='ltr' id='par_1_94' title="bbox 2173 3504 3758 3576">
     <span class='ocr_line' id='line_1_94' title="bbox 2173 3504 3758 3576; baseline -0.003 -14"><span class='ocrx_word' id='word_1_656' title='bbox 2173 3508 2246 3562; x_wconf 92' lang='lat' dir='ltr'><strong>ob</strong></span> <span class='ocrx_word' id='word_1_657' title='bbox 2277 3508 2508 3561; x_wconf 91' lang='lat' dir='ltr'><strong>multam</strong></span> <span class='ocrx_word' id='word_1_658' title='bbox 2538 3506 2799 3576; x_wconf 90' lang='lat' dir='ltr'><strong>pietatem</strong></span> <span class='ocrx_word' id='word_1_659' title='bbox 2857 3506 3215 3573; x_wconf 88' lang='lat' dir='ltr'><strong>semetipsum</strong></span> <span class='ocrx_word' id='word_1_660' title='bbox 3253 3504 3610 3559; x_wconf 84' lang='lat' dir='ltr'><strong>mortiﬁcavit</strong></span> <span class='ocrx_word' id='word_1_661' title='bbox 3652 3519 3758 3557; x_wconf 90' lang='lat' dir='ltr'><strong>ne-</strong></span> 
     </span>
    </p>
   </div>
   <div class='ocr_carea' id='block_1_95' title="bbox 2173 3594 3755 3668">
    <p class='ocr_par' dir='ltr' id='par_1_95' title="bbox 2173 3594 3755 3668">
     <span class='ocr_line' id='line_1_95' title="bbox 2173 3594 3755 3668; baseline -0.004 -12"><span class='ocrx_word' id='word_1_662' title='bbox 2173 3601 2427 3656; x_wconf 65' lang='lat' dir='ltr'><strong>cessariae</strong></span> <span class='ocrx_word' id='word_1_663' title='bbox 2464 3594 2714 3654; x_wconf 82' lang='lat' dir='ltr'><strong>utilitati.</strong></span> <span class='ocrx_word' id='word_1_664' title='bbox 2761 3598 2900 3653; x_wconf 89' lang='lat' dir='ltr'><strong>Nam</strong></span> <span class='ocrx_word' id='word_1_665' title='bbox 2961 3599 3056 3668; x_wconf 89' lang='lat' dir='ltr'><strong>qui</strong></span> <span class='ocrx_word' id='word_1_666' title='bbox 3107 3598 3404 3652; x_wconf 89' lang='lat' dir='ltr'><strong>miseretur</strong></span> <span class='ocrx_word' id='word_1_667' title='bbox 3445 3597 3709 3667; x_wconf 89' lang='lat' dir='ltr'><strong>pauperis</strong></span> <span class='ocrx_word' id='word_1_668' title='bbox 3737 3637 3755 3662; x_wconf 83' lang='lat'><strong>,</strong></span> 
     </span>
    </p>
   </div>
   <div class='ocr_carea' id='block_1_96' title="bbox 2175 3693 3756 3763">
    <p class='ocr_par' dir='ltr' id='par_1_96' title="bbox 2175 3693 3756 3763">
     <span class='ocr_line' id='line_1_96' title="bbox 2175 3693 3756 3763; baseline -0.001 -13"><span class='ocrx_word' id='word_1_669' title='bbox 2175 3697 2347 3750; x_wconf 90' lang='lat' dir='ltr'><strong>Deum</strong></span> <span class='ocrx_word' id='word_1_670' title='bbox 2386 3693 2557 3748; x_wconf 92' lang='lat' dir='ltr'><strong>habet</strong></span> <span class='ocrx_word' id='word_1_671' title='bbox 2585 3708 2686 3762; x_wconf 91' lang='lat' dir='ltr'><strong>pro</strong></span> <span class='ocrx_word' id='word_1_672' title='bbox 2731 3708 2790 3747; x_wconf 92' lang='lat' dir='ltr'><strong>se</strong></span> <span class='ocrx_word' id='word_1_673' title='bbox 2831 3693 3191 3763; x_wconf 83' lang='lat' dir='ltr'><strong>cogitantem.</strong></span> <span class='ocrx_word' id='word_1_674' title='bbox 3259 3693 3328 3747; x_wconf 89' lang='lat' dir='ltr'><strong>Et</strong></span> <span class='ocrx_word' id='word_1_675' title='bbox 3363 3693 3457 3762; x_wconf 89' lang='lat' dir='ltr'><strong>qui</strong></span> <span class='ocrx_word' id='word_1_676' title='bbox 3498 3709 3598 3763; x_wconf 91' lang='lat' dir='ltr'><strong>pro</strong></span> <span class='ocrx_word' id='word_1_677' title='bbox 3632 3693 3756 3763; x_wconf 92' lang='lat' dir='ltr'><strong>ipso</strong></span> 
     </span>
    </p>
   </div>
   <div class='ocr_carea' id='block_1_97' title="bbox 2171 3785 3759 3857">
    <p class='ocr_par' dir='ltr' id='par_1_97' title="bbox 2171 3785 3759 3857">
     <span class='ocr_line' id='line_1_97' title="bbox 2171 3785 3759 3857; baseline -0.002 -16"><span class='ocrx_word' id='word_1_678' title='bbox 2171 3803 2404 3857; x_wconf 90' lang='lat' dir='ltr'><strong>pauper,</strong></span> <span class='ocrx_word' id='word_1_679' title='bbox 2440 3785 2823 3840; x_wconf 87' lang='lat' dir='ltr'><strong>indeticientes</strong></span> <span class='ocrx_word' id='word_1_680' title='bbox 2852 3786 3144 3840; x_wconf 88' lang='lat' dir='ltr'><strong>thesauros</strong></span> <span class='ocrx_word' id='word_1_681' title='bbox 3175 3786 3285 3856; x_wconf 91' lang='lat' dir='ltr'><strong>jam</strong></span> <span class='ocrx_word' id='word_1_682' title='bbox 3343 3785 3574 3838; x_wconf 89' lang='lat' dir='ltr'><strong>invenit.</strong></span> <span class='ocrx_word' id='word_1_683' title='bbox 3609 3786 3759 3839; x_wconf 90' lang='lat' dir='ltr'><strong>Deus</strong></span> 
     </span>
    </p>
   </div>
   <div class='ocr_carea' id='block_1_98' title="bbox 2173 3874 3757 3946">
    <p class='ocr_par' dir='ltr' id='par_1_98' title="bbox 2173 3874 3757 3946">
     <span class='ocr_line' id='line_1_98' title="bbox 2173 3874 3757 3946; baseline -0.001 -16"><span class='ocrx_word' id='word_1_684' title='bbox 2173 3892 2284 3930; x_wconf 86' lang='lat' dir='ltr'><strong>non</strong></span> <span class='ocrx_word' id='word_1_685' title='bbox 2317 3886 2442 3946; x_wconf 89' lang='lat' dir='ltr'><strong>eget</strong></span> <span class='ocrx_word' id='word_1_686' title='bbox 2467 3875 2677 3944; x_wconf 90' lang='lat' dir='ltr'><strong>aliquo,</strong></span> <span class='ocrx_word' id='word_1_687' title='bbox 2731 3874 2827 3928; x_wconf 85' lang='lat' dir='ltr'><strong>sed</strong></span> <span class='ocrx_word' id='word_1_688' title='bbox 2881 3876 3099 3930; x_wconf 79' lang='lat' dir='ltr'><strong>laetatur</strong></span> <span class='ocrx_word' id='word_1_689' title='bbox 3144 3890 3271 3930; x_wconf 90' lang='lat' dir='ltr'><strong>cum</strong></span> <span class='ocrx_word' id='word_1_690' title='bbox 3311 3875 3465 3929; x_wconf 86' lang='lat' dir='ltr'><strong>videt</strong></span> <span class='ocrx_word' id='word_1_691' title='bbox 3507 3875 3757 3944; x_wconf 87' lang='lat' dir='ltr'><strong>aliquam</strong></span> 
     </span>
    </p>
   </div>
   <div class='ocr_carea' id='block_1_99' title="bbox 2174 3966 3750 4038">
    <p class='ocr_par' dir='ltr' id='par_1_99' title="bbox 2174 3966 3750 4038">
     <span class='ocr_line' id='line_1_99' title="bbox 2174 3966 3750 4038; baseline -0.001 -17"><span class='ocrx_word' id='word_1_692' title='bbox 2174 3983 2328 4022; x_wconf 91' lang='lat' dir='ltr'><strong>suam</strong></span> <span class='ocrx_word' id='word_1_693' title='bbox 2358 3967 2676 4038; x_wconf 83' lang='lat' dir='ltr'><strong>imaginem,</strong></span> <span class='ocrx_word' id='word_1_694' title='bbox 2714 3966 2766 4020; x_wconf 91' lang='lat' dir='ltr'><strong>id</strong></span> <span class='ocrx_word' id='word_1_695' title='bbox 2791 3975 2911 4030; x_wconf 89' lang='lat' dir='ltr'><strong>est,</strong></span> <span class='ocrx_word' id='word_1_696' title='bbox 2959 3967 3240 4021; x_wconf 89' lang='lat' dir='ltr'><strong>hominem</strong></span> <span class='ocrx_word' id='word_1_697' title='bbox 3280 3966 3750 4033; x_wconf 89' lang='lat' dir='ltr'><strong>complectentem</strong></span> 
     </span>
    </p>
   </div>
   <div class='ocr_carea' id='block_1_100' title="bbox 2173 4057 3752 4128">
    <p class='ocr_par' dir='ltr' id='par_1_100' title="bbox 2173 4057 3752 4128">
     <span class='ocr_line' id='line_1_100' title="bbox 2173 4057 3752 4128; baseline -0.003 -14"><span class='ocrx_word' id='word_1_698' title='bbox 2173 4067 2228 4114; x_wconf 91' lang='lat' dir='ltr'><strong>et</strong></span> <span class='ocrx_word' id='word_1_699' title='bbox 2254 4059 2621 4112; x_wconf 90' lang='lat' dir='ltr'><strong>honorantem</strong></span> <span class='ocrx_word' id='word_1_700' title='bbox 2654 4059 2803 4114; x_wconf 88' lang='lat' dir='ltr'><strong>illam</strong></span> <span class='ocrx_word' id='word_1_701' title='bbox 2831 4073 2930 4128; x_wconf 91' lang='lat' dir='ltr'><strong>pro</strong></span> <span class='ocrx_word' id='word_1_702' title='bbox 2961 4058 3101 4128; x_wconf 90' lang='lat' dir='ltr'><strong>ipso.</strong></span> <span class='ocrx_word' id='word_1_703' title='bbox 3132 4057 3363 4124; x_wconf 87' lang='lat' dir='ltr'><strong>Quando</strong></span> <span class='ocrx_word' id='word_1_704' title='bbox 3387 4058 3515 4128; x_wconf 89' lang='lat' dir='ltr'><strong>quis</strong></span> <span class='ocrx_word' id='word_1_705' title='bbox 3555 4067 3752 4127; x_wconf 87' lang='lat' dir='ltr'><strong>postu-</strong></span> 
     </span>
    </p>
   </div>
   <div class='ocr_carea' id='block_1_101' title="bbox 2175 4147 3758 4218">
    <p class='ocr_par' dir='ltr' id='par_1_101' title="bbox 2175 4147 3758 4218">
     <span class='ocr_line' id='line_1_101' title="bbox 2175 4147 3758 4218; baseline -0.001 -15"><span class='ocrx_word' id='word_1_706' title='bbox 2175 4149 2307 4203; x_wconf 90' lang='lat' dir='ltr'><strong>lavit</strong></span> <span class='ocrx_word' id='word_1_707' title='bbox 2337 4147 2469 4218; x_wconf 89' lang='lat' dir='ltr'><strong>quid</strong></span> <span class='ocrx_word' id='word_1_708' title='bbox 2512 4163 2542 4200; x_wconf 90' lang='lat' dir='ltr'><strong>a</strong></span> <span class='ocrx_word' id='word_1_709' title='bbox 2580 4156 2633 4202; x_wconf 91' lang='lat' dir='ltr'><strong>te</strong></span> <span class='ocrx_word' id='word_1_710' title='bbox 2675 4147 2826 4216; x_wconf 90' lang='lat' dir='ltr'><strong>quod</strong></span> <span class='ocrx_word' id='word_1_711' title='bbox 2861 4147 3055 4211; x_wconf 90' lang='lat' dir='ltr'><strong>habes,</strong></span> <span class='ocrx_word' id='word_1_712' title='bbox 3085 4164 3196 4202; x_wconf 90' lang='lat' dir='ltr'><strong>non</strong></span> <span class='ocrx_word' id='word_1_713' title='bbox 3230 4148 3383 4202; x_wconf 90' lang='lat' dir='ltr'><strong>dicas</strong></span> <span class='ocrx_word' id='word_1_714' title='bbox 3419 4148 3584 4203; x_wconf 91' lang='lat' dir='ltr'><strong>corde</strong></span> <span class='ocrx_word' id='word_1_715' title='bbox 3616 4166 3629 4201; x_wconf 96' lang='lat'>:</span> <span class='ocrx_word' id='word_1_716' title='bbox 3661 4149 3758 4202; x_wconf 85' lang='lat' dir='ltr'><strong>Di-</strong></span> 
     </span>
    </p>
   </div>
   <div class='ocr_carea' id='block_1_102' title="bbox 2173 4239 3760 4310">
    <p class='ocr_par' dir='ltr' id='par_1_102' title="bbox 2173 4239 3760 4310">
     <span class='ocr_line' id='line_1_102' title="bbox 2173 4239 3760 4310; baseline -0.001 -14"><span class='ocrx_word' id='word_1_717' title='bbox 2173 4243 2386 4298; x_wconf 89' lang='lat' dir='ltr'><strong>mittam</strong></span> <span class='ocrx_word' id='word_1_718' title='bbox 2418 4241 2524 4294; x_wconf 91' lang='lat' dir='ltr'><strong>hoc</strong></span> <span class='ocrx_word' id='word_1_719' title='bbox 2548 4240 2743 4295; x_wconf 64' lang='lat' dir='ltr'><strong>animae</strong></span> <span class='ocrx_word' id='word_1_720' title='bbox 2769 4255 2924 4304; x_wconf 54' lang='lat' dir='ltr'><strong>mea},</strong></span> <span class='ocrx_word' id='word_1_721' title='bbox 2963 4250 3023 4294; x_wconf 91' lang='lat' dir='ltr'><strong>ut</strong></span> <span class='ocrx_word' id='word_1_722' title='bbox 3053 4239 3396 4310; x_wconf 89' lang='lat' dir='ltr'><strong>requiescam</strong></span> <span class='ocrx_word' id='word_1_723' title='bbox 3424 4241 3478 4294; x_wconf 90' lang='lat' dir='ltr'><strong>in</strong></span> <span class='ocrx_word' id='word_1_724' title='bbox 3508 4239 3626 4309; x_wconf 86' lang='lat' dir='ltr'><strong>ipso</strong></span> <span class='ocrx_word' id='word_1_725' title='bbox 3653 4258 3666 4294; x_wconf 91' lang='lat'><strong>:</strong></span> <span class='ocrx_word' id='word_1_726' title='bbox 3699 4249 3760 4294; x_wconf 88' lang='lat' dir='ltr'><strong>et</strong></span> 
     </span>
    </p>
   </div>
   <div class='ocr_carea' id='block_1_103' title="bbox 2177 4331 3756 4402">
    <p class='ocr_par' dir='ltr' id='par_1_103' title="bbox 2177 4331 3756 4402">
     <span class='ocr_line' id='line_1_103' title="bbox 2177 4331 3756 4402; baseline -0.001 -15"><span class='ocrx_word' id='word_1_727' title='bbox 2177 4334 2319 4387; x_wconf 91' lang='lat' dir='ltr'><strong>Deus</strong></span> <span class='ocrx_word' id='word_1_728' title='bbox 2352 4332 2518 4387; x_wconf 92' lang='lat' dir='ltr'><strong>habet</strong></span> <span class='ocrx_word' id='word_1_729' title='bbox 2548 4331 2695 4386; x_wconf 91' lang='lat' dir='ltr'><strong>unde</strong></span> <span class='ocrx_word' id='word_1_730' title='bbox 2729 4331 2810 4385; x_wconf 86' lang='lat' dir='ltr'><strong>illi</strong></span> <span class='ocrx_word' id='word_1_731' title='bbox 2855 4331 3102 4402; x_wconf 87' lang='lat' dir='ltr'><strong>porrigat</strong></span> <span class='ocrx_word' id='word_1_732' title='bbox 3141 4331 3454 4386; x_wconf 91' lang='lat' dir='ltr'><strong>necessaria</strong></span> <span class='ocrx_word' id='word_1_733' title='bbox 3503 4331 3756 4386; x_wconf 88' lang='lat' dir='ltr'><strong>aliunde.</strong></span> 
     </span>
    </p>
   </div>
   <div class='ocr_carea' id='block_1_104' title="bbox 2173 4423 3751 4495">
    <p class='ocr_par' dir='ltr' id='par_1_104' title="bbox 2173 4423 3751 4495">
     <span class='ocr_line' id='line_1_104' title="bbox 2173 4423 3751 4495; baseline -0.003 -15"><span class='ocrx_word' id='word_1_734' title='bbox 2173 4424 2492 4495; x_wconf 92' lang='lat' dir='ltr'><strong>lniquorum</strong></span> <span class='ocrx_word' id='word_1_735' title='bbox 2521 4431 2674 4478; x_wconf 89' lang='lat' dir='ltr'><strong>certa</strong></span> <span class='ocrx_word' id='word_1_736' title='bbox 2707 4433 2835 4478; x_wconf 91' lang='lat' dir='ltr'><strong>sunt</strong></span> <span class='ocrx_word' id='word_1_737' title='bbox 2863 4424 2980 4478; x_wconf 62' lang='lat' dir='ltr'><strong>hate</strong></span> <span class='ocrx_word' id='word_1_738' title='bbox 3025 4432 3082 4478; x_wconf 90' lang='lat' dir='ltr'><strong>et</strong></span> <span class='ocrx_word' id='word_1_739' title='bbox 3126 4423 3503 4493; x_wconf 90' lang='lat' dir='ltr'><strong>ignorantium</strong></span> <span class='ocrx_word' id='word_1_740' title='bbox 3547 4423 3751 4476; x_wconf 89' lang='lat' dir='ltr'><strong>Deum.</strong></span> 
     </span>
    </p>
   </div>
   <div class='ocr_carea' id='block_1_105' title="bbox 2173 4516 3760 4588">
    <p class='ocr_par' dir='ltr' id='par_1_105' title="bbox 2173 4516 3760 4588">
     <span class='ocr_line' id='line_1_105' title="bbox 2173 4516 3760 4588; baseline -0.001 -16"><span class='ocrx_word' id='word_1_741' title='bbox 2173 4518 2508 4588; x_wconf 85' lang='lat' dir='ltr'><strong>Namjustus</strong></span> <span class='ocrx_word' id='word_1_742' title='bbox 2542 4516 2710 4572; x_wconf 81' lang='lat' dir='ltr'><strong>homo</strong></span> <span class='ocrx_word' id='word_1_743' title='bbox 2730 4527 2786 4571; x_wconf 91' lang='lat' dir='ltr'><strong>et</strong></span> <span class='ocrx_word' id='word_1_744' title='bbox 2816 4516 2994 4571; x_wconf 90' lang='lat' dir='ltr'><strong>bonus</strong></span> <span class='ocrx_word' id='word_1_745' title='bbox 3024 4531 3186 4571; x_wconf 92' lang='lat' dir='ltr'><strong>suum</strong></span> <span class='ocrx_word' id='word_1_746' title='bbox 3206 4516 3477 4570; x_wconf 85' lang='lat' dir='ltr'><strong>honorem</strong></span> <span class='ocrx_word' id='word_1_747' title='bbox 3515 4531 3624 4569; x_wconf 87' lang='lat' dir='ltr'><strong>non</strong></span> <span class='ocrx_word' id='word_1_748' title='bbox 3660 4516 3760 4571; x_wconf 89' lang='lat' dir='ltr'><strong>dat</strong></span> 
     </span>
    </p>
   </div>
   <div class='ocr_carea' id='block_1_106' title="bbox 2177 4608 3758 4680">
    <p class='ocr_par' dir='ltr' id='par_1_106' title="bbox 2177 4608 3758 4680">
     <span class='ocr_line' id='line_1_106' title="bbox 2177 4608 3758 4680; baseline -0.001 -18"><span class='ocrx_word' id='word_1_749' title='bbox 2177 4609 2291 4674; x_wconf 91' lang='lat' dir='ltr'><strong>alii,</strong></span> <span class='ocrx_word' id='word_1_750' title='bbox 2339 4623 2518 4679; x_wconf 88' lang='lat' dir='ltr'><strong>neque</strong></span> <span class='ocrx_word' id='word_1_751' title='bbox 2539 4609 2810 4678; x_wconf 87' lang='lat' dir='ltr'><strong>permittit</strong></span> <span class='ocrx_word' id='word_1_752' title='bbox 2858 4609 3048 4680; x_wconf 66' lang='lat' dir='ltr'><strong>gratim</strong></span> <span class='ocrx_word' id='word_1_753' title='bbox 3099 4617 3316 4678; x_wconf 87' lang='lat' dir='ltr'><strong>tempus</strong></span> <span class='ocrx_word' id='word_1_754' title='bbox 3347 4608 3587 4662; x_wconf 86' lang='lat' dir='ltr'><strong>inaniter</strong></span> <span class='ocrx_word' id='word_1_755' title='bbox 3619 4625 3758 4677; x_wconf 65' lang='lat' dir='ltr'><strong>prse-</strong></span> 
     </span>
    </p>
   </div>
   <div class='ocr_carea' id='block_1_107' title="bbox 2178 4701 3756 4772">
    <p class='ocr_par' dir='ltr' id='par_1_107' title="bbox 2178 4701 3756 4772">
     <span class='ocr_line' id='line_1_107' title="bbox 2178 4701 3756 4772; baseline 0.001 -18"><span class='ocrx_word' id='word_1_756' title='bbox 2178 4701 2347 4756; x_wconf 88' lang='lat' dir='ltr'><strong>terire</strong></span> <span class='ocrx_word' id='word_1_757' title='bbox 2379 4718 2393 4755; x_wconf 89' lang='lat'><strong>:</strong></span> <span class='ocrx_word' id='word_1_758' title='bbox 2421 4715 2632 4770; x_wconf 91' lang='lat' dir='ltr'><strong>pauper</strong></span> <span class='ocrx_word' id='word_1_759' title='bbox 2669 4701 2897 4772; x_wconf 89' lang='lat' dir='ltr'><strong>quidem</strong></span> <span class='ocrx_word' id='word_1_760' title='bbox 2929 4711 3211 4771; x_wconf 89' lang='lat' dir='ltr'><strong>etegenus</strong></span> <span class='ocrx_word' id='word_1_761' title='bbox 3227 4702 3393 4755; x_wconf 91' lang='lat' dir='ltr'><strong>homo</strong></span> <span class='ocrx_word' id='word_1_762' title='bbox 3420 4710 3756 4770; x_wconf 88' lang='lat' dir='ltr'><strong>procuratur</strong></span> 
     </span>
    </p>
   </div>
   <div class='ocr_carea' id='block_1_108' title="bbox 2176 4777 3754 4861">
    <p class='ocr_par' dir='ltr' id='par_1_108' title="bbox 2176 4777 3754 4861">
     <span class='ocr_line' id='line_1_108' title="bbox 2176 4777 3754 4861; baseline 0.001 -15"><span class='ocrx_word' id='word_1_763' title='bbox 2176 4809 2204 4846; x_wconf 92' lang='lat' dir='ltr'><strong>a</strong></span> <span class='ocrx_word' id='word_1_764' title='bbox 2239 4777 2372 4855; x_wconf 84' lang='lat' dir='ltr'><strong>Deo,</strong></span> <span class='ocrx_word' id='word_1_765' title='bbox 2399 4792 2529 4861; x_wconf 89' lang='lat' dir='ltr'><strong>quia</strong></span> <span class='ocrx_word' id='word_1_766' title='bbox 2551 4792 2764 4846; x_wconf 92' lang='lat' dir='ltr'><strong>nullum</strong></span> <span class='ocrx_word' id='word_1_767' title='bbox 2779 4793 3049 4847; x_wconf 90' lang='lat' dir='ltr'><strong>Dominus</strong></span> <span class='ocrx_word' id='word_1_768' title='bbox 3077 4791 3438 4861; x_wconf 90' lang='lat' dir='ltr'><strong>derelinquit.</strong></span> <span class='ocrx_word' id='word_1_769' title='bbox 3465 4793 3546 4846; x_wconf 90' lang='lat' dir='ltr'><strong>Tu</strong></span> <span class='ocrx_word' id='word_1_770' title='bbox 3565 4803 3754 4847; x_wconf 87' lang='lat' dir='ltr'><strong>autem</strong></span> 
     </span>
    </p>
   </div>
   <div class='ocr_carea' id='block_1_109' title="bbox 2179 4883 3755 4961">
    <p class='ocr_par' dir='ltr' id='par_1_109' title="bbox 2179 4883 3755 4961">
     <span class='ocr_line' id='line_1_109' title="bbox 2179 4883 3755 4961; baseline -0.001 -21"><span class='ocrx_word' id='word_1_771' title='bbox 2179 4885 2453 4961; x_wconf 84' lang='lat' dir='ltr'><strong>reliquisti</strong></span> <span class='ocrx_word' id='word_1_772' title='bbox 2496 4885 2764 4939; x_wconf 90' lang='lat' dir='ltr'><strong>honorem</strong></span> <span class='ocrx_word' id='word_1_773' title='bbox 2814 4892 2969 4938; x_wconf 91' lang='lat' dir='ltr'><strong>tuum</strong></span> <span class='ocrx_word' id='word_1_774' title='bbox 3003 4892 3359 4954; x_wconf 84' lang='lat' dir='ltr'><strong>procuratum</strong></span> <span class='ocrx_word' id='word_1_775' title='bbox 3401 4883 3500 4938; x_wconf 87' lang='lat' dir='ltr'><strong>tibi</strong></span> <span class='ocrx_word' id='word_1_776' title='bbox 3534 4900 3565 4938; x_wconf 90' lang='lat' dir='ltr'><strong>a</strong></span> <span class='ocrx_word' id='word_1_777' title='bbox 3591 4885 3704 4939; x_wconf 91' lang='lat' dir='ltr'><strong>Deo</strong></span> <span class='ocrx_word' id='word_1_778' title='bbox 3738 4902 3755 4949; x_wconf 88' lang='lat'><strong>;</strong></span> 
     </span>
    </p>
   </div>
   <div class='ocr_carea' id='block_1_110' title="bbox 2176 4975 3755 5048">
    <p class='ocr_par' dir='ltr' id='par_1_110' title="bbox 2176 4975 3755 5048">
     <span class='ocr_line' id='line_1_110' title="bbox 2176 4975 3755 5048; baseline -0.003 -15"><span class='ocrx_word' id='word_1_779' title='bbox 2176 4986 2234 5033; x_wconf 90' lang='lat' dir='ltr'><strong>et</strong></span> <span class='ocrx_word' id='word_1_780' title='bbox 2271 4977 2550 5048; x_wconf 90' lang='lat' dir='ltr'><strong>repellens</strong></span> <span class='ocrx_word' id='word_1_781' title='bbox 2581 4991 2906 5046; x_wconf 85' lang='lat' dir='ltr'><strong>pauperem,</strong></span> <span class='ocrx_word' id='word_1_782' title='bbox 2933 4992 3086 5030; x_wconf 89' lang='lat' dir='ltr'><strong>suam</strong></span> <span class='ocrx_word' id='word_1_783' title='bbox 3124 4993 3154 5030; x_wconf 90' lang='lat' dir='ltr'><strong>a</strong></span> <span class='ocrx_word' id='word_1_784' title='bbox 3199 4984 3249 5030; x_wconf 89' lang='lat' dir='ltr'><strong>te</strong></span> <span class='ocrx_word' id='word_1_785' title='bbox 3273 4975 3505 5046; x_wconf 88' lang='lat' dir='ltr'><strong>gratiam</strong></span> <span class='ocrx_word' id='word_1_786' title='bbox 3529 4975 3755 5045; x_wconf 87' lang='lat' dir='ltr'><strong>elonga-</strong></span> 
     </span>
    </p>
   </div>
   <div class='ocr_carea' id='block_1_111' title="bbox 2180 5066 3758 5138">
    <p class='ocr_par' dir='ltr' id='par_1_111' title="bbox 2180 5066 3758 5138">
     <span class='ocr_line' id='line_1_111' title="bbox 2180 5066 3758 5138; baseline -0.003 -14"><span class='ocrx_word' id='word_1_787' title='bbox 2180 5070 2251 5125; x_wconf 89' lang='lat' dir='ltr'><strong>sti</strong></span> <span class='ocrx_word' id='word_1_788' title='bbox 2308 5087 2322 5122; x_wconf 90' lang='lat'>:</span> <span class='ocrx_word' id='word_1_789' title='bbox 2371 5084 2497 5123; x_wconf 90' lang='lat' dir='ltr'><strong>cum</strong></span> <span class='ocrx_word' id='word_1_790' title='bbox 2541 5079 2724 5122; x_wconf 90' lang='lat' dir='ltr'><strong>autem</strong></span> <span class='ocrx_word' id='word_1_791' title='bbox 2762 5067 2984 5122; x_wconf 87' lang='lat' dir='ltr'><strong>dederis</strong></span> <span class='ocrx_word' id='word_1_792' title='bbox 3011 5109 3024 5129; x_wconf 85' lang='grc'>,</span> <span class='ocrx_word' id='word_1_793' title='bbox 3071 5067 3268 5138; x_wconf 87' lang='lat' dir='ltr'><strong>gaude,</strong></span> <span class='ocrx_word' id='word_1_794' title='bbox 3311 5075 3366 5120; x_wconf 92' lang='lat' dir='ltr'><strong>et</strong></span> <span class='ocrx_word' id='word_1_795' title='bbox 3399 5067 3490 5121; x_wconf 89' lang='lat' dir='ltr'><strong>dic</strong></span> <span class='ocrx_word' id='word_1_796' title='bbox 3527 5084 3539 5120; x_wconf 91' lang='lat'><strong>:</strong></span> <span class='ocrx_word' id='word_1_797' title='bbox 3571 5066 3758 5122; x_wconf 86' lang='lat' dir='ltr'><strong>Gloria</strong></span> 
     </span>
    </p>
   </div>
   <div class='ocr_carea' id='block_1_112' title="bbox 2181 5158 3760 5232">
    <p class='ocr_par' dir='ltr' id='par_1_112' title="bbox 2181 5158 3760 5232">
     <span class='ocr_line' id='line_1_112' title="bbox 2181 5158 3760 5232; baseline -0.003 -16"><span class='ocrx_word' id='word_1_798' title='bbox 2181 5162 2302 5225; x_wconf 89' lang='lat' dir='ltr'><strong>tibi,</strong></span> <span class='ocrx_word' id='word_1_799' title='bbox 2337 5162 2505 5226; x_wconf 90' lang='lat' dir='ltr'><strong>Deus,</strong></span> <span class='ocrx_word' id='word_1_800' title='bbox 2534 5159 2629 5230; x_wconf 89' lang='lat' dir='ltr'><strong>qui</strong></span> <span class='ocrx_word' id='word_1_801' title='bbox 2655 5160 2832 5214; x_wconf 88' lang='lat' dir='ltr'><strong>fecisti</strong></span> <span class='ocrx_word' id='word_1_802' title='bbox 2876 5175 2964 5214; x_wconf 90' lang='lat' dir='ltr'><strong>me</strong></span> <span class='ocrx_word' id='word_1_803' title='bbox 2996 5160 3247 5232; x_wconf 89' lang='lat' dir='ltr'><strong>dignum,</strong></span> <span class='ocrx_word' id='word_1_804' title='bbox 3275 5167 3337 5212; x_wconf 89' lang='lat' dir='ltr'><strong>ut</strong></span> <span class='ocrx_word' id='word_1_805' title='bbox 3383 5160 3623 5229; x_wconf 87' lang='lat' dir='ltr'><strong>aliquem</strong></span> <span class='ocrx_word' id='word_1_806' title='bbox 3671 5158 3760 5212; x_wconf 90' lang='lat' dir='ltr'><strong>iu-</strong></span> 
     </span>
    </p>
   </div>
   <div class='ocr_carea' id='block_1_113' title="bbox 2178 5250 3760 5321">
    <p class='ocr_par' dir='ltr' id='par_1_113' title="bbox 2178 5250 3760 5321">
     <span class='ocr_line' id='line_1_113' title="bbox 2178 5250 3760 5321; baseline -0.001 -14"><span class='ocrx_word' id='word_1_807' title='bbox 2178 5253 2427 5308; x_wconf 90' lang='lat' dir='ltr'><strong>venirem</strong></span> <span class='ocrx_word' id='word_1_808' title='bbox 2484 5251 2552 5305; x_wconf 90' lang='lat' dir='ltr'><strong>ad</strong></span> <span class='ocrx_word' id='word_1_809' title='bbox 2620 5251 3099 5321; x_wconf 89' lang='lat' dir='ltr'><strong>complacendum.</strong></span> <span class='ocrx_word' id='word_1_810' title='bbox 3143 5250 3304 5317; x_wconf 86' lang='lat' dir='ltr'><strong>Quod</strong></span> <span class='ocrx_word' id='word_1_811' title='bbox 3348 5251 3393 5305; x_wconf 90' lang='lat' dir='ltr'><strong>si</strong></span> <span class='ocrx_word' id='word_1_812' title='bbox 3427 5266 3536 5304; x_wconf 90' lang='lat' dir='ltr'><strong>non</strong></span> <span class='ocrx_word' id='word_1_813' title='bbox 3584 5250 3760 5305; x_wconf 71' lang='lat' dir='ltr'><strong>habes</strong></span> 
     </span>
    </p>
   </div>
   <div class='ocr_carea' id='block_1_114' title="bbox 2178 5343 3757 5417">
    <p class='ocr_par' dir='ltr' id='par_1_114' title="bbox 2178 5343 3757 5417">
     <span class='ocr_line' id='line_1_114' title="bbox 2178 5343 3757 5417; baseline -0.004 -16"><span class='ocrx_word' id='word_1_814' title='bbox 2178 5347 2324 5417; x_wconf 92' lang='lat' dir='ltr'><strong>quod</strong></span> <span class='ocrx_word' id='word_1_815' title='bbox 2351 5345 2470 5406; x_wconf 84' lang='lat' dir='ltr'><strong>des,</strong></span> <span class='ocrx_word' id='word_1_816' title='bbox 2496 5345 2674 5416; x_wconf 85' lang='lat' dir='ltr'><strong>gaude</strong></span> <span class='ocrx_word' id='word_1_817' title='bbox 2697 5345 2904 5414; x_wconf 88' lang='lat' dir='ltr'><strong>potius,</strong></span> <span class='ocrx_word' id='word_1_818' title='bbox 2930 5353 2986 5399; x_wconf 91' lang='lat' dir='ltr'><strong>et</strong></span> <span class='ocrx_word' id='word_1_819' title='bbox 3009 5344 3100 5400; x_wconf 89' lang='lat' dir='ltr'><strong>die</strong></span> <span class='ocrx_word' id='word_1_820' title='bbox 3121 5343 3367 5398; x_wconf 86' lang='lat' dir='ltr'><strong>referens</strong></span> <span class='ocrx_word' id='word_1_821' title='bbox 3396 5357 3444 5412; x_wconf 85' lang='lat' dir='ltr'><strong>gi</strong></span> <span class='ocrx_word' id='word_1_822' title='bbox 3462 5351 3582 5397; x_wconf 90' lang='lat' dir='ltr'><strong>ates</strong></span> <span class='ocrx_word' id='word_1_823' title='bbox 3608 5343 3722 5397; x_wconf 90' lang='lat' dir='ltr'><strong>Deo</strong></span> <span class='ocrx_word' id='word_1_824' title='bbox 3746 5362 3757 5395; x_wconf 92' lang='lat'><strong>:</strong></span> 
     </span>
    </p>
   </div>
   <div class='ocr_carea' id='block_1_115' title="bbox 2177 5433 3759 5506">
    <p class='ocr_par' dir='ltr' id='par_1_115' title="bbox 2177 5433 3759 5506">
     <span class='ocr_line' id='line_1_115' title="bbox 2177 5433 3759 5506; baseline -0.003 -14"><span class='ocrx_word' id='word_1_825' title='bbox 2177 5436 2394 5492; x_wconf 88' lang='lat' dir='ltr'><strong>Gratias</strong></span> <span class='ocrx_word' id='word_1_826' title='bbox 2423 5435 2524 5490; x_wconf 90' lang='lat' dir='ltr'><strong>tibi</strong></span> <span class='ocrx_word' id='word_1_827' title='bbox 2553 5451 2676 5506; x_wconf 86' lang='lat' dir='ltr'><strong>ago,</strong></span> <span class='ocrx_word' id='word_1_828' title='bbox 2702 5437 2849 5491; x_wconf 90' lang='lat' dir='ltr'><strong>Deus</strong></span> <span class='ocrx_word' id='word_1_829' title='bbox 2882 5452 3059 5499; x_wconf 88' lang='lat' dir='ltr'><strong>meus,</strong></span> <span class='ocrx_word' id='word_1_830' title='bbox 3097 5435 3190 5505; x_wconf 90' lang='lat' dir='ltr'><strong>qui</strong></span> <span class='ocrx_word' id='word_1_831' title='bbox 3217 5433 3418 5489; x_wconf 90' lang='lat' dir='ltr'><strong>dedisti</strong></span> <span class='ocrx_word' id='word_1_832' title='bbox 3443 5433 3578 5488; x_wconf 88' lang='lat' dir='ltr'><strong>mihi</strong></span> <span class='ocrx_word' id='word_1_833' title='bbox 3609 5434 3759 5488; x_wconf 90' lang='lat' dir='ltr'><strong>hunc</strong></span> 
     </span>
    </p>
   </div>
   <div class='ocr_carea' id='block_1_116' title="bbox 2176 5524 3756 5597">
    <p class='ocr_par' dir='ltr' id='par_1_116' title="bbox 2176 5524 3756 5597">
     <span class='ocr_line' id='line_1_116' title="bbox 2176 5524 3756 5597; baseline -0.003 -15"><span class='ocrx_word' id='word_1_834' title='bbox 2176 5529 2468 5592; x_wconf 90' lang='lat' dir='ltr'><strong>honorem,</strong></span> <span class='ocrx_word' id='word_1_835' title='bbox 2494 5537 2555 5582; x_wconf 91' lang='lat' dir='ltr'><strong>ut</strong></span> <span class='ocrx_word' id='word_1_836' title='bbox 2579 5528 2682 5582; x_wconf 91' lang='lat' dir='ltr'><strong>sim</strong></span> <span class='ocrx_word' id='word_1_837' title='bbox 2713 5544 2812 5597; x_wconf 92' lang='lat' dir='ltr'><strong>pro</strong></span> <span class='ocrx_word' id='word_1_838' title='bbox 2845 5529 3071 5582; x_wconf 90' lang='lat' dir='ltr'><strong>nomine</strong></span> <span class='ocrx_word' id='word_1_839' title='bbox 3091 5535 3187 5581; x_wconf 92' lang='lat' dir='ltr'><strong>tuo</strong></span> <span class='ocrx_word' id='word_1_840' title='bbox 3221 5542 3453 5596; x_wconf 91' lang='lat' dir='ltr'><strong>pauper,</strong></span> <span class='ocrx_word' id='word_1_841' title='bbox 3485 5535 3543 5580; x_wconf 91' lang='lat' dir='ltr'><strong>et</strong></span> <span class='ocrx_word' id='word_1_842' title='bbox 3577 5524 3756 5580; x_wconf 87' lang='lat' dir='ltr'><strong>fecisti</strong></span> 
     </span>
    </p>
   </div>
   <div class='ocr_carea' id='block_1_117' title="bbox 2178 5615 3756 5688">
    <p class='ocr_par' dir='ltr' id='par_1_117' title="bbox 2178 5615 3756 5688">
     <span class='ocr_line' id='line_1_117' title="bbox 2178 5615 3756 5688; baseline -0.001 -16"><span class='ocrx_word' id='word_1_843' title='bbox 2178 5635 2265 5674; x_wconf 89' lang='lat' dir='ltr'><strong>me</strong></span> <span class='ocrx_word' id='word_1_844' title='bbox 2313 5617 2541 5688; x_wconf 88' lang='lat' dir='ltr'><strong>dignum</strong></span> <span class='ocrx_word' id='word_1_845' title='bbox 2576 5627 2798 5688; x_wconf 87' lang='lat' dir='ltr'><strong>gustare</strong></span> <span class='ocrx_word' id='word_1_846' title='bbox 2841 5618 3252 5674; x_wconf 88' lang='lat' dir='ltr'><strong>tribulationem</strong></span> <span class='ocrx_word' id='word_1_847' title='bbox 3296 5616 3530 5687; x_wconf 86' lang='lat' dir='ltr'><strong>positam</strong></span> <span class='ocrx_word' id='word_1_848' title='bbox 3571 5615 3629 5670; x_wconf 88' lang='lat' dir='ltr'><strong>in</strong></span> <span class='ocrx_word' id='word_1_849' title='bbox 3671 5616 3756 5671; x_wconf 81' lang='lat' dir='ltr'><strong>via</strong></span> 
     </span>
    </p>
   </div>
   <div class='ocr_carea' id='block_1_118' title="bbox 2178 5710 3752 5779">
    <p class='ocr_par' dir='ltr' id='par_1_118' title="bbox 2178 5710 3752 5779">
     <span class='ocr_line' id='line_1_118' title="bbox 2178 5710 3752 5779; baseline -0.001 -14"><span class='ocrx_word' id='word_1_850' title='bbox 2178 5710 2565 5766; x_wconf 89' lang='lat' dir='ltr'><strong>mandatorum</strong></span> <span class='ocrx_word' id='word_1_851' title='bbox 2603 5720 2822 5768; x_wconf 90' lang='lat' dir='ltr'><strong>tuorum</strong></span> <span class='ocrx_word' id='word_1_852' title='bbox 2851 5712 2906 5766; x_wconf 88' lang='lat' dir='ltr'><strong>in</strong></span> <span class='ocrx_word' id='word_1_853' title='bbox 2954 5711 3271 5767; x_wconf 83' lang='lat' dir='ltr'><strong>infirmitate</strong></span> <span class='ocrx_word' id='word_1_854' title='bbox 3305 5717 3361 5764; x_wconf 91' lang='lat' dir='ltr'><strong>ct</strong></span> <span class='ocrx_word' id='word_1_855' title='bbox 3409 5716 3752 5779; x_wconf 75' lang='lat' dir='ltr'><strong>paupertate,</strong></span> 
     </span>
    </p>
   </div>
  </div>
