4112 6538
275 450 384 513 825

1339 454 1569 513 LIBER
1613 456 1711 514 DE
1748 456 2199 518 CONTEMPTU
2240 457 2512 517 MUNDL

3438 452 3541 517 896

276 562 426 617 sicut
447 567 812 631 gustaverunt
841 561 1019 616 sancti
1042 562 1137 631 qui
1178 576 1277 632 per
1301 562 1444 618 hanc
1471 565 1615 618 viam
1650 564 1847 617 ambu-
1880 572 1924 624 Α
1955 570 2075 619 sine
2112 567 2268 619 lucro
2298 576 2354 619 et
2395 562 2671 625 mercede,
2704 560 2848 614 sicut
2879 569 3009 615 sunt
3055 560 3540 616 irrationabilibus

277 654 558 709 laverunt.

349 746 489 803 Cum
513 746 901 813 inﬁrmaveris,
936 748 1027 804 die
1064 765 1078 803 :
1107 748 1332 805 Beatius
1371 759 1456 805 est
1483 750 1570 806 his
1600 752 1694 822 qui
1744 768 1860 805 me-

280 848 517 894 ruerunt
537 855 566 893 a
595 840 830 893 Domino
861 842 1061 895 tentari
1092 842 1147 895 in
1175 842 1263 896 his
1296 843 1502 911 quibus
1547 845 1715 898 vitam
1744 845 1859 899 hae-

269 931 546 987 reditarie
598 932 983 1001 possidemus;
1028 932 1378 988 infirmitates
1428 935 1575 989 enim
1607 935 1861 1004 corporis

276 1021 481 1078 adsunt
533 1038 634 1092 pro
669 1023 867 1079 animae
898 1025 1157 1079 sanitate.
1185 1025 1333 1080 Dixit
1376 1026 1600 1095 quidam
1643 1036 1860 1080 sancto-

279 1130 426 1179 rum,
449 1124 506 1169 et
527 1116 660 1170 illud
683 1118 893 1187 notavi,
926 1116 1074 1186 quod
1100 1119 1405 1173 monachus
1425 1119 1519 1189 qui
1552 1136 1662 1174 non
1687 1121 1861 1175 servit

279 1206 395 1262 Deo
424 1208 581 1278 juxta
607 1208 1017 1278 beneplacilum
1042 1210 1184 1279 ejus,
1217 1225 1322 1263 nec
1350 1210 1599 1265 studiose
1645 1211 1862 1266 laborat

280 1315 384 1370 pro
407 1301 585 1355 salute
617 1301 814 1355 anima:
843 1317 976 1365 suae,
1018 1301 1113 1355 sed
1138 1318 1265 1371 erga
1294 1303 1564 1357 virtutum
1614 1303 1860 1373 acquisi-

283 1394 489 1448 tionem
507 1409 565 1448 se
582 1395 832 1448 continet
848 1395 1210 1465 negligenter,
1228 1398 1570 1466 permittitur
1585 1412 1614 1450 a
1630 1398 1862 1450 Domino

284 1484 338 1538 in
368 1486 708 1541 tentationes
733 1487 1000 1550 incidere,
1040 1504 1107 1542 ne
1134 1504 1234 1558 per
1262 1489 1487 1543 nimiam
1523 1489 1859 1543 otiositatem

282 1591 438 1630 suam
463 1577 529 1631 ad
554 1577 831 1633 deteriora
862 1579 1126 1634 declinet.
1172 1580 1254 1635 0b
1293 1580 1399 1635 hoc
1440 1581 1589 1635 enim
1638 1581 1863 1651 projicit

283 1669 430 1725 Deus
458 1670 792 1726 tentationes
818 1687 985 1741 super
1012 1672 1196 1743 pigros
1218 1680 1273 1726 et
1307 1672 1671 1743 negligentes,
1721 1681 1783 1726 ut
1806 1672 1861 1726 in

286 1758 444 1828 ipsis,
481 1769 535 1815 et
560 1779 670 1817 non
706 1762 761 1817 in
794 1763 1134 1817 vanitatibus
1164 1764 1528 1817 meditentur.
1567 1763 1722 1817 Facit
1758 1764 1863 1818 hoc

288 1849 435 1904 Deus
460 1851 819 1922 diligentibus
847 1869 998 1916 eum,
1030 1861 1087 1905 ut
1119 1852 1351 1922 castiget
1379 1861 1435 1906 et
1459 1851 1623 1907 faciat
1649 1854 1866 1921 sapien-

288 1952 391 2005 tes,
419 1950 476 1998 et
505 1944 653 2013 ipsos
678 1946 871 2000 doceat
898 1962 1053 2000 suam
1081 1947 1423 2000 voluntatem
1450 1964 1464 2011 ;
1501 1961 1662 2015 quos,
1685 1962 1865 2015 quan-

285 2032 358 2087 do
379 2034 445 2089 ad
474 2052 599 2090 eum
624 2047 803 2103 orant,
830 2038 997 2093 citius
1016 2054 1127 2093 non
1156 2038 1403 2102 exaudit,
1432 2038 1543 2107 (12)
1576 2052 1866 2107 quousque

287 2125 526 2181 confessi
564 2129 674 2182 sint
693 2137 750 2182 et
774 2128 952 2183 sciant
985 2145 1085 2198 pro
1111 2139 1287 2193 certo,
1313 2128 1461 2198 quod
1485 2129 1589 2183 hoc
1618 2129 1724 2183 sibi
1767 2145 1868 2199 pro

286 2233 386 2270 sua
418 2219 751 2288 negligentia
784 2220 1074 2291 contingit.
1111 2220 1388 2290 Scriptum
1418 2228 1502 2274 est
1525 2221 1674 2275 enim
1701 2239 1713 2274 :
1736 2220 1867 2275 Cum

287 2311 625 2365 attenderitis
658 2312 728 2366 ad
763 2328 843 2365 me
879 2330 1068 2366 manus
1096 2320 1317 2375 vestras,
1375 2320 1612 2367 avertam
1651 2332 1683 2367 a
1728 2314 1868 2367 vobis

286 2402 465 2456 oculos
524 2421 683 2458 nteos.
739 2404 854 2459 Etsi
902 2404 1380 2475 multiplicaveritis
1419 2408 1723 2470 orationes,
1764 2423 1869 2460 non

286 2493 574 2546 exaudiam
599 2495 663 2546 ¹¹.
703 2494 816 2547 lloc
860 2494 989 2549 licet
1014 2510 1115 2564 pro
1148 2495 1258 2548 alio
1296 2495 1369 2549 sit
1410 2494 1641 2559 dictum,
1684 2504 1869 2553 tamen

287 2600 390 2654 pro
444 2586 533 2640 his
583 2586 851 2655 scriptum
878 2596 1000 2651 est,
1062 2587 1192 2655 quia
1225 2587 1371 2640 viam
1416 2586 1635 2640 Domini
1668 2586 1873 2641 dereli-

286 2684 551 2745 querunt.
596 2678 671 2731 Ex
692 2694 803 2747 quo
832 2679 1004 2732 Deum
1032 2678 1449 2733 misericordem
1468 2679 1703 2732 multum
1728 2678 1869 2733 dici-

288 2784 432 2833 mus,
465 2774 593 2838 quia
620 2769 765 2824 inter
796 2771 1173 2839 precationem
1202 2772 1548 2841 postulantes
1570 2780 1628 2825 et
1648 2772 1874 2840 pulsan-

289 2868 373 2915 tes
401 2878 511 2915 non
534 2864 863 2917 exaudimur
887 2864 1035 2935 (15);
1064 2864 1179 2919 haec
1203 2873 1387 2918 autem
1416 2864 1725 2918 docemura
1747 2879 1874 2933 pro-

289 2953 456 3022 pheta
486 2955 706 3010 dicente
750 2973 762 3007 :
803 2956 921 3010 Non
962 2958 1102 3009 enim
1133 2956 1302 3009 brevis
1339 2973 1529 3010 manus
1566 2955 1775 3010 Domini
1803 2956 1873 3010 ad

290 3044 659 3109 erudiendum,
714 3063 879 3117 neque
919 3049 1096 3117 gravis
1137 3048 1325 3100 auditu
1380 3048 1449 3101 ad
1498 3047 1873 3113 audiendum;

289 3135 382 3188 sed
413 3147 626 3206 peccata
653 3150 833 3193 nostra
866 3142 1159 3195 diviserunt
1194 3157 1288 3195 nos
1318 3140 1381 3194 ab
1412 3140 1529 3205 illo,
1584 3149 1634 3193 et
1680 3141 1876 3211 iniqui-

1960 658 2241 711 naturalcs
2295 655 2549 711 effectus.
2601 654 2817 720 Quanta
2876 653 3085 706 utilitas
3137 660 3194 706 et
3240 654 3542 722 gratiarum

1960 752 2126 816 actio,
2158 761 2214 805 et
2244 749 2528 803 humilitas
2558 748 2818 802 oriuntur
2846 746 2914 801 de
2940 762 3180 815 superna
3209 746 3537 802 inductione

1958 844 2016 914 9
2044 844 2418 907 stimulorum,
2448 857 2643 896 omnes
2673 841 2834 894 facile
2869 840 3011 894 scire
3051 850 3286 909 possunt
3314 860 3326 894 :
3360 841 3543 895 mani-

1960 937 2161 992 festum
2192 946 2277 991 est
2305 935 2453 1005 quod
2486 934 2649 988 nobis
2678 942 2763 987 est
2798 932 3023 986 studere
3056 933 3111 985 in
3148 932 3310 986 bonis
3357 940 3413 987 et
3447 932 3544 986 de-

1962 1030 2170 1084 clinare
2206 1044 2236 1082 a
2268 1028 2461 1091 malis;
2494 1034 2552 1080 et
2590 1025 2658 1080 ad
2693 1039 2795 1078 nos
2843 1024 3023 1077 honor
3056 1030 3113 1076 et
3142 1022 3386 1077 dedecus
3420 1039 3543 1091 qua}

1961 1122 2168 1177 habent
2196 1137 2263 1176 ex
2291 1122 2376 1175 his
2402 1120 2542 1185 fieri,
2581 1119 2903 1175 referuntur
2951 1134 2962 1169 :
3009 1132 3108 1186 pro
3138 1116 3418 1171 dedecore
3448 1132 3543 1169 ve-

1962 1214 2333 1270 recundantes
2360 1214 2715 1269 extendimur
2750 1213 2817 1267 ad
2848 1212 3103 1268 virtutes.
3138 1213 3251 1267 Hac
3277 1214 3346 1266 de
3376 1228 3544 1267 causa

1961 1307 2237 1378 permittit
2282 1316 2335 1361 te
2397 1307 2542 1361 Deus
2599 1306 2655 1360 in
2704 1306 3258 1360 constristationibus
3303 1321 3445 1366 esse,
3472 1320 3543 1358 ne

1964 1398 2262 1468 aliquando
2296 1399 2543 1454 declines
2574 1414 2915 1468 exasperans
2949 1415 3100 1464 eum,
3126 1406 3183 1453 et
3207 1398 3545 1468 superindu-

1964 1493 2148 1548 ctione
2174 1507 2354 1562 poma:
2379 1476 2629 1545 destruat
2661 1500 2711 1545 te
2736 1507 2765 1545 a
2797 1491 2935 1545 facie
2965 1501 3079 1544 tua.

2034 1584 2405 1640 Prtetermitto
2422 1583 2569 1637 enim
2595 1582 2864 1637 doctrinae
2883 1583 3223 1651 impietatem
3246 1594 3302 1636 et
3323 1591 3548 1637 caeteras

1965 1672 2357 1741 blasphemias,
2397 1688 2519 1740 quae
2559 1679 2868 1725 nascuntur
2905 1686 3005 1741 per
3031 1672 3457 1740 prosperitatem
3492 1680 3549 1726 et

1965 1765 2344 1819 securitatem.
2369 1763 2642 1830 Quoniam
2683 1763 2947 1832 praedicta
2977 1763 3249 1817 doctrina:
3279 1769 3406 1833 quis
3437 1780 3547 1817 non

1966 1855 2295 1924 praesumat?
2311 1853 2423 1908 Hos
2444 1854 2740 1923 magistros
2760 1855 2903 1907 Deus
2926 1852 3025 1906 tibi
3050 1855 3457 1924 multiplicavit,
3478 1871 3548 1909 ne

1968 1943 2012 1998 si
2049 1943 2191 1997 liber
2208 1957 2361 1997 esses
2390 1958 2456 1996 ex
2490 1943 2573 1996 eis
2602 1951 2661 1997 et
2687 1958 2798 1995 non
2834 1944 3185 2011 receptibilis
3211 1946 3550 1999 contristan-

1971 2035 2108 2089 tium
2144 2050 2209 2089 ac
2247 2050 2416 2103 supra
2455 2034 2715 2088 timorem
2737 2033 3038 2098 exsistens,
3064 2034 3415 2089 Oblivisceris
3446 2036 3551 2088 Do-

1969 2128 2181 2181 mitium
2224 2126 2395 2181 Deum
2435 2135 2611 2189 tuum,
2655 2134 2712 2179 et
2753 2125 3064 2180 declinares
3099 2126 3167 2179 ab
3199 2125 3339 2195 ipso,
3388 2136 3445 2180 et
3482 2125 3551 2178 ad

1969 2220 2245 2275 culturam
2279 2219 2581 2272 multorum
2599 2218 2830 2271 deorum
2862 2216 3161 2281 recideres,
3193 2218 3337 2271 sicut
3368 2216 3550 2280 multi,

1968 2312 2063 2381 qui
2110 2310 2305 2379 utique
2334 2317 2441 2363 tum
2476 2307 2822 2362 conditionis
2849 2306 3173 2361 consimiles
3199 2308 3551 2370 exsistentes,

1969 2415 2027 2461 et
2068 2403 2317 2475 ejusdem
2366 2400 2853 2457 contristabilibus
2887 2415 3001 2454 non
3037 2399 3322 2470 flagellati,
3358 2398 3411 2452 in
3442 2414 3554 2451 uno

1970 2504 2253 2551 momento
2285 2494 2555 2564 temporis
2600 2508 2701 2563 pro
2734 2492 2891 2547 brevi
2924 2500 3175 2562 potente,
3223 2507 3336 2545 non
3373 2491 3553 2545 solum

1970 2590 2038 2645 ad
2067 2590 2373 2644 multorum
2414 2587 2648 2641 deorum
2685 2584 3006 2640 inciderunt
3044 2584 3342 2645 culturam,
3374 2582 3468 2635 sed
3498 2589 3556 2635 et

1971 2683 2187 2755 seipsos
2233 2680 2422 2736 vocari
2454 2679 2591 2734 deos
2634 2678 2879 2733 inaniter
2916 2682 3413 2746 praesumpserunt.
3440 2674 3555 2729 Hac

1973 2776 2145 2847 igitur
2198 2776 2267 2830 de
2315 2790 2483 2829 causa
2540 2788 2643 2842 per
2698 2771 2989 2840 passiones
3039 2778 3097 2825 et
3148 2768 3555 2823 contristabilia

1974 2866 2365 2937 multiplicavit
2405 2866 2553 2919 Deus
2602 2862 2929 2917 memoriam
2986 2862 3073 2915 sui
3121 2860 3179 2915 in
3222 2860 3391 2915 corde
3433 2868 3554 2923 tuo,

1973 2968 2030 3015 et
2072 2959 2267 3013 timore
2297 2956 2699 3011 adversitatum
2743 2954 3009 3009 excitavit
3035 2960 3087 3007 te
3115 2952 3183 3007 ad
3216 2950 3556 3022 pulsandum

1975 3051 2181 3105 ostium
2209 3065 2321 3103 suae
2349 3048 2593 3118 pietatis,
2622 3055 2677 3101 et
2703 3061 2802 3116 pro
2826 3046 3160 3099 liberatione
3189 3054 3282 3097 tua
3322 3044 3390 3097 ab
3420 3044 3558 3113 ipsis

1974 3151 2031 3197 et
2052 3140 2345 3196 occasione
2370 3156 2563 3194 eorum
2592 3140 2645 3192 in
2682 3147 2733 3193 te
2758 3153 2913 3192 suam
2941 3138 3177 3191 inseruit
3203 3137 3559 3191 Charitatem.

293 3237 430 3281 tates
463 3238 680 3290 nostrae,
724 3248 788 3283 ne
821 3232 1099 3296 exaudiat,
1130 3232 1219 3302 qui
1254 3248 1407 3286 suam
1437 3232 1628 3301 [aciem
1666 3239 1869 3285 averte-
1900 3246 1943 3305 (ς
1974 3234 2313 3291 Charitatem
2344 3239 2528 3286 autem
2573 3231 2825 3285 inserens
2865 3230 3080 3283 honore
3114 3228 3213 3281 tibi
3244 3227 3562 3297 adoptionis

292 3328 419 3371 rant
444 3319 507 3371 ¹³.
536 3319 666 3373 Esto
698 3319 794 3373 Dei
832 3336 1043 3374 memor
1067 3322 1122 3374 in
1147 3320 1298 3373 omni
1333 3329 1614 3388 tempore;
1649 3328 1704 3372 et
1745 3332 1871 3371 cum

294 3409 555 3465 incideris
584 3411 636 3464 in
661 3412 824 3474 mala,
859 3411 1245 3465 recordabitur
1271 3412 1386 3482 ipse
1416 3411 1517 3466 tui.
1548 3411 1757 3465 Natura
1782 3418 1874 3464 tua

1975 3325 2463 3397 appropinquavit,
2498 3321 2855 3391 ostenditque
2889 3320 2990 3375 tibi
3022 3319 3415 3374 abundantiam
3449 3334 3562 3372 sua:

1975 3418 2185 3489 gratim,
2222 3424 2430 3485 quanta
2462 3423 2632 3469 esset.
2665 3413 2824 3469 Unde
2874 3413 3111 3477 sciebas,
3156 3429 3189 3466 ο
3230 3413 3418 3471 homo.
3458 3411 3562 3463 hu-

294 3501 438 3556 facta
468 3511 554 3556 est
582 3503 925 3572 receptibilis
944 3504 1208 3557 vitiorum
1238 3520 1250 3555 :
1275 3503 1443 3557 etiam
1471 3502 1875 3572 praasentissaa-
1970 3509 2217 3581 jusmodi
2255 3506 2730 3576 dispensationem
2765 3512 2822 3559 et
2857 3520 3048 3559 curam
3084 3519 3263 3566 suam,
3312 3504 3414 3556 nisi
3453 3502 3559 3555 tibi

296 3592 406 3646 culi
436 3593 771 3648 tentationes
801 3595 992 3648 multa:
1044 3602 1196 3655 sunt,
1222 3610 1325 3648 nec
1372 3595 1532 3663 longe
1581 3602 1712 3648 sunt
1753 3608 1783 3646 a
1824 3601 1876 3647 te

298 3686 463 3751 mala,
490 3686 586 3740 sed
624 3687 764 3741 intra
807 3697 858 3741 te
900 3688 1078 3757 ipsum
1104 3697 1159 3742 et
1206 3688 1402 3742 subtus
1436 3696 1488 3741 te
1536 3694 1593 3741 et
1643 3686 1879 3756 pedibus

300 3780 410 3835 tuis
441 3782 717 3836 oriuntur.
754 3784 829 3838 De
862 3784 985 3838 loco
1024 3799 1133 3837 non
1158 3799 1324 3838 exeas
1358 3784 1413 3836 in
1436 3799 1548 3853 quo
1574 3798 1787 3847 manes,
1824 3791 1881 3835 et

297 3874 368 3928 ab
403 3875 541 3943 ipsis
571 3875 901 3931 liberaberis
939 3891 1064 3930 cum
1090 3877 1237 3929 Deus
1268 3875 1529 3929 annuerit
1566 3874 1688 3934 tibi,
1724 3874 1882 3928 Sicut

300 3968 611 4037 propinqua
637 3967 734 4021 tibi
770 3976 897 4021 sunt
920 3968 1239 4037 supercilia,
1274 3967 1348 4021 ita
1383 3974 1595 4020 suntet
1630 3966 1876 4020 homini-

300 4058 405 4114 bus
434 4060 764 4114 tentationes
792 4061 1136 4129 propinquae.

368 4151 486 4206 Hoc
528 4159 711 4205 autem
737 4150 1012 4220 disposuit
1051 4150 1147 4204 Dei
1183 4150 1453 4219 sapientia
1482 4164 1585 4219 pro
1636 4149 1877 4203 utilitate

303 4252 418 4305 tua,
456 4248 517 4294 ut
538 4242 758 4295 assidue
781 4241 981 4294 ostium
1009 4255 1171 4294 suum
1203 4240 1388 4308 pulses
1418 4256 1431 4293 :
1463 4248 1518 4293 et
1543 4239 1738 4293 timore
1778 4239 1883 4292 tri-

301 4332 637 4395 bulantium,
674 4332 730 4386 in
765 4341 949 4386 mente
996 4340 1089 4385 tua
1111 4332 1233 4401 ejus
1270 4331 1536 4384 memoria
1586 4330 1881 4393 inferatur,

301 4436 356 4481 et
382 4425 794 4495 appropinques
823 4424 873 4479 ei
906 4439 1005 4494 per
1034 4421 1481 4485 intercessiones,
1513 4421 1888 4476 etsanctifice-

304 4529 397 4573 tur
428 4535 525 4573 cor
556 4528 712 4573 tuum
740 4534 843 4588 per
870 4518 1192 4572 continuam
1230 4516 1577 4578 memoriam,
1610 4523 1665 4569 et
1702 4522 1757 4569 te
1789 4514 1888 4568 de-

1977 3600 2257 3656 contraria
2288 3598 2696 3667 contigissent?
2722 3597 2858 3651 Nam
2892 3612 2960 3649 ex
2992 3595 3078 3649 his
3110 3594 3451 3663 impossibile
3478 3604 3566 3647 est

1980 3692 2035 3745 in
2078 3692 2262 3745 anima
2309 3699 2403 3743 tua
2433 3687 2745 3741 doctrinam
2785 3686 3141 3755 multiplicari
3178 3702 3277 3754 per
3327 3684 3566 3753 amplius
3632 3704 3635 3707 ·

1980 3783 2335 3843 Charitatem,
2388 3779 2605 3834 scilicet
2640 3795 2706 3833 ex
2742 3777 3131 3831 recordatione
3178 3791 3404 3829 suorum
3436 3775 3568 3828 cha-

1983 3875 2271 3929 rismatum
2307 3881 2363 3926 et
2401 3888 2468 3926 ex
2514 3871 2899 3926 recordatione
2950 3868 3327 3921 multitudinis
3366 3868 3557 3937 provi-

1983 3964 2189 4020 dentiae
2231 3979 2364 4018 suae.
2396 3962 2525 4016 llaec
2556 3961 2741 4015 omnia
2789 3961 2932 4015 bona
2969 3959 3037 4014 dc
3085 3958 3570 4013 contristabilibus

1984 4056 2084 4110 tibi
2119 4054 2402 4115 oriuntur,
2452 4060 2514 4105 ut
2558 4052 2743 4105 discas
2791 4047 3108 4120 regratiari.

2054 4148 2333 4202 Memento
2365 4142 2487 4207 Dei,
2538 4152 2599 4197 ut
2630 4144 2850 4197 salvans
2887 4150 2962 4205 te,
3002 4139 3328 4194 recordetur
3360 4148 3417 4193 et
3451 4138 3569 4208 ipsa.

1986 4241 2065 4297 tui
2118 4247 2175 4295 et
2222 4253 2443 4292 omnem
2481 4235 2930 4289 benedictionem
2981 4233 3267 4301 largiatur.
3314 4232 3389 4284 Ne
3426 4230 3570 4282 obli-

1986 4330 2220 4385 viscaris
2252 4330 2373 4399 ejus
2404 4327 2586 4381 elatus
2617 4325 2673 4378 in
2703 4323 3065 4385 vanitatibus,
3100 4338 3168 4375 ne
3210 4321 3572 4375 obliviscatur

1987 4432 2043 4478 et
2086 4422 2204 4492 ipse
2270 4421 2348 4474 tui
2405 4428 2655 4487 tempore
2703 4431 2901 4487 pugna
2950 4423 3078 4470 ture.
3126 4414 3182 4467 In
3232 4411 3573 4466 abundantia

1992 4527 2086 4571 tua
2129 4513 2400 4569 obediens
2428 4510 2537 4565 sibi
2566 4516 2709 4571 esto,
2745 4516 2807 4561 ut
2843 4507 2897 4561 in
2931 4504 3395 4560 tribulationibus
3429 4517 3572 4571 prte-

303 4620 626 4681 precantem
651 4610 933 4674 exaudiat,
970 4617 1027 4663 et
1057 4608 1310 4663 addiscas
1340 4608 1469 4677 quia
1504 4608 1648 4661 Deus
1681 4614 1765 4660 est
1790 4605 1884 4674 qui
1921 4605 1963 4659 D
1992 4607 2294 4663 cordialem
2330 4604 2542 4657 habeas
2582 4608 2637 4652 et
2663 4598 2940 4653 assiduam
2963 4594 3413 4665 deprecationem
3447 4606 3573 4643 cum

306 4710 360 4756 te
399 4701 630 4767 liberat;
663 4700 942 4755 etsenties
964 4707 1273 4754 creatorem
1303 4705 1459 4751 tuum
1490 4696 1585 4766 qui
1619 4695 1885 4750 mundum

305 4793 586 4863 duplicem
621 4807 722 4862 pro
757 4800 808 4846 te
842 4791 993 4855 fecit,
1032 4804 1202 4845 unum
1230 4797 1487 4857 tanquam
1522 4787 1808 4842 doctorem
1832 4796 1890 4841 et

306 4885 697 4955 castigatorem
742 4883 1103 4952 temporalem
1138 4921 1153 4945 ,
1207 4880 1377 4935 alium
1412 4887 1670 4949 tanquam
1705 4886 1889 4947 pater-

305 4995 433 5034 nam
469 4978 693 5031 domum
726 4986 782 5031 et
809 4975 1186 5031 hmreditatem
1220 4984 1368 5029 tuam
1394 4982 1689 5036 aeternam;
1715 4987 1886 5024 unum

308 5071 364 5125 in
402 5071 685 5140 praesenti,
716 5068 956 5123 alterum
993 5067 1049 5121 in
1075 5067 1285 5121 futuro.
1323 5065 1443 5120 Non
1476 5062 1608 5119 fecit
1647 5071 1702 5117 te
1744 5063 1893 5118 Deus

308 5161 741 5231 irrcceptibilem
764 5159 1026 5225 tristium,
1056 5175 1124 5213 ne
1138 5158 1205 5213 ad
1230 5158 1579 5213 divinitatem
1614 5155 1889 5225 aspirans.

308 5255 690 5318 hazreditares,
732 5254 878 5324 quod
910 5253 1258 5307 hzereditavit
1292 5251 1451 5322 prius
1499 5249 1740 5312 Lucifer,
1796 5250 1890 5319 qui

260 5334 266 5353 ²
306 5355 537 5417 propter
565 5346 861 5400 elationem
883 5343 1114 5398 Satanas
1130 5343 1484 5413 postmodum
1518 5349 1604 5396 est
1634 5340 1888 5395 effectus.

309 5438 580 5493 Similiter
612 5454 715 5492 nec
747 5436 1231 5498 indeclinabilem,
1278 5450 1380 5488 nec
1414 5432 1779 5496 immobilem,
1824 5448 1893 5485 ne

308 5531 475 5586 ﬁeres
510 5531 710 5585 similis
757 5530 1189 5584 inanimatorum
1237 5547 1247 5581 :
1282 5538 1338 5583 et
1372 5525 1571 5582 ﬁerent
1600 5525 1701 5580 tibi
1749 5525 1892 5579 bona

390 5692 432 5723 ¹²
462 5689 567 5745 lsa.
604 5708 641 5756 ι,
681 5692 761 5745 15.
846 5690 887 5719 ’³
921 5690 1021 5744 lsa.
1050 5691 1241 5751 Lix,-l,
1266 5687 1320 5740 2.

419 5846 819 5918 l2)Quousquc.
860 5846 1027 5905 Editi.
1075 5862 1323 5918 quosun

419 5852 819 5918 l2)Quousquc.
860 5852 1027 5905 Editi.
1113 5862 1323 5915 uosque.

389 5852 501 5990 illi)
534 5917 739 5985 Quia...
770 5937 871 5974 non
928 5864 1261 5973 (mugitum.
1296 5913 1541 5983 Quare...
1577 5932 1678 5970 non
1720 5926 1890 5969 exau-

1995 4699 2297 4755 securitate
2338 4695 2484 4765 apud
2512 4710 2665 4748 eum.
2704 4690 2905 4745 Munda
2944 4688 3180 4757 teipsum
3216 4699 3402 4739 coram
3439 4684 3572 4743 Deo,

1995 4805 2216 4859 semper
2256 4788 2469 4841 habens
2516 4781 2846 4838 memoriam
2882 4780 3003 4849 ejus
3057 4778 3111 4830 in
3155 4775 3322 4830 corde
3352 4783 3468 4836 tuo,
3500 4788 3571 4825 ne

1996 4897 2207 4937 moram
2253 4879 2589 4949 protrahens
2620 4883 2777 4931 extra
2826 4870 3144 4927 memoriam
3178 4869 3302 4939 ejus
3329 4866 3447 4919 sine
3498 4880 3578 4920 se-

1996 4971 2235 5027 curitate
2276 4969 2375 5023 fias
2419 4983 2547 5022 cum
2592 4964 2894 5020 accesseris
2926 4961 2993 5014 ad
3043 4976 3207 5023 eum;
3264 4959 3392 5027 quia
3420 4971 3580 5011 secu-

1999 5070 2135 5120 ritas
2181 5062 2326 5132 apud
2376 5062 2549 5115 Deum
2591 5074 2659 5113 ex
2708 5056 2883 5126 ipsius
2937 5053 2996 5106 fit
3032 5050 3266 5106 ferventi
3299 5047 3580 5117 colloquio

1999 5156 2283 5222 multaque
2328 5150 2610 5205 oratione.
2645 5146 2894 5202 Affectus
2926 5142 3019 5213 qui
3065 5142 3125 5196 fit
3161 5157 3292 5212 erga
3330 5138 3584 5193 homines

2001 5258 2058 5303 et
2113 5243 2526 5314 frequentatio,
2582 5240 2642 5293 fit
2702 5254 2799 5309 per
2852 5250 3089 5305 corpus;
3133 5242 3188 5287 et
3238 5231 3469 5286 aﬂ'ectus
3513 5226 3582 5281 ad

2003 5340 2173 5394 Deum
2207 5336 2341 5408 (ιι),
2387 5334 2447 5387 fit
2476 5347 2576 5402 per
2624 5329 2947 5384 memoriam
2980 5327 3176 5381 anima:
3208 5338 3272 5378 ac
3309 5321 3585 5390 supplica-

2003 5429 2237 5487 tionem,
2282 5434 2339 5479 et
2380 5424 2716 5482 orationem,
2746 5429 2803 5475 et
2834 5420 3244 5474 holocaustum.
3296 5413 3377 5467 Ex
3409 5410 3582 5463 multa

2002 5525 2151 5579 enim
2189 5519 2594 5577 recordationis
2634 5517 2808 5588 ipsius
2848 5514 3197 5577 assiduitate,
3233 5507 3455 5581 quando
3512 5504 3581 5559 ad

2007 5838 2221 5889 dimur?
2251 5836 2342 5889 Sic
2364 5836 2500 5889 forte
2528 5826 3469 5902 legenduminterpttngemlumquc.

2079 5906 2184 5981 (Η)
2227 5907 2306 5961 Ad
2344 5906 2527 5961 Deam.
2567 5898 2714 5958 Edit.
2756 5901 2825 5956 ad
2866 5918 3007 5955 eam.
