4102 6554
516 435 620 497 827

1881 444 1942 503 S.
1992 441 2237 504 ISAACI
2275 443 2452 504 SYRI

3667 445 3775 509 828

515 553 798 613 stuporem
819 553 876 599 et
910 545 1332 602 admirationem
1364 547 1719 614 transfertur,
1748 549 1968 605 laetatur
1994 566 2091 606 cor
2122 559 2164 613 Α
2193 551 2302 606 Cor
2340 551 2548 607 bonum
2584 549 2823 608 effundit
2867 550 3140 622 lacrymas
3169 565 3298 606 cum
3334 551 3537 623 gaudio
3559 553 3618 608 in
3647 571 3776 611 ora-

512 637 879 705 quaarentium
910 639 1232 693 Dominum.
1261 638 1306 695 Ο
1339 640 1794 697 condemnabiles
1816 642 2094 698 conforta-

512 728 650 782 mini
688 745 806 798 spe,
836 732 1069 800 quaerite
1115 731 1312 788 faciem
1357 734 1480 802 ejus
1524 751 1627 804 per
1673 736 2090 806 pcenitentiam;

511 827 568 869 et
601 817 1090 874 sanctificabimini
1123 821 1564 878 sanctificatione
1598 825 1786 879 vultus
1815 826 1954 896 ejus,
1987 833 2093 879 eta

513 909 759 976 peccatis
812 911 1014 964 vestris
1059 911 1490 966 mundabimini.
1544 912 1768 969 Currite
1789 914 1857 968 ad
1892 915 2089 978 Deum,

513 1012 547 1050 ο
583 1013 700 1062 vos,
732 1000 828 1068 qui
867 1001 1002 1056 estis
1045 1001 1126 1056 rei
1173 1001 1438 1071 peccatis,
1475 1003 1604 1072 quia
1649 1014 1850 1074 potens
1879 1015 1965 1060 est
2003 1004 2092 1060 di-

514 1088 738 1144 mittere
775 1101 1023 1160 peccata,
1054 1101 1111 1148 et
1148 1102 1332 1163 potest
1367 1095 1556 1150 delere
1589 1095 1811 1151 delicta.
1845 1096 1980 1152 Cum
2005 1097 2093 1167 ju-

514 1179 813 1248 rejurando
843 1183 921 1236 ait
947 1199 1046 1252 per
1076 1185 1401 1253 prophetam
1426 1186 1650 1245 dicens:
1676 1187 1798 1241 Vivo
1823 1204 1936 1259 ego,
1966 1189 2092 1243 dicit

515 1268 796 1336 Dominus,
836 1272 972 1327 Nolo
1003 1285 1226 1330 mortem
1268 1281 1577 1347 peccatoris,
1614 1280 1705 1332 sed
1726 1290 1781 1332 ut
1811 1290 2090 1336 converta-

518 1367 608 1414 tur
633 1371 681 1416 et
710 1364 847 1417 vivat
881 1364 939 1420 “.
969 1366 1040 1420 Et
1070 1366 1270 1422 iterum
1311 1385 1323 1421 :
1363 1368 1489 1422 Tota
1523 1370 1607 1424 die
1638 1372 1869 1441 expandi
1899 1389 2090 1428 manus

514 1470 658 1509 meas
686 1456 756 1508 ad
788 1457 1042 1526 populum
1083 1461 1533 1514 contradicentcm
1570 1475 1620 1515 et
1652 1462 1898 1518 rebellem
1926 1465 1990 1518 ⁸⁸.
2020 1465 2090 1520 Et

512 1563 654 1600 nunc
671 1564 838 1613 quare
856 1552 1170 1616 moriemini,
1197 1551 1384 1606 domus
1404 1553 1577 1607 Israel
1601 1555 1682 1608 1‘?
1711 1554 2091 1612 Convertimini

512 1637 583 1690 ad
610 1655 712 1702 me,
768 1649 816 1694 et
854 1658 946 1711 ego
973 1652 1252 1697 convertar
1278 1645 1348 1698 ad
1388 1661 1475 1699 vos
1511 1647 1575 1701 ¹⁷.
1619 1647 1682 1702 Et
1722 1648 1923 1704 iterum
1950 1651 2088 1706 Eze-

509 1728 655 1784 chiel
690 1748 703 1784 :
738 1731 803 1785 In
829 1749 1144 1804 quacunque
1179 1735 1264 1788 die
1292 1745 1537 1805 peccator
1563 1754 1839 1793 conversus
1866 1741 2026 1809 fuerit
2054 1760 2087 1796 a

508 1822 593 1875 via
638 1838 737 1876 sua
766 1840 936 1893 prava
976 1826 1046 1878 ad
1088 1825 1396 1892 Dominum,
1439 1837 1490 1883 et
1527 1829 1708 1898 fecerit
1741 1831 2007 1899 judicium
2036 1841 2086 1886 et

506 1913 800 1980 iustitiam;
817 1917 1291 1988 iniquitatumlejus
1314 1937 1420 1974 non
1441 1922 1787 1987 recordabar;
1806 1925 1916 1978 vita
1930 1925 2081 1991 vivet,

504 2003 632 2057 dicit
681 2004 939 2059 Dominus
973 2007 1172 2077 justus.
1217 2007 1289 2061 Et
1334 2010 1381 2063 si
1432 2009 1772 2082 dereliquerit
1816 2014 2085 2083 justitiam

500 2109 678 2160 suam,
710 2105 760 2150 et
791 2099 1329 2168 peecatiinjustitiam
1357 2099 1555 2169 fecerit,
1577 2103 1801 2173 justitia:
1833 2105 1947 2175 ejus
1980 2123 2082 2160 non

501 2185 840 2253 recordabar,
880 2188 972 2241 sed
1003 2205 1200 2257 ponam
1252 2187 1511 2244 lubricum
1565 2208 1746 2246 coram
1788 2209 1868 2258 eo,
1923 2203 1974 2248 et
2024 2196 2084 2249 in

499 2273 819 2329 obscuritate
841 2293 1059 2346 operum
1089 2295 1311 2332 suorum
1341 2281 1617 2347 morietur,
1651 2299 1993 2352 perseverans
2027 2286 2082 2340 in

499 2365 575 2418 eis
604 2365 670 2419 ".
696 2365 814 2432 Qua
841 2367 911 2423 de
941 2383 1107 2424 causa
1148 2380 1410 2440 peccator
1437 2387 1545 2427 non
1574 2373 1914 2445 obligabitur
1949 2393 2083 2447 pec-

496 2463 623 2509 cato
643 2471 766 2519 suo,
790 2458 1235 2530 quandocunque
1259 2471 1617 2518 convertetur
1646 2465 1713 2519 ad
1749 2467 2074 2535 Dominum;

493 2553 554 2600 et
580 2547 797 2617 justitia
842 2549 978 2620 justi
1005 2566 1115 2605 non
1149 2551 1411 2608 liberabit
1449 2570 1599 2621 eum,
1626 2572 1961 2628 quacunque
1988 2559 2080 2616 die

493 2640 830 2707 peccaverit,
866 2641 1168 2698 dummouo
1204 2646 1576 2714 permanserit
1621 2646 1678 2701 in
1728 2659 1975 2718 peccato.
2011 2651 2080 2707 Et

488 2728 747 2786 Ieremia:
800 2748 1022 2804 quoque
1067 2736 1150 2790 sic
1197 2737 1275 2790 ait
1322 2739 1469 2793 Deus
1513 2755 1527 2792 :
1566 2740 1757 2812 Accipe
1805 2759 2079 2814 pergame-

492 2835 620 2873 num
654 2820 787 2892 (15),
839 2831 888 2876 et
918 2839 1241 2896 quaecunque
1280 2825 1465 2881 dixero
1521 2829 1635 2894 tibi,
1679 2830 1930 2885 inducam
1956 2834 2078 2887 huic

488 2910 720 2980 populo;
746 2920 804 2965 ut
828 2913 1048 2968 audiens
1073 2924 1122 2968 et
1147 2916 1334 2970 timens
1356 2919 1533 2984 homo,
1560 2919 1904 2991 derelinquat
1932 2922 2076 2976 viam

485 3017 643 3055 suam
682 3003 893 3058 malam
926 3006 1063 3059 :sed
1109 3009 1345 3061 conversi
1380 3011 1671 3079 paeniteant
1718 3021 1768 3066 et
1812 3012 2077 3068 tollantur

485 3102 702 3161 peccata
736 3111 918 3148 comat
943 3095 1007 3148 ¹⁹.
1039 3097 1106 3150 Ει
1136 3097 1423 3168 Sapientia
1453 3100 1595 3155 dixit
1631 3119 1644 3154 :
1671 3100 1775 3167 Qui
1801 3103 2074 3159 abscondit

2199 644 2345 698 tione
2377 661 2389 696 :
2423 657 2550 697 nam
2575 643 2778 712 quibus
2820 643 3062 698 mundus
3097 652 3356 698 mortuus
3393 653 3502 710 est,
3529 645 3585 699 bi
3610 647 3779 701 susti-

2195 733 2710 790 nentadversitates
2735 733 3064 804 gaudentes.
3097 734 3484 804 Magistrorum
3512 743 3599 791 est
3621 736 3774 790 enim

2194 835 2251 882 et
2290 834 2577 895 potentum
2608 826 2883 880 sustinere
2927 825 3151 881 labores
3195 825 3388 880 mundi
3429 827 3576 881 inter
3613 843 3771 891 suos,

2193 927 2250 970 et
2271 915 2490 970 illorum
2516 915 2720 984 quibus
2752 915 2993 969 nnmdus
3024 914 3127 970 iste
3159 925 3414 971 mortuus
3439 925 3544 981 est,
3576 925 3634 972 et
3655 931 3778 970 om-

2193 1007 2281 1062 nis
2315 1007 2623 1062 consolatio
2647 1008 2996 1077 desperatur.
3032 1007 3101 1062 Et
3134 1007 3340 1076 quibus
3368 1023 3479 1063 non
3509 1018 3598 1063 est
3628 1023 3777 1062 mor-

2193 1108 2342 1162 tuus,
2361 1108 2648 1167 nequeunt
2667 1098 2901 1169 injurias
2930 1097 3234 1163 sustinere,
3259 1099 3354 1155 sed
3383 1115 3413 1154 a
3436 1115 3572 1154 vana
3598 1098 3775 1171 gloria

2192 1189 2326 1245 moti
2370 1191 2452 1244 ira
2497 1190 2817 1255 turbantur,
2865 1207 2963 1246 seu
3027 1191 3194 1246 etiam
3250 1207 3281 1246 a
3326 1192 3552 1247 tristitia
3607 1208 3776 1248 occu-

2191 1290 2414 1352 pantur.
2455 1281 2500 1338 0
2551 1298 2718 1352 quam
2763 1281 2987 1338 difﬁcile
3037 1295 3142 1348 est,
3193 1292 3256 1339 ut
3300 1289 3416 1340 haec
3446 1287 3774 1354 acquiratur

2191 1375 2409 1430 virtus!
2459 1383 2514 1430 et
2543 1382 2806 1445 quantam
2844 1375 3078 1446 gloriam
3127 1377 3346 1432 obtinet
3397 1377 3543 1447 apud
3573 1379 3771 1442 Deum.

2189 1466 2286 1534 qui
2316 1467 2434 1522 vult
2469 1467 2612 1521 hanc
2647 1467 2916 1522 virtutem
2943 1469 3258 1538 acquirere,
3293 1470 3506 1524 scilicet
3541 1469 3772 1540 injurias

2191 1556 2507 1611 sustinere!
2554 1571 2781 1612 necesse
2814 1556 2982 1613 habet
3029 1573 3088 1614 se
3113 1558 3378 1629 elongare
3409 1574 3438 1612 a
3469 1559 3587 1613 suis
3606 1569 3772 1630 atque

2190 1646 2556 1716 peregrinari,
2604 1647 2736 1717 quia
2777 1663 2889 1701 non
2923 1656 3107 1717 potest
3143 1665 3265 1704 eam
3317 1649 3611 1718 acquirere
3655 1651 3771 1722 (16)

2189 1737 2246 1792 in
2283 1753 2385 1792 sua
2423 1738 2602 1808 patria
2639 1740 3039 1795 commoraudo
3077 1757 3090 1794 :
3129 1742 3276 1797 sicut
3321 1743 3770 1814 appropinquant

2189 1831 2379 1900 gratiae
2427 1831 2748 1896 humiliati,
2803 1832 2884 1887 sic
2939 1842 2997 1889 et
3046 1834 3321 1905 superbiae
3374 1836 3770 1892 contristantes

2185 1931 2437 1978 eventus.
2484 1922 2642 1978 Oculi
2689 1924 2907 1978 Domini
2955 1940 3124 1995 super
3171 1925 3409 1982 humiles
3461 1927 3533 1982 ad
3588 1929 3768 1983 laetifi-

2185 2012 2420 2068 candum
2446 2027 2578 2077 eos;
2605 2014 2794 2068 vultus
2820 2023 3002 2069 autem
3029 2016 3248 2072 Domini
3274 2027 3467 2072 contra
3495 2019 3776 2089 superbos

2183 2105 2252 2159 ad
2296 2105 2702 2160 humiliandum
2756 2106 2880 2161 illos
2929 2107 2999 2160 ".

2253 2195 2551 2252 Humilitas
2581 2212 2806 2267 semper
2834 2197 3046 2268 recepit
3093 2213 3125 2252 a
3153 2199 3268 2254 Deo
3299 2201 3769 2258 misericordiam.

2182 2285 2396 2342 Duritie
2425 2303 2559 2341 vero
2594 2288 2800 2354 cordis,
2849 2297 2906 2343 et
2936 2289 3299 2347 mordacitate
3331 2292 3456 2347 ﬁdei
3491 2295 3774 2350 terribiles

2181 2376 2525 2433 obviationcs
2545 2389 2864 2434 occurrunt.
2889 2381 3228 2451 Parvipende
3253 2389 3306 2436 te
3323 2383 3506 2454 ipsum
3521 2385 3576 2441 in
3595 2385 3773 2440 omni-

2180 2465 2287 2520 bus
2301 2466 2446 2536 apud
2463 2481 2656 2522 omnes
2671 2467 2946 2533 homines,
2964 2479 3020 2524 et
3056 2470 3387 2528 exaltaberis
3416 2489 3583 2543 super
3610 2475 3770 2544 priu-

2179 2558 2333 2628 cipes
2376 2558 2544 2630 hujus
2582 2558 2776 2613 mundi
2813 2575 2827 2612 :
2874 2562 3117 2630 praeveni
3161 2578 3356 2618 omnes
3405 2565 3771 2623 inclinatione

2178 2649 2248 2704 ad
2287 2650 2677 2705 salutationem
2713 2658 2885 2715 tuam,
2933 2660 2990 2706 et
3031 2652 3402 2710 honoraberis
3432 2671 3603 2726 super
3639 2658 3771 2714 illos

2177 2741 2274 2812 qui
2320 2741 2566 2797 offerunt
2611 2756 2842 2797 munera
2888 2743 3009 2798 auri
3063 2759 3134 2798 ex
3183 2743 3360 2816 Ophir
3411 2747 3527 2818 (17)

2177 2835 2357 2906 pende
2389 2837 2494 2905 lo
2517 2835 2773 2906 teipsum,
2795 2844 2852 2891 et
2873 2836 3088 2892 videbis
3109 2839 3339 2909 gloriam
3363 2841 3459 2895 Dei
3481 2841 3539 2895 in
3568 2849 3765 2898 temet-

2176 2926 2317 2997 ipso.
2373 2927 2508 2982 Nam
2563 2927 2886 2998 ubicunque
2915 2929 3204 2984 humilitas
3239 2933 3506 2998 nascitur,
3536 2933 3612 2988 ibi
3645 2935 3768 3005 glo-

2177 3019 2258 3073 ria
2288 3019 2469 3075 oritur
2508 3019 2629 3075 Dei.
2676 3019 2733 3074 Si
2768 3020 3116 3077 laboraveris
3147 3023 3440 3078 manifeste
3474 3028 3763 3082 contemni

2175 3110 2244 3166 ab
2286 3112 2568 3179 omnibus,
2601 3111 2769 3168 faciet
2797 3119 2851 3167 te
2880 3113 3027 3168 Deus
3048 3114 3295 3185 gloriari.
3326 3115 3483 3181 Quod
3519 3115 3565 3170 si
3587 3116 3764 3173 habes

3575 2766 3589 2802 :
3631 2750 3768 2804 vili-

484 3191 758 3254 peccatum
801 3203 979 3246 suum,
1020 3188 1225 3243 inutilis
1275 3191 1412 3256 erit;
1476 3193 1567 3262 qui
1627 3208 1748 3247 vero
1792 3193 2141 3286 conﬁtetnrc
2175 3199 2544 3258 humilitatem
2607 3203 2664 3258 in
2706 3202 2875 3259 corde
2946 3213 3064 3270 tuo,
3119 3205 3374 3262 ostendet
3431 3207 3530 3261 tibi
3612 3208 3766 3264 Deus

485 3283 704 3344 peccata
749 3293 848 3330 sua
895 3287 944 3330 et
984 3280 1312 3334 transcendit
1353 3297 1438 3348 ea,
1479 3284 1897 3339 misericordiam
1939 3287 2070 3342 obti-

487 3365 629 3419 nebit
663 3384 694 3420 a
732 3367 839 3421 Deo
887 3369 954 3423 '°.
1003 3371 1070 3425 Et
1115 3371 1284 3428 Isaias
1327 3374 1407 3428 ait
1436 3392 1450 3428 :
1479 3374 1710 3440 Quaerite
1751 3377 2070 3435 Dominum:

485 3457 806 3514 invenientes
849 3461 1087 3516 invocate
1139 3479 1279 3530 eum,
1317 3475 1368 3521 et
1409 3469 1898 3539 appropinquantes
1925 3488 1943 3525 :
1983 3473 2071 3527 de-

485 3547 752 3619 relinquat
799 3554 1072 3622 propriam
1124 3557 1264 3610 viam
1313 3567 1580 3628 peccator,
1628 3569 1677 3614 et
1723 3562 1934 3632 iniquus
1990 3567 2071 3619 vir

481 3639 823 3709 cogitationes
848 3659 1005 3714 suas;
1039 3653 1088 3698 et
1118 3649 1496 3704 convertimini
1522 3651 1593 3705 ad
1630 3669 1734 3718 me,
1759 3662 1810 3706 et
1843 3671 1934 3726 ego
1970 3658 2069 3712 mi-

480 3729 691 3783 serebor
727 3735 884 3788 vestri
919 3736 985 3789 ⁸³.
1034 3735 1174 3792 Cum
1219 3740 1563 3798 custodieris
1591 3743 1712 3798 vias
1738 3745 1978 3813 Domini,
2013 3759 2070 3806 et

478 3817 681 3875 feceris
726 3823 1068 3880 voluntatem
1120 3828 1265 3896 eius,
1302 3836 1441 3886 tunc
1473 3846 1636 3901 spera
1668 3833 1726 3888 in
1759 3851 1910 3902 eum,
1959 3846 2010 3893 et
2047 3855 2062 3892 :

477 3905 663 3963 Adhuc
695 3911 962 3968 clamante
989 3926 1060 3981 te,
1096 3919 1231 3973 dicet
1281 3922 1414 3978 tibi:
1436 3923 1572 3980 Ecce
1619 3927 1811 3983 adsum
1856 3933 1924 3985 “.
1956 3931 2064 3989 Sed

478 4003 905 4066 superveniente
935 4010 1242 4065 tentatione
1279 4011 1509 4083 iniquus
1567 4033 1681 4072 non
1731 4019 1899 4076 habet
1930 4038 2064 4078 con-

478 4086 764 4146 fidentiam
811 4094 1104 4154 invocandi
1136 4102 1332 4171 Deum,
1365 4122 1472 4163 nec
1508 4108 1579 4164 de
1621 4114 1855 4183 propria
1885 4117 2064 4173 salute

477 4183 762 4276 sperandi,
813 4187 945 4254 quia
1001 4189 1058 4244 in
1101 4191 1307 4250 diebus
1356 4197 1564 4266 quietis
1608 4215 1726 4256 suae
1775 4203 2066 4276 elongatus

473 4279 560 4324 est
607 4285 639 4324 a
672 4274 954 4332 voluntate
993 4279 1186 4349 ipsius.
1234 4284 1564 4357 Priusquam
1612 4306 1870 4360 pugnare
1915 4274 2063 4350 inci-

473 4361 616 4454 pias,
667 4367 896 4436 exquire
941 4370 1398 4445 impugnatores;
1446 4388 1504 4436 et
1535 4391 1835 4454 antequam
1901 4385 2061 4443 infir-

473 4453 668 4518 meris,
692 4458 916 4525 require
945 4462 1261 4530 medicum;
1309 4475 1366 4522 et
1384 4453 1711 4543 priusquam
1737 4476 2059 4550 contingant

2172 3291 2401 3362 gloriam
2455 3291 2512 3346 in
2570 3293 2738 3348 corde
2792 3303 2908 3350 tuo.
2967 3295 3100 3349 Esto
3141 3303 3436 3351 contentus
3510 3295 3569 3351 in
3643 3315 3758 3352 ma-

2171 3383 2462 3454 gnitudine
2514 3394 2630 3452 tua,
2676 3394 2733 3442 et
2773 3401 2884 3441 non
2937 3403 3172 3458 magnus
3211 3388 3268 3441 in
3303 3388 3575 3458 parvitate
3626 3397 3760 3444 tua:

2167 3475 2392 3532 studeas
2423 3477 2656 3546 despici,
2685 3487 2742 3535 et
2776 3479 3086 3549 repleberis
3113 3481 3325 3536 honore
3378 3481 3590 3536 divino.
3628 3483 3754 3537 Non

2165 3583 2380 3636 quaeras
2424 3569 2709 3637 honorari,
2760 3587 2887 3626 cum
2937 3571 3173 3628 interius
3214 3572 3290 3628 sis
3334 3574 3581 3644 repletus
3625 3574 3758 3630 ille-

2167 3659 2351 3715 cebris
2397 3678 2410 3714 :
2454 3671 2748 3718 contemne
2798 3663 3090 3735 honorem,
3148 3666 3568 3727 ut_honoreris
3606 3683 3621 3720 :
3680 3683 3759 3723 ne

2166 3751 2363 3823 diligas
2387 3753 2566 3818 illum,
2600 3767 2659 3810 ut
2689 3754 3078 3811 dedecus‘uon
3118 3757 3396 3813 incurras.
3429 3759 3533 3824 Qui
3568 3761 3756 3815 currit

2165 3854 2296 3916 post
2327 3845 2620 3908 honorem,
2675 3844 2849 3916 fugiet
2901 3847 2970 3901 ab
3014 3862 3118 3912 eo;
3153 3856 3212 3902 et
3247 3849 3343 3918 qui
3387 3849 3528 3920 fugit
3569 3851 3754 3917 illum,

2163 3944 2428 4005 sequetur
2460 3935 2530 3990 ab
2557 3935 2698 4005 ipso,
2735 3945 2791 3990 et
2819 3936 2888 3992 de
2921 3938 3074 3993 illius
3107 3939 3418 3995 humilitate
3443 3939 3539 3995 fiet
3567 3943 3756 3998 omni-

2163 4027 2270 4084 bus
2303 4026 2627 4082 hominibus
2686 4028 3041 4098 praedicator.
3098 4029 3156 4085 Si
3196 4031 3437 4102 despicis
3484 4033 3758 4103 teipsum,

2165 4117 2313 4173 Deus
2364 4125 2418 4173 te
2463 4116 2770 4189 divulgabit
2820 4137 2834 4174 :
2879 4119 2927 4175 si
2970 4136 3105 4176 vero
3154 4131 3388 4192 propter
3447 4123 3753 4180 veritatem

2163 4209 2566 4280 contempseris
2589 4211 2850 4280 teipsum,
2870 4211 3155 4283 praecipiet
3169 4213 3317 4270 Deus
3336 4217 3613 4272 creaturis
3629 4234 3754 4273 om-

2162 4299 2330 4354 nibus
2351 4309 2412 4354 ut
2430 4309 2484 4356 te
2510 4301 2758 4356 laudent.
2780 4301 3005 4372 Aperiet
3024 4311 3152 4358 ante
3172 4315 3532 4374 conspectum
3563 4316 3753 4374 tuum,

2159 4391 2362 4454 ostium
2391 4392 2578 4464 gloriaa
2605 4393 2906 4449 creationis
2955 4402 3080 4458 tum,
3116 4405 3174 4450 et
3199 4396 3616 4452 commendabit
3644 4406 3697 4454 te
3727 4417 3744 4452 :

2159 4483 2291 4554 quia
2342 4483 2650 4539 secundum
2692 4484 2990 4556 imaginem
3042 4493 3100 4540 et
3144 4485 3569 4542 similitudinem
3619 4489 3756 4560 ejus

473 4543 574 4598 tibi
602 4545 1010 4614 tribulationes,
1039 4568 1169 4618 ora;
1195 4565 1254 4611 et
1273 4565 1522 4629 tempore
1545 4563 1788 4620 tristitiae
1807 4543 2054 4626 invenies
2084 4572 2132 4633 ι)
2156 4543 2515 4633 exsistentem
2533 4543 2840 4642 hominem:
2858 4576 3156 4630 virtutibus
3175 4577 3398 4647 quidem
3415 4543 3746 4650 fulgentem,

467 4649 619 4703 eum,
651 4645 708 4692 et
739 4641 997 4697 exaudiet
1020 4653 1072 4699 te
1093 4645 1159 4700 ³³.
1195 4647 1527 4721 Priusquam
1579 4654 1821 4724 labores,
1856 4659 2050 4717 invoca

465 4732 524 4778 et
551 4727 840 4797 supplica;
879 4740 936 4785 et
977 4742 1276 4805 antequam
1301 4748 1492 4795 votum
1521 4745 1764 4812 emittas,
1797 4763 2051 4821 praepara

466 4819 739 4884 promissa
790 4821 1018 4891 viatica,
1068 4827 1290 4884 scilicet
1323 4831 1394 4886 ab
1442 4833 1552 4888 hoc
1585 4837 1818 4893 mundo.

2159 4660 2483 4718 hominibus
2541 4680 2672 4720 vero
2722 4666 3203 4736 contemptibilem
3256 4679 3638 4738 apparentem,
3685 4682 3748 4728 et

2155 4753 2267 4809 vita
2319 4755 2729 4826 splendentem,
2795 4760 3030 4815 scientia
3095 4775 3320 4830 quoque
3385 4761 3742 4831 praeclarum,

2155 4845 2423 4902 humilem
2467 4865 2604 4904 vero
2639 4850 2860 4920 spiritu,
2892 4853 3020 4922 quis
3059 4852 3242 4907 vidit?
3269 4853 3472 4908 Beatus
3501 4855 3596 4923 qui
3633 4856 3741 4909 hu-

533 4909 673 5008 Arca
706 4911 823 4968 Noe
849 4922 1097 5014 tempore
1132 4920 1285 4987 pacis
1313 4923 1538 4978 condita
1569 4925 1675 4981 fuit
1705 4927 1750 4959 "'
1779 4947 1791 4982 :
1822 4941 2045 4989 centum
2153 4940 2331 4995 miliat
2382 4957 2442 4997 se
2481 4942 2537 4997 in
2577 4909 2858 5008 omnibus,
2910 4909 3172 5014 quoniam
3210 4945 3566 5000 exaltabitur.
3600 4947 3741 5003 Nam

465 4998 626 5054 annis
672 5011 800 5059 ante
851 5005 1000 5076 ligna
1027 5008 1147 5080 ejus
1181 5021 1373 5080 parata
1401 5025 1598 5084 erant;
1632 5027 1880 5091 tempore
1909 5039 2042 5081 vero

467 5087 878 5180 i‘rzeperierunt
908 5099 1121 5171 injusti,
1154 5111 1213 5160 et
1239 5105 1392 5176 justo
1423 5112 1702 5180 protentio
1731 5087 1840 5170 fuit
1870 5116 2036 5175 facta.

466 5176 535 5233 Os
565 5178 820 5252 iniquum
849 5203 950 5257 per
977 5192 1286 5250 orationem
1314 5198 1627 5256 obstruitur
1653 5221 1666 5257 :
1697 5220 1824 5259 nam
1854 5209 2042 5264 redar-

461 5270 616 5339 gutio
662 5276 1020 5335 conscientiae
1061 5282 1344 5341 hominem
1398 5290 1533 5344 facit
1589 5292 2036 5354 formidolosum.

629 5431 835 5524 Ez‘ecnhl.
895 5442 1160 5524 x.x_x,'ll.
1238 5446 1280 5477 ³⁸
1339 5447 1444 5505 lsa.
1483 5470 1605 5516 va,
1660 5456 1720 5524 2;
1757 5456 1917 5513 Rom.
1969 5477 2000 5514 χ
2062 5461 2152 5516 21,

466 5514 606 5586 9'12,
655 5503 848 5586 21-24.
928 5503 1237 5586 ‘LVJerem.’
1269 5503 1448 5586 xxxvr,
1481 5503 1619 5585 ἐξ

468 5569 504 5601 ⁸³
540 5570 714 5628 Eccli.
749 5590 898 5643 xvm,
952 5579 1040 5636 20.
1119 5585 1166 5616 ³⁸
1211 5569 1458 5657 Genii/‘1’,
1486 5569 1650 5649 1v"

678 5711 865 5803 ίὲεείρε
905 5734 1143 5803 ρενραηρ
1188 5721 1284 5803 _Al.
1319 5722 1508 5803 Accipe
1540 5729 1595 5781 in
1641 5747 1880 5803 pergam,

528 5782 817 5877 ιζζῖἾῂ
859 5782 1062 5859 “Mm?”
1107 5791 1357 5872 $“b8Udi
1408 5782 2036 5877 υῗνιιιιεηίί-ῗιῖιῶνρτκ-

459 5851 625 5909 cedit.
661 5853 830 5928 Editi,
878 5851 947 5914 ca'
977 5863 1182 5928 acquir.

1725 5530 1771 5601 _'°
1798 5529 1962 5584 Prov.
2015 5547 2238 5601 xxxvm,
2292 5537 2380 5591 15.

1707 5599 1851 5655 Psal.
1899 5616 2085 5670 xxxm,
2147 5599 2234 5659 l7.

2148 5032 2242 5101 qui
2269 5042 2498 5103 prapter
2513 5035 2685 5090 Deum
2706 5036 2966 5092 humiliat
2989 5049 3047 5093 et
3068 5037 3437 5108 parvipendet
3465 5039 3736 5108 seipsum,

2145 5122 2491 5192 glorificatur
2515 5141 2546 5180 a
2581 5127 2695 5182 Deo
2731 5145 2744 5181 :
2786 5136 2845 5184 et
2867 5129 2963 5198 qui
2997 5138 3233 5199 propter
3261 5130 3437 5184 Deum
3466 5131 3647 5185 esurit
3680 5142 3740 5186 et

2144 5212 2284 5278 sitit,
2314 5215 2462 5270 Deus
2490 5215 2645 5271 illum
2678 5218 2840 5274 bonis
2870 5219 2988 5276 suis
3010 5220 3310 5276 inebriabit
3339 5238 3353 5276 :
3380 5231 3438 5276 et
3470 5222 3566 5292 qui
3600 5239 3737 5292 pro-

2143 5313 2266 5375 pter
2283 5321 2411 5361 eum
2442 5307 2503 5362 fit
2525 5309 2730 5376 nudus,
2766 5312 2965 5366 stolam
2994 5311 3434 5383 incorruptionis
3466 5322 3522 5369 et
3543 5313 3734 5385 gloria:

2255 5465 2298 5497 ¹⁶
2335 5465 2537 5524 Ezech.
2570 5484 2719 5534 xvm,
2757 5468 2848 5524 5|.
2929 5471 2971 5502 ¹⁷
3021 5471 3190 5525 Zach.
3223 5488 3262 5536 ι,
3301 5472 3355 5528 3.
3433 5472 3475 5504 ¹³
3523 5472 3726 5528 Ezech.

2493 5539 2538 5571 ²¹
2592 5539 2697 5594 lsa.
2735 5556 2822 5597 Lv.
2873 5557 2958 5608 Lv,
3005 5541 3057 5606 6,
3109 5543 3162 5597 7.
3267 5543 3312 5574 “
3353 5544 3636 5607 lsa.'t.vnl,
3670 5543 3724 5598 9.

2366 5739 2500 5818 Anuri
2529 5758 2593 5818 ea:
2631 5741 2830 5818 Ophir;
2855 5744 3025 5818 Editi,
3065 5747 3187 5818 auri
3223 5747 3486 5818 etraphyr.

2219 5810 2330 5882 (18)
2376 5811 2593 5868 Ostend.
2643 5810 2756 5869 tibi.
2790 5815 2960 5882 Editi,
2995 5815 3198 5872 ostend.
3229 5810 3347 5872 sibi.
