4102 6528
332 444 438 506 829

1369 461 1600 522 LIBER
1638 463 1735 524 DE
1774 466 2227 533 CONTEMP’I‘U
2268 477 2541 540 MUNDI.

3470 502 3576 565 830

319 562 586 666 induatur
620 563 690 667 ab
712 563 834 669 .illo
865 583 876 618 :
912 574 985 680 et.
1004 574 1113 673 qui.
1132 584 1342 640 pauper
1392 573 1629 631 efﬁcitur
1673 588 1898 648 propter
1925 586 1969 640 Α
1999 587 2214 642 custodi
2247 591 2507 662 teipsum,
2534 610 2636 650 nec
2659 596 2899 667 aliquem
2935 599 2987 655 in
3014 603 3197 674 aliquo
3231 626 3450 680 arguas,
3482 628 3579 674 aut

310 671 464 717 eum,
511 655 670 710 miris
711 656 888 725 ipsius
933 658 1149 716 divitiis
1179 665 1579 721 consolabitur.
1635 669 1895 739 Teipsum

310 746 538 815 despice
561 756 788 817 propter
804 749 999 813 Deum,
1026 760 1083 805 et
1101 753 1559 823 multiplicabitur
1577 758 1674 813 tibi
1698 760 1894 831 gloria,

311 847 362 893 te
401 840 628 908 penitus
667 839 976 911 ignorante.
1010 843 1070 897 lu
1104 853 1199 899 tua
1230 846 1342 899 vita
1398 856 1449 902 te
1485 848 1664 918 ipsum
1699 860 1895 921 reputa

308 936 683 997 peccatorem,
723 938 782 983 ut
814 946 1037 1001 semper
1074 934 1419 1003 justifieeris.
1458 939 1581 993 Fias
1623 940 1793 995 idiota
1840 942 1895 996 in

309 1022 584 1090 sapientia
623 1032 753 1090 tua;
808 1040 911 1079 nec
943 1042 1209 1096 apparere
1249 1039 1301 1084 te
1345 1030 1516 1087 facias
1561 1034 1892 1103 sapientem,

311 1113 485 1168 idiota
525 1116 838 1181 exsistens;
872 1128 930 1174 et
964 1121 1160 1175 timeto
1206 1124 1521 1192 superbiam
1560 1136 1615 1179 et
1641 1128 1894 1197 magniﬁ-

311 1207 551 1262 caberis.
600 1209 745 1279 Fuge
788 1227 985 1266 vanam
1014 1213 1267 1283 gloriam,
1297 1225 1354 1269 et
1388 1216 1737 1286 gloriaberis.
1776 1220 1895 1275 Non

310 1308 397 1355 est
438 1300 587 1356 enim
638 1301 937 1358 distributa
990 1303 1119 1359 ﬁliis
1172 1306 1459 1361 hominum
1518 1323 1658 1362 vana
1700 1309 1889 1380 gloria,

309 1408 493 1463 neque
539 1395 747 1449 nationi
802 1396 1099 1451 mulierum
1132 1398 1320 1453 elatio.

379 1486 439 1542 Si
473 1497 666 1556 sponte
694 1490 1026 1544 renuntiasti
1056 1492 1317 1547 omnibus
1351 1494 1545 1549 mundi
1579 1496 1763 1561 rebus,
1824 1512 1893 1551 ne

304 1580 446 1635 velis
482 1581 833 1651 aliquatenus
885 1599 1010 1638 cum
1067 1584 1255 1654 aliquo
1316 1586 1556 1657 litigare.
1613 1588 1669 1643 Si
1696 1604 1891 1643 vanam

306 1673 543 1744 gloriam
574 1674 933 1743 abominaris,
969 1676 1095 1747 fuge
1121 1687 1385 1733 venantes
1431 1694 1573 1733 eam.
1612 1680 1758 1751 Fuge
1785 1690 1892 1734 tam

308 1776 592 1822 amatores
656 1782 844 1822 rerum
879 1809 893 1834 ,
956 1783 1123 1838 quam
1177 1770 1602 1839 acquisitioncm
1676 1785 1889 1824 earum.

305 1860 516 1930 Elonga
547 1869 601 1914 te
642 1860 823 1930 ipsum
854 1877 883 1915 a
928 1861 1193 1932 prodigis,
1224 1862 1367 1917 sicut
1398 1878 1427 1915 a
1466 1862 1887 1933 prodigalitate:

306 1951 433 2021 fuge
490 1952 825 2017 luxuriosos,
869 1954 1011 2007 sicut
1068 1969 1099 2008 a
1136 1954 1374 2008 luxuria.
1424 1954 1561 2020 Quia
1603 1956 1695 2009 ubi
1748 1954 1882 2009 sim-

304 2044 527 2113 pliciter
561 2047 887 2101 memoratio
921 2056 1272 2115 peccatorum
1305 2048 1599 2102 conturbat
1620 2057 1881 2114 mentem,

304 2142 518 2204 quanto
551 2136 722 2205 magis
755 2145 1011 2206 aspectus
1030 2147 1085 2193 et
1113 2139 1460 2193 conversatio
1486 2155 1611 2193 cum
1641 2140 1885 2195 eisdem?

302 2225 699 2298 Appropinqua
720 2229 903 2299 justis,
934 2237 991 2283 et
1022 2228 1133 2283 Deo
1164 2244 1263 2299 per
1285 2230 1433 2299 ipsos
1463 2231 1881 2301 appropinqua—

304 2319 473 2373 beris.
523 2320 864 2375 Conversare
895 2336 1021 2376 cum
1052 2321 1386 2378 habentibus
1407 2322 1796 2389 humilitatem,
1825 2333 1882 2379 et

301 2412 529 2466 addisce
556 2427 737 2467 mores
758 2427 949 2467 eorum
985 2430 998 2467 :
1037 2414 1081 2468 si
1114 2413 1265 2469 enim
1284 2425 1545 2485 aspectus
1576 2431 1767 2470 eorum
1796 2424 1880 2471 est

304 2504 480 2568 utilis,
521 2513 729 2575 quanto
780 2505 952 2575 magis
998 2504 1251 2561 doctrina
1288 2506 1401 2560 oris
1447 2507 1679 2561 eorum?
1706 2507 1879 2577 Dilige

303 2612 596 2666 pauperes,
626 2597 755 2667 quia
790 2613 890 2667 per
930 2597 1077 2667 ipsos
1102 2598 1543 2654 misericordiam
1574 2600 1876 2655 obtinebis.

302 2688 380 2743 Ne
408 2686 825 2757 appropinques
856 2687 1131 2759 litigiosis,
1157 2704 1226 2743 ne
1256 2688 1402 2743 foras
1426 2689 1877 2757 tranquillitatem

301 2780 602 2847 compellas
624 2779 758 2850 (l9).
782 2780 861 2835 Ne
897 2779 1041 2836 feras
1058 2778 1505 2835 abominabiliter
1536 2780 1874 2834 infirmorum

301 2870 545 2935 dolores,
592 2871 721 2942 quia
758 2881 813 2927 et
847 2882 905 2927 tu
962 2888 1128 2928 carne
1178 2872 1289 2942 (ΞΟ)
1341 2872 1591 2927 indueris
1637 2873 1778 2927 sicut
1822 2882 1877 2928 et

302 2962 429 3033 ipsi.
465 2962 543 3018 Ne
574 2964 875 3019 exacerbes
905 2965 1263 3020 contristatos
1313 2966 1499 3030 corde,
1532 2980 1601 3019 ne
1633 2966 1874 3034 ipsorum

301 3057 498 3110 baculo
538 3056 857 3127 flagelleris,
899 3067 955 3111 et
987 3073 1222 3127 qureras,
1248 3067 1436 3114 etnon
1478 3058 1725 3112 invenias
1748 3074 1879 3113 con-

300 3149 564 3202 solantes.
603 3147 681 3203 Ne
718 3147 951 3204 irrideas
983 3150 1264 3205 mutilatos
1299 3149 1582 3213 membris,
1610 3150 1876 3219 quoniam

300 3238 367 3293 ad
420 3249 657 3294 mortem
695 3240 838 3296 imus
864 3242 1150 3311 aequaliter
1175 3242 1439 3297 universi.
1482 3242 1657 3313 Dilige
1684 3255 1877 3311 pecca-
1904 3273 1946 3332 ο

303 3342 489 3397 tores;
534 3331 631 3386 sed
676 3332 927 3402 ipsorum
980 3333 1081 3387 tibi
1117 3334 1228 3389 sint
1272 3349 1441 3404 opera
1486 3333 1773 3399 insidiosa,
1806 3350 1877 3390 ne

299 3424 562 3493 quoniam
607 3422 663 3478 in
708 3424 777 3479 iis
819 3424 1135 3495 in-quibus
1182 3426 1284 3496 ipsi
1316 3434 1465 3490 sunt,
1503 3437 1560 3481 tu
1592 3426 1875 3483 temneris.

300 3516 597 3579 Memento,
629 3517 889 3586 quoniam
915 3518 1364 3573 communionem
1401 3519 1570 3574 habes
1602 3534 1726 3574 cum
1762 3527 1879 3573 ter-

301 3621 434 3660 rena
482 3605 814 3671 substantia,
865 3615 922 3661 et
966 3606 1200 3661 benefac
1230 3608 1529 3673 universis,
1563 3617 1620 3662 et
1655 3624 1724 3663 ne
1752 3623 1879 3662 exa-

299 3697 497 3752 cerbes
558 3706 803 3767 egentes,
846 3706 901 3753 et
952 3698 1303 3753 orationibus
1354 3700 1466 3753 tuis
1510 3708 1568 3754 et
1613 3701 1878 3756 suavibus

299 3790 657 3846 sermonibus
695 3799 747 3845 et
787 3792 1261 3848 consolationibus
1292 3806 1362 3846 ne
1409 3792 1594 3862 prives
1652 3792 1775 3848 illos
1809 3810 1877 3849 ne

300 3894 551 3955 pereant,
584 3893 641 3940 et
687 3900 717 3938 a
763 3893 816 3939 te
854 3884 1097 3955 ipsorum
1130 3887 1327 3941 animm
1363 3888 1736 3955 requirantur.
1770 3887 1876 3943 Sed

301 3974 523 4030 imitare
551 3972 814 4037 medicos,
839 3975 934 4044 qui
954 3974 1245 4031 calidiores
1271 3976 1558 4045 passiones
1586 3976 1879 4032 medicinis

298 4066 706 4137 frigidioribus,
760 4074 817 4122 et
868 4068 1163 4123 contrariis
1222 4067 1517 4123 medentur
1568 4068 1876 4140 frigidiora.

298 4158 490 4214 Excita
534 4158 771 4227 teipsum
816 4174 942 4213 cum
987 4159 1302 4214 obviaveris
1351 4160 1605 4230 proximo
1653 4168 1771 4226 tuo,
1817 4174 1879 4218 ut

297 4265 424 4303 cum
476 4248 717 4303 honores
760 4263 927 4318 supra
977 4265 1295 4304 mensuram
1351 4266 1365 4303 :
1419 4250 1669 4306 osculare
1710 4252 1876 4307 etiam

296 4338 470 4408 pedes
511 4337 635 4407 ejus
666 4346 721 4393 et
749 4352 969 4403 manus,
1004 4347 1060 4393 et
1090 4348 1214 4394 tene
1260 4339 1408 4408 ipsas
1437 4339 1722 4395 multoties
1753 4357 1876 4396 eum

298 4430 474 4483 multo
512 4429 748 4493 honore,
803 4440 861 4484 et
910 4444 1223 4499 superpone
1270 4430 1420 4499 ipsas
1477 4446 1646 4501 super
1688 4434 1879 4488 oculos

298 4528 447 4581 tuos,
478 4526 534 4573 ct
578 4517 907 4572 commenda
938 4518 1119 4588 ipsum
1159 4518 1327 4573 etiam
1368 4519 1424 4574 in
1468 4535 1536 4575 eo
1578 4521 1727 4591 quod
1766 4538 1877 4577 non

1994 677 2231 749 judices,
2269 694 2364 739 aut
2402 687 2593 756 culpes
2632 708 2644 743 :
2686 689 2952 747 habemus
3002 697 3150 750 enim
3195 700 3252 753 in
3294 677 3448 761 coalis
3490 710 3579 777 ju-

1999 770 2178 826 diccm
2224 790 2331 830 non
2366 786 2744 847 acceptantem
2805 800 3089 853 personas.
3141 790 3298 856 Quod
3348 797 3393 850 si
3441 770 3578 856 velis

2000 862 2178 932 ipsum
2221 878 2549 924 convertere
2604 872 2673 925 ad
2724 875 3037 942 veritatem,
3090 884 3423 943 contristare
3477 907 3577 959 pro

1998 954 2137 1023 ipso,
2171 967 2227 1012 et
2271 974 2395 1013 cum
2428 962 2685 1033 lacrymis
2720 965 2946 1035 loquere
2990 970 3093 1037 ipsi
3127 989 3296 1028 unum
3343 954 3576 1035 verbum

1997 1053 2091 1098 aut
2138 1046 2270 1111 duo,
2321 1068 2422 1105 nec
2461 1056 2784 1112 accendaris
2836 1060 3023 1117 furore
3062 1074 3255 1120 contra
3302 1086 3451 1136 eum,
3505 1090 3575 1129 ne

1997 1138 2301 1197 inimicitia:
2342 1144 2525 1200 videat
2556 1148 2610 1201 in
2660 1158 2712 1203 te
2749 1152 2987 1221 signum.
3029 1157 3160 1211 Nam
3193 1160 3434 1217 charitas
3464 1181 3573 1220 non

1996 1231 2151 1284 novit
2208 1233 2414 1299 furere,
2447 1246 2542 1291 aut
2585 1244 2942 1309 exacerbare,
2994 1257 3089 1303 aut
3132 1250 3439 1308 abominari
3474 1258 3574 1311 ali-

1995 1338 2159 1391 quem
2204 1326 2425 1381 vitiose.
2481 1331 2709 1401 Signum
2763 1336 3053 1394 charitatis
3092 1350 3149 1395 et
3206 1345 3451 1400 scientiae
3490 1358 3573 1403 est

1997 1413 2303 1477 humilitas.
2343 1436 2465 1488 qua:
2515 1426 2764 1478 nascitur
2807 1444 2873 1482 ex
2922 1433 3263 1489 conscientia
3318 1437 3459 1492 bona
3514 1439 3571 1492 in

1994 1505 2218 1561 Christo
2268 1508 2394 1563 Jesu
2448 1513 2681 1569 Domino
2749 1528 2941 1575 nostro
2988 1539 3002 1575 :
3043 1525 3130 1577 cui
3166 1536 3250 1580 est
3296 1528 3469 1597 gloria
3516 1538 3572 1583 et

1995 1606 2240 1666 potestas
2286 1617 2409 1655 cum
2457 1603 2616 1659 Patre
2669 1617 2724 1661 et
2778 1609 2984 1680 Spiritu
3044 1626 3255 1684 sancto,
3320 1628 3376 1673 et
3426 1636 3570 1674 nunc

1993 1698 2051 1744 et
2104 1689 2156 1744 in
2210 1695 2409 1748 smcula
2459 1699 2808 1755 saeculorum.
2852 1703 3049 1758 Amen.

2573 1830 2796 1889 CAPUT
2848 1835 2986 1892 XIV.

2074 1938 2519 2013 Appropinquare
2564 1944 2672 1999 Deo
2722 1948 2981 2017 quomodo
3028 1949 3329 2015 debeamus,
3370 1961 3480 2005 etc.

2059 2049 2291 2117 Quando
2324 2054 2527 2123 aliquis
2566 2056 2621 2111 in
2660 2059 2895 2129 aliquam
2934 2062 3149 2116 ruinam
3200 2063 3404 2117 labitur
3439 2081 3566 2134 pec-

1990 2142 2123 2205 cati,
2174 2142 2597 2214 signiflcativum
2628 2157 2712 2203 est
2755 2151 3027 2205 naturalis
3056 2151 3397 2222 frigiditatis,
3432 2155 3563 2222 quia

1988 2235 2385 2289 convenienter
2438 2238 2693 2306 permisit
2743 2239 2889 2294 Deus
2952 2250 3205 2295 naturam
3265 2242 3560 2298 humanam

1987 2327 2361 2396 receptibilem
2413 2344 2535 2384 esse
2581 2330 2841 2385 vitiorum
2900 2350 2914 2386 :
2962 2348 3071 2387 non
3129 2333 3277 2389 enim
3319 2334 3563 2404 providit

1986 2418 2326 2474 constituere
2360 2420 2533 2490 ipsam
2570 2437 2737 2492 super
2780 2423 2895 2489 illa,
2931 2433 3059 2480 ante
3088 2427 3559 2496 regenerationem

1983 2506 2251 2564 futuram.
2284 2511 2461 2581 Ipsam
2496 2522 2680 2569 autem
2714 2529 2835 2570 esse
2871 2516 3250 2586 receptibilem
3275 2517 3557 2582 vitiorum,

1985 2604 2121 2659 utile
2158 2616 2244 2661 est
2272 2605 2341 2660 ad
2366 2607 2719 2663 conscientiae
2754 2610 3143 2681 pungimenta:
3172 2611 3267 2665 sed
3298 2626 3556 2679 perseve-

1984 2696 2160 2750 rantia
2212 2697 2268 2752 in
2309 2698 2541 2766 eisdem,
2578 2699 2902 2771 imprudens
2957 2712 3044 2757 est
3091 2711 3148 2757 et
3184 2702 3381 2772 turpis.
3420 2702 3558 2756 Tres

1983 2788 2133 2842 modi
2165 2800 2315 2854 sunt,
2356 2806 2456 2860 per
2484 2808 2625 2861 quos
2658 2794 2841 2848 omnis
2889 2794 3071 2847 anima
3111 2794 3397 2848 rationalis
3441 2793 3559 2847 Deo

1983 2887 2165 2948 potest
2196 2883 2639 2953 appropinquare
2674 2902 2687 2937 :
2727 2884 2821 2939 Vel
2858 2900 2958 2953 per
2993 2884 3269 2939 fervorem
3306 2884 3424 2948 Dei,
3468 2883 3554 2937 vel

1985 2969 2260 3037 timorem,
2288 2974 2374 3029 vel
2401 2974 2617 3029 Domini
2650 2974 3019 3044 disciplinam.
3055 2974 3251 3029 Nullus
3281 2976 3428 3030 enim
3458 2990 3557 3045 po-

1984 3071 2091 3117 test
2125 3065 2574 3134 appropinquare
2601 3063 2859 3121 charitati
2916 3065 3035 3129 Dei,
3064 3064 3172 3119 nisi
3208 3064 3557 3134 praecesserit

1984 3170 2129 3209 unus
2168 3170 2235 3209 ex
2260 3155 2349 3210 his
2379 3155 2557 3211 tribus
2590 3155 2770 3211 modis
2799 3174 2813 3209 :
2849 3156 2993 3211 sicut
3024 3156 3174 3212 enim
3220 3156 3290 3210 ab
3311 3155 3553 3223 ingluvie

1982 3245 2193 3300 ventris
2240 3246 2490 3301 nascitur
2534 3246 2777 3301 turbatio
2830 3247 3259 3317 cogitationum;
3292 3246 3367 3299 ita
3416 3254 3473 3300 et
3520 3261 3552 3300 a

1980 3336 2336 3407 multiloquio
2358 3346 2414 3392 et
2453 3337 2878 3392 immoderantia
2902 3338 3265 3403 locutionum,
3293 3338 3553 3407 ignoran-

1978 3428 2052 3482 tia
2084 3437 2140 3482 et
2172 3428 2375 3483 mentis
2421 3443 2683 3484 excessus
2723 3446 2737 3483 :
2775 3429 3157 3498 temporalium
3186 3444 3368 3482 rerum
3400 3426 3553 3481 solli-

1978 3518 2169 3573 citudo
2220 3519 2406 3573 turbat
2457 3520 2720 3584 animam,
2764 3528 2822 3574 et
2853 3520 3202 3574 fermentatio
3234 3534 3355 3588 qua:
3399 3522 3455 3571 tit
3486 3533 3555 3573 ex

1978 3608 2133 3677 ipsis,
2182 3620 2421 3663 mentem
2466 3609 2781 3679 corrumpit
2817 3618 2874 3664 et
2918 3610 3127 3662 exserit
3159 3624 3189 3661 a
3220 3608 3430 3676 quiete.
3522 3604 3530 3611 ’

2050 3703 2219 3756 Decet
2263 3701 2413 3754 enim
2468 3701 2784 3770 religiosum
2829 3700 2924 3770 qui
2976 3716 3035 3754 se
3085 3698 3313 3752 tradidit
3356 3711 3552 3765 opera-

1980 3793 2115 3849 tioni
2158 3791 2365 3847 cmlesti
2396 3791 2664 3861 quotidie,
2692 3801 2846 3847 extra
2872 3806 3090 3846 omnem
3122 3787 3554 3845 sollicitudinem

1979 3883 2364 3953 temporalium
2386 3897 2608 3952 semper
2640 3898 2783 3947 esse,
2820 3890 2881 3936 ut
2909 3882 3087 3937 factus
3118 3882 3174 3936 in
3230 3883 3553 3951 semetipso,

1977 3977 2115 4032 nihil
2162 3975 2388 4046 penitus
2442 3974 2498 4029 in
2546 3990 2606 4029 se
2663 3974 2908 4029 inveniat
2941 3974 3010 4029 de
3047 3974 3154 4029 hoc
3196 3973 3427 4038 mundo,
3482 3972 3553 4025 ab

1978 4068 2294 4140 hujusmodi
2350 4067 2501 4122 enim
2532 4074 2759 4121 sanctus
2804 4066 2860 4120 in
2907 4066 3023 4121 otio
3073 4064 3185 4135 (21)
3222 4063 3557 4119 irrevocabi-

1978 4161 2123 4224 liter,
2151 4160 2207 4213 in
2251 4160 2361 4231 lege
2380 4158 2589 4212 Domini
2608 4158 2691 4211 die
2709 4175 2773 4211 ac
2805 4166 2953 4211 nocte
2990 4158 3181 4227 poterit
3214 4155 3462 4209 meditari
3486 4156 3547 4197 ³⁸η

1977 4252 2297 4323 Corporalis
2341 4252 2499 4307 labor
2543 4250 2664 4305 sine
2703 4249 2921 4305 meritis
2965 4248 3241 4303 munditia
3273 4246 3386 4318 (22)
3447 4256 3555 4311 est,

1979 4345 2123 4398 sicut
2151 4342 2355 4398 sterilis
2398 4342 2598 4397 matrix
2627 4349 2683 4397 et
2718 4342 2889 4396 ubera
2930 4340 3107 4403 sicca;
3144 4339 3272 4408 quia
3306 4337 3558 4393 scientia:

1981 4432 2073 4487 Dei
2102 4431 2549 4501 appropinquare
2582 4446 2693 4485 non
2718 4438 2903 4499 potest
2926 4446 2940 4482 :
2967 4428 3305 4483 laboriosum
3332 4428 3556 4497 quidem

1980 4522 2115 4578 facit
2145 4538 2370 4590 corpus,
2407 4522 2503 4577 sed
2532 4522 2672 4576 nihil
2700 4521 2959 4591 acquirit.
2994 4520 3150 4575 Sicut
3182 4520 3277 4588 qui
3319 4519 3557 4574 seminat

297 4611 485 4665 habet.
524 4608 663 4665 Cum
679 4625 815 4665 vero
833 4610 1128 4665 recesseris
1161 4611 1231 4665 ab
1272 4611 1387 4677 illo,
1412 4612 1480 4666 de
1512 4611 1631 4682 ipso
1651 4613 1878 4683 loquere
1912 4610 1956 4665 D
1983 4630 2153 4685 super
2194 4615 2402 4683 spinas,
2453 4614 2593 4667 nihil
2625 4622 2835 4668 metere
2871 4620 3086 4681 potest;
3116 4612 3188 4664 ita
3216 4610 3313 4679 qui
3338 4626 3399 4665 se
3426 4610 3557 4664 odio

296 4718 461 4757 omne
498 4702 707 4756 bonum
751 4712 809 4758 et
841 4701 1111 4771 quidquid
1145 4711 1229 4757 est
1262 4704 1585 4772 pretiosum.
1630 4706 1734 4761 Per
1764 4708 1879 4762 hate

294 4804 351 4849 et
376 4794 698 4865 huiusmodi
730 4802 916 4850 trahes
963 4810 1091 4849 eum
1130 4794 1198 4849 ad
1230 4794 1459 4860 bonum,
1494 4805 1550 4851 et
1578 4797 1654 4852 ita
1690 4813 1876 4853 semen

295 4887 526 4941 virtutis
568 4886 873 4942 seminabis
914 4886 969 4940 in
1016 4885 1157 4955 ipso.
1192 4886 1270 4940 Ex
1302 4886 1393 4939 tali
1435 4895 1618 4941 autem
1642 4902 1877 4942 consue-

297 4977 492 5032 tudine
527 4977 798 5032 formatur
825 4977 880 5031 in
916 4986 965 5032 te
1010 4978 1184 5031 forma
1234 4978 1405 5043 bona;
1440 4979 1667 5033 multam
1699 4979 1879 5033 humi-

295 5066 510 5121 litatem
562 5068 818 5137 acquires
874 5067 928 5121 in
965 5076 1018 5122 te
1060 5068 1208 5137 ipso;
1250 5074 1305 5122 et
1359 5082 1553 5137 magna
1599 5068 1878 5123 obtinebis

298 5158 417 5212 sine
453 5159 663 5213 labore.
713 5158 975 5225 Quinimo
1020 5160 1065 5214 si
1100 5160 1267 5213 habet
1291 5159 1455 5213 etiam
1495 5159 1744 5213 defectus
1773 5160 1879 5214 ali-

299 5266 461 5320 quos,
490 5251 795 5307 honoratus
814 5268 845 5306 a
868 5261 941 5311 te.
967 5252 1199 5321 recipiet
1223 5252 1513 5307 sanitatem
1544 5252 1880 5307 erubescens

298 5360 366 5397 ex
413 5344 623 5398 honore
651 5361 814 5413 quem
846 5344 1047 5400 fecisti.
1083 5344 1183 5398 Hic
1222 5345 1419 5398 modus
1450 5345 1799 5399 salutationis
1822 5355 1877 5399 et

1980 4716 2039 4763 et
2072 4706 2376 4776 cupiditate
2404 4704 2661 4765 destruit,
2695 4718 2806 4757 non
2843 4692 3028 4771 potest
3054 4700 3266 4770 aliquid
3296 4699 3554 4769 adipisci,
3584 4766 3587 4767 ν

1981 4799 2078 4855 sed
2110 4814 2177 4854 ex
2203 4797 2393 4852 multis
2430 4796 2635 4866 vigiliis
2688 4804 2747 4850 et
2776 4792 3143 4863 occupatione
3188 4808 3374 4847 rerum
3405 4792 3559 4846 infir-

1980 4901 2165 4947 matur
2197 4891 2251 4945 in
2289 4890 2412 4943 loco
2448 4904 2571 4943 suo.
2607 4888 2677 4942 Et
2704 4887 2813 4941 hoc
2846 4894 3079 4941 testatur
3109 4885 3395 4954 Scriptura
3433 4900 3556 4953 qua:

1979 4984 2115 5038 dicit
2164 5001 2177 5036 :
2214 4981 2360 5037 Sicut
2400 4980 2623 5051 populus
2662 4996 2890 5049 operans
2921 4979 3214 5049 justitiam,
3258 4985 3306 5030 et
3347 4976 3558 5030 nullum

1984 5076 2081 5146 ιι
2120 5071 2428 5127 mandatum
2462 5071 2672 5124 Domini
2702 5069 2991 5140 negligens,
3013 5068 3289 5121 veritatem
3312 5078 3360 5121 et
3388 5068 3554 5137 justi-

1974 5169 2104 5219 tiam
2151 5171 2395 5234 qucerunt
2439 5181 2471 5215 a
2512 5178 2613 5225 me,
2654 5168 2702 5213 et
2734 5160 2921 5214 uolunt
2959 5160 3071 5230 (ἓό)
3111 5160 3237 5212 mihi
3262 5160 3555 5229 appropin-

1973 5273 2155 5326 quare,
2190 5255 2439 5309 dicentes
2468 5270 2481 5307 ε
2518 5252 2697 5317 Quare
2723 5254 3109 5323 jejunavimus,
3139 5259 3189 5304 et
3214 5268 3316 5304 non
3355 5251 3552 5312 vidisti,

1973 5359 2023 5401 et
2057 5365 2150 5401 nos
2188 5346 2599 5409 humiliavimus,
2629 5355 2677 5399 et
2720 5345 3083 5409 nonvnovisti?
3111 5343 3175 5397 In
3196 5344 3373 5397 diebus
3417 5344 3556 5395 enim

299 5433 530 5487 honoris
562 5434 622 5486 fit
650 5434 747 5488 tibi
775 5450 993 5504 semper
1014 5434 1159 5503 apud
1190 5450 1417 5488 omnes:
1441 5451 1550 5487 non
1576 5435 1876 5489 exacerbes
1963 5441 2294 5510 jejuniorum
2314 5444 2606 5491 vestrorum
2643 5437 2819 5503 facitis
2845 5436 3141 5490 voluntates
3172 5446 3371 5489 vestras
3403 5435 3471 5499 ’⁷,
3500 5445 3558 5487 et

299 5525 563 5595 aliquem,
603 5543 782 5596 neque
825 5528 1035 5590 turbes,
1074 5543 1252 5596 neque
1284 5526 1533 5581 invideas
1556 5527 1755 5595 alicui;
1782 5530 1875 5584 sed

372 5642 419 5674 “
453 5643 594 5697 Psal.
644 5661 680 5707 l,
724 5645 778 5697 9..
854 5646 900 5675 "
945 5646 1047 5700 lsa.
1084 5661 1227 5705 ιγιιι,
1256 5642 1308 5707 2,
1359 5646 1412 5697 5.

530 5756 845 5828 Corrzpcllas.
886 5760 1055 5820 Etliti,
1104 5758 1399 5828 mmpclles.

377 5825 484 5894 (20)
525 5825 719 5881 Carne.
761 5830 930 5890 Editi,
977 5846 1148 5882 curve.

382 5897 488 5969 (2|)
530 5896 753 5955 Sanctus
782 5901 835 5955 in
871 5901 995 5955 otio.
1026 5899 1108 5955 An
1143 5900 1311 5972 factus
1350 5902 1403 5955 in
1434 5902 1536 5955 otio
1562 5900 1586 5955 .’
1618 5908 1675 5955 ut
1705 5898 1869 5970 paulo

1976 5540 2236 5599 tanquam
2267 5529 2430 5583 idolis
2462 5528 2733 5583 sacrilicia
2770 5527 3071 5583 offerentes
3117 5526 3386 5596 malignas
3422 5538 3555 5593 0pc-

1984 5767 2108 5823 ante
2144 5759 2309 5824 fartus
2348 5759 2399 5809 in
2438 5760 2733 5823 semetipso.

2057 5828 2166 5893 (ἐξ)
2209 5828 2487 5880 Mamillio.
2533 5827 2713 5887 Forte,
2753 5824 3112 5879 inmunditia.
3514 5867 3548 5895 ἰ

2056 5898 2167 5970 ('25)
2212 5897 2429 5954 Nolunt.
2460 5897 2622 5971 Vulg.
2672 5896 2877 5952 volunt.
