4112 6548
505 433 606 503 831

1873 436 1932 496 S.
1977 434 2224 495 ISAACI
2264 435 2438 496 SYRI

3667 448 3780 511 832

497 550 747 606 rationes
781 547 1002 613 animat,
1032 556 1088 604 et
1121 547 1489 619 cogitationes
1517 563 1734 618 pravas,
1771 565 1909 618 quas
1933 549 2080 603 sicut
2115 550 2150 602 Α
2180 565 2289 604 non
2321 551 2599 616 turbatur,
2634 568 2738 610 nec
2762 563 2991 610 excusat
3021 571 3080 611 se
3108 572 3277 628 super
3304 573 3363 614 re
3391 558 3446 613 in
3484 574 3593 630 qua
3624 561 3776 633 inju—

494 645 631 698 deos
677 642 976 712 reputastis
999 681 1014 704 ,
1055 643 1213 697 vobis
1255 650 1310 695 et
1347 643 1514 698 corda
1545 652 1796 698 vestrum
1829 643 2079 696 onmium

494 735 829 806 pretiosiora
867 735 1223 806 thymiamate
1274 735 1630 790 immolantes
1672 734 1923 790 eisdem:
1957 749 2078 803 quae

493 840 594 881 vos
618 825 915 895 oportebat
939 825 1139 880 offerre
1163 826 1298 879 mihi
1329 842 1427 896 per
1449 827 1648 881 bonam
1672 825 2074 895 operationem,

492 914 552 972 et
603 918 884 973 sinceram
922 919 1321 974 conscientiam
1372 929 1634 973 vestram.
1691 918 1849 972 Sicut
1901 918 2079 973 nubes

496 1011 758 1080 operiunt
811 1012 999 1066 lumen
1052 1012 1226 1078 Iunm;
1260 1013 1334 1066 ita
1388 1019 1445 1066 et
1499 1026 1733 1081 vapores
1760 1011 1972 1065 ventris
2022 1011 2078 1064 in

498 1102 684 1157 anima
725 1104 1056 1173 sapientiam
1107 1104 1226 1158 Dei.
1275 1105 1434 1158 Sicut
1466 1112 1550 1158 est
1583 1103 1803 1156 flamma
1854 1102 1993 1172 ignis
2022 1102 2076 1156 in

497 1195 663 1250 siccis
694 1195 898 1266 lignis;
941 1196 1015 1250 ita
1059 1205 1144 1250 est
1176 1197 1232 1249 in
1278 1204 1474 1249 ventre
1530 1195 1764 1263 repleto.
1795 1193 1954 1248 Sicut
1982 1209 2080 1246 au-

497 1295 591 1358 get
630 1288 855 1360 pinguis
899 1289 1131 1344 materia
1163 1289 1437 1342 flammam
1471 1288 1650 1358 ignis;
1691 1289 1766 1340 ita
1805 1295 1860 1341 et
1889 1286 2076 1340 diver-

497 1380 638 1437 sitas
679 1381 932 1436 ciborum
984 1381 1236 1452 corporis
1281 1390 1516 1434 motum.
1567 1381 1625 1434 In
1655 1395 1890 1448 corpore
1917 1380 2079 1432 luxu-

498 1476 650 1530 rioso
703 1475 936 1531 scientia
973 1475 1072 1529 Dei
1106 1489 1216 1528 non
1246 1472 1481 1527 habitat.
1527 1471 1632 1538 Qui
1667 1471 1845 1541 diligit
1875 1485 2078 1538 corpus

497 1583 682 1633 suum,
720 1568 818 1622 Dei
868 1567 1099 1638 gratiam
1143 1582 1258 1621 non
1298 1566 1576 1634 acquiret.
1622 1565 1781 1619 Sicut
1827 1579 1893 1616 ex
1922 1562 2079 1616 dolo-

499 1659 657 1714 ribus
686 1669 902 1730 partus,
944 1658 1165 1713 fructus
1194 1658 1377 1713 oritur
1413 1655 1702 1711 Izetiticans
1727 1655 2073 1725 parientem;

498 1750 575 1805 ita
624 1766 689 1806 ex
740 1750 931 1805 labore
981 1751 1233 1806 nascitur
1276 1750 1332 1804 in
1365 1749 1550 1804 anima
1604 1757 1946 1803 secretorum
1978 1747 2076 1802 Dei

495 1840 750 1896 scientia.
805 1839 966 1895 Sicut
1014 1849 1174 1910 pater
1234 1855 1426 1896 curam
1473 1839 1615 1910 gerit
1664 1837 1759 1892 filii
1827 1838 1944 1902 sui,
1999 1838 2075 1891 ita

494 1931 646 1988 Deus
686 1948 876 1988 curam
914 1908 1059 2002 gerit
1101 1933 1378 2004 corporis,
1421 1908 1572 2002 quod
1623 1947 1726 2001 pro
1775 1930 1895 1999 ipso
1939 1929 2078 1983 allii.
2112 1908 2152 1963 Β

495 2024 670 2094 gitur,
716 2027 867 2097 juxta
893 2025 1034 2080 illud
1067 2043 1081 2078 :
1114 2024 1529 2081 Pretiosissima
1566 2030 1654 2078 est
1698 2020 1954 2091 corporis
1984 2034 2079 2075 ac-

494 2117 754 2187 quisitio,
790 2133 916 2188 quae
957 2133 1086 2173 cum
1141 2117 1417 2188 sapientia
1449 2121 1766 2171 exercetur.

1093 2226 1319 2282 CAPUT
1363 2224 1480 2280 XV.

638 2315 912 2384 Quomodo
935 2319 1089 2374 homo
1119 2318 1185 2372 sit
1218 2318 1528 2388 peregrinus
1552 2321 1602 2368 et
1628 2315 1934 2369 monachus.

566 2428 902 2500 Peregrinus
935 2438 1040 2495 est,
1068 2429 1162 2499 qui
1192 2437 1373 2483 mente
1405 2427 1583 2482 factus
1611 2434 1766 2482 extra
1795 2422 2081 2480 saecularia

495 2518 778 2584 universa,
823 2519 1017 2590 lugens
1065 2527 1185 2584 est;
1222 2518 1315 2590 qui
1365 2518 1424 2572 in
1475 2517 1618 2572 fame
1669 2524 1726 2572 et
1773 2515 1864 2571 siti
1911 2515 2080 2570 vitam

495 2610 652 2666 ducit
682 2612 941 2667 omnibus
965 2611 1162 2667 diebus
1190 2611 1317 2666 vitae
1346 2624 1459 2665 suae
1491 2617 1720 2680 propter
1747 2623 1900 2679 spem
1931 2607 2083 2662 futu-

496 2716 686 2756 rorum
721 2702 1018 2757 bonorum.
1055 2702 1270 2757 Divitiae
1312 2700 1557 2772 religiosi
1600 2709 1749 2764 sunt,
1773 2699 2079 2755 consolatio

494 2807 618 2862 qua:
648 2791 707 2846 fit
735 2807 804 2848 ex
839 2793 1014 2856 luctu,
1043 2801 1100 2848 et
1129 2793 1321 2848 laetitia
1350 2807 1472 2862 qua:
1505 2791 1568 2847 ﬁt
1591 2807 1658 2848 ex
1694 2791 1802 2847 fide
1832 2809 1846 2846 :
1873 2806 1996 2862 quae
2023 2791 2080 2846 in

494 2885 777 2941 cubilibus
803 2886 1112 2956 splendent.
1142 2886 1444 2940 Monachus
1472 2893 1580 2949 est,
1610 2883 1706 2955 qui
1742 2884 1898 2939 sedet
1922 2892 2079 2938 extra

493 2976 780 3043 saeculum,
807 2985 864 3031 et.
897 2992 1118 3045 semper
1159 2976 1435 3046 supplicat
1466 2975 1602 3040 Deo,
1640 2986 1701 3031 ut
1740 2975 2081 3047 adipiscatur

493 3066 678 3122 futura
707 3067 874 3122 bona.
904 3067 1217 3123 Misericors
1245 3077 1350 3133 est,
1383 3067 1480 3138 qui
1504 3067 1598 3122 dat
1625 3066 1903 3130 omnibus,
1928 3073 1986 3123 et
2022 3067 2078 3122 in

494 3170 679 3216 mente
717 3161 956 3230 aliquem
994 3161 1061 3215 ab
1089 3161 1274 3231 aliquo
1308 3177 1419 3215 non
1453 3161 1740 3217 discernit.
1770 3160 1941 3231 Virgo
1971 3166 2076 3225 est,

493 3253 593 3323 qui
633 3267 746 3308 non
791 3251 1091 3309 custodivit
1121 3268 1327 3324 corpus
1359 3269 1521 3308 suum
1557 3268 1589 3307 a
1623 3252 1928 3323 pollutione
1954 3260 2078 3307 tan-
2105 3261 2149 3320 ο

498 3354 653 3411 tum;
687 3344 784 3400 sed
817 3345 862 3401 is
891 3345 984 3415 qui
1015 3345 1240 3416 quando
1286 3346 1568 3400 solitarius
1606 3353 1712 3409 est,
1740 3343 2082 3400 verecunda-

497 3447 593 3492 tur
631 3437 686 3492 in
729 3439 1042 3508 semetipso.
1079 3437 1136 3493 Si
1171 3438 1360 3510 diligis.
1389 3437 1721 3501 castitatem,
1761 3445 1954 3507 turpes
1983 3453 2083 3492 co-

497 3530 796 3602 gitationes
832 3545 933 3600 per
975 3531 1367 3588 mediationem
1412 3531 1668 3586 lectionis
1709 3539 1766 3586 et
1813 3538 2080 3586 attentam

497 3622 809 3677 orationem
847 3621 1092 3690 expelle;
1117 3631 1173 3676 et
1206 3631 1338 3677 tunc
1371 3622 1679 3678 armaberis
1724 3631 1914 3677 contra
1946 3638 2080 3677 cau-

497 3729 588 3770 sas
607 3723 839 3778 naturze,
869 3713 995 3783 quia
1024 3713 1142 3768 sine
1173 3715 1260 3769 his
1282 3714 1622 3785 impossibile
1647 3722 1732 3770 est
1754 3714 2081 3770 munditiam

497 3806 556 3861 in
588 3807 770 3861 anima
803 3807 1062 3861 inveniri.
1108 3807 1162 3862 Si
1196 3808 1278 3862 vis
1311 3808 1566 3863 invenire
1592 3807 1824 3879 gratiam
1856 3809 1941 3862 vel
1973 3809 2080 3863 mi-

496 3897 858 3954 sericordiam
883 3897 1188 3969 possidere,
1217 3900 1372 3969 prius
1399 3915 1653 3956 assuesce
1678 3909 1728 3955 te
1748 3899 1928 3970 ipsum
1951 3915 2083 3954 con-

498 3999 750 4046 temnere
791 3991 999 4056 omnia,
1028 4007 1098 4046 ne
1142 4006 1300 4047 mens
1331 3993 1576 4062 ipsorum
1608 3992 1852 4061 pondere
1880 3992 2080 4046 dissol-

496 4088 682 4144 vatur,
708 4087 765 4135 et
793 4089 944 4135 extra
984 4081 1248 4137 terminos
1277 4097 1406 4137 suos
1446 4082 1560 4137 fiat.
1591 4083 1727 4137 Nam
1754 4083 2080 4138 certiticatio

499 4169 898 4225 misericordiae
925 4170 981 4224 in
1004 4170 1334 4242 injuriarum
1357 4173 1624 4241 patientia
1644 4173 2077 4228 demonstratur.

500 4261 844 4318 Humilitatis
874 4264 1146 4334 perfectio
1175 4271 1279 4328 est,
1315 4266 1684 4321 accusationis
1713 4265 1922 4337 ﬂagella
1953 4283 2079 4323 cum

499 4354 703 4435 gaudio
733 4355 1028 4410 sustinere.
1060 4355 1117 4410 Si
1153 4357 1207 4411 in
1240 4358 1477 4412 veritate
1502 4357 1818 4414 misericors
1846 4375 1926 4424 es,
1953 4375 2079 4415 cum

495 4446 828 4503 auferuntur
865 4447 963 4502 tibi
1009 4447 1210 4519 injuste
1261 4457 1389 4513 tua,
1440 4464 1511 4505 ne
1554 4451 1900 4505 contristeris
1933 4452 2078 4508 inte-

495 4537 636 4600 rius,
683 4551 786 4592 nec
827 4538 1073 4594 exterius
1105 4539 1367 4595 damnum
1413 4540 1648 4608 recites;
1697 4543 1792 4598 sed
1832 4542 2078 4599 diluatur

493 4625 914 4696 potiusjactura
939 4627 1318 4700 injuriantium
1341 4647 1372 4686 a
1401 4633 1779 4688 misericordia
1799 4641 1913 4707 tua,
1935 4635 2078 4691 sicut

493 4715 609 4770 vini
657 4718 954 4774 austeritas
1005 4735 1106 4789 per
1148 4721 1545 4778 abundantiam
1591 4739 1745 4794 aqua:
1787 4741 1800 4779 :
1845 4727 2077 4784 ostende

491 4809 696 4879 cuique
730 4811 1143 4869 multitudinem
1191 4815 1591 4872 misericordiae
1636 4824 1743 4873 tua:
1789 4817 1846 4873 in
1890 4819 2075 4884 bonis,

491 4916 616 4971 qua:
643 4901 843 4959 tribuis
874 4904 1297 4976 injuriatoribus
1326 4907 1458 4974 tuis,
1487 4916 1545 4964 et
1572 4909 1717 4964 sicut
1744 4909 1945 4967 beatus
1967 4912 2079 4968 Eli-

492 5009 636 5050 saeus
658 4994 790 5051 fecit
811 4996 1052 5053 inimicis
1074 4999 1189 5054 suis
1209 4999 1390 5071 ipsum
1411 5000 1730 5058 volentibus
1753 5004 2035 5075 captivare
2061 5025 2074 5061 :

494 5101 620 5140 nam
652 5089 874 5156 quando
916 5091 1097 5147 oravit
1125 5103 1182 5147 et
1210 5094 1510 5150 excaecavit
1537 5110 1635 5151 eos
1671 5095 1930 5169 caligine,
1963 5099 2083 5154 vir-

495 5187 670 5234 tutem
701 5196 824 5250 quae
865 5191 984 5239 erat
1021 5184 1077 5239 in
1123 5201 1204 5250 se,
1236 5187 1504 5252 ostendit;
1534 5197 1591 5244 et
1629 5204 1755 5245 cum
1798 5191 1985 5246 cibum
2025 5202 2082 5248 et

494 5277 686 5339 potum
731 5270 885 5326 dedit
928 5275 1034 5341 eis,
1068 5285 1124 5331 et
1151 5291 1248 5332 eos
1294 5279 1449 5335 abire
1480 5281 1714 5348 dimisit,
1761 5285 2081 5342 misericor-

491 5361 643 5416 diam
671 5363 890 5421 Domini
934 5369 1282 5425 monstravit.

897 5563 901 5567 ν
1062 5480 1290 5538 CAPUT
1351 5484 1490 5540 XVI.

885 5573 958 5628 De
995 5575 1308 5646 perfectione
1348 5578 1682 5636 humilitatis.

563 5679 669 5748 Qui
717 5683 772 5738 in
820 5687 1052 5743 veritate
1097 5688 1325 5744 humilis
1369 5697 1476 5757 cst,
1517 5692 1777 5762 patiendo
1816 5696 2070 5771 injuriam

542 5859 587 5891 "‘
620 5859 776 5918 Joan.
815 5880 922 5931 xiv,
961 5865 1014 5918 Ξ.
1095 5867 1138 5899 ²³
1176 5865 1370 5930 Matth.
1405 5891 1529 5944 xxv,
1567 5875 1660 5948 31,
1689 5878 1780 5934 55.

2189 642 2323 696 riam
2368 651 2451 698 est
2489 659 2819 714 perpessus;
2864 647 2961 703 sed
2996 649 3194 718 recipit
3239 651 3673 716 accusationem,
3710 663 3776 708 ut

2187 736 2480 799 virtutem;
2526 753 2629 792 nec
2679 739 2948 794 sollicitus
2989 749 3074 795 est
3121 757 3418 812 suggerere
3449 743 3776 798 hominibus

2185 827 2332 894 quod
2365 827 2437 882 sit
2457 837 2772 894 accusatus,
2803 830 2899 884 sed
2929 831 3144 884 veniam
3172 832 3328 900 petit.
3363 831 3598 898 Quidam
3621 833 3772 887 enim

2188 916 2466 972 infamiam
2520 919 2753 975 luxuriae
2806 930 3001 990 sponte
3053 929 3400 976 altraxerunt
3447 923 3592 988 sibi,
3641 939 3773 978 cum

2189 1009 2324 1062 tales
2372 1025 2483 1064 non
2512 1019 2700 1066 essent
2727 1029 2740 1066 :
2767 1012 3049 1077 adulterii,
3099 1013 3192 1067 alii
3238 1014 3400 1084 longe
3434 1015 3773 1070 exsistentes

2185 1101 2256 1155 ab
2288 1117 2376 1162 eo,
2426 1102 2837 1170 sustinuerunt;
2871 1112 2928 1159 et
2965 1112 3140 1158 semet
3192 1105 3342 1174 ipsos
3388 1105 3771 1176 Iacrymando,

2187 1209 2346 1263 pcena
2388 1195 2599 1264 peccati
2645 1197 2793 1265 quod
2837 1213 2950 1251 non
2994 1197 3260 1264 fecerant,
3295 1197 3677 1265 honorabant;
3715 1207 3776 1254 et

2187 1286 2586 1356 indulgentiam
2617 1287 2684 1342 de
2728 1289 3015 1359 iniquitate
3045 1306 3209 1358 quam
3257 1305 3365 1344 non
3408 1299 3772 1360 perpetrave-

2186 1389 2337 1442 runt,
2388 1395 2512 1434 cum
2559 1381 2812 1452 Iacrymis
2860 1382 2929 1437 ab
2974 1384 3367 1453 injuriantibus
3410 1384 3770 1454 expetebant,

2185 1473 2334 1526 omni
2367 1474 2608 1542 puritate
2637 1483 2693 1529 et
2721 1476 2992 1530 munditia
3023 1477 3351 1532 exsistentes
3380 1477 3433 1531 in
3460 1477 3645 1532 anima
3672 1493 3772 1532 eo-

2185 1564 2388 1617 ronati.
2422 1563 2528 1618 Alii
2569 1581 2790 1636 quoque
2827 1582 2897 1622 ne
2945 1566 3389 1637 glorificarentur
3418 1567 3474 1622 in
3517 1568 3774 1623 virtuosa

2184 1659 2604 1712 conversatione
2643 1674 2740 1714 sua
2772 1675 2895 1729 quae
2925 1661 3139 1716 occulta
3171 1671 3290 1715 erat
3319 1660 3375 1714 in
3403 1660 3557 1730 ipsis,
3589 1676 3650 1716 se
3682 1660 3772 1713 in-

2184 1761 2346 1802 sanos
2375 1747 2762 1813 ostendebant,
2794 1765 2922 1804 cum
2955 1758 3140 1805 essent
3181 1749 3370 1804 divino
3400 1750 3514 1804 sale
3557 1749 3772 1805 conditi

2183 1846 2241 1892 et
2268 1839 2666 1909 tranquillitate
2710 1841 2953 1907 formati,
2984 1849 3175 1912 utpote
3221 1842 3317 1912 qui
3362 1857 3430 1896 ex
3466 1853 3772 1896 conversa-

2187 1932 2334 1987 tione
2368 1948 2466 1987 sua
2501 1949 2712 1988 summa
2756 1942 2976 1989 sanctos
3017 1935 3240 2004 angelos
3277 1949 3445 2004 Opera
3488 1933 3772 2004 Operatio-

2185 2038 2316 2076 num
2350 2039 2575 2078 suarum
2607 2024 2998 2093 praedicatores
3024 2024 3324 2079 habebant.
3356 2024 3436 2078 Tu
3468 2025 3616 2078 enim
3662 2024 3773 2081 hu-

2187 2113 2475 2170 militatem
2510 2123 2671 2184 putas
2703 2115 2930 2180 habere,
2967 2115 3063 2171 sed
3100 2131 3208 2169 non
3251 2115 3460 2184 poteris
3494 2115 3771 2170 accusari.

2187 2203 2242 2260 Si
2265 2221 2397 2274 ergo
2422 2206 2565 2262 scire
2596 2207 2863 2272 volueris,
2903 2215 3090 2262 utrum
3124 2206 3200 2261 sis
3230 2205 3479 2270 humilis,
3513 2205 3688 2276 proba
3717 2215 3774 2260 te

2186 2297 2365 2368 ipsum
2391 2298 2446 2352 in
2479 2299 2833 2369 supradictis.

2747 2435 2976 2494 CAPUT
3034 2436 3197 2494 XVII.

2541 2549 2619 2604 De
2677 2551 3040 2605 mansionibus
3084 2552 3416 2606 aeternitatis.

2255 2663 2454 2720 Multas
2506 2663 2823 2719 mansiones
2855 2661 2900 2695 ³⁸
2949 2663 3129 2718 Patris
3174 2663 3259 2718 sui
3311 2663 3562 2718 Salvator
3610 2669 3774 2716 vocat

2187 2768 2474 2809 mensuras
2507 2753 2864 2808 mentium-in
2904 2753 2998 2809 illa
3033 2754 3494 2808 commorantium
3525 2754 3773 2824 regione,

2184 2843 2444 2900 videlicet
2487 2844 2858 2901 discretiones
2907 2855 2965 2902 et
3017 2846 3403 2912 diversitates,
3455 2847 3662 2916 quibus
3713 2845 3772 2900 in

2186 2931 2371 2986 animo
2417 2932 2800 3002 perfruuntur.
2837 2935 2959 2990 Non
3001 2937 3151 2990 enim
3193 2935 3448 2992 doctrina
3491 2936 3770 3000 locorum,

2185 3023 2281 3079 sed
2311 3024 2504 3080 ordine
2531 3025 2926 3082 charismatum
2959 3028 3160 3084 multas
3189 3028 3304 3083 fore
3330 3029 3645 3084 mansiones
3668 3044 3771 3084 ex-

2187 3115 2430 3184 pressit:
2463 3115 2863 3187 sicutquilibet
2901 3118 3170 3173 materiali
3195 3119 3310 3173 sole
3333 3118 3490 3189 juxta
3531 3118 3772 3173 sinceri-

2190 3212 2356 3259 tatem
2386 3205 2610 3261 virtutis
2635 3205 2786 3264 visus
2814 3216 2871 3262 et
2911 3208 3084 3277 gratia
3119 3207 3358 3274 fruitur;
3390 3216 3446 3262 et
3478 3207 3623 3262 sicut
3659 3223 3770 3262 una

2182 3297 2408 3352 lucerna
2452 3297 2508 3352 in
2558 3314 2665 3354 una
2697 3298 2864 3354 domo
2907 3301 3150 3365 lucente,
3195 3299 3253 3354 fit
3283 3299 3513 3355 cuilibet
3554 3299 3646 3353 lux
3681 3298 3773 3352 di-

2181 3403 2341 3444 versa
2373 3389 2428 3442 in
2461 3389 2790 3458 splendores
2825 3391 3097 3461 plurimos
3133 3391 3343 3445 lumine
3379 3389 3620 3444 indiviso
3652 3407 3666 3443 :
3695 3389 3772 3445 ita

2183 3479 2241 3534 in
2268 3478 2454 3534 futuro
2479 3482 2680 3536 sacqu
2701 3482 2833 3553 justi
2862 3498 3056 3539 omnes
3081 3483 3303 3538 indivisi
3337 3483 3390 3536 in
3415 3499 3522 3536 una
3542 3481 3772 3552 regione

2181 3571 2548 3628 morabuntur
2601 3592 2613 3627 :
2661 3573 2896 3644 quilibet
2941 3583 3126 3630 autem
3174 3575 3243 3629 ab
3279 3589 3391 3628 uno
3436 3573 3771 3644 intelligibili

2181 3665 2296 3719 sole
2329 3664 2722 3732 illustrabitur,
2764 3666 3071 3721 secundum
3121 3681 3441 3721 mensuram
3485 3681 3677 3731 suam;
3713 3673 3774 3720 et

2181 3771 2283 3827 pro
2314 3757 2528 3813 meritis
2563 3758 2709 3814 valet
2741 3758 3005 3828 gaudium
3043 3767 3100 3813 et
3138 3759 3326 3814 Iaztitia
3353 3775 3366 3812 :
3397 3769 3656 3828 tanquam
3701 3757 3771 3812 ab

2183 3864 2293 3903 uno
2323 3864 2450 3904 aere
2495 3850 2609 3904 eris
2650 3858 2706 3905 et
2739 3851 2862 3906 loco
2908 3860 2964 3905 et
2996 3851 3280 3914 cathedra,
3329 3860 3386 3906 et
3435 3859 3663 3920 aspectu
3715 3858 3774 3904 et
3867 3929 3870 3932 ὶ

2180 3941 2355 3997 forma
2387 3960 2400 3996 :
2431 3958 2535 3998 nec
2573 3944 2845 3999 invidebit
2881 3945 3006 4015 quis
3054 3944 3332 3999 mensuris
3361 3945 3483 4014 plus
3512 3944 3772 3998 habentis

2180 4035 2267 4090 vel
2296 4034 2502 4100 minus,
2545 4051 2648 4092 nec
2685 4036 2925 4092 videndo
2953 4037 3189 4108 gratiam
3222 4035 3772 4106 superabundantem

2180 4126 2342 4181 amici
2391 4128 2478 4184 sui
2520 4129 2918 4199 prapriumque
2947 4129 3244 4194 defectum,
3280 4128 3372 4182 fiet
3421 4127 3525 4182 sibi
3577 4128 3771 4183 turba-

2181 4219 2350 4274 tionis
2380 4229 2437 4274 et
2478 4220 2719 4276 tristitiae
2757 4235 2946 4285 causa,
2993 4219 3140 4290 quod
3183 4219 3349 4284 absit,
3387 4219 3481 4273 ubi
3525 4235 3636 4272 non
3685 4228 3774 4273 es:

2182 4311 2407 4366 tristitia
2427 4326 2608 4382 neque
2635 4312 2894 4384 gemitus.
2918 4310 3179 4378 Quinimo
3204 4309 3442 4380 quilibet
3459 4309 3771 4364 secundum

2150 4419 2496 4460 concessam
2532 4404 2636 4459 sibi
2679 4405 2932 4476 gratiam,
2966 4406 3122 4477 juxta
3168 4417 3486 4459 mensuram
3530 4402 3772 4459 interius

2179 4497 2504 4552 delectatur.
2537 4497 2655 4554 Una
2689 4508 2776 4554 est
2810 4499 2958 4552 enim
2981 4498 3123 4554 visio
3158 4497 3417 4552 omnibus
3438 4495 3689 4550 exterius
3714 4504 3771 4550 et

2110 4602 2153 4657 ι)
2180 4587 2368 4644 ketitia
2391 4606 2539 4645 vera.
2561 4590 2632 4645 Et
2659 4591 2729 4644 ab
2753 4589 2874 4645 istis
2897 4591 3117 4646 duobus
3140 4589 3431 4644 ordinibus
3461 4587 3608 4642 altus
3633 4589 3770 4642 ordo

2183 4679 2399 4735 medius
2432 4695 2542 4735 non
2572 4689 2678 4746 est,
2709 4679 2970 4737 videlicet
3002 4697 3148 4736 unus
3183 4681 3462 4752 superior,
3504 4679 3649 4734 alius
3681 4679 3769 4733 in-

2181 4771 2370 4828 ferior.
2417 4773 2477 4828 In
2529 4773 2712 4830 medio
2749 4784 2934 4829 autem
2983 4775 3216 4830 istorum
3248 4775 3453 4831 veritas
3502 4774 3770 4830 diii‘erens

2182 4865 2611 4930 retributionum
2651 4867 2886 4922 exsistit.
2931 4866 3090 4934 Quod
3136 4866 3184 4920 si
3231 4881 3426 4921 verum
3469 4873 3576 4928 est,
3623 4866 3771 4921 sicut

2183 4973 2375 5013 verum
2419 4968 2539 5025 est;
2571 4959 2706 5030 quid
2749 4959 3106 5030 insipientius
3137 4967 3195 5014 et
3233 4957 3508 5014 amentius
3533 4958 3644 5014 illis
3670 4958 3768 5028 qui

2181 5051 2375 5106 dicunt
2401 5069 2414 5104 :
2443 5050 2654 5108 Suliicit
2683 5052 2817 5107 mihi
2855 5053 3029 5108 vitare
3065 5051 3403 5124 gehennam;
3441 5051 3489 5107 si
3529 5067 3645 5106 non
3682 5051 3769 5106 in-

2181 5151 2399 5199 travero
2441 5143 2499 5199 in
2532 5161 2782 5216 regnum,
2816 5162 2924 5201 non
2955 5161 3112 5202 curo.
3145 5147 3282 5202 Nam
3315 5148 3525 5203 evitare
3553 5147 3764 5217 gehen—

2180 5253 2328 5302 nam,
2367 5237 2508 5292 nihil
2538 5238 2687 5294 aliud
2727 5249 2833 5305 est,
2877 5256 3042 5310 quam
3080 5241 3286 5297 intrare
3318 5255 3585 5311 regnum;
3619 5239 3768 5295 sicut

2179 5339 2236 5384 et
2279 5345 2311 5385 a
2344 5346 2514 5402 regno
2561 5331 2842 5397 excidere,
2891 5343 2976 5388 est
3024 5335 3232 5388 intrare
3263 5333 3594 5404 gehennam.
3640 5331 3765 5387 Non

2179 5423 2328 5478 enim
2353 5423 2545 5480 docuit
2578 5441 2678 5481 nos
2706 5425 2989 5497 Scriptura
3024 5436 3138 5483 tres
3159 5427 3436 5498 regiones,
3473 5425 3568 5482 sed
3611 5424 3762 5496 quod

2181 5531 2300 5570 cum
2341 5519 2538 5572 venerit
2577 5516 2742 5573 Filius
2771 5520 2994 5574 hominis
3041 5521 3096 5573 in
3131 5519 3252 5574 sede
3294 5519 3589 5590 majestatis
3628 5533 3761 5582 suae,

2182 5626 2298 5663 oves
2342 5609 2554 5678 quidem
2595 5628 2629 5664 a
2660 5610 2881 5678 dextris,
2909 5611 3083 5668 haedos
3122 5617 3300 5666 autem
3335 5617 3531 5666 statuet
3559 5626 3592 5664 a
3628 5611 3762 5664 sini-

2179 5704 2304 5757 stris
2329 5703 2403 5771 ”;
2434 5709 2490 5758 et
2513 5701 2763 5759 distinxit
2791 5704 3056 5762 terminos
3076 5719 3293 5773 eorum,
3319 5711 3376 5761 et
3408 5701 3761 5760 tabernacula
