4112 6536
364 444 471 505 833

1398 439 1631 499 LIBER
1670 437 1767 499 DE
1805 436 2261 501 CONTEMPTU
2298 441 2577 507 MUNDI.

3526 455 3633 522 834

364 557 560 612 dicens
588 574 600 609 :
629 554 787 610 Ibunt
831 552 920 606 isti
954 553 1008 605 in
1058 556 1313 606 wternum
1355 549 1695 620 supplicium,
1740 549 1954 603 scilicet
1984 552 2028 607 Δ
2058 548 2270 604 tionum
2298 552 2585 621 insultum,
2612 572 2735 625 qua:
2756 565 2842 612 est
2871 574 3033 617 causa
3061 564 3491 633 superdictionis
3519 585 3636 624 ser-
3666 563 3670 566 ’

362 656 690 719 peccatores
722 665 734 700 :
767 646 906 701 Iusti
938 653 1115 698 autem
1140 645 1194 697 in
1223 644 1387 696 vitam
1419 651 1698 707 a'ternam,
1729 644 1818 709 qui
1847 641 1951 713 ful-

363 742 555 813 gebunt
573 738 808 795 sicutsol
830 740 896 793 ³ο.
923 738 992 793 ΕΙ.
1024 737 1229 791 iterum
1259 754 1271 789 :
1302 736 1517 791 Venient
1544 737 1645 805 12
1666 736 1731 790 ab
1751 738 1952 790 oriente

365 843 416 887 et
449 832 732 895 occidente,
776 838 826 883 et
868 828 1169 883 recumbent
1213 845 1333 881 cum
1378 828 1649 882 Abraham
1692 830 1746 882 in
1789 844 1950 899 regno

365 926 621 981 oculorum
674 942 693 978 :
720 923 823 991 ﬁlii
875 929 1057 976 autem
1102 922 1250 991 regni
1292 922 1570 991 ejicicntur
1611 922 1667 975 in
1710 921 1952 975 tenebras

296 1004 299 1007 5
366 1018 653 1072 exteriores
684 1032 703 1069 :
734 1014 805 1068 ibi
844 1013 943 1066 erit
979 1014 1135 1083 [lctus
1168 1018 1217 1062 et
1256 1010 1454 1064 stridor
1489 1010 1726 1064 dentium
1751 1011 1818 1074 ³¹,
1856 1010 1950 1080 qui

284 1124 285 1127 ‘
367 1107 691 1164 horribilior
736 1113 821 1160 est
861 1103 1013 1159 omni
1062 1103 1208 1173 igne.
1256 1102 1398 1169 Quid
1443 1117 1576 1172 ergo
1626 1117 1737 1156 non
1785 1100 1952 1155 intel-

367 1202 573 1265 lexisti,
605 1199 753 1269 quod
776 1196 1115 1253 contrarium
1152 1195 1457 1265 superioris
1487 1194 1702 1249 ordinis
1726 1202 1811 1249 est
1835 1194 1953 1263 ipsa

368 1294 644 1364 gehenna,
677 1306 799 1360 quae
832 1288 1081 1343 cruciat?
1119 1288 1330 1341 Bonum
1359 1295 1446 1341 est
1480 1285 1649 1357 igitur
1680 1285 1954 1340 instruere

369 1385 626 1441 homines
651 1384 718 1437 ad
753 1383 981 1444 bonum,
1011 1392 1067 1434 et
1090 1380 1309 1434 trahere
1336 1379 1485 1449 ipsos
1508 1377 1574 1433 ad
1609 1392 1955 1434 commoran-

368 1478 502 1533 dum
530 1477 641 1532 sub
668 1473 1078 1544 dispensatione
1113 1471 1318 1536 divina,
1351 1482 1407 1526 et
1435 1472 1504 1526 ab
1534 1487 1723 1526 errore
1759 1470 1827 1525 ad
1862 1484 1957 1524 ve-

370 1572 552 1628 ritatis
581 1571 917 1641 agnitionem
949 1566 1269 1623 transferre.
1299 1566 1400 1620 llic
1438 1567 1587 1620 enim
1619 1566 1723 1620 fuit
1749 1563 1954 1620 Christi

368 1674 428 1719 et
457 1662 836 1731 apostolorum
864 1659 1022 1725 ordo,
1054 1665 1111 1713 et
1136 1668 1221 1713 est
1251 1658 1411 1713 valde
1443 1658 1720 1713 sublimis.

441 1755 501 1810 Si
528 1768 662 1809 vero
690 1768 748 1808 se
776 1752 947 1808 sentit
973 1751 1140 1805 homo
1174 1767 1243 1806 ex
1268 1749 1586 1821 hujusmodi
1616 1748 1957 1804 continentia

370 1857 431 1903 et
459 1847 677 1902 assidua
707 1845 1229 1907 communicatione,
1260 1844 1409 1913 quod
1442 1843 1497 1897 in
1522 1842 1735 1897 visione
1771 1857 1955 1897 rerum

372 1955 472 1995 sua
510 1938 852 1993 continentia
899 1936 1213 1991 infirmetur
1246 1944 1303 1990 et
1347 1934 1602 1989 turbetur
1633 1935 1754 2005 ejus
1803 1943 1956 1988 tran-

374 2032 640 2104 quillitas,
668 2041 725 2085 et
760 2030 991 2084 scientia
1024 2029 1376 2093 obscuretur,
1403 2043 1505 2097 pro
1536 2043 1603 2083 eo
1630 2027 1776 2097 quod
1802 2043 1959 2083 mens

375 2143 474 2181 sua
511 2132 633 2195 eget
670 2123 853 2177 adhuc
897 2122 1147 2177 custodia
1178 2129 1235 2175 et
1280 2135 1542 2175 sensuum
1582 2119 1954 2189 subjectione;

374 2224 433 2275 et
454 2220 586 2273 dum
615 2216 748 2270 velit
775 2215 914 2270 alios
941 2229 1161 2279 curare,
1187 2228 1341 2268 suam
1374 2212 1613 2290 destruit
1644 2212 1955 2273 sanitatem,

375 2323 433 2368 et
484 2312 595 2366 exit
643 2328 673 2363 a
724 2309 979 2362 libertate
1028 2307 1266 2376 propriae
1311 2304 1612 2359 voluntatis
1656 2303 1721 2357 ad
1759 2301 1961 2356 mentis

377 2405 751 2460 turbationem
782 2422 794 2457 :
821 2402 929 2456 iste
968 2400 1291 2455 recordetur
1318 2396 1608 2468 apostolici
1636 2395 1822 2460 verbi,
1852 2411 1961 2450 esse

378 2496 552 2550 cibum
588 2493 816 2548 solidum
846 2491 1194 2563 perfectorum
1226 2490 1298 2554 ³¹;
1339 2497 1396 2543 et
1434 2494 1747 2543 revertetur
1785 2494 1959 2547 retro,

374 2604 450 2643 ne
481 2586 671 2641 audiat
716 2592 977 2653 tanquam
1018 2583 1074 2635 in
1120 2580 1459 2650 proverbio:
1493 2578 1710 2641 Medice,
1741 2594 1872 2630 cura
1913 2586 1963 2629 te

377 2678 553 2744 ipsum
596 2672 663 2727 ³³.
704 2670 1035 2726 Contemnat
1068 2684 1287 2738 quoque
1324 2667 1568 2736 seipsum
1612 2686 1625 2719 :
1673 2674 1965 2721 conservet

379 2767 659 2836 propriam
690 2763 1001 2825 sanitatem,
1028 2770 1085 2815 et
1116 2770 1227 2816 tam
1256 2775 1357 2829 pro
1387 2758 1748 2814 sensibilibus
1775 2756 1964 2812 verbis

380 2861 500 2916 suis
530 2875 695 2929 quam
730 2856 961 2911 vocibus
995 2854 1135 2915 suis,
1169 2853 1446 2907 ministret
1488 2859 1545 2906 et
1589 2850 1789 2906 doceat
1833 2866 1965 2904 con-

370 2953 695 3009 versatione
726 2950 889 3005 bona.
917 2946 1167 3016 Cumque
1190 2944 1435 2999 animam
1466 2959 1622 3000 suam
1648 2944 1705 2998 in
1731 2944 1963 2999 sanitate

382 3044 640 3110 senserit,
674 3051 805 3097 tunc
847 3041 1015 3096 etiam
1050 3038 1227 3109 prosit
1257 3037 1403 3102 aliis,
1437 3046 1495 3093 et
1524 3037 1593 3093 de
1622 3037 1748 3092 aliis
1775 3052 1964 3092 curam

370 3144 559 3206 gerat.
585 3133 720 3189 Nam
754 3146 879 3187 cum
915 3129 1169 3185 inﬁrmus
1200 3128 1459 3183 inventus
1494 3127 1661 3182 fuerit
1688 3127 1759 3182 ab
1786 3128 1966 3181 homi-

2052 641 2269 708 viendi;
2309 656 2440 700 tunc
2468 646 2537 701 de
2574 647 2720 703 facili
2754 653 2957 719 poterit
2992 654 3185 710 vitium
3220 661 3489 726 superari.
3519 660 3635 716 Me-

2050 731 2163 787 lius
2187 743 2271 788 est
2300 734 2447 789 enim
2496 752 2593 806 per
2637 743 2909 794 virtutum
2954 744 3295 810 memoriam,
3329 763 3491 818 quam
3537 764 3638 818 per

2052 825 2523 897 impugnationem
2567 831 2857 902 subripere
2891 834 3057 902 vitia;
3107 841 3369 907 quoniam
3406 856 3532 895 cum
3556 843 3638 897 vi-
3683 845 3693 906 ‘_

2054 919 2131 975 tia
2169 935 2199 974 a
2240 935 2336 975 sua
2374 923 2598 992 regione
2642 925 2932 993 recedunt,
2970 937 3026 982 et
3076 940 3368 986 moventur
3409 948 3509 1003 per
3541 950 3640 1004 pu-
3690 920 3693 923 Α

2052 1027 2238 1083 gnam,
2268 1021 2399 1069 tunc
2421 1016 2590 1070 menti
2613 1017 2879 1087 imagines
2901 1019 3225 1089 imprimunt
3247 1032 3412 1092 atque
3435 1024 3640 1081 formas

2042 1103 2363 1172 potentium
2393 1120 2406 1156 :
2435 1121 2672 1175 namque
2708 1123 2959 1178 magnam
2992 1109 3083 1164 hic
3115 1126 3354 1181 pugnam
3395 1114 3642 1184 possidet

2054 1203 2249 1249 contra
2280 1206 2546 1261 mentem,
2598 1199 2962 1269 cogitationes
3001 1201 3363 1258 vehementer
3406 1213 3640 1260 contur-

2053 1284 2193 1341 bans
2217 1296 2274 1341 et
2302 1291 2598 1344 tumultum
2629 1291 2898 1346 excitans.
2933 1291 3039 1347 Sed
3074 1296 3376 1350 secundum
3404 1297 3638 1368 primam

2054 1378 2578 1438 determinationem
2618 1398 2781 1453 quam
2828 1384 3089 1452 diximus,
3132 1388 3361 1458 vestigia
3408 1399 3639 1445 cuncto-

2056 1488 2180 1527 rum
2209 1474 2471 1530 vitiorum
2511 1492 2615 1534 nec
2657 1487 2923 1547 apparent
2958 1480 3011 1534 in
3056 1489 3241 1535 mente
3284 1490 3409 1549 post
3452 1481 3643 1551 expul-

2056 1566 2268 1621 sionem
2279 1608 2292 1622 .

2128 1659 2444 1731 Corporalis
2472 1662 2626 1717 labor
2649 1671 2705 1717 et
2726 1663 3047 1719 divinarum
3082 1665 3368 1720 meditatio
3396 1665 3645 1738 Scriptu-

2057 1770 2244 1809 rarum
2281 1766 2611 1810 conservant
2646 1757 2998 1822 munditiam,
3031 1758 3273 1813 laborem
3301 1774 3432 1814 vero
3456 1775 3646 1814 corro-

1991 1892 2030 1947 B
2061 1845 2258 1901 borant
2299 1861 2427 1916 Spes
2464 1855 2520 1901 et
2565 1848 2749 1902 timor.
2795 1849 2959 1918 Spem
2988 1860 3044 1905 et
3073 1851 3326 1905 timorem
3369 1851 3428 1904 in
3458 1860 3645 1906 mente

2060 1940 2427 2005 constituunt,
2471 1941 2745 2012 elongatio
2785 1942 2854 1995 ab
2886 1944 3161 2010 omnibus,
3186 1952 3242 1998 et
3266 1944 3442 1999 oratio
3470 1946 3646 2000 conti-

2060 2039 2247 2085 nuata.
2276 2031 2649 2102 Quoadusque
2680 2034 2911 2103 recipiat
2942 2035 3107 2089 homo
3132 2036 3498 2099 Paracletum,
3523 2046 3647 2108 eget

2060 2122 2265 2176 divinis
2286 2124 2613 2194 Scripturis,
2640 2133 2699 2178 ut
2729 2125 2785 2179 in
2817 2118 3001 2181 mente
3022 2142 3119 2181 sua
3144 2128 3415 2182 bonorum
3440 2144 3654 2184 memo-r

2062 2214 2144 2268 ria
2176 2214 2526 2280 informetur,
2570 2225 2626 2271 et
2654 2232 2722 2271 ex
2764 2218 3026 2272 continua
3071 2219 3310 2274 lectione
3357 2220 3647 2275 innovetur

2060 2304 2118 2358 in
2156 2305 2276 2375 ipso
2302 2316 2484 2362 motus
2508 2307 2563 2360 in
2594 2308 2761 2373 bono,
2796 2317 2853 2363 et
2881 2309 3153 2363 custodiat
3183 2310 3424 2364 animam
3466 2326 3647 2375 suam,

2059 2407 2116 2450 et
2143 2397 2213 2451 ab
2237 2397 2385 2451 omni
2421 2398 2729 2453 subtilitate
2765 2402 2996 2469 peccati,
3025 2402 3153 2470 quia
3179 2402 3425 2456 nondum
3456 2404 3649 2473 acqui-

2061 2488 2191 2544 sivit
2219 2489 2483 2544 virtutem
2514 2490 2775 2560 Spiritus,
2806 2508 2929 2562 quae
2958 2492 3248 2564 prolongat
3280 2509 3528 2548 errorem
3558 2510 3651 2548 ca-

2062 2579 2369 2649 ptivantem
2420 2581 2589 2635 utiles
2621 2582 2819 2637 animae
2872 2583 3306 2649 recordationes,
3354 2593 3409 2638 et
3447 2600 3649 2654 appro-

2063 2669 2425 2739 pinquantem
2462 2670 2751 2741 frigiditati
2781 2674 2983 2729 mentis
3012 2690 3135 2744 qua:
3178 2675 3238 2728 fit
3284 2677 3338 2730 in
3385 2691 3652 2748 consper-

2062 2764 2218 2819 sione
2252 2764 2446 2833 ipsius.
2483 2765 2619 2821 Nam
2669 2769 2891 2837 quando
2943 2769 3120 2825 virtus
3170 2769 3412 2840 Spiritus
3455 2786 3655 2841 supcr-

2063 2855 2216 2909 venit
2240 2856 2433 2909 virtuti
2458 2857 2656 2913 animae
2684 2874 2807 2929 qua:
2846 2869 3110 2930 operatur
3146 2877 3245 2932 per
3284 2864 3485 2934 ipsum,
3522 2876 3660 2919 tunc

2063 2962 2167 3017 pro
2199 2948 2319 3017 lege
2351 2945 2761 3018 Scripturarum
2802 2951 3056 3006 mandata
3099 2954 3341 3024 Spiritus
3365 2956 3653 3011 adducun-

2065 3053 2178 3107 tur,
2209 3050 2266 3097 et
2294 3059 2325 3096 a
2354 3043 2599 3097 sensuali
2630 3046 2859 3100 materia
2889 3047 3093 3101 auxilio
3121 3049 3276 3102 nullo
3296 3059 3440 3120 eget.
3472 3050 3656 3117 Quan-

2056 3133 2161 3188 ~diu
2191 3134 2339 3188 enim
2382 3150 2479 3190 cor
2510 3135 2845 3190 animalibus
2878 3138 3190 3205 instruitur,
3226 3141 3530 3196 doctrinam
3564 3143 3654 3195 ni-

384 3224 573 3288 uibus,
616 3224 905 3293 elongatus
947 3219 1153 3290 poterit
1193 3218 1276 3273 eis
1317 3217 1640 3273 benefacere
1684 3217 1867 3287 potius
1906 3217 1961 3271 ill
1990 3228 2032 3285 C
2071 3226 2273 3280 mirum
2305 3241 2463 3281 error
2484 3236 2540 3282 et
2570 3226 2778 3281 oblivio
2802 3229 3142 3286 comitantur
3171 3251 3184 3287 :
3211 3249 3339 3288 cum
3380 3250 3513 3288 vero
3550 3235 3654 3289 do-

386 3317 528 3373 ctelo
552 3315 823 3371 bonorum
849 3326 1078 3382 operum
1105 3324 1269 3380 quam
1298 3308 1355 3363 in
1382 3308 1588 3375 verbis,
1611 3306 1741 3362 dum
1768 3316 1823 3361 ct
1851 3307 1967 3377 ipse

387 3407 639 3463 inﬁmus
670 3405 743 3459 sit
770 3411 826 3459 et
856 3410 1011 3475 egeat
1034 3402 1268 3457 sanitate
1299 3401 1425 3470 plus
1451 3399 1533 3455 eis
1560 3417 1573 3453 :
1600 3398 1778 3455 Ctecus
1803 3400 1965 3464 enim,

386 3503 437 3557 si
477 3516 670 3556 ciccum
716 3498 949 3561 duxerit,
991 3495 1145 3550 ambo
1184 3495 1249 3548 in
1290 3493 1491 3563 foveam
1534 3493 1730 3546 cadunt
1775 3492 1839 3546 ".
1886 3491 1969 3545 illi

387 3594 560 3659 enim,
588 3592 684 3663 qui
712 3606 873 3646 sanas
898 3589 1106 3644 habent
1146 3587 1553 3649 sensualitates,
1584 3597 1641 3642 et
1684 3584 1969 3640 exercitati

389 3694 541 3749 sunt,
578 3684 673 3755 qui
696 3684 863 3738 etiam
889 3689 1120 3752 possunt
1144 3694 1362 3734 sumere
1397 3693 1617 3732 omnem
1645 3677 1851 3741 cibum,
1888 3678 1972 3731 vi-

390 3777 595 3834 delicet
621 3777 861 3831 insultus
889 3775 1137 3829 omnium
1165 3787 1445 3834 sensuum,
1480 3786 1584 3826 nec
1615 3769 1685 3824 ab
1715 3769 1972 3824 omnibus

390 3883 516 3938 qua:
546 3866 651 3921 sibi
680 3871 983 3920 occurrunt
1008 3863 1287 3918 laesionem
1318 3862 1612 3915 incurrunt
1638 3860 1827 3914 cordis
1846 3874 1975 3928 pro-

390 3969 517 4030 pter
547 3957 1001 4014 exercitationem
1035 3955 1413 4025 perfectionis,
1448 3953 1750 4024 praadicent
1777 3961 1834 4008 et
1862 3953 1975 4007 fru-

393 4048 641 4105 ctiﬁcent
670 4049 725 4102 in
763 4046 1098 4102 humilitate.
1125 4043 1275 4100 Oculi
1305 4044 1521 4099 Domini
1552 4060 1712 4115 super
1749 4042 1973 4098 humiles

392 4143 567 4208 corde,
597 4150 645 4195 et
677 4157 832 4201 aures
864 4140 977 4209 ejus
1006 4138 1075 4193 ad
1101 4153 1277 4209 preces
1307 4153 1488 4191 eorum
1520 4137 1587 4192 ³⁸.

464 4233 697 4301 Quando
731 4232 983 4287 diabolus
1012 4230 1133 4285 vult
1161 4238 1400 4285 mentem
1428 4230 1812 4300 religiosorum
1842 4244 1977 4283 con-

395 4326 688 4391 taminare,
722 4325 1014 4379 immemor
1047 4322 1445 4388 fornicationis,
1486 4322 1647 4392 prius
1689 4322 1745 4375 in
1789 4336 1978 4376 amore

394 4434 551 4474 vanae
578 4418 766 4489 gloria:
801 4416 1002 4485 prohat
1032 4424 1273 4471 mentem
1303 4414 1573 4484 ipsorum,
1600 4414 1731 4484 quia
1760 4413 1977 4467 initium

396 4510 566 4578 hujus
612 4509 965 4580 cogitationis
1013 4522 1135 4563 esse
1179 4506 1376 4561 vitium
1428 4520 1540 4560 non
1600 4513 1846 4575 putatur.
1899 4505 1979 4559 ita

397 4603 548 4657 enim
571 4602 752 4658 facere
772 4600 1059 4656 consuevit
1078 4599 1522 4655 custodientibus
1536 4607 1775 4653 mentem
1799 4613 1975 4665 suam,

398 4696 457 4751 in
485 4694 690 4765 quibus
708 4709 820 4749 non
844 4702 1027 4763 potest
1047 4692 1318 4747 seminare
1342 4690 1703 4761 cogitationes
1730 4690 1977 4760 iniquas;

397 4797 458 4843 et
489 4796 780 4856 postquam
808 4784 1062 4840 eduxerit
1083 4782 1621 4839 eosannuntiatione
1647 4798 1769 4851 sua,
1795 4791 1850 4837 et
1872 4798 1983 4839 cu:-

400 4880 547 4951 perit
572 4893 698 4934 cum
724 4876 1058 4948 cogitatione
1086 4875 1319 4946 pristina
1349 4874 1654 4944 disputare,
1682 4885 1737 4930 et
1760 4876 1984 4944 elonga-

398 4973 548 5028 verit
577 4986 705 5038 eos;
735 4969 920 5025 statim
954 4969 1081 5023 inde
1107 4967 1353 5022 occurrit
1385 4968 1434 5021 ei
1467 4967 1522 5020 in
1548 4966 1721 5020 forma
1746 4966 1984 5022 fornica-

404 5066 595 5131 tionis,
637 5074 694 5120 et
726 5062 1004 5118 subvertit
1050 5069 1290 5115 mentem
1334 5060 1389 5114 in
1427 5060 1592 5115 rebus
1633 5061 1883 5115 luxuriae.
1917 5060 1985 5114 Et

402 5162 583 5231 primo
609 5158 833 5229 quidem
877 5154 1174 5210 turbantur
1206 5154 1261 5207 in
1308 5152 1494 5207 subito
1521 5168 1714 5207 eorum
1758 5155 1984 5209 incursu

404 5262 629 5323 propter
653 5250 1057 5322 praicedentem
1083 5247 1390 5303 castitatem
1420 5246 1835 5316 cogitationum,
1864 5264 1986 5318 qua:

405 5353 727 5400 occurrerat
769 5344 937 5399 rebus
968 5358 998 5396 a
1038 5339 1241 5411 quibus
1286 5355 1446 5395 meus
1494 5339 1676 5395 fuerat
1712 5352 1983 5412 separata.

407 5437 478 5493 Et
506 5436 758 5507 quamvis
796 5451 908 5489 non
942 5433 1385 5490 contaminamur
1415 5434 1663 5498 omnino,
1694 5449 1724 5488 a
1768 5437 1987 5505 propria

409 5534 591 5580 tamen
619 5525 887 5596 dignitate
912 5523 1099 5594 dejicit
1123 5523 1290 5593 ipsos.
1321 5520 1376 5576 Si
1400 5536 1530 5575 vero
1550 5537 1707 5577 mens
1724 5538 1987 5580 conversa

412 5618 580 5671 fuerit
622 5624 949 5679 retrorsum,
978 5624 1035 5669 et
1068 5610 1477 5668 conculcaverit
1504 5611 1746 5681 primum
1779 5614 1990 5685 cogita-

496 5731 540 5762 ³⁸
571 5731 763 5858 Εἷὲιιιι.
789 5747 917 5795 xxv,
945 5730 1034 5785 46.
1128 5730 1167 5760 ³¹
1201 5730 1394 5784 Matth.
1420 5744 1537 5793 vm,
1566 5727 1654 5794 ll,
1687 5730 1771 5785 12.

496 5814 565 5858 ιιι.
666 5844 678 5856 .

409 5814 565 5866 xxm,
595 5814 678 5858 16.

1872 5732 1913 5763 ³²
1943 5730 2107 5787 llebr.
2143 5748 2198 5798 v,
2228 5730 2316 5785 l2.

2079 3319 2259 3372 ctrina
2321 3317 2565 3388 Spiritus
2630 3318 2806 3383 adest,
2862 3329 2995 3374 tunc
3050 3324 3312 3377 memoria
3348 3324 3659 3380 custoditur

2071 3408 2258 3464 ilicesa.
2291 3408 2429 3464 Sunt
2456 3410 2819 3483 cogitationes
2860 3412 3017 3467 bona:
3050 3425 3215 3485 atque
3251 3416 3425 3480 malae,
3459 3417 3656 3471 simili~

2071 3510 2158 3557 ter
2186 3512 2241 3556 et
2283 3503 2615 3559 voluntates.
2663 3505 2884 3559 Primus
2919 3506 3059 3560 ordo
3102 3508 3313 3563 scilicet
3362 3510 3657 3578 cogitatio-

2070 3611 2227 3659 num,
2256 3605 2337 3650 est
2371 3606 2555 3652 motus
2589 3598 2865 3653 transiens
2910 3600 2965 3654 in
3012 3608 3234 3664 mente;
3276 3602 3417 3654 sicut
3458 3611 3661 3658 ventus

2072 3688 2165 3757 qui
2204 3688 2381 3759 surgit
2411 3687 2465 3742 in
2495 3690 2654 3753 mari,
2687 3699 2742 3743 et
2780 3691 2834 3744 in
2864 3690 3062 3744 undam
3097 3706 3154 3745 se
3178 3692 3408 3746 extollit.
3444 3692 3657 3748 Secun.

2073 3780 2178 3834 dus
2199 3780 2413 3835 scilicet
2444 3782 2789 3835 voluntatum
2825 3783 2963 3836 ordo
2983 3790 3067 3837 est
3098 3784 3251 3852 quasi
3284 3785 3657 3853 pavimentum

2074 3882 2130 3927 et
2155 3871 2596 3939 fumlamentum,
2620 3882 2676 3927 ct
2698 3874 3001 3927 secundum
3034 3875 3407 3943 pavimentum
3438 3877 3656 3932 termini

2073 3978 2183 4017 non
2214 3964 2369 4033 juxta
2417 3963 2813 4032 cogitationum
2861 3974 3044 4018 motus
3094 3965 3152 4019 tit
3187 3964 3315 4019 boni
3366 3968 3654 4022 retribut‘:

2075 4064 2239 4124 atque
2270 4055 2420 4111 mali.
2457 4056 2649 4110 Anima
2695 4073 2758 4110 ex
2798 4068 2945 4110 motu
2992 4057 3386 4125 cogitationum
3425 4074 3658 4114 convcr-

2078 4145 2313 4199 tibilium
2357 4162 2467 4199 non
2498 4145 2737 4215 quiescit
2767 4163 2783 4198 :
2809 4146 2852 4200 si
2888 4162 3018 4201 vero
3045 4148 3156 4217 (2i)
3189 4147 3489 4216 unicuique
3536 4148 3658 4202 illa-

2078 4251 2200 4289 rum
2230 4235 2598 4289 mutationum
2642 4234 2883 4289 dedecus
2928 4235 3195 4289 inseveris
3231 4234 3283 4287 in
3306 4234 3504 4288 cordis
3533 4233 3660 4287 fun-

2079 4326 2337 4382 damento
2364 4342 2474 4381 non
2503 4325 2801 4380 exsistente
2832 4342 2940 4391 xxx,
2975 4341 3036 4380 es
3068 4336 3122 4379 tu
3158 4324 3223 4379 ad
3256 4326 3485 4380 alteram
3529 4325 3661 4380 dum

2080 4416 2328 4487 quotidie
2364 4416 2634 4471 adversus
2662 4425 2751 4470 tua
2788 4416 2930 4469 mala
2957 4425 3122 4486 atque
3157 4416 3319 4471 bona.

2151 4507 2282 4562 Avis
2326 4507 2644 4576 impennata
2672 4515 2756 4561 est
2796 4522 2952 4561 mens
2985 4508 3181 4562 educta
3217 4508 3434 4564 noviter
3464 4527 3495 4565 a
3534 4527 3666 4566 con—

2082 4599 2318 4654 nexione
2342 4599 2603 4654 vitiorum
2645 4614 2746 4669 per
2779 4600 3183 4669 pmnitcntiam,
3215 4609 3272 4656 et
3318 4602 3371 4657 in
3420 4614 3666 4673 tempore

2082 4692 2352 4747 orationis
2386 4691 2647 4745 laborans
2690 4691 2875 4745 extolli
2912 4708 2941 4746 a
2979 4691 3214 4746 terrenis
3248 4692 3435 4757 rebus,
3468 4701 3524 4747 et
3566 4708 3665 4747 ne-

2084 4786 2282 4857 quiens
2310 4801 2323 4838 :
2350 4784 2449 4839 sed
2495 4784 2678 4839 adhuc
2713 4799 2941 4854 serpens
2970 4800 3134 4854 super
3164 4795 3325 4840 terra:
3367 4785 3586 4849 faciem,
3612 4796 3669 4841 ct

2084 4878 2267 4932 adhuc
2294 4876 2481 4931 volare
2510 4892 2619 4930 non
2652 4885 2865 4945 potens.
2899 4876 3290 4930 Verumtamen
3324 4877 3529 4946 colligit
3572 4893 3667 4933 co-

2086 4969 2381 5041 gitationes
2404 4984 2530 5022 suas
2551 4969 2603 5022 in
2629 4969 2886 5030 lectione,
2919 4976 2973 5021 et
2997 4967 3339 5037 operatione,
3364 4979 3418 5023 et
3450 4969 3666 5035 timore,

2088 5070 2147 5117 et
2174 5076 2305 5115 cura
2331 5059 2602 5114 veritatis.
2638 5059 2772 5112 Nam
2798 5066 2998 5127 prteter
3026 5058 3142 5112 haec
3171 5057 3376 5128 aliquid
3398 5059 3538 5115 scire.
3560 5077 3670 5116 non

2090 5159 2297 5219 potest,
2320 5158 2377 5204 et
2399 5150 2516 5204 haec
2539 5165 2760 5219 quoque
2787 5156 3117 5204 conservant
3148 5160 3389 5204 mentem
3420 5150 3675 5221 impollu-

2093 5252 2202 5297 tam
2238 5243 2303 5296 ad
2334 5242 2502 5298 breve
2531 5252 2747 5312 tempus
2779 5260 2791 5296 :
2824 5251 3014 5312 postea
3047 5260 3179 5299 vero
3212 5244 3447 5298 veniunt
3485 5260 3674 5298 recor-

2093 5337 2364 5400 dationes,
2403 5344 2459 5391 et
2506 5335 2842 5390 conturbant
2874 5346 2929 5391 et
2965 5337 3341 5392 contaminant
3386 5352 3499 5402 cor,
3548 5338 3675 5407 quia

2094 5429 2340 5484 nondum
2374 5429 2645 5498 persentit
2673 5429 3030 5499 tranquillum
3063 5445 3246 5485 aerem
3288 5428 3578 5490 libertatis,
3609 5428 3679 5482 ad

2096 5540 2259 5595 quem
2293 5538 2393 5593 per
2420 5522 2756 5577 oblivionem
2796 5538 2983 5577 rerum
3025 5531 3151 5592 post
3191 5522 3415 5593 longum
3465 5530 3684 5590 tempus

2096 5613 2305 5685 colligit
2343 5622 2604 5680 mentem,
2638 5614 2898 5685 quoniam
2928 5612 3111 5669 adhuc
3138 5614 3251 5668 alas
3284 5612 3451 5697 habet
3481 5628 3682 5681 corpo-

2418 5731 2462 5763 ³³
2492 5731 2627 5788 Luc.
2650 5748 2723 5799 ιν,
2754 5733 2846 5787 25.
2948 5731 2994 5764 ³⁸
3031 5730 3166 5785 Luc.
3200 5728 3384 5793 vl,39.
3471 5728 3675 5782 3"Psai.

493 5898 603 5969 (Ἡ)
640 5896 697 5950 Si
737 5911 879 5963 vero,
915 5903 1021 5950 etc.
1058 5893 1237 5950 Locus
1275 5894 1546 5966 implexus
1565 5893 1684 5950 aliis
1716 5894 2075 5951 extricandus
2100 5893 2449 5965 relinquitur.
