4102 6532
526 379 632 442 835

526 509 669 560 reas,
722 493 776 550 id
830 505 934 561 est,
984 496 1220 554 virtutes

524 586 662 642 Nam
721 590 1206 660 contemplationis
1260 595 1498 652 virtutes
1545 600 1792 657 nondum
1849 606 2108 677 inspexit.

523 693 627 734 nec
660 679 807 749 ipsas
844 682 1050 736 sentire
1086 687 1429 754 promeruit;
1465 704 1586 759 quae
1614 703 1744 748 sunt
1773 696 1873 752 ala:
1908 701 2110 756 mentis

1899 402 1959 462 S.
2005 405 2249 468 ISAACI
2289 411 2462 472 SYRI

1267 515 1388 571 quae
1443 505 1732 565 manifeste
1787 526 2108 583 operantur.
2141 526 2186 580 Α
2220 524 2474 591 ritatem;
2508 525 2604 580 sed
2629 526 2779 582 calor
2810 527 2877 583 ad
2901 529 3098 586 anima
3118 531 3364 590 laetitiam
3403 553 3416 590 :
3461 538 3664 596 exhibe
3695 543 3797 600 tibi

3689 429 3799 492 836

2217 615 2379 681 illud,
2428 618 2680 674 calefacit
2724 637 2960 692 corpus;
3010 625 3107 680 sed
3159 629 3395 685 verbum
3421 633 3518 688 Dei
3543 635 3612 690 ad
3642 637 3797 691 futu-

2215 721 2338 760 rum
2386 709 2650 764 seculum
2695 723 2932 769 mentes.
2979 713 3138 770 Sicut
3187 717 3268 772 illi
3306 721 3404 790 qui
3443 722 3795 782 inebriantur

522 771 726 840 quibus
747 772 1036 843 elongatur
1056 791 1086 829 a
1110 778 1364 844 terrenis,
1389 789 1446 836 et
1467 783 1784 842 caelestibus
1812 794 2112 863 appropin-
2211 797 2364 862 vino,
2417 799 2623 870 ﬁguras
2651 810 2709 858 et
2736 802 2944 860 formas
2974 807 3242 864 alteratas
3269 809 3682 883 imaginantur;
3710 819 3792 874 sic

521 873 746 933 quatur.
799 863 1053 930 Quandiu
1095 869 1456 929 sensibilibus
1500 877 1669 934 rebus
1709 880 2109 942 ministraverit

521 957 648 1027 quis
677 957 930 1023 Domino,
960 958 1017 1014 in
1037 959 1226 1029 ﬁguris
1250 963 1436 1020 divina
1463 971 1801 1039 considerat,
1832 983 1889 1030 et
1917 976 2106 1034 formae

521 1065 705 1104 rerum
737 1052 980 1121 ipsarum
1012 1052 1068 1107 in
1098 1055 1214 1111 suis
1243 1059 1672 1130 cogitationibus
1696 1067 2061 1126 informantur
2088 1089 2102 1131 ;

519 1157 645 1195 cum
669 1157 801 1197 vero
827 1159 926 1213 per
963 1143 1231 1202 interiora
1264 1149 1424 1217 ﬁunt,
1463 1159 1594 1210 tunc
1611 1157 1765 1228 juxta
1788 1175 2102 1219 mensuram

518 1239 896 1294 sensualitatis
937 1254 1069 1306 suae,
1097 1257 1254 1300 mens
1293 1246 1402 1300 erit
1444 1249 1512 1304 ad
1561 1259 1782 1324 tempus
1809 1258 2102 1315 sublimior

516 1322 710 1381 formis
739 1341 945 1380 rerum.
975 1325 1205 1394 Quando
1235 1334 1418 1391 anima
1455 1346 1546 1394 tua
1575 1322 2102 1416 appﬁropinquaverit

517 1425 580 1470 ut
600 1431 762 1472 exeas
783 1433 813 1473 a
843 1419 1108 1485 tenebris,
1136 1422 1253 1480 haec
1281 1425 1380 1482 tibi
1406 1428 1516 1484 sint
1542 1448 1644 1502 pro
1673 1435 1832 1506 signo
1859 1456 1873 1492 :
1902 1448 2100 1497 aestuat

2207 898 2266 943 et
2298 889 2377 944 illi
2419 891 2514 961 qui
2555 892 2908 951 inebriantur
2933 913 3033 968 spe
3073 907 3130 954 et
3159 901 3442 971 caleﬁunt,
3471 921 3576 962 nec
3612 908 3792 964 tribu-

2207 979 2475 1038 lationem
2509 985 2848 1056 percipiunt,
2884 1005 2989 1046 nec
3017 991 3228 1063 aliquid
3255 997 3540 1052 83:00131‘8.

2279 1072 2407 1131 Haec
2461 1086 2647 1132 autem
2691 1080 3026 1153 contingunt
3059 1085 3496 1155 simplicioribus
3525 1092 3697 1148 corde
3731 1104 3789 1150 et

2203 1163 2640 1226 ferventioribus
2689 1187 2810 1243 spe,
2855 1183 2912 1229 et
2944 1175 3050 1231 alia
3083 1177 3284 1234 similia
3323 1189 3451 1250 post
3501 1183 3786 1241 assiduam

2204 1258 2587 1327 operationem
2611 1271 2670 1320 et
2696 1266 3024 1323 munditiam
3057 1287 3070 1323 :
3101 1286 3226 1341 quae
3257 1274 3444 1330 omnia
3477 1288 3784 1348 praeparata

2204 1360 2335 1406 sunt
2379 1353 2490 1410 illis
2537 1355 2633 1425 qui
2691 1357 2983 1415 ambulant
3025 1361 3083 1416 in
3139 1364 3338 1420 semita
3390 1369 3780 1426 mandatorum

2202 1445 2338 1500 Dei:
2373 1447 2466 1502 hic
2497 1448 2690 1520 utique
2738 1462 2923 1522 gustat
2960 1454 3017 1509 in
3064 1456 3340 1529 principio
3367 1460 3472 1517 via:
3513 1462 3610 1519 Dei
3654 1480 3783 1534 pro.

511 1709 652 1759 rem,
680 1711 784 1752 nec
813 1697 996 1756 cibum
1029 1711 1254 1770 appetas
1283 1718 1396 1772 prae
1431 1705 1724 1764 dulcedine
1761 1712 2096 1772 mirabilium
2197 1734 2329 1776 suos
2354 1721 2422 1776 ad
2451 1737 2602 1779 mare
2645 1725 3093 1797 tribulationum,
3146 1732 3204 1787 in
3249 1734 3628 1805 simplicitate,
3686 1740 3772 1796 in-

511 1793 568 1840 et
601 1786 932 1846 ferventium
965 1793 1382 1864 cogitationum,
1411 1811 1534 1867 qua:
1562 1814 1780 1871 semper
1804 1815 2096 1862 moventur
2126 1862 2167 1888 η
2197 1811 2487 1867 scrutabili
2509 1814 2673 1869 modo
2707 1825 2936 1888 propter
2967 1836 3214 1878 amorem
3243 1786 3388 1881 Dei:
3418 1843 3523 1884 nec
3543 1828 3778 1888 dedide-

510 1877 567 1932 in
593 1878 777 1935 anima
809 1891 923 1950 tua,
949 1891 1007 1938 et
1035 1884 1197 1941 datur
1230 1885 1329 1941 tibi
1360 1888 1483 1944 fons
1511 1890 1695 1946 subito
1726 1892 2091 1966 lacrymarum
2125 1877 2168 1920 ³⁵
2197 1909 2330 1956 runt
2363 1911 2538 1974 terga,
2563 1877 2829 1976 quon-iam-
2860 1910 2928 1965 ad
2955 1912 3151 1969 salutis
3176 1925 3398 1985 portum
3421 1935 3585 1990 quam
3607 1923 3777 1982 citius

2453 1969 2477 1974 -
2526 1969 2530 1971 γ
2581 1969 2596 1976 ,
3178 1969 3201 1985 τ
3426 1969 3585 1990 τη---
3611 1969 3773 1982 νη.--

507 1969 654 2025 sicut
688 1980 906 2029 torrens
947 1975 1218 2032 montium
1259 1978 1467 2050 absque
1513 1980 1796 2050 violentia,
1825 2002 1948 2056 qua:
1979 2004 2094 2044 om—
2194 1992 2527 2066 dirigentur,
2560 2006 2617 2053 et
2647 2000 2940 2070 quiescent
2968 2004 3024 2058 in
3060 2007 3436 2066 tabernaculis
3459 2029 3653 2071 eorum
3676 2017 3773 2087 qui

507 2062 670 2087 -.:l..--
703 2065 959 2087 -_-_:L__-
987 2067 1092 2087 .--ε-
1127 2084 1232 2087 --μμ
1265 2070 1340 2087 ηογ
1367 2086 1374 2087 η
1461 2080 1472 2087 .
1605 2073 1640 2087 η
1784 2074 1787 2078 -
1846 2085 1853 2087 Α
1976 2080 1990 2087 -
2194 2082 2209 2087 -
2368 2085 2379 2087 Α
2425 2086 2433 2087 ,

506 2062 674 2119 nibus
698 2065 963 2135 operibus
987 2067 1094 2123 tuis
1119 2070 1569 2129 commiscentur.
1599 2073 1737 2130 Cum
1765 2074 1948 2134 autem
1976 2080 2094 2138 haec
2193 2062 2337 2140 bene
2367 2062 2784 2158 laboraverunt,
2823 2102 2880 2148 et
2913 2098 3360 2156 consolabuntur
3387 2119 3420 2159 a
3453 2062 3772 2164 tribulatio-

506 2151 564 2206 in
607 2153 789 2208 anima
822 2163 916 2210 tua
945 2156 1175 2224 videris,
1207 2159 1544 2231 confortare,
1577 2164 1706 2234 quia
1739 2181 1890 2224 mare
1909 2179 2090 2226 trans-

503 2243 754 2311 fretasti;
794 2254 852 2302 et
879 2247 959 2301 sic
985 2247 1210 2319 adjicias
1242 2251 1504 2321 operibus
1534 2255 1664 2321 tuis,
1701 2266 1758 2312 et
1791 2266 1916 2315 tene
1948 2261 2090 2319 bene

504 2336 835 2402 custodiam,
868 2347 930 2392 ut
957 2341 1356 2410 multiplicetur
1387 2343 1444 2398 in
1489 2355 1542 2401 te
1592 2349 1765 2418 gratia
1796 2350 1864 2407 de
1908 2352 1999 2409 die
2031 2355 2088 2410 in

503 2422 673 2487 diem,
700 2440 988 2496 quousque
1021 2427 1113 2484 hic
1145 2429 1454 2488 obviaveris
1485 2433 1618 2507 (25).
1655 2437 1907 2496 Nondum
1937 2444 2086 2499 enim

501 2513 781 2583 perfecisti
812 2516 956 2571 viam
989 2527 1159 2586 tuam,
1187 2520 1293 2576 nisi
1340 2526 1618 2597 pertingas
1663 2531 1732 2585 ad
1778 2548 1918 2604 opus
1964 2537 2081 2594 Dei.

499 2605 660 2672 Quod
707 2607 752 2661 si
806 2616 1096 2677 postquam
1143 2613 1366 2668 veneris
1410 2623 1467 2670 et
1518 2622 1799 2690 acceperis
1849 2628 2082 2696 gratiam

497 2698 889 2768 lacrymarum,
940 2703 1279 2758 cessaverint
1328 2705 1603 2780 lacrymae,
1655 2723 1712 2769 et
1754 2715 1905 2772 calor
1954 2729 2081 2782 tuus

497 2789 819 2861 frigefactus
851 2791 1021 2846 fuerit
1053 2794 1170 2849 sine
1202 2797 1527 2856 alteratione
1559 2803 1788 2864 alterius
1834 2811 1936 2878 rei,
1969 2816 2079 2871 sci-

497 2883 628 2940 licet
648 2884 966 2942 inﬁrmitate
988 2888 1258 2958 corporis,
1281 2906 1350 2946 ne
1373 2893 1474 2948 tibi
1497 2896 1629 2966 quid
1657 2899 1789 2974 (26),
1814 2908 2076 2974 quoniam

499 2976 602 3046 13
632 2977 688 3030 in
735 2978 1030 3034 elationem
1075 2988 1171 3034 aut
1218 2983 1609 3055 negligentiam
1656 2997 1978 3061 pervenisti.
2016 3000 2073 3057 Si

493 3080 662 3138 Opera
691 3083 804 3123 non
836 3068 1028 3132 babes.
1061 3070 1130 3126 de
1158 3071 1459 3132 virtutibus
1489 3095 1600 3135 non
1632 3081 1897 3154 loquaris.
1939 3091 2072 3146 Pre-

2191 2175 2362 2233 nibus
2401 2179 2540 2245 suis,
2573 2189 2630 2236 et
2659 2184 3022 2240 exsultabunt
3073 2189 3129 2244 in
3179 2191 3370 2250 laetitia
3421 2195 3610 2252 cordis
3658 2200 3769 2254 sui.

2190 2266 2296 2335 Qui
2347 2284 2446 2340 spe
2495 2283 2750 2342 currunt,
2817 2288 3046 2349 propter
3093 2282 3450 2352 asperitatem
3502 2287 3604 2342 vim
3654 2305 3769 2344 non

2190 2372 2577 2432 revertuntur,
2611 2381 2716 2422 nec
2747 2378 2999 2440 spectant
3039 2372 3108 2427 ad
3142 2373 3533 2446 inquirendum
3563 2380 3633 2435 de
3665 2381 3773 2437 hac

2186 2453 2522 2523 asperitate;
2555 2457 2654 2513 sed
2687 2474 2786 2530 per
2826 2461 2934 2520 hoc
2975 2479 3128 2520 mare
3160 2474 3509 2526 transeuntes
3530 2478 3589 2526 et
3609 2488 3768 2544 aspeo

2185 2543 2406 2601 ritatem
2447 2548 2726 2618 videntes,
2781 2554 2897 2610 Deo
2940 2558 3149 2627 gratias
3195 2559 3464 2629 oﬁ'erunt,
3501 2543 3770 2634 quoniam

2183 2635 2443 2694 liberavit
2468 2655 2568 2698 eos
2593 2642 2664 2698 de
2705 2649 2980 2716 angustiis
3006 2659 3062 2706 et
3097 2652 3332 2722 rupibus
3362 2663 3420 2710 et
3446 2656 3767 2729 hujusmodi

2180 2731 2598 2801 asperitatibus,
2672 2740 3056 2798 nescientibus
3120 2744 3278 2815 ipsis.
3328 2747 3413 2803 llli
3471 2766 3608 2807 vero
3666 2755 3764 2825 qui

2179 2824 2384 2880 multas
2427 2826 2791 2898 cogitationes
2839 2832 2897 2886 in
2941 2845 3126 2892 mente
3159 2839 3475 2908 revolvunt,
3509 2824 3767 2903 volentes

2178 2913 2413 2969 nimium
2457 2931 2581 2973 esse
2631 2921 2941 2991 sapientes;
2977 2927 3108 2996 quia
3141 2941 3429 3000 exponunt
3466 2948 3527 2988 se
3555 2935 3766 3007 cogita-

2177 3007 2392 3063 tionum
2442 3009 2923 3081 subversionibus,
2965 3030 3278 3089 praeparant
3301 3037 3362 3079 se
3400 3025 3672 3096 pigritiae:
3703 3036 3766 3083 et

2174 3100 2486 3170 praevidere
2513 3102 2765 3161 volentes
2793 3106 2940 3162 viam
2969 3115 3313 3181 nocumenti,
3348 3117 3536 3188 plures
3561 3134 3764 3177 eorum

2174 3159 2193 3170 .
2716 3159 2757 3161 η
2971 3159 3313 3181 ----_----..-.,
3351 3159 3536 3188 ,ηωνυ
3562 3159 3764 3177 ww...

493 3159 650 3215 tiosae
683 3159 739 3214 in
770 3171 1067 3230 conspectu
1111 3163 1327 3220 Domini
1358 3168 1760 3240 tribulationes,
1791 3194 1913 3248 qua;
1947 3192 2074 3239 sunt
2101 3202 2143 3262 ο
2178 3200 2306 3246 ante
2353 3202 2543 3262 portas
2606 3195 2900 3254 domorum
2962 3217 3187 3260 suarum
3235 3222 3457 3280 semper
3499 3213 3764 3272 sedentes

493 3265 596 3321 pro
631 3249 750 3320 ipso
785 3261 844 3308 et
887 3261 1113 3322 propter
1163 3255 1367 3326 ipsum,
1399 3269 1455 3316 et
1485 3276 1653 3333 super
1681 3281 1900 3326 omnem
1951 3289 2078 3331 ora-

493 3343 702 3398 tionem
731 3349 787 3397 et
817 3345 1148 3401 sacriﬁcium
1177 3356 1233 3403 et
1259 3350 1506 3421 odorem,
1534 3363 1593 3412 et
1621 3358 1792 3415 sudor
1833 3363 2077 3434 ipsarum

494 3450 660 3506 super
685 3435 869 3491 omnia
894 3447 1161 3495 aromata.

561 3525 878 3593 Quamlibet
910 3529 1174 3586 virtutem
1207 3531 1484 3604 (27),sine
1499 3536 1694 3595 labore
1719 3544 1974 3613 corporis
1999 3544 2078 3600 ia-

492 3628 660 3685 ctam,
719 3627 916 3690 reputa
975 3621 1122 3677 sicut
1164 3623 1478 3681 abortivum
1523 3629 1803 3687 exanime.
1857 3632 2076 3692 Oblatio

487 3714 787 3785 justorum,
838 3713 1094 3786 lacrymaa
1145 3717 1440 3774 oculorum
1491 3734 1838 3791 suorum;et
1866 3729 2077 3786 sacriﬁ-

491 3804 641 3860 cium
675 3806 1040 3876 acceptabile,
1073 3808 1313 3880 gemitus
1359 3825 1550 3868 eorum
1582 3814 1638 3870 in
1671 3817 1900 3890 vigiliis.
1935 3820 2076 3878 Ora-

492 3897 571 3951 tio
597 3897 826 3952 humilis
860 3907 1121 3970 tanquam
1153 3900 1225 3956 ab
1247 3917 1343 3959 ore
1375 3903 1445 3958 ad
1477 3921 1642 3964 aures
1678 3909 1776 3966 Dei
1804 3913 2074 3971 :Domine

491 3988 641 4044 Deus
673 4005 853 4055 meus,
886 3998 943 4046 tu
971 3992 1223 4048 illumina
1255 3996 1516 4052 tenebras
1541 4014 1696 4056 meas
1721 4001 1778 4058 in
1823 4013 2074 4076 tempore

495 4078 914 4149 tranquillitatis
969 4092 1096 4138 tuaz.
1137 4083 1325 4142 Clama
1367 4087 1425 4142 in
1472 4092 1740 4161 operibus
1773 4095 1937 4152 bonis
1964 4099 2071 4154 hu-

488 4159 737 4228 miliatus
763 4189 777 4226 :
808 4173 1128 4237 clamabunt
1176 4177 1247 4232 ad
1294 4159 1592 4238 Dominum
1619 4186 1781 4256 justi,
1816 4192 2073 4260 corporis

484 4629 736 4686 sionibus
758 4638 815 4685 et
849 4631 1305 4690 tribulationibus
1333 4646 1563 4708 propter
1593 4644 2060 4716 propinquitatem

481 4736 661 4778 suam.
690 4722 838 4776 Bona
882 4725 1136 4794 operatio
1169 4735 1225 4782 et
1251 4728 1557 4795 humilitas,
1578 4734 1861 4793 hominem
1896 4740 2060 4799 deum

481 4812 695 4868 faciunt
741 4828 910 4884 super
955 4823 1160 4871 terram
1195 4835 1208 4871 :
1243 4818 1382 4875 ﬁdes
1428 4837 1565 4879 vero
1594 4833 1652 4880 et
1682 4827 2060 4890 misericordia

480 4906 592 4960 cito
640 4903 854 4960 faciunt
910 4906 977 4961 ad
1028 4909 1362 4965 munditiam
1400 4920 1767 4974 transmeare.
1806 4919 2059 4980 Calorem

429 5048 437 5058 ,
477 5006 534 5052 et
561 4997 955 5053 contritionem
991 4999 1050 5054 in
1086 5017 1194 5057 una
1223 5004 1410 5060 anima
1445 5005 1564 5061 ﬁeri
1588 5007 1928 5079 impossibile
1951 5027 2056 5084 est,

479 5084 623 5138 sicut
675 5085 730 5140 in
790 5102 902 5141 uno
952 5087 1178 5146 homine
1246 5092 1575 5152 ebrietatem
1599 5105 1656 5152 et
1724 5102 2055 5162 modestiam

477 5174 856 5246 cognitionum
891 5196 904 5232 :
937 5195 1061 5236 cum
1112 5183 1313 5241 anima:
1363 5185 1528 5242 datur
1551 5187 1644 5244 hic
1669 5192 1842 5260 calor,
1871 5197 2049 5254 aufer-

476 5271 567 5318 tur
592 5265 661 5321 ab
690 5282 758 5322 eo
791 5271 1055 5328 contritio
1108 5284 1166 5330 et
1210 5275 1416 5334 luctus.
1469 5279 1784 5354 Vinumque
1815 5288 1884 5343 ad
1913 5290 2054 5349 hila-

2180 3281 2473 3338 inveniunt
2518 3287 2675 3355 quasi
2720 3289 2991 3359 dicentes,
3019 3303 3082 3349 ut
3105 3297 3261 3369 piger
3293 3305 3656 3363 transmissus
3689 3307 3762 3363 ad

2178 3371 2326 3427 viam
2351 3373 2524 3430 dicit:
2549 3377 2654 3432 Leo
2674 3390 2749 3435 est
2769 3383 2827 3436 in
2855 3385 2965 3449 via,
2991 3395 3041 3440 et
3070 3389 3335 3446 homicida
3365 3395 3420 3447 in
3454 3395 3650 3467 plateis
3683 3401 3760 3466 ⁸⁶;

2176 3470 2235 3518 et
2269 3463 2424 3535 juxta
2460 3467 2587 3524 illos
2632 3469 2884 3530 dicentes
2928 3494 2941 3530 :
2981 3477 3146 3534 Filios
3188 3463 3468 3554 gigantum
3505 3463 3761 3558 vidimus,

2177 3562 2227 3607 et
2252 3569 2466 3611 eramus
2512 3559 2587 3613 eis
2631 3562 2768 3616 sicut
2802 3563 3019 3623 locusta:
3037 3570 3105 3624 ³’.
3139 3571 3205 3627 Hi
3233 3585 3366 3631 sunt
3392 3579 3488 3648 qui
3523 3580 3580 3635 in
3615 3590 3761 3638 tem-

2176 3658 2312 3714 pore
2334 3661 2437 3702 suo
2465 3647 2524 3703 in
2553 3649 2661 3718 via,
2697 3655 2792 3724 qui
2821 3672 3044 3730 semper
3070 3664 3266 3721 volunt
3289 3683 3413 3725 esse
3438 3673 3760 3745 sapientes;

2175 3737 2273 3792 sed
2305 3754 2514 3808 ponere
2541 3745 2876 3818 principium
2922 3755 3150 3813 omnino
3176 3774 3287 3815 non
3323 3763 3529 3820 valent.
3579 3768 3762 3827 [diota

2174 3843 2308 3884 vero
2335 3837 2644 3889 transnatat
2666 3836 2722 3892 in
2754 3841 2936 3909 primo
2965 3847 3174 3914 calore,
3206 3849 3276 3906 de
3315 3867 3552 3925 corpore
3579 3861 3764 3916 nulla-

2175 3928 2340 3977 tenus
2385 3937 2575 3981 curam
2618 3945 2840 4001 gerens,
2885 3952 2991 3994 nec
3037 3941 3287 4013 cogitans
3315 3946 3371 4002 in
3402 3961 3579 4006 semet
3610 3953 3760 4023 ipso,

2176 4024 2364 4069 utrum
2411 4017 2662 4076 lucretur
2706 4025 2919 4097 aliquid
2964 4046 3070 4087 nec
3119 4034 3188 4090 de
3216 4052 3315 4092 sua
3349 4017 3760 4112 negotiatione.

2244 4108 2364 4165 Non
2410 4112 2505 4167 ﬁat
2543 4113 2642 4169 tibi
2677 4118 2978 4177 multitudo
3019 4108 3605 4196 sapientiaelubricum
3637 4141 3764 4194 ani-

2887 4414 2900 4450 :
2941 4398 3022 4453 Ne
3043 4417 3252 4474 semper
3287 4408 3517 4465 videaris
3559 4429 3756 4484 egenus

2871 4491 2915 4555 i;
2961 4493 3176 4550 timidus
3199 4499 3341 4554 enim
3371 4510 3420 4555 et
3448 4506 3537 4573 qui
3571 4518 3754 4562 ventos

2097 4563 2141 4618 D
2171 4571 2535 4639 prwsiolatur,
2583 4592 2689 4631 non
2745 4583 3028 4638 seminabit
3073 4587 3158 4652 ³⁸;
3219 4592 3418 4648 melior
3460 4563 3552 4651 est
3599 4600 3753 4654 enim

2170 4675 2321 4717 mors
2371 4678 2474 4733 pro
2518 4667 2653 4733 Deo,
2704 4685 2868 4740 quam
2917 4675 3028 4732 vita
3065 4693 3191 4734 cum
3223 4686 3555 4743 verecundia
3581 4698 3639 4745 et
3663 4691 3753 4761 pi-

2174 4755 2340 4824 gritia
2413 4755 2552 4813 Cum
2603 4762 2852 4821 volueris
2911 4767 3162 4840 incipere
3210 4790 3352 4845 opus
3406 4779 3528 4845 Dei,
3588 4755 3750 4852 prius

2170 4845 2351 4901 conde
2401 4856 2818 4920 testamentum,
2872 4867 3134 4930 tanquam
3181 4880 3294 4921 non
3325 4868 3531 4926 habeas
3557 4873 3748 4930 vivere

2156 4933 2222 4990 in
2259 4938 2360 4992 hac
2390 4939 2503 4995 vita
2535 4959 2548 4996 :
2576 4954 2634 5000 et
2657 4945 2803 5002 sicut
2832 4949 2926 5006 ille
2957 4953 3052 5023 qui
3083 4970 3142 5010 se
3176 4961 3392 5028 paravit
3417 4963 3485 5018 ad
3509 4976 3744 5022 mortem

2159 5027 2464 5100 desperans
2492 5035 2561 5091 de
2592 5039 2705 5094 vita
2739 5055 2859 5108 sua,
2891 5043 3069 5103 donec
3101 5027 3390 5120 perveniat
3420 5057 3486 5111 ad
3523 5066 3747 5131 tempus

2160 5121 2382 5177 termini
2437 5127 2546 5181 sui.
2596 5129 2666 5184 Et
2718 5130 2832 5187 haec
2867 5135 3072 5194 habeas
3101 5141 3156 5196 in
3192 5154 3377 5202 mente
3410 5157 3523 5216 tua,
3555 5160 3615 5206 et
3641 5121 3743 5209 ca-

2155 5225 2286 5266 veas
2316 5229 2387 5269 ne
2417 5215 2742 5288 impediaris
2773 5239 2871 5296 spe
2897 5230 3220 5298 pmnitentis
3245 5236 3375 5294 vita:
3399 5240 3468 5296 ad
3485 5257 3741 5314 pugnan-

2153 5301 2286 5358 dum
2328 5313 2385 5361 et
2418 5310 2776 5371 vincendum.
2809 5317 2946 5376 Nam
2982 5337 3110 5394 spes
3153 5326 3321 5401 hujus
3361 5301 3502 5389 vita:-
3531 5301 3742 5395 rivelaxat

543 5425 589 5457 η
618 5425 782 5480 Prov.
825 5443 933 5494 xxx,
967 5430 1054 5485 15.
1133 5432 1176 5464 ³⁷
1211 5435 1374 5492 Num.
1419 5455 1538 5507 xm,
1579 5441 1669 5498 54.
1747 5448 1792 5481 ³⁸
1830 5451 2014 5510 Eccle.
2044 5438 2117 5524 xi,
2155 5463 2208 5517 4.

541 5538 652 5610 (25)
673 5538 992 5598 Obviaveris.
1031 5545 1142 5610 AL,
1161 5551 1468 5610 obviaverit.

541 5609 1210 5691 (gg)1yezibi_guid._ouis
1239 5621 1354 5678 haec
1384 5609 1519 5682 mihi
1561 5629 1862 5691 edisserat?

541 5678 650 5780 (2.7)
682 5678 990 5780 Quamlibet
1012 5678 1278 5780 υἰῆιέεεξη,
1313 5678 2035 5780 ete._ﬁi_teaccipito.

467 5746 805 5828 Certum’est
849 5761 996 5812 viros
1025 5746 1296 5837 perfectos
1322 5746 1744 5830 'iiuééa'ﬁniwi;

471 5818 752 5892 virtutum,
785 5818 1038 5895 quarum"
1051 5818 1289 5890 habitus
1307 5818 1428 5892 alte
1442 5818 1652 5898 deﬁxos

2147 5591 2361 5674 summa
2395 5597 2521 5674 qum
2547 5587 2714 5668 animi
2747 5598 2862 5674 tum
2885 5600 3136 5668 corporis
3168 5602 3447 5674 voluptate
3468 5607 3626 5664 allici.
3658 5613 3736 5666 Ac

2149 5663 2252 5736 pec
2301 5651 2437 5736 illud
2497 5657 2680 5714 minus
2732 5651 3134 5736 exploratum,"
3161 5651 3408 5730 actiones
3459 5651 3731 5735 virtutum

2804 5716 3076 5732 ,πμ-η-..
3161 5716 3408 5730 πηνα..

2147 5716 2469 5789 frequentes
2503 5716 3102 5820 corpusuextenuare,’
3147 5754 3401 5820 atterere,
3455 5747 3707 5820 frangere

2149 5803 2477 5886 copsujner’e
2497 5802 2802 5886 prgasertim
2841 5821 2990 5886 cum_
3029 5802 3228 5884 corpus
3277 5802 3733 5886 douianduinret

2147 5862 2743 5927 retundenda'elfrenis
2767 5862 3045 5947 superbia.
