4102 6524
298 432 405 495 837

1340 422 1567 481 LIBER
1605 421 1705 481 DE
1743 420 2196 481 CONTEMP’I‘U
2239 422 2514 481 MUNDI.

3459 415 3567 479 838

303 544 593 595 mentem:
645 542 874 605 propter
927 531 1075 603 quod
1128 532 1267 586 nihil
1309 533 1589 602 excogites
1638 530 1887 591 omnino,
1919 529 2324 585 Aeontermini
2384 528 2553 582 etiam
2623 526 2948 595 sapientiae;
3009 525 3138 594 quia
3198 540 3372 595 usque
3426 526 3567 581 adeo

301 629 401 685 sed
441 626 571 681 fidei
621 626 690 680 da
741 627 926 680 locum
981 626 1037 679 in
1077 632 1264 679 mente
1298 634 1412 689 tua,
1446 632 1503 678 et
1541 623 1647 677 hoc
1679 636 1888 675 memo-

303 736 429 776 rare
458 720 676 774 dierum
728 718 825 787 qui
855 728 993 772 eunt
1018 728 1144 787 post
1169 728 1403 771 mortem
1448 724 1617 777 tuam,
1662 722 1719 766 et
1745 728 1885 766 nun-

300 830 469 885 quam
522 812 729 867 laxatio
778 811 967 864 veniet
1018 808 1117 863 tibi
1169 808 1326 878 juxta
1384 805 1728 874 Sapientem,
1788 802 1884 872 qui

300 902 479 965 dicit,
506 900 657 971 quod
688 899 835 953 mille
861 899 995 951 anni
1038 898 1198 966 hujus
1241 894 1425 979 saiculi
1458 912 1561 949 non
1586 901 1710 948 sunt
1748 893 1885 945 sicut

300 995 413 1047 dies
445 1008 583 1045 unus
612 992 667 1044 in
694 989 893 1045 seculo
916 989 1192 1059 justorum
1221 988 1287 1041 ³⁹.
1334 987 1394 1041 In
1429 985 1759 1041 fortitudine
1791 992 1885 1037 tua

300 1084 488 1153 incipe
524 1095 745 1136 omnem
794 1078 996 1132 bonam
1039 1074 1443 1146 operationem,
1487 1090 1592 1130 nec
1622 1074 1678 1127 in
1703 1071 1887 1142 dupli-

299 1175 473 1230 citate
500 1173 668 1227 animi
694 1170 925 1225 accedas
968 1170 1036 1224 ad
1069 1184 1212 1231 eam,
1249 1183 1352 1222 nec
1385 1166 1603 1222 haesites
1633 1165 1688 1219 in
1717 1162 1884 1218 corde

302 1276 402 1320 tuo
445 1281 614 1335 super
646 1279 764 1333 spe,
816 1278 884 1315 ne
919 1262 1077 1316 labor
1125 1272 1253 1315 tuus
1288 1260 1379 1313 fiat
1415 1259 1644 1321 inutilis,
1675 1267 1732 1311 et
1754 1270 1884 1310 one-

303 1373 430 1413 rosa
476 1354 661 1409 oratio
717 1352 925 1407 laboris
958 1352 1034 1405 tui
1064 1368 1079 1403 :
1113 1349 1209 1404 sed
1243 1348 1411 1403 crede
1460 1349 1517 1402 in
1569 1346 1736 1401 corde
1765 1355 1881 1408 tuo,

302 1447 454 1519 quod
508 1445 824 1499 misericors
878 1452 964 1499 est
1010 1441 1300 1505 Dominus,
1353 1448 1409 1493 et
1464 1436 1885 1508 exquirentibus

300 1555 431 1595 eum
468 1538 562 1591 dat
603 1535 856 1606 gratiam,
896 1549 1007 1587 non
1035 1532 1337 1588 secundum
1369 1529 1748 1600 operationem
1782 1543 1885 1581 no-

309 1642 515 1695 stram,
549 1629 641 1684 sed
678 1626 983 1682 secundum
1032 1622 1447 1677 multitudinem
1488 1629 1543 1675 et
1575 1620 1738 1675 fidem
1762 1619 1883 1673 ani—

304 1739 524 1778 marum
591 1728 931 1775 nostrarum.
1006 1716 1098 1771 Ait
1159 1716 1306 1770 enim
1354 1733 1368 1768 :
1422 1714 1545 1768 Fiat
1603 1715 1693 1768 tibi
1751 1715 1885 1767 sicut

303 1815 575 1868 credidisti
611 1814 679 1865 ⁸ο.

377 1902 738 1957 Diversitales
792 1896 1179 1968 operationum
1240 1905 1389 1950 sunt.
1422 1894 1687 1963 Quidam
1734 1892 1884 1947 enim

304 1994 540 2066 pertulit
575 1993 841 2045 virtutem
871 1989 1073 2055 capitis
1104 1988 1188 2043 sui
1218 2002 1317 2058 pro
1347 1986 1594 2041 collectis
1623 1985 1887 2040 horarum

312 2093 428 2140 tota
460 2084 551 2138 die
590 2082 780 2137 taliter
806 2095 995 2151 agens.
1039 2078 1197 2135 Alius
1230 2077 1708 2149 genuﬂexionibus
1735 2076 1887 2131 labo-

303 2195 454 2247 rans,
483 2187 540 2234 et
564 2177 644 2231 sic
670 2189 999 2246 permanens
1019 2172 1228 2243 colligit
1251 2186 1543 2226 numerum
1569 2170 1884 2225 orationum

303 2285 553 2326 suarum.
610 2266 765 2321 Alius
820 2262 1177 2319 multitudine
1244 2263 1611 2333 lacrymarum
1666 2262 1888 2332 supplet

302 2364 485 2417 locum
520 2361 883 2425 collectarum
930 2370 1179 2419 suarum,
1230 2364 1285 2407 et
1334 2363 1628 2409 contentus
1664 2362 1749 2408 est
1782 2354 1883 2407 eis.

302 2454 461 2510 Alius
490 2451 769 2507 sollicitus
801 2448 857 2503 in
906 2444 1265 2501 meditatione
1310 2445 1634 2501 intentionis
1663 2460 1796 2511 suae,
1831 2454 1887 2500 et

303 2543 516 2615 colligit
566 2540 811 2612 regulam
851 2539 1177 2609 injunctam.
1226 2536 1381 2591 Alius
1406 2537 1617 2592 cruciat
1646 2538 1885 2591 animam

306 2653 462 2693 suam
488 2636 546 2690 in
580 2635 746 2698 fame,
776 2634 850 2687 ita
882 2639 943 2686 ut
976 2631 1143 2685 etiam
1178 2638 1416 2699 nequeat
1444 2630 1721 2699 complere
1766 2632 1886 2684 col-

305 2732 496 2785 lectas.
541 2728 697 2781 Alius
753 2726 806 2780 in
869 2723 1107 2778 ferventi
1163 2722 1495 2793 cogitatione
1546 2724 1882 2792 psalmorum

303 2833 653 2889 permanens.
686 2813 1005 2868 continuam
1032 2811 1319 2865 collectam
1346 2809 1476 2865 facit
1504 2810 1698 2879 ipsam.
1731 2810 1886 2864 Alius

302 2910 492 2964 studet
530 2906 779 2969 lectioni,
815 2912 870 2959 et
893 2903 1073 2958 calefit
1107 2918 1203 2957 cor
1226 2902 1367 2972 ejus.
1398 2901 1554 2955 Alius
1588 2901 1881 2971 abripitur,

313 3002 538 3055 divinos
568 2996 927 3053 considerans
977 2995 1313 3049 intellectus.
1364 2992 1519 3047 Alius
1546 2993 1885 3063 stupefactus

302 3110 368 3149 cx
408 3090 777 3146 admiratione
821 3089 931 3153 sui,
976 3102 1006 3142 a
1054 3086 1275 3141 silentio
1324 3084 1661 3155 prmpeditur
1697 3100 1727 3139 a
1755 3100 1886 3139 cou—

303 3193 465 3241 sueta
514 3182 875 3237 meditatione
910 3179 1190 3234 detentus.
1240 3178 1397 3232 Alius
1442 3188 1669 3248 gnstans
1699 3192 1765 3231 ex
1798 3176 1884 3230 his

302 3274 567 3331 omnibus
614 3282 671 3328 et
724 3280 1027 3335 saturatas,
1077 3285 1381 3325 conversus
1422 3279 1509 3325 est
1554 3278 1879 3331 retrorsum,

302 3376 357 3421 et
380 3365 648 3420 remansit
681 3362 882 3417 inanis.
922 3361 1078 3415 Alius
1131 3359 1412 3413 modicum
1447 3373 1515 3413 ex
1544 3359 1633 3413 his
1657 3366 1883 3429 gustans

303 3457 642 3515 tumefactus
690 3454 918 3509 erravit.
956 3452 1111 3506 Alius
1154 3452 1324 3505 multa
1354 3449 1676 3503 infirmitate
1706 3458 1761 3502 et
1792 3448 1885 3501 de-

304 3548 522 3602 bilitate
567 3560 667 3599 sua
714 3542 1015 3613 impeditus
1083 3549 1168 3596 est
1238 3555 1568 3596 conservare
1638 3539 1884 3609 regulam

305 3654 485 3694 suam.
540 3636 609 3690 Et
652 3636 794 3691 alius
846 3632 1253 3689 consuetudine
1316 3633 1551 3703 alicujus
1616 3631 1885 3701 concupi-

306 3729 533 3786 scentia:
550 3738 873 3797 occupatus,
894 3728 982 3781 vel
1013 3725 1355 3790 ambitionis,
1390 3724 1475 3779 vel
1496 3740 1647 3778 vanae
1678 3722 1883 3794 gloriae,

306 3825 393 3879 vel
437 3821 793 3893 cogitationis
821 3820 989 3875 etiam
1043 3819 1174 3875 ruit.
1227 3818 1382 3873 Alius
1428 3817 1641 3873 corruit
1672 3826 1728 3873 et
1765 3833 1887 3872 sur-

307 3915 471 3979 rexit,
520 3927 625 3967 nec
680 3911 961 3966 convertit
1027 3919 1176 3981 terga
1238 3925 1376 3972 sua,
1439 3909 1617 3965 donec
1674 3908 1889 3979 accepit

306 4005 769 4076 pretiosissimam
816 4004 1191 4074 margaritam.
1225 4001 1362 4057 Cum
1395 4000 1595 4073 gaudio
1620 4008 1676 4056 et
1705 4016 1889 4071 prom-

308 4097 589 4167 ptitudine
614 4110 834 4165 semper
859 4095 1039 4165 incipe
1081 4109 1221 4164 opus
1264 4093 1398 4160 Dei;
1430 4103 1484 4149 et
1512 4093 1557 4148 si
1593 4092 1891 4148 mundatus

306 4190 483 4245 fueris
533 4204 564 4242 a
600 4187 754 4243 vitiis
805 4195 861 4241 et
910 4186 1259 4241 haesitatione
1311 4184 1519 4250 cordis,
1567 4186 1683 4256 ipse
1742 4186 1891 4240 Deus

309 4279 617 4335 ascendere
669 4288 723 4333 te
772 4276 938 4331 faciet
982 4275 1050 4330 ad
1099 4275 1369 4330 virtutum
1400 4276 1795 4340 summitatem,
1835 4283 1892 4330 et

309 4364 674 4423 auxiliabitur
723 4366 848 4431 tibi,
886 4373 942 4419 et
968 4364 1386 4434 prudentiorem
1419 4374 1470 4419 te
1505 4364 1689 4429 faciet,
1726 4373 1782 4418 et
1804 4378 1893 4419 se-

310 4457 559 4515 cundum
591 4458 936 4512 voluntatem
962 4471 1115 4510 suam
1146 4456 1477 4510 mirabiliter
1500 4456 1566 4510 ad
1598 4456 1892 4526 perfectio-

1988 621 2345 685 suhlimatur,
2396 620 2575 673 donec
2622 619 2997 673 inseeutorem
3039 633 3202 672 suum
3233 618 3388 671 uniat
3424 616 3564 681 Deo,

1987 722 2043 767 et
2098 713 2206 767 hoc
2226 722 2313 767 est
2370 712 2612 781 signum,
2667 709 2817 778 quod
2873 709 2996 779 ejus
3048 709 3425 763 consideratio
3482 718 3567 763 est

1987 804 2109 858 sine
2155 803 2283 867 fine,
2337 803 2467 872 quia
2525 801 2804 871 sapientia
2852 810 2938 856 est
2991 800 3108 871 ipse
3139 801 3304 854 Deus.
3340 798 3403 865 Q.
3436 799 3569 866 Quae

1986 903 2073 947 est
2125 894 2303 963 prima
2352 893 2547 948 semita
2592 902 2651 947 et
2681 892 2900 947 initium
2924 908 3141 954 eorum,
3194 908 3316 961 quze
3348 907 3450 945 nos
3486 892 3568 945 fa-

1986 986 2144 1040 ciunt
2202 986 2650 1055 appropinquare
2717 985 3038 1055 sapientiae?
3094 985 3163 1039 Il.
3226 983 3382 1049 Quod
3443 983 3570 1053 quis

1988 1076 2124 1130 totis
2147 1076 2364 1131 viribus
2392 1077 2719 1145 insequatur
2745 1076 3099 1146 sapientiam,
3134 1087 3190 1130 et
3223 1077 3569 1145 insequendo

1988 1176 2104 1223 tota
2142 1178 2330 1223 mente
2376 1169 2671 1231 sustineat,
2710 1178 2771 1222 ut
2812 1168 3005 1232 etiam,
3059 1184 3187 1222 cum
3231 1168 3566 1237 expedierit,

1985 1269 2154 1314 exuat
2186 1261 2362 1331 ipsam
2414 1258 2609 1323 vitam,
2658 1268 2715 1313 et
2763 1260 3017 1329 projiciat
3043 1274 3074 1313 a
3101 1274 3181 1323 se,
3214 1275 3317 1313 nec
3348 1258 3440 1313 fiat
3472 1274 3570 1313 ne-

1986 1353 2199 1422 gligens
2237 1358 2462 1421 propter
2490 1366 2739 1405 amorem
2772 1352 2884 1405 sui.
2925 1350 2990 1417 Q.
3018 1351 3156 1418 Quis
3201 1360 3287 1406 est
3321 1352 3434 1415 ille,
3470 1352 3567 1421 qui

1988 1444 2153 1515 digne
2200 1443 2523 1497 nominatur
2562 1442 2928 1513 intelligens?
2964 1444 3029 1498 ll.
3064 1443 3169 1509 Qui
3216 1459 3345 1499 vere
3400 1444 3567 1499 intel-

1985 1534 2121 1589 lexit
2171 1533 2306 1603 quid
2364 1534 2436 1587 sit
2484 1533 2757 1588 terminus
2807 1534 2971 1604 hujus
3022 1536 3364 1590 vitzezidem
3408 1522 3565 1591 enim

1985 1633 2188 1695 potens
2242 1634 2327 1678 est
2379 1639 2589 1695 ponere
2638 1626 2939 1679 terminum
2988 1625 3212 1680 delictis
3250 1628 3387 1683 suis.
3434 1626 3567 1693 Quae

1986 1732 2230 1786 namque
2263 1718 2518 1783 scientia,
2545 1718 2741 1787 quisve
2768 1718 3085 1774 intellectus
3114 1727 3200 1773 est
3229 1722 3403 1790 major
3433 1721 3561 1784 isto,

1987 1806 2267 1869 videlicet,
2316 1815 2379 1861 ut
2423 1808 2699 1877 excogitet
2740 1807 2886 1877 quis,
2925 1808 3167 1876 qualiter
3198 1810 3353 1863 exire
3388 1810 3565 1879 possit

1987 1897 2057 1953 de
2090 1898 2194 1953 hac
2233 1898 2364 1962 vita,
2396 1913 2523 1951 eum
2557 1898 2611 1951 in
2645 1898 3004 1968 corruptione
3042 1915 3153 1953 non
3191 1899 3358 1955 habet
3388 1916 3563 1956 mem-

1987 1990 2150 2045 brum
2183 1990 2405 2059 aliquod
2443 1991 2912 2060 concupiscentiae
2960 1991 3135 2047 fetore
3160 1992 3446 2056 infectum,
3474 1994 3563 2047 vel

1987 2083 2185 2137 animae
2232 2083 2502 2137 maculam
2556 2083 2626 2137 ab
2665 2082 2837 2153 ipsius
2889 2084 3187 2139 dulcedine
3241 2085 3567 2140 sordescen-

1990 2175 2141 2228 tem?
2192 2174 2367 2228 Homo
2420 2174 2566 2229 enim
2615 2174 2709 2245 qui
2759 2176 2909 2230 acuit
2961 2175 3279 2231 intellectus
3330 2191 3461 2230 suos
3505 2183 3567 2230 ut

1988 2261 2335 2332 ingrediatur
2384 2263 2454 2316 ad
2516 2272 2731 2317 secreta
2782 2264 3034 2319 omnium
3102 2273 3453 2329 naturarum,
3508 2274 3567 2319 et

1987 2354 2197 2409 ditatus
2244 2356 2297 2409 in
2346 2355 2741 2410 adiuventione
2764 2366 2819 2411 et
2850 2356 3295 2411 consideratione
3326 2356 3381 2410 in
3413 2358 3565 2411 omni

1986 2444 2242 2509 scientia,
2294 2453 2351 2498 et
2403 2445 2586 2499 anima
2633 2446 2753 2515 ejus
2801 2446 3021 2500 exsistit
3055 2446 3318 2501 sordibus
3351 2448 3563 2516 peccati

1986 2536 2219 2605 polluta,
2259 2551 2362 2590 nec
2396 2536 2695 2605 acquisivit
2732 2536 3112 2591 testimonium
3148 2537 3204 2591 in
3240 2553 3337 2607 spe
3366 2540 3567 2593 anima:

1984 2641 2116 2689 sure,
2160 2625 2258 2681 sed
2313 2636 2470 2696 putat
2521 2627 2661 2682 bene
2690 2628 2757 2680 ad
2789 2638 3009 2697 portum
3040 2629 3392 2685 confidentiae
3436 2646 3565 2700 per-

1985 2718 2214 2784 venire;
2285 2719 2727 2789 insipientiorem
2795 2736 2862 2775 eo
2910 2722 3153 2775 mundus
3203 2739 3314 2777 non
3372 2723 3564 2777 habet.

1983 2808 2119 2862 Nam
2170 2824 2350 2878 neque
2397 2809 2467 2863 ad
2519 2825 2673 2879 spem
2730 2811 3049 2881 hujusmodi
3104 2813 3389 2867 adducunt
3435 2830 3565 2869 eum

1986 2915 2152 2969 opera
2189 2916 2312 2966 sua,
2359 2909 2590 2971 propter
2645 2902 3058 2958 indeficientem
3112 2920 3338 2959 cursum
3374 2920 3561 2959 suum.

1982 2992 2048 3059 Q.
2087 2992 2221 3059 Quis
2267 3003 2354 3050 est
2384 2994 2546 3050 fortis
2583 2995 2637 3049 in
2671 2996 2947 3051 veritate?
2978 2997 3042 3051 Β.
3074 2996 3177 3062 Qui
3207 3008 3567 3068 prosperatur

1986 3086 2041 3141 in
2077 3088 2533 3143 tribulationibus
2555 3090 2977 3160 temporalibus,
3008 3092 3065 3145 in
3092 3091 3298 3161 quibus
3330 3092 3566 3146 abscon-

1911 3200 1953 3259 (ς
1988 3182 2104 3236 dita
2132 3190 2216 3235 est
2236 3182 2408 3252 gloria
2438 3181 2686 3236 victoria:
2714 3197 2826 3237 suae
2862 3200 2875 3236 :
2900 3198 3002 3236 nec
3028 3182 3566 3238 desideratdelecta-

1988 3274 2195 3328 tionem
2221 3272 2404 3343 inqua
2426 3274 2747 3328 abscondita
2772 3283 2858 3328 est
2889 3274 3001 3329 vita
3049 3274 3415 3338 confusionis,
3443 3291 3566 3344 quae

1987 3364 2214 3419 calicem
2242 3364 2427 3419 luctus
2453 3365 2713 3434 propinat
2733 3380 2953 3434 semper
2974 3366 3393 3421 invenientibus
3416 3382 3562 3421 eam.

1986 3456 2049 3522 Q.
2071 3456 2127 3511 Si
2151 3456 2369 3511 laeditur
2390 3457 2445 3510 in
2472 3456 2673 3511 itinere
2695 3472 2806 3526 quo
2830 3457 2940 3511 itur
2959 3458 3026 3511 ad
3049 3459 3242 3524 Deum,
3262 3460 3305 3513 si
3324 3460 3450 3529 quis
3471 3460 3568 3514 de-

1987 3547 2157 3601 clinat
2173 3561 2202 3599 a
2214 3546 2486 3600 bonorum
2501 3561 2731 3616 operum
2750 3546 2934 3601 studio
2952 3556 3179 3617 propter
3195 3549 3568 3604 tentationes?

1988 3638 2055 3694 R.
2090 3637 2211 3692 Non
2255 3636 2415 3693 decet
2443 3636 2683 3705 aliquem
2718 3637 3166 3707 appropinquare
3192 3637 3418 3693 Christo
3441 3638 3565 3693 sine

1990 3728 2392 3792 tribulatione;
2446 3742 2551 3781 nec
2608 3727 2729 3782 sine
2780 3728 2897 3797 ipsa
2942 3738 3304 3783 conservatur
3350 3728 3566 3799 iustitia

1990 3820 2317 3890 cujusquam
2354 3817 2644 3871 inalterata
2680 3836 2692 3871 :
2731 3828 2787 3872 et
2810 3818 2855 3872 si
2888 3819 3017 3887 quis
3044 3821 3213 3890 exigit
3246 3834 3413 3891 opera
3441 3837 3566 3892 quae

1992 3919 2199 3981 augent
2231 3910 2426 3979 ipsam,
2464 3910 2674 3964 recedit
2704 3909 2773 3964 ab
2809 3926 2896 3974 ea,
2932 3926 3036 3966 nec
3071 3920 3364 3968 conservat
3390 3928 3512 3968 eam
3548 3932 3563 3969 :

1990 4003 2088 4059 sed
2144 4002 2428 4056 invenitur
2477 4001 2624 4057 sicut
2694 4002 2999 4057 thesaurus
3049 4003 3444 4070 incustoditus,
3510 4013 3568 4061 et

1994 4106 2257 4165 tanquam
2306 4093 2516 4148 athleta
2567 4093 2739 4148 armis
2772 4094 2891 4149 suis
2939 4094 3304 4165 exspoliatus,
3344 4096 3569 4165 quando

1991 4185 2303 4241 circumdat
2334 4200 2461 4239 eum
2493 4184 2643 4240 acies
2668 4184 3023 4240 inimicorum
3053 4202 3304 4253 suorum,
3340 4196 3396 4242 et
3423 4187 3569 4243 sicut

1991 4278 2145 4333 navis
2184 4293 2295 4332 non
2354 4276 2563 4333 habens
2602 4287 2927 4347 apparatum
2982 4294 3167 4343 suum,
3215 4288 3272 4333 et
3306 4288 3566 4349 tanquam

1992 4372 2306 4442 pomarium
2342 4370 2684 4442 irrigationis
2709 4370 2864 4424 fonte
2888 4370 3185 4440 privatum.
3217 4368 3283 4436 Q.
3312 4370 3447 4437 Quis
3484 4379 3571 4426 est

2000 4463 2347 4519 illuminatus
2397 4462 2454 4517 in
2513 4462 2890 4517 intellectihus
2940 4462 3097 4517 suis?
3130 4460 3197 4516 Il.
3241 4460 3570 4532 Quicunque

311 4563 439 4604 nem
472 4547 731 4619 attinges.
766 4546 868 4602 Cui
908 4544 980 4600 sit
1024 4544 1196 4616 gloria
1224 4552 1281 4599 et
1313 4544 1560 4615 potentia
1592 4544 1647 4597 in
1694 4542 1886 4598 saecula

2001 4557 2262 4626 pervenit
2319 4555 2387 4609 ad
2438 4554 2866 4610 amaritudinem
2908 4570 3029 4623 quae
3072 4560 3157 4607 est
3212 4530 3493 4608 absconsa'
3514 4555 3570 4607 in

313 4640 664 4697 saeculorum.
694 4637 889 4694 Amen.

876 4765 1102 4823 CAPUT
1134 4764 1322 4821 XVIII.

546 4882 686 4948 Quid
716 4879 973 4949 impediat
1003 4895 1113 4945 cor,
1143 4894 1208 4931 ne
1243 4876 1313 4931 ad
1343 4876 1490 4931 mala
1518 4885 1662 4932 ruat.

381 5015 598 5084 Qnmsr.
652 5013 774 5080 Quo
819 5012 1046 5067 vinculo
1098 5018 1323 5066 tenetur
1349 5025 1466 5075 cor,
1508 5026 1577 5064 ue
1616 5010 1893 5065 discurrat

314 5106 383 5162 ad
425 5106 607 5161 mala?
642 5106 807 5159 Rsse.
848 5104 1188 5173 Sapientiam
1219 5102 1376 5171 sequi
1415 5116 1657 5171 semper,
1702 5111 1758 5155 et
1792 5100 1893 5156 do-

313 5200 510 5255 ctrina:
535 5199 594 5253 in
617 5198 731 5253 vita
763 5197 1012 5253 studere.
1044 5195 1211 5251 Aliud
1240 5194 1390 5249 enim
1422 5194 1704 5249 vinculum
1730 5194 1898 5249 etfre-

1997 4646 2291 4701 dulcedine
2341 4645 2555 4709 mundi,
2607 4654 2664 4699 et
2716 4645 2971 4699 continet
3021 4660 3084 4697 os
3132 4658 3316 4707 suum,
3364 4656 3467 4697 nec
3500 4642 3571 4697 de

1999 4736 2173 4791 calice
2212 4736 2319 4790 hoc
2365 4744 2572 4806 gustat,
2630 4744 2685 4789 et
2728 4750 2945 4804 semper
2986 4741 3265 4788 scrutatur
3295 4733 3363 4787 de
3389 4732 3569 4787 salute

1995 4827 2201 4882 anima:
2249 4842 2382 4891 suae,
2420 4843 2523 4882 nec
2566 4836 2746 4881 cessat
2777 4842 2807 4880 a
2835 4841 3003 4879 cursu
3031 4841 3132 4879 suo
3170 4824 3349 4879 donec
3377 4824 3569 4878 dissol-

1994 4928 2158 4974 vatur
2191 4935 2221 4972 a
2251 4918 2461 4973 mundo
2485 4920 2591 4973 isto
2620 4938 2633 4972 :
2661 4917 2869 4973 claudit
2890 4931 3114 4986 quoque
3136 4916 3277 4970 ostia
3308 4932 3572 4972 sensuum

1990 5025 2239 5074 suorum,
2270 5025 2339 5065 ne
2361 5009 2637 5064 subintret
2672 5024 2914 5078 unquam
2948 5008 3005 5062 in
3030 5008 3149 5078 ipso
3166 5007 3563 5076 concupisceno

1992 5105 2069 5160 tia
2095 5104 2262 5173 hujus
2288 5101 3093 5171 mundi,etsubripiatocculto
3120 5100 3415 5155 thesauros
3428 5101 3571 5169 ejus.

2063 5192 2128 5259 Q.
2178 5192 2320 5259 Quid
2351 5200 2437 5247 est
2475 5192 2735 5255 mundus,
2788 5198 2843 5244 et
2871 5189 3149 5260 quomodo
3188 5188 3576 5259 cognoscimus

314 5293 531 5349 nationi
577 5293 783 5347 mentis
834 5290 1038 5345 fortius
1076 5305 1187 5344 non
1230 5287 1461 5343 resistit.
1492 5285 1556 5354 Q.
1600 5287 1899 5357 Usquequo
1995 5300 2149 5349 eum,
2199 5293 2257 5339 et
2304 5285 2359 5339 in
2416 5300 2527 5354 quo
2559 5284 2713 5339 laedit
2738 5283 3036 5354 diligentes
3082 5284 3173 5339 se?
3222 5284 3288 5337 li.
3336 5282 3575 5337 Mundus

320 5384 425 5456 14
451 5392 539 5439 est
574 5382 849 5438 terminus
892 5380 1111 5437 itineris
1152 5379 1482 5450 sapientiam
1522 5378 1892 5449 insequentis,

315 5483 374 5531 et
404 5476 460 5530 in
494 5490 607 5545 quo
649 5474 841 5529 finitur
870 5473 1123 5529 doctrina
1152 5472 1312 5541 ejus?
1351 5471 1418 5526 Β.
1463 5471 1542 5525 Ita
1570 5478 1653 5526 est
1688 5470 1895 5541 impos-

315 5566 481 5621 sibile
508 5566 762 5621 invenire
786 5565 1083 5621 terminum
1121 5565 1314 5629 istum,
1345 5562 1493 5633 quod
1528 5564 1693 5619 etiam
1719 5564 1895 5618 sancti

316 5656 499 5725 quoad
576 5656 981 5727 profectionem
1050 5655 1173 5726 ejus
1234 5653 1529 5723 patiuntur
1589 5653 1891 5721 defectum,

390 5837 438 5874 ⁸⁹
467 5839 696 5895 Malach.
728 5854 805 5905 ιιι,
834 5839 885 5892 4.
964 5836 1009 5869 ⁸ο
1035 5836 1227 5891 Matth.
1252 5852 1364 5903 vm,
1414 5835 1497 5889 15.

2000 5388 2087 5434 est
2109 5377 2396 5442 meretrix,
2428 5392 2547 5447 quae
2586 5375 2867 5431 desiderio
2892 5374 3326 5445 pulchritudinis
3371 5390 3483 5429 suae
3506 5373 3574 5427 ad

2003 5467 2510 5537 concupiscentiam
2560 5468 2731 5523 trahit
2762 5467 3013 5522 videntes
3046 5481 3168 5521 eam
3210 5484 3222 5519 :
3253 5466 3347 5535 qui
3387 5474 3573 5519 autem

2002 5560 2417 5632 particulariter
2474 5562 2595 5632 ejus
2649 5577 2837 5616 amore
2873 5560 3140 5630 deceptus
3177 5559 3354 5629 ipsum
3404 5558 3575 5611 fuerit

2003 5654 2366 5724 amplexatus,
2402 5670 2429 5709 a
2468 5654 2724 5709 manibus
2768 5655 2889 5725 ejus
2930 5668 3041 5709 non
3089 5658 3272 5722 potest
3314 5649 3572 5713 evadere,
