4102 6538
544 425 647 488 839

1907 420 1969 479 S.
2009 415 2255 476 ISAACI
2295 419 2466 480 SYBI

2999 477 3012 501 ι
3698 433 3808 496 840

550 537 730 591 donec
760 532 963 604 spoliet
988 547 1115 587 eum
1149 532 1262 586 vita
1302 546 1402 586 sua
1437 547 1450 584 :
1485 540 1696 594 etcum
1731 530 2133 600 exspoliaverit
2159 533 2205 588 Α
2235 546 2458 602 quoque
2491 535 2624 599 vita,
2659 552 2760 605 pro
2787 553 2958 607 opere
2995 552 3091 598 tuo
3122 543 3612 612 repromissionem
3641 564 3825 605 meam

548 625 830 686 omnibus,
867 623 1055 694 ejiciet
1087 638 1215 677 eum
1243 638 1273 676 a
1311 621 1478 676 domo
1505 637 1628 686 sua,
1657 632 1714 677 et
1743 624 1798 677 in
1829 623 1919 677 die
1940 623 2131 677 obitus

547 718 633 773 sui
663 717 830 770 homo
868 714 1153 785 cognoscit
1181 728 1308 767 eum
1334 713 1466 784 (28).
1491 712 1726 779 Quando
1751 729 1884 769 vero
1915 713 2131 768 laborat

546 809 678 880 quis
735 807 889 861 exire
954 805 1023 860 de
1073 803 1283 859 mundo
1333 805 1460 870 isto,
1505 804 1754 875 quandiu
1821 805 2132 860 absconsus

549 908 634 956 est
667 899 724 954 in
756 899 898 968 ipso,
946 912 1060 951 non
1108 903 1290 966 potest
1320 896 1514 952 videre
1544 896 1922 952 connexiones
1953 898 2074 966 ejus
2112 914 2126 950 :

548 999 607 1044 et
651 990 732 1044 sic
776 1003 888 1042 non
939 987 1117 1042 solum
1155 986 1570 1056 condiscipulos
1595 1001 1728 1041 suos
1759 995 1818 1042 et
1871 986 2033 1051 filios,
2072 997 2132 1041 et

550 1082 678 1136 illos
705 1082 804 1150 qui
834 1080 1198 1151 colligantur,
1235 1080 1291 1134 in
1327 1079 1449 1148 ipso
1501 1079 1719 1134 detinet
1751 1079 1999 1143 mundo;
2031 1080 2128 1134 sed

546 1175 716 1230 etiam
769 1173 896 1229 illos
940 1173 1036 1242 qui
1089 1172 1381 1243 proprium
1438 1186 1548 1226 non
1604 1171 1830 1236 habent,
1888 1172 2125 1236 scilicet,

546 1266 859 1338 religiosos,
911 1265 1009 1335 qui
1060 1266 1182 1336 ejus
1228 1263 1457 1319 vincula
1509 1263 1862 1333 disrumpant
1907 1281 1920 1318 :
1966 1265 2010 1318 si
2073 1265 2129 1319 in

547 1374 720 1413 unum
761 1356 891 1412 facti
939 1366 1100 1411 erant
1149 1371 1316 1426 supra
1342 1370 1492 1418 eum,
1522 1355 1634 1425 jam
1669 1355 1865 1424 incipit
1891 1355 2128 1424 quibus-

546 1452 674 1506 dam
709 1450 889 1505 modis
915 1448 972 1503 in
1005 1447 1271 1518 operibus
1297 1447 1413 1502 suis
1437 1445 1631 1502 venari
1688 1461 1794 1500 nec
1817 1460 1929 1500 non
1957 1446 2127 1501 etiam

545 1543 898 1598 conculcare.

621 1634 685 1700 Q.
725 1631 870 1699 Quid
905 1630 1176 1686 faciemus
1205 1628 1449 1699 corpori,
1480 1626 1704 1697 quando
1731 1626 2044 1682 circumdat
2071 1625 2127 1680 id

547 1727 710 1780 dolor
735 1734 791 1779 et
821 1724 1088 1795 gravitas,
1127 1722 1257 1792 quia
1292 1721 1618 1776 conlaxatur
1657 1735 1782 1776 cum
1825 1735 1892 1774 eo
1927 1719 2127 1774 volun-

546 1829 626 1873 tas
658 1817 864 1888 prioris
917 1815 1272 1871 fortitudinis
1317 1813 1604 1868 desiderio
1631 1813 1789 1869 boni.
1827 1813 1894 1867 R.
1926 1812 2041 1867 Hoc
2068 1811 2128 1866 fit

2233 633 2290 677 et
2327 626 2722 682 ccrtitudinem
2777 630 3095 693 futurorum
3150 634 3425 691 bonorum
3474 639 3822 697 ostendam:

2235 720 2368 768 tunc
2388 717 2536 770 enim
2560 718 2812 775 invenies
2837 732 3126 788 aeternam,
3151 711 3276 780 cum
3298 729 3612 798 neglexeris
3637 731 3823 786 istam.

2231 802 2482 876 Cumque
2529 807 2767 864 interius
2813 811 3110 870 intraveris
3158 815 3214 870 in
3259 817 3578 888 hujusmodi
3608 836 3826 892 praepa-

2232 896 2530 964 rationem,
2570 908 2702 955 tunc
2725 912 3162 972 cpntemnentur
3193 907 3250 962 in
3290 911 3471 965 oculis
3497 911 3610 967 tuis
3632 915 3822 968 omnia

2231 1004 2354 1058 qua:
2383 991 2661 1048 laboriosa
2687 1002 2743 1048 et
2775 995 3101 1053 tribulantia
3131 1010 3485 1070 reputantur.
3521 1004 3660 1059 Nam
3685 1021 3820 1060 cum

2231 1096 2390 1135 mens
2436 1082 2512 1137 ita
2572 1083 2739 1138 fuerit
2781 1099 3112 1157 praeparata,
3147 1106 3262 1146 non
3313 1093 3483 1148 habet
3532 1107 3818 1152 certamen

2230 1187 2411 1242 neque
2458 1175 2875 1233 tribulationem
2921 1180 2979 1234 in
3038 1189 3290 1253 tempore
3328 1187 3564 1255 periculi
3596 1189 3814 1244 mortis.

2231 1264 2465 1335 Propter
2495 1269 2664 1336 quod,
2703 1286 2805 1340 pro
2840 1283 3017 1338 certo,
3059 1275 3168 1330 nisi
3195 1277 3457 1332 habuerit
3481 1279 3650 1335 homo
3685 1282 3818 1337 odio

2229 1358 2398 1412 vitam
2448 1376 2604 1415 suam
2652 1363 2708 1417 in
2759 1364 2865 1420 hoc
2921 1366 3132 1421 mundo
3182 1380 3412 1439 propter
3458 1371 3813 1429 affectionem

2231 1450 2436 1505 futurae
2472 1452 2620 1520 vitae,
2667 1455 3058 1513 tribulationes
3111 1475 3223 1514 non
3279 1462 3483 1530 poterit
3509 1466 3811 1521 sustinere.

2304 1543 2368 1610 Q.
2398 1544 2689 1611 Quomodo
2732 1558 2946 1604 resecat
2978 1551 3146 1605 homo
3177 1568 3411 1621 primam
3444 1557 3815 1612 consuetudi-

2229 1651 2380 1697 nem.
2431 1649 2488 1693 et
2534 1643 2809 1696 assuescit
2856 1642 3102 1712 seipsum
3156 1645 3211 1699 in
3247 1647 3384 1712 vita,
3444 1649 3702 1720 religioni
3757 1661 3815 1706 et

2229 1730 2505 1799 egestati?
2550 1732 2617 1787 ll.
2664 1732 2881 1804 Corpus
2934 1735 3125 1792 vivere
3171 1739 3290 1794 sine
3334 1742 3668 1798 necessariis
3697 1759 3814 1799 non

2231 1823 2539 1892 acquiescit
2575 1842 2588 1878 :
2626 1827 2722 1881 sed
2759 1827 2816 1880 in
2846 1839 3113 1898 quantum
3148 1832 3412 1900 possibile
3435 1844 3539 1898 est,
3570 1850 3729 1892 mens
3752 1853 3812 1893 se

543 1911 850 1972 multoties,
905 1924 1008 1980 pro
1054 1924 1145 1974 eo,
1195 1907 1345 1977 quod
1395 1905 1666 1961 medietas
1714 1921 1907 1960 eorum
1953 1905 2128 1960 exivit
2157 1890 2201 1946 Β
2231 1890 2404 1981 ipsam
2443 1930 2474 1969 a
2513 1890 2895 1986 voluptatibus
2921 1925 2978 1972 et
3013 1890 3314 1987 taxatione,
3341 1890 3589 1992 quand’iu
3621 1890 3812 1983 abhis

519 2013 666 2072 post
698 2004 894 2068 Deum,
935 2011 990 2058 et
1026 2001 1240 2071 reliqua
1268 2000 1538 2055 medietas
1570 2000 1840 2054 remansit
1871 1998 1928 2053 in
1963 2013 2124 2053 mun-

541 2095 646 2160 do;
701 2105 758 2149 et
805 2094 979 2150 corda
1026 2108 1222 2149 eorum
1266 2108 1378 2147 non
1429 2100 1560 2147 sunt
1605 2091 1674 2145 ab
1715 2091 1804 2144 his
1841 2107 1963 2161 quae
1992 2100 2124 2145 sunt

544 2186 653 2248 hic,
707 2197 986 2256 separata,
1032 2185 1131 2240 sed
1163 2185 1344 2240 divisa
1372 2194 1503 2240 sunt
1536 2200 1669 2250 sua;
1700 2194 1759 2239 et
1787 2184 2122 2255 quandoque

545 2280 854 2347 respiciunt
901 2287 1050 2345 ante,
1089 2286 1242 2332 retro
1282 2293 1418 2331 vero
1467 2275 1822 2346 quandoque.
1867 2275 1937 2330 Et
1978 2275 2124 2329 sicut

542 2383 644 2435 ego
681 2378 835 2438 puto,
888 2369 1014 2424 illos
1047 2369 1141 2438 qui
1175 2368 1364 2423 taliter
1389 2378 1518 2422 sunt
1543 2367 1707 2421 divisi
1737 2376 1795 2421 et
1820 2365 2122 2436 appropin-

542 2470 715 2529 quant
761 2461 892 2525 Deo,
941 2469 1133 2515 monet
1180 2459 1469 2528 Scriptura
1517 2458 1711 2513 dicens
1743 2476 1756 2512 :
1792 2459 1872 2512 Ne
1903 2459 2122 2513 accedas

543 2552 614 2604 ad
643 2551 811 2605 Deum
859 2554 916 2605 in
949 2551 1263 2622 duplicitate
1305 2550 1476 2603 cordis
1500 2550 1580 2614 ⁶¹;
1609 2551 1698 2603 sed
1751 2550 1820 2603 ad
1845 2548 1997 2603 illum
2038 2566 2124 2603 ac-

543 2646 685 2710 cede,
736 2647 870 2700 sicut
915 2647 1005 2716 qui
1057 2646 1287 2701 seminat
1331 2652 1382 2697 et
1433 2644 1674 2698 metit“.
1714 2644 1781 2698 Et
1830 2643 2122 2706 Dominus,

545 2736 656 2790 illis
707 2737 802 2805 qui
847 2736 1248 2791 abrenuntiant
1286 2734 1631 2805 imperfecte,
1667 2741 1722 2789 et
1755 2745 1887 2790 sunt
1931 2733 2120 2800 divisi,

542 2843 601 2886 et
657 2831 895 2885 redeunt
957 2839 1144 2885 mente
1205 2839 1510 2886 retrorsum
1570 2830 1865 2886 occasione
1904 2829 2123 2885 timoris

547 2930 992 2994 tribulationum,
1048 2928 1212 2993 scies,
1267 2927 1416 2998 quod
1466 2927 1713 2981 nondum
1765 2943 1795 2981 a
1839 2941 1898 2981 se
1938 2925 2125 2981 carnis

543 3021 882 3077 desiderium
930 3021 1272 3091 abjecerant,
1311 3036 1437 3074 cum
1486 3019 1726 3090 abjicere
1769 3019 1903 3074 illud
1946 3018 2124 3073 voluit

543 3130 573 3169 a
605 3113 889 3168 mentibus
927 3110 1276 3175 eorumdem,
1314 3110 1454 3165 dixit
1481 3110 1565 3165 eis
1597 3111 1829 3165 verbum
1859 3109 2125 3163 determi-

543 3216 736 3259 natum
780 3220 794 3257 Ξ

548 3295 767 3364 (Integet
822 3295 1162 3363 semetipsum
1185 3293 1270 3358 ”;
1325 3302 1388 3346 ut
1434 3293 1584 3346 sicut
1622 3290 1714 3344 ille
1749 3289 1844 3359 qui
1897 3299 2124 3360 paratus

545 3394 630 3440 est
666 3386 966 3446 ascendere
998 3399 1247 3451 crucem,
1283 3384 1516 3439 assumit
1543 3383 1600 3436 in
1633 3389 1820 3436 mente
1847 3397 1946 3435 sua
1978 3397 2127 3436 mor-

549 3475 618 3528 tis
649 3475 1021 3530 intentionem
1055 3489 1120 3529 ac
1144 3473 1225 3528 sic
1257 3472 1598 3544 egredietur,
1631 3472 1786 3527 velut
1811 3471 1977 3525 homo
2011 3487 2124 3525 non

546 3565 800 3634 cogitans
857 3563 1064 3619 habere
1103 3575 1320 3634 partem
1359 3563 1559 3618 iterum
1611 3562 1670 3616 in
1730 3563 1832 3618 hac
1862 3562 2014 3617 vita:
2053 3563 2125 3618 ita

546 3656 729 3709 facere
783 3654 973 3721 debet,
1025 3655 1122 3724 qui
1183 3653 1453 3724 perficere
1503 3651 1625 3706 vult
1676 3650 1957 3721 praedicta.
1990 3649 2124 3705 Nam

544 3763 681 3801 crux
719 3755 826 3812 est,
862 3747 930 3802 ad
971 3761 1190 3801 onmem
1238 3745 1656 3800 tribulationem
1701 3753 1891 3814 parata
1935 3743 2127 3798 volun-

546 3848 648 3894 tas.
684 3839 816 3901 Item
841 3833 974 3893 cum
1003 3837 1275 3893 Dominus
1313 3837 1499 3892 dicere
1555 3836 1755 3900 voluit,
1813 3851 1987 3905 quare
2020 3835 2126 3889 hoc

543 3939 714 3995 esset,
749 3931 891 3986 dixit
919 3949 932 3984 :
977 3929 1079 3996 Qui
1110 3929 1226 3984 vult
1257 3931 1430 3984 vivere
1457 3929 1512 3982 in
1539 3931 1633 3982 hoc
1679 3927 1899 3992 mundo,
1943 3926 2124 3996 perdet

544 4024 881 4093 semetipsum
923 4040 955 4076 a
1013 4039 1138 4076 vera
1177 4023 1307 4076 vita.
1357 4020 1458 4086 Qui
1523 4036 1648 4074 vero
1700 4019 1880 4089 perdel
1932 4029 2123 4072 semet—

544 4116 718 4184 ipsum
759 4123 973 4185 propter
1016 4131 1098 4167 me
1122 4116 1225 4178 hic,
1262 4113 1374 4167 illic
1403 4114 1630 4166 inveniet
1683 4112 2020 4181 semetipsum
2053 4111 2121 4169 “.

545 4205 602 4260 ld
625 4214 731 4270 est,
758 4207 851 4274 qui
882 4206 1081 4260 transit
1107 4221 1204 4275 per
1227 4206 1374 4259 viam
1404 4204 1610 4270 crucis,
1631 4211 1688 4258 et
1719 4202 1878 4272 ponit
1899 4218 2122 4273 gressus

545 4313 679 4352 suos
724 4297 778 4350 in
835 4297 974 4367 ipsa,
1006 4305 1062 4350 et
1094 4296 1261 4351 habet
1313 4296 1517 4350 iterum
1571 4293 2004 4350 sollicitudinem
2064 4294 2123 4348 in

546 4392 649 4446 hac
679 4391 812 4453 vita,
844 4389 1029 4461 perdit
1057 4405 1116 4445 se
1157 4389 1337 4460 ipsum
1368 4405 1398 4443 a
1431 4403 1547 4458 spe,
1581 4403 1683 4458 pro
1717 4402 1826 4457 qua
1866 4394 1927 4440 ut
1951 4386 2122 4441 susti-

544 4493 725 4545 neret,
755 4482 958 4546 exivit;
993 4482 1122 4551 quia
1153 4480 1475 4553 hujusmodi
1509 4479 1828 4536 sollicitudo
1858 4493 1970 4532 non
2004 4493 2122 4548 per-

2226 2021 2349 2074 quze
2399 2007 2728 2064 laxationem
2781 2021 3088 2080 operantur
3133 2014 3296 2086 longe
3343 2017 3631 2073 censistat.
3669 2020 3809 2074 Nam

2226 2099 2450 2167 quando
2487 2101 2638 2156 videt
2665 2103 2932 2159 materias
2961 2121 3150 2160 rerum
3179 2107 3501 2178 voluptatis,
3531 2110 3812 2167 excitatur

2227 2190 2281 2244 in
2316 2207 2380 2246 ea
2413 2195 2872 2264 concupiscentia
2919 2213 3045 2252 cum
3092 2199 3313 2271 fervore
3345 2219 3359 2256 :
3387 2212 3615 2272 propter
3657 2206 3809 2274 quod

2226 2281 2482 2338 Salvator
2517 2286 2778 2354 sequenti
2805 2301 2956 2351 eum,
2997 2288 3227 2358 spoliari
3257 2290 3544 2346 mandavit
3567 2300 3623 2346 et
3655 2295 3812 2349 exire

2224 2373 2293 2428 de
2323 2375 2553 2439 mundo,
2609 2378 2740 2446 quia
2773 2388 2998 2448 oportet
3022 2379 3305 2434 hominem
3341 2381 3637 2437 laxationis
3677 2400 3812 2439 cau-

2224 2483 2313 2521 sas
2372 2467 2474 2537 15
2525 2469 2767 2539 abjicere
2809 2487 2839 2524 a
2877 2472 3081 2541 seipso,
3130 2480 3184 2527 et
3230 2472 3313 2526 sic
3359 2477 3810 2545 appropinquare

2224 2556 2423 2610 labori.
2457 2557 2528 2612 Et
2562 2557 2681 2628 ipse
2727 2574 2947 2630 quoque
2999 2561 3289 2624 Dominus,
3329 2548 3555 2630 quando
3594 2562 3810 2634 incepit

2224 2665 2470 2720 pugnare
2505 2667 2631 2706 cum
2674 2652 2918 2716 diabolo,
2944 2652 3123 2722 ipsum
3160 2653 3214 2707 in
3246 2653 3468 2709 deserto
3497 2657 3810 2712 siccissimo

2223 2743 2584 2813 expugnavit.
2629 2745 2697 2798 Et
2748 2744 2954 2798 Paulus
3008 2745 3176 2799 etiam
3225 2745 3488 2801 admonet
3541 2748 3808 2803 tollentes

2224 2849 2448 2890 crucem
2501 2834 2736 2901 Christi,
2772 2837 2925 2891 exire
2965 2836 3034 2892 de
3077 2837 3327 2902 civitate,
3373 2838 3563 2894 dicens
3595 2858 3608 2893 :
3639 2839 3809 2911 Egre-

2224 2925 2438 2979 diamur
2473 2943 2591 2980 cum
2641 2943 2724 2992 eo,
2771 2936 2821 2981 et
2847 2945 3179 2984 assumamus
3211 2930 3552 3000 opprobrium
3591 2932 3706 3002 ejus
3733 2931 3806 2986 ".

2224 3016 2364 3083 Quia
2397 3015 2656 3072 Christus
2701 3026 2855 3073 extra
2903 3019 3182 3075 civitatem
3215 3036 3410 3090 passus
3451 3030 3558 3086 est,
3589 3036 3690 3092 per
3716 3037 3809 3077 se-

2223 3107 2602 3178 gregationem
2642 3110 2834 3164 mundi
2892 3119 2948 3165 et
2992 3127 3188 3166 eorum
3215 3128 3337 3182 qua:
3369 3128 3465 3168 sua
3502 3122 3654 3168 sunt.
3677 3113 3809 3169 Cito

850 3201 1160 3272 Quicunque
1213 3200 1326 3255 vult
1391 3208 1506 3271 post
1571 3217 1654 3254 me
1703 3202 1916 3264 venire,
1975 3201 2122 3270 prius
2140 3223 2194 3285 .C
2225 3199 2352 3267 quis
2383 3199 2552 3254 tradit
2583 3200 2850 3256 oblivioni
2869 3202 3105 3270 primam
3129 3204 3591 3259 consuetudinem
3621 3219 3805 3269 suam,

2228 3307 2333 3345 nec
2373 3291 2589 3347 laboret
2624 3291 2682 3346 in
2722 3293 2810 3349 his
2840 3303 3089 3365 tempore
3123 3296 3339 3350 multo?
3367 3295 3475 3350 Pro
3509 3297 3808 3366 iniquitate

2226 3396 2360 3434 vero
2393 3381 2584 3436 mundi
2623 3391 2680 3436 et
2717 3397 2904 3437 rerum
2931 3385 3070 3454 ejus,
3099 3399 3257 3440 mens
3281 3400 3311 3438 a
3338 3384 3665 3440 fortitudine
3703 3402 3808 3441 sua

2225 3474 2557 3542 quantocius
2607 3475 2909 3529 relaxatur.
2961 3476 3199 3546 Expedit
3228 3492 3466 3547 namque
3505 3479 3805 3542 monacho,

2224 3564 2375 3635 quod
2405 3565 2460 3618 in
2504 3565 2610 3619 hoc
2645 3566 2951 3620 certamine
2982 3567 3154 3632 vivat,
3193 3577 3254 3622 ut
3286 3569 3358 3623 sit
3382 3569 3440 3624 in
3472 3570 3806 3629 necessitate

2225 3667 2282 3711 et
2310 3656 2492 3726 inopia
2527 3665 2707 3712 status
2733 3658 2886 3712 cella:
2915 3659 3198 3727 monachi,
3232 3669 3289 3716 et
3322 3672 3381 3717 ut
3409 3662 3481 3716 sit
3507 3662 3646 3717 cella
3681 3663 3808 3733 ejus

2223 3763 2420 3813 vacua,
2446 3757 2503 3802 et
2539 3748 2608 3803 ab
2633 3749 2895 3804 omnibus
2920 3751 3093 3806 otiosa
3134 3768 3256 3822 quae
3284 3753 3622 3808 desiderium
3645 3757 3812 3825 quie-

2228 3842 2298 3893 tis
2324 3847 2550 3894 movent
2577 3838 2634 3893 in
2665 3837 2808 3909 ipso.
2857 3839 2996 3896 Cum
3041 3858 3224 3900 causa;
3252 3845 3611 3900 relaxationis
3637 3845 3809 3917 longe

2224 3939 2355 3983 sunt
2404 3928 2472 3982 ab
2521 3928 2769 3994 homine,
2805 3945 2914 3984 non
2942 3929 3294 4000 periclitatur
3319 3932 3380 3986 in
3415 3932 3620 4003 duplici
3654 3948 3806 4003 pra:-

2224 4020 2329 4085 lio,
2367 4018 2619 4074 interiori
2663 4028 2723 4075 et
2772 4020 3059 4074 exteriori.
3107 4020 3243 4075 Nam
3276 4021 3498 4092 quando
3522 4023 3690 4077 homo
3718 4033 3808 4078 est

2225 4129 2395 4184 egens
2427 4113 2744 4169 necessaria
2771 4114 3012 4168 utilitate
3044 4114 3388 4170 tabernaculi
3439 4117 3550 4181 sui,
3577 4124 3712 4171 tunc
3747 4128 3808 4172 et

2223 4206 2438 4262 utilitas
2491 4207 2612 4276 ejus
2661 4204 2722 4259 ﬁt
2766 4206 3227 4276 contemptibilis,
3275 4222 3380 4262 nec
3435 4206 3493 4261 in
3552 4215 3806 4278 tempore

2222 4297 2572 4354 necessitatis
2605 4311 2731 4351 cum
2761 4296 3042 4353 desiderio
3067 4297 3220 4352 videt
3257 4297 3466 4365 cibum,
3499 4309 3557 4354 et
3581 4300 3806 4355 modico

2223 4389 2468 4462 quodam
2516 4388 2649 4444 facit
2698 4404 2902 4461 corpus
2972 4405 3096 4445 esse
3156 4398 3504 4455 contentum,
3555 4399 3614 4446 et
3663 4391 3804 4447 illud

2224 4483 2392 4537 etiam
2439 4488 2700 4550 tanquam
2746 4479 3164 4549 contemptibile
3212 4480 3380 4544 videt,
3433 4495 3535 4535 nec
3575 4490 3806 4551 propter

545 4577 717 4632 mittit
775 4592 900 4630 eum
965 4576 1415 4645 appropinquare
1473 4571 1929 4626 tribulationibus
1998 4585 2120 4640 quae
2154 4563 2195 4619 υ
2223 4572 2647 4628 delectationem
2702 4572 2813 4628 cibi
2859 4571 3121 4635 comedit,
3167 4571 3264 4627 sed
3307 4581 3368 4628 ut
3400 4582 3654 4628 naturam
3681 4583 3806 4628 tan-

545 4668 891 4723 sustinentur
942 4683 1044 4737 pro
1113 4668 1267 4732 Deo;
1314 4666 1409 4721 sed
1455 4673 1683 4735 propter
1711 4678 1922 4717 moram
1958 4677 2123 4733 quam

545 4762 720 4816 trahit
772 4760 828 4815 in
876 4759 1091 4823 eadem,
1155 4758 1324 4814 trahit
1358 4759 1538 4828 ipsum
1577 4754 1893 4810 sollicitudo
1942 4754 2129 4810 modi-

546 4870 694 4918 cum,
728 4863 783 4908 et
811 4854 1004 4908 educit
1031 4867 1158 4907 eum
1192 4866 1221 4905 a
1257 4849 1563 4906 certamine
1588 4848 1714 4902 vitae
1739 4846 2122 4901 beatitudinis.

545 4947 614 5000 Et
655 4955 890 5016 augetur
935 4946 990 4999 in
1039 4944 1158 5014 ipso
1211 4943 1266 4997 in
1323 4948 1537 4996 tantum
1570 4940 1687 4994 haec
1727 4938 2009 5010 cogitatio,
2064 4948 2128 4994 nt

546 5045 772 5107 superet
793 5054 913 5092 eam
939 5055 954 5104 ς
1003 5044 1058 5091 et
1088 5054 1100 5090 :
1136 5035 1238 5101 Qui
1264 5033 1431 5105 perdit
1464 5035 1700 5087 animam
1730 5048 1884 5085 suam
1908 5039 2121 5103 propter

547 5145 629 5183 me
667 5129 722 5182 in
771 5118 955 5183 mente
1001 5142 1119 5193 sua,
1160 5143 1222 5180 ac
1253 5133 1468 5198 propter
1513 5123 1848 5177 dilectionem
1899 5139 2119 5178 meam:

547 5219 628 5272 hic
671 5219 725 5272 in
776 5219 941 5271 vitam
965 5226 1222 5272 aeternam
1258 5217 1465 5271 illaesus
1505 5222 1562 5270 et
1599 5215 1868 5268 innocens
1893 5215 2124 5267 custodi-

547 5319 652 5365 tur.
687 5310 780 5364 Hic
819 5313 959 5366 enim
991 5313 1079 5383 qui
1110 5312 1279 5384 perdit
1309 5311 1549 5366 animum
1593 5327 1748 5364 suam
1777 5319 1994 5381 propter
2017 5328 2117 5378 me,

547 5401 771 5456 inveniet
798 5417 914 5456 eam
944 5403 1226 5474 deinceps.
1254 5404 1396 5474 Ergo
1427 5417 1678 5473 praepara
1707 5402 1946 5456 animam
1973 5412 2120 5457 tuam

547 5494 615 5548 ad
650 5495 1169 5553 exterminationem
1218 5513 1286 5552 ex
1335 5496 1436 5550 hac
1472 5495 1584 5548 vita
1615 5494 1860 5562 totalem,
1890 5502 1946 5549 et
1978 5496 2123 5550 sicut

550 5587 866 5656 repromisi,
911 5589 1055 5644 dabo
1109 5589 1209 5646 tibi
1260 5589 1429 5642 vitam
1472 5593 1774 5652 aeternam;
1830 5595 1887 5642 et
1924 5585 1978 5639 in
2021 5587 2123 5640 hac

616 5725 660 5758 “
703 5727 869 5785 Eccli.
910 5746 948 5795 ι,
983 5729 1072 5785 56.
1146 5730 1191 5762 δ’
1220 5728 1391 5785 Eccli.
1436 5743 1509 5793 v1,
1541 5725 1628 5782 l9.

1705 5727 1750 5761 ⁸³
1776 5729 1969 5784 Matth.
2004 5745 2110 5790 xvi,
2136 5728 2226 5782 24.

2223 4675 2338 4720 tum
2365 4673 2638 4720 sustentet
2660 4681 2724 4721 ac
2743 4662 3039 4720 confortet.
3089 4661 3424 4720 Occasiones
3452 4665 3603 4719 enim
3631 4665 3807 4736 hujus

2219 4759 2344 4813 vita:
2370 4759 2482 4813 cito
2516 4757 2911 4812 transformant
2933 4756 3215 4812 hominem
3237 4755 3307 4811 ad
3329 4757 3656 4828 religionem
3680 4759 3807 4813 sine

2221 4849 2586 4905 tribulatione
2636 4863 2700 4903 ac
2751 4846 2982 4902 tristitia
3034 4856 3288 4900 mentes:
3337 4846 3561 4916 expedit
3613 4857 3804 4903 autem

2221 4938 2494 4994 monacho
2554 4937 2874 4991 nullatenus
2928 4935 3279 4990 commisceri
3344 4936 3807 5007 impugnantibus

2223 5047 2372 5093 cum,
2409 5029 2504 5084 sed
2555 5029 2624 5082 ab
2670 5027 2993 5083 eorumdem
3041 5027 3357 5097 aspectibus
3391 5028 3701 5096 abstinere,
3747 5037 3809 5085 et

2223 5125 2478 5192 elongare
2526 5135 2585 5175 se
2630 5135 2661 5172 a
2718 5117 3134 5189 propinquitate
3177 5117 3501 5172 earumdem
3542 5137 3558 5173 :
3593 5129 3649 5174 et
3699 5120 3809 5176 hoc

2224 5213 2349 5267 dico
2383 5228 2492 5266 non
2523 5212 2700 5266 solum
2729 5226 2828 5281 pro
2851 5218 3062 5273 ventre,
3091 5210 3186 5265 sed
3214 5211 3378 5266 etiam
3403 5225 3502 5281 pro
3535 5212 3810 5268 omnibus

2223 5306 2281 5361 in
2331 5304 2536 5375 quibus
2570 5302 2918 5359 examinatur
2947 5311 3004 5358 et
3028 5303 3296 5374 probatur
3323 5303 3557 5357 libertas
3608 5319 3810 5359 mona-

2221 5398 2473 5454 chorum.

2294 5488 2527 5557 Quando
2552 5488 2720 5544 homo
2757 5486 2973 5543 accedit
3000 5485 3067 5541 ad
3103 5487 3299 5550 Deum,
3331 5483 3513 5540 fcedus
3542 5485 3649 5540 init
3680 5502 3811 5541 cum

2227 5587 2335 5641 Deo
2373 5584 2440 5639 de
2473 5583 2560 5638 his
2592 5581 2851 5638 omnibus
2877 5580 3178 5643 abstinere,
3211 5593 3333 5648 quat
3379 5587 3509 5634 sunt
3535 5579 3629 5635 hic
3655 5596 3670 5634 :
3696 5595 3810 5634 non

2305 5729 2527 5784 “Joan.
2563 5745 2655 5794 xu,
2680 5726 2770 5782 25.
2847 5725 2892 5758 ⁸⁵
2926 5723 3093 5781 llebr.
3133 5739 3247 5789 xm,
3285 5721 3370 5777 15.

624 5841 736 5915 (‘28)
767 5843 932 5915 Cogn.
962 5863 1101 5900 eum.
1141 5844 1405 5900 Mundnm
1455 5842 1686 5909 scilicet,
1729 5843 1796 5900 de
1835 5861 1942 5914 quo
1975 5843 2140 5914 paulo
2179 5852 2325 5898 ante.
