4102 6574
286 479 388 546 841

1320 473 1551 534 LIBER
1594 470 1693 532 DE
1731 466 2187 531 CONTEMP‘I‘U
2228 466 2503 527 MUNDI.

3458 458 3566 525 842

288 590 481 648 videre
535 584 735 643 faciem
771 581 1029 639 mulieris
1050 621 1066 647 ,
1120 596 1225 637 nec
1282 582 1567 652 respicere
1600 580 1875 635 formosa-
1907 586 1950 640 Α
1980 575 2089 629 cati
2119 584 2176 630 et
2210 574 2684 645 concupiscentiae
2742 574 2963 630 initium
3016 583 3123 640 est,
3154 573 3314 630 labor
3340 575 3564 647 jejunii,

288 699 413 741 rum
467 687 751 751 aspectus,
809 692 916 733 nec
955 675 1357 747 concupiscere
1409 674 1741 745 quidquam,
1788 668 1877 725 vel

287 773 531 849 epulari.
552 772 641 828 vel
676 778 940 826 ornatum
990 769 1046 823 in
1076 768 1330 823 vestibus
1356 784 1371 820 :
1403 782 1516 822 non
1551 764 1745 819 videre
1776 775 1881 817 nec

291 868 573 937 respicere
600 862 891 918 hominum
934 860 1288 915 saecularium
1322 858 1645 930 dignitates.
1681 868 1879 910 eorum

288 958 462 1012 verba
494 968 785 1025 nunquam
817 952 1017 1007 audire
1038 992 1053 1016 ,
1087 964 1193 1005 nec
1227 966 1295 1006 ea
1346 965 1472 1020 qua:
1501 958 1634 1004 sunt
1677 946 1747 1001 de
1776 945 1879 1001 eis.

290 1050 433 1118 Quia
466 1048 673 1102 multas
696 1045 848 1100 vires
876 1045 1181 1115 acquirunt
1217 1042 1351 1097 vitia
1375 1042 1443 1097 de
1467 1039 1883 1112 propinquitate

289 1143 566 1213 ipsorum,
596 1138 903 1195 laxantium
932 1146 989 1191 et
1010 1135 1370 1190 alterantium
1403 1135 1627 1188 athleta:
1660 1130 1883 1201 sapien-

292 1237 429 1292 tiam
461 1244 520 1291 et
556 1233 912 1305 prepositum
943 1231 1087 1302 ejus.
1132 1231 1198 1285 Et
1228 1231 1274 1285 si
1300 1238 1560 1299 aspectus
1602 1227 1880 1281 honorum

290 1337 483 1385 movet
516 1325 814 1382 arbitrium
846 1326 1027 1381 zelum
1054 1323 1334 1384 habentis,
1361 1330 1423 1376 ut
1456 1320 1764 1374 inclinetur
1811 1315 1880 1371 ad

290 1422 680 1493 operationem
709 1434 943 1484 eorum,
980 1417 1337 1472 manifestum
1378 1424 1465 1470 est
1512 1412 1665 1484 quod
1713 1426 1880 1481 aspe—

290 1524 419 1572 ctus
453 1512 865 1569 contrariorum
890 1511 1195 1582 potentiam
1218 1509 1388 1564 habet
1420 1505 1737 1577 captivandi
1764 1504 1885 1559 ani-

293 1622 449 1663 mum
485 1604 555 1661 ad
580 1605 848 1677 seipsum.
896 1603 965 1658 Et
1004 1601 1287 1656 interdum
1320 1598 1588 1669 plus-fiat
1631 1595 1884 1651 solitario

291 1698 364 1753 ad
393 1696 850 1758 infrenationem,
884 1708 1011 1749 cum
1068 1690 1326 1761 praelium
1374 1688 1592 1743 inducit
1635 1701 1787 1741 eum.
1816 1685 1886 1739 Et

294 1791 425 1847 ideo
450 1790 676 1860 quidam
710 1789 779 1844 de
813 1785 1189 1843 certatoribus
1231 1783 1462 1839 senibus
1503 1779 1779 1851 religiosis
1801 1778 1886 1833 vi-

295 1882 439 1937 dens
457 1880 756 1951 quemdam
793 1875 1100 1931 imberbem
1132 1874 1374 1929 similem
1411 1870 1768 1933 mulieribus,
1796 1884 1882 1924 re-

1983 668 2221 723 maxime
2258 669 2625 738 pugnantium
2659 676 2855 722 contra
2906 677 3195 737 peccatum
3224 667 3374 738 quod
3420 668 3564 724 intra
3614 700 3621 705 ι

1980 774 2084 815 nos
2107 768 2212 815 est.
2248 759 2481 831 Signum
2515 775 2739 831 quoque
2770 760 2884 815 odii
2918 769 3112 815 contra
3147 770 3459 829 peccatum,
3509 772 3565 817 et

1980 850 2488 922 concupiscentiam
2502 852 2641 921 ejus,
2663 859 2893 922 apparet
2906 867 2973 905 ex
2991 851 3097 907 hoc
3122 852 3179 909 in
3196 852 3569 910 certatoribus

1981 943 2280 999 invisibilis
2300 944 2689 1016 hujuspugnm,
2711 945 2755 999 si
2778 960 2903 999 cum
2935 944 3148 1016 jejunio
3169 944 3369 1015 vigiliae
3384 947 3571 1003 noctis

1979 1044 2374 1105 cooperantur.
2419 1034 2748 1105 Quicunque
2803 1044 2987 1090 autem
3036 1051 3136 1105 per
3177 1044 3346 1091 totam
3395 1038 3566 1093 vitam

1980 1142 2136 1182 suam
2161 1128 2479 1183 societatem
2508 1128 2673 1199 hujus
2700 1128 2945 1200 conjugii
2972 1127 3169 1200 diligit,
3200 1128 3291 1185 hic
3323 1130 3571 1186 ﬁtcasti—

1982 1223 2113 1278 tatis
2138 1223 2369 1278 amicus.
2397 1222 2554 1278 Sicut
2577 1224 2726 1279 enim
2758 1225 2917 1293 quies
2947 1226 3159 1281 ventris
3187 1225 3411 1281 initium
3450 1243 3571 1282 om-

1982 1315 2133 1371 nium
2165 1315 2436 1370 malorum
2466 1326 2571 1381 est,
2609 1326 2664 1371 et
2704 1317 2910 1372 laxatio
2937 1319 3117 1373 somni
3152 1334 3274 1389 qua:
3311 1320 3570 1376 accendit

1982 1406 2216 1461 luxuriae
2262 1407 2797 1478 concupiscentiam,
2852 1409 2925 1464 ita
2976 1410 3066 1465 via
3120 1411 3218 1467 Dei
3271 1422 3463 1468 sancta
3512 1424 3569 1469 et

1986 1499 2171 1554 omnis
2200 1500 2426 1555 virtutis
2462 1500 2887 1557 fundamentum
2911 1502 3188 1574 jejunium
3218 1515 3305 1560 est
3334 1522 3398 1561 ac
3430 1508 3571 1578 vigi-

1983 1592 2153 1647 lantia
2185 1594 2240 1647 in
2267 1594 2495 1648 servitio
2530 1594 2649 1653 Dei.
2683 1596 2739 1648 in
2772 1596 3137 1653 crucifixione
3177 1600 3433 1669 corporis
3464 1617 3564 1671 per

1987 1694 2154 1741 totam
2190 1696 2410 1741 noctem
2436 1694 2630 1741 contra
2653 1687 3016 1743 dulcedinem
3040 1690 3244 1745 somni.

2054 1775 2336 1848 Jejunium
2364 1779 2637 1848 protectio
2658 1791 2745 1834 est
2774 1781 2956 1836 omnis
2977 1781 3224 1845 virtutis,
3261 1792 3319 1839 et
3344 1783 3569 1839 initium

1986 1870 2325 1935 certaminis,
2350 1878 2406 1927 et
2438 1886 2642 1927 corona
2661 1873 3092 1941 continentium,
3124 1884 3181 1930 et
3210 1877 3570 1946 pulchritudo

297 1971 517 2044 putavit
546 1970 656 2025 hoc
680 1967 943 2022 nocivum
972 1965 1146 2021 menti
1177 1980 1313 2029 suae,
1346 1971 1516 2034 atque
1553 1962 1881 2016 damnosum
1915 1960 1962 2022 Β
1989 1959 2330 2031 virginitatis
2359 1971 2413 2016 et
2445 1962 2781 2028 sanctitatis,
2814 1973 2870 2020 et
2895 1965 3162 2036 splendor
3188 1969 3481 2033 castitatis,
3512 1978 3573 2025 et

299 2066 353 2120 in
394 2077 578 2133 pugna
619 2076 741 2116 sua.
766 2059 905 2127 Quis
955 2058 1110 2113 enim
1148 2060 1361 2127 poterit
1410 2072 1469 2111 se
1535 2055 1790 2125 ingerere
1827 2051 1882 2106 in

295 2155 422 2210 aliis
477 2153 855 2216 confidenter,
898 2160 1194 2221 postquam
1235 2157 1463 2204 sanctus
1505 2148 1609 2202 iste
1638 2162 1752 2201 non
1790 2160 1885 2200 ac-

294 2247 542 2318 ceptavit
572 2246 806 2311 intrare,
826 2251 885 2299 ut
906 2244 1176 2299 salutaret
1202 2241 1433 2296 fratrem
1454 2241 1656 2295 illum?
1685 2240 1887 2295 Decre-

299 2340 375 2395 vit
402 2338 557 2394 enim
591 2336 900 2409 prudenter
942 2334 1036 2390 ille
1086 2348 1255 2389 senex
1293 2351 1306 2387 :
1339 2331 1479 2400 Quia
1506 2372 1519 2397 ,
1558 2331 1782 2402 inquit,
1836 2330 1884 2386 si

297 2434 617 2502 cogitavere
667 2429 771 2484 hac
804 2438 972 2485 nocte
1004 2436 1251 2494 tantum,
1287 2427 1438 2498 quod
1489 2427 1581 2482 hic
1625 2428 1701 2481 sit
1738 2426 1883 2502 talis,

302 2522 396 2577 fiet
444 2520 581 2574 mihi
630 2520 852 2591 jactura
886 2534 997 2573 non
1030 2533 1225 2589 parva.
1286 2518 1522 2588 Propter
1558 2516 1706 2587 quod
1746 2518 1887 2572 dixit

296 2614 421 2667 aliis
449 2630 463 2667 :
493 2614 608 2685 Ego
638 2613 888 2683 quidem,
938 2612 1061 2677 filii,
1100 2628 1211 2667 non
1267 2612 1469 2676 timeo;
1503 2621 1887 2667 verumtamen

296 2724 397 2765 cur
426 2708 551 2763 volo
586 2708 723 2763 mihi
770 2708 1035 2763 inducere
1080 2723 1320 2779 pugnam
1368 2706 1424 2761 in
1453 2710 1703 2762 vanum?
1750 2707 1886 2762 Nam

299 2802 615 2858 recordatio
656 2802 852 2857 talium
887 2800 1290 2856 infructuosam
1325 2800 1462 2855 facit
1492 2799 1667 2855 menti
1706 2800 1887 2855 tribu-

299 2891 584 2947 lationem.
636 2890 719 2946 Ad
771 2890 1214 2962 unumquodque
1265 2890 1578 2945 membrum
1631 2891 1888 2960 corporis

300 2985 471 3041 habet
491 3000 733 3057 pugnam
758 2985 947 3051 homo,
982 2992 1041 3041 et
1081 2985 1249 3040 debet
1278 2983 1563 3038 custodire
1587 2998 1645 3037 se
1682 2983 1885 3053 ipsum,

298 3088 354 3134 et
390 3078 678 3134 dimittere
708 3093 949 3149 pugnam
984 3077 1040 3131 in
1067 3077 1223 3147 ipsis,
1268 3085 1531 3147 tanquam
1571 3076 1616 3130 si
1645 3078 1757 3147 jam
1788 3092 1888 3146 ap-

299 3171 736 3241 propinquasset
787 3186 802 3223 :
851 3178 908 3223 et
967 3185 1283 3239 quanquam
1344 3170 1512 3223 homo
1558 3169 1665 3224 sibi
1723 3169 1890 3224 faciat

299 3262 624 3318 violentiam
668 3260 737 3315 ad
770 3261 1002 3325 bonum,
1038 3270 1223 3316 tamen
1266 3262 1617 3332 periclitatur
1641 3261 1888 3317 videndo

303 3450 493 3505 multa:
539 3458 671 3504 sunt
706 3447 761 3501 in
794 3454 944 3502 terra
984 3456 1279 3511 contectze,
1322 3452 1379 3501 et
1415 3446 1471 3499 in
1494 3454 1689 3501 aestate
1727 3462 1891 3500 nemo

298 3540 590 3613 cognoscit
618 3556 714 3595 eas
744 3550 971 3610 propter
998 3548 1193 3594 aestum
1230 3556 1244 3604 ;
1276 3554 1403 3593 cum
1434 3554 1501 3592 au
1514 3546 1623 3593 tem
1654 3554 1722 3593 ex
1747 3554 1889 3609 aqua

299 3634 512 3691 fuerint
538 3635 890 3697 hun‘tectatae,
929 3648 994 3687 ac
1040 3640 1421 3703 perceperunt
1451 3632 1714 3686 virtutem
1741 3630 1899 3686 aerei

300 3726 545 3798 frigoris,
585 3732 719 3780 tunc
746 3732 982 3795 apparet
1013 3723 1277 3793 quaelibet
1310 3722 1559 3789 illarum,
1592 3730 1649 3777 et
1671 3731 1893 3792 spectes

300 3818 396 3874 ubi
426 3817 609 3872 fuerat
653 3817 709 3870 in
756 3823 906 3870 terra
958 3814 1175 3885 sepulta
1212 3832 1225 3867 :
1274 3814 1349 3869 ita
1377 3823 1433 3869 et
1468 3814 1636 3868 homo
1667 3813 1892 3885 quando

298 3919 385 3967 est
409 3910 465 3965 in
494 3910 669 3981 gratia
709 3907 1131 3979 tranquillitatis
1164 3914 1223 3962 et
1251 3906 1469 3962 fervore
1516 3907 1889 3973 abstinentiae,

301 4005 542 4075 quiescit
566 4020 597 4058 a
629 4002 822 4057 multis
860 4001 1036 4068 vitiis;
1072 4000 1169 4056 sed
1205 4016 1333 4055 cum
1371 4000 1439 4054 ad
1473 4001 1768 4055 saeculares
1796 4015 1892 4055 ac-

301 4098 472 4161 cedit,
509 4106 645 4152 tunc
670 4095 824 4150 videt
849 4094 1136 4166 quomodo
1170 4093 1466 4165 quodlibet
1509 4092 1704 4147 vitium
1744 4094 1895 4147 exci-

305 4200 476 4252 tatur,
518 4198 576 4245 et
606 4189 866 4245 sublevat
904 4196 1073 4259 caput
1105 4203 1293 4254 suum,
1323 4186 1565 4242 maxime
1595 4202 1721 4243 cum
1754 4187 1892 4242 odo—

302 4284 513 4340 raverit
538 4282 746 4354 quietis
776 4282 1033 4337 odorem.

373 4377 502 4433 Haec
527 4383 714 4430 autem
730 4375 866 4441 dixi,
896 4391 965 4429 ne
994 4373 1120 4444 quis
1145 4373 1391 4429 confidat
1420 4374 1479 4429 in
1502 4388 1742 4444 corpore
1766 4386 1891 4440 suo,

301 4462 553 4541 quandiu
592 4467 751 4531 vivit,
802 4466 982 4522 donec
1037 4467 1345 4531 moriatur,
1376 4476 1433 4521 et
1491 4476 1551 4520 ut
1601 4465 1891 4521 ostendam

302 4570 575 4631 quantum
610 4559 736 4630 fuga
773 4573 1142 4628 recessusque
1174 4558 1421 4630 longnsa
1465 4558 1668 4613 seculo
1696 4559 1894 4630 juvant

1988 2053 2329 2125 principium
2362 2055 2465 2111 vim
2499 2056 2947 2123 Christianitatis,
2982 2068 3038 2115 et
3067 2070 3245 2116 mater
3276 2064 3569 2127 orationis,

1986 2154 2042 2199 et
2074 2145 2199 2202 fons
2238 2147 2549 2217 sapientiae,
2579 2161 2636 2204 et
2668 2151 2930 2221 magister
2958 2154 3400 2224 tranquillitatis,
3449 2172 3573 2226 qua:

1987 2240 2256 2308 praacedit
2302 2242 2486 2296 omnia
2512 2242 2679 2297 bona.
2712 2243 2869 2299 Sicut
2897 2246 3148 2302 imitatur
3177 2263 3348 2304 sanus
3377 2251 3574 2306 oculus

1988 2330 2335 2387 desiderium
2366 2335 2544 2401 lucis,
2573 2336 2646 2390 ita
2674 2338 2929 2407 sequitur
2964 2340 3237 2411 jejunium
3274 2342 3573 2411 quodcum

1987 2423 2325 2482 discretione
2387 2428 2468 2489 fit,
2523 2429 2867 2485 desiderium
2920 2433 3210 2490 orationis.
3266 2434 3404 2490 Cum
3449 2437 3576 2506 quis

1988 2520 2223 2590 coeperit
2251 2521 2523 2593 jejunare,
2543 2539 2609 2577 ex
2630 2524 2756 2589 hoc,
2785 2526 3126 2582 desiderium
3149 2528 3352 2599 alloqui
3378 2531 3574 2593 Deum,

1988 2620 2045 2667 et
2069 2614 2363 2682 pervenire
2390 2615 2457 2669 ad
2489 2631 2615 2670 eum
2644 2617 2840 2687 incipit
2868 2621 2921 2673 in
2953 2631 3138 2679 mente
3162 2637 3282 2679 sua.
3313 2623 3578 2694 Jejunans

1988 2719 2192 2775 corpus
2222 2721 2331 2760 non
2366 2717 2651 2776 exspectat
2689 2708 2744 2763 in
2778 2710 2922 2765 lecto
2956 2728 3059 2766 suo
3089 2723 3149 2768 ut
3177 2714 3416 2770 dormiat
3462 2725 3577 2771 tota

1989 2805 2153 2850 nocte
2185 2812 2198 2849 :
2233 2811 2362 2851 cum
2400 2798 2643 2868 sigillum
2670 2800 2869 2871 jejunii
2902 2804 3302 2873 superponitur
3344 2805 3430 2860 ori
3471 2806 3578 2861 ho—

1990 2887 2178 2952 minis,
2220 2904 2377 2944 mens
2404 2894 2835 2960 contpunctione
2873 2894 3193 2958 meditatur,
3243 2908 3300 2952 et
3332 2913 3429 2952 cor
3452 2900 3576 2970 ejus

1990 2980 2595 3051 producitorationem,
2619 2992 2676 3037 et
2705 2984 2965 3039 mmstitia
2995 2986 3141 3058 jacet
3160 2988 3219 3041 in
3250 2989 3403 3043 vultu
3432 2993 3574 3061 ejus,

1990 3082 2048 3129 et
2078 3089 2257 3144 prava:
2285 3072 2648 3143 cogitationes
2678 3075 3012 3146 elongantur
3043 3079 3111 3133 ab
3154 3079 3295 3151 ipso.
3318 3080 3579 3140 llilaritas

1991 3181 2101 3221 non
2139 3165 2421 3221 invenitur
2448 3167 2503 3220 in
2528 3166 2706 3222 oculis
2741 3169 2883 3239 ejus,
2916 3179 2973 3225 et
2999 3174 3575 3243 concupiscentiarum

1940 3320 1959 3340 η
1992 3266 2048 3313 et
2083 3259 2532 3329 vaniloquiorum
2576 3278 2685 3316 non
2720 3272 2806 3318 est
2840 3265 3077 3321 amicus.
3126 3266 3422 3337 Nunquam
3462 3270 3578 3325 vidi

300 3370 520 3426 semper
539 3370 606 3409 ac
630 3353 1105 3424 concupiscendo.
1133 3354 1291 3409 Sicut
1317 3354 1677 3410 medicinales
1702 3355 1890 3410 herba:
1918 3353 1960 3377 “

1993 3357 2235 3428 aliquem
2270 3358 2615 3429 jejunantem
2642 3376 2768 3415 cum
2802 3361 3159 3429 discretione,
3205 3379 3236 3419 a
3271 3365 3413 3420 mala
3448 3382 3583 3422 con-

1993 3449 2339 3519 cupiscentia
2364 3452 2646 3506 redactum
2679 3452 2732 3506 in
2767 3455 3095 3509 servitutem
3130 3471 3144 3510 :
3184 3466 3270 3511 est
3296 3457 3443 3512 enim
3475 3458 3582 3515 hoc

1994 3559 2253 3615 magnum
2284 3544 2492 3598 donum
2527 3545 2596 3599 ad
2628 3552 2793 3601 omn'e
2842 3546 3049 3601 bonum
3078 3588 3093 3612 ,
3133 3548 3397 3618 quoniam
3443 3549 3581 3605 illud

1993 3638 2079 3685 est
2107 3630 2459 3698 mandatum;
2485 3639 2540 3687 et
2570 3634 2664 3702 qui
2694 3635 2925 3706 negligit
2970 3636 3128 3701 illud,
3161 3647 3381 3694 amovet
3415 3654 3580 3695 omne

1992 3723 2199 3779 bonum
2238 3723 2385 3793 quod
2411 3725 2479 3779 ab
2509 3724 2667 3780 initio
2685 3724 2789 3780 fuit
2822 3727 3139 3797 impositum
3172 3730 3239 3783 ad
3268 3732 3579 3788 custodiam

1993 3827 2197 3872 nostrze
2231 3826 2466 3883 naturae,
2493 3829 2550 3874 et
2595 3819 2723 3875 inde
2750 3821 2943 3876 condit
2975 3822 3308 3893 principium
3342 3826 3582 3896 plasma-

1997 3910 2171 3965 tionis
2206 3921 2433 3966 nostra.
2465 3913 2859 3968 Verumtamen
2910 3914 3059 3970 unde
3097 3915 3241 3971 facta
3278 3928 3363 3973 est
3399 3929 3583 3975 exter-

1996 4001 2230 4057 minatio
2259 4002 2459 4074 prima,
2491 4004 2620 4060 inde
2648 4014 2959 4063 certatores
2989 4009 3225 4063 veniunt
3269 4011 3337 4065 ad
3366 4012 3462 4068 Dei
3510 4014 3581 4067 ti-

1994 4108 2233 4159 morem,
2270 4104 2565 4166 postquam
2600 4096 2777 4167 legem
2809 4099 2931 4169 ejus
2978 4102 3249 4170 coeperint
3275 4104 3577 4161 custodire.

1994 4186 2249 4243 Salvator
2276 4188 2442 4243 etiam
2482 4189 2705 4258 quando
2735 4191 2991 4261 apparuit
3023 4193 3230 4249 mundo
3250 4194 3400 4260 huic,
3432 4197 3582 4254 ince-

1995 4279 2097 4350 pit.
2130 4280 2265 4335 Nam
2309 4289 2438 4352 post
2485 4282 2845 4353 baptismum,
2884 4284 3087 4339 Eduxit
3114 4303 3230 4341 eum
3260 4287 3492 4358 Spiritus
3524 4292 3580 4345 in

1993 4370 2283 4438 desertum,
2312 4381 2362 4425 et
2375 4373 2652 4444 jejunavit
2678 4374 3041 4444 quadraginta
3071 4374 3251 4429 diebus
3274 4375 3344 4432 ⁸⁸.
3371 4376 3579 4433 Simili-

1997 4472 2083 4520 ter
2100 4473 2287 4520 autem
2315 4475 2371 4521 et
2403 4482 2597 4521 omnes
2747 4476 2953 4521 exeunt
2981 4475 3243 4537 posteum
3266 4477 3582 4540 etsequun-

1997 4564 2089 4610 tur
2122 4571 2275 4621 eum,
2312 4572 2483 4637 super
2517 4558 2623 4611 hoc
2655 4556 3075 4612 fundamentum
3110 4568 3323 4629 ponunt
3356 4559 3579 4616 initium

302 4662 501 4710 contra
528 4667 595 4707 ea
627 4666 974 4722 quaacunque
1007 4650 1198 4705 ferunt
1227 4649 1391 4705 nobis
1417 4648 1805 4705 confusionem
1834 4649 1888 4703 in
1924 4686 1966 4741 Β
1996 4664 2196 4720 pugna:
2223 4664 2360 4704 sua).
2386 4650 2681 4704 Armatura
2708 4659 2794 4705 est
2815 4650 2963 4705 enim
2987 4663 3212 4720 operata
3234 4668 3333 4721 per
3365 4653 3576 4707 Deum:

302 4744 695 4802 recordatione
736 4742 845 4798 sui.
898 4742 1133 4813 Expedit
1162 4742 1325 4797 nobis
1353 4742 1578 4807 timere,
1614 4758 1715 4798 nec
1752 4758 1888 4797 con-

303 4839 525 4894 culcare
581 4835 986 4890 conscientiam
1020 4842 1078 4890 et
1118 4843 1480 4889 contemnere
1514 4849 1658 4889 eam.
1695 4834 1756 4888 ln
1791 4834 1890 4889 de-

304 4940 518 4987 sertum
555 4938 837 4985 tentemus
864 4928 1069 4984 ducere
1120 4944 1347 4998 corpus,
1392 4936 1448 4981 et
1477 4927 1750 4982 faciamus
1792 4942 1892 4996 per

302 5022 451 5085 quod
486 5021 810 5092 patientiam
859 5020 1233 5089 acquiramus.
1262 5018 1435 5087 Majus
1476 5026 1661 5071 autem
1714 5016 1893 5070 omni—

302 5116 406 5171 bus
436 5122 544 5180 est,
595 5123 658 5168 ut
710 5129 906 5168 causas
954 5127 1154 5183 pugna:
1197 5112 1593 5182 prolongemus
1636 5127 1667 5164 a
1706 5109 1891 5176 nobis,

302 5223 621 5279 quanquam
658 5224 725 5262 ex
752 5207 857 5262 hoc
899 5221 1105 5276 corpus
1140 5205 1452 5276 angustiam
1490 5205 1719 5275 patitur.
1749 5204 1889 5270 Quia

306 5302 476 5356 timeo
508 5316 607 5365 ne,
634 5315 761 5355 cum
797 5299 1187 5370 supervenerit
1226 5296 1449 5354 occasio
1478 5306 1535 5353 et
1564 5297 1889 5363 necessitas,

304 5396 524 5451 ruinam
561 5403 789 5465 propter
837 5391 1313 5464 propinquitatem
1371 5406 1565 5446 eorum
1615 5391 1888 5445 incurrat.

302 5488 369 5555 Q.
399 5485 731 5558 Quicunque
754 5484 1024 5557 ahjecerit
1062 5500 1092 5539 a
1120 5500 1181 5539 se
1206 5483 1594 5545 tentationem,
1626 5490 1684 5536 et
1719 5482 1891 5536 intra—

304 5583 449 5637 verit
478 5581 543 5636 ad
586 5596 850 5653 pugnam,
887 5578 1036 5650 quod
1076 5588 1162 5633 est
1198 5577 1417 5632 initium
1452 5576 1574 5647 ejus
1610 5575 1665 5629 in
1707 5591 1890 5646 pugna

306 5678 677 5740 abstinentia},
720 5684 779 5732 et
817 5676 965 5732 unde
997 5674 1193 5746 incipit
1235 5673 1459 5745 pugna?
1506 5673 1572 5727 li.
1616 5669 1753 5726 Illud
1790 5685 1891 5723 no-

309 5776 427 5826 tum
472 5779 559 5826 est
586 5770 870 5835 omnibus,
906 5768 1054 5840 quod
1083 5767 1380 5839 cujuslibet
1413 5762 1735 5822 certaminis
1765 5775 1893 5832 pec~

379 5946 653 6023 “-Matth.
684 5964 760 6013 vr,
791 5946 845 6012 1,
867 5947 924 6004 2.
1310 5994 1313 5997 λ

599 6047 877 6108 Parnm"
911 6047 1031 6109 Gn.
1071 6045 1420 6108 LXXXVI.

1997 4739 2123 4809 quis
2150 4740 2391 4810 negliget
2414 4741 2585 4806 illam,
2616 4747 2673 4796 et
2710 4757 2818 4795 non
2850 4742 3203 4812 culpabitur?
3241 4744 3308 4798 Et
3338 4744 3384 4799 si
3408 4746 3453 4799 is
3482 4745 3579 4815 qui

1993 4833 2175 4889 edidit
2224 4834 2423 4905 legem,
2465 4836 2679 4906 jejunat
2711 4875 2726 4900 ,
2764 4836 2890 4905 quis
2934 4844 3020 4891 est
3055 4852 3121 4891 ex
3146 4836 3580 4896 observantibus

1993 4926 2198 4996 legem,
2221 4943 2386 4996 quem
2431 4944 2543 4982 non
2575 4936 2829 4998 oporteat
2850 4928 3143 4999 jejunare?
3173 4929 3407 4999 Propter
3429 4932 3580 5002 quod

1998 5033 2180 5088 usque
2226 5027 2359 5073 tunc
2386 5034 2560 5089 genus
2588 5018 2890 5072 humanum
2934 5018 3227 5076 victoriam
3268 5023 3577 5093 ignorabat,

1998 5125 2102 5164 nec
2136 5109 2391 5165 diabolus
2419 5110 2664 5180 iniquam
2702 5110 2803 5165 fuit
2829 5122 3090 5180 expertus
3127 5113 3231 5184 16
3266 5116 3581 5183 superatio-

1994 5218 2120 5257 nem
2156 5217 2311 5257 suam
2334 5218 2434 5273 per
2460 5212 2715 5257 naturam
2746 5212 3014 5267 nostram,
3046 5206 3483 5276 antejejunium.
3522 5208 3580 5263 In

1996 5297 2099 5352 hac
2132 5305 2416 5351 armatura
2445 5296 2516 5353 ab
2551 5297 2670 5367 ipso
2699 5297 2973 5367 principio
3002 5297 3106 5352 fuit
3128 5299 3293 5354 homo
3320 5300 3583 5357 formido-

1998 5391 2184 5456 losus;
2218 5400 2275 5445 et
2305 5390 2570 5446 Dominus
2610 5400 2800 5446 noster
2821 5390 2983 5446 Jesus
3003 5389 3284 5458 Christus,
3325 5393 3583 5465 princeps

1997 5491 2054 5536 et
2084 5481 2487 5553 primogenitus
2531 5482 2781 5537 victoria:
2811 5481 2990 5537 factus
3029 5490 3144 5549 est,
3193 5491 3249 5538 ut
3281 5483 3551 5556 daretpri

2003 5589 2145 5629 mam
2174 5588 2437 5629 coronam
2462 5575 2710 5629 victoriae
2733 5590 2900 5645 super
2924 5586 3092 5645 caput
3116 5585 3329 5632 natura:
3356 5588 3581 5634 nostrae.

2005 5667 2069 5723 Et
2102 5667 2355 5723 diabolus
2403 5667 2627 5739 quando
2670 5668 2825 5725 videt
2876 5668 3018 5724 hanc
3064 5680 3400 5726 armaturam
3434 5671 3579 5741 apud

2004 5761 2253 5832 aliquem
2289 5759 2606 5828 hominum,
2667 5761 2854 5816 statim
2908 5769 3168 5827 terretur,
3221 5770 3279 5817 et
3324 5762 3475 5817 venit
3513 5761 3582 5817 ad

3200 6044 3274 6106 27
