4112 6534
533 434 643 499 843

1914 433 1976 493 S.
2019 431 2267 492 ISAACI
2303 431 2478 493 SYRI

3719 442 3831 507 844

535 544 979 603 recordationem
1011 543 1386 615 superationis
1438 559 1551 600 sua:
1587 559 1752 617 quam
1781 559 1810 598 a
1841 542 2126 599 Salvatore
2155 545 2199 602 Α
2232 542 2307 598 tia
2326 542 2482 608 vicit,
2511 540 2664 598 aliud
2709 551 2815 610 cst,
2849 559 3016 615 quam
3039 545 3249 604 evitare
3284 553 3742 611 conversationes
3768 565 3833 611 et

534 654 730 712 passus
759 649 846 694 est
875 638 928 693 iu
960 637 1205 704 deserto,
1237 647 1294 693 et
1317 636 1497 694 virtus
1528 639 1650 710 ejus
1677 636 2041 694 confunditur
2063 635 2120 690 in

534 743 817 789 armatura
847 731 1010 788 nobis
1043 731 1168 786 data
1193 747 1223 786 a
1255 732 1506 803 principe
1535 741 1747 787 nostro.

603 826 738 893 Qua:
771 825 939 897 igitur
965 841 1116 880 arma
1143 834 1274 880 sunt
1326 825 1396 879 iis
1423 825 1654 881 fortiora
1682 834 1740 881 et
1767 824 1944 896 magis
1988 838 2122 879 cou-

537 918 889 974 fortatioucm
911 917 1228 972 exhihcntia
1258 917 1312 972 in
1340 934 1522 990 pugna
1546 933 1668 989 quae
1690 917 1750 972 fit
1785 926 1979 973 contra
2004 916 2120 987 spi-

537 1011 679 1067 ritus
707 1011 998 1082 maliguos,
1029 1011 1634 1082 sicutexpcrimentum
1668 1010 1872 1066 factum
1906 1027 1937 1066 a
1961 1009 2121 1067 Chri-

535 1100 668 1155 sto?
690 1100 826 1155 Nam
854 1108 1065 1171 quanto
1096 1102 1220 1171 plus
1241 1099 1504 1172 fatigatur
1533 1109 1588 1156 et
1612 1102 1873 1173 affligitur
1895 1117 2118 1172 corpus,

539 1201 693 1249 tanto
746 1193 921 1265 magis
985 1203 1234 1264 tempore
1295 1209 1406 1264 quo
1465 1192 1776 1249 circumdat
1839 1193 2120 1248 hominem

533 1284 686 1340 acies
721 1284 1033 1340 dtemonum
1057 1324 1072 1347 ,
1109 1299 1206 1340 cor
1238 1283 1414 1354 ipsius
1439 1299 1469 1338 a
1498 1283 1836 1339 confidentia
1863 1283 2118 1340 defensa-

535 1385 629 1433 tur
659 1393 675 1432 :
701 1386 758 1432 et
787 1375 881 1447 qui
926 1375 1123 1448 jejuuii
1152 1384 1433 1431 armatura
1477 1376 1736 1439 vestitur,
1786 1377 1938 1431 omni
1981 1384 2122 1432 tem-

537 1484 670 1539 pore
716 1480 804 1525 est
843 1484 1133 1525 accensus.
1173 1467 1390 1524 Zelotes
1422 1467 1572 1523 Elias
1619 1483 1746 1523 cum
1779 1467 1980 1523 zelavit
2020 1484 2121 1538 pro

534 1565 654 1632 lege
685 1561 804 1626 Dei,
839 1561 895 1615 in
943 1561 1044 1616 hac
1083 1570 1365 1614 armatura
1401 1559 1556 1624 vicit,
1593 1558 1865 1614 reducens
1893 1559 1962 1613 ad
2009 1573 2123 1613 me-

533 1653 765 1708 moriam
808 1652 1146 1724 possessoris
1189 1651 1276 1707 sui
1325 1651 1583 1706 mandata
1643 1651 1883 1722 Spiritus
1923 1651 2119 1707 sancti.

533 1745 822 1801 hlediatrix
835 1744 1204 1817 estjejuuatio
1226 1743 1444 1800 Veteris
1457 1743 1824 1808 Testamenti,
1849 1751 1906 1798 et
1930 1743 2120 1814 gratia5

532 1838 678 1893 datae
706 1836 871 1892 nobis
902 1852 933 1891 a
961 1835 1208 1892 Christo.
1250 1833 1356 1902 Qui
1391 1834 1620 1906 negligit
1644 1835 1942 1906 jejunium,
1973 1834 2119 1904 apud

529 1939 726 1984 caetera
748 1928 1162 2000 propugnacula
1187 1928 1346 1983 laxus
1361 1937 1510 1983 estet
1529 1926 1803 1990 infirmus,
1827 1935 1880 1982 et
1901 1927 2119 1998 signum

533 2020 826 2076 laxationis
853 2021 1051 2075 anima:
1087 2019 1458 2084 demonstrat,
1487 2027 1544 2074 et
1577 2019 1672 2074 dat
1715 2021 1897 2074 locum
1940 2019 2121 2075 victo-

534 2115 641 2182 riae;
676 2114 1022 2186 impugnanti
1057 2129 1209 2169 eum.
1253 2112 1395 2180 Quia
1429 2111 1615 2167 nudus
1664 2111 1988 2184 aggreditur
2021 2127 2122 2182 pu-

530 2221 717 2277 gnam,
758 2203 1114 2260 manifesmm
1168 2210 1256 2258 est
1309 2202 1439 2272 quia
1490 2199 1679 2256 nudus
1720 2199 2004 2271 egreditur
2048 2199 2121 2253 ab

533 2315 620 2364 ea,
652 2297 783 2370 quia
806 2296 1059 2353 membra
1078 2295 1202 2367 ejus
1232 2310 1342 2350 non
1383 2303 1516 2350 sunt
1559 2293 1752 2348 induta
1781 2292 1999 2348 fervore
2035 2291 2120 2348 fa—

535 2391 662 2447 mis.
693 2391 831 2447 Item
878 2405 980 2461 per
1023 2387 1296 2461 jejunium
1331 2387 1501 2443 homo
1533 2387 1902 2444 inconcussus
1933 2394 2121 2442 mente

535 2491 793 2539 servatur
843 2483 990 2554 apud
1017 2497 1286 2538 occursus
1317 2479 1625 2537 difficilium
1651 2479 1938 2535 vitiorum.
1972 2478 2121 2534 Dici-

537 2583 630 2630 tur
662 2574 732 2630 dc
762 2573 955 2630 multis
989 2572 1350 2645 martyribus,
1372 2570 1521 2642 quod
1556 2569 1697 2625 nihil
1731 2569 2029 2642 gustabant
2061 2568 2118 2624 in

532 2665 626 2721 die
651 2665 707 2721 in
741 2681 850 2737 qua
900 2679 1165 2721 coronam
1214 2662 1682 2734 praestolabantur
1710 2659 1992 2732 martyrii,
2019 2658 2118 2716 sed

532 2760 678 2814 sicut
702 2758 772 2814 ad
801 2759 1025 2829 nuptias
1051 2755 1346 2829 praeparati
1379 2753 1778 2827 exspectabant
1818 2767 2120 2809 occurrere

531 2851 787 2924 gladioin
812 2850 1046 2924 jejunio,
1069 2865 1197 2906 cum
1244 2847 1485 2922 hymnis,
1517 2847 1743 2919 psalmis
1775 2856 1834 2902 et
1861 2846 2116 2902 canticis.

600 2944 713 3001 Nos
744 2959 966 3016 quoque
1011 2942 1108 3014 qui
1154 2941 1223 2998 ad
1269 2941 1548 2998 invisibile
1578 2940 1908 3014 martyrium
1933 2940 2118 2996 vocati

531 3053 728 3095 smnus
779 3036 848 3093 ad
898 3035 1289 3108 percipiendas
1342 3033 1802 3091 sanctificationis
1859 3048 2118 3099 coronas,

531 3132 850 3205 vigilemus,
884 3145 956 3186 ne
1000 3129 1059 3183 in
1106 3128 1293 3199 aliqua
1349 3135 1510 3198 parte
1542 3127 1854 3199 negationis
1899 3127 2118 3198 signum

532 3227 741 3284 nostris
757 3222 1000 3281 inimicis
1019 3222 1400 3279 exhibeamus.
1422 3221 1564 3280 Sunt
1587 3222 1812 3294 quidam
1844 3221 2119 3278 habentes

534 3323 655 3378 haec
676 3333 873 3390 opera,
903 3317 999 3388 qui
1045 3327 1304 3388 quaerunt
1353 3317 1755 3388 cogitationum
1793 3331 2010 3388 pacem,
2061 3325 2119 3373 et

534 3413 998 3486 tranquillitatem
1029 3427 1143 3468 non
1181 3411 1433 3468 sentiunt
1480 3410 1768 3466 vitiorum.
1815 3409 1862 3466 Ο
1893 3409 2115 3479 fratres,

533 3511 672 3568 vitia
699 3509 973 3566 absconsa
1007 3515 1138 3563 sunt
1186 3505 1243 3560 in
1276 3505 1485 3571 anima,
1516 3521 1642 3576 quae
1681 3519 1792 3560 non
1821 3504 2117 3577 corrigun-

535 3615 627 3661 tur
653 3619 754 3675 per
782 3600 1004 3657 labores
1029 3597 1417 3656 tantummodo
1447 3597 1784 3668 corporales,
1817 3611 1922 3652 nec
1949 3596 2116 3652 etiam

533 3715 634 3772 per
659 3711 755 3754 eas
784 3693 1158 3768 cogitationes
1179 3698 1470 3748 arctantur
1490 3690 1634 3762 apud
1659 3690 1784 3746 illos
1811 3690 1908 3762 qui
1933 3705 1964 3746 a
1992 3705 2120 3747 sen-

531 3793 692 3850 sibus
743 3803 964 3861 semper
1009 3785 1429 3858 expergeiiunt;
1485 3785 1619 3856 quia
1663 3783 1885 3840 labores
1926 3782 2120 3855 hujus-

535 3883 684 3940 modi
708 3897 737 3938 a
763 3879 1219 3952 concupiscentia
1259 3886 1488 3934 tuentur
1527 3876 1806 3942 homines,
1846 3891 1917 3931 ne
1941 3875 2012 3930 ab
2034 3874 2118 3930 eis

535 3985 595 4034 et
637 3977 950 4032 daemonum
1001 3973 1326 4029 turbatione
1373 3970 1692 4027 vincantur.
1750 3969 1950 4027 Pacem
1983 3983 2117 4023 vero

536 4078 593 4128 et
623 4066 1076 4140 tranquillitatem
1107 4065 1305 4120 anima:
1333 4079 1445 4119 non
1480 4062 1819 4133 impediunt;
1853 4059 1952 4118 sed
1987 4069 2119 4116 tunc

538 4159 788 4216 membra
831 4175 956 4230 quae
983 4166 1113 4214 sunt
1154 4157 1211 4212 in
1257 4165 1426 4219 terra,
1461 4154 1872 4211 mortificamur
1898 4163 1954 4210 et
1978 4168 2120 4224 prte-

535 4263 691 4312 staut
714 4251 1116 4324 cogitationum
1151 4265 1376 4322 pacem,
1413 4263 1542 4305 cum
1572 4246 1933 4304 solitudinem
1962 4260 2120 4302 com-

493 4384 498 4389 -
538 4347 914 4403 municamus.
947 4344 1084 4400 Nam
1103 4357 1422 4415 quanquam
1448 4341 1562 4398 cito
1581 4355 1779 4398 sensus
1809 4339 2119 4395 exteriores

535 4435 876 4494 cessaverint
901 4449 933 4489 a
969 4434 1321 4500 turbatione,
1363 4441 1420 4490 et
1454 4431 1870 4505 permanserint
1896 4433 1953 4486 in
1983 4446 2120 4502 ope-

537 4528 751 4584 ratione
789 4525 1004 4583 scilicet
1036 4527 1217 4591 boua,
1253 4541 1354 4597 per
1396 4524 1622 4596 aliquod
1659 4534 1881 4594 tempus
1917 4522 2120 4578 sentiet

2226 634 2492 691 recedere
2529 651 2560 690 a
2586 638 3018 695 consuetudine.
3055 639 3157 696 Ille
3195 642 3291 712 qui
3321 645 3624 702 actualiter
3653 647 3710 702 in
3739 663 3831 705 se-

2226 727 2466 798 metipso
2490 728 2575 784 vel
2603 729 2657 784 in
2678 730 2804 786 aliis
2825 747 2926 802 per
2950 748 3151 791 sensus
3170 751 3303 792 suos
3321 738 3550 795 innovat
3573 741 3829 813 ejusdem

2223 818 2502 875 libertatis
2523 825 3134 894 commemorationem,
3168 844 3292 899 quae
3316 840 3402 886 est
3425 832 3635 904 agnitio
3665 834 3830 889 mali-

2223 912 2334 978 tiae,
2366 927 2478 968 non
2510 914 2718 984 poterit
2747 915 2988 972 animam
3011 935 3169 975 suam
3200 937 3268 976 ex
3291 923 3397 978 hoc
3419 926 3709 992 mundare,
3734 927 3825 982 vel

2223 1006 2447 1076 quando
2477 1007 2686 1077 poterit
2713 1023 2930 1065 cessare
2953 1011 3024 1067 ab
3059 1011 3548 1086 impugnatoribus
3579 1021 3827 1074 exterio—

2223 1097 2402 1160 ribus,
2454 1100 2590 1155 licet
2633 1103 3066 1172 contempletur.
3123 1105 3182 1161 Si
3228 1106 3378 1162 enim
3422 1124 3520 1165 cor
3562 1112 3821 1182 quotidie

2223 1190 2518 1256 sordescit,
2543 1194 2767 1263 quando
2795 1195 3099 1252 mundatur
3125 1214 3157 1253 a
3181 1198 3465 1269 sordibus,
3491 1211 3548 1258 et
3583 1203 3632 1259 si
3663 1215 3824 1262 exte-

2224 1282 2436 1338 riorum
2463 1285 2691 1340 effectui
2727 1289 2990 1344 resistere
3033 1291 3250 1361 nequit,
3279 1303 3490 1363 quanto
3512 1296 3697 1353 minus
3716 1314 3823 1368 po-

2224 1383 2332 1430 test
2364 1390 2464 1430 cor
2495 1377 2812 1434 mundare?
2843 1379 2912 1434 Et
2957 1380 3055 1451 qui
3082 1391 3169 1437 est
3198 1383 3254 1438 in
3293 1385 3481 1441 medio
3527 1390 3819 1447 exercitus

2224 1467 2558 1524 constitutus
2584 1510 2598 1533 ,
2641 1479 2698 1525 et
2727 1483 3012 1543 exspectat
3045 1476 3298 1546 quotidie
3323 1477 3652 1550 frequenter
3685 1483 3818 1539 belli

2223 1562 2637 1618 nuntiationem
2684 1565 2903 1631 audire,
2935 1568 3158 1637 quando
3189 1572 3475 1640 praasumit
3516 1575 3726 1644 pacisci
3762 1577 3818 1630 in

2223 1655 2405 1710 anima
2455 1657 2588 1712 sua?
2633 1658 3028 1715 Verumtamen
3075 1677 3202 1717 cum
3259 1680 3328 1720 ex
3382 1665 3490 1722 hoc
3523 1669 3820 1740 elongatus

2225 1746 2416 1814 fuerit,
2452 1757 2587 1805 tunc
2620 1751 2799 1821 primo
2847 1753 3128 1810 modicum
3173 1757 3462 1827 quiescere
3505 1764 3713 1830 poterit
3747 1765 3818 1818 ab

2225 1839 2404 1908 intus;
2433 1842 2562 1913 quia
2579 1858 2868 1916 quousque
2892 1847 3094 1903 fluvius
3109 1865 3348 1920 superne
3382 1852 3633 1918 confluit,
3657 1861 3817 1926 aqua:

2228 1932 2407 2004 ipsius
2466 1935 2701 1992 inferius
2747 1938 2980 1995 minime
3023 1939 3398 1998 desiccantur.
3435 1933 3573 2000 Ciim
3609 1947 3816 2017 aliquis

2221 2026 2374 2082 venit
2403 2026 2456 2080 in
2492 2027 2757 2098 quietem,
2795 2037 2926 2084 tunc
2970 2039 3158 2100 potest
3186 2032 3368 2086 anima
3398 2036 3640 2090 scrutari
3675 2037 3812 2092 vitia

2221 2125 2277 2172 et
2297 2116 2622 2174 discernere
2649 2119 2976 2190 sapientiam
3001 2137 3126 2192 quae
3152 2131 3237 2178 est
3285 2124 3338 2178 in
3366 2140 3460 2191 ea;
3496 2135 3630 2182 tunc
3668 2127 3816 2183 inte-

2221 2210 2337 2265 rior
2359 2210 2527 2266 homo
2555 2211 2858 2284 expergefit
2885 2212 2950 2267 ad
2979 2228 3147 2283 opera
3173 2215 3428 2285 spiritus,
3461 2225 3518 2272 et
3540 2217 3609 2273 de
3634 2217 3727 2274 die
3752 2218 3812 2273 in

2220 2304 2368 2360 diem
2419 2305 2658 2376 percipit
2702 2305 3032 2376 sapientiam
3093 2309 3367 2364 occultam
3397 2325 3521 2380 qua:
3549 2310 3713 2367 floret
3756 2312 3817 2368 in

2219 2398 2404 2454 anima
2437 2414 2568 2464 sua;
2607 2399 2795 2453 statim
2824 2399 2891 2454 ad
2925 2401 3161 2472 gratiam
3189 2402 3558 2474 lacrymarum
3599 2405 3820 2475 pertin.

2219 2491 2438 2563 gitqua:
2459 2492 2579 2548 sine
2605 2493 2869 2548 violentia
2896 2493 3074 2549 fluunt
3095 2494 3230 2565 (29),
3263 2503 3320 2551 et
3347 2494 3606 2566 perducit
3631 2496 3816 2567 ipsum

2219 2583 2286 2639 ad
2308 2584 2706 2654 perfectionem
2737 2585 3055 2641 dilectionis
3081 2586 3200 2640 Dei.

2289 2675 2356 2742 Q.
2383 2675 2516 2742 Qute
2551 2687 2682 2731 sunt
2714 2687 2867 2731 certa
2892 2686 3221 2748 argumenta
3251 2686 3308 2732 et
3333 2676 3486 2748 signa
3514 2679 3820 2750 appropin-

2218 2768 2447 2839 quantia
2509 2768 2800 2838 incipienti
2863 2769 3054 2826 videre
3120 2769 3362 2826 fructum
3421 2771 3706 2828 occultum
3757 2771 3816 2827 in

2218 2860 2401 2916 anima
2441 2861 2586 2915 sua?
2623 2860 2690 2915 Β.
2725 2860 2822 2914 Est
2864 2861 3012 2931 quod
3069 2861 3196 2930 quis
3217 2862 3521 2932 promeruit
3574 2861 3818 2932 gratiam

2217 2953 2588 3024 lacrymarum
2622 2953 2924 3008 multarum
2950 2994 2964 3018 ,
3013 2969 3138 3024 quae
3169 2953 3290 3009 sine
3311 2953 3576 3009 violentia
3607 2954 3815 3011 ﬂuunt.

2217 3045 2355 3102 Nam
2403 3045 2550 3102 sicut
2584 3046 2860 3101 terminus
2904 3046 3100 3117 posite
3149 3055 3282 3100 sunt
3325 3047 3582 3119 lacrymae
3637 3049 3817 3103 menti

2220 3139 2368 3195 inter
2397 3138 2707 3210 corporalia
2730 3147 2785 3194 ct
2815 3140 3152 3210 spiritualia,
3179 3148 3235 3194 et
3271 3140 3418 3195 inter
3449 3140 3817 3196 vitiositatem

2145 3250 2186 3308 α
2217 3243 2273 3289 et
2305 3232 2680 3288 munditiem:
2721 3247 3012 3303 quousque
3058 3247 3170 3286 non
3213 3232 3412 3302 recipit
3452 3232 3620 3287 homo
3665 3233 3817 3287 istud

2219 3325 2450 3389 donum,
2504 3325 2689 3381 adhuc
2727 3325 2781 3380 in
2813 3325 3092 3381 exteriore
3127 3325 3351 3380 homine
3380 3333 3571 3380 manet
3625 3325 3819 3380 efIica-

2219 3416 2304 3471 cia
2355 3402 2666 3486 operis'sui
2696 3456 2712 3482 ,
2779 3431 2886 3472 nec
2926 3417 3208 3487 persensit
3261 3415 3448 3471 adhuc
3510 3415 3816 3472 eflicaciam

2219 3513 2568 3569 occultorum
2627 3510 2936 3582 spiritualis
2989 3510 3252 3566 hominis.
3308 3510 3444 3565 Nam
3500 3526 3628 3566 cum
3687 3512 3819 3582 quis

2220 3605 2496 3676 inceperit
2537 3620 2568 3659 a
2611 3604 2998 3675 corporalibus
3043 3603 3211 3675 hujus
3237 3603 3426 3658 surculi
3457 3605 3725 3675 separari,
3757 3614 3820 3659 et

2191 3699 2297 3755 'ita
2345 3697 2643 3752 terminum
2678 3697 2773 3767 qui
2817 3706 2904 3753 est
2935 3696 3082 3752 intra
3111 3706 3394 3762 naturam,
3426 3697 3583 3752 visus
3619 3697 3814 3763 fuerit,

2221 3789 2564 3845 transeundo
2597 3788 2666 3844 ad
2705 3789 2849 3844 hanc
2887 3788 3123 3860 gratiam
3159 3788 3528 3860 lacrymarum
3556 3831 3570 3854 ,
3626 3791 3816 3845 statim

2220 3881 2532 3954 pertigisse.
2593 3881 2662 3937 Et
2722 3881 2838 3937 sola
2893 3881 3070 3952 prima
3119 3881 3335 3936 occulta
3385 3883 3817 3938 conversatione

2220 3976 2499 4048 incipiunt
2522 3977 2779 4048 lacrymae
2825 3974 2946 4030 ista:
2967 4013 2981 4038 ,
3011 3989 3134 4044 quae
3179 3973 3495 4044 perducunt
3526 3973 3708 4044 ipsum
3744 3975 3816 4028 ad

2219 4070 2622 4144 perfectionem
2657 4067 2975 4124 dilectionis
3005 4067 3136 4133 Dei;
3165 4075 3221 4122 et
3244 4077 3453 4137 quanto
3481 4068 3655 4138 magis
3686 4084 3822 4139 pro-

2220 4163 2368 4219 cedit
2389 4162 2526 4225 illic.
2561 4170 2716 4217 tanto
2736 4161 2912 4232 magis
2951 4159 3162 4216 ditatur
3198 4159 3254 4214 in
3281 4160 3423 4231 ipsa,
3445 4160 3628 4217 donec
3657 4162 3816 4217 bibat

2221 4251 2372 4324 ipsas
2387 4253 2661 4324 lacrymas
2691 4251 2749 4306 in
2776 4259 2909 4322 potu
2936 4260 2994 4306 et
3023 4249 3150 4306 cibo
3178 4265 3300 4312 suo,
3328 4260 3555 4321 propter
3582 4255 3819 4306 multam

2219 4345 2692 4418 perseverantiam
2729 4343 3053 4399 earumdem
3089 4352 3186 4398 :et
3215 4342 3322 4397 hoc
3369 4343 3592 4412 signum
3647 4345 3823 4399 certi-

2221 4438 2450 4504 tudinis,
2477 4437 2626 4508 quod
2655 4451 2811 4492 mens
2837 4435 3068 4492 recessit
3091 4433 3159 4490 de
3190 4433 3401 4489 mundo
3429 4435 3558 4499 isto,
3589 4444 3646 4490 et
3680 4451 3819 4505 per-

2222 4530 2396 4587 sentit
2436 4529 2704 4584 mundum
2759 4525 2913 4582 illum
2962 4525 3332 4596 spiritualem.
3384 4525 3604 4591 Quanto
3644 4526 3823 4595 magis

536 4623 703 4677 homo
723 4635 947 4692 pacem;
976 4627 1157 4674 tamen
1179 4633 1472 4690 quousque
1505 4616 1770 4674 defecerit
1789 4615 2003 4671 homini
2027 4630 2120 4671 oc—
2151 4612 2195 4668 D
2223 4623 2351 4694 quis
2381 4622 2790 4694 appropinquat
2837 4628 3021 4674 mente
3081 4633 3178 4672 sua
3224 4617 3355 4673 huic
3400 4617 3632 4684 mundo,
3661 4626 3822 4672 tanto

534 4727 755 4777 cursus,
807 4719 864 4767 et
911 4710 1161 4766 membra
1209 4711 1330 4783 ejus
1369 4709 1713 4768 cessaverint
1744 4724 1776 4764 a
1818 4707 2119 4764 dill‘usione

533 4803 958 4875 cogitationum,
993 4811 1050 4858 et
1075 4801 1142 4857 ad
1170 4816 1229 4856 se
1279 4801 1570 4872 collegerit
1595 4800 1980 4872 semetipsum,
2008 4814 2118 4854 non

537 4897 738 4968 poterit
791 4911 1128 4970 cognoscere
1183 4911 1341 4952 suam
1389 4894 1789 4950 infirmitatem.
1843 4892 2123 4961 Quietudo

533 4991 708 5055 enim,
740 4990 885 5047 sicut
915 4990 993 5045 ait
1039 4989 1238 5046 beatus
1273 4990 1544 5057 Basilius,
1579 4989 1801 5045 initium
1833 4997 1918 5044 est
1954 5004 2117 5043 mun-

535 5080 686 5138 ditia:
715 5083 932 5138 animae.
979 5081 1118 5138 Cum
1156 5083 1432 5139 exteriora
1480 5082 1730 5138 membra
1777 5081 2121 5138 cessaverint

534 5172 606 5228 ab
629 5173 895 5229 exteriori
947 5159 1249 5230 schismate
1295 5183 1353 5229 et
1383 5173 1745 5230 distractione
1773 5173 1842 5228 ad
1873 5173 2121 5229 exterio-

537 5280 657 5322 rem
691 5267 999 5338 regioncm,
1021 5265 1325 5338 expergefit
1352 5281 1451 5322 cor
1477 5265 1545 5321 ad
1590 5265 1988 5322 scrutationem
2038 5265 2123 5320 in-

538 5361 851 5415 tentionum
893 5375 1018 5431 quae
1063 5359 1216 5414 intus
1266 5360 1324 5414 in
1373 5360 1558 5415 anima
1608 5368 1767 5426 sunt;
1795 5368 1851 5414 et
1892 5359 1937 5416 si
1977 5359 2122 5415 bene

537 5453 972 5526 permanserint,
995 5452 1162 5507 homo
1186 5451 1503 5526 hujusmodi
1537 5452 1767 5524 incipiet
1797 5451 1865 5507 ad
1901 5452 2122 5507 mundi-

537 5547 670 5604 tiam
732 5547 933 5604 anima:
976 5547 1285 5604 ambulare.
1341 5548 1410 5603 R.
1472 5547 1653 5603 Arbor
1711 5564 1836 5619 quae
1871 5547 2122 5619 quotidie

537 5646 826 5711 ltrtgatur,
871 5637 1097 5710 quando
1126 5636 1366 5694 siccatur
1399 5639 1554 5694 radix
1599 5639 1720 5712 ejus
1759 5648 1816 5695 et
1847 5639 2122 5694 minuitur

539 5747 635 5788 vas
666 5732 916 5804 quotidie
951 5731 1228 5802 recipiens
1252 5731 1658 5788 incrementum
1693 5750 1705 5786 :
1742 5741 1799 5787 et
1829 5732 1873 5786 si
1901 5732 2120 5788 mundi-

611 5916 724 5988 (29)
755 5916 970 5974 Fluunt.
1002 5917 1173 5983 Editi,
1200 5915 1358 5986 ﬁunt.
1387 5916 1474 5971 Sic
1496 5927 1548 5972 ct
1582 5916 1744 5986 paulo
1759 5926 1902 5986 post.

2225 4717 2352 4787 plus
2391 4714 2461 4770 de
2507 4714 2594 4769 his
2640 4711 2904 4783 lacrymis
2933 4711 3214 4766 defectum
3268 4708 3512 4766 incurrit
3549 4717 3647 4765 :et
3687 4724 3820 4765 cum

2229 4823 2388 4864 mens
2431 4808 2555 4879 ejus
2597 4805 2826 4862 omnino
2869 4804 3043 4859 fuerit
3088 4804 3144 4858 in
3180 4803 3390 4858 mundo
3425 4803 3554 4870 isto,
3584 4803 3818 4858 totalem

2229 4902 2506 4958 defectum
2561 4900 2773 4972 patitur
2815 4897 3138 4970 hujusmodi
3182 4897 3569 4969 lacrymarum.
3624 4897 3693 4967 Et
3728 4906 3822 4953 est

2231 4995 2472 5067 signum,
2506 4992 2653 5063 quod
2688 4991 2745 5047 in
2780 4991 2935 5047 vitiis
2982 4991 3054 5046 sit
3099 4990 3372 5060 sepultus.
3421 4989 3818 5062 Lacrymarum

2221 5086 2472 5159 quaedam
2503 5084 2828 5151 adurentes,
2859 5093 2916 5141 et
2938 5083 3192 5155 quzedam
3218 5082 3655 5154 impinguantes.
3685 5082 3822 5142 0m-

2222 5195 2325 5236 nes
2352 5186 2537 5234 autem
2575 5177 2831 5250 lacrymae
2867 5193 2992 5248 qua:
3019 5192 3088 5231 ex
3123 5175 3292 5230 corde
3324 5175 3639 5246 procedunt
3681 5194 3818 5248 pro-

2221 5281 2348 5345 pter
2371 5279 2622 5342 peccata,
2664 5270 2950 5327 desiccant
2981 5283 3188 5338 corpus
3237 5276 3294 5323 et
3325 5269 3593 5336 adurunt,
3636 5280 3694 5327 et
3734 5271 3821 5342 ip-

2225 5379 2348 5419 sum
2371 5360 2666 5418 cerebrum
2691 5361 2920 5417 laedunt.
2950 5361 3027 5416 De
3053 5360 3235 5431 primo
3259 5360 3506 5430 quidem,
3541 5376 3644 5432 per
3665 5362 3819 5420 hunc

2222 5457 2475 5514 ordinem
2509 5472 2574 5514 ex
2609 5455 2945 5512 necessitate
2986 5452 3233 5510 occurrit
3265 5453 3455 5520 homo,
3508 5463 3565 5510 et
3591 5469 3695 5526 per
3720 5472 3818 5512 eas

2225 5551 2476 5621 aperitur
2527 5550 2635 5606 sibi
2668 5549 2876 5606 ostium
2911 5548 3158 5604 intrandi
3197 5547 3253 5602 in
3301 5547 3610 5604 secundum
3666 5549 3818 5604 ordi-

2227 5658 2352 5698 nem
2384 5644 2696 5709 meliorem,
2727 5641 2879 5714 quod
2922 5649 3008 5698 est
3034 5642 3297 5714 gaudium
3326 5682 3341 5709 ,
3387 5641 3442 5697 iu
3473 5657 3585 5713 quo
3614 5643 3819 5713 recipit

2227 5735 2394 5791 homo
2443 5735 2907 5793 misericordiam.
2960 5734 3053 5791 Haa
3095 5736 3352 5808 lacrymte
3385 5745 3536 5802 sunt,
3576 5752 3700 5807 quae
3745 5737 3819 5791 ab
