4112 6534
376 435 486 502 845

376 650 436 696 et
461 637 827 709 imoinguant,
859 643 917 690 et
974 633 1094 688 sine
1138 631 1407 687 violentia
1461 647 1558 701 per
1601 639 1776 687 semel.
1812 631 1962 700 ipsas

377 739 666 789 emanant.
724 728 809 797 Et
853 732 1116 797 aspectus
1151 724 1399 779 hominis
1449 724 1720 779 alteratur
1766 723 1964 779 :sicut

380 824 609 888 dicitur,
629 784 892 878 laetiﬁeati
913 784 1083 874 corde
1107 817 1279 872 facies
1305 817 1469 872 viret.

450 915 516 983 ρ.
549 916 681 981 Quae
718 920 806 967 est
828 907 1167 964 resurrectio
1196 906 1414 970 animae,
1461 920 1629 976 quam
1653 905 1788 962 dicit
1812 905 1962 975 Apoc

380 1011 556 1064 stolus
593 1024 606 1061 :
640 1006 698 1062 Si
726 1002 1135 1059 consurrexistis
1159 1017 1277 1054 cum
1296 999 1502 1055 Christo
1519 1000 1590 1065 ⁸⁷,
1626 1007 1736 1055 etc.
1757 1000 1780 1052 ?
1799 1000 1865 1053 Β.
1889 999 1963 1053 Il-

380 1102 483 1157 Iud'
502 1100 649 1172 quod
680 1097 818 1153 dixit
847 1092 1148 1166 Apostolus
1175 1111 1187 1147 :
1216 1090 1357 1146 Deus
1379 1096 1471 1164 qui
1490 1094 1623 1147 dixit
1647 1093 1711 1146 de
1737 1091 1962 1145 tenebris

380 1193 549 1248 lucem
592 1190 853 1245 irradiari
893 1204 1013 1243 vere
1054 1188 1108 1241 in
1137 1186 1377 1240 cordibus
1413 1185 1682 1251 vestris“,
1710 1199 1966 1239 resurre-

377 1285 621 1340 ctionem
672 1295 920 1343 vocans,
968 1276 1215 1333 ostendit
1266 1292 1548 1332 recessum
1582 1292 1613 1331 a
1663 1281 1960 1342 vetustate,

377 1374 659 1439 videlicet,
696 1382 757 1427 ut
787 1373 882 1427 ﬁat
912 1372 1079 1425 homo
1110 1385 1318 1434 novus,
1353 1369 1494 1425 nihil
1529 1369 1742 1425 habens
1767 1368 1836 1424 de
1872 1384 1965 1424 ve-

378 1481 518 1526 tere.
548 1468 690 1525 Dabo
717 1468 850 1521 eiset
873 1482 965 1519 cor
991 1481 1163 1519 meum
1193 1462 1302 1535 (50)
1320 1470 1370 1517 et
1398 1464 1643 1533 spiritum
1677 1478 1869 1517 novum
1893 1461 1960 1517 ⁸⁸.

375 1562 536 1617 Tunc
566 1562 716 1617 enim
767 1559 1039 1631 ﬁguratur
1067 1557 1325 1614 Christus
1362 1558 1418 1612 in
1448 1557 1609 1612 nobis
1656 1572 1758 1627 per
1800 1554 1965 1627 spiri-

378 1663 495 1708 tum
517 1652 800 1723 sapientiae
826 1660 883 1706 et
920 1650 1278 1706 revelationis
1312 1649 1611 1720 agnitionis
1632 1649 1755 1704 Dei.

452 1747 554 1817 l7
599 1745 663 1812 Q.
688 1744 831 1811 Quid
859 1753 944 1799 est
964 1743 1415 1813 breviloquium?
1452 1742 1519 1797 Β.
1547 1742 1737 1796 Virtus
1767 1756 1964 1811 opera-

376 1840 547 1895 tionis
575 1837 930 1895 solitudinis:
966 1837 1208 1892 solitudo
1248 1851 1445 1892 sensus
1472 1835 1778 1891 mortiﬁcat
1804 1844 1963 1890 exte-

1432 431 1665 491 LI‘BER
1705 431 1804 493 DE
1843 425 2301 491 CONTEMPTU
2342 426 2621 488 MUNDI.

376 546 664 604 intellectu
713 542 1017 615 proﬂuunt,
1062 555 1188 612 qua:
1213 554 1418 609 corpus
1456 540 1723 595 decorant
1750 539 1957 610 pariter
1986 545 2034 603 Α

2650 535 2876 593 CAPUT
2912 536 3057 593 XIX.

2310 627 2693 683 Revelationes.
2722 629 2951 685 Mundus
2976 631 3131 684 corde
3159 632 3276 700 quis
3306 632 3396 686 sit.

2130 720 2198 788 Q.
2245 721 2343 778 Est
2392 721 2539 776 idem
2586 722 2852 779 revelatio
2900 732 2959 780 et
3002 724 3189 779 visio?
3244 725 3314 779 Β.
3344 725 3503 794 Non;
3536 728 3648 785 imo

2062 814 2379 871 differentia
2402 824 2508 870 est.
2538 816 2825 871 Revelatio
2847 816 2998 872 enim
3030 818 3314 875 multoties
3343 819 3550 876 dicitur
3577 822 3649 878 de

2063 905 2462 961 duobusznam
2497 906 2626 976 quia
2648 908 2929 962 revelatur
2958 909 3257 973 occultum,
3295 911 3476 969 omnis
3509 913 3650 970 visio

2062 998 2265 1054 dicitur
2277 998 2667 1063 revelatio,sed
2682 1015 2790 1054 non
2805 1000 2986 1056 omnis
2998 1001 3261 1058 revelatio
3273 1003 3475 1060 dicitur
3488 1005 3646 1062 visio.

2062 1093 2199 1149 Nam
2235 1091 2502 1148 revelatio
2536 1107 2606 1147 ex
2643 1108 2840 1164 magna
2872 1103 3028 1164 parte
3061 1094 3295 1151 defectis
3316 1106 3374 1152 et
3402 1113 3435 1152 a
3465 1108 3650 1156 mente

2062 1183 2300 1255 gustatis
2348 1183 2643 1254 accipitur.
2689 1183 2844 1240 Visio
2887 1184 2948 1240 ﬁt
2997 1186 3157 1255 quasi
3210 1186 3549 1259 imaginibus
3591 1199 3652 1245 et

2062 1276 2280 1341 formis,
2312 1275 2459 1332 sicut
2480 1275 2613 1331 olim
2642 1275 2811 1331 ﬁebat
2839 1276 3083 1348 antiquis
3110 1279 3197 1334 vel
3227 1278 3281 1333 in
3309 1295 3502 1336 somno
3524 1297 3654 1353 pro-

2061 1369 2262 1437 fundo,
2309 1370 2398 1425 vel
2440 1368 2756 1440 vigilando;
2808 1378 2866 1426 et
2913 1371 3215 1442 aliquando
3263 1373 3507 1438 certius,
3552 1374 3655 1429 ali-

2062 1463 2287 1534 quando
2335 1478 2471 1518 vero
2525 1462 2581 1517 in
2625 1462 3045 1533 phantasmate,
3096 1475 3153 1521 et
3190 1467 3431 1536 quodam
3485 1467 3652 1523 modo

2062 1557 2305 1613 obscuro
2330 1574 2344 1611 :
2372 1565 2601 1627 propter
2632 1556 2779 1628 quod
2808 1565 2865 1613 et
2887 1558 3003 1627 ipse
3029 1558 3126 1630 qui
3159 1559 3333 1626 videt,
3367 1561 3652 1617 multoties

2063 1650 2285 1722 ignorat
2311 1658 2496 1705 utrum
2531 1650 2811 1721 vigilando
2835 1652 3041 1719 videat,
3071 1668 3141 1707 an
3171 1652 3518 1719 dormiendo,
3554 1663 3653 1729 aut

2063 1758 2164 1813 per
2190 1758 2381 1799 vocem
2435 1742 2591 1797 audit
2640 1745 3072 1814 susceptionem.
3129 1745 3472 1817 Quandoque
3515 1764 3652 1803 vero

2064 1839 2302 1891 formam
2344 1835 2515 1899 videt,
2572 1837 2873 1908 aliquando
2932 1838 3105 1910 magis
3150 1839 3363 1895 scilicet
3401 1839 3539 1895 facie
3580 1841 3650 1896 ad

377 1934 577 1996 riores,
634 1943 689 1985 et
724 1930 955 1986 suscitat
992 1939 1173 1985 motus
1216 1929 1533 1995 interiores,
1585 1928 1684 1983 sed
1737 1929 1956 1984 extrin-
1994 1914 2037 1974 Β
2064 1929 2290 1985 faciem.
2338 1929 2406 1984 Et
2433 1928 2575 1984 visio
2603 1936 2659 1985 et
2683 1929 2979 1985 collocutio
3007 1931 3243 1987 virtutes
3268 1941 3400 1988 sunt
3422 1940 3648 1996 sanctae,

376 2041 502 2081 seca
530 2023 781 2095 operatio
809 2026 1042 2081 istorum
1082 2022 1363 2078 contraria
1410 2028 1694 2093 operatur.
1736 2020 1802 2088 Q.
1829 2020 1961 2088 Quae

374 2127 463 2173 est
520 2117 625 2172 ista
683 2133 853 2172 causa
898 2117 1181 2172 visionum
1226 2126 1284 2172 et
1335 2115 1774 2180 revelationum;
1831 2112 1963 2184 quia

374 2211 604 2281 quidam
632 2211 843 2277 vident,
872 2210 1099 2280 quidam
1143 2225 1278 2265 vero
1325 2208 1626 2263 laborant:
1680 2207 1807 2277 plus
1855 2207 1959 2273 eis,

373 2310 433 2357 et
460 2301 600 2357 visio
625 2316 735 2355 non
762 2311 1023 2371 operatur
1058 2301 1113 2355 in
1143 2300 1250 2356 eis?
1279 2300 1344 2354 R.
1367 2298 1560 2355 Causa:
1579 2299 1767 2354 multae
1791 2307 1960 2355 sunt:

375 2394 630 2464 quaedam
658 2394 808 2449 enim
837 2393 977 2449 ﬁunt
1000 2410 1099 2464 per
1133 2392 1607 2464 dispensationem
1647 2392 1839 2463 gratiae
1866 2408 1963 2464 ge-

376 2487 586 2543 neralis
607 2488 903 2553 utilitatis;
938 2486 1190 2558 quaedam
1229 2501 1361 2541 vero
1401 2485 1542 2540 ﬁunt
1581 2484 1652 2539 ad
1685 2484 1966 2540 conforta-

379 2577 591 2632 tiouem
627 2586 685 2632 et
714 2576 1045 2632 doctrinam.
1086 2576 1154 2631 Et
1186 2576 1367 2646 primo
1402 2574 1628 2646 quidem
1656 2591 1756 2646 per
1793 2575 1962 2631 mise-

380 2669 678 2724 ricordiam
705 2669 802 2725 Dei
843 2669 1239 2740 dispensantur
1261 2669 1379 2724 haec
1410 2670 1596 2725 omnia
1618 2669 1960 2725 hominibus.

378 2761 450 2818 Et
479 2762 660 2818 tribus
689 2777 909 2832 quoque
954 2761 1134 2837 modis
1184 2777 1253 2816 ex
1283 2760 1519 2815 maxima
1549 2769 1727 2831 parte.
1777 2762 1874 2817 Vel
1906 2761 1964 2815 in

378 2853 814 2925 simplicioribus
842 2851 938 2923 qui
958 2838 1104 2907 sunt
1131 2852 1341 2922 absque
1368 2853 1577 2907 malitia
1608 2854 1848 2924 penitus,
1876 2854 1963 2909 vel

378 2947 438 3004 in
466 2947 798 3018 quibusdam
838 2944 1083 3017 perfecte
1124 2946 1351 3010 sanctis,
1388 2945 1476 3001 vel
1508 2945 1844 3000 habentibus
1876 2962 1966 3001 ne»

379 3042 493 3097 ium
525 3040 758 3113 ignitum
810 3038 960 3104 ﬁdei,
1000 3048 1057 3093 et
1106 3038 1175 3093 de
1222 3037 1329 3092 hoc
1379 3038 1583 3093 saeculo
1634 3037 1962 3109 desperatis,

379 3133 476 3205 qui
518 3132 763 3204 perfecte
809 3130 1348 3186 abrenuntiaverunt
1387 3136 1443 3183 et
1488 3144 1520 3183 a
1550 3128 1964 3184 cohabitatione

382 3229 670 3283 hominum
703 3233 1079 3289 recesserunt,
1129 3235 1186 3279 et
1237 3232 1361 3293 post
1390 3223 1563 3277 Deum
1592 3222 1724 3276 nudi
1755 3221 1963 3293 egressi

2063 2018 2245 2090 dignis
2276 2028 2609 2089 apparentes
2650 2029 2708 2074 et
2737 2020 3110 2077 revelationes
3154 2022 3420 2079 facientes
3464 2023 3521 2077 in
3552 2022 3652 2078 de-

2063 2112 2396 2168 sertioribus
2452 2112 2589 2168 locis
2636 2122 2695 2168 et
2747 2114 3135 2171 remotissimis
3183 2115 3252 2170 ab
3308 2116 3646 2174 hominibus.

2064 2201 2192 2256 Haec
2222 2202 2389 2272 igitur
2411 2202 2549 2257 ﬁunt
2577 2218 2703 2258 cum
2733 2219 2801 2259 ex
2836 2205 3170 2262 necessitate
3197 2207 3362 2262 homo
3392 2216 3518 2279 eget
3544 2209 3647 2275 eis,

2061 2291 2110 2347 si
2145 2306 2254 2346 non
2279 2290 2446 2347 habet
2470 2292 2634 2347 aliam
2663 2293 3074 2365 susceptionem
3101 2296 3187 2351 vel
3211 2297 3648 2354 consolationem

2063 2398 2132 2437 ex
2154 2384 2294 2439 loco.
2330 2384 2718 2440 Revelationes
2737 2401 2871 2441 vero
2897 2402 3019 2457 quae
3050 2397 3361 2459 sequuntur
3386 2390 3442 2445 in
3466 2401 3650 2448 mente

2065 2490 2165 2544 per
2196 2475 2546 2543 munditiam,
2599 2490 2841 2548 acceptae
2870 2488 3002 2534 sunt
3026 2480 3161 2553 (51),
3199 2492 3257 2538 et
3303 2484 3651 2542 solummodo
3740 2526 3742 2528 τ

2064 2567 2434 2637 perfectorum
2467 2577 2523 2624 et
2556 2570 2863 2639 peritorum
2892 2572 3188 2629 exsistunt.
3229 2575 3295 2643 ρ.
3318 2576 3373 2632 Si
3399 2578 3652 2647 pervenit

2065 2660 2269 2732 aliquis
2290 2662 2360 2717 ad
2383 2662 2714 2719 munditiam
2732 2665 2940 2733 cordis,
2967 2668 3113 2737 quod
3139 2678 3223 2724 est
3248 2671 3466 2742 signum
3490 2672 3648 2743 ejus;

2064 2763 2123 2810 et
2157 2754 2383 2824 quando
2428 2758 2713 2827 cognoscit
2765 2758 2951 2826 homo,
3010 2762 3158 2831 quod
3212 2765 3533 2834 pervenerit
3582 2765 3652 2820 ad

2065 2847 2394 2902 munditiam
2426 2864 2523 2904 cor
2556 2850 2775 2920 ipsius?
2815 2854 2882 2908 R.
2918 2853 3056 2909 Cum
3097 2855 3250 2911 videt
3291 2858 3417 2927 quis
3462 2874 3654 2914 omnes

2066 2939 2320 2996 homines
2352 2957 2475 2997 esse
2506 2941 2707 3010 bonos,
2748 2961 2854 3000 nec
2883 2954 3113 3016 apparet
3141 2948 3194 3003 ei
3237 2948 3531 3019 quisquam
3557 2950 3656 3005 im-

2067 3032 2312 3089 mundus
2338 3035 2426 3090 vel
2459 3037 2892 3106 contaminatus,
2922 3048 3053 3095 tunc
3078 3051 3165 3097 est
3190 3042 3432 3098 mundus
3461 3044 3652 3113 corde,

2066 3125 2326 3195 quoniam
2365 3129 2515 3183 enim
2547 3128 2834 3200 perﬁcitur
2867 3132 3097 3187 verbum
3134 3135 3383 3203 Apostoli
3412 3153 3425 3190 :
3475 3136 3656 3208 Repu-

2067 3227 2177 3272 tate
2195 3235 2373 3274 omnes
2391 3221 2614 3291 potiores
2631 3239 2693 3276 ea:
2713 3224 2884 3278 cordis
2898 3226 3232 3293 sinceritate;
3250 3227 3353 3283 nisi
3375 3231 3657 3299 perveniat

379 3326 534 3396 sunt,
570 3316 785 3370 nullum
827 3287 1093 3368 auxilium
1125 3328 1155 3366 a
1185 3287 1502 3367 visibilibus
1556 3287 1959 3381 exspectantes,
1993 3287 2035 3347 C
2070 3310 2139 3365 ad
2164 3311 2299 3367 illud
2324 3287 2470 3383 quod
2488 3314 2713 3383 dicitur,
2731 3315 2922 3372 Oculus
2950 3318 3115 3372 bonus
3145 3287 3249 3373 non
3278 3287 3415 3374 videt
3436 3321 3654 3377 mala”.

379 3426 549 3480 super
570 3423 710 3479 quos
755 3407 922 3463 irruit
972 3403 1271 3476 aliquando
1302 3402 1539 3458 formido
1570 3411 1797 3474 propter
1830 3402 1963 3458 soli-

383 3503 634 3559 tudinem
661 3521 675 3557 :
712 3502 796 3556 vel
829 3499 1051 3571 quando
1081 3497 1392 3554 circumdat
1423 3497 1731 3569 periculum
1768 3497 1965 3554 mortis

378 3611 451 3652 ex
471 3596 613 3652 fame
639 3594 725 3650 vel
747 3592 1093 3656 inlirmitate,
1121 3598 1217 3645 aut
1235 3590 1403 3645 etiam
1430 3605 1498 3644 ex
1523 3589 1709 3660 aliquo
1737 3590 1961 3645 incursu

380 3695 479 3743 aut
508 3685 890 3749 tribulatione,
923 3682 1000 3737 ita
1038 3681 1294 3737 utetiam
1334 3681 1742 3752 appmpinquet
1769 3681 1967 3751 despe-

383 3781 612 3837 rationi.
635 3777 1096 3835 Consolationum
1126 3790 1262 3846 ergo
1293 3791 1416 3845 quae
1449 3775 1587 3830 ﬁunt
1611 3775 1834 3840 talibus,
1863 3790 1966 3830 nec

384 3873 526 3929 ﬁunt
553 3874 665 3929 illis
693 3872 790 3943 qui
817 3886 915 3927 eos
948 3879 1217 3940 superant
1240 3868 1297 3923 in
1324 3868 1513 3924 labore
1539 3886 1553 3923 :
1599 3867 1777 3939 prima
1798 3883 1965 3925 causa

382 3966 501 4022 htec
553 3974 659 4031 est,
702 3963 851 4035 quod
886 3972 1096 4035 quanto
1150 3960 1278 4032 quis
1329 3960 1498 4016 habet
1531 3960 1964 4016 consolationem

381 4056 680 4111 humanam
712 4056 784 4110 ab
814 4054 1018 4125 aliquo
1048 4053 1376 4117 visibilium,
1420 4059 1575 4107 tanto
1616 4050 1724 4107 sibi
1767 4051 1963 4123 hujus-

380 4149 533 4203 rnodi
580 4146 989 4204 consolationes
1038 4161 1148 4201 non
1187 4144 1330 4199 ﬁunt
1374 4144 1481 4199 nisi
1522 4160 1622 4215 per
1681 4143 1965 4215 dispensa-

382 4241 588 4297 tionem
617 4241 858 4311 aliquam
885 4237 1322 4295 communitatis.
1361 4236 1535 4292 Nobis
1564 4245 1750 4292 autem
1780 4252 1964 4294 sermo

378 4334 451 4389 de
476 4333 780 4399 solitariis;
820 4332 1004 4387 ethoc
1026 4340 1260 4388 testatur
1290 4345 1436 4385 unus
1473 4329 1543 4386 de
1572 4330 1832 4386 Patribus
1866 4330 1963 4402 qui

378 4442 481 4496 pro
516 4425 632 4495 ipsa
687 4424 1072 4479 consolatione
1126 4438 1321 4493 preces
1362 4423 1560 4478 effudit
1602 4432 1661 4478 et
1706 4423 1960 4479 audivit:

378 4516 610 4572 Sufl‘ecit
640 4515 946 4571 consolatio
972 4524 1028 4569 et
1062 4514 1399 4584 colloquium
1443 4513 1750 4568 hominum.
1806 4513 1962 4572 Alius

374 4605 572 4661 eodem
597 4604 760 4659 modo
780 4619 905 4659 cum
926 4611 1074 4659 esset
1096 4603 1153 4658 in
1177 4603 1475 4659 solitudine
1498 4612 1555 4658 et
1576 4604 1790 4659 viveret
1806 4603 1960 4674 juxta

376 4695 839 4752 consuetudinem
897 4695 1298 4759 solitariorum,
1354 4696 1683 4766 epulabatur
1717 4693 1771 4750 in
1808 4697 1959 4751 omni

376 4792 513 4845 hora
552 4791 726 4862 gratia
776 4789 1192 4845 consolationis.
1248 4788 1387 4845 Cum
1431 4799 1615 4845 autem
1661 4791 1964 4861 appropin-

376 4892 606 4954 quasset
660 4866 889 4948 mundo,
935 4882 1192 4953 quaesivit
1236 4897 1358 4936 eam
1402 4882 1559 4953 juxta
1604 4881 1963 4938 consuetudi-

377 4991 529 5041 nem,
559 4992 663 5032 uec
690 4974 936 5031 invenit:
969 4985 1027 5031 et
1052 4973 1385 5045 supplicavit
1407 4990 1438 5027 a
1462 4975 1576 5029 Deo
1601 4990 1827 5029 causam
1853 4973 1958 5028 sibi

376 5070 698 5141 signiﬁcari,
719 5069 911 5124 dicens
936 5086 949 5122 :
975 5068 1260 5137 Nunquid,
1284 5066 1538 5135 Domine,
1582 5076 1809 5138 propter
1844 5066 1963 5137 epi-

376 5174 673 5233 scopatum
704 5162 934 5217 recessit
965 5178 993 5215 a
1021 5176 1109 5216 me
1142 5158 1723 5231 gratia?Responsum
1753 5166 1839 5213 est
1866 5160 1917 5213 ei
1944 5176 1957 5213 :

377 5255 536 5318 Non;
581 5255 678 5311 sed
706 5254 836 5326 quia
868 5255 1133 5310 Dominus
1159 5254 1443 5325 dispensat
1474 5268 1598 5308 cum
1632 5253 1719 5307 his
1758 5253 1854 5323 qui
1903 5253 1959 5307 in

376 5361 565 5401 eremo
599 5356 1040 5412 commorantur,
1094 5352 1155 5400 ut
1208 5361 1305 5400 eos
1349 5344 1518 5416 hujus
1563 5342 1962 5399 consolationis

376 5439 577 5509 dignos
616 5439 802 5495 faciat.
828 5440 1096 5495 ludecens
1138 5450 1224 5495 est
1251 5440 1400 5495 enim
1432 5453 1767 5509 quemquam
1812 5436 1959 5491 divi-

377 5546 506 5584 nam
531 5532 782 5602 recipere
806 5531 1268 5597 consolationem,
1303 5540 1360 5586 et
1394 5532 1576 5598 istam,
1626 5529 1731 5585 nisi
1772 5530 1844 5585 sit
1888 5531 1960 5586 ob

377 5621 851 5693 dispensationem
879 5624 1118 5695 aliquam
1149 5625 1563 5695 praedictorum.

2140 3403 2204 3471 Q.
2257 3403 2400 3471 Quid
2451 3416 2542 3462 est
2568 3408 2862 3475 munditia,
2907 3419 2963 3466 et
3006 3427 3296 3483 usquequo
3336 3422 3422 3469 est
3471 3415 3660 3471 termi-

2072 3509 2179 3549 nus
2206 3495 2359 3566 ejus?
2394 3497 2460 3551 R.
2495 3498 2763 3554 Munditia
2792 3509 2877 3555 est
2898 3501 3106 3557 oblivio
3126 3504 3436 3574 specierum
3472 3507 3657 3563 scien-

2072 3587 2181 3648 tize,
2215 3604 2339 3659 qua:
2366 3600 2495 3645 sunt
2524 3602 2717 3647 contra
2745 3602 3021 3661 naturam,
3062 3612 3201 3666 quas
3236 3598 3290 3653 in
3324 3599 3533 3655 mundo
3561 3601 3659 3656 ad-

2073 3676 2286 3732 invenit
2319 3686 2553 3735 natura:
2598 3682 2868 3739 terminus
2910 3695 3097 3741 autem
3146 3702 3257 3757 quo
3306 3688 3432 3759 quis
3457 3690 3659 3748 libere-

2073 3778 2165 3823 tur
2195 3771 2264 3825 ab
2311 3771 2415 3837 eis,
2452 3781 2557 3838 est,
2591 3782 2650 3829 ut
2678 3775 2868 3830 redeat
2905 3777 3072 3833 homo
3118 3779 3186 3833 ad
3236 3781 3472 3851 primam
3526 3783 3659 3839 sim-

2072 3860 2379 3931 plicitatem
2408 3872 2619 3919 natura:
2648 3881 2761 3921 sua:
2793 3875 2850 3921 et
2877 3867 3273 3937 innocentiam,
3299 3882 3359 3927 ut
3377 3889 3515 3945 puer
3536 3876 3656 3934 sine

2070 3954 2273 4024 puerili
2309 3954 2549 4012 defectu.
2605 3956 2671 4024 Q.
2718 3958 2888 4015 Decet
2926 3961 3168 4033 aliquem
3215 3964 3284 4019 ad
3326 3966 3476 4023 hunc
3504 3970 3656 4025 ordi-

2071 4062 2197 4102 nem
2250 4047 2587 4118 pervenire?
2630 4050 2696 4104 lt.
2738 4048 2869 4106 Sic:
2928 4067 3058 4108 ecce
3108 4054 3283 4111 abbas
3327 4055 3516 4129 Sysois
3562 4060 3645 4116 sic

2071 4140 2324 4210 pervenit
2357 4140 2426 4196 ad
2474 4141 2617 4198 hanc
2661 4159 3001 4214 mensuram,
3046 4156 3109 4203 ut
3158 4160 3436 4219 quaereret
3476 4168 3506 4207 a
3554 4168 3655 4209 suo

2070 4231 2368 4303 discipulo,
2405 4234 2451 4290 si
2476 4235 2814 4293 comedisset
2862 4240 3092 4294 annon?
3127 4241 3197 4295 Et
3241 4242 3387 4298 alius
3431 4244 3656 4315 quidem

2071 4324 2139 4379 de
2188 4325 2448 4381 Patribus
2492 4327 2560 4382 ad
2596 4329 2762 4384 talem
2804 4330 3218 4401 simplicitatem
3263 4336 3429 4405 paulo
3476 4337 3658 4394 minus

2071 4416 2343 4487 puerilem
2366 4418 2613 4481 devenit,
2648 4430 2709 4475 ut
2731 4422 2979 4476 omnium
3009 4440 3133 4493 quae
3180 4425 3274 4480 hic
3321 4436 3471 4494 sunt,
3510 4437 3658 4484 esset

2069 4510 2298 4575 oblitus,
2332 4521 2388 4566 et
2434 4513 2770 4569 comedisset
2815 4524 2943 4571 ante
2982 4518 3431 4574 communionem
3480 4520 3588 4576 nisi
3624 4539 3657 4577 a

2072 4604 2363 4674 discipulis
2407 4604 2806 4676 impediretur;
2858 4617 2915 4664 et
2946 4608 3207 4680 discipuli
3250 4609 3337 4666 sui
3380 4612 3657 4671 ducebant

2072 4697 2250 4767 ipsum
2273 4698 2342 4752 ad
2372 4700 2843 4766 communionem,
2873 4702 3031 4771 quasi
3056 4718 3327 4772 puerum;
3369 4716 3425 4760 et
3450 4707 3656 4761 mundo

2069 4790 2295 4860 quidem
2350 4806 2490 4860 puer
2534 4801 2673 4858 crat,
2730 4793 2826 4848 sed
2870 4794 2925 4848 in
2980 4794 3165 4849 anima
3212 4795 3488 4866 perfectus
3537 4809 3659 4857 erat

2068 4884 2216 4954 apud
2251 4885 2449 4940 Deum.
2480 4885 2545 4952 ρ.
2577 4885 2750 4954 Quam
2785 4889 3201 4945 meditationem
3237 4900 3294 4945 et
3328 4892 3655 4950 exercitium

2069 4976 2277 5033 habere
2304 4977 2474 5033 debet
2512 4981 2798 5035 solitarius
2839 4981 2892 5035 in
2924 4981 3227 5037 solitudine
3256 4998 3376 5048 sua,
3427 5000 3497 5039 ne
3540 4994 3657 5041 stu-

2068 5070 2196 5127 deat
2228 5087 2386 5127 mens
2416 5072 2470 5127 in
2499 5072 2930 5144 cogitationibus
2970 5074 3173 5130 vanis?
3210 5075 3277 5129 R.
3310 5076 3387 5130 De
3419 5078 3654 5134 medita-

2066 5166 2219 5219 tione
2243 5172 2300 5218 et
2323 5165 2594 5221 exercitio
2616 5166 2820 5236 quibus
2849 5166 3215 5222 mortiﬁcetur
3239 5168 3405 5223 homo
3429 5169 3483 5224 in
3514 5173 3650 5227 cella

2068 5271 2190 5310 sua.
2256 5257 2518 5327 Nunquid
2562 5258 2730 5313 homo
2777 5258 3011 5330 pervigil
3070 5266 3128 5313 et
3150 5258 3405 5325 festinus,
3451 5259 3546 5331 qui
3581 5261 3652 5317 ad

2066 5360 2305 5399 animam
2331 5357 2457 5418 eget
2477 5348 2933 5418 interrogatione,
2962 5349 3242 5418 quomodo
3268 5359 3649 5417 conversetur,

2067 5436 2370 5493 dummodo
2399 5438 2473 5494 sit
2493 5454 2679 5494 secum
2701 5439 2723 5493 ?
2749 5438 2892 5506 Quid
2920 5439 3070 5495 aliud
3100 5447 3186 5495 est
3212 5438 3503 5495 meditatio
3530 5458 3652 5497 mo-

2067 5532 2255 5596 nachi,
2279 5548 2445 5602 quam
2476 5534 2660 5589 luctus
2683 5534 2738 5589 in
2779 5535 2918 5590 cella
2960 5535 3108 5590 sua?
3148 5534 3412 5606 Nunquid
3452 5536 3525 5592 ob
3567 5536 3654 5593 lu-

2069 5632 2219 5679 ctum
2241 5626 2421 5681 valeat
2439 5626 2610 5682 etiam
2630 5627 2699 5683 ad
2725 5628 2887 5683 aliam
2910 5628 3303 5700 cogitationem
3335 5629 3655 5701 respicere?

445 5739 493 5774 "
521 5741 732 5798 Coloss.
760 5757 839 5807 ιη,
876 5744 927 5798 l.
1002 5740 1049 5773 ⁸⁸
1080 5742 1125 5797 ll
1148 5740 1276 5797 Cor.
1310 5758 1379 5808 ιν,
1422 5740 1473 5797 6.
1540 5742 1585 5773 ⁸³
1621 5740 1823 5797 Ezech.
1858 5756 1930 5795 xu.

2082 5741 2320 5814 Philipp.
2344 5759 2402 5809 ιι,
2429 5744 2484 5799 5.

447 5862 556 5938 (ξφ)
590 5863 694 5938 Cor
738 5862 1166 5938 meunl.__\_iulg.,
1198 5877 1288 5914 car
1333 5878 1517 5916 unum.
1560 5861 1705 5917 LXX
1736 5868 1962 5916 vertunt
2000 5863 2227 5935 καρδίαν
2251 5865 2466 5937 ἑτέραν,
2504 5882 2595 5921 cor
2632 5866 2884 5935 alterum,
2911 5868 2961 5923 id
2992 5878 3097 5938 est,
3139 5886 3366 5927 novum.

449 5933 559 6005 f3l)
594 5936 849 6007 Acceptte.
880 5932 1045 5999 Editi,
1077 5942 1125 5986 et
1152 5941 1394 6003 arrepta.
