4112 6554
473 428 578 498 847

473 653 581 710 que
605 633 780 694 sessio
819 644 877 690 et
907 632 1150 688 solitudo
1182 629 1443 686 monachi
1468 629 1663 686 similis
1701 638 1788 684 est
1814 643 2049 684 conver-

473 730 727 786 santibus
746 728 803 782 in
832 726 1122 797 sepulcris,
1146 740 1268 796 quae
1287 723 1356 778 ab
1375 723 1620 777 humano
1637 721 1836 792 gaudio
1858 720 2049 776 distat.

476 823 646 877 Docet
675 833 825 884 eum,
855 817 984 888 quia
1012 817 1193 871 luctus
1216 822 1302 870 est
1325 813 1574 884 operatio
1609 813 1752 884 ejus,
1783 820 1841 866 et
1870 811 2050 882 ipsum

473 926 779 984 cognomen
824 907 1068 963 nominis
1095 906 1180 961 sui
1209 905 1279 960 ad
1326 905 1444 960 haec
1491 903 1705 958 inducit
1745 917 1910 968 eum;
1967 901 2052 956 lu-

471 1015 704 1061 ctuosus
728 1001 936 1060 etenim
959 999 1290 1071 appellatur,
1313 997 1366 1051 id
1391 1005 1496 1061 est,
1520 1010 1741 1050 amarus
1771 994 1956 1050 corde.
1984 993 2052 1048 Et

472 1112 668 1154 omnes
697 1110 918 1167 quoque
957 1091 1134 1148 sancti
1176 1089 1417 1161 lugendo
1445 1089 1655 1159 egressi
1679 1094 1810 1142 sunt
1846 1086 1916 1142 de
1947 1086 2054 1140 bac

471 1191 607 1246 vita.
649 1189 727 1244 Ex
762 1203 872 1258 quo
918 1185 1094 1242 sancti
1124 1185 1387 1254 lugebant
1412 1192 1468 1237 et
1495 1195 1691 1236 eorum
1730 1178 1877 1234 oculi
1903 1177 2052 1248 pleni

474 1281 733 1354 lacrymis
782 1293 1002 1348 semper
1048 1285 1247 1332 erant:
1295 1274 1473 1330 donec
1528 1271 1926 1344 egrederentur
1983 1269 2052 1326 de

476 1375 581 1430 hac
612 1373 746 1437 vita,
795 1384 985 1427 omnes
1019 1368 1333 1438 plorabant.
1386 1363 1702 1421 Consolatio
1752 1376 1884 1418 sane
1931 1376 2051 1415 mo-

476 1467 640 1522 nachi
681 1465 750 1521 de
778 1463 1000 1534 planctu
1037 1460 1324 1527 nascitur;
1379 1467 1435 1513 et
1464 1457 1670 1527 ubique
1717 1455 1946 1526 perfecti
1996 1462 2053 1508 et

476 1557 909 1629 triumphatores
953 1552 1047 1607 hic
1089 1552 1467 1622 ploraverunt.
1519 1548 1616 1602 Ille
1661 1546 1776 1618 qui.
1805 1544 2050 1601 vulneri-

475 1654 582 1708 bus
606 1660 692 1707 est
730 1649 994 1720 repletus,
1025 1643 1304 1718 quomodo
1332 1642 1631 1699 sustinebit
1663 1651 1726 1697 ut
1758 1656 1789 1697 a
1821 1641 2050 1712 planctu

473 1740 771 1814 quiescat?
799 1737 905 1806 Qui
927 1745 1162 1792 mortem
1189 1749 1343 1790 suam
1369 1733 1539 1788 habet
1567 1741 1695 1787 ante
1717 1747 1775 1787 se
1792 1732 2048 1802 positam,

472 1844 600 1909 eget
655 1831 928 1896 doctrina,
980 1845 1090 1901 quo
1145 1826 1478 1898 cogitatione
1535 1833 1723 1881 utatur
1770 1824 2048 1896 lacrymis.

475 1930 672 1985 Anima
714 1936 808 1983 tua
842 1922 1174 1980 mortiﬁcata
1225 1928 1311 1976 est
1363 1920 1419 1975 in
1471 1918 1746 1988 peccatis,
1804 1926 1865 1972 ut
1907 1917 2056 1988 jacet

474 2031 602 2079 ante
628 2027 986 2090 conspectum
1012 2025 1206 2080 tuum;
1238 2027 1360 2083 qure
1378 2019 1554 2067 mater
1576 2018 1662 2066 est
1688 2007 1834 2080 apud
1861 2007 2052 2079 M52),

473 2130 640 2187 quam
677 2121 830 2168 totus
865 2108 1129 2174 mundus,
1161 2115 1217 2162 et
1244 2106 1470 2177 planctu
1509 2117 1623 2158 non
1670 2111 1818 2174 eget.
1869 2101 1926 2157 Si
1957 2117 2054 2157 ve-

475 2206 726 2262 niremus
769 2203 826 2258 in
861 2199 1242 2264 solitudinem,
1272 2209 1566 2268 possemus
1596 2195 1652 2250 in
1684 2194 1908 2264 planctu
1937 2208 2054 2248 ma-

476 2312 613 2354 nere
638 2315 652 2352 :
689 2302 919 2367 propter
940 2291 1088 2363 quod
1119 2289 1341 2347 assidua
1373 2295 1556 2344 mente
1584 2286 1820 2342 Domino
1849 2286 2058 2356 suppli-

477 2403 692 2452 cemus,
731 2393 795 2440 ut
843 2381 1006 2438 nobis
1054 2381 1161 2436 hoc
1210 2379 1500 2450 largiatur.
1535 2376 1672 2431 Nam
1726 2376 1772 2431 si
1824 2377 2054 2449 gratiam

479 2482 626 2537 hanc
656 2476 1089 2542 obtinuerimus,
1111 2487 1234 2544 quae
1263 2468 1592 2541 caeteris(55)
1635 2468 1798 2524 donis
1837 2478 1923 2524 est
1954 2482 2056 2540 po-

479 2573 590 2629 tior
625 2581 682 2628 et
710 2569 987 2640 superior,
1041 2566 1110 2622 ad
1147 2562 1478 2621 munditiem
1534 2560 1949 2634 ingrediemur:
1999 2566 2058 2614 et

479 2679 607 2720 cum
635 2661 870 2734 ingressi
900 2658 1173 2716 fuerimus
1191 2657 1259 2713 ad
1292 2655 1567 2720 eamdem,
1614 2668 1727 2709 non
1769 2651 2057 2708 auferetur

478 2773 510 2813 a
544 2755 706 2811 nobis
732 2752 1005 2808 munditia
1039 2765 1214 2822 usque
1250 2749 1319 2805 ad
1359 2757 1612 2804 nostrum
1636 2745 1847 2802 exitum
1885 2743 2056 2814 hujus

477 2849 626 2904 vitae.
678 2845 833 2902 Beati
884 2843 1086 2900 mundo
1109 2841 1335 2907 corde",
1365 2845 1382 2862 ‘
1411 2839 1597 2907 aetati;
1649 2838 1908 2909 quoniam
1941 2849 2054 2892 non

477 2953 562 3001 est
595 2953 815 3014 tempus
856 2941 914 2996 in
947 2955 1059 3011 quo
1105 2955 1214 2995 non
1270 2936 1578 3013 percipiant
1629 2933 2052 2991 delectationem

479 3035 797 3111 hujusmodi
829 3036 1222 3108 lacrymarum,
1275 3040 1332 3087 et
1357 3031 1488 3102 ipsae
1513 3044 1732 3098 semper
1754 3026 2054 3083 Dominum

478 3129 962 3200 contemplantur:
997 3134 1054 3180 et
1078 3122 1473 3180 exsistentibus
1497 3119 1682 3175 adhuc
1714 3117 1968 3190 lacrymis
1996 3115 2053 3172 in

1825 418 1888 479 S.
1929 415 2178 478 ISAACI
2229 416 2405 478 SYRI

471 551 736 617 Quaenam
767 541 1060 600 meditatio
1088 539 1286 597 melior
1324 538 1430 594 hac
1455 535 1711 594 exsistit?
1745 537 1869 606 ipsa
1898 549 2057 590 nam-
2089 537 2135 592 Δ

2747 530 2976 590 CAPUT
3021 531 3143 589 XX.

2214 624 2484 692 Quomodo
2535 625 2784 681 meditari
2829 627 3016 681 debeat
3059 627 3254 698 aliquis
3283 629 3340 684 in
3376 628 3685 687 solitudine.

2220 718 2298 773 Ex
2333 719 2658 789 operatione
2692 718 2938 775 violenta
2981 721 3165 776 oritur
3210 722 3361 789 calor
3411 724 3535 782 sine
3582 741 3743 782 men-

2149 825 2312 875 sura,
2357 809 2456 880 qui
2485 810 2543 866 in
2574 809 2742 866 corde
2780 811 3056 883 ingeritur
3087 828 3158 869 ex
3187 809 3352 870 novis
3391 816 3746 887 cogitationi-

2150 900 2258 956 bus
2285 917 2409 972 quae
2438 902 2507 957 de
2551 916 2697 958 novo
2733 905 3142 974 superveniunt
3169 908 3367 964 menti.
3420 909 3560 964 Nam
3609 925 3748 982 ope-

2151 991 2294 1046 ratio
2325 1001 2384 1048 et
2411 992 2663 1048 custodia
2693 1000 2939 1050 mentem
2986 1004 3200 1052 acuunt
3244 998 3302 1052 in
3335 999 3588 1070 ipsarum
3633 1001 3749 1057 fer-

2151 1097 2304 1146 vore,
2351 1091 2410 1138 et
2464 1090 2732 1154 praestant
2778 1083 3095 1153 visionem;
3130 1095 3189 1141 et
3235 1084 3354 1143 haec
3403 1088 3548 1144 visio
3599 1089 3748 1160 parit

2153 1173 2436 1231 ferventes
2478 1176 2867 1247 cogitationes,
2921 1193 3060 1248 quas
3088 1178 3320 1249 praedixi
3345 1179 3401 1234 in
3445 1179 3744 1251 profundi-

2153 1277 2266 1324 tate
2305 1269 2539 1327 visionis
2562 1270 2784 1340 animae,
2816 1288 2939 1343 qua:
2980 1275 3377 1346 contemplatio
3407 1277 3744 1347 appellatur.

2153 1363 2282 1418 Haec
2309 1372 2497 1420 autem
2524 1365 2921 1436 contemplatio
2965 1366 3113 1438 parit
3163 1366 3480 1435 fervorem;
3532 1377 3592 1424 et
3636 1369 3745 1426 hoc

2153 1456 2376 1513 fervore
2422 1457 2520 1528 qui
2573 1456 2635 1513 fit
2685 1473 2754 1514 ex
2805 1459 2984 1530 gratia
3037 1459 3549 1531 contemplationis,
3607 1460 3744 1517 dum

2152 1547 2334 1604 ﬂuxus
2367 1549 2610 1620 gignitur
2655 1551 3064 1624 lacrymarum;
3102 1551 3160 1607 in
3192 1553 3468 1624 principio
3515 1554 3744 1624 quidem

2152 1642 2308 1713 prius
2328 1643 2556 1698 modicae
2572 1643 2787 1699 scilicet
2800 1645 3201 1714 superveniunt
3223 1645 3436 1702 homini
3454 1661 3552 1718 per
3567 1647 3744 1718 diem,

2157 1745 2214 1790 et
2260 1737 2461 1791 iterum
2504 1735 2801 1802 deficiunt;
2842 1745 2900 1792 et
2934 1752 3002 1793 ex
3041 1737 3148 1793 hoc
3181 1739 3516 1809 proveniunt
3554 1741 3740 1797 eidem

2165 1827 2549 1884 indeiicientes
2576 1829 2854 1902 lacrymze,
2894 1838 2951 1886 et
2977 1831 3174 1901 recipit
3208 1832 3390 1886 anima
3426 1848 3615 1903 pacem
3647 1850 3744 1890 co-

2157 1918 2490 1990 gitationum
2545 1929 2601 1975 et
2654 1918 2724 1974 ad
2786 1919 2989 1974 mentis
3044 1919 3378 1974 munditiam
3439 1920 3744 1977 exaltatur.

2156 2011 2262 2068 Per
2287 2012 2617 2068 munditiam
2656 2027 2789 2068 vero
2815 2013 3020 2069 mentis
3049 2013 3306 2084 pervenit
3329 2013 3400 2069 ad
3432 2013 3741 2070 videndum

2155 2115 2368 2161 secreta
2398 2123 2413 2173 ;
2451 2107 2579 2176 quia
2609 2105 2882 2161 munditia
2904 2113 2991 2162 est
3024 2105 3296 2162 absconsa
3323 2106 3381 2161 in
3415 2122 3575 2178 pace,
3616 2124 3744 2178 quae

2155 2194 2356 2266 pugnis
2398 2195 2688 2251 successit.
2721 2194 2854 2250 Post
2889 2193 2996 2250 hoc
3027 2204 3214 2250 autem
3264 2194 3536 2266 contingit
3579 2210 3745 2250 mens

2156 2286 2225 2341 a‘d
2272 2285 2574 2342 videndum
2621 2287 2990 2342 revelationes
3041 2296 3100 2343 et
3148 2287 3322 2358 signa,
3387 2286 3534 2343 sicut
3584 2287 3746 2343 videt

2156 2377 2413 2434 Ezechiel
2461 2379 2754 2450 propheta,
2788 2379 2884 2449 qui
2929 2378 3184 2450 designat
3222 2389 3337 2434 tres
3369 2379 3598 2435 ordines
3641 2394 3746 2449 per

2155 2485 2296 2540 quos
2341 2470 2750 2542 appropinquat
2801 2471 2986 2527 anima
3038 2472 3173 2528 Deo.
3217 2469 3445 2528 initium
3486 2472 3742 2527 omnium

2157 2560 2356 2616 horum
2383 2569 2470 2617 est
2503 2562 2710 2617 bonum
2741 2563 3084 2634 propositum
3128 2577 3258 2634 erga
3287 2563 3484 2629 Deum,
3521 2573 3581 2619 et
3614 2579 3744 2633 spe-

2156 2652 2273 2710 cies
2299 2653 2755 2710 inconvertibiles
2809 2670 3039 2726 operum
3081 2654 3419 2718 solitudinis,
3469 2671 3594 2726 quae
3642 2671 3745 2711 na-

2157 2755 2395 2802 scuntur
2427 2761 2496 2802 ex
2526 2749 2699 2802 multa
2733 2746 3069 2802 abstinentia
3103 2755 3160 2803 et
3185 2746 3539 2818 elongatione
3563 2763 3746 2803 saecu-

2155 2838 2398 2904 larium;
2446 2853 2551 2894 nec
2597 2846 2684 2894 est
2712 2839 2853 2894 adeo
2885 2839 3263 2895 necessarium
3297 2840 3512 2911 species
3539 2841 3745 2895 borum

2154 2949 2383 3004 operum
2435 2946 2532 3004 per
2571 2931 2787 3004 singula
2816 2931 3086 2997 recitare,
3134 2931 3266 3002 quia
3303 2942 3435 2988 sunt
3479 2933 3747 3004 pluribus

2153 3034 2298 3079 nota:
2324 3041 2336 3078 :
2357 3032 2736 3078 verumtamen
2759 3020 2890 3091 quia
2908 3020 3184 3077 indemnis
3207 3030 3293 3078 est
3314 3014 3744 3080 Occurrentibus

2153 3117 2422 3187 expositio
2463 3112 2810 3176 eorumdem,
2852 3112 3100 3183 quinimo
3150 3113 3302 3169 utilis
3346 3128 3468 3170 esse
3509 3116 3738 3185 pOterit,

477 3223 662 3280 oculis
707 3218 826 3274 suis
872 3223 1264 3286 promerentur
1318 3210 1590 3266 visionem
1649 3207 2052 3263 revelationum
2079 3223 2125 3284 ο
2154 3208 2299 3264 sicut
2324 3223 2427 3280 ego
2453 3207 2617 3274 duco,
2653 3207 2774 3262 illas
2809 3205 3084 3276 explicare
3110 3221 3220 3262 non
3251 3205 3579 3278 pigritabor.
3605 3206 3742 3275 Quae

478 3317 620 3388 ejus.
647 3313 710 3368 In
733 3305 1064 3366 excellentia
1095 3314 1276 3361 autem
1311 3317 1532 3358 suarum
1569 3299 1907 3362 orationum,
1950 3312 2055 3354 nec

480 3414 567 3464 est
596 3405 681 3460 eis
712 3399 891 3458 oratio
922 3399 1041 3453 sine
1082 3395 1360 3468 lacrymis.
1393 3395 1462 3449 Et
1497 3393 1606 3448 hoc
1642 3399 1730 3448 est
1773 3389 1920 3462 quod
1950 3390 2059 3446 Do-

482 3499 665 3555 minus
696 3494 815 3551 ait:
856 3491 1010 3548 Beati
1040 3491 1131 3562 qui
1153 3488 1354 3561 lugent,
1390 3487 1644 3559 quoniam
1679 3485 1780 3556 ipsi
1815 3480 2059 3538 consola-

479 3585 750 3643 buntur“.
788 3583 863 3638 De
895 3582 1001 3652 ιθ
1026 3581 1176 3635 luctu
1201 3577 1425 3650 quidem
1457 3575 1610 3632 venit
1640 3575 1808 3631 homo
1849 3574 1917 3630 ad
1957 3574 2059 3628 mi-

479 3674 846 3735 sericordiam
885 3673 1122 3738 animae;
1168 3677 1395 3742 propter
1419 3668 1567 3739 quod
1601 3667 1737 3724 dicit
1765 3666 2054 3732 Dominus,

481 3769 735 3842 quoniam
769 3767 872 3839 ipsi
917 3762 1354 3819 consolabuntur.
1405 3761 1525 3816 Non
1566 3759 1840 3832 expressit
1889 3775 2056 3830 quam

479 3859 936 3918 consolationem.
977 3855 1112 3913 Nam
1139 3869 1266 3911 cum
1297 3853 1604 3909 monachus
1647 3867 1748 3923 per
1787 3853 2059 3925 lacrymas

481 3950 766 4022 regionem
807 3945 1042 4002 transire
1069 3945 1442 4016 promeruerit
1488 3943 1776 4008 vitiorum,
1825 3951 1881 3998 et
1930 3958 2058 4012 per-

480 4041 698 4099 venerit
725 4039 793 4095 ad
830 4054 1084 4110 campum
1119 4038 1404 4094 munditiae
1431 4037 1628 4093 animae
1653 4078 1669 4104 ,
1699 4045 1832 4092 tunc
1858 4051 2056 4092 occur-

483 4137 558 4190 rit
586 4134 638 4190 ei
675 4131 995 4206 hujusmodi
1042 4131 1347 4188 consolatio
1392 4145 1515 4201 qua:
1544 4144 1653 4186 non
1686 4129 2060 4200 pertransitur

482 4230 552 4284 ab
588 4227 679 4282 his
710 4227 804 4298 qui
842 4225 1135 4281 inveniunt
1161 4239 1306 4290 eam,
1337 4231 1394 4279 et
1431 4223 1488 4278 in
1519 4222 1625 4278 ista
1656 4221 1901 4278 occurrit
1927 4236 2060 4276 con-

481 4319 681 4377 solatio
707 4334 834 4390 qua:
877 4317 968 4373 hic
994 4318 1310 4373 nullatenus
1340 4315 1643 4370 invenitur.
1691 4315 1760 4369 Et
1812 4320 1944 4369 tunc
1975 4313 2060 4369 in-

485 4405 698 4480 telligit.
735 4423 901 4479 quam
928 4407 1365 4463 consolationem
1395 4405 1629 4474 suscipit
1679 4403 1804 4459 linis
1853 4403 2057 4472 luctus,

481 4518 648 4575 quam
701 4503 845 4558 Deus
886 4518 987 4574 per
1027 4500 1357 4556 munditiam
1408 4497 1729 4570 lugentibus
1771 4498 2057 4570 elargitur.

2154 3309 2285 3358 sunt
2326 3300 2466 3366 istae,
2520 3298 2717 3365 fames,
2771 3297 2958 3364 lectio,
3005 3295 3304 3368 pervigiles
3355 3296 3524 3354 totius
3555 3299 3742 3354 noctis

2154 3393 2354 3465 vigilite
2401 3392 2557 3462 juxta
2630 3404 2795 3461 posse
2871 3390 3309 3462 uniuscujusque
3341 3431 3357 3458 ,
3436 3391 3742 3448 multitudo

2155 3483 2628 3557 genuﬂexionum,
2657 3498 2778 3553 quae
2810 3482 2878 3538 ad
2903 3482 3215 3538 faciendum
3249 3491 3377 3538 sunt
3409 3485 3742 3541 necessaria!

2158 3576 2213 3632 in
2255 3576 2412 3632 horis
2454 3575 2545 3631 die
2576 3590 2641 3630 ac
2698 3584 2859 3630 nocte
2886 3575 3188 3631 multoties.
3235 3575 3394 3630 Fiant
3445 3587 3632 3633 autem
3667 3578 3741 3633 ad

2156 3669 2344 3725 minus
2370 3684 2475 3724 xxx
2495 3661 2749 3739 qualibet
2773 3667 2894 3723 vice
2928 3677 2985 3724 et
3033 3667 3299 3723 adoretur
3347 3683 3502 3734 crux,
3565 3678 3625 3725 et
3658 3672 3742 3727 sic

2157 3759 2360 3817 deinde
2417 3759 2731 3816 recedatur.
2792 3759 2934 3814 Sunt
2983 3759 3209 3831 quidam
3259 3762 3353 3832 qui
3405 3761 3742 3819 addiderunt

2158 3854 2290 3910 huic
2323 3867 2560 3908 numero
2587 3854 2744 3925 juxta
2789 3868 2952 3923 posse
2985 3867 3168 3908 suum.
3213 3852 3322 3908 Alii
3373 3853 3430 3908 in
3486 3855 3740 3912 oratione

2157 3946 2371 4003 faciunt
2411 3953 2498 4001 ter
2547 3945 2795 4018 triginta,
2843 3945 3114 4001 habentes
3143 3955 3386 4001 mentem
3417 3947 3740 4018 pervigilem

2159 4037 2371 4109 absque
2405 4037 2673 4094 violentia
2721 4045 2777 4093 et
2804 4037 3068 4104 elatione,
3099 4037 3359 4109 prostrati
3396 4039 3452 4094 in
3497 4039 3738 4096 faciem:

2157 4139 2215 4186 et
2241 4129 2326 4184 ba:
2359 4127 2482 4184 duae
2504 4129 2722 4198 species
2751 4126 3107 4184 manifestant
3130 4136 3187 4184 et
3237 4138 3521 4199 exponunt
3550 4131 3744 4184 multi-

2159 4221 2409 4278 tudinem
2455 4220 2780 4277 divitiarum
2834 4221 3026 4292 gratia
3072 4236 3197 4291 quae
3243 4220 3472 4277 cuilibet
3524 4221 3740 4278 homini

2159 4313 2487 4370 dividuntur
2539 4313 2844 4370 secundum
2893 4329 2991 4370 sua
3039 4314 3372 4371 necessaria.
3424 4314 3562 4382 Quis
3606 4332 3742 4372 vero

2163 4407 2236 4462 sit
2260 4407 2460 4463 modus
2481 4407 2712 4462 alterius
2731 4407 3001 4461 orationis
3018 4413 3075 4460 et
3093 4408 3521 4477 perseverantiae
3544 4407 3602 4462 in
3622 4407 3740 4479 ipsa

2163 4498 2283 4554 sine
2318 4498 2607 4564 violentia,
2657 4498 2946 4569 indignum
3000 4500 3379 4568 reputavimus
3429 4498 3739 4569 publicam.

479 4570 619 4663 Quia
653 4570 916 4651 indecens
938 4603 1023 4650 est
1044 4592 1305 4649 continue
1338 4592 1617 4662 lugentem
1643 4590 1883 4660 aliquem
1907 4592 2058 4647 vitiis
2089 4570 2136 4627 Ῐ)
2163 4608 2267 4648 nec
2295 4591 2484 4647 verbis
2531 4591 2733 4663 linguae
2779 4601 2877 4646 aut
2927 4590 3246 4647 exaratione
3292 4590 3524 4658 calami;
3573 4606 3668 4656 ne,
3692 4592 3740 4646 si

482 4687 787 4746 molestari.
820 4684 1228 4757 lmpossibilius
1266 4683 1416 4739 enim
1455 4693 1542 4740 est
1591 4683 1762 4749 istud,
1811 4685 1958 4755 quod
2011 4684 2059 4740 si

479 4789 728 4838 mentem
790 4779 1034 4850 lugentis
1073 4776 1142 4833 ad
1192 4783 1412 4846 tempus
1457 4791 1488 4830 a
1533 4777 2060 4834 commemoratione

479 4880 716 4943 possunt
766 4870 1026 4940 laerymaa
1059 4868 1318 4921 alterare.
1375 4864 1519 4932 Quid
1560 4865 1811 4922 dicemus
1865 4867 1934 4923 de
1970 4867 2059 4925 his

477 4964 573 5035 qui
606 4961 953 5034 experientia
996 4958 1202 5020 habent
1235 4958 1324 5014 die
1359 4967 1637 5028 noctuque
1676 4958 1820 5014 hanc
1857 4975 2058 5015 conso-

477 5052 786 5111 lationem?
815 5050 1095 5106 Auxilium
1125 5058 1333 5112 autem,
1382 5048 1530 5120 quod
1571 5049 1633 5105 fit
1664 5065 1731 5106 ex
1773 5050 2052 5123 lacrymis,

479 5161 643 5200 nemo
673 5142 849 5206 novit,
885 5141 993 5197 nisi
1016 5141 1093 5197 illi
1117 5139 1213 5212 qui
1235 5140 1368 5196 huic
1389 5140 1718 5211 {operationi
1769 5157 1897 5197 suas
1936 5141 2056 5197 ani-

480 5253 598 5292 mas
653 5233 1023 5292 tradiderunt.
1090 5232 1294 5290 Omnes
1350 5232 1529 5288 sancti
1585 5233 2053 5289 introductionem

483 5330 626 5384 hanc
647 5327 905 5383 ail‘ectant
931 5343 946 5393 ;
971 5326 1100 5398 quia
1133 5340 1233 5396 per
1255 5325 1526 5397 lacrymas
1551 5325 1832 5397 aperietur
1852 5326 2053 5381 ostium

479 5433 666 5475 coram
693 5417 796 5483 eis,
825 5428 884 5472 ut
908 5416 975 5472 ad
1015 5415 1296 5488 regionem
1321 5415 1720 5471 consolationis
1736 5414 2055 5487 ingredian-

483 5519 573 5564 tur
631 5527 646 5565 :
700 5509 756 5565 in
827 5523 934 5579 qua
992 5507 1218 5578 regione
1262 5505 1494 5577 vestigia
1549 5505 1647 5562 Dei
1696 5521 1796 5576 per
1845 5507 2056 5563 revela-

479 5601 684 5658 tionem
716 5599 1108 5671 imaginantur.

537 5762 577 5793 "
606 5759 797 5814 Matth.
821 5774 876 5826 v,
907 5758 961 5812 8.
1035 5757 1080 5788 "
1103 5755 1239 5812 ibid.
1264 5755 1318 5808 5.
1403 5754 1448 5786 ³³
1478 5754 1497 5808 1
1531 5752 1656 5810 Cor.
1684 5770 1794 5821 xrv,
1828 5754 1916 5810 il.

551 5876 660 5944 {5%)
690 5875 880 5932 Mater.
916 5874 1007 5931 Sic
1033 5871 1189 5929 editi.
1223 5872 1306 5927 An
1345 5871 1562 5943 major?

2156 4683 2333 4740 lector
2385 4682 2731 4739 inveniretur
2788 4682 3260 4753 comprehendere
3307 4681 3454 4753 quod
3503 4683 3741 4754 legeret,

2155 4775 2462 4832 aestimaret
2488 4774 2710 4830 inutilia
2738 4782 2944 4844 etquae
2973 4773 3370 4829 scriberentur.
3418 4769 3516 4828 Vel
3556 4773 3603 4828 si
3649 4773 3741 4828 in-

2154 4868 2462 4933 veniretur,
2490 4875 2548 4924 et
2574 4865 2719 4921 scire
2767 4863 3232 4936 parvipenderet;
3287 4863 3475 4934 utique
3523 4864 3738 4919 nullum

2156 4962 2252 5033 qui
2287 4977 2474 5018 rerum
2514 4960 2770 5016 ordinem
2805 4958 3129 5030 ignoraret;
3172 4959 3275 5014 etsi
3305 4973 3372 5012 ex
3404 4957 3511 5014 hoc
3541 4958 3739 5014 ultimo

2162 5049 2510 5122 contingeret
2564 5048 2879 5120 vilipensio,
2931 5062 2999 5104 ex
3039 5049 3355 5120 praesidenti
3411 5063 3547 5104 vero
3595 5049 3742 5106 desi-

2163 5141 2322 5198 derio
2354 5150 2412 5198 et
2438 5142 2549 5198 hoc
2581 5141 2745 5197 modo
2779 5150 3008 5211 apparet
3037 5149 3098 5196 ut
3129 5140 3402 5197 barbarus
3443 5141 3499 5196 in
3549 5141 3742 5209 hujus-

2163 5236 2312 5292 modi
2353 5235 2544 5300 rebus,
2592 5235 2747 5307 juxta
2802 5234 3036 5290 verbum
3080 5233 3393 5305 Apostoli”
3434 5235 3528 5304 qui
3560 5234 3638 5289 ait
3671 5235 3740 5290 de

2161 5328 2550 5400 prophetante.
2582 5326 2909 5396 Quicunque
2955 5327 3122 5398 igitur
3152 5327 3320 5381 homo
3352 5324 3593 5396 adjicere
3639 5342 3739 5380 cu-

2164 5422 2266 5493 pit,
2297 5429 2356 5476 et
2380 5421 2525 5476 viam
2558 5418 2803 5476 ambulet
2831 5433 2998 5488 supra
3026 5417 3252 5482 dictam,
3284 5427 3341 5473 et
3363 5416 3739 5488 operationem

2163 5511 2334 5569 menti
2385 5511 2548 5568 faciat
2603 5519 3022 5576 consonantem,
3083 5519 3140 5566 et
3201 5524 3329 5564 eum
3383 5510 3480 5580 qui
3531 5509 3588 5564 in
3655 5509 3742 5563 his

2163 5603 2344 5659 factus
2371 5601 2566 5670 luerit,
2601 5603 2720 5674 ipse
2750 5602 2998 5658 addiscct
3027 5616 3126 5672 per
3161 5599 3541 5671 semetipsum.
3582 5601 3742 5657 Unde

2243 5871 2510 5945 (53mm,
2550 5883 2648 5929 etc.
2672 5873 2749 5927 lla
2781 5871 3371 5943 rescripsimus.Editi,
3404 5888 3533 5944 pra’,
3569 5884 3664 5930 etc.
