4102 6540
365 492 469 554 889

1408 496 1639 557 LIBER
1680 498 1776 557 DE
1814 498 2268 560 CONTEMPTU
2310 498 2588 562 MUNDI.

3513 502 3620 564 850

362 608 564 665 dicitur
585 628 598 664 :
619 609 762 666 Sede
783 609 837 665 in
856 611 993 666 cella
1011 619 1124 677 tua,
1141 618 1197 667 et
1217 611 1410 668 eadem
1429 614 1612 671 omnia
1631 624 1683 671 te
1700 615 1942 671 docebit.
1974 622 2019 677 Α
2050 630 2168 669 rum
2195 614 2442 671 referens
2469 614 2718 671 actiones
2743 630 2757 667 :
2780 613 2922 670 hanc
2941 628 3245 685 exponens,
3278 613 3372 684 qui
3406 616 3623 685 perﬁci-

943 745 1170 804 CAPUT
1201 746 1345 803 XXI.

512 858 590 915 De
622 861 1067 933 contemplatione
1096 873 1146 917 et
1183 866 1412 934 propria:
1449 864 1783 934 inﬁrmitatis

924 934 1364 989 consideratione.

430 1065 633 1123 Beatus
677 1076 762 1123 est
811 1068 979 1125 homo
1026 1070 1121 1141 qui
1172 1071 1277 1126 scit
1324 1069 1703 1126 inﬁrmitatem
1757 1087 1938 1138 suam,

360 1163 492 1232 quia
518 1163 621 1219 hac
653 1165 886 1220 scientia
934 1165 1154 1220 initium
1203 1166 1309 1222 sibi
1352 1167 1415 1221 ﬁt
1443 1174 1500 1221 et
1535 1168 1703 1223 etiam
1744 1167 1941 1223 funda-

358 1263 631 1312 mentum.
670 1257 807 1313 Cum
836 1258 982 1313 enim
1008 1259 1269 1314 didicerit
1298 1259 1519 1330 aliquis,
1547 1270 1602 1314 et
1628 1260 1683 1315 in
1706 1261 1941 1316 veritate

361 1347 698 1417 persenserit
723 1365 876 1403 suam
906 1349 1304 1415 inﬁrmitatem,
1330 1360 1463 1406 tunc
1490 1338 1791 1422 compescit
1820 1351 1942 1406 ani-

362 1455 508 1493 mam
542 1455 695 1494 suam
738 1456 770 1494 a
821 1440 1096 1497 laxatione
1134 1458 1256 1512 qua:
1281 1441 1536 1512 denigrat
1568 1443 1854 1498 scientiam
1888 1450 1945 1498 et

362 1530 705 1586 thesaurizat
733 1533 1039 1587 custodiam
1067 1533 1175 1588 sibi
1200 1533 1324 1604 ipsi.
1354 1533 1527 1589 Nemo
1545 1544 1730 1589 autem
1763 1541 1945 1605 potest

362 1623 652 1693 percipere
695 1624 1096 1689 infirmitatem,
1129 1624 1237 1679 nisi
1270 1626 1470 1681 tentari
1512 1626 1789 1682 modicum
1819 1644 1947 1698 per-

363 1716 617 1773 mittatur
645 1718 701 1773 in
729 1719 837 1784 his,
870 1735 992 1789 quae
1027 1719 1145 1774 sive
1182 1719 1423 1775 animam
1455 1719 1797 1789 opprimunt,
1829 1722 1945 1776 sive

361 1826 585 1881 corpus.
614 1812 770 1867 Tunc
794 1812 945 1867 enim
972 1813 1444 1881 comparationem
1475 1812 1686 1867 faciens
1716 1811 1949 1867 inﬁrmi-

364 1901 497 1956 tatis
516 1918 629 1956 sua:
662 1902 730 1956 ad
753 1902 1020 1958 auxilium
1044 1903 1165 1969 Dei,
1196 1904 1316 1974 ejus
1350 1903 1779 1974 magnitudinem
1802 1903 1947 1957 scire

362 2002 569 2065 potest.
612 1993 680 2048 Et
719 1994 890 2057 idem,
934 2010 1059 2051 cum
1090 1996 1433 2065 perspexerit
1477 1995 1545 2050 ad
1595 1996 1778 2051 omnia
1819 1996 1950 2050 arti-

363 2087 493 2143 ﬁcia
549 2102 672 2153 sua,
720 2087 982 2142 videlicet
1030 2087 1100 2142 ad
1150 2086 1482 2151 custodiam,
1534 2087 1948 2152 abstinentiam,

363 2179 769 2251 protectionem
793 2181 990 2236 animae
1014 2194 1150 2245 suat,
1187 2194 1289 2250 per
1311 2194 1434 2249 quae
1460 2189 1648 2249 sperat
1672 2178 1953 2234 conﬁden-

362 2272 501 2326 tiam
532 2271 806 2337 invenire,
843 2288 947 2327 nec
985 2271 1198 2328 invenit
1223 2270 1328 2327 sibi
1359 2270 1602 2342 portanti
1644 2271 1952 2341 tranquilli-

363 2371 561 2429 tatem,
588 2373 813 2433 propter
844 2363 1095 2418 timorem
1124 2361 1398 2433 percipiat
1437 2370 1494 2418 et
1544 2368 1840 2432 cognoscat
1881 2376 1950 2416 ex

359 2469 453 2519 eo,
487 2452 621 2523 quid
648 2453 815 2508 timor
845 2453 1029 2508 cordis
1054 2452 1306 2524 designat
1335 2461 1391 2508 et
1418 2452 1757 2519 manifestat,
1794 2452 1947 2524 quod

360 2556 526 2620 egeat
574 2548 766 2617 utique
796 2547 1029 2603 consilio
1070 2547 1321 2617 alicujus.
1376 2545 1484 2601 Cor
1524 2547 1671 2601 enim
1716 2554 1951 2601 testatur

361 2637 601 2693 interius
635 2654 701 2693 ex
766 2638 984 2703 timore,
1042 2637 1307 2709 quoniam
1361 2636 1623 2707 producit
1679 2636 1748 2691 ab
1799 2637 1949 2691 intus

360 2730 776 2794 demonstrans,
812 2729 960 2800 quod
987 2730 1265 2785 defectum
1303 2728 1539 2800 alicujus
1572 2729 1834 2799 patiatur,
1874 2728 1947 2784 ob

362 2824 473 2878 hoc
494 2823 830 2878 conﬁdentia
855 2832 1093 2893 nequeat
1122 2822 1393 2877 habitare.
1422 2822 1487 2876 Et
1508 2822 1769 2893 quoniam
1793 2822 1946 2877 auxi-

362 2916 502 2971 lium
550 2915 649 2970 Dei
698 2923 783 2970 cst
831 2914 980 2985 quod
1026 2914 1237 2969 salvarc
1290 2922 1513 2984 potest;
1562 2912 1786 2984 quando
1843 2912 1949 2968 scit

361 3005 566 3076 aliquis
592 3004 743 3075 quod
768 3014 926 3076 egeat
965 3003 1172 3058 auxilio
1217 3002 1338 3068 Dei,
1378 3002 1659 3058 orationes
1681 3002 1947 3072 multipli-

362 3108 455 3154 cat
478 3116 492 3164 ;
522 3106 578 3153 et
604 3109 810 3168 quanto
837 3097 1010 3168 magis
1032 3106 1197 3167 auget
1222 3111 1336 3159 cas,
1378 3104 1530 3149 tanto
1557 3095 1681 3165 plus
1708 3110 1804 3149 cor
1825 3094 1945 3164 ejus

362 3191 711 3245 humiliatur.
748 3189 944 3244 Nullus
985 3188 1131 3243 enim
1162 3203 1329 3258 egens
1358 3197 1414 3242 et
1455 3187 1737 3257 postulans
1765 3194 1948 3255 potest

364 3268 479 3336 non
506 3280 825 3335 humiliari:
874 3280 977 3336 Cor
1013 3280 1163 3334 enim
1200 3280 1488 3332 contritum
1528 3287 1578 3332 et
1605 3277 1945 3331 humiliatum

365 3370 510 3424 Deus
526 3386 631 3423 non
647 3367 919 3441 spernit“.
941 3367 1112 3439 Igitur
1126 3382 1412 3437 quousque
1433 3365 1757 3420 humiliatur
1770 3381 1865 3421 cor
1879 3382 1906 3420 a

363 3459 703 3515 elationibus
733 3475 842 3514 non
876 3473 1094 3514 cessare
1117 3473 1228 3512 non
1261 3464 1466 3527 potest,
1502 3456 1630 3527 quia
1664 3456 1949 3512 humilitas

364 3550 581 3621 colligit
607 3564 724 3604 cor.
772 3548 910 3605 Cum
960 3556 1144 3603 autem
1181 3547 1504 3602 humiliatus
1548 3546 1717 3602 fuerit
1759 3547 1946 3613 homo,

365 3641 559 3696 statim
613 3640 922 3697 circumdat
982 3654 1110 3694 eum
1160 3637 1539 3694 misericordia
1587 3646 1643 3693 et
1701 3638 1949 3693 divinum

366 3732 635 3788 auxilium
660 3749 674 3786 :
703 3739 833 3787 tunc
853 3730 1002 3785 enim
1026 3728 1196 3785 sentit
1215 3743 1331 3792 eor,
1365 3727 1494 3797 quia
1525 3726 1802 3782 invenerit
1832 3726 1949 3782 vir-

368 3833 546 3882 tutem
571 3823 925 3880 conﬁdentia:
953 3837 1077 3893 qua:
1106 3828 1364 3876 movetur
1392 3818 1447 3873 in
1477 3818 1619 3889 ipso.

941 3955 1168 4013 CAPUT
1219 3953 1385 4010 XXII.

548 4072 702 4141 Quod
734 4073 906 4129 oratio
933 4082 1009 4128 est
1041 4072 1324 4143 refugium,
1355 4077 1405 4123 et
1432 4068 1545 4139 fons
1576 4068 1784 4123 salutis.

437 4209 672 4279 Quando
711 4208 880 4265 homo
922 4222 1054 4264 vere
1103 4206 1341 4278 percipit
1386 4204 1636 4261 divinum
1686 4203 1949 4259 auxilium

369 4305 623 4377 praestari
655 4303 783 4369 sibi,
822 4302 1007 4358 statim
1054 4299 1161 4356 ﬁde
1199 4300 1464 4371 repletur,
1505 4308 1562 4354 et
1593 4297 1848 4369 intelligit
1885 4312 1953 4352 ex

370 4398 499 4463 hoc,
535 4394 796 4468 quoniam
828 4394 1007 4451 oratio
1053 4392 1327 4464 refugium
1358 4402 1443 4449 est
1487 4392 1704 4457 auxilii,
1748 4402 1804 4448 et
1832 4392 1955 4447 fons

370 4490 588 4555 salutis,
626 4497 684 4545 et
717 4486 1066 4544 conﬁdentiae
1098 4485 1412 4552 thesaurus,
1456 4493 1512 4540 et
1534 4484 1722 4539 lumen
1764 4484 1833 4538 iis
1858 4484 1952 4554 qui

369 4583 425 4639 in
461 4583 707 4639 tenebris
729 4590 882 4646 sunt,
924 4590 981 4636 et
1011 4588 1210 4651 portus
1244 4579 1492 4635 liberans
1533 4594 1564 4633 a
1605 4585 1951 4648 tempestate,

1913 3329 2016 3421 ΒΟ

2044 705 2211 759 turin
2234 703 2467 761 scientia
2499 705 2618 767 Dei,
2650 704 2706 760 id
2742 715 2848 771 est,
2884 721 2915 761 a
2954 707 3066 761 Deo
3102 705 3431 762 destinatur.
3475 707 3621 775 Quo-

2040 794 2207 850 modo
2233 802 2290 850 et
2321 812 2391 851 ex
2420 806 2550 852 tunc
2573 804 2629 852 et
2655 796 2711 850 in
2745 796 2938 853 labore
2968 813 3079 852 non
3099 798 3208 853 erit
3230 798 3416 866 homo,
3438 816 3541 855 nec
3568 802 3621 856 in

2041 902 2314 948 :erumna.
2336 889 2482 945 sicut
2519 889 2581 944 ﬁt
2600 890 2657 944 in
2689 889 2903 945 caeteris
2928 890 3294 957 orationibus,
3326 907 3449 960 quae
3468 892 3624 962 prius

2044 979 2205 1044 ﬁunt,
2231 996 2399 1050 quam
2417 982 2523 1036 ista
2544 981 2917 1052 percipiatur:
2956 981 3050 1036 sed
3074 998 3199 1037 eum
3214 982 3414 1054 gaudio
3436 983 3624 1039 cordis

2040 1082 2099 1127 et
2122 1070 2495 1127 admiratione
2542 1071 2804 1141 producit
2841 1072 3224 1143 regratiabiles
3263 1082 3447 1128 motus
3485 1088 3622 1128 con-

2043 1165 2198 1221 tinue
2224 1180 2350 1221 eum
2377 1164 2860 1236 genuﬁexionibus
2899 1166 3220 1234 taciturnis;
3250 1175 3307 1222 et
3336 1183 3449 1237 prae
3480 1169 3621 1222 mul-

2043 1256 2281 1313 titudine
2314 1267 2497 1315 motus
2532 1258 2652 1329 ejus
2696 1258 2767 1315 ad
2800 1258 3110 1326 scientiam,
3156 1270 3213 1315 et
3241 1260 3624 1317 admirationis

2042 1358 2097 1405 ct
2130 1349 2551 1421 stupefactionis
2573 1352 2639 1406 ad
2669 1352 2903 1424 gratiam
2925 1354 3045 1419 Dei,
3083 1354 3271 1409 subito
3299 1357 3505 1411 exaltat
3532 1371 3620 1409 vo-

2044 1456 2163 1497 cem
2194 1456 2351 1497 suam
2378 1441 2609 1498 laudans
2652 1452 2709 1498 et
2742 1443 3056 1516 gloriﬁcans
3086 1445 3283 1509 Deum,
3325 1454 3381 1502 et
3418 1446 3624 1516 gratias

2047 1529 2236 1596 refert,
2269 1538 2325 1586 et
2353 1545 2520 1587 orans
2551 1532 2912 1602 stupefactus,
2958 1532 3249 1588 minimum
3287 1550 3398 1589 non
3440 1546 3625 1590 movet

2045 1621 2309 1693 linguam.
2360 1623 2691 1695 Quicunque
2738 1625 2907 1697 igitur
2939 1626 3196 1697 pervenit
3238 1628 3525 1699 hucusque
3569 1628 3622 1683 in

2047 1715 2279 1772 veritate
2302 1725 2495 1773 etnon
2532 1716 2590 1773 in
2641 1718 3061 1788 phantasmate,
3092 1728 3151 1774 et
3182 1720 3367 1788 posuit
3421 1721 3511 1775 hic
3550 1720 3623 1775 si-

2048 1809 2278 1879 gnacula
2306 1809 2498 1876 multa,
2529 1818 2585 1865 et
2616 1809 2819 1865 multas
2847 1811 3071 1882 agnovit
3113 1810 3455 1867 differentias
3492 1827 3622 1883 pro-

2051 1910 2176 1971 pter
2206 1901 2435 1956 multam
2465 1902 2891 1972 probationem;
2930 1904 3112 1973 ipsum
3159 1903 3250 1959 hic
3294 1905 3469 1971 novit,
3494 1905 3623 1974 quia

2050 2008 2163 2050 non
2193 2003 2281 2051 est
2314 1994 2655 2051 contrarium
2692 1996 2746 2052 id
2780 1995 2927 2067 quod
2958 1995 3104 2051 dico.
3138 1997 3312 2068 Igitur
3344 2006 3521 2054 cesset
3550 1997 3620 2053 de

2051 2096 2253 2142 cetero
2282 2086 2408 2143 talis
2429 2087 2672 2158 cogitare
2698 2087 2853 2152 vitia,
2912 2096 2969 2143 et
2994 2098 3218 2144 maneat
3264 2088 3320 2148 in
3372 2090 3486 2144 Deo
3516 2105 3617 2159 per

2051 2180 2366 2236 continuam
2393 2182 2702 2239 orationem
2736 2183 2969 2253 pavidus
2992 2194 3050 2241 et
3085 2185 3305 2252 timens,
3348 2199 3419 2241 ne
3440 2184 3623 2255 prive-

2051 2276 2143 2323 tur
2169 2270 2524 2327 multitudine
2558 2272 2747 2328 auxilii
2776 2273 2892 2328 Dei.

2120 2363 2246 2420 Ilazc
2274 2365 2460 2421 omnia
2486 2376 2795 2423 nascuntur
2848 2368 3059 2424 homini
3114 2385 3184 2426 ex
3226 2370 3623 2442 recogitatione

2047 2455 2387 2513 inﬁrmitatis
2439 2474 2572 2514 suae.
2600 2459 2737 2514 Nam
2790 2476 2859 2516 ex
2902 2461 3077 2517 multo
3120 2461 3324 2518 atl'ectu
3392 2462 3513 2534 ejus
3550 2462 3617 2517 ad

2046 2548 2294 2604 divinum
2327 2552 2597 2607 auxilium
2651 2554 3060 2624 appropinquat
3110 2554 3244 2621 Deo,
3290 2571 3621 2626 permanens

2046 2640 2103 2695 in
2132 2643 2420 2709 oratione;
2451 2652 2509 2699 et
2536 2652 2745 2714 quanto
2800 2645 2976 2717 magis
3028 2646 3438 2717 appropinquat
3482 2648 3618 2714 Deo,

2045 2740 2200 2788 tanto
2229 2734 2404 2806 magis
2430 2735 2655 2807 attingit
2678 2752 2805 2791 eum
2837 2737 2983 2793 Deus
3014 2753 3113 2807 per
3142 2738 3474 2794 charismata
3498 2755 3618 2807 sua,

2045 2841 2149 2881 nec
2180 2826 2359 2882 aufert
2388 2827 2458 2882 ab
2492 2843 2560 2883 eo
2611 2829 2846 2899 gratiam
2896 2839 3127 2901 pr0pter
3160 2833 3390 2886 multam
3432 2832 3621 2887 humi-

2044 2918 2286 2975 litatem:
2342 2919 2503 2987 Quod
2560 2922 2829 2978 Dominus
2878 2923 3069 2979 differt
3114 2924 3434 2995 aliquando,
3488 2926 3620 2996 quia

2044 3014 2191 3070 sicut
2234 3014 2328 3069 illa
2352 3014 2522 3070 vidua
2553 3016 2759 3071 clamat
2786 3018 2832 3049 ⁵⁸
2878 3017 3259 3074 indesinenter
3279 3019 3347 3074 ad
3372 3019 3617 3090 judicem

2044 3106 2367 3163 adversario
2391 3123 2495 3163 suo
2528 3110 2798 3180 iudicanti
2828 3111 2960 3182 (54).
2986 3111 3069 3169 0b
3093 3113 3201 3168 hoc
3227 3113 3375 3168 enim
3399 3114 3619 3169 miscri-

2044 3212 2171 3254 cors
2186 3200 2457 3255 Dominus
2487 3202 2740 3257 continet
2770 3202 2840 3258 ab
2894 3218 2962 3258 eo
2994 3203 3219 3274 gratias,
3262 3211 3324 3259 ut
3367 3205 3482 3261 haec
3514 3206 3619 3261 sibi

2047 3292 2278 3347 materia
2300 3291 2394 3349 ﬁat
2422 3294 2905 3366 appropinquandi
2932 3295 3148 3363 eidem;
3172 3306 3229 3352 et
3262 3307 3491 3368 propter
3525 3314 3618 3355 ne-

2048 3382 2361 3438 cessitatem
2388 3398 2543 3439 suam
2566 3394 2861 3455 permanet
2894 3386 3039 3456 apud
3070 3402 3221 3452 eum,
3252 3404 3282 3442 a
3307 3404 3418 3458 quo
3463 3388 3622 3445 utilia

2048 3462 2471 3545 producuntur;
2531 3475 2629 3545 qui
2661 3474 2715 3529 in
2747 3475 3078 3545 quibusdam
3108 3477 3373 3546 quasdam
3400 3477 3624 3548 petitio.

2049 3579 2149 3618 nes
2177 3564 2297 3634 ejus
2318 3563 2547 3619 exhibet
2573 3564 2924 3629 festinanter,
2955 3565 3080 3621 illas
3104 3565 3232 3620 dico
3261 3564 3383 3621 sine
3415 3566 3626 3636 quibus

2048 3654 2249 3710 salvari
2272 3672 2383 3710 non
2442 3666 2645 3726 potest.
2670 3656 2935 3713 Continet
2968 3672 3103 3712 vero
3128 3657 3394 3727 quasdam
3428 3658 3499 3712 ab
3527 3674 3621 3722 eo,

2043 3746 2181 3807 etin
2204 3747 2538 3816 quibusdam
2570 3748 2741 3803 rebus
2765 3748 3029 3819 quasdam
3056 3748 3263 3803 inimici
3299 3747 3625 3803 adustioncs

2049 3837 2259 3892 excutit
2285 3848 2340 3893 et
2362 3839 2587 3908 expellit
2614 3840 2684 3893 ab
2710 3839 2851 3909 ipso.
2890 3839 2948 3895 In
2976 3839 3310 3909 quibusdam
3338 3856 3470 3895 vero
3495 3856 3623 3895 eum

2052 3930 2251 3983 tentari
2293 3929 2589 4009 permittit,
2634 3942 2695 3985 ut
2752 3932 2887 3985 illud
2950 3931 3055 3986 sibi
3097 3948 3261 3987 causa
3286 3931 3381 3987 ﬁat
3422 3948 3624 4003 appro-

2050 4022 2357 4092 pinquandi
2405 4024 2541 4089 Deo,
2602 4023 2748 4079 sicut
2804 4025 3054 4095 praedixi,
3107 4034 3168 4079 ut
3226 4025 3625 4096 experientiam

2051 4114 2250 4170 habeat
2279 4117 2647 4171 tentationum
2669 4123 2726 4170 et
2761 4116 3087 4188 eastigetur.
3122 4116 3188 4171 Et
3212 4116 3304 4172 hic
3327 4125 3412 4172 est
3440 4132 3625 4171 sermo

2051 4204 2376 4276 Scriptum,
2412 4208 2562 4277 quod
2592 4207 2863 4263 Dominus
2903 4208 3135 4280 reliquit
3179 4218 3375 4280 gentes
3424 4208 3628 4263 multas

2052 4313 2121 4352 ne
2158 4298 2503 4369 dispergeret
2524 4315 2640 4363 eas,
2674 4315 2780 4355 nec
2818 4300 3169 4357 tradiditeas
3186 4302 3242 4356 in
3273 4316 3473 4356 manus
3495 4301 3625 4357 Iesu

2053 4385 2152 4441 ﬁlii
2204 4386 2374 4451 Nave,
2409 4397 2469 4443 ut
2504 4389 2802 4460 castigaret
2837 4389 2892 4444 in
2949 4391 3030 4446 eis
3062 4390 3207 4446 ﬁlios
3245 4391 3438 4455 Israel,
3480 4404 3539 4448 et
3568 4405 3629 4449 ut

2053 4477 2387 4533 docerentur
2438 4479 2624 4534 tribus
2673 4479 2914 4535 ﬁliorum
2969 4479 3138 4535 Israel
3176 4494 3241 4535 ac
3274 4479 3630 4535 addiscerent

2053 4565 2284 4621 bellum.
2315 4567 2506 4623 Justus
2530 4578 2716 4623 autem
2760 4585 2871 4623 non
2896 4584 3303 4639 recognoscens
3344 4570 3626 4640 propriam

369 4684 426 4731 ει
453 4674 723 4731 auxilium
751 4673 807 4729 in
831 4672 1175 4746 πετίιυαίηίε
1202 4671 1488 4737 violentia,
1530 4679 1587 4725 ει
1626 4671 1851 4742 clypeus
1884 4669 1951 4723 ιί-
1982 4682 2024 4738 ι)
2054 4659 2429 4715 inﬁrmitatem
2466 4677 2645 4727 suam,
2673 4661 2731 4715 in
2783 4661 2941 4716 arido
2993 4662 3119 4716 loco
3150 4676 3240 4715 res
3269 4675 3399 4717 suas
3436 4661 3626 4726 habet,

372 4765 685 4823 berationis
712 4766 769 4822 in
812 4765 1029 4837 praelio,
1066 4770 1119 4820 et
1175 4763 1373 4835 sagitta
1416 4772 1579 4818 acuta
1609 4770 1800 4817 contra
1848 4760 1957 4815 ini-

371 4861 568 4915 micos.
603 4859 673 4915 Et
706 4857 1031 4929 simpliciter
1066 4855 1191 4911 dico
1227 4871 1242 4911 :
1293 4870 1394 4926 per
1432 4855 1740 4910 orationem
1792 4853 1959 4907 habet

368 4952 646 5023 judicium
670 4958 784 5007 tota
808 4947 1106 5005 multitudo
1128 4946 1400 5003 bonorum
1425 4964 1441 5014 ;
1475 4953 1532 5001 et
1556 4945 1681 5001 ideo
1700 4944 1959 5015 epulatur

373 5043 542 5099 homo
585 5043 642 5097 in
684 5040 937 5098 oratione
982 5039 1132 5107 ﬁdei,
1174 5046 1231 5094 et
1272 5054 1370 5094 cor
1407 5039 1529 5109 ejus
1561 5038 1860 5092 decoratur
1892 5053 1957 5092 ex

372 5132 734 5197 conﬁdentia,
772 5142 831 5217 ει
858 5132 1175 5187 nullatenus
1200 5130 1257 5185 in
1284 5129 1455 5200 priori
1478 5128 1721 5185 excitate
1752 5137 1807 5184 et
1840 5129 1952 5184 oris

373 5226 659 5281 locutione
709 5230 956 5280 moratur
999 5240 1013 5277 :
1066 5237 1192 5277 cum
1233 5222 1421 5277 taliter
1466 5218 1651 5275 animo
1692 5220 1950 5291 percipit,

375 5328 507 5373 tunc
539 5316 788 5388 possidet
820 5314 1124 5370 orationem
1172 5311 1227 5366 in
1260 5309 1442 5365 anima
1484 5323 1603 5374 sua,
1645 5310 1792 5365 sicut
1834 5310 1954 5364 the-

374 5426 627 5476 saurum,
660 5418 718 5465 et
744 5424 856 5478 prae
892 5406 1065 5461 multa
1100 5402 1292 5459 laztitia
1333 5400 1538 5455 formas
1574 5399 1863 5464 orationis,
1898 5400 1953 5455 in

375 5515 541 5556 voces
558 5500 863 5571 gratiarum
893 5502 1216 5552 commutat.
1262 5492 1332 5546 Et
1369 5490 1460 5545 hic
1506 5488 1611 5559 19
1652 5496 1737 5544 est
1770 5504 1955 5543 sermo

377 5607 541 5662 quem
558 5590 700 5647 dixit
716 5590 829 5653 ille,
851 5588 946 5659 qui
970 5585 1398 5643 cuilibetrerum
1418 5581 1648 5637 formam
1673 5580 1963 5651 propriam

378 5684 654 5739 difﬁnivit.
710 5680 982 5750 Quoniam
1028 5674 1524 5771 oratio‘gaudium
1582 5682 1688 5741 est,
1746 5673 1951 5745 gratia-

473 5800 517 5832 ⁸⁵
535 5798 678 5856 Psal.
704 5816 755 5866 ι,
786 5800 873 5856 19.
967 5798 1016 5831 ⁵⁸
1045 5796 1179 5855 Luc.
1208 5795 1431 5862 xvm,5.

2056 4766 2160 4807 nec
2190 4753 2422 4807 recessit
2460 4768 2489 4807 a
2520 4754 2703 4824 lapsu,
2752 4768 2982 4824 nequea
3006 4760 3399 4823 eorrumpente
3440 4753 3626 4819 leone,

2055 4844 2270 4899 scilicet
2316 4844 2567 4901 da-mone
2620 4845 2915 4916 superbiae.
2959 4846 3028 4901 Et
3077 4844 3246 4901 item:
3300 4844 3628 4915 Quicunque

2058 4936 2278 5006 ignorat
2310 4936 2689 4994 inﬁrmitatem
2722 4954 2903 5003 suam,
2942 4937 3131 4993 deﬁcit
3172 4936 3243 4992 ab
3280 4936 3626 5005 humilitate;

2056 5030 2151 5099 qui
2182 5044 2316 5084 vero
2345 5029 2534 5084 deﬁcit
2590 5030 2659 5085 ab
2704 5045 2792 5097 ea,
2826 5029 3092 5084 deﬁciens
3112 5036 3198 5084 est
3232 5028 3400 5084 etiam
3428 5044 3458 5084 a
3503 5043 3630 5099 per-

2057 5124 2316 5181 fectione.
2350 5125 2419 5180 Et
2464 5125 2559 5195 qui
2591 5124 2863 5181 deﬁciens
2884 5133 2971 5180 est
3000 5123 3069 5179 ab
3119 5139 3207 5189 ea,
3266 5122 3499 5179 timidus
3545 5131 3630 5179 est

2059 5231 2313 5284 semper;
2341 5215 2473 5285 quia
2520 5216 2715 5271 civitas
2778 5217 2898 5287 ejus
2928 5228 3036 5271 non
3070 5222 3157 5271 est
3207 5214 3435 5271 fundata
3462 5231 3630 5286 super

2060 5308 2350 5362 columnas
2374 5307 2604 5373 ferreas,
2633 5323 2817 5379 neque
2849 5324 3020 5379 super
3064 5308 3346 5364 liminaria
3381 5324 3546 5375 aerea,
3576 5307 3629 5364 id

2054 5407 2161 5464 est,
2186 5398 2646 5454 humiliationem.

2611 5488 2835 5547 CAPUT
2887 5489 3078 5544 XXIII.

2384 5580 2654 5648 Quomodo
2696 5583 2991 5651 acquiritur
3024 5583 3314 5640 humilitas.

2127 5674 2505 5732 Humilitatem
2562 5676 3063 5748 autemacquirerc
3098 5692 3263 5733 nemo
3310 5684 3513 5748 potest,
3550 5675 3623 5730 ni-

457 5914 564 5985 (54)
591 5916 905 5973 Adversario
927 5914 1323 5986 suojudicanti.
1355 5910 1671 5984 chendum
1730 5922 1885 5983 puto,
1916 5914 1993 5981 Dr:
2025 5914 2327 5972 adversario
2372 5933 2488 5985 suo,
2517 5924 2578 5973 ut
2638 5914 2803 5972 habet
2833 5930 2986 5972 sacer
3008 5912 3232 5987 :tcxtus.
3261 5911 3328 5968 Et
3356 5926 3502 5978 mox,
3541 5914 3627 5983 iu:

383 5985 665 6043 dicentem.
