4102 6532
473 473 572 539 851

1835 487 1896 548 S.
1941 487 2184 549 ISAACI
2219 491 2393 551 SYBI

3625 494 3730 558 852

474 593 518 645 si
555 605 652 661 per
686 592 881 647 modos
901 608 1051 658 suos,
1088 611 1186 666 per
1228 612 1368 666 quos
1411 597 1471 652 ﬁt
1524 599 1790 654 contritio
1839 601 2049 665 cordis,
2082 607 2122 662 Α
2152 603 2221 658 ad
2253 604 2524 676 refugium
2549 605 2792 674 undique
2826 612 3122 660 occurrant
3153 604 3221 660 ad
3253 619 3403 670 eum,
3446 614 3504 661 et
3551 620 3726 661 cornu

470 691 527 736 et
587 683 952 754 cogitationes
1010 687 1266 744 elationis
1313 699 1764 746 contemnuntur.
1798 690 1882 746 Ob
1939 692 2045 748 hoc

470 776 619 830 enim
648 778 931 836 multoties
960 779 1110 834 videt
1165 781 1422 838 inimicus
1477 785 1707 855 vestigia
1750 800 2043 839 causarum

472 867 539 920 ad
570 867 854 924 hominem
909 870 1324 928 declinandum.
1384 875 1520 930 Nam
1569 877 1688 932 sine
1723 877 2043 933 humilitate

473 973 614 1028 opus
645 960 886 1016 hominis
914 963 1105 1033 perﬁci
1136 967 1352 1036 nequit,
1407 969 1539 1037 quia
1589 970 1908 1025 nullatenus
1959 977 2046 1025 est

474 1051 788 1120 appositum
835 1052 1285 1110 instrumentum
1314 1057 1587 1114 libertatis
1633 1075 1765 1125 suae,
1803 1043 2045 1131 spiritus

475 1142 653 1198 sancti
707 1144 985 1214 sigillum;
1040 1147 1151 1201 imo
1200 1163 1396 1203 servus
1447 1150 1627 1206 adhuc
1673 1152 1911 1206 exsistit.
1976 1153 2045 1206 Et

474 1236 752 1306 opusejus
777 1238 1021 1292 nondum
1049 1241 1387 1297 estatimore
1423 1243 1730 1298 sublatum:
1753 1245 1897 1300 sicut
1919 1245 2045 1315 quis

473 1343 584 1380 non
631 1328 862 1399 corrigit
910 1345 1050 1400 opus
1093 1346 1252 1386 suum
1294 1332 1412 1389 sine
1463 1335 1801 1401 humilitate,
1861 1353 2043 1407 neque

472 1419 774 1490 castigantur
799 1422 906 1476 nisi
935 1437 1035 1491 per
1063 1425 1414 1493 tentationes,
1447 1441 1510 1480 ac
1533 1428 1652 1483 sine
1681 1428 2044 1499 castigatione

472 1526 586 1566 non
619 1515 1041 1584 comprehendit
1079 1517 1470 1574 humilitatem.
1514 1521 1749 1591 Propter
1803 1523 1910 1578 hoc
1957 1523 2044 1578 di-

474 1607 644 1662 mittit
678 1609 942 1666 Dominus
968 1613 1177 1668 sanctis
1227 1630 1422 1670 causas
1451 1614 1782 1670 humilitatis
1813 1624 1868 1670 et
1907 1631 2043 1670 con-

474 1699 724 1757 tritionis
775 1703 962 1759 cordis
983 1720 1048 1760 ac
1071 1705 1362 1761 laboriosae
1390 1707 1700 1774 orationis;
1751 1718 1806 1763 et
1840 1709 2045 1762 multo-

473 1792 581 1847 ties
621 1804 897 1863 perterret
953 1813 1052 1853 eos
1095 1813 1196 1868 per
1229 1800 1518 1869 passiones
1540 1810 1752 1854 naturae
1783 1802 2045 1871 etlapsus

470 1901 763 1954 pravarum
789 1890 1185 1960 cogitationum
1217 1900 1274 1946 ct
1300 1893 2046 1958 exsccrabilium,multoties

2150 697 2408 752 Ecclesia:
2441 698 2716 753 exaltctur
2739 705 2927 753 contra
2982 697 3238 752 inimicos
3281 713 3433 762 suos,
3473 707 3532 752 et
3564 697 3725 753 multi

2149 797 2476 843 moveantur
2519 789 2588 843 ad
2613 789 2834 843 virtutis
2859 789 3059 855 zelum,
3093 797 3151 844 et
3201 789 3466 844 recedant
3487 804 3518 843 a
3547 805 3726 845 saccu-

2148 879 2223 942 lo,
2258 879 2373 949 ipsc
2425 879 2519 934 ﬁat
2558 879 2892 934 venerabilis
2918 895 2986 934 ex
3017 881 3430 950 pulchritudine
3487 897 3726 937 conver-

2150 971 2383 1027 sationis
2411 987 2544 1026 suae.
2578 970 2940 1026 Conversatio
2964 973 3168 1026 etenim
3199 973 3525 1037 monastica,
3551 973 3727 1044 gloria

2149 1072 2236 1115 est
2266 1061 2526 1116 Ecclesia:
2585 1061 2711 1116 Jesu
2752 1061 2979 1117 Christi.
3017 1062 3184 1117 Decet
3230 1063 3419 1133 utique
3463 1065 3728 1134 pulchros

2151 1153 2356 1207 habere
2389 1160 2577 1223 gestus
2608 1168 2676 1207 ex
2705 1153 2852 1208 omni
2897 1160 3051 1222 parte
3084 1154 3168 1207 sui
3202 1163 3430 1224 pr0pter
3453 1155 3726 1211 visionem

2148 1244 2474 1308 visibilium,
2519 1244 2882 1299 certissimam
2915 1243 3278 1314 privationem
3312 1262 3516 1309 rerum,
3541 1246 3726 1301 omni-

2149 1338 2374 1393 modum
2402 1338 2584 1392 carnis
2604 1346 3005 1408 contemptum,
3042 1339 3212 1393 altum
3259 1339 3557 1410 jejunium,
3589 1355 3727 1395 con-

2151 1429 2417 1484 stantiam
2470 1429 2525 1482 in
2577 1428 2903 1499 quietudine
2955 1431 3415 1500 temperantiam,
3463 1446 3727 1486 sensuum

2149 1520 2302 1575 visus
2330 1519 2660 1584 custodiam,
2695 1521 2943 1574 omnium
2983 1521 3416 1576 conventionum
3464 1522 3520 1576 in
3558 1523 3730 1577 rebus

2149 1613 2316 1684 hujus
2346 1612 2532 1667 s'cculi
2561 1612 2974 1676 abstinentiam,
2998 1612 3326 1669 brevitatem
3357 1615 3412 1669 in
3441 1614 3649 1681 verbis,
3669 1615 3726 1670 in

2150 1705 2258 1774 20
2282 1704 2453 1758 multa
2470 1702 2854 1758 recordatione
2870 1703 3221 1767 munditiam,
3242 1719 3367 1759 cum
3394 1705 3729 1760 discretione

2150 1797 2598 1867 simplicitatem:
2634 1796 2776 1851 scine
2808 1797 2955 1866 quod
2982 1795 3099 1850 haec
3130 1796 3242 1850 vita
3268 1796 3545 1866 superﬂua
3575 1797 3650 1852 sit
3671 1804 3728 1851 et

2151 1888 2352 1952 inanis,
2379 1897 2434 1943 et
2463 1887 2612 1958 quod
2649 1903 2821 1958 prope
2845 1896 2930 1943 est
2982 1888 3072 1942 illa
3104 1888 3412 1958 spiritualis
3468 1897 3526 1944 et
3568 1903 3724 1952 vera,

472 1995 692 2050 quoque
746 1997 847 2052 per
879 1983 1112 2054 injurias
1141 1993 1197 2039 et
1225 1985 1468 2040 humana
1502 1987 1694 2041 verba.
1732 1986 2046 2056 Aliquando
2081 1989 2120 2042 Β
2146 1995 2256 2033 non
2290 1979 2462 2050 ligare
2490 1994 2550 2033 se
2583 1978 2761 2049 ipsum
2794 1977 3056 2034 amicitiis
3084 1987 3138 2033 et
3163 1979 3355 2032 unioni
3411 1978 3724 2044 hominum,

471 2085 605 2124 vero
635 2087 736 2140 per
769 2073 1134 2143 egritudines
1176 2083 1232 2128 et
1253 2076 1572 2145 corporales
1600 2076 1968 2143 inﬁrmitates,
1987 2085 2043 2132 et

471 2161 803 2230 quandoque
835 2179 935 2232 per
955 2174 1334 2235 paupertatem
1362 2174 1419 2221 et
1446 2181 1579 2222 usus
1602 2168 2042 2222 necessariorum

472 2261 806 2323 egestatem;
833 2254 1134 2324 aliquando
1167 2256 1334 2311 etiam
1387 2273 1488 2326 per
1517 2259 1774 2313 timorem
1812 2259 1920 2313 diri
1947 2259 2046 2315 do-

470 2343 626 2410 loris,
677 2361 742 2402 ac
779 2347 1220 2416 derelictionem,
1270 2366 1487 2405 necnon
1550 2360 1607 2406 et
1641 2367 1881 2422 pugnam
1920 2352 2039 2407 dia-

471 2436 583 2492 holi
618 2439 997 2509 manifestam;
1025 2458 1124 2511 per
1155 2459 1276 2513 quae
1323 2443 1508 2497 omnia
1560 2443 1814 2498 timorem
1859 2444 2046 2499 incur-

472 2545 598 2585 rere
627 2533 946 2588 consuevit:
977 2535 1275 2606 aliquando
1304 2551 1405 2607 per
1425 2536 1738 2592 materiales
1768 2545 1824 2592 et
1860 2536 2039 2593 diver-

472 2638 564 2678 sas
601 2633 657 2678 et
684 2625 980 2682 terribiles.

543 2715 611 2769 Et
637 2715 756 2772 haec
786 2718 1009 2787 quidem
1052 2721 1234 2775 omnia
1291 2721 1448 2787 ﬁunt,
1503 2730 1565 2778 ut
1611 2722 1811 2779 habeat
1863 2731 2041 2778 mate-

472 2805 581 2861 rias
619 2806 1043 2873 humiliationis,
1102 2819 1159 2866 et
1212 2811 1262 2867 ei
1295 2815 1644 2885 negligentiae
1675 2816 2041 2872 somnolentia

473 2911 582 2951 non
622 2892 926 2970 cuntingat,
980 2901 1065 2955 vel
1096 2917 1162 2956 ex
1201 2903 1364 2958 rebus
1396 2905 1451 2958 in
1482 2905 1688 2974 quibus
1713 2906 1920 2960 athleta
1954 2906 2040 2960 vi-

471 3005 566 3044 sus
622 3000 709 3046 est
757 2991 1049 3058 inﬁrmari,
1110 2995 1196 3048 vel
1249 2996 1414 3050 etiam
1469 3012 1537 3051 ex
1577 2998 1774 3052 timore
1827 2997 2037 3052 futuro.

471 3081 796 3138 Necessario
848 3083 1016 3154 igitur
1069 3087 1402 3142 tentationes
1436 3088 1597 3143 Utiles
1627 3100 1757 3144 sunt
1809 3090 2042 3144 homini-

473 3174 600 3230 bus.
645 3176 771 3230 llaec
833 3175 1000 3246 igitur
1038 3193 1147 3232 non
1179 3179 1327 3240 dico.
1361 3180 1510 3249 quod
1541 3179 1735 3236 deccat
1759 3181 2039 3235 hominem

475 3267 532 3322 in
560 3267 814 3336 turpibus
837 3276 1034 3338 sponte
1060 3270 1252 3335 laxari,
1286 3282 1346 3325 ut
1369 3272 1461 3326 ﬁat
1487 3272 1538 3328 ei
1582 3272 1911 3327 humilitatis
1946 3288 2042 3327 oc-

475 3359 624 3413 casio
653 3359 915 3428 ipsarum,
968 3377 1150 3432 neque
1190 3372 1249 3417 ut
1295 3363 1520 3418 festinet
1567 3364 1771 3419 intrare
1805 3363 1870 3418 ad
1909 3364 2044 3418 alias

476 3451 845 3519 tentationes;
881 3455 977 3509 sed
1002 3454 1131 3524 quia
1153 3455 1316 3510 decet
1345 3472 1495 3522 eum,
1526 3439 1658 3510 dum
1706 3457 1759 3510 in
1793 3457 1939 3512 bono
1966 3458 2046 3512 la-

475 3541 653 3606 borat,
705 3545 854 3598 oumi
911 3554 1156 3616 tempore
1204 3546 1430 3616 vigilare
1487 3555 1545 3603 et
1587 3547 1852 3618 cogitare,
1908 3563 2047 3618 quo-

471 3635 621 3690 niam
647 3646 866 3691 creatus
897 3647 983 3693 est
1009 3656 1021 3692 :
1057 3639 1128 3693 ob
1159 3639 1265 3693 hoc
1287 3641 1455 3694 etiam
1501 3647 1586 3694 est
1616 3639 1879 3695 caducus.
1914 3639 2047 3707 Qui-

471 3729 609 3783 libet
661 3740 844 3784 autem
870 3739 1092 3797 creatus
1109 3741 1234 3803 eget
1264 3734 1466 3788 virtute
1490 3749 1553 3788 ac
1583 3735 1929 3804 protectione
1957 3735 2044 3789 di-

471 3822 628 3886 vina;
663 3832 721 3878 et
748 3824 930 3878 omnis
961 3825 1056 3894 qui
1115 3836 1239 3895 eget
1271 3825 1618 3895 protectione
1655 3827 1905 3892 alterius,
1947 3843 2045 3882 na-

473 3915 709 3968 turalem
735 3915 1110 3972 infirmitatem
1131 3918 1597 3974 ostendit.0mnis
1620 3937 1754 3974 vero
1774 3920 1868 3991 qui
1886 3936 2042 3976 suam

473 4002 850 4060 inﬁrmitatem
881 4008 1149 4078 agnoscit,
1174 4012 1485 4066 necessario
1506 4022 1631 4084 eget
1664 4014 1946 4070 humiliari
1973 4013 2042 4068 ad

472 4094 880 4164 impetrandum
932 4100 1301 4157 humilitatem
1337 4121 1513 4170 suam,
1551 4112 1620 4161 ab
1663 4106 1760 4162 illo
1819 4107 1914 4178 qui
1947 4123 2046 4178 po-

471 4196 598 4244 tens
619 4189 670 4243 ei
695 4197 780 4244 est
807 4191 1134 4248 subvenire:
1181 4203 1236 4248 et
1268 4194 1314 4250 si
1344 4197 1592 4253 novisset
1621 4213 1650 4252 a
1689 4199 1962 4268 principio
1987 4208 2045 4254 et

471 4281 702 4336 vidisset
742 4282 1116 4338 inﬁrmitatem
1144 4301 1322 4350 suam,
1350 4289 1632 4361 negligens
1687 4307 1795 4344 non
1819 4291 2039 4356 fuisset,

470 4389 576 4429 nec
605 4374 1055 4441 obdormivisset,
1089 4386 1147 4432 ut
1179 4379 1492 4436 traderetur
1517 4383 1589 4446 ,in
1636 4398 1832 4438 manus
1868 4383 2044 4438 tribu-

471 4466 705 4522 lantium
737 4483 886 4533 eum,
915 4478 971 4524 et
997 4472 1484 4541 expergefacerent
1512 4489 1659 4529 eum.
1688 4475 1843 4531 Unde
1881 4476 2043 4532 decet

470 4559 843 4615 ambulantem
874 4560 930 4614 in
944 4560 1029 4616 via
1054 4562 1150 4616 Dei
1171 4565 1373 4634 gratias
1398 4581 1559 4635 agere
1581 4566 1684 4621 sibi
1703 4567 1759 4621 in
1781 4568 2043 4625 omnibus

2144 2071 2377 2141 alicujus
2407 2071 2611 2125 habere
2633 2071 2815 2125 locum
2842 2071 3225 2136 habitationis,
3248 2071 3514 2125 auxilium
3537 2070 3728 2142 iugere

2145 2162 2402 2226 hominis,
2435 2171 2491 2217 et
2521 2162 2901 2216 indesinenter
2923 2163 3315 2232 permanerein
3345 2163 3720 2226 orationibus,

2142 2270 2255 2309 non
2279 2254 2482 2309 habere
2501 2253 2882 2316 ambitionem,
2915 2269 3018 2308 nec
3047 2255 3287 2324 gaudere
3309 2257 3587 2321 antennis,
3611 2272 3724 2311 non

2145 2344 2316 2414 ligare
2337 2359 2396 2398 se
2426 2343 2606 2412 ipsum
2638 2342 2767 2397 huic
2798 2342 2942 2408 vitae,
2980 2343 3314 2398 tentationes
3333 2344 3570 2399 viriliter
3598 2361 3730 2400 sus-

2144 2437 2342 2498 tinere,
2379 2435 2624 2489 alleviari
2650 2449 2679 2488 a
2706 2435 3005 2489 mundanis
3066 2435 3362 2490 allectibus
3395 2444 3450 2491 et
3481 2437 3724 2492 interro-

2143 2527 2361 2598 gatione
2392 2542 2579 2580 rerum
2612 2527 2876 2596 ipsarum,
2909 2528 3172 2582 continue
3210 2543 3405 2583 curare
3439 2543 3504 2583 ac
3543 2528 3725 2584 medi-

2145 2620 2248 2674 tari
2277 2619 2580 2690 in-regione
2616 2619 2900 2685 veritatis',
2931 2619 3134 2674 habere
3185 2620 3403 2674 vultum
3454 2621 3722 2690 pallidum

2143 2723 2200 2768 et
2243 2727 2525 2783 rugosum,
2589 2711 2881 2782 lacrymari
2909 2710 2997 2766 die
3043 2718 3346 2782 noctuque,
3387 2721 3443 2767 et
3482 2713 3607 2783 plus
3633 2713 3724 2768 his

2143 2805 2402 2860 omnibus
2430 2804 2708 2858 custodire
2738 2804 3071 2868 castitatem,
3101 2819 3224 2858 esse
3248 2804 3515 2859 mundum
3538 2806 3607 2859 ab
3638 2806 3724 2860 in-

2143 2897 2324 2969 gluvie
2355 2897 2586 2961 ventris,
2637 2905 2694 2950 et
2721 2911 2752 2949 a
2776 2895 2962 2965 parvis
2999 2896 3167 2951 etiam
3192 2905 3249 2951 et
3276 2912 3307 2951 a
3348 2897 3582 2969 magnis.
3625 2896 3724 2953 Ha:

2143 2999 2274 3045 sunt
2302 2989 2538 3044 virtutes
2591 2989 2847 3042 monachi
2879 2989 2982 3043 sub
3016 2988 3347 3058 compendio
3383 2991 3564 3055 dictae,
3597 3006 3726 3060 qua

2145 3082 2247 3138 sibi
2279 3081 2655 3137 testimonium
2707 3081 3000 3151 perhibent
3028 3081 3096 3136 de
3124 3081 3443 3137 omnimoda
3485 3082 3723 3137 mortiﬁ-

2145 3175 2362 3229 catione
2379 3189 2477 3228 sua
2494 3172 2548 3226 in
2576 3173 2873 3237 mundo,et
2901 3174 3270 3244 propinquare
3291 3175 3410 3245 ejus
3434 3173 3503 3228 ad
3521 3174 3721 3230 Deum.

2147 3267 2312 3321 Decet
2337 3280 2468 3335 ergo
2497 3281 2600 3319 nos
2628 3264 2808 3320 dehis
2837 3281 3057 3336 semper
3089 3281 3280 3320 curam
3313 3281 3528 3338 gerere.
3561 3266 3724 3333 Quod

2147 3361 2192 3416 si
2221 3359 2592 3431 quisdixerit:
2627 3358 2758 3426 Quae
2807 3359 3106 3415 necessitas
3132 3360 3237 3414 fuit
3261 3359 3567 3429 exprimere
3602 3361 3725 3414 sin-

2146 3455 2273 3526 gula
2295 3461 2352 3509 et
2385 3470 2496 3509 non
2520 3455 2706 3509 dicere
2734 3470 2796 3510 ea
2832 3454 3164 3525 generaliter
3211 3462 3267 3509 et
3297 3453 3728 3508 universaliter?

2146 3549 2304 3612 Dico,
2329 3548 2434 3602 hoc
2465 3547 2780 3602 necessario
2809 3547 3011 3602 factum
3040 3555 3144 3610 est,
3174 3556 3235 3601 ut
3267 3547 3546 3617 quomodo
3568 3562 3726 3617 qua:-

2146 3642 2303 3697 sicrit
2354 3657 2523 3695 unum
2567 3657 2632 3695 ex
2682 3640 2979 3710 praemissis
3011 3641 3064 3695 in
3096 3640 3280 3695 anima
3334 3655 3454 3704 sua,
3505 3639 3595 3695 ille
3624 3639 3726 3710 qui

2146 3735 2332 3789 studet
2364 3750 2464 3803 pro
2515 3733 2626 3788 vita
2669 3749 2787 3797 sua,
2814 3743 2870 3788 et
2895 3733 3172 3788 invenerit
3222 3732 3368 3802 quod
3402 3742 3559 3804 egeat
3609 3748 3727 3788 uno

2146 3821 2404 3888 istorum,
2435 3830 2733 3892 cognoscat
2761 3821 2960 3877 exinde
2986 3821 3264 3876 defectum
3295 3837 3454 3877 suum
3488 3822 3542 3876 in
3570 3820 3726 3875 omni

2144 3916 2376 3980 virtute;
2423 3922 2479 3968 et
2514 3915 2621 3969 erit
2657 3915 2763 3969 sibi
2790 3914 2928 3969 odor
2957 3914 3062 3970 iste
3102 3915 3157 3969 in
3200 3925 3354 3985 parte
3385 3913 3728 3969 recordatio-

2144 4006 2252 4062 nis.
2282 4006 2419 4062 Cum
2448 4015 2636 4060 autem
2674 4006 2994 4076 acquisierit
3032 4007 3134 4062 ista
3183 4007 3366 4061 omnia
3416 4005 3471 4060 in
3517 4015 3727 4060 semet-

2144 4099 2285 4168 ipso,
2317 4107 2447 4153 tunc
2480 4099 2818 4168 reliquorum
2845 4098 3076 4153 scientia
3111 4113 3274 4168 quam
3309 4114 3418 4151 non
3442 4097 3728 4166 expressi-

2143 4208 2287 4256 mus,
2317 4191 2582 4262 largietur
2613 4191 2828 4260 eidem;
2879 4199 2935 4247 et
2980 4192 3086 4246 erit
3138 4190 3455 4246 hominibus
3489 4189 3726 4243 materia

2143 4284 2558 4356 gloriﬁcationis
2583 4285 2704 4349 Dei,
2736 4295 2792 4340 et
2812 4285 3010 4340 exinde
3034 4283 3364 4356 pncparabit
3385 4282 3581 4335 anima:
3607 4296 3726 4336 sua:

2142 4372 2324 4427 locum
2353 4372 2579 4444 quietis,
2632 4373 2954 4442 priusquam
2981 4371 3298 4443 egrediatur
3347 4370 3416 4426 de
3449 4369 3558 4424 vita
3594 4368 3724 4424 ista.

2710 4498 2936 4554 CAPUT
2987 4497 3154 4552 XXV.

2148 4595 2221 4652 De
2253 4572 2960 4666 privationeconsolationis
2994 4589 3274 4666 spiritalis.
3311 4586 3726 4666 Non_turbetur

471 4650 1016 4719 supervenientibus,
1041 4660 1096 4706 et
1130 4653 1357 4724 culpare
1388 4663 1443 4709 et
1467 4656 1770 4712 conviciari
1796 4657 2037 4713 animam
2071 4677 2115 4734 ι)
2154 4650 2166 4652 ἡ
2212 4650 2386 4729 Ιιὸτηο,
2423 4666 2514 4720 sed
2554 4664 2694 4736 legat
2723 4665 2779 4718 in
2814 4662 2959 4717 libris
2991 4650 3215 4718 Patrum
3252 4671 3302 4714 et
3327 4661 3587 4714 sustineat
3619 4677 3723 4728 ραν

470 4755 627 4795 suam
686 4750 743 4795 et
791 4757 1127 4813 cognoscere
1147 4785 1162 4810 ,
1193 4746 1341 4815 quod
1369 4763 1714 4819 nequaquam
1738 4751 2042 4819 permissus

466 4831 706 4887 fuisscta
739 4845 1120 4902 procuratore,
1155 4837 1264 4892 nisi
1295 4853 1392 4907 per
1416 4839 1806 4911 negligentiam
1828 4842 1912 4897 vel
1928 4843 2042 4898 cla-

469 4924 697 4986 tionem.
731 4934 792 4979 ut
821 4929 1248 5000 expergeﬁeret;
1276 4947 1378 4986 nec
1413 4933 1621 5012 'timcat
1669 4951 1738 4989 ex
1767 4935 1894 5001 hoc,
1940 4952 2045 4992 nec

469 5017 714 5079 recedat,
738 5033 843 5074 nec
869 5019 1048 5090 ipsum
1067 5035 1318 5090 excuset,
1352 5042 1421 5080 ne
1445 5026 1760 5097 duplicetur
1797 5029 1903 5084 sibi
1931 5046 2044 5085 ma-

469 5104 606 5171 lum,
659 5109 788 5176 quia
837 5126 948 5166 non
996 5121 1081 5168 est
1133 5116 1280 5187 apud
1330 5119 1726 5188 producentem
1768 5122 2041 5198 justitiam

467 5198 640 5253 Deum
672 5200 967 5271 iniquitas:
999 5206 1166 5262 absit.

1034 5339 1258 5400 CAPUT
1287 5344 1477 5402 XXIV.

470 5445 550 5500 De
582 5447 1005 5518 perfectionibus,
1061 5456 1340 5513 virtutibus
1370 5468 1419 5513 et
1446 5461 1621 5532 oﬂiciis
1643 5465 2038 5520 monachorum.

540 5559 708 5616 Decet
763 5567 1095 5624 monachum
1137 5587 1257 5627 esse
1299 5573 1354 5628 in
1404 5578 1664 5634 omnibus
1709 5580 1878 5635 rebus
1925 5580 2041 5635 suis

468 5651 698 5709 formam
725 5655 1058 5717 humilitatis
1099 5663 1421 5722 videntibus
1459 5685 1606 5735 eum,
1657 5681 1717 5726 ut
1753 5689 1820 5727 ex
1850 5673 2039 5729 multis

468 5743 772 5833 virtutibus
823 5749 943 5820 ejus
991 5750 1349 5824 fulgentibus,
1387 5757 1531 5812 sicut
1598 5761 1782 5817 radios
1826 5765 2041 5833 perspi-

465 5838 678 5891 cientes
726 5838 936 5896 inimici
968 5844 1243 5912 veritatis,
1307 5858 1364 5905 et
1413 5849 1582 5906 invite
1641 5854 2033 5920 conﬁteantur,

468 5925 617 5998 quod
652 5929 723 5986 sit
743 5931 1073 5991 Christianis
1091 5953 1216 6009 spes
1243 5949 1392 5996 certa
1425 5940 1653 6008 salutis;
1688 5953 1743 5999 et
1775 5955 2032 6015 tanquam

2217 4739 2430 4793 tienter.

2216 4847 2546 4916 Quicunque
2580 4845 2841 4900 convenit
2889 4843 2943 4898 in
2994 4858 3166 4897 unum
3197 4858 3322 4898 cum
3365 4849 3552 4897 mente
3596 4855 3721 4905 sua,

2146 4949 2204 4994 ct
2263 4946 2323 4991 ut
2361 4945 2723 4992 conversetur
2783 4936 2839 4988 in
2903 4933 3232 4998 solitudine,
3300 4931 3612 4988 conformet
3657 4945 3722 4985 se

2146 5028 2325 5098 ipsum
2372 5026 2706 5096 operationi,
2747 5025 3126 5080 etsecundum
3182 5024 3432 5078 ordinem
3461 5022 3722 5078 solitudi-

2145 5119 2232 5173 nis
2275 5117 2817 5173 deducatresiduum
2849 5132 3118 5171 annorum
3145 5133 3369 5189 Stlme
3393 5125 3449 5170 et
3477 5116 3720 5171 dierum.

2145 5209 2282 5265 Cum
2308 5218 2494 5264 autem
2526 5208 2824 5280 contigerit
2860 5208 2984 5275 tibi,
3019 5207 3118 5273 ﬁli,
3141 5208 3289 5264 sicut
3318 5209 3490 5264 moris
3528 5218 3614 5264 cst
3659 5208 3722 5264 in

2146 5301 2345 5356 ordine
2369 5300 2710 5365 solitudinis,
2745 5315 2776 5354 a
2812 5299 3001 5355 divina
3037 5301 3211 5371 gratia
3255 5301 3627 5356 constituente
3657 5313 3723 5356 ut

2147 5393 2388 5450 interius
2409 5409 2439 5447 a
2473 5393 2719 5447 tenebris
2749 5392 2934 5446 anima
2963 5393 3360 5459 confundatur,
3384 5402 3442 5448 ct
3467 5393 3610 5449 sicut
3631 5409 3723 5448 so-

2144 5485 2288 5541 lares
2326 5484 2468 5539 radii
2504 5483 2672 5539 velati
2706 5499 2873 5554 super
2899 5495 3100 5539 terram
3132 5500 3162 5538 a
3187 5484 3421 5556 caligine
3457 5485 3719 5553 nubium,

2144 5579 2382 5649 priveris
2425 5577 2703 5633 modicum
2749 5586 2965 5647 tempus
3006 5577 3383 5632 consolatione
3418 5577 3718 5648 spirituali,

2144 5685 2357 5726 necnon
2385 5678 2442 5725 ct
2471 5670 2658 5725 lumen
2689 5670 2880 5740 gratia:
2926 5669 3301 5725 confundatur
3326 5670 3562 5725 interius
3589 5685 3724 5743 pro-

2142 5772 2264 5834 pter
2291 5763 2638 5818 umbrantem
2664 5763 2927 5818 vitiorum
2953 5763 3178 5828 nubem,
3208 5777 3273 5818 ac
3307 5763 3405 5818 tibi
3435 5763 3718 5818 modicum

2143 5855 2320 5912 virtus
2348 5856 2564 5911 laetiﬁca
2607 5855 2972 5911 subtrahatur
3027 5864 3083 5911 et
3132 5856 3427 5910 obumbret
3471 5864 3717 5912 mentem

2143 5947 2465 6007 inconsueta
2491 5947 2695 6020 caligo;
2729 5953 2813 6004 ne
2859 5947 3102 6005 turbet-is
3153 5948 3208 6003 in
3257 5949 3464 6015 anima,
3501 5964 3606 6006 nec
3645 5950 3718 6008 ad
