4112 6548
382 464 490 527 853

1446 469 1679 530 LIBER
1720 470 1817 530 DE
1856 471 2313 536 CONTEMPTU
2352 476 2630 539 MUNDI.

3558 476 3666 539 854

386 577 759 651 ignorantiam
776 594 999 635 manum
1018 582 1305 648 extendas,
1326 583 1423 639 sed
1446 585 1661 641 sustine
1676 588 1975 657 patienter,
2006 594 2049 650 Α
2080 591 2286 648 excitat
2315 593 2371 648 in
2395 609 2498 661 eo;
2525 614 2542 647 ο
2571 604 2628 650 et
2659 609 2727 650 ex
2753 594 2860 650 hoc
2888 595 3061 650 sentit
3113 594 3497 650 alterationem
3542 612 3666 667 quae

384 677 443 723 et
468 668 588 739 lege
644 669 701 723 in
731 669 893 727 libris
926 672 1173 739 Patrum,
1217 682 1276 729 et
1306 674 1451 730 infer
1506 675 1610 731 tibi
1651 677 1977 732 violentiam

384 758 454 814 ad
484 760 782 828 orandum,
807 771 863 819 et
896 766 1216 834 praestolare
1245 766 1541 833 auxilium,
1581 776 1639 824 et
1662 769 1850 826 veniet
1878 769 1978 825 tibi

388 861 442 907 te
498 853 809 924 ignorante.
857 856 995 912 Nam
1047 858 1193 915 sicut
1254 860 1539 915 revelatur
1592 861 1764 917 facies
1817 871 1980 917 terra:

386 961 489 1015 per
513 947 703 1003 radios
726 948 960 1013 solares,
992 951 1335 1008 obscuritate
1370 953 1516 1008 aeris
1540 963 1878 1024 occupante;
1904 954 1979 1009 ita

387 1044 589 1105 potens
608 1045 695 1093 est
729 1039 907 1095 oratio
929 1041 1144 1097 solvere
1164 1050 1220 1097 et
1238 1044 1554 1099 annihilare
1577 1043 1647 1099 ab
1676 1045 1861 1100 anima
1884 1062 1982 1101 ne-

388 1127 550 1184 bulas
606 1130 896 1198 vitiorum,
941 1142 998 1188 et
1022 1133 1289 1190 irradiare
1335 1146 1578 1192 mentem
1625 1137 1750 1193 luce
1776 1138 1982 1195 laetitia:

386 1229 446 1278 et
482 1223 902 1291 consolationis,
931 1228 1078 1296 quod
1107 1228 1330 1300 gignere
1365 1230 1657 1286 consuevit
1687 1230 1742 1285 in
1776 1230 1981 1302 cogita-

392 1314 641 1372 tionibus
673 1319 915 1385 nostris;
936 1328 994 1375 et
1023 1320 1260 1377 maxime
1282 1336 1406 1377 cum
1430 1322 1693 1379 habuerit
1712 1323 1981 1395 pabulum

389 1424 421 1462 a
449 1408 646 1479 pagina
669 1426 849 1479 sacra,
891 1420 951 1469 et
992 1414 1285 1486 vigilantia
1317 1433 1441 1487 qua:
1496 1428 1741 1473 mentem
1771 1417 1982 1472 illumi-

389 1509 487 1555 nat
515 1509 572 1556 et
599 1503 860 1560 illustrat.
887 1504 1165 1562 Continua
1194 1508 1345 1563 enim
1376 1510 1545 1565 lectio
1575 1510 1633 1565 in
1676 1509 1983 1580 Scripturis

390 1598 712 1647 sanctorum
760 1594 939 1665 replet
994 1597 1233 1652 animam
1280 1599 1835 1670 incomprehensibili
1880 1600 1983 1655 ad-

392 1684 691 1741 miratione
739 1701 805 1742 ac
838 1687 1211 1745 laetiticatione
1245 1690 1456 1746 divina.
1493 1689 1651 1758 Quod
1680 1691 1729 1746 si
1759 1691 1984 1763 quando

391 1776 561 1832 homo
611 1780 765 1834 venit
808 1781 877 1835 ad
924 1783 1214 1855 lacrymas,
1261 1792 1397 1841 tunc
1447 1785 1773 1856 egredietur
1826 1801 1985 1842 mens

391 1887 491 1927 sua
523 1871 593 1927 de
637 1888 882 1929 carcere.
925 1875 1058 1931 Dico
1093 1877 1193 1932 tibi
1239 1894 1378 1942 rem,
1415 1894 1584 1949 quam
1640 1879 1785 1935 sicut
1815 1880 1984 1936 mini-

392 1978 540 2016 mam
573 1979 686 2018 non
714 1973 1185 2032 contemnes,nec
1216 1967 1439 2023 haesites
1469 1968 1527 2022 in
1557 1969 1774 2023 caeteris
1797 1967 1985 2023 verbis
2018 1970 2059 2024 Β

392 2056 555 2120 meis,
617 2058 747 2127 quia
778 2074 1007 2114 veraces
1037 2069 1167 2115 sunt
1216 2060 1313 2132 qui
1350 2060 1487 2115 mihi
1520 2060 1715 2115 eadem
1740 2060 1986 2117 tradide-

394 2155 546 2203 runt.
575 2148 631 2204 Si
661 2151 1021 2220 suspenderis
1064 2153 1302 2222 teipsum
1336 2168 1369 2207 a
1390 2153 1691 2223 palpebris,
1722 2168 1792 2207 ne
1821 2162 1986 2223 putes

388 2241 617 2311 quando
667 2245 991 2313 perveneris
1037 2245 1104 2302 ad
1138 2246 1431 2318 lacrymas,
1486 2246 1632 2317 quod
1662 2246 1986 2319 perveneris

394 2334 465 2390 ad
495 2335 897 2392 continentiam
926 2339 1376 2396 conversationis
1406 2350 1535 2396 tuae.

468 2427 770 2499 Hucusque
802 2428 1009 2485 mundo
1033 2430 1239 2487 etenim
1267 2433 1584 2487 servierunt
1606 2433 1826 2488 occulta
1856 2439 1982 2488 tua:

398 2521 456 2576 id
491 2530 599 2585 est,
628 2531 742 2577 stas
797 2522 853 2577 in
884 2522 1232 2579 habitatione
1282 2524 1716 2592 mundanorum,
1761 2536 1819 2582 et
1848 2542 1988 2597 opus

400 2614 497 2669 Dei
519 2630 619 2685 per
656 2617 997 2672 exteriorem
1065 2616 1349 2672 hominem
1387 2618 1661 2688 operaris.
1716 2617 1855 2674 Nam
1904 2619 1989 2672 in-

400 2706 580 2761 terior
605 2707 786 2764 adhuc
808 2708 1192 2765 infructuosus
1222 2710 1457 2775 exsistit,
1487 2727 1586 2781 pro
1619 2726 1688 2765 eo
1739 2710 1885 2782 quod
1918 2709 1987 2765 ad

400 2799 675 2869 lacrymas
708 2817 818 2856 non
849 2802 1106 2871 pervenit
1132 2801 1353 2858 fructus
1374 2804 1514 2875 ejus.
1538 2803 1788 2873 Cumque
1807 2803 1875 2858 ad
1904 2819 1992 2858 re-

397 2890 617 2960 gionem
657 2891 905 2962 ipsarum
940 2896 1435 2963 pervencris,tunc
1467 2896 1607 2950 scito
1636 2897 1784 2966 quod
1805 2912 1989 2968 egres—

400 2998 462 3039 sa
488 2992 575 3039 est
604 3000 761 3040 mens
794 2993 885 3040 tua
912 2986 981 3041 de
1011 3001 1234 3044 carcere
1266 2989 1460 3044 mundi
1501 2991 1688 3061 hujus,
1711 3000 1771 3045 et
1802 2993 1991 3059 posuit

403 3076 600 3147 pedem
632 3092 791 3132 suum
816 3078 873 3132 in
891 3078 1094 3134 itinere
1128 3081 1258 3136 novi
1282 3080 1546 3147 hominis,
1579 3091 1637 3137 et
1662 3083 1832 3152 cmpit
1857 3083 1991 3138 ado-

405 3184 529 3224 rare
546 3170 864 3242 (55)aerem
881 3171 1154 3228 mirabilis
1178 3184 1345 3244 atque
1362 3174 1488 3228 novi
1510 3192 1524 3240 ;
1556 3188 1611 3230 et
1634 3185 1766 3232 tunc
1793 3177 1991 3246 incipit

402 3260 694 3318 effundere
727 3263 1015 3336 lacrymas,
1052 3266 1183 3336 quia
1230 3266 1425 3337 incipit
1459 3269 1617 3323 dolor
1645 3270 1825 3324 exitus
1857 3285 1991 3340 pue-

2082 685 2138 738 in
2167 685 2319 740 omni
2351 686 2711 742 innovatione
2736 688 2905 743 debet
2931 687 3189 757 excipere
3227 695 3480 742 naturam
3526 689 3668 744 inte-

2082 778 2309 834 riorem.
2332 777 2582 835 Obscur’e
2610 778 3041 850 quodammodo,
3063 788 3120 834 et
3145 779 3287 834 sicut
3307 779 3361 833 in
3379 780 3668 850 aenigmate

2081 872 2276 942 scripsi
2306 872 2424 928 lnec
2458 872 2525 927 ad
2560 872 3005 929 recordationem
3041 881 3286 927 vestram
3333 878 3390 926 et
3418 872 3669 926 omnium

2082 963 2388 1018 secundum
2419 962 2569 1033 quod
2605 964 3002 1035 comprehendi
3026 972 3209 1034 potest
3235 978 3267 1017 a
3326 962 3671 1032 contempla~

2083 1054 2234 1110 tione
2285 1054 2699 1125 Scripturarum
2754 1063 2812 1111 et
2860 1054 3155 1110 veracibus
3205 1052 3582 1118 orationibus,
3614 1061 3670 1107 ct

2030 1210 2036 1216 _
2081 1147 2331 1202 nondum
2356 1148 2425 1203 ab
2457 1147 2839 1218 experientia;
2866 1155 2927 1201 ut
2956 1146 3051 1201 fiat
3102 1145 3239 1201 mihi
3271 1144 3541 1200 auxilium
3569 1159 3671 1215 per

2082 1241 2366 1296 orationes
2383 1256 2577 1297 eorum
2598 1241 2692 1312 qui
2710 1239 2910 1297 exinde
2932 1240 3141 1296 fuerint
3155 1239 3446 1296 utilitatem
3458 1236 3669 1307 adepti,

2083 1334 2213 1404 quia
2260 1350 2372 1389 non
2399 1334 2680 1389 modicum
2722 1335 2973 1389 laborem
3018 1333 3076 1388 in
3107 1333 3197 1388 his
3225 1332 3493 1403 impendi.
3523 1329 3668 1385 Audi

2082 1427 2247 1481 etiam
2275 1426 2483 1481 ibidem
2507 1427 2653 1497 quod
2681 1426 2857 1481 debeo
2897 1427 2997 1480 tibi
3028 1425 3235 1490 dicere,
3274 1423 3423 1494 quod
3449 1424 3518 1479 ab
3574 1437 3672 1478 ore

2085 1533 2197 1573 non
2221 1517 2393 1573 didici
2417 1516 2631 1573 fallace.
2659 1517 2799 1573 Cum
2838 1518 3120 1589 ingressus
3177 1516 3353 1571 fueris
3378 1516 3449 1570 ad
3486 1515 3672 1587 regio-

2086 1626 2211 1667 nem
2242 1612 2396 1683 pacis
2425 1612 2852 1684 cogitationum,
2884 1620 3019 1667 tunc
3041 1628 3071 1666 a
3095 1618 3147 1664 te
3174 1608 3475 1664 multitudo
3495 1608 3673 1679 lacry-

2085 1721 2303 1761 marum
2335 1706 2641 1771 auferetur,
2674 1714 2730 1761 et
2752 1714 2945 1776 postea
2966 1704 3300 1776 provenient
3327 1704 3584 1774 lacrymae
3615 1702 3673 1757 in

2087 1814 2348 1854 mensura
2387 1796 2766 1853 convenienti.
2813 1796 2940 1853 Haec
2976 1804 3059 1852 cst
3109 1811 3215 1867 pro
3261 1795 3416 1852 certo
3440 1793 3670 1858 veritas,

2088 1891 2233 1948 sicut
2266 1891 2334 1946 ab
2367 1890 2616 1947 Ecclesia
2654 1890 2905 1947 creditur
2932 1890 3201 1962 generali.
3368 1874 3379 1884 ’

2653 2029 2882 2086 CAPUT
2910 2028 3103 2086 XXVI.

2263 2144 2339 2199 De
2368 2143 2534 2199 tribus
2567 2142 2837 2198 ordinibus
2869 2142 3055 2213 quibus
3100 2142 3252 2196 homo
3279 2137 3509 2212 proﬁcit.

2160 2256 2298 2312 Tres
2348 2264 2479 2312 sunt
2530 2254 2757 2311 ordines
2804 2255 2859 2310 in
2916 2251 3122 2324 quibus
3179 2249 3405 2323 proficit
3458 2248 3670 2304 homo:

2090 2349 2455 2414 novitiorum,
2488 2348 2727 2415 medius,
2784 2355 2841 2404 et
2876 2346 3272 2419 perfectorum.
3318 2342 3425 2410 Qui
3454 2349 3543 2398 est
3586 2354 3679 2396 er-

2088 2456 2158 2511 go
2193 2440 2249 2494 in
2293 2439 2475 2511 primo
2522 2438 2742 2503 ordine,
2799 2452 3116 2508 quanquam
3166 2433 3405 2489 intentio
3456 2431 3577 2503 ejus
3605 2428 3676 2485 ad

2089 2531 2297 2587 bonum
2354 2530 2566 2597 tendat,
2607 2538 2791 2585 motus
2840 2538 3023 2583 tamen
3056 2543 3169 2583 suae
3198 2525 3402 2581 mentis
3449 2522 3679 2593 iniquus

2088 2632 2195 2680 est.
2220 2623 2432 2678 Medius
2456 2632 2664 2687 autem,
2725 2622 2971 2677 medium
3005 2620 3229 2691 quidem
3257 2626 3343 2673 est
3369 2616 3516 2672 inter
3546 2630 3677 2686 pas-
3738 2610 3741 2613 ⁷

2091 2716 2411 2773 sibilitatem
2437 2726 2493 2772 et
2515 2715 3040 2787 impassibilitatem.
3079 2721 3136 2770 et
3156 2709 3525 2783 cogitationes
3557 2716 3670 2762 tam

2091 2810 2297 2865 dextrae
2328 2825 2492 2881 quam
2514 2809 2751 2865 sinistra:
2779 2807 3065 2878 aequaliter
3116 2813 3410 2860 moventur
3449 2802 3506 2857 in
3534 2800 3677 2871 ipso,

2091 2922 2196 2961 nec
2226 2912 2406 2961 cessat
2431 2904 2661 2961 omnino
2686 2904 2876 2958 lumen
2914 2902 2969 2957 in
3014 2902 3135 2971 ipso
3164 2899 3472 2971 producere
3513 2906 3676 2951 tene-

2090 3000 2241 3063 bras,
2294 2999 2443 3055 sicut
2454 3000 2565 3071 jam
2590 2999 2806 3054 dictum
2838 3004 2943 3053 est.
2979 2995 3037 3052 Si
3065 3008 3196 3049 vero
3224 2989 3525 3048 cessaverit
3557 3005 3681 3045 mo~

2092 3091 2277 3148 dicum
2303 3092 2373 3149 ab
2399 3091 2622 3148 assidua
2642 3091 2885 3146 lectione
2910 3089 3227 3144 divinarum
3240 3086 3674 3157 Scripturarum,

2092 3200 2157 3240 ac
2190 3183 2470 3240 desiderio
2495 3182 2687 3239 utendi
2726 3181 2966 3254 imagine
2989 3180 3292 3235 formarum
3322 3175 3592 3237 veritatis,
3623 3184 3681 3230 et

2094 3294 2122 3333 a
2154 3294 2314 3349 posse
2339 3292 2462 3343 suo,
2498 3275 2643 3347 quod
2672 3273 2740 3330 ad
2754 3273 3089 3329 exteriorem
3124 3267 3434 3326 custodiam
3472 3282 3541 3323 ex
3570 3282 3679 3340 qua

406 3351 453 3405 ri
487 3352 811 3421 spiritualis.
837 3354 973 3409 Nam
1023 3356 1199 3426 gratia
1226 3372 1349 3425 quae
1380 3359 1693 3413 communis
1730 3368 1815 3414 est
1847 3360 1991 3415 inter

2096 3372 2156 3427 fit
2190 3370 2424 3426 interior
2452 3368 2704 3425 custodia
2728 3375 2786 3423 et
2811 3366 3093 3423 sufﬁciens
3129 3362 3382 3434 operatio
3399 3358 3471 3416 ad
3497 3357 3678 3424 initia,

403 3458 617 3509 omnes,
653 3445 962 3501 traducitur
1008 3447 1075 3502 ad
1103 3449 1365 3515 animam,
1416 3460 1476 3505 ut
1514 3452 1692 3521 pariat
1748 3453 1989 3510 divinam

406 3535 639 3589 formam
671 3543 885 3591 secreto
917 3536 987 3592 ad
1020 3537 1193 3593 futuri
1243 3541 1429 3595 saeculi
1457 3543 1805 3611 claritatem;
1834 3562 1993 3601 cum-

407 3640 516 3696 que
551 3634 768 3697 tempus
813 3637 1004 3699 partus
1065 3630 1312 3699 advenit,
1344 3633 1529 3688 statim
1575 3636 1788 3691 moveri
1838 3654 1994 3695 mens

410 3719 605 3791 incipit
627 3722 683 3776 in
706 3722 1059 3791 quibusdam,
1076 3739 1199 3798 quae
1216 3726 1343 3781 inde
1370 3736 1501 3782 sunt
1525 3727 1669 3784 sicut
1693 3729 1993 3799 spiramen,

408 3831 520 3885 quo
557 3817 856 3872 attrahitur
897 3818 1079 3874 infans
1125 3819 1272 3874 intra
1298 3820 1548 3876 membra
1578 3822 1634 3877 in
1665 3823 1868 3893 quibus
1894 3840 1998 3879 nu-

412 3908 615 3975 tritur;
640 3917 697 3964 et
725 3910 987 3979 quoniam
1017 3911 1275 3978 sustinet,
1295 3912 1441 3983 quod
1469 3916 1861 3971 consuetudini
1887 3916 1995 3973 sibi

413 4016 523 4056 non
565 4010 671 4070 est,
702 4004 889 4058 statim
917 4004 1114 4076 incipit
1141 4022 1365 4062 movere
1391 4023 1595 4079 corpus
1619 4010 1686 4064 ad
1714 4011 1995 4081 planctum

412 4096 637 4151 mistum
681 4097 976 4153 dulcedine
1016 4100 1230 4168 mellis;
1275 4109 1333 4157 et
1368 4110 1574 4172 quanto
1615 4103 1789 4175 magis
1821 4105 2000 4160 nutri—

415 4197 506 4242 tur
537 4190 715 4245 infans
748 4190 1006 4259 interius,
1061 4200 1214 4248 tanto
1251 4194 1377 4264 plus
1425 4193 1592 4250 habet
1640 4203 1997 4267 augmentum

416 4284 806 4355 lacrymarum.
871 4274 971 4339 llic
1019 4294 1203 4341 autem
1258 4287 1395 4342 ordo
1448 4287 1841 4360 lacrymarum,
1883 4291 1997 4347 dixi

414 4378 563 4449 quod
601 4394 710 4433 non
750 4389 836 4434 cst
863 4380 954 4435 ille
993 4380 1088 4449 qui
1120 4381 1406 4437 solitarius
1438 4382 1549 4455 (36)
1575 4400 1641 4439 ex
1674 4385 1999 4443 incitatione

414 4473 722 4545 contingit;
757 4472 885 4542 quia
939 4472 1031 4527 illa
1063 4475 1370 4530 consolatio
1397 4492 1521 4546 quae
1553 4477 1620 4533 de
1662 4488 1909 4549 tempore
1942 4480 2001 4536 fit

414 4566 481 4621 ad
512 4574 749 4636 tempus,
802 4566 1009 4637 ubique
1064 4567 1125 4621 ﬁt
1172 4569 1229 4622 in
1280 4568 1580 4625 solitudine
1635 4573 2001 4628 commoranti

416 4674 543 4715 cum
594 4658 709 4714 Deo
740 4666 797 4714 et
844 4658 1076 4713 cuilibet
1108 4657 1397 4713 exsistenti
1434 4658 1489 4713 in
1532 4659 2000 4729 contemplatione

416 4752 638 4817 mentis,
676 4749 1011 4822 quandoque
1061 4749 1117 4805 in
1162 4750 1511 4807 sermonibus
1562 4750 1997 4821 Scripturarum,

417 4845 714 4917 aliquando
738 4845 795 4900 in
821 4844 1139 4900 orationum
1160 4857 1418 4899 occursu.
1452 4844 1560 4899 Sed
1591 4844 1661 4899 de
1680 4844 1874 4899 ordine
1894 4845 2002 4900 isto

419 4940 565 5004 dico,
578 4938 671 5010 qui
686 4937 845 4994 adest
862 4937 1241 4993 indesinenter
1257 4936 1581 5009 Iacrymanti
1598 4948 1764 4993 noctu
1780 4937 2000 5008 dieque.

421 5033 748 5105 Quicunque
788 5042 976 5089 autem
1035 5047 1136 5102 pro
1169 5041 1323 5087 certo
1368 5032 1661 5088 veritatem
1696 5032 2003 5087 formarum

425 5124 655 5181 istarum
707 5126 938 5192 invenit,
985 5124 1125 5180 fiunt
1162 5134 1347 5179 autem
1384 5126 1532 5180 oculi
1563 5126 1684 5197 ejus
1722 5126 1789 5181 ad
1830 5126 2007 5183 instar

424 5218 593 5273 fontis
616 5234 901 5287 aquarum,
928 5218 1183 5290 usquead
1202 5219 1492 5275 biennium
1514 5220 1601 5276 vel
1622 5220 1794 5289 ultra;
1816 5229 2008 5292 postea

424 5326 561 5367 vero
588 5311 898 5383 ingreditur
937 5315 1004 5368 ad
1026 5329 1217 5385 pacem
1252 5313 1671 5386 cogitationum,
1715 5325 1772 5371 et
1804 5317 1885 5373 sic
1926 5316 2009 5371 in-

426 5402 679 5478 greditur
722 5405 792 5461 ad
840 5405 989 5462 illam
1035 5409 1287 5485 quietem
1346 5407 1415 5464 de
1468 5424 1579 5479 qua
1624 5409 1762 5465 dicit
1814 5411 2011 5467 beatus

426 5500 667 5557 Paulus:
700 5499 1321 5572 «Sicutparticulariter
1343 5515 1512 5574 caput
1543 5512 1765 5570 natura,
1797 5521 1829 5560 a
1854 5506 2009 5576 paci-

427 5594 532 5650 fica
569 5608 792 5665 quoque
824 5595 1013 5665 quiete
1051 5596 1248 5669 incipit
1285 5612 1442 5653 mens
1474 5597 1837 5669 contemplari
1892 5614 2011 5672 my-

428 5689 631 5756 steria;
656 5697 713 5744 et
743 5698 873 5744 tunc
903 5688 1142 5761 Spiritus
1189 5698 1417 5749 sanctus
1440 5692 1636 5765 incipit
1665 5693 1716 5749 ei
1766 5694 2013 5750 revelare

431 5780 700 5847 aelestia,
729 5780 950 5837 etDcus
974 5781 1182 5836 habitat
1212 5782 1268 5839 in
1296 5782 1417 5855 ipso
1442 5792 1497 5840 ct
1528 5782 1744 5840 fructus
1770 5781 2013 5853 Spiritus

505 5898 552 5929 ⁸⁸
580 5894 751 5950 Hebr.
809 5911 879 5958 χι,
916 5894 999 5949 15.

509 5990 619 6064 (⁸55)
644 5992 901 6050 Adorarc.
937 5990 1015 6049 An
1041 5991 1262 6046 odorare
1282 5995 1304 6047 ξ)

2096 3462 2442 3519 detrahetur.
2469 3460 2629 3528 Quod
2652 3460 2698 3515 si
2728 3456 2993 3514 nutrierit
3026 3454 3282 3511 naturale
3310 3468 3472 3509 suum
3504 3451 3559 3507 in
3593 3451 3685 3506 his

2095 3573 2219 3629 quae
2246 3556 2385 3623 dixi,
2430 3570 2536 3610 nec
2562 3552 2779 3609 dimisit
2800 3551 2936 3607 mihi
2969 3548 3394 3621 inquisitionem
3429 3554 3486 3602 et
3518 3560 3681 3601 seru-

2096 3653 2361 3707 tationem
2394 3658 2452 3705 et
2483 3648 2745 3703 affectum
2770 3660 2967 3702 eorum
2993 3643 3060 3699 de
3083 3643 3271 3713 longo,
3302 3637 3556 3711 quamvis
3571 3654 3683 3693 non

2097 3745 2201 3814 21
2253 3723 2579 3805 videritea;
2628 3737 2726 3795 sed
2778 3753 2845 3793 ea
2874 3745 3015 3792 nutu
3062 3732 3324 3791 lectionis
3368 3730 3683 3787 divinarum

2098 3838 2506 3908 Scripturarum
2532 3833 2746 3889 nutriat
2771 3829 3137 3904 cogitationes
3156 3842 3305 3892 suas,
3322 3834 3380 3881 et
3402 3825 3685 3880 contineat

2099 3948 2168 3988 ne
2200 3931 2443 3986 declinet
2468 3927 2536 3983 ad
2557 3928 2863 3991 sinistram,
2879 3939 2984 3980 nec
3005 3921 3238 3992 recipiat
3259 3934 3444 3975 semen
3461 3916 3685 3986 aliquod

2098 4023 2436 4080 diabolicum
2467 4021 2570 4078 sub
2601 4018 2789 4091 specie
2828 4014 3100 4080 veritatis,
3159 4010 3440 4069 custodiat
3464 4024 3687 4080 quoque

2100 4116 2338 4170 animam
2366 4128 2521 4169 suam
2563 4128 2689 4167 cum
2720 4107 3001 4165 desiderio
3031 4106 3085 4160 in
3112 4105 3248 4171 Deo,
3276 4116 3404 4157 cum
3432 4099 3688 4155 oratione

2100 4207 2399 4272 laboriosa,
2436 4203 2808 4276 etpatientia:
2835 4203 2953 4272 ipse
2975 4196 3261 4271 praestabit
3290 4195 3341 4252 ei
3363 4192 3690 4269 petitionem

2101 4318 2281 4368 suam,
2312 4310 2369 4356 et
2424 4299 2639 4369 aperiet
2672 4297 2727 4353 ei
2751 4295 2958 4351 ostium
3009 4308 3192 4357 suum,
3229 4299 3288 4346 et
3320 4289 3559 4344 maxime
3588 4301 3690 4358 pro

2104 4395 2343 4450 utilitate
2370 4393 2565 4464 ipsius.
2601 4390 2828 4446 Secreta
2861 4401 3085 4458 quoque
3106 4383 3416 4441 humilibus
3438 4378 3691 4436 revelan-

2104 4499 2213 4544 tur.
2244 4487 2301 4544 Si
2337 4501 2470 4542 vero
2502 4493 2755 4540 mortuus
2804 4480 2975 4536 fuerit
3026 4479 3083 4534 in
3138 4474 3455 4549 hujusmodi
3481 4471 3690 4544 specie,

2102 4586 2161 4637 et
2194 4591 2481 4647 nunquam
2510 4574 2714 4629 viderit
2766 4582 2971 4628 terram
3027 4568 3175 4623 illam
3211 4566 3281 4651 de
3323 4578 3519 4635 prope,
3553 4567 3691 4651 puto

2033 4709 2079 4766 υ
2105 4670 2253 4741 quod
2285 4667 2583 4724 haereditas
2604 4666 2725 4737 ejus
2746 4663 2854 4719 erit
2879 4676 3006 4717 cum
3027 4649 3274 4728 antiquis
3291 4654 3476 4766 justis,
3503 4650 3600 4759 qui
3621 4649 3689 4704 ad

2105 4760 2504 4834 perfectionem
2540 4757 2731 4813 venire
2770 4754 3088 4826 sperabant.
3129 4751 3245 4806 Nec
3289 4748 3511 4804 videtur
3536 4746 3690 4817 juxta

2104 4856 2342 4911 verbum
2370 4851 2619 4927 Apostoli
2645 4850 2715 4916 ",
2741 4863 2907 4919 quam
2933 4846 2991 4900 in
3017 4859 3113 4916 spe
3137 4842 3350 4914 operati
3369 4836 3693 4896 sunt-omni-

2105 4951 2212 5007 bus
2240 4949 2438 5008 dicbus
2472 4947 2598 5001 vitae
2642 4958 2777 5009 suae,
2814 4950 2871 4997 et
2903 4938 3273 4996 dormierunt.
3303 4934 3462 5007 Quod
3508 4942 3690 4988 autem

2108 5043 2378 5099 dicimus:
2434 5040 2491 5095 Si
2540 5054 2652 5094 non
2674 5033 3187 5108 pervencrithomo
3224 5030 3293 5087 ad
3326 5037 3533 5084 terram
3566 5041 3693 5097 pro.

2108 5134 2410 5197 missionis,
2444 5148 2567 5202 quae
2589 5136 2675 5187 est
2699 5128 2877 5200 ﬁgura
2914 5120 3300 5198 perfectionis,
3334 5118 3389 5175 id
3410 5126 3517 5182 est,
3540 5132 3694 5173 com-

2109 5226 2407 5303 prehensio
2432 5223 2687 5280 vcritatis
2715 5219 3031 5283 manifesta,
3056 5217 3214 5289 juxta
3239 5227 3559 5271 mensuram
3584 5209 3694 5303 vir-

2111 5320 2245 5379 tutis
2269 5317 2574 5385 naturalis;
2611 5312 2866 5385 nunquid
2887 5308 3221 5385 prohibetur
3245 5313 3472 5379 propter
3497 5304 3606 5360 hoc
3627 5302 3698 5357 ab

2111 5415 2242 5481 isto,
2270 5421 2332 5469 ut
2361 5411 2419 5468 in
2464 5420 2718 5467 extremo
2745 5404 2933 5463 cordis
2962 5412 3187 5461 maneat
3215 5401 3268 5457 ei
3304 5413 3468 5456 omne
3495 5411 3701 5468 propo-

2108 5508 2280 5564 situm
2309 5505 2377 5563 ad
2411 5504 2723 5569 sinistram,
2747 5510 2805 5559 et
2862 5516 2969 5575 pro
3014 5516 3084 5558 eo
3118 5496 3358 5555 declinat
3404 5490 3552 5565 quod
3586 5505 3699 5547 non

2111 5598 2539 5670 comprehendit
2566 5613 2786 5654 omnem
2813 5592 3146 5652 veritatem?
3192 5586 3447 5660 nunquid
3485 5601 3703 5657 perma~

2111 5698 2208 5747 net
2262 5690 2319 5745 in
2376 5689 2704 5745 fortitudine
2749 5689 2917 5759 primi
2963 5684 3197 5749 ordinis,
3243 5680 3339 5753 qui
3384 5693 3491 5735 nec
3548 5676 3699 5732 novit

2115 5785 2253 5849 haec,
2277 5796 2379 5838 nec
2408 5780 2710 5846 desiderat,
2753 5779 2839 5835 vel
2888 5775 3153 5834 convenit
3183 5789 3311 5831 cum
3364 5768 3601 5829 exaltari
3631 5766 3697 5824 ad

2197 5993 2305 6065 (5.6)
2330 5990 2637 6048 Solitarius.
2668 5990 2832 6048 Forte
2865 5989 3143 6056 solitariis,
3166 5987 3251 6043 vel
3297 5984 3560 6041 solitario.
