4102 6552
484 429 594 498 855

1854 428 1916 490 S.
1957 427 2205 490 ISAACI
2241 429 2420 499 SYRI

3636 424 3746 502 856

484 545 725 601 mediam
763 543 948 600 viam?
998 544 1159 601 Dixi:
1205 543 1329 603 Non
1357 544 1506 600 enim
1563 542 1707 599 vidit
1760 557 1904 609 eam,
1958 540 2065 596 nisi
2096 543 2141 600 Δ
2168 549 2414 598 arctatur
2436 542 2507 600 ab
2533 542 2716 616 aliqua
2739 544 3068 603 necessitate
3085 544 3173 603 vel
3212 554 3413 615 morte,
3435 561 3533 605 seu
3558 548 3745 605 tribu-

487 646 751 708 tanquam
773 651 874 707 per
898 636 1209 708 speculum,
1240 634 1339 692 sed
1374 634 1621 707 speravit
1669 634 1739 691 de
1763 634 1949 705 longe,
2007 641 2065 688 et

487 737 717 801 propter
754 728 898 785 hanc
925 745 1078 801 spem
1112 729 1326 800 positus
1353 739 1439 785 est
1462 743 1588 785 cum
1638 726 1890 799 patribus
1922 724 2062 781 suis.

487 824 558 880 Et
579 838 693 880 non
722 822 831 879 fuit
849 823 1050 895 dignus
1085 822 1191 878 hac
1216 822 1461 894 perfecta
1503 821 1682 894 gratia
1730 820 1929 875 factus.
1957 816 2064 873 Sed

488 917 585 989 qui
620 933 841 988 semper
863 914 1248 988 alloquebatur
1279 912 1554 980 eamdem,
1585 920 1643 967 et
1664 926 1787 967 eam
1833 909 2067 965 reduce-

489 1009 586 1066 bat
612 1009 682 1066 ad
738 1017 1001 1075 mentem,
1030 1017 1088 1063 et
1123 1006 1255 1079 quia
1314 1005 1644 1062 movebatur
1678 1004 1737 1058 in
1787 1000 2067 1059 desiderio

489 1105 615 1175 ejus
633 1102 689 1158 in
711 1111 980 1174 quantum
1028 1107 1248 1172 poterat
1280 1098 1413 1155 dum
1459 1098 1708 1163 vixisset,
1757 1103 1814 1153 et
1863 1093 2067 1167 cogita-

492 1192 675 1250 tiones
692 1191 997 1249 referebat:
1036 1207 1136 1249 cor
1163 1191 1285 1262 ejus
1310 1186 1581 1262 repletum
1629 1188 1734 1243 hac
1758 1201 1854 1258 spe
1894 1185 2009 1242 exit
2034 1199 2067 1241 a

490 1282 727 1349 mundo;
754 1298 882 1338 nam
902 1297 1066 1338 omne
1088 1282 1239 1353 quod
1262 1281 1434 1338 habet
1479 1280 1870 1344 humilitatem,
1903 1276 2069 1333 deco-

491 1389 615 1430 rum
641 1374 882 1441 videtur,
906 1374 1036 1445 quia
1062 1374 1455 1444 incorporeum
1493 1371 1701 1428 mentis
1733 1369 2065 1426 exercitium

491 1466 643 1523 circa
663 1464 1000 1523 desiderium
1051 1464 1199 1537 quod
1231 1464 1494 1537 dirigitur
1521 1479 1590 1519 ex
1617 1461 2066 1519 consideratione

490 1558 805 1616 divinarum
854 1560 1289 1631 Scripturarum,
1320 1557 1561 1613 animam
1596 1556 1834 1612 interius
1878 1570 2066 1612 coram

489 1652 749 1723 malignis
777 1654 1209 1726 cogitationibus
1236 1656 1640 1721 circumvallat,
1681 1663 1738 1711 et
1774 1662 2067 1712 conservat

492 1743 737 1799 animum
761 1744 818 1800 in
845 1744 1228 1804 recordatione
1270 1748 1588 1803 futurorum
1637 1747 1932 1813 bonorum,
1962 1760 2067 1802 nec

2164 634 2310 690 latur
2334 650 2365 690 a
2390 635 2816 693 fructiﬁcatione
2851 653 3078 694 suarum
3120 638 3500 710 iniquitatum,
3554 640 3740 698 dicat:

2166 724 2413 797 Sperabo
2446 726 2502 781 in
2530 727 2664 793 Deo,
2689 735 2747 783 et
2782 727 2900 799 ipse
2937 743 3026 784 me
3051 738 3210 784 sanet
3231 728 3439 799 absque
3468 728 3742 786 sollicitu-

2166 818 2316 885 dine,
2347 828 2405 876 et
2436 819 2702 875 auxilium
2729 821 2867 876 mibi
2894 821 3197 892 praestabit.
3242 820 3537 892 lnsipiens,
3562 837 3742 893 usque

2166 911 2331 967 modo
2360 926 2475 967 non
2522 910 2676 967 fuisti
2731 912 3058 968 recordatus
3108 911 3230 976 Dei,
3279 912 3392 968 imo
3445 912 3742 985 injuriatus

2165 1018 2225 1060 es
2254 1003 2304 1058 ei
2320 1018 2422 1074 per
2441 1003 2576 1059 vitia
2609 1012 2832 1060 tuorum
2874 1019 3132 1075 operum,
3165 1020 3268 1077 per
3296 1013 3353 1062 te
3381 1004 3740 1076 blasphema-

2168 1106 2261 1153 tur
2280 1113 2313 1153 a
2343 1096 2602 1169 gentibus
2626 1112 2830 1153 nomen
2878 1097 3097 1153 Domini
3140 1097 3286 1155 sicut
3326 1096 3593 1168 scriptum
3620 1104 3738 1165 est;

2165 1200 2223 1246 et
2241 1206 2390 1246 nunc
2416 1191 2707 1261 praesumis
2732 1206 2830 1246 ore
2856 1191 3021 1262 pleno
3049 1190 3237 1246 dicere
3261 1207 3276 1245 :
3309 1189 3370 1245 In
3397 1189 3518 1261 ipso
3549 1203 3742 1261 spera-

2167 1282 2261 1352 bo,
2292 1291 2352 1340 et
2385 1282 2501 1354 ipse
2530 1283 2891 1340 auxiliabitur
2935 1283 3097 1350 mihi,
3141 1292 3199 1340 et
3244 1283 3516 1339 sollicitus
3540 1281 3651 1339 erit
3671 1281 3742 1337 de

2166 1377 2295 1432 me?
2327 1376 2473 1433 Bene
2494 1376 2705 1431 dictum
2742 1384 2829 1432 est
2862 1391 2894 1432 a
2932 1376 3069 1442 Deo,
3126 1373 3518 1432 confundendo
3581 1373 3739 1439 tales,

2166 1485 2267 1541 per
2300 1470 2627 1541 prophetam
2651 1470 2971 1526 dicentem:
3032 1467 3278 1536 Quotidie
3329 1467 3614 1540 exquirunt
3632 1481 3741 1532 me,

2166 1571 2218 1616 et
2254 1561 2437 1617 nolunt
2460 1563 2733 1617 addiscere
2769 1564 2882 1618 vias
2935 1578 3105 1617 meas.
3157 1561 3230 1617 Et
3271 1562 3408 1616 sicut
3438 1558 3607 1630 aliqui
3654 1558 3743 1629 fa-

2166 1654 2359 1708 cientes
2375 1654 2741 1724 justitiamLet
2759 1652 3172 1724 justiﬁeationes
3199 1651 3297 1708 Dei
3313 1653 3396 1707 sui
3431 1667 3537 1705 non
3573 1649 3745 1705 relin-

2167 1752 2402 1814 quentes,
2442 1753 2685 1814 quierunt
2701 1745 2968 1815 judicium
2993 1751 3043 1798 et
3055 1744 3328 1815 justitiam
3342 1741 3411 1797 ⁵³.
3430 1742 3510 1797 De
3536 1739 3745 1796 talibus

490 1834 707 1891 laxatur
736 1852 894 1893 mens
920 1838 977 1894 in
1001 1839 1335 1912 negligentia
1366 1855 1463 1897 sua
1482 1838 1552 1895 ad
1578 1837 2066 1895 commemoratio-
2097 1878 2142 1936 Β
2166 1835 2314 1890 enim
2343 1844 2428 1891 est
2447 1835 2732 1907 insipiens,
2767 1834 2863 1906 qui
2911 1835 3079 1890 etiam
3130 1841 3315 1890 mente
3348 1833 3423 1889 sit
3455 1833 3745 1904 proximus

488 1938 616 1978 nem
673 1926 1021 1982 saecularium
1093 1945 1302 1998 rerum,
1336 1930 1468 2001 quia
1516 1945 1583 1986 ex
1623 1929 1711 1984 his
1759 1929 2065 2000 frigescunt
2098 1922 2142 1936 “’
2166 1926 2298 1980 Deo.
2334 1924 2442 1981 Sed
2469 1940 2595 1981 cum
2639 1940 2670 1981 a
2723 1924 3176 1982 tribulationibus
3220 1922 3618 1988 circumdatur,
3646 1936 3745 1978 ex-

488 2015 703 2071 calores
722 2027 973 2073 motuum
998 2018 1140 2091 ejus,
1162 2029 1219 2076 et
1239 2020 1308 2076 ad
1329 2019 1811 2091 concupiscentias
1848 2018 2015 2075 cadit.

1048 2149 1275 2209 CAPUT
1301 2150 1517 2209 XXVII.

420 2272 427 2283 ί
486 2260 567 2316 De
592 2277 685 2333 spe
716 2278 835 2334 qua:
847 2262 909 2333 ﬁt
929 2279 1024 2335 per
1041 2262 1201 2334 ﬁdem
1222 2264 1617 2337 prwcordialem
1637 2274 1687 2321 et
1713 2265 2060 2325 dilectionem.

558 2376 645 2431 Fit
693 2392 820 2448 spes
865 2377 922 2433 in
968 2378 1079 2435 Deo
1126 2394 1228 2451 per
1278 2379 1441 2435 ﬁdem
1491 2382 1951 2452 praecordialem;
2005 2392 2064 2439 ct

485 2482 610 2538 qua:
650 2468 795 2524 bona
824 2478 927 2536 est,
966 2470 1303 2528 discretione
1360 2480 1417 2527 et
1471 2474 1704 2529 scientia
1758 2474 1836 2529 tit.
1887 2474 2063 2531 Homo

486 2557 581 2628 qui
630 2558 855 2629 penitus
910 2576 1021 2615 non
1088 2570 1246 2616 curat
1297 2561 1366 2617 de
1419 2562 1585 2619 rebus
1632 2564 2058 2634 temporalibus,

489 2648 584 2705 sed
610 2650 957 2708 commendat
982 2668 1039 2708 se
1071 2652 1182 2708 Deo
1205 2653 1293 2707 die
1325 2661 1622 2726 noctuque,
1652 2663 1756 2709 nec
1789 2664 1874 2710 est
1906 2656 2059 2710 solli-

487 2745 633 2800 citus
673 2743 740 2800 de
764 2760 823 2800 re
855 2745 1037 2816 aliqua
1063 2747 1308 2802 smculari
1356 2757 1586 2818 propter
1636 2748 1878 2803 studium
1909 2749 2059 2819 quod

483 2837 627 2908 gerit
679 2837 826 2892 circa
859 2837 1116 2905 virtutes,
1153 2848 1210 2895 et
1243 2854 1464 2895 omnem
1517 2855 1708 2894 curam
1745 2857 1900 2896 suam
1929 2857 2059 2912 pos-

481 2928 625 2985 sidet
663 2929 719 2984 in
749 2927 974 2994 divinis,
992 2939 1048 2986 et
1070 2941 1296 3002 prepter
1342 2932 1447 2989 hoc
1484 2932 1716 3004 negligit
1742 2933 1924 3003 parari
1951 2933 2059 2989 sibi

481 3021 637 3101 cibos
663 3030 719 3077 et
752 3021 1074 3077 indumenta
1120 3033 1176 3078 et
1205 3024 1669 3094 praeparationem
1705 3024 1811 3080 loci
1842 3024 2059 3079 habita-

480 3111 648 3168 tionis
675 3121 731 3168 et
776 3121 973 3169 caetera
1007 3125 1244 3170 cuncta:
1277 3115 1368 3172 hic
1394 3116 1535 3173 bene
1561 3125 1618 3173 et
1666 3118 2058 3188 magistraliter

2165 2018 2308 2075 tollit
2330 2032 2527 2073 manus
2569 2016 2917 2073 conﬁdenter
2946 2016 3014 2072 ad
3055 2017 3249 2072 Deum.
3288 2015 3392 2071 Hic
3419 2015 3610 2085 utique
3637 2028 3741 2070 ne-

2164 2127 2317 2169 cesse
2371 2111 2539 2167 habet
2562 2111 2845 2166 multoties
2872 2118 2935 2165 ut
2981 2108 3371 2180 disciplinetur
3408 2107 3541 2163 hinc
3585 2105 3742 2173 inde,

2163 2203 2293 2274 quia
2335 2218 2446 2258 non
2496 2202 2662 2258 habet
2683 2216 2823 2272 opus
2850 2201 3100 2273 dignum,
3146 2207 3210 2254 ut
3241 2198 3483 2255 conﬁdat
3509 2197 3567 2253 in
3601 2198 3740 2253 Deo.

2162 2297 2299 2353 Nam
2328 2306 2552 2367 propter
2598 2310 2797 2366 pravas
2847 2294 3214 2366 cogitationes
3246 2300 3306 2348 et
3343 2291 3740 2363 negligentiam

2164 2389 2219 2445 in
2244 2389 2332 2445 bis
2356 2405 2478 2461 quae
2508 2387 2867 2449 conveniunt,
2911 2386 3201 2457 disciplina
3226 2385 3287 2441 ﬁt
3332 2385 3554 2457 dignus.
3592 2384 3746 2440 Deus

2160 2498 2294 2539 vero
2323 2490 2552 2553 propter
2576 2472 3013 2538 misericordiam
3054 2493 3210 2535 suam
3225 2476 3461 2534 sustinet
3487 2491 3639 2540 eum,
3666 2490 3741 2531 ne

2160 2575 2398 2645 decipiat
2419 2575 2553 2646 (57).
2585 2573 2735 2630 Talis
2765 2588 2898 2645 ergo
2928 2587 2989 2628 se
3011 2571 3191 2643 ipsum
3219 2570 3267 2626 si
3301 2568 3744 2625 obliviscaturet

2160 2668 2412 2723 ordinem
2441 2663 2877 2723 conversationis
2909 2680 3047 2729 suae,
3096 2678 3164 2718 ac
3193 2661 3339 2716 dicat
3369 2676 3429 2715 se
3458 2657 3745 2715 conﬁdere

2161 2759 2218 2814 in
2256 2756 2855 2829 Deo,disciplinabitur
2885 2755 3057 2819 enim,
3082 2752 3213 2823 quia
3238 2765 3404 2821 opera
3435 2747 3566 2804 ﬁdei
3591 2762 3741 2803 nun-

2159 2867 2324 2923 quam
2358 2850 2545 2905 habet.
2578 2849 2699 2905 Non
2753 2847 3014 2904 extendat
3051 2846 3108 2901 in
3142 2845 3258 2901 otio
3304 2841 3502 2914 pedem
3529 2852 3739 2908 suum;

2158 2950 2221 2999 et
2239 2942 2418 2997 dicat:
2475 2939 2657 2997 Credo
2716 2939 2772 2994 in
2805 2940 2999 3004 Deum,
3028 2927 3126 3009 qui
3171 2935 3325 2993 dabit
3377 2933 3517 2990 mihi
3540 2946 3741 2990 neces-

2161 3035 2326 3099 saria,
2367 3043 2625 3104 tanquam
2678 3032 2733 3088 in
2762 3031 2861 3087 Dei
2911 3031 3175 3101 operibus
3225 3025 3597 3091 conversanti,
3632 3037 3743 3080 nec

2161 3128 2485 3198 insipienter
2519 3124 2772 3197 projiciat
2815 3122 3175 3193 semetipsum
3245 3120 3301 3175 in
3356 3128 3620 3190 puteum,
3678 3115 3740 3171 in

483 3204 737 3275 spcratin
758 3205 893 3270 Deo,
915 3205 1061 3276 quod
1090 3206 1207 3276 ipse
1232 3206 1431 3263 debeat
1451 3208 1555 3265 sibi
1586 3209 1899 3265 necessaria
1922 3224 2059 3279 prze-
2084 3218 2134 3284 ο
2162 3229 2346 3274 meme
2394 3232 2505 3272 non
2562 3216 2774 3271 habens
2817 3215 3013 3279 Deum,
3055 3223 3113 3269 et
3173 3213 3321 3268 dicat
3346 3227 3361 3266 :
3404 3208 3652 3281 Sperabo
3678 3207 3739 3264 in

480 3312 707 3368 parare:
760 3305 817 3351 et
872 3297 988 3353 haec
1044 3306 1129 3353 est
1177 3298 1613 3369 prudentissima
1664 3316 1792 3372 spes
1820 3309 1876 3356 et
1902 3316 2053 3357 vera.

476 3388 695 3444 Iustum
723 3395 808 3443 est
835 3388 1039 3444 etenim
1070 3389 1234 3444 talem
1263 3406 1489 3460 sperare
1526 3392 1582 3447 in
1616 3393 1749 3458 Deo,
1790 3391 2054 3463 quoniam

483 3495 677 3535 servus
697 3480 818 3552 ejus
840 3479 1077 3547 exsistit,
1093 3490 1149 3536 et
1169 3481 1422 3537 studiose
1446 3482 1715 3539 incumbit
1739 3486 1893 3555 operi
1911 3484 2053 3555 ejus,

478 3571 688 3643 absque
718 3573 866 3627 omni
894 3573 1229 3644 negligentia
1257 3590 1381 3646 quae
1414 3576 1484 3632 ab
1510 3577 1695 3648 aliqua
1729 3593 1897 3634 causa
1919 3594 2055 3635 con-

480 3665 671 3737 tingat.
712 3664 848 3737 Nam
882 3664 1013 3721 huic
1065 3665 1293 3737 dignum
1323 3675 1408 3722 est
1454 3683 1485 3722 a
1534 3668 1648 3723 Dco
1697 3666 1817 3726 ﬁeri
1870 3669 2056 3740 provi-

477 3757 723 3813 dentiam
744 3757 1072 3827 .specialem.
1102 3758 1232 3830 quia
1262 3768 1446 3815 servat
1468 3760 1786 3817 mandatum
1810 3762 1930 3834 ejus
1958 3762 2052 3832 qui

477 3849 641 3906 dixit:
672 3849 903 3916 Qum-ite
919 3853 1151 3921 primum
1180 3869 1399 3924 regnum
1419 3853 1517 3909 Dei
1554 3861 1603 3907 et
1624 3855 1897 3926 justitiam
1917 3855 2051 3926 ejus,

477 3952 528 3998 et
555 3944 665 3998 lucc
726 3945 906 3999 omnia
952 3946 1276 4015 adjicientur
1307 3947 1447 4002 vobis
1474 3948 1540 4002 ".
1564 3946 1702 4003 Cum
1750 3958 1935 4004 autem
1974 3950 2055 4006 sic

477 4033 846 4104 disponimur,
885 4035 1128 4107 mundus
1160 4046 1419 4108 tanquam
1442 4053 1639 4094 servus
1680 4039 1842 4094 nobis
1866 4042 2054 4095 omnia

476 4126 848 4197 praeparabit,
921 4136 979 4183 et
1051 4136 1308 4199 tanquam
1377 4130 1619 4187 dominis
1672 4130 2055 4187 indubitanter

477 4217 702 4274 obediet
744 4218 937 4274 verbis
988 4221 1226 4275 nostris:
1281 4229 1337 4276 et
1391 4222 1599 4277 nostris
1673 4224 2054 4280 voluntatibus

477 4324 589 4367 non
620 4309 863 4366 resistet.
893 4309 971 4366 Ne
995 4310 1167 4381 igitur
1191 4321 1371 4370 cesset
1404 4312 1473 4368 de
1494 4321 1637 4369 statu
1666 4329 1766 4369 suo
1786 4316 2053 4371 continuo

478 4416 663 4459 coram
694 4402 828 4468 Deo,
863 4418 976 4458 non
1027 4403 1198 4459 tradit
1221 4420 1281 4460 se
1317 4404 1498 4475 ipsum
1524 4406 1591 4460 ad
1639 4407 1948 4462 curandum
1983 4408 2052 4464 de

477 4494 789 4553 necessaria
811 4494 1049 4550 utilitate
1071 4496 1341 4567 corporis,
1360 4513 1462 4554 nec
1485 4514 1708 4569 quoque
1729 4499 1798 4555 de
1825 4500 1935 4555 alio
1957 4516 2055 4556 cu-

2158 3309 2391 3363 Domino
2420 3323 2569 3363 nunc
2601 3306 2823 3362 tandem
2851 3321 2951 3376 per
2986 3303 3267 3376 iniuriam.
3317 3310 3374 3359 et
3396 3309 3558 3358 eruet
3588 3316 3700 3357 me.

2226 3400 2349 3457 Noli
2369 3416 2585 3465 errare,
2614 3419 2647 3455 ο
2675 3400 2967 3471 insipiens,
2994 3396 3123 3468 quia
3168 3396 3325 3452 labor
3346 3404 3406 3451 et
3434 3392 3610 3451 sudor
3637 3391 3737 3463 qui

2157 3508 2257 3563 pro
2289 3493 2402 3548 Deo
2429 3491 2570 3547 ﬁunt
2593 3493 2645 3548 in
2667 3491 3001 3564 agricultura
3030 3505 3151 3557 sua,
3169 3503 3322 3560 spem
3347 3502 3471 3558 qua:
3499 3485 3556 3542 in
3596 3493 3738 3540 tem-

2155 3601 2290 3657 pore
2319 3585 2551 3656 geritur,
2603 3583 2959 3640 antecedunt.
2998 3581 3056 3639 Si
3091 3579 3273 3637 credis
3317 3579 3374 3634 in
3409 3578 3609 3640 Deum,
3632 3576 3736 3632 be-

2154 3693 2225 3733 ne
2252 3677 2418 3743 facis;
2458 3676 2551 3733 sed
2576 3675 2713 3733 ﬁdes
2749 3685 2874 3747 eget
2911 3673 3195 3746 operibus,
3239 3681 3298 3728 et
3354 3685 3481 3742 spes
3516 3684 3642 3741 qua:
3663 3668 3736 3725 de

2154 3784 2222 3823 eo
2254 3767 2492 3823 habetur
2539 3775 2668 3837 eget
2727 3763 3120 3822 afﬂictionibus
3145 3761 3212 3818 ad
3259 3760 3513 3817 virtutes.
3544 3757 3733 3815 Credo

2155 3861 2301 3933 quod
2327 3861 2473 3916 Deus
2500 3858 2791 3931 provideat
2819 3854 3091 3913 creaturis
3125 3852 3260 3918 suis,
3281 3863 3338 3908 et
3363 3850 3436 3907 sit
3460 3850 3516 3905 in
3548 3849 3738 3906 omni-

2154 3953 2260 4009 bus
2287 3960 2503 4023 potens.
2546 3950 2651 4008 Sed
2683 3949 2845 4006 ﬁdem
2876 3956 3026 4004 tuam
3082 3954 3347 4015 sequatur
3393 3941 3737 3999 conveniens

2152 4044 2423 4115 operatio,
2453 4051 2510 4099 et
2542 4052 2675 4098 tunc
2703 4039 2961 4097 exaudiet
3010 4046 3084 4093 te.
3117 4035 3240 4091 Noli
3282 4042 3475 4089 tenere
3503 4041 3733 4087 ventum

2154 4139 2209 4195 in
2245 4153 2428 4209 pugno
2484 4145 2602 4202 tuo,
2632 4135 2752 4191 sine
2782 4131 3046 4204 operibus
3072 4129 3334 4185 videlicet
3366 4125 3529 4182 ﬁdem
3557 4133 3733 4179 tuam.

2153 4231 2439 4287 Multoties
2463 4228 2589 4299 quis
2640 4227 2901 4299 ignorans
2934 4222 3179 4278 ambulat
3214 4235 3314 4291 per
3349 4217 3494 4272 viam
3525 4215 3739 4271 haben-

2155 4332 2268 4379 tem
2302 4320 2597 4392 malignam
2629 4318 2824 4382 feram,
2878 4314 2968 4371 vel
3019 4310 3345 4374 homicidas,
3395 4307 3481 4363 vel
3523 4305 3734 4376 aliquid

2154 4412 2473 4470 consimile:
2505 4418 2562 4467 et
2598 4410 2704 4465 hoc
2726 4405 3039 4463 communis
3082 4414 3167 4460 est
3223 4398 3569 4473 providentia
3606 4397 3733 4464 Dei,

2156 4516 2212 4562 ut
2249 4511 2408 4561 eruat
2444 4503 2513 4559 de
2543 4499 2862 4573 hujusmodi
2908 4499 3159 4560 incursu,
3189 4494 3277 4550 vel
3306 4490 3736 4564 praepediatim-

476 4599 563 4645 rat
582 4587 689 4645 nisi
714 4597 927 4646 tantum
953 4589 1168 4645 otiosus
1206 4589 1348 4658 ﬁeri,
1385 4601 1610 4662 prapter
1640 4592 1894 4649 timorem
1925 4594 2047 4659 Dei,
2082 4576 2125 4632 ί)
2154 4608 2344 4671 petum
2370 4595 2590 4651 itineris
2622 4609 2721 4663 per
2771 4592 2986 4662 aliquas
3034 4600 3253 4652 causas,
3278 4598 3568 4656 quousque
3599 4598 3731 4655 ρει·-

474 4682 546 4740 ab
576 4681 894 4755 hujusmodi
942 4682 1316 4739 sollicitudine
1352 4700 1547 4756 magna
1573 4696 1631 4742 et
1664 4702 1870 4756 parva:
1903 4687 2051 4743 unde

473 4790 597 4848 qua:
642 4784 896 4847 spectant
922 4774 989 4830 ad
1022 4776 1384 4846 voluptatem,
1419 4777 1714 4834 obtinebit.
1757 4779 2051 4835 Verumta-

473 4882 601 4923 men
646 4866 765 4923 hmo
800 4865 985 4922 omnia
1025 4867 1374 4933 mirabiliter,
1434 4885 1616 4940 neque
1661 4881 1819 4927 curat
1845 4871 1915 4928 de
1945 4872 2048 4938 eis,

470 4974 652 5030 neque
680 4957 895 5017 laborat
927 4958 982 5014 in
1011 4959 1166 5030 ipsis.
1195 4959 1368 5016 Homo
1403 4962 1606 5033 quippe
1634 4964 1729 5034 qui
1769 4979 1866 5020 cor
1888 4980 2050 5021 suum

472 5053 748 5121 sepultum
772 5052 937 5109 habet
957 5053 1180 5123 penitus
1206 5053 1261 5108 in
1291 5054 1472 5120 terris,
1512 5064 1570 5111 et
1596 5072 1815 5127 semper
1842 5068 2047 5115 terram

471 5149 712 5203 comedit
734 5164 860 5204 cum
887 5156 1167 5217 serpente,
1197 5155 1255 5203 et
1293 5148 1349 5203 in
1392 5149 1545 5204 nullo
1574 5149 1761 5205 studet
1807 5152 2050 5223 compla-

471 5254 599 5296 cere
626 5241 759 5307 Deo,
788 5240 884 5296 sed
932 5241 988 5296 in
1029 5240 1287 5297 omnibus
1334 5243 1718 5312 corporalibus
1752 5244 2047 5301 distractus

470 5342 528 5389 et
559 5332 863 5388 dissolutus
912 5325 1149 5397 exsistit,
1196 5339 1253 5387 et
1307 5334 1520 5390 otiosus
1555 5334 1625 5391 ab
1661 5336 1812 5391 omni
1843 5337 2045 5392 virtute

467 5434 697 5497 propter
726 5423 1009 5479 assiduum
1040 5423 1376 5494 colloquium
1391 5436 1448 5481 et
1475 5426 1662 5481 luxum
1693 5427 2045 5493 elationis,et

467 5516 1059 5587 ocwsionesquasdam
1085 5517 1371 5588 proponit:
1406 5519 1496 5576 hic
1522 5530 1751 5593 propter
1776 5522 2041 5579 desidiam

466 5621 525 5667 ct
560 5612 737 5667 otium
754 5609 962 5667 excidit
1005 5610 1117 5683 jam
1145 5625 1176 5665 a
1209 5608 1385 5679 bono;
1447 5624 1503 5669 et
1532 5616 1886 5689 contingitut
1916 5633 2044 5674 cum

538 5765 586 5799 ’τ
624 5766 816 5822 Matth.
859 5782 935 5837 vr,
975 5772 1064 5828 '53.
1140 5767 1186 5800 "
1220 5768 1323 5822 lsa.
1352 5768 1572 5835 Lvnl,2.

539 5889 651 5963 (τι)
681 5889 941 5964 Decipiat.
977 5890 1158 5957 Forte,
1194 5889 1442 5960 desipiat.

2154 4702 2401 4750 transeat
2454 4692 2569 4746 fera
2598 4690 2856 4760 maligna,
2880 4687 2969 4743 vel
3022 4690 3281 4741 occurrat
3321 4682 3376 4740 ei
3406 4681 3629 4753 aliquis,
3670 4689 3735 4736 ut

2151 4787 2223 4843 ab
2253 4784 2454 4840 itinere
2496 4788 2677 4837 vertat
2733 4778 3014 4836 eumdem.
3047 4776 3183 4832 Item
3210 4789 3440 4847 serpens
3489 4788 3732 4844 nequam

2153 4873 2449 4948 aliquando
2477 4872 2758 4929 invenitur
2778 4868 3034 4942 jacensin
3059 4867 3148 4921 via
3175 4874 3232 4922 et
3260 4866 3471 4931 latens;
3503 4872 3560 4919 et
3582 4864 3761 4919 Deus

2155 4969 2351 5024 nolens
2382 4965 2661 5022 hominem
2692 4976 2971 5034 exponere
2991 4958 3132 5015 cladi
3156 4958 3308 5024 huic,
3347 4956 3479 5012 facit
3503 4970 3734 5026 serpen-

2153 5071 2263 5118 tem
2298 5058 2483 5115 subito
2537 5056 2763 5113 sibilare
2811 5061 2869 5109 et
2894 5052 2964 5107 ab
2996 5051 3117 5122 ipso
3145 5050 3270 5106 loco
3316 5046 3599 5111 recedere,
3638 5046 3732 5101 vel

2151 5169 2375 5225 serpere
2407 5165 2595 5208 coram
2626 5164 2725 5215 eo;
2747 5155 2809 5202 ut
2831 5147 2970 5218 ipse,
3004 5144 3202 5201 videns
3226 5144 3401 5206 illum,
3430 5147 3624 5196 caveat
3649 5139 3732 5195 si-

2156 5246 2236 5310 bi,
2265 5255 2325 5299 ut
2354 5254 2585 5301 eruatur
2612 5242 2681 5298 ab
2709 5242 2827 5312 ipso
2882 5254 3047 5310 quem
3081 5237 3244 5294 nobis
3293 5235 3554 5291 infestum
3593 5231 3732 5288 fecit

2152 5352 2338 5409 super,
2380 5343 2606 5407 propter
2646 5333 2861 5389 occulta
2888 5339 3112 5402 peccata
3140 5346 3236 5386 sua
3263 5343 3386 5400 qua:
3431 5326 3585 5381 solus
3610 5324 3731 5394 ipse

2151 5431 2326 5486 novit.
2378 5428 2536 5485 Eruit
2566 5435 2748 5483 autem
2796 5426 2977 5496 ipsum
3024 5434 3250 5496 propter
3286 5416 3729 5476 misericordiam

2151 5524 2258 5594 22
2287 5536 2464 5588 suam,
2490 5530 2547 5577 et
2577 5519 2849 5591 contingit
2876 5518 3077 5574 cadere
3105 5516 3328 5571 domum
3354 5521 3412 5568 et
3452 5510 3564 5566 labi
3595 5508 3728 5565 fun-

2150 5616 2303 5674 ditus
2324 5631 2353 5671 a
2382 5616 2505 5671 loco
2528 5630 2654 5682 suo,
2680 5622 2739 5670 et
2767 5620 2948 5670 tamen
2972 5608 3306 5685 quandoque
3328 5621 3429 5679 pro
3454 5619 3555 5660 sua
3568 5617 3731 5660 man-
