4102 6528
287 460 390 525 85⁵1

1348 465 1581 526 LIBER
1621 463 1719 525 DE
1756 462 2215 525 CONTEMPTU
2253 462 2532 524 MUNDI.

3439 457 3549 522 858

291 570 382 626 dat
416 569 562 625 Deus
595 568 977 637 misericordia
1001 570 1217 643 angelo,
1255 572 1405 643 quod
1439 589 1561 629 eam
1594 570 1864 639 detineat,
1895 575 1940 630 Α
1968 573 2141 628 sancti
2164 584 2220 628 et
2248 572 2409 629 fortis
2434 571 2555 628 Dei.
2590 571 2657 626 Et
2677 585 2780 643 ego
2810 569 3063 625 inﬁrmus
3094 569 3221 624 dico
3242 570 3548 625 secundum

291 677 362 719 ne
390 662 626 726 labatur,
653 674 1206 735 quousque'surgant
1231 674 1288 721 et
1318 665 1445 721 inde
1477 665 1759 727 recedant,
1781 666 1870 720 vel

290 770 393 827 per
408 753 671 824 quasdam
690 770 886 812 causas
907 755 1098 812 educit
1126 772 1243 824 eos,
1257 766 1321 813 ut
1348 758 1535 812 nullus
1557 757 1873 813 inveniatur

292 847 397 902 sub
433 862 530 913 ea;
554 847 739 904 statim
778 857 960 904 autem
980 850 1503 919 pertimescentibus
1528 850 1658 917 illis,
1676 851 1872 906 saltem

292 941 561 1010 permittit
582 940 840 997 eumdem
869 959 881 995 :
915 942 1062 1013 quod
1093 942 1139 997 si
1190 943 1485 1015 contigerit
1513 942 1755 1013 aliquem
1780 958 1874 998 oc-

292 1031 509 1102 cupari,
550 1033 866 1088 conservari
900 1032 1031 1088 facit
1058 1033 1313 1099 illaesum,
1361 1035 1623 1104 quoniam
1664 1034 1782 1088 vult
1806 1049 1874 1089 ex

294 1124 405 1182 hoc
440 1124 562 1181 ﬁeri
613 1125 958 1182 manifestam
1011 1127 1451 1199 magnitudinem
1484 1143 1596 1182 sua:
1623 1126 1870 1182 virtutis.

293 1216 469 1287 Igitur
500 1224 557 1271 et
584 1216 899 1287 hujusmodi
921 1217 1234 1272 communis
1267 1226 1324 1272 et
1377 1216 1650 1288 generalis
1685 1216 1876 1287 provi-

294 1310 485 1364 dentia
516 1309 612 1365 Dei
645 1317 793 1365 sunt.
829 1310 1019 1365 Justus
1066 1324 1199 1365 vero
1235 1310 1680 1380 inseparabiliter
1711 1309 1879 1364 habet

294 1417 449 1455 eam:
473 1401 720 1471 aeterisq
729 1416 793 1456 ue
811 1400 1129 1457 hominibus
1146 1418 1272 1458 cum
1289 1402 1622 1458 discretione
1646 1402 1877 1456 manda-

296 1494 379 1547 \it
409 1492 552 1549 Deus
581 1492 953 1563 dispositioni,
982 1510 1105 1564 qua:
1130 1504 1382 1566 spectant
1410 1495 1478 1550 ad
1506 1511 1622 1561 eos,
1653 1504 1708 1550 et
1728 1510 1880 1549 com-

298 1600 495 1655 parare
518 1585 804 1641 scientiam
833 1586 1193 1657 providentia:
1218 1588 1337 1643 Dei.
1362 1589 1667 1661 Sedjustus
1692 1589 1883 1658 hujus-

300 1678 451 1732 modi
469 1678 700 1735 scientia
724 1696 826 1750 pro
842 1680 1179 1735 discretione
1204 1696 1428 1735 suorum
1444 1696 1553 1735 non
1582 1688 1726 1751 eget,
1750 1681 1881 1752 quia

296 1768 414 1839 jam
448 1768 741 1838 acquisivit
774 1784 876 1839 pro
908 1770 1139 1825 scientia
1166 1770 1351 1836 fidem,
1393 1787 1493 1841 per
1523 1788 1685 1842 quam
1716 1772 1883 1841 depo-

303 1870 403 1916 net
426 1876 644 1916 omnem
676 1862 974 1919 elationem
1002 1864 1358 1920 extollentem
1386 1880 1444 1920 se
1467 1875 1661 1920 contra
1698 1865 1883 1920 scien-

306 1951 440 2007 tiam
498 1953 618 2019 Dei,
666 1960 724 2009 et
768 1953 837 2010 de
890 1955 1043 2010 nullo
1108 1972 1273 2026 supra
1318 1956 1591 2010 dictorum
1646 1956 1879 2011 timebit.

305 2042 586 2114 Scriptum
616 2054 700 2101 est
727 2045 898 2111 enim,
924 2045 1071 2116 quod
1095 2047 1274 2117 justus
1315 2048 1449 2101 sicut
1474 2046 1553 2101 leo
1601 2047 1817 2116 conﬁdit
1838 2049 1884 2079 "

306 2136 365 2192 in
388 2137 645 2193 omnibus
671 2155 685 2193 :
716 2154 1059 2209 praesumens
1084 2138 1268 2205 (idem,
1297 2156 1406 2194 non
1428 2141 1583 2210 quasi
1623 2140 1886 2195 tentando

305 2229 506 2296 Deum,
534 2230 628 2285 sed
660 2232 913 2288 securius
948 2231 1017 2287 de
1050 2233 1169 2303 ipso
1192 2242 1448 2303 tanquam
1472 2242 1718 2289 armatus
1737 2234 1885 2305 quis,

305 2332 366 2378 et
390 2321 620 2377 indutus
678 2322 920 2394 Spiritus
947 2324 1123 2380 sancti
1177 2325 1405 2381 virtute.
1433 2327 1502 2382 Et
1532 2334 1739 2396 quanto
1768 2341 1888 2381 ma-

307 2413 393 2484 gis
433 2414 601 2469 habet
653 2415 931 2471 assiduam
977 2431 1105 2471 cum
1148 2416 1262 2471 Deo
1297 2417 1651 2473 solitudinem
1678 2458 1692 2481 ,
1736 2426 1888 2473 tanto

306 2506 435 2575 plus
462 2514 519 2560 et
548 2506 693 2561 Deus
719 2507 855 2562 dicit
885 2507 953 2561 de
978 2507 1135 2578 ipso:
1165 2506 1297 2564 Cum
1333 2510 1446 2579 ipso
1480 2526 1598 2563 sum
1634 2511 1688 2563 in
1720 2510 1890 2563 tribu-

308 2599 540 2656 latione.
569 2600 792 2672 eripiam
842 2617 985 2668 eum,
1016 2611 1068 2657 et
1118 2602 1423 2674 gloriﬁcabo
1479 2620 1632 2658 eum:
1665 2602 1891 2674 longitu-

310 2694 437 2747 dine
467 2694 673 2747 dierum
708 2694 915 2765 replebo
943 2712 1084 2761 eum,
1116 2703 1165 2749 et
1192 2696 1466 2750 ostendam
1517 2695 1601 2750 illi
1653 2694 1893 2750 salutare

312 2802 491 2840 meum
522 2788 589 2840 ⁸ο.
615 2785 716 2854 Qui
767 2803 902 2843 vero
927 2788 1105 2844 lassus
1126 2798 1213 2845 est
1252 2798 1309 2843 et
1350 2789 1525 2859 piger,
1568 2804 1680 2842 non
1711 2796 1894 2858 potest

311 2877 520 2933 habere
567 2879 710 2935 hanc
760 2895 912 2949 spem
959 2880 1015 2935 in
1063 2896 1231 2950 opere
1258 2896 1389 2945 suo;
1434 2880 1530 2935 sed
1578 2880 1672 2950 qui
1710 2887 1895 2933 manet

312 2971 578 3027 continue
608 2988 733 3028 cum
761 2974 874 3030 Deo
897 2973 954 3028 in
987 2974 1266 3037 omnibus,
1307 2983 1363 3028 et
1403 2972 1807 3044 appropinquat
1842 2970 1893 3027 ei

314 3078 545 3132 operum
585 3061 784 3117 decore
807 3078 1055 3128 suorum,
1083 3072 1141 3118 et
1171 3062 1431 3118 allectum
1475 3062 1558 3117 sui
1600 3062 1787 3117 cordis
1828 3061 1895 3117 ad

315 3152 443 3223 ejus
459 3153 687 3223 gratiam
711 3151 1095 3207 indesinenter
1129 3151 1398 3215 extendit,
1428 3151 1574 3206 sicut
1606 3151 1743 3205 dixit
1766 3149 1894 3205 bea-

1970 665 2200 721 Paulum
2255 664 2405 736 quod
2456 664 2708 733 templum
2756 663 2855 717 Dei
2898 663 3167 717 sumus“.
3224 661 3551 719 Munde-mus

1970 774 2103 830 ergo
2130 757 2399 828 templum
2419 758 2562 828 ejus,
2593 756 2739 812 sicut
2764 756 2880 826 ipse
2914 754 3157 809 mundus
3194 762 3299 818 est,
3332 761 3393 808 ut
3444 754 3547 807 ba-

1972 853 2148 909 bitare
2191 852 2547 922 concupiscat
2607 852 2664 906 iu
2712 851 2853 921 ipso.
2920 848 3345 905 Sanctiﬁcemus
3392 848 3549 914 illud,

1972 946 2117 1003 sicut
2137 955 2194 1001 et
2216 945 2332 1016 ipse
2352 952 2575 999 sanctus
2602 952 2706 999 est.
2722 943 2995 999 Ornemus
3017 942 3152 997 illud
3183 941 3398 997 cunctis
3420 957 3553 1011 ope-

1973 1037 2132 1093 ribus
2162 1037 2344 1097 bonis.
2376 1045 2432 1091 et
2483 1038 2737 1107 praetensi
2774 1036 3106 1108 fumigemus
3154 1034 3287 1090 illud
3324 1035 3558 1107 thymia-

1974 1140 2142 1197 mate,
2170 1131 2226 1185 in
2254 1146 2365 1200 quo
2398 1130 2637 1200 quiescit
2672 1130 2932 1184 voluntas
2962 1130 3102 1199 ejus,
3130 1127 3184 1181 id
3210 1136 3296 1183 est
3320 1143 3557 1197 praecor-

1976 1224 2106 1279 diali
2136 1233 2192 1280 et
2225 1223 2428 1278 munda
2472 1223 2744 1287 oratione,
2778 1238 2901 1292 quze
2929 1231 3157 1292 propter
3210 1220 3556 1276 saecularium

1978 1316 2424 1372 communionem
2457 1314 2669 1385 acquiri
2721 1330 2831 1368 non
2866 1322 3069 1383 potest.
3115 1312 3207 1367 Sic
3236 1311 3425 1381 utique
3460 1309 3559 1363 ob-

1979 1408 2258 1465 umbrabit
2305 1407 2542 1462 animam
2600 1406 2778 1461 nubes
2825 1406 3012 1477 gloria:
3055 1404 3177 1467 Dei,
3234 1413 3289 1459 et
3331 1401 3561 1473 fulgebit

1980 1499 2241 1570 splendor
2282 1497 2583 1568 majestatis
2619 1498 2743 1565 ejus
2768 1498 2821 1551 in
2865 1495 3032 1551 corde
3083 1494 3279 1565 ipsius,
3303 1492 3560 1563 etreple-

1981 1594 2191 1649 buntur
2208 1592 2407 1667 gaudio
2434 1600 2490 1646 et
2536 1591 2725 1644 lmtitia
2764 1604 2955 1643 omnes
3008 1588 3352 1642 habitatores
3382 1586 3564 1640 taber-

1981 1682 2163 1737 naculi
2200 1682 2332 1737 Dei:
2362 1681 2628 1737 etl‘rontes
2664 1696 2799 1735 vero
2830 1687 2887 1735 et
2921 1678 3278 1734 iuverecundi
3302 1676 3563 1733 deficient

1983 1775 2040 1831 in
2070 1774 2285 1829 ﬂamma
2320 1772 2556 1842 Spiritus
2586 1769 2782 1825 sancti.

2057 1867 2372 1935 lmpropcra
2400 1864 2523 1925 tibi,
2553 1877 2586 1918 o
2640 1863 2830 1927 frater,
2860 1876 3082 1931 semper
3120 1860 3342 1916 dicens:
3369 1857 3413 1915 Ο
3440 1857 3559 1913 ιιιιίο

1986 1972 2073 2011 ma
2097 1957 2317 2020 misera,
2344 1952 2633 2007 dissolutio
2660 1960 2751 2005 tua
2783 1967 2812 2005 a
2843 1966 3071 2020 corpore
3122 1949 3561 2019 appropinquat;

1985 2060 2157 2117 quare
2199 2042 2493 2099 delectaris
2553 2041 2607 2096 in
2671 2041 2740 2095 iis
2769 2056 2891 2110 quas
2923 2039 3094 2094 debes
3129 2038 3292 2094 hodie
3320 2038 3567 2094 derelin-

1986 2153 2179 2209 quere,
2243 2144 2301 2191 et
2342 2150 2373 2190 a
2412 2149 2648 2205 quorum
2687 2140 2913 2202 aspectu
2955 2131 3298 2186 abstraheris
3327 2130 3381 2184 in
3408 2140 3567 2184 teter.

1987 2229 2422 2289 numiAttende
2474 2244 2596 2298 qua:
2632 2234 2761 2282 sunt
2794 2233 2923 2279 ante
2978 2232 3055 2283 te.
3113 2231 3169 2278 et
3215 2221 3395 2292 cogita
3448 2233 3571 2289 qua:

1987 2336 2213 2399 operata
2276 2340 2361 2389 es,
2415 2321 2598 2393 qualia
2631 2327 2781 2382 sunt,
2829 2326 2887 2372 et
2940 2331 3201 2385 cumquo
3244 2320 3568 2368 conversata

1988 2437 2050 2477 es
2087 2418 2346 2474 omnibus
2361 2415 2557 2470 diebus
2571 2413 2699 2467 vitae
2729 2419 2867 2476 tuae;
2904 2425 3000 2463 seu
3026 2407 3151 2477 quis
3177 2405 3422 2460 laborem
3443 2417 3574 2471 ope-

1992 2510 2222 2567 rationis
2250 2518 2357 2563 tuaa
2394 2505 2623 2575 recepit,
2652 2513 2709 2558 et
2747 2516 2909 2572 quem
2966 2500 3021 2553 in
3082 2512 3263 2568 pugna
3298 2504 3392 2550 tua
3433 2492 3573 2547 lani—

1990 2602 2188 2666 ilcasti,
2248 2609 2307 2654 ut
2359 2607 2518 2667 exeat
2572 2596 2629 2650 in
2661 2608 2898 2648 occursu
2948 2601 3044 2645 tuo
3100 2598 3350 2658 tempore
3392 2585 3575 2641 exitus

1993 2696 2095 2759 tui,
2125 2702 2182 2749 et
2238 2708 2403 2763 quem
2461 2687 2747 2745 delectasti
2784 2686 2840 2740 in
2891 2698 3125 2739 occursu
3174 2689 3292 2747 tuo,
3324 2679 3379 2733 in
3412 2686 3573 2748 partu

1993 2789 2114 2859 ejus
2145 2787 2428 2856 quiescas:
2461 2782 2621 2852 cujus
2653 2778 2825 2850 gratia
2874 2773 3178 2831 laborando
3217 2782 3269 2827 te
3308 2768 3572 2830 aillixisti,

1996 2886 2056 2932 ut
2090 2874 2382 2947 pervenias
2421 2872 2486 2927 ad
2516 2886 2641 2926 eum
2674 2884 2800 2924 cum
2842 2866 3066 2939 gaudio,
3099 2878 3265 2934 quam
3289 2859 3575 2930 acquisisti

1995 2968 2309 3024 mercedem
2356 2965 2573 3020 solvere
2601 2962 2657 3016 in
2692 2975 2893 3016 occasu
2921 2957 3056 3014 solis
3084 2969 3338 3010 recessus
3361 2952 3461 3006 tui.
3493 2950 3577 3005 Tu

1994 3061 2278 3118 sciscitare
2306 3074 2335 3113 a
2361 3056 2671 3125 temetipsa,
2699 3069 2732 3108 ο
2768 3052 2974 3115 anima,
3010 3057 3065 3105 et
3083 3047 3292 3111 videas,
3320 3044 3388 3099 ad
3412 3058 3579 3115 quam

1998 3163 2197 3210 terram
2222 3162 2306 3207 est
2339 3148 2729 3222 projectiotua.
2752 3144 2905 3212 Quod
2950 3143 2995 3198 si
3019 3137 3367 3212 pertransisti
3390 3152 3581 3208 agrum

319 3255 411 3301 tus
436 3245 607 3301 David
631 3262 645 3299 :
680 3244 997 3316 Defecerunt
1019 3244 1157 3300 oculi
1188 3246 1311 3311 mei,
1358 3245 1487 3299 dum
1516 3260 1787 3317 sperarem
1841 3244 1897 3298 in
1926 3274 1972 3335 ο
2001 3246 2425 3303 fructiﬁcantem
2451 3242 2505 3296 in
2536 3237 2904 3295 amaritudine
2926 3233 3157 3291 cultoris
3180 3232 3282 3295 tui,
3311 3231 3486 3285 clama
3528 3236 3587 3284 et

318 3338 433 3395 Deo
469 3355 585 3395 mea
614 3338 683 3394 “.

851 3450 1080 3511 CAPUT
1133 3449 1373 3506 XXVIII.

572 3565 651 3621 De
676 3564 822 3621 luctu
855 3574 905 3621 et
936 3565 1128 3631 labore
1165 3582 1285 3619 cum
1321 3564 1651 3618 discretione.

396 3679 537 3738 Cum
557 3680 914 3737 dilexerimus
964 3696 994 3735 a
1041 3678 1248 3734 mundo
1294 3678 1483 3749 fugere
1533 3686 1590 3732 et
1629 3675 1907 3747 peregrini

329 3775 454 3832 ﬁeri
500 3791 533 3832 a
568 3774 884 3839 mundanis,
932 3773 1073 3828 nihil
1118 3774 1194 3828 ita
1248 3780 1468 3841 separat
1505 3786 1607 3825 nos
1641 3786 1671 3823 a
1702 3768 1911 3823 mundo

333 3884 437 3924 nec
480 3866 781 3923 mortiﬁcat
829 3866 964 3921 vitia
1029 3874 1219 3921 nostra
1278 3863 1520 3919 carnalia
1575 3870 1632 3917 et
1672 3861 1915 3915 vivificat

335 3960 670 4033 spiritualia,
728 3959 872 4015 sicut
917 3960 1103 4014 luctus
1131 3967 1188 4012 et
1219 3956 1375 4011 labor
1396 3972 1522 4010 cum
1576 3954 1915 4010 discretione

338 4052 706 4123 praecordia“.
733 4050 925 4105 Facies
951 4048 1098 4104 enim
1122 4046 1427 4103 verecundi
1458 4046 1709 4101 imitatur
1735 4046 1919 4102 humi-

339 4146 548 4201 litatem
569 4144 781 4200 dilecti.
806 4142 955 4199 Nihil
978 4141 1110 4197 facit
1142 4142 1315 4197 nosin
1345 4140 1545 4196 saeculo
1580 4141 1917 4205 conversari,

341 4248 398 4295 et
432 4254 563 4295 cum
590 4235 1085 4293 ebriisluxuriosis
1114 4235 1209 4305 qui
1233 4244 1363 4291 sunt
1388 4234 1442 4289 in
1471 4250 1559 4299 eo,
1588 4245 1645 4290 et
1669 4234 1805 4289 nihil
1842 4232 1923 4289 sic

343 4347 446 4389 nos
466 4339 688 4402 separat
712 4346 743 4385 a
761 4330 1039 4387 thesauris
1054 4328 1338 4399 sapientiae
1356 4342 1420 4384 ac
1443 4328 1689 4383 scientire
1718 4326 1815 4383 Dei
1833 4344 1921 4383 se-

346 4433 648 4491 cretorum,
686 4425 830 4481 sicut
861 4426 1028 4489 risus,
1050 4422 1155 4477 hoc
1186 4431 1273 4477 est
1328 4421 1648 4476 adinventio
1689 4419 1927 4475 fornica-

348 4518 536 4575 tionis.
600 4517 671 4573 Et
707 4517 969 4587 quoniam
1032 4516 1255 4588 percepi
1287 4516 1691 4586 philosophiam
1751 4523 1924 4580 tuam,

2002 3337 2245 3395 vocifera
2280 3334 2335 3389 in
2364 3334 2572 3406 gemitu
2604 3342 2663 3386 et
2715 3329 3014 3389 anxietate,
3050 3341 3173 3395 quae
3217 3338 3386 3393 super
3412 3319 3587 3376 sacri-

2005 3430 2129 3485 ficia
2154 3435 2210 3484 et
2238 3427 2555 3481 holocausta
2620 3422 2840 3493 placant
2862 3420 3158 3474 Dominum
3196 3415 3371 3469 Deum
3406 3423 3588 3468 tuum.

2002 3519 2281 3578 Producat
2307 3516 2597 3571 dolorosas
2626 3528 2810 3577 voces,
2850 3509 3055 3581 quibus
3082 3504 3260 3561 sancti
3289 3502 3468 3574 angeli
3496 3501 3593 3555 de-

2006 3613 2302 3667 lectantur.
2346 3606 2497 3677 Unge
2546 3619 2713 3676 genas
2759 3613 2880 3657 tuas
2911 3594 3190 3668 lacrymis,
3232 3602 3292 3648 ut
3339 3606 3505 3663 super
3538 3600 3593 3645 te

2010 3701 2251 3774 Spiritus
2287 3705 2512 3753 sanctus
2540 3694 2873 3764 requiescat,
2932 3698 2989 3743 et
3036 3687 3225 3741 abluat
3258 3694 3310 3739 te
3356 3699 3388 3737 a
3416 3681 3596 3737 sordi-

2013 3796 2119 3851 bus
2156 3790 2379 3847 malitia‘.
2406 3798 2533 3843 tute.
2565 3786 2675 3841 Fac
2718 3784 2815 3838 tibi
2850 3779 3151 3852 propitium
3177 3792 3277 3847 per
3326 3775 3597 3844 lacrymas

2017 3888 2210 3950 Deum,
2241 3891 2303 3937 ut
2330 3880 2398 3936 ad
2430 3887 2482 3933 te
2504 3876 2712 3932 veniat.
2744 3875 2921 3928 Invita
2941 3870 3163 3926 Mariam
3177 3866 3515 3922 etMartham
3536 3871 3598 3917 ut

2016 3980 2295 4035 luctuosas
2310 3986 2471 4029 voces
2488 3978 2540 4025 te
2558 3965 2991 4029 doceant,clama
3004 3962 3070 4017 ad
3091 3960 3385 4016 Dominum
3401 3966 3458 4013 et
3475 3956 3593 4013 dic:

2582 4078 2808 4138 CAPUT
2846 4074 3043 4132 XXIX.

2601 4196 2786 4253 Oratio
2823 4193 3031 4246 devota.

2095 4316 2346 4379 Domine,
2376 4310 2470 4384 qui
2530 4323 2696 4379 super
2739 4305 3007 4360 Lazarum
3038 4298 3291 4371 plorasti,
3351 4305 3409 4352 et
3440 4309 3607 4365 super

2029 4427 2160 4468 eum
2198 4411 2474 4479 lacrymas
2507 4411 2614 4457 tua:
2640 4394 3045 4469 compassionis
3079 4389 3325 4447 ell‘udisti
3350 4427 3365 4450 ,
3390 4386 3632 4454 suscipe‘

2029 4475 2755 4576 lacrymas'amaritudinis
2817 4503 2953 4543 mea:
2986 4526 3000 4551 ,
3072 4480 3427 4556 passionibus
3499 4475 3613 4576 tuis

351 4567 536 4575 πη---
600 4567 670 4573 --
713 4567 969 4587 ,ηψπ---
1034 4567 1254 4588 τ--ητ-
2149 4567 2165 4576 .

346 4611 546 4675 amice,
576 4626 709 4682 rogo
735 4611 861 4665 tein
881 4609 1169 4676 charitate,
1195 4617 1256 4663 ut
1283 4624 1478 4664 caveas
1507 4608 1604 4663 tibi
1629 4607 1697 4663 ab
1727 4607 1929 4662 amico-
1964 4614 2008 4671 ι)
2036 4597 2323 4671 passiones
2355 4604 2507 4646 meas
2533 4602 2686 4651 sana.
2717 4580 3044 4682 “ﬁnefist
3098 4577 3208 4630 ίυίθ
3238 4571 3459 4627 mede”
3491 4567 3613 4682 VB“

351 4717 477 4757 rum
508 4701 767 4766 incursu,
812 4715 882 4755 ne
909 4700 1204 4755 verborum
1230 4699 1592 4754 eil‘renatione
1622 4697 1930 4768 frigefacias

351 4793 591 4849 animam
625 4803 820 4848 tuama
838 4793 1022 4848 calore
1051 4792 1337 4848 charitatis
1370 4789 1597 4855 Christi,
1630 4790 1725 4861 qui
1751 4805 1851 4860 pro
1877 4798 1933 4845 te

352 4888 424 4944 fel
457 4887 699 4959 gustavit
748 4886 804 4941 in
828 4886 977 4958 ligno
1024 4886 1226 4949 crucis,
1281 4894 1339 4941 et
1390 4885 1515 4940 loco
1565 4882 1714 4938 illius
1756 4881 1935 4938 dulcis

354 4980 733 5036 meditationis
758 4989 815 5035 et
837 4979 1151 5036 securitatis
1179 4977 1247 5032 ad
1272 4978 1467 5041 Deum,
1490 4975 1756 5046 replearis
1789 4974 1935 5029 mul-

359 5084 541 5129 torum
572 5074 1013 5145 pbantasmatum
1039 5072 1376 5128 obscuritate
1405 5070 1701 5140 vigilante;
1728 5078 1780 5123 te
1803 5080 1934 5123 vero

357 5165 694 5221 dormitante
724 5163 1195 5220 irrationabilibus
1230 5161 1462 5218 somniis
1479 5168 1779 5230 occupetur
1815 5158 1934 5213 ani-

361 5275 471 5325 ma,
500 5274 741 5331 quorum
787 5258 1043 5314 fauorem
1087 5256 1261 5312 sancti
1311 5253 1489 5326 angeli
1520 5252 1798 5309 sustinere
1825 5265 1938 5305 non

362 5361 615 5423 possunt,
651 5360 715 5409 et
733 5352 814 5408 sic
843 5351 941 5407 ﬁas
968 5350 1092 5405 aliis
1112 5348 1415 5405 ludibrium
1452 5353 1509 5401 et
1532 5344 1791 5401 stimulus
1816 5342 1936 5400 tibi.

362 5443 647 5515 Compelle
724 5444 1073 5514 temetipsum
1131 5450 1193 5497 ut
1254 5439 1488 5496 imiteris
1572 5436 1941 5493 humilitatem

365 5534 596 5603 Christi,
621 5544 685 5592 ut
707 5536 849 5609 ignis
890 5533 1224 5592 accendatur
1255 5532 1350 5604 qui
1371 5541 1455 5587 est
1478 5531 1533 5586 in
1564 5537 1616 5585 te
1646 5527 1946 5598 inspiratus

368 5629 439 5685 ab
463 5627 603 5701 ipso,
640 5629 697 5685 in
718 5645 829 5700 quo
844 5628 1198 5686 eradicantur
1220 5624 1534 5697 hujusmodi
1551 5620 1737 5679 saeculi
1766 5627 1947 5675 motus

371 5723 469 5794 qui
498 5722 839 5779 interﬁciunt
867 5721 1147 5779 hominem
1172 5732 1397 5784 novum,
1432 5724 1490 5773 et
1522 5714 1779 5787 polluunt
1808 5709 1947 5767 atria

444 5866 492 5901 "
520 5865 681 5921 Prov.
721 5878 904 5926 xxvut,
963 5860 1014 5915 l.
1123 5857 1168 5891 '°
1204 5854 1401 5913 Psalm.
1443 5870 1529 5920 xc,
1584 5851 1671 5916 l5,

378 5941 421 5973 ⁸³
455 5937 611 5995 Joan.
642 5949 732 6001 xu,
757 5933 845 5989 52.

2035 4658 2157 4745 neri
2196 4700 2342 4747 meo,
2370 4680 2639 4751 sanguine
2671 4684 2766 4730 tuo
2792 4670 3119 4742 sanguinem
3159 4679 3341 4720 meum
3384 4658 3611 4751 munda,

2036 4788 2093 4835 et
2120 4745 2737 4842 contemperavcorpori
2774 4776 2897 4817 meo
2957 4754 3162 4811 viviﬁci
3220 4748 3474 4821 corporis
3533 4745 3615 4801 tui

2038 4870 2288 4927 odorem.
2330 4841 2426 4920 Fel
2449 4876 2561 4932 quo
2585 4858 2655 4913 ab
2690 4851 2931 4910 inimicis
2972 4856 3196 4920 potatus
3252 4860 3336 4908 es,
3396 4841 3617 4897 dulcem

2042 4962 2243 5021 reddat
2272 4957 2511 5013 animam
2552 4966 2731 5007 meam
2761 4949 2831 5003 ab
2865 4941 3262 5002 amaritudine,
3300 4952 3470 5009 quam
3509 4934 3619 4988 mi-

2044 5056 2101 5110 hi
2130 5050 2383 5108 inimicus
2405 5040 2757 5100 adversarius
2802 5031 3136 5106 propinavit.
3195 5028 3411 5097 Corpus
3463 5034 3620 5079 tuum

2042 5145 2189 5219 quod
2222 5144 2278 5200 in
2305 5141 2455 5211 ligno
2485 5134 2668 5191 crucis
2713 5137 3003 5185 extensum
3049 5132 3156 5187 est,
3187 5119 3422 5219 extollat
3462 5115 3531 5171 ad
3570 5124 3624 5170 te

2045 5211 2284 5297 mentem
2314 5246 2490 5288 meam
2510 5244 2632 5299 qua:
2651 5241 2681 5281 a
2697 5218 3041 5280 daemonibus
3070 5224 3156 5273 est
3181 5211 3412 5269 inferius
3426 5217 3622 5266 tracta.

2044 5334 2225 5404 Caput
2270 5338 2427 5383 tuum
2476 5319 2624 5393 quod
2671 5317 2728 5373 in
2757 5312 2944 5371 crucis
3006 5307 3256 5404 patibulo
3316 5300 3624 5404 reclinasti.

2046 5391 2224 5495 erigat
2256 5426 2423 5489 caput
2445 5391 2628 5469 meum
2647 5408 2717 5465 ab
2738 5403 2981 5461 inimicis
3023 5398 3452 5471 colaphizatum.
3486 5391 3629 5449 Cru-

2050 5490 2225 5575 ciii'xaa
2263 5511 2433 5569 clavis
2461 5503 2824 5563 sanctissima:
2851 5510 3049 5553 manus
3080 5503 3187 5550 tute
3216 5490 3511 5547 sublevent
3540 5498 3631 5538 me

2052 5610 2120 5667 ad
2152 5619 2204 5663 te
2237 5606 2305 5661 de
2336 5598 2659 5659 confusione
2688 5589 3038 5665 perditionis,
3070 5586 3215 5641 sicut
3241 5598 3305 5638 os
3334 5590 3490 5637 tuum
3506 5590 3633 5633 sau-

2056 5699 2365 5758 ctissimum
2395 5688 2714 5765 repromisit
2730 5686 2799 5738 ⁶³.
2825 5682 3017 5739 Facies
3049 5686 3142 5733 tua
3172 5690 3295 5746 quae
3338 5672 3523 5741 alapas
3545 5681 3633 5721 re-

1714 5848 1799 5906 l6.
1876 5848 1895 5879 ⁵

2004 5841 2157 5901 salm.
2200 5850 2378 5895 mm,
2411 5838 2462 5888 4.
2543 5826 2630 5882 "l
2673 5824 2798 5881 Cor.
2862 5836 2941 5883 ιιι,
3010 5816 3107 5881 l6;
3152 5813 3194 5869 ll
3256 5809 3383 5867 Cor.
3425 5823 3497 5871 vt,
3542 5805 3629 5860 l6.
