4112 6590
452 460 562 527 859

1837 461 1899 523 S.
1944 459 1962 520 Ι
1973 457 2186 519 SAACI
2228 460 2402 520 SYRI

3624 446 3739 512 860

450 571 604 643 cepit
625 578 681 626 et
709 569 1167 641 consputationes
1209 585 1241 625 a
1295 569 1623 635 maledictis,
1646 569 1913 626 clariﬁcet
1961 569 2042 626 [a-
2069 572 2118 629 Α
2143 561 2348 624 clamat
2376 588 2388 623 :
2420 567 2596 624 Sitivit
2628 584 2811 624 anima
2844 583 2959 622 mea
2991 565 3063 621 ad
3085 565 3255 620 Deum
3287 563 3481 634 [atatem
3511 559 3687 615 vivum
3717 574 3742 615 .°

455 667 598 722 ciem
659 679 840 720 meam
883 662 1272 734 iniquitatibus
1316 662 1676 720 sordidatam.
1709 662 1905 718 Anima
1951 671 2045 716 tua

459 773 626 829 quam
661 755 937 812 tradidisti
963 755 1220 826 primitus
1246 756 1521 811 exsistens
1557 754 1613 809 in
1653 769 1841 818 cruce,
1874 753 2048 810 dedu-

463 859 552 905 cat
584 847 764 903 mead
799 857 851 902 te
880 848 934 901 in
976 847 1152 917 gloria
1213 855 1326 902 tua.
1382 846 1504 902 Non
1568 845 1744 902 habeo
1805 860 1903 900 cor
1950 845 2050 899 do-

461 941 581 995 lens
608 939 676 994 ad
728 937 1088 1008 quaerendum
1147 947 1223 1004 te,
1270 953 1382 994 non
1442 937 1620 992 habeo
1665 935 2047 1006 paenitentiam

462 1047 642 1102 neque
675 1030 1181 1100 compunctionem,
1210 1046 1330 1100 quae
1351 1030 1623 1085 reducunt
1645 1027 1786 1084 filios
1805 1027 1872 1082 ad
1897 1041 2050 1083 suam

464 1123 863 1179 haereditatem.
883 1122 1003 1177 Non
1029 1123 1227 1189 habeo,
1259 1123 1509 1187 Domine,
1541 1122 1813 1193 lacrymas
1849 1121 2051 1191 depre-

465 1215 700 1270 cabiles:
751 1213 1146 1278 obtenebratus
1187 1221 1274 1268 est
1308 1213 1362 1266 in
1417 1212 1778 1267 saecularibus
1835 1209 2052 1266 animus

469 1321 648 1368 meus,
707 1320 812 1360 nec
870 1312 1055 1375 potest
1113 1302 1182 1358 ad
1216 1312 1268 1359 te
1324 1303 1599 1373 respicere
1647 1302 1702 1357 in
1741 1301 1953 1368 dolore,
1996 1310 2053 1357 et

468 1397 614 1452 aruit
633 1411 730 1451 cor
754 1412 938 1451 meum
959 1411 991 1452 a
1034 1394 1392 1450 multitudine
1419 1395 1813 1459 tentationum,
1838 1409 1944 1449 nec
1983 1409 2052 1450 eo

470 1496 653 1558 potest
669 1486 911 1543 caleﬁeri
940 1487 1197 1558 lacrymis
1225 1495 1333 1542 tuae
1355 1485 1690 1542 dulcedinis.
1713 1484 1844 1551 Sed,
1869 1500 1902 1539 ο
1923 1485 2054 1540 Jesu

469 1581 711 1646 Christe,
750 1581 1005 1636 thesaure
1035 1581 1333 1646 bonorum,
1383 1579 1567 1635 tribue
1608 1579 1745 1634 mihi
1775 1577 2054 1649 paeniten-

473 1675 604 1729 tiam
639 1673 960 1744 perfectam,
1020 1688 1117 1728 cor
1147 1673 1380 1740 dolens;
1445 1681 1505 1728 ut
1531 1689 1602 1728 ex
1636 1657 1702 1728 eo
1761 1687 2054 1744 properem

471 1767 654 1820 anima
704 1765 774 1820 ad
832 1765 1191 1836 quaerendum
1245 1773 1330 1821 te:
1375 1781 1503 1821 nam
1539 1765 1659 1821 sine
1715 1765 1865 1819 omni
1910 1764 2057 1819 bono

473 1857 779 1914 alienabor.
799 1858 874 1913 Da
893 1857 1028 1913 mihi
1051 1873 1205 1930 ergo,
1228 1858 1360 1914 Jesu
1376 1858 1616 1924 Christe,
1636 1858 1864 1929 gratiam
1886 1865 2054 1912 tuam.

2152 663 2368 733 quando
2400 664 2610 716 veniam
2645 670 2693 715 et
2723 660 2988 732 apparebo
3023 666 3148 714 ante
3180 655 3372 727 faciem
3401 652 3498 708 Dei
3517 651 3600 706 “1'
3628 648 3743 717 Qui

2153 754 2223 810 de
2256 755 2364 810 hoc
2396 753 2527 809 vino
2559 753 2731 820 bibit,
2762 761 2819 810 et
2851 761 3043 823 postea
3077 750 3328 822 privatus
3360 754 3447 803 est
3477 761 3579 810 eo,
3616 745 3744 815 ipse

2155 849 2307 903 solus
2339 846 2498 901 novit
2531 854 2739 916 quanta
2772 844 2999 900 miseria
3031 849 3358 912 occupatur,
3389 848 3447 896 et
3479 837 3617 911 quid
3649 847 3744 895 est

2155 941 2397 996 ablatum
2426 939 2497 994 ab
2526 955 2593 995 eo
2623 948 2853 1010 propter
2879 937 3215 992 laxationem
3240 933 3350 991 sui.

2226 1031 2271 1087 0
2298 1046 2464 1102 quam
2497 1031 2701 1086 malum
2734 1029 3063 1086 hominibus
3091 1036 3176 1083 est
3205 1031 3468 1097 aspectus
3497 1029 3558 1078 et
3585 1021 3746 1078 locu-

2157 1124 2268 1190 tio,
2303 1123 2413 1180 illis
2461 1123 2723 1179 omnibus
2770 1122 2866 1193 qui
2914 1126 3318 1177 conversantur
3358 1114 3637 1172 veraciter
3679 1114 3741 1170 in

2157 1216 2459 1272 solitudine
2490 1217 2613 1288 plus
2642 1215 2815 1271 multo
2845 1227 3008 1285 quam
3037 1211 3150 1268 illis
3199 1209 3296 1281 qui
3323 1216 3456 1265 sunt
3483 1223 3516 1263 a
3547 1207 3748 1263 solitu-

2159 1305 2290 1363 dine
2324 1307 2592 1378 colligati!
2629 1305 2771 1372 Quia
2805 1303 2949 1360 sicut
2977 1302 3282 1358 vehemens
3315 1298 3522 1370 glacies
3553 1296 3746 1352 subito

2160 1402 2412 1459 incidens
2440 1399 2853 1456 summitatibus
2881 1398 3198 1468 plantarum
3230 1393 3476 1449 desiccat
3506 1406 3633 1457 eas,
3667 1390 3745 1446 ita

2160 1495 2436 1566 colloquia
2465 1493 2786 1558 hominum,
2814 1490 3070 1562 quamvis
3102 1486 3330 1544 omnino
3359 1483 3556 1540 brevia
3601 1484 3743 1548 sint,

2159 1597 2218 1645 et
2259 1596 2526 1659 putentur
2573 1586 2643 1642 ad
2690 1586 2900 1641 bonum
2947 1582 3194 1654 prolata,
3233 1578 3517 1635 desiccant
3558 1583 3746 1629 tamen

2163 1680 2327 1736 ﬂores
2355 1681 2780 1748 virtutum,quaa
2814 1676 2884 1731 de
2914 1690 3060 1730 novo
3091 1673 3402 1728 ﬂoruerunt
3426 1686 3496 1726 ex
3528 1677 3748 1738 tempe-

2165 1772 2341 1827 rantia
2369 1770 2717 1836 solitudinis;
2745 1784 2870 1840 quae
2895 1767 3063 1822 etiam
3090 1763 3441 1822 circumdant
3462 1769 3590 1817 cum
3618 1759 3752 1815 sim.

2163 1863 2414 1934 plicitate
2451 1873 2508 1917 et
2541 1861 2855 1917 temeritate
2889 1860 3135 1930 plantam
3170 1856 3400 1920 animae,
3429 1868 3552 1925 quae
3588 1852 3750 1923 plan-

476 1951 641 2006 Pater
671 1951 767 2021 qui
805 1957 858 2006 te
887 1949 1150 2022 produxit
1175 1950 1245 2007 de
1285 1949 1412 2006 sinu
1437 1965 1541 2006 suo
1574 1949 1915 2005 aaternaliter
1943 1947 2064 2004 sine
2095 1932 2138 1988 Β
2167 1932 2276 2010 ἰδίει
2318 1962 2404 2009 est
2447 1969 2610 2009 secus
2655 1953 2925 2008 decursus
2968 1963 3239 2020 aquarum
3277 1945 3645 2019 paenitentiae.
3680 1943 3753 1999 Ει

475 2051 744 2112 tempore,
774 2042 1001 2097 innovet
1048 2041 1106 2096 in
1160 2057 1248 2097 me
1291 2042 1476 2096 lumen
1513 2039 1769 2111 imaginis
1796 2048 1922 2094 tute.
1956 2038 2063 2093 De—

476 2136 679 2206 reliqui
730 2136 835 2206 23
896 2142 970 2202 te,
1006 2150 1118 2190 non
1171 2151 1260 2191 me
1291 2134 1682 2205 derelinquas:
1719 2131 1865 2190 exivi
1905 2147 1938 2187 a
1991 2139 2063 2196 te,

476 2227 566 2282 exi
593 2227 659 2282 ad
691 2227 1051 2298 quaerendum
1101 2241 1210 2291 me,
1234 2233 1292 2281 et
1334 2225 1593 2282 introduc
1622 2241 1708 2280 me
1773 2224 1830 2279 in
1865 2238 2065 2294 pascua

482 2328 574 2374 tua
599 2336 614 2385 ;
635 2334 978 2374 connumera
1004 2335 1092 2375 me
1108 2318 1305 2373 ovibus
1331 2319 1525 2373 electis
1547 2316 1707 2372 ovilis
1727 2316 1829 2384 tui,
1860 2323 1917 2372 et
1939 2330 2070 2370 con-

480 2411 682 2466 stituas
709 2425 795 2466 me
820 2427 945 2465 cum
967 2411 1050 2466 eis
1074 2411 1130 2465 in
1168 2419 1352 2482 partes
1375 2409 1696 2464 divitiarum
1725 2418 2067 2464 secretorum

485 2511 728 2565 tuorum,
759 2519 994 2572 quorum
1028 2509 1115 2558 est
1164 2501 1546 2557 habitaculum
1592 2516 1686 2556 cor
1721 2499 2066 2566 mundatum,

482 2604 538 2649 ct
570 2595 625 2649 in
654 2595 774 2665 ipso
803 2594 1058 2649 videatur
1093 2593 1359 2664 splendor
1386 2594 1792 2648 revelationum
1821 2600 2067 2660 tuarum,

483 2703 605 2757 qua:
640 2695 771 2740 sunt
797 2686 1100 2741 consolatio
1150 2694 1205 2741 et
1246 2685 1591 2756 refrigerium
1630 2701 1820 2740 eorum
1873 2685 1967 2755 qui
1992 2685 2071 2739 la-

485 2777 823 2832 boraverunt
878 2793 979 2847 pro
1033 2786 1084 2832 te
1122 2777 1176 2831 in
1219 2775 1672 2831 tribulationibus
1703 2785 1759 2830 et
1797 2776 2071 2830 omnimo-

485 2870 573 2924 dis
635 2869 1059 2934 aﬂlictionibus;
1097 2870 1302 2940 quibus
1333 2869 1483 2938 digni
1523 2869 1926 2924 constituantur
1950 2885 2073 2939 gra-

487 2962 560 3017 tia
592 2969 646 3017 et
670 2963 876 3032 pietate
929 2961 1234 3018 Salvatoris
1290 2961 1466 3017 nostri
1500 2971 1630 3016 tunc
1672 2970 1729 3016 et
1792 2961 1848 3016 in
1881 2961 2072 3018 futuro

486 3055 708 3111 sacculo.
733 3055 929 3110 Amen.

1064 3189 1290 3247 CAPUT
1332 3189 1503 3244 XXX.

775 3301 928 3369 Quod
959 3301 1258 3356 sollicitudo
1294 3301 1514 3371 impedit
1534 3292 1791 3373 quietem.

567 3413 746 3470 Homo
782 3413 970 3468 multae
1003 3410 1398 3468 sollicitudinis
1430 3410 1581 3467 mitis
1612 3419 1670 3468 et
1700 3411 1924 3482 quietus
1955 3427 2077 3468 esse

491 3523 603 3563 non
635 3513 839 3577 potest,
866 3505 1000 3576 quia
1027 3503 1343 3559 necessario
1367 3519 1552 3560 causa:
1579 3519 1766 3561 rerum
1797 3505 1854 3560 in
1879 3505 2081 3577 quibus

492 3599 709 3663 studet,
738 3597 1078 3667 compellunt
1115 3611 1243 3651 eum
1283 3595 1518 3652 invitum
1555 3607 1614 3653 et
1651 3597 1983 3654 renitentem
2020 3597 2079 3654 in

494 3693 631 3762 ipsis
696 3690 941 3755 morari,
999 3700 1057 3746 et
1113 3690 1445 3762 disperdunt
1501 3691 1963 3763 tranquillitatem
2022 3699 2080 3748 et

493 3785 907 3856 quietudinem.
947 3784 1118 3840 Decet
1159 3799 1292 3856 ergo
1363 3785 1419 3840 in
1463 3785 1719 3856 opposito
1755 3785 1944 3841 vultus
1979 3783 2080 3841 Dei

496 3886 746 3936 statuere
789 3876 1182 3947 semetipsum,
1213 3884 1270 3932 et
1303 3875 1372 3931 ad
1408 3892 1536 3932 eum
1569 3876 1869 3934 extendere
1897 3876 2082 3934 visum

499 3986 696 4034 suum,
731 3968 778 4024 si
825 3977 1067 4023 mentem
1121 3984 1276 4025 suam
1319 3969 1438 4024 vult
1485 3983 1618 4025 vere
1665 3970 1979 4036 custodire,
2017 3985 2084 4027 ac

500 4076 702 4132 pravos
731 4070 913 4116 motus
942 4060 1036 4130 qui
1055 4059 1113 4114 in
1131 4060 1247 4130 ipsa
1275 4060 1570 4131 pullulant,
1595 4062 1920 4128 emundare,
1949 4075 2084 4116 nec-

505 4167 616 4208 non
655 4150 942 4207 addiscere
977 4166 1103 4206 cum
1140 4151 1542 4222 cogitationum
1582 4153 1984 4223 tranquillitate
2021 4159 2086 4208 ut

503 4244 793 4299 discernat
828 4241 1196 4314 ingredientia
1235 4250 1292 4298 et
1320 4243 1691 4314 egredientia,
1726 4244 1856 4315 quia
1897 4245 2085 4300 multae

503 4336 902 4406 occupationes
944 4343 1076 4391 sunt
1111 4337 1170 4390 in
1211 4345 1595 4406 argumentum
1633 4337 1924 4396 laxationis
1961 4353 2083 4393 mo-

505 4429 672 4484 nachi
707 4437 902 4484 contra
937 4429 1316 4498 operationem
1351 4429 1734 4484 mandatorum
1768 4429 2004 4496 Christi,
2030 4438 2086 4486 et

505 4520 880 4577 manifestatio
908 4535 1137 4576 suorum
1169 4519 1488 4576 defectuum
1521 4521 1575 4576 in
1605 4522 1830 4578 divinis.
1859 4524 1975 4579 Nisi
2010 4524 2086 4580 sis

505 4613 626 4669 sine
651 4612 1052 4678 sollicitudine,
1075 4612 1265 4668 lumen
1295 4613 1352 4668 in
1379 4613 1564 4668 anima
1591 4622 1684 4669 tua
1712 4631 1820 4670 non
1846 4632 2080 4686 quaeras,
2116 4611 2159 4667 D

509 4721 696 4777 neque
723 4706 1178 4778 tranquillitatem
1209 4716 1304 4763 aut
1325 4707 1705 4778 quietudinem
1733 4708 1788 4762 in
1813 4709 2090 4767 laxatione

504 4814 796 4864 sensuum,
837 4800 924 4856 vel
967 4799 1284 4871 ubicunque
1322 4810 1508 4855 manet
1546 4801 1837 4871 occupatio
1876 4817 2086 4858 rerum.

505 4891 585 4948 Ne
624 4891 966 4962 multiplices
1003 4890 1105 4948 tibi
1145 4891 1568 4962 occupationes,
1600 4901 1656 4946 et
1689 4907 1795 4946 non
1833 4892 2092 4950 invenies

510 4982 568 5038 in
623 4983 880 5040 oratione
926 4992 1021 5037 tua
1071 4982 1486 5038 concussiones.
1525 4981 1662 5036 Nam
1702 4981 1824 5037 sine
1873 4981 2094 5038 assidua

507 5074 761 5130 oratione
787 5075 1234 5145 appropinquare
1264 5075 1378 5130 Deo
1407 5088 1516 5128 non
1549 5082 1706 5144 potes
1739 5091 1753 5128 :
1785 5081 1911 5144 post
1938 5075 2091 5129 labo-

509 5181 628 5220 rem
657 5182 793 5221 vero
819 5166 1120 5230 orationis,
1146 5166 1194 5222 si
1226 5165 1399 5221 menti
1432 5165 1600 5222 fuerit
1626 5167 1733 5221 alia
1766 5167 2090 5224 sollicitudo

512 5258 697 5325 illata,
732 5260 1063 5330 operabitur
1097 5259 1154 5314 in
1190 5259 1310 5330 ipsa
1347 5258 1745 5329 dispersionem
1786 5279 1799 5314 :
1837 5261 2092 5334 lacrymze

513 5369 577 5407 ac
610 5353 903 5422 percussio
928 5351 1130 5423 capitis
1161 5353 1218 5407 in
1251 5352 1558 5406 orationem
1577 5395 1591 5419 ,
1621 5369 1723 5408 nec
1752 5370 1864 5409 non
1894 5356 2092 5410 volun-

513 5451 685 5497 tatem
713 5441 768 5497 in
800 5453 946 5499 terra
975 5459 1100 5498 cum
1131 5442 1348 5498 fervore
1376 5444 1826 5514 expergefaciunt
1852 5446 2093 5500 calorem

422 5595 426 5598 ,
516 5533 831 5590 dulcedinis
874 5550 987 5600 suae
1027 5534 1176 5591 intus
1220 5535 1277 5590 in
1331 5537 1528 5602 corde,
1564 5544 1622 5591 et
1665 5552 1790 5592 cum
1830 5537 2095 5593 laudabili

520 5629 723 5682 mentis
762 5643 994 5684 excessu
1039 5629 1384 5686 transvolvat
1425 5627 1538 5701 (58)
1578 5645 1678 5686 cor
1715 5628 1783 5685 ad
1824 5631 1999 5686 Deum
2040 5639 2098 5687 et

587 5746 639 5782 ⁸⁸
657 5747 798 5803 Psal.
825 5764 932 5815 xu,
957 5749 1010 5804 5.

591 5861 702 5932 (38)
729 5861 1088 5917 Transvolvat.
1125 5863 1305 5924 Forte,
1339 5863 1656 5918 transvolat.

2167 2048 2310 2103 sicut
2345 2046 2646 2102 vehemens
2670 2045 2794 2116 gelu
2818 2041 3298 2113 comprehenderis
3319 2039 3569 2095 novellas
3588 2037 3750 2108 plan-

2167 2149 2347 2195 tarum
2388 2139 2812 2210 productiones,
2845 2137 2957 2191 urit
2998 2152 3092 2192 eas
3134 2174 3150 2202 ,
3197 2135 3273 2190 ita
3314 2144 3373 2190 et
3408 2131 3750 2202 colloquium

2166 2233 2454 2288 hominum
2504 2231 2722 2287 radices
2768 2229 3073 2294 virtutum,
3116 2243 3240 2299 quae
3286 2224 3563 2296 incipiunt
3603 2221 3757 2279 sicut

2165 2338 2367 2393 pascua
2403 2321 2700 2394 pullulare.
2732 2319 2890 2388 Quod
2929 2319 2976 2374 si
3017 2333 3211 2374 eorum
3249 2315 3625 2387 colloquium,
3654 2312 3755 2384 qui

2167 2431 2234 2471 ex
2273 2422 2432 2486 parte
2472 2414 2699 2486 quidem
2743 2412 3090 2468 abstinentes
3131 2417 3288 2476 sunt,
3320 2424 3390 2464 ex
3423 2416 3582 2480 parte
3617 2421 3758 2461 vero

2175 2508 2418 2579 aliquem
2455 2507 2736 2563 defectum
2771 2504 3083 2577 patiuntur,
3117 2502 3405 2559 consuevit
3436 2501 3635 2557 animas
3665 2501 3758 2572 ja-

2168 2611 2381 2658 cturam
2415 2600 2652 2668 inferre;
2687 2608 2895 2670 quanto
2931 2597 3105 2670 magis
3136 2595 3477 2666 colloquium
3510 2601 3569 2670 et
3593 2607 3756 2662 aspe-

2169 2703 2295 2751 ctus
2323 2694 2593 2750 laicorum
2621 2699 2677 2747 et
2708 2691 3004 2748 stultorum
3023 2732 3038 2756 ,
3065 2706 3136 2746 ne
3166 2689 3345 2746 dicam
3379 2687 3567 2758 potius
3596 2701 3763 2740 mun-

2169 2786 2477 2844 danorum?
2515 2786 2652 2842 Nam
2693 2785 2839 2840 sicut
2874 2783 3082 2839 nobilis
3118 2791 3176 2840 et
3211 2779 3549 2838 venerabilis
3588 2779 3762 2834 homo

2170 2897 2295 2938 cum
2327 2879 2660 2944 inebriatur,
2686 2877 3041 2934 obliviscitur
3069 2890 3180 2931 suae
3207 2872 3529 2938 voluntatis,
3557 2879 3762 2946 etsta-

2173 2981 2262 3032 tus
2292 2973 2415 3046 ejus
2449 2972 2850 3034 exhonoratur,
2879 2977 2936 3025 et
2969 2967 3240 3024 irridetur
3271 2965 3596 3038 pretiositas
3637 2965 3764 3036 ejus

2172 3074 2403 3137 propter
2454 3063 2668 3119 alienas
2721 3060 3084 3133 cogitationes
3131 3074 3256 3130 quae
3314 3063 3766 3128 supervenerunt

2173 3157 2355 3212 eidem
2384 3155 2502 3210 vini
2531 3155 2760 3219 virtute,
2818 3154 2892 3208 ita
2923 3161 2980 3208 et
3007 3151 3237 3207 castitas
3266 3149 3463 3204 animae
3498 3148 3763 3203 turbatur

2099 3264 2144 3326 α
2175 3245 2245 3302 ab
2285 3252 2512 3316 aspectu
2553 3251 2612 3299 et
2648 3244 2873 3298 incauta
2911 3241 3223 3303 locutione,
3248 3248 3307 3294 et
3340 3237 3658 3295 eradicatur
3689 3237 3766 3292 ab

2180 3336 2284 3392 ista
2322 3349 2485 3391 omne
2522 3333 2961 3389 sustentaculum
3002 3331 3302 3388 laudabilis
3342 3338 3520 3386 status
3559 3329 3670 3385 sui.
3701 3328 3765 3386 Si

2174 3440 2312 3498 ergo
2357 3424 2696 3495 colloquium
2739 3429 2797 3479 et
2838 3422 3030 3478 dilatio
3073 3430 3130 3477 et
3170 3419 3447 3492 dispersio
3491 3431 3766 3488 superve-

2179 3519 2396 3575 nientes
2453 3516 2510 3571 in
2568 3514 2867 3572 solitudine
2922 3513 3324 3577 commoranti,
3371 3511 3459 3567 vel
3510 3510 3766 3582 ipsorum

2178 3609 2620 3682 propinquitates
2663 3607 2733 3664 ad
2769 3606 3074 3664 videndum
3117 3613 3175 3662 et
3219 3603 3560 3662 audiendum
3608 3602 3766 3659 suﬂi-

2179 3702 2335 3758 ciunt
2366 3699 2571 3756 inferre
2605 3698 2775 3754 menti
2811 3698 3186 3754 turbationem
3221 3705 3278 3753 et
3310 3694 3762 3767 trigefactionem

2180 3794 2238 3850 in
2275 3793 2482 3849 divinis
2519 3801 2744 3864 propter
2777 3792 2950 3846 multa
2986 3807 3109 3862 quae
3142 3790 3282 3855 ﬁunt
3313 3805 3382 3846 ex
3409 3789 3534 3844 visu
3568 3797 3630 3844 et
3660 3802 3766 3842 au-

2181 3884 2321 3950 ditu,
2345 3891 2404 3940 et
2423 3883 2480 3939 in
2507 3882 2661 3939 brevi
2686 3882 2825 3938 hora
2850 3882 2958 3938 hoc
2981 3881 3188 3937 faciunt
3215 3898 3229 3935 :
3259 3879 3394 3951 quid
3423 3879 3673 3936 dicemus
3697 3877 3767 3934 de

2182 3977 2449 4034 continuo
2481 3991 2671 4033 eorum
2705 3991 2941 4030 occursu
2975 3983 3032 4030 et
3063 3973 3132 4029 de
3163 3973 3339 4027 multa
3374 3972 3514 4027 hora
3545 3980 3604 4027 et
3635 3970 3765 4026 diu-

2184 4081 2346 4126 turna
2375 4071 2432 4126 in
2464 4070 2708 4126 eisdem?
2738 4069 3047 4126 Furiositas
3067 4067 3276 4124 ventris
3299 4065 3589 4122 obnubilat
3611 4080 3772 4118 men-

2183 4174 2295 4221 tem
2329 4163 2384 4217 in
2414 4162 2728 4233 cognitione
2756 4163 2877 4229 Dei,
2903 4159 3372 4232 quemadmodum
3396 4168 3452 4214 et
3474 4173 3648 4228 vapor
3667 4156 3768 4228 qui

2184 4271 2254 4311 ex
2285 4253 2617 4310 h'umiditate
2648 4261 2815 4310 terra:
2844 4253 3190 4324 producitur,
3218 4252 3554 4314 ascendens,
3583 4265 3770 4304 aerem

2187 4346 2368 4402 reddit
2417 4345 2736 4402 obscurum.
2786 4345 3060 4416 Superbia
3107 4359 3241 4398 vero
3292 4353 3405 4398 non
3452 4340 3772 4396 considerat

2185 4438 2335 4510 quod
2367 4439 2425 4494 in
2455 4438 2704 4495 tenebris
2733 4425 3011 4502 ambulat,
3037 4436 3167 4506 quia
3196 4441 3423 4505 propter
3449 4431 3772 4505 pmdictam

2186 4532 2705 4589 obtenebrationem
2745 4531 3003 4586 nesciens
3040 4530 3404 4584 intentionem
3449 4525 3770 4598 sapientiae,

2187 4629 2470 4686 extollitur
2496 4642 2664 4698 super
2690 4626 2907 4688 omnia,
2934 4639 3059 4678 cum
3091 4622 3163 4677 sit
3196 4621 3383 4677 infima
3409 4620 3689 4681 omnium,
3714 4627 3774 4673 et

2187 4720 2475 4776 addiscere
2517 4716 2635 4771 vias
2680 4715 2778 4770 Dei
2831 4731 2941 4770 non
2988 4721 3187 4782 potest.
3221 4713 3357 4767 Nam
3407 4721 3466 4766 et
3501 4711 3774 4766 Dominus

2188 4810 2509 4864 voluntates
2541 4822 2670 4862 snas
2701 4805 2943 4861 occultat
2967 4803 3035 4858 ab
3065 4817 3159 4869 ea,
3189 4817 3312 4876 quae
3362 4802 3419 4857 in
3466 4800 3553 4857 via
3583 4799 3773 4855 humi.

2189 4898 2324 4954 lium
2353 4896 2536 4952 noluit
2564 4896 2870 4951 ambulare.

2750 5009 2976 5066 CAPUT
3015 5007 3208 5064 XXXI.

2197 5103 2349 5174 Quod
2395 5121 2499 5160 non
2540 5110 2617 5158 est
2659 5102 2834 5173 major
2871 5102 3108 5174 operatio
3158 5099 3538 5174 monachorum
3577 5095 3772 5168 vigiliis

2599 5172 2866 5228 nocturnis
2896 5172 3014 5226 eum
3041 5172 3370 5226 discretione.

2265 5267 2390 5323 Noli
2420 5274 2637 5338 putare,
2660 5282 2693 5321 o
2721 5266 2906 5327 homo,
2930 5264 3076 5335 quod
3107 5264 3252 5318 inter
3276 5275 3472 5317 omnes
3496 5260 3776 5331 operatio-

2198 5375 2296 5416 nes
2328 5359 2726 5414 monachorum
2759 5357 2830 5412 sit
2861 5357 2964 5411 alia
2994 5355 3296 5426 quamlibet
3323 5361 3511 5409 sancta
3542 5366 3774 5406 convcr-

2199 5450 2362 5516 satio,
2394 5451 2573 5521 major
2601 5449 2804 5520 vigiliis
2834 5447 3145 5503 nocturnis.
3175 5446 3236 5501 In
3265 5446 3522 5511 veritate,
3553 5444 3773 5506 fratres,

2200 5541 2246 5596 si
2282 5557 2390 5596 non
2424 5540 2518 5595 ﬂat
2549 5540 2762 5611 religio,
2790 5539 2930 5595 satio
2965 5537 3098 5611 (39),
3128 5536 3419 5608 dispersio,
3447 5541 3504 5592 et
3534 5534 3776 5590 turbatio

2203 5631 2260 5688 in
2294 5629 2611 5687 carnalibus
2648 5629 2814 5687 rebus
2846 5629 2904 5686 in
2935 5627 3308 5686 sollicitudine
3339 5625 3724 5701 temporalium
3756 5641 3772 5682 :

595 5933 707 6006 (39)
739 5933 906 5988 Satio.
944 5935 1130 6002 Forte,
1151 5937 1213 6006 [it
1265 5937 1420 5991 satio.
1457 5935 1525 5991 Et
1567 5951 1711 6002 mox,
1753 5933 1843 5989 sed
1882 5951 1926 5991 sx
1968 5932 2190 5990 caveris.
