4112 6550
275 511 387 578 861

1353 512 1589 574 LIBER
1622 509 1722 571 DE
1760 505 2220 571 CONTEMPTU
2260 509 2537 570 MUNDI.

3460 501 3567 566 882

279 625 388 682 sed
425 623 636 682 caverit
667 624 775 681 sibi
809 639 839 680 a
875 623 1110 691 mundo,
1146 632 1202 680 et
1235 623 1567 679 custodierit
1601 639 1660 680 se
1697 623 1873 693 ipsam
1905 625 1950 680 Α
1980 621 2189 676 tionem
2231 622 2489 677 diurnam
2528 621 2710 677 calore
2747 619 2965 685 cordis,
3001 633 3106 675 nec
3143 616 3200 674 in
3238 618 3424 674 medio
3464 621 3568 673 do-

283 720 494 793 vigiliis
525 735 683 776 mens
708 721 848 791 ejus,
878 718 1034 790 quasi
1065 734 1192 774 cum
1222 719 1326 774 alis
1355 718 1411 772 in
1439 717 1596 774 brevi
1630 726 1878 789 tempore

283 812 466 876 volat,
495 821 550 866 et
581 813 858 868 exaltatur
886 813 943 868 in
976 813 1333 870 dilectionem
1361 814 1489 880 Dei,
1513 823 1571 870 et
1603 813 1716 869 cito
1749 830 1880 884 per-

286 905 444 960 venit
474 904 540 959 ad
572 906 827 977 gloriam.
854 906 1077 960 Transit
1105 906 1252 961 enim
1284 922 1384 977 per
1410 906 1691 962 levitatem
1724 921 1880 960 suam

286 1004 346 1050 et
375 997 676 1068 agilitatem
706 999 774 1054 ad
805 999 1095 1055 scientiam
1127 1016 1250 1068 quae
1281 1006 1506 1070 supcrat
1532 998 1880 1054 intellectum

288 1088 619 1145 humanum.
669 1090 1002 1146 Monachum
1056 1100 1509 1162 perseverantem
1568 1090 1623 1145 in
1680 1090 1885 1161 vigiliis

288 1202 419 1242 cum
459 1186 662 1243 mentis
709 1188 1075 1253 discretione,
1114 1203 1184 1244 ne
1231 1188 1497 1258 respicias
1538 1187 1695 1243 illum
1742 1188 1886 1242 sicut

288 1295 459 1335 carne
490 1279 819 1337 ferventem.
848 1280 963 1337 Hoc
997 1282 1192 1353 utique
1226 1283 1458 1355 angelici
1496 1282 1713 1337 ordinis
1745 1297 1887 1352 opus

289 1381 412 1437 est,
448 1389 559 1427 non
604 1374 935 1429 humanum.
974 1374 1321 1445 lmpossibile
1370 1383 1456 1431 est
1500 1382 1687 1429 autem
1739 1372 1886 1443 quod

292 1466 419 1521 illos
449 1467 544 1537 qui
577 1482 801 1537 semper
830 1467 887 1522 in
918 1468 1237 1539 hujusmodi
1269 1467 1616 1523 continentia
1652 1482 1888 1523 conver-

291 1568 511 1626 santur,
548 1559 792 1615 dimittat
840 1560 987 1615 Deus
1030 1561 1152 1616 sine
1194 1560 1413 1632 magnis
1459 1560 1622 1616 bonis
1663 1568 1890 1631 propter

292 1666 489 1706 eorum
517 1652 793 1722 jejunium
829 1662 886 1709 et
910 1653 1255 1725 vigilantiam
1289 1654 1494 1709 cordis.
1522 1653 1629 1708 Sed
1664 1660 1892 1723 propter

293 1744 592 1800 sollicitam
618 1746 1102 1802 conversationem
1131 1747 1529 1816 cogitationum
1556 1745 1805 1816 ipsorum
1834 1744 1891 1799 in

294 1838 448 1908 ipso,
479 1838 666 1894 anima
700 1854 823 1909 qua:
852 1838 911 1893 in
946 1839 1268 1911 hujusmodi
1304 1839 1619 1911 vigiliarum
1655 1853 1889 1894 conver-

294 1929 511 1985 satione
541 1930 759 1986 laborat
785 1942 843 1987 et
869 1941 1209 2003 perseverat,
1234 1933 1391 2004 quasi
1424 1932 1727 1989 Cherubim
1758 1948 1891 1988 ocu-

295 2022 383 2077 los
415 2037 548 2078 suos
581 2022 836 2087 habebit,
861 2024 1066 2093 quibus
1101 2039 1322 2095 semper
1354 2024 1640 2080 intueatur
1672 2033 1729 2079 et
1762 2038 1890 2094 per-

296 2114 501 2185 spiciat
534 2115 1065 2186 contemplationem
1099 2116 1408 2172 caelestem.
1438 2116 1553 2186 Ego
1587 2130 1722 2171 vero
1754 2123 1891 2186 puto

295 2208 641 2277 impossibile
676 2224 829 2275 esse,
860 2218 919 2263 ut
950 2209 1044 2264 ille
1077 2210 1174 2279 qui
1208 2225 1337 2265 cum
1373 2209 1607 2266 scientia
1637 2218 1694 2265 et
1723 2208 1892 2265 disci-

292 2303 448 2375 plina
484 2303 772 2374 praaelegit
800 2302 907 2358 sibi
942 2303 1189 2359 laborem
1226 2304 1395 2359 istum
1430 2320 1688 2376 magnum
1722 2312 1889 2374 atque

293 2395 545 2452 divinum
569 2438 583 2463 ,
609 2405 667 2452 et
698 2396 1007 2453 arbitratus
1034 2405 1121 2452 est
1150 2397 1275 2469 ejus
1303 2405 1525 2468 portare
1559 2413 1885 2469 gravamen,

291 2500 351 2546 et
373 2490 624 2547 studiose
654 2490 871 2546 laborat
898 2490 951 2545 in
984 2490 1088 2545 hac
1117 2491 1355 2561 gloriosa
1389 2500 1543 2560 parte
1576 2507 1742 2561 quam
1776 2491 1889 2546 cleo

293 2583 405 2653 git,
431 2592 487 2638 et
516 2584 574 2637 in
602 2582 694 2640 die
722 2582 829 2638 sibi
857 2590 1015 2637 cavet
1041 2598 1071 2636 a
1105 2582 1423 2637 turbatione
1454 2580 1795 2635 locutionum
1830 2590 1888 2637 et

291 2676 669 2732 sollicitudine
702 2690 1042 2746 pugnarum,
1072 2673 1171 2729 fiat
1196 2674 1380 2728 nudus
1412 2683 1469 2729 et
1494 2672 1678 2728 fatuus
1711 2674 1888 2729 admi-

294 2768 460 2824 rabili
488 2767 918 2822 fructificatione
948 2782 1159 2837 magna;
1186 2763 1523 2829 dilectionis,
1548 2781 1671 2835 quae
1700 2765 1883 2837 colligi

295 2860 646 2932 praestolatur
686 2860 754 2914 ab
796 2859 938 2929 ipso.
973 2857 1303 2927 Quicunque
1342 2866 1525 2913 autem
1562 2858 1669 2912 hoc
1704 2857 1883 2928 negli-

294 2962 416 3025 gat,
446 2968 723 3024 presumo
754 2951 940 3008 dicere
971 2950 1119 3022 quod
1153 2950 1371 3021 ignorat
1399 2949 1467 3005 ad
1499 2950 1633 3020 quid
1662 2950 1884 3005 laborat

291 3055 351 3102 et
375 3060 575 3101 somno
609 3044 881 3109 abstinet,
908 3052 965 3099 et
996 3044 1051 3099 in
1086 3044 1315 3099 laudum
1347 3042 1642 3098 collatione
1676 3045 1877 3111 multa,

291 3146 350 3195 et
383 3137 704 3209 fatigatione
738 3137 943 3207 linguae
974 3143 1034 3192 et
1064 3144 1250 3191 erecta
1284 3135 1525 3189 statione
1561 3142 1709 3190 totus
1741 3135 1879 3190 aflli-

293 3230 465 3302 gitur,
494 3246 605 3284 non
639 3229 851 3284 habens
886 3234 1129 3283 mentem
1163 3242 1320 3283 suam
1355 3225 1411 3281 in
1447 3227 1698 3282 oratione
1731 3236 1788 3282 et
1819 3228 1874 3283 in

1985 715 2218 771 ctrinam
2262 715 2594 780 adhiberes;
2641 714 2696 767 in
2736 713 2891 768 brevi
2927 713 3119 783 utique
3160 720 3408 782 tempore
3449 729 3568 768 am»

1984 808 2214 878 plexans
2252 807 2362 877 (40)
2406 817 2599 878 pectus
2637 806 2787 862 Jesu.
2820 805 2927 861 Sed
2969 820 3036 859 ex
3073 806 3179 860 hoc
3216 804 3567 860 manifestum

1984 910 2098 962 est,
2130 899 2390 970 quoniam
2427 899 2725 954 indiscrete
2759 897 3133 963 conversaris,
3158 912 3263 952 nec
3296 896 3405 951 scis
3436 912 3574 967 qua-

1984 991 2113 1048 liter
2150 1000 2404 1062 oporteat
2445 992 2751 1047 monachos
2786 990 3037 1061 vigilare.
3095 990 3178 1045 'l'u
3217 990 3364 1044 enim
3406 998 3571 1059 putas

1986 1085 2135 1157 quod
2174 1086 2291 1140 haec
2330 1085 2515 1139 omnia
2557 1093 2688 1139 sunt
2727 1085 2797 1139 ad
2836 1084 2944 1138 hoc
2984 1091 3199 1137 tantum
3241 1089 3476 1147 statuta,
3508 1088 3572 1135 ut

1987 1177 2238 1242 labores,
2266 1192 2371 1232 nec
2399 1177 2470 1232 ob
2497 1176 2645 1231 aliud
2676 1175 2822 1247 quod
2856 1175 3071 1231 oriatur
3099 1190 3169 1229 ex
3198 1175 3299 1229 eis.
3328 1173 3410 1227 Illi
3437 1189 3573 1228 vero

1989 1270 2085 1340 qui
2125 1278 2552 1339 promeruerunt
2585 1285 2615 1323 a
2650 1268 2859 1338 gratia,
2892 1282 2993 1337 pro
3026 1282 3134 1336 qua
3169 1280 3312 1335 sape
3351 1264 3574 1318 obstant

1989 1363 2211 1419 athleta:
2249 1378 2470 1427 somno,
2499 1370 2556 1417 et
2588 1371 2799 1416 naturae
2830 1360 3149 1415 violentiam
3185 1357 3428 1412 inferunt
3461 1364 3571 1410 tam

1990 1471 2091 1526 per
2122 1455 2442 1510 violentiam
2479 1470 2777 1525 corporum
2809 1469 2973 1525 quam
3007 1452 3407 1523 cogitationum
3442 1465 3571 1506 sua-

1992 1566 2149 1618 rum;
2199 1550 2288 1604 cui
2335 1549 2569 1621 singulis
2612 1550 2869 1605 noctibus
2918 1564 3111 1619 preces
3159 1547 3432 1611 offerunt,
3482 1545 3574 1600 ille

1992 1642 2145 1698 solus
2174 1642 2330 1697 novit
2356 1642 2617 1698 virtutem
2655 1658 2777 1712 quae
2805 1641 2865 1696 fit
2891 1658 2958 1696 ex
2988 1641 3189 1697 diurna
3219 1639 3489 1703 custodia,
3518 1646 3571 1693 et

1992 1734 2155 1806 quale
2186 1735 2357 1789 menti
2387 1742 2610 1806 praestat
2641 1734 2905 1789 auxilium
2933 1735 2989 1789 in
3020 1732 3343 1804 quietudine
3374 1730 3574 1795 noctis,

1992 1836 2049 1885 et
2080 1830 2298 1900 qualem
2329 1837 2660 1900 potestatem
2692 1829 2838 1884 circa
2870 1845 2928 1884 se
2955 1836 3146 1883 contra
3181 1826 3571 1896 cogitationes,

1994 1930 2050 1978 et
2072 1922 2291 1992 qualem
2321 1921 2670 1985 munditiam,
2692 1928 2748 1975 et
2771 1920 2987 1990 qualem
3015 1917 3431 1987 intelligentiam
3457 1915 3577 1971 sine

1994 2031 2176 2086 pugna
2205 2022 2261 2069 ct
2282 2013 2547 2069 violentia
2576 2013 2682 2069 sibi
2716 2012 2916 2077 donat,
2944 2022 3001 2067 et
3025 2011 3169 2081 quod
3205 2011 3368 2065 faciat
3398 2010 3576 2081 ipsum

1995 2108 2306 2178 intelligere
2336 2121 2463 2161 cum
2493 2106 2747 2160 libertate
2776 2103 3070 2158 verborum
3106 2104 3469 2156 nobilitatem.

2064 2200 2179 2271 Ego
2217 2214 2439 2270 quoque
2478 2198 2632 2262 dico,
2659 2197 2807 2267 quod
2847 2195 2892 2251 si
2936 2209 3138 2265 corpus
3173 2193 3378 2248 fessum
3414 2191 3580 2245 fuerit

1990 2304 2217 2366 propter
2247 2292 2624 2347 inﬁrmitatem
2657 2305 2841 2352 suam,
2871 2295 2933 2340 ut
2962 2286 3203 2356 jejunare
3234 2298 3343 2338 non
3373 2280 3579 2351 possit,

1990 2396 2173 2459 potest
2204 2387 2337 2442 solis
2364 2384 2570 2455 vigiliis
2607 2398 2763 2437 mens
2785 2379 3073 2449 acquirere
3103 2385 3307 2432 statum
3347 2373 3577 2437 animae,

1989 2492 2046 2538 et
2074 2482 2414 2536 intellectum
2447 2484 2708 2549 praestare
2733 2473 2919 2540 cordi;
2949 2472 3208 2526 virtutem
3237 2466 3579 2539 spiritualem

1988 2576 2273 2639 addiscat,
2313 2571 2617 2627 dummodo
2666 2584 2777 2623 non
2826 2566 2922 2621 fiat
2964 2564 3069 2621 sibi
3115 2559 3505 2618 exterminatio
3548 2576 3580 2613 a

1989 2669 2315 2725 dilatatione
2346 2665 2663 2720 divinarum
2695 2674 3007 2717 causarum.
3032 2656 3189 2712 Unde
3215 2670 3347 2725 rogo
3376 2661 3457 2719 te,
3484 2652 3578 2723 qui

1987 2759 2216 2815 affectas
2250 2754 2480 2824 adipisci
2516 2760 2761 2807 mentem
2797 2748 3100 2805 studiosam
3133 2746 3280 2816 apud
3317 2746 3489 2799 Deum
3521 2751 3578 2797 et

1986 2852 2327 2924 agnitionem
2358 2863 2515 2901 nova:
2546 2847 2703 2910 vitae,
2739 2853 2855 2899 toto
2890 2852 3138 2911 tempore
3168 2840 3296 2895 vitae
3327 2848 3435 2893 tute
3465 2836 3579 2891 noli

1985 2945 2265 3016 negligere
2288 2937 2769 2997 conversationem
2790 2932 3268 3006 vigiliarum,quia
3291 2947 3388 3001 per
3406 2931 3579 2999 ipsam

1983 3037 2317 3109 aperiuntur
2340 3033 2485 3089 oculi
2520 3032 2588 3087 ad
2618 3029 2949 3086 intuendum
2981 3034 3151 3081 totam
3180 3024 3411 3096 gloriam
3447 3037 3581 3076 con—

1982 3129 2322 3189 versationis
2348 3137 2404 3183 et
2427 3126 2688 3180 virtutem
2714 3122 2812 3177 vite
2835 3118 3089 3191 justitiae.
3107 3115 3265 3184 Quod
3291 3115 3337 3170 si
3364 3113 3459 3169 fiat
3481 3113 3581 3168 tibi

1982 3222 2158 3318 (quod
2188 3218 2388 3289 absitl)
2423 3218 2625 3318 iterum
2658 3211 2953 3269 laxationis
2988 3206 3281 3318 cogitatio,
3308 3213 3366 3261 et
3396 3202 3584 3318 nidifi—

293 3332 461 3380 cantu
503 3337 606 3378 suo
626 3362 641 3387 ,
674 3320 773 3377 sed
823 3320 982 3391 quasi
1030 3320 1232 3375 ductus
1273 3326 1361 3375 est
1406 3335 1437 3374 a
1481 3320 1884 3377 consuetudine
1913 3329 1954 3388 c
1986 3303 2199 3373 caverit
2225 3315 2280 3369 in
2310 3321 2362 3367 te
2387 3310 2617 3366 forsitan
2644 3314 2871 3379 pr0pter
2891 3304 3276 3375 probationem
3305 3303 3587 3391 protecto-

292 3415 624 3471 indiscrete.
654 3414 726 3469 Et
750 3413 858 3469 nisi
893 3412 1007 3468 sint
1032 3413 1151 3467 hazc
1185 3412 1367 3467 taliter
1390 3421 1451 3467 ut
1478 3412 1729 3482 praedixi,
1754 3429 1892 3484 quo-

293 3509 463 3564 modo
509 3508 776 3564 deficeret
817 3522 847 3562 a
896 3505 1193 3570 merendo,
1224 3521 1292 3560 ex
1339 3506 1603 3561 continua
1647 3506 1891 3561 semina-

295 3601 449 3656 tione
485 3614 585 3655 sua
623 3598 679 3653 in
714 3598 907 3652 labore
939 3594 1400 3651 fructificationes
1427 3595 1730 3651 maximas?
1755 3596 1891 3652 Nam

293 3693 343 3749 si
381 3692 506 3747 vice
557 3689 1003 3746 sollicitudinum
1052 3688 1260 3744 excitet
1307 3687 1667 3759 semetipsum
1710 3689 1767 3744 in
1809 3690 1891 3745 le-

294 3785 481 3840 ctione
508 3783 710 3839 divinae
736 3782 1042 3853 Scriptura
1066 3797 1189 3851 quas
1217 3781 1442 3836 roborat
1468 3790 1736 3847 mentem,
1764 3797 1889 3837 cum

294 3877 567 3932 orationis
596 3876 665 3931 sit
693 3875 929 3930 maxima
958 3872 1251 3936 fortitudo,
1276 3882 1334 3927 et
1361 3873 1416 3928 in
1443 3874 1649 3944 vigiliis
1678 3874 1887 3945 quibus

297 3970 655 4043 conjungitur
685 3977 911 4041 praestet
939 3967 1228 4033 auxilium,
1260 3965 1355 4021 ﬁat
1383 3968 1434 4022 ei
1465 3968 1559 4022 lux
1586 3969 1811 4032 mentis,
1835 3976 1893 4024 et

297 4061 563 4117 discretio
600 4062 657 4116 in
688 4061 941 4117 semitam
976 4069 1218 4125 rectam,
1247 4068 1305 4114 et
1333 4058 1536 4115 fertilis
1568 4060 1800 4115 materia
1834 4059 1890 4114 in

296 4154 769 4224 contemplatione
809 4153 918 4224 24
953 4152 1225 4208 orationis
1263 4168 1385 4222 qua:
1415 4152 1551 4223 ligat
1580 4160 1823 4207 mentem
1860 4168 1892 4207 a

298 4246 680 4319 dispersione,
713 4261 784 4300 ne
819 4246 873 4299 in
905 4245 1250 4301 vanitatibus
1280 4244 1593 4316 quatiatur;
1628 4244 1723 4300 fiet
1752 4261 1892 4316 quo-

297 4357 410 4412 que
434 4340 755 4396 indeticiens
779 4339 885 4394 sibi
915 4340 1236 4394 seminatrix
1261 4339 1461 4394 divina:
1489 4338 1893 4394 recordationis

300 4435 357 4491 in
402 4434 615 4499 anima,
643 4441 700 4489 et
739 4433 1285 4489 commemorationis
1318 4433 1535 4487 viarum
1574 4440 1891 4487 sanctorum

298 4528 386 4583 vel
418 4536 760 4592 sanctarum,
788 4528 883 4597 qui
914 4528 1027 4582 Deo
1058 4527 1408 4598 placuerunt,
1435 4525 1708 4597 facietque
1737 4542 1894 4582 men.

300 4629 413 4675 tem
439 4619 727 4690 acquirere
751 4619 1114 4675 subtilitatem
1141 4628 1199 4674 et
1220 4618 1547 4689 sapientiam
1577 4637 1590 4673 :
1619 4617 1894 4674 invenerit

302 4712 494 4783 utique
531 4712 917 4783 operationum
955 4711 1275 4784 hujusmodi
1313 4712 1556 4767 fructum
1590 4720 1889 4768 maturum.

370 4801 553 4868 Quare
590 4816 751 4873 ergo,
787 4801 985 4868 homo,
1021 4800 1323 4856 indiscrete
1363 4812 1415 4856 te
1455 4808 1661 4871 tuaque
1701 4800 1893 4872 dispo-

298 4894 417 4959 nis,
448 4894 577 4964 quia
612 4902 782 4949 totam
812 4894 1037 4964 quidem
1066 4902 1286 4949 noctem
1319 4893 1643 4965 pervigilem
1671 4905 1894 4949 erectus

298 4984 500 5040 stando
525 4983 786 5049 deducis,
812 4993 868 5039 et
890 4984 1084 5056 atlligis
1113 4992 1163 5038 te
1194 4984 1372 5055 ipsum
1401 4984 1751 5041 orationibus
1773 4986 1891 5040 lau-

298 5077 577 5147 dibusque
611 5094 625 5131 :
656 5092 954 5134 onerosum
983 5091 1116 5132 vero
1146 5092 1259 5131 non
1288 5075 1568 5132 modicum
1604 5076 1705 5131 tibi
1731 5076 1890 5132 vide-

303 5179 395 5225 tur
430 5185 530 5240 per
564 5170 789 5224 brevem
827 5168 884 5224 in
920 5168 1010 5225 die
1044 5184 1237 5225 curam
1282 5178 1336 5227 te
1379 5168 1621 5224 divinam
1664 5169 1894 5241 gratiam

300 5262 640 5335 promereri,
673 5278 744 5318 ne
781 5262 907 5333 quis
943 5262 1173 5318 forsitan
1207 5277 1310 5334 pro
1346 5270 1399 5319 te
1434 5261 1897 5319 contristaretur?

300 5353 374 5411 Ut
404 5353 537 5424 quid
568 5363 623 5410 te
654 5354 834 5425 ipsum
860 5354 1081 5426 atlligis,
1106 5364 1163 5409 et
1188 5353 1257 5411 de
1280 5363 1447 5410 nocte
1475 5354 1702 5425 quidem
1729 5354 1896 5409 semi-

301 5459 432 5513 nas,
460 5446 529 5502 de
563 5446 653 5503 die
684 5464 819 5505 vero
852 5447 1065 5519 spargis
1098 5447 1348 5503 laborem
1385 5456 1572 5512 tuum,
1602 5455 1659 5502 et
1687 5447 1897 5502 videris

304 5537 720 5596 infructuosus?
760 5541 940 5607 Quare
982 5540 1255 5612 dispergis
1295 5540 1634 5612 vigilantiam
1679 5549 1737 5596 et
1777 5550 1896 5598 stu-

304 5629 460 5686 dium
508 5642 565 5688 et
608 5632 851 5687 calorem
895 5647 1059 5702 quem
1102 5631 1256 5687 fuisti
1299 5632 1567 5703 adeptus,
1608 5642 1665 5688 et
1709 5632 1895 5704 perdis

304 5720 547 5781 inaniter
576 5722 791 5778 lucrum
827 5721 898 5777 ob
931 5722 1233 5779 turbabiles
1265 5739 1452 5778 rerum
1490 5724 1723 5780 cursus?
1755 5725 1892 5780 Nam

306 5814 354 5872 si
389 5824 675 5872 nocturnae
705 5814 1052 5872 meditationi
1086 5815 1416 5872 concordem
1452 5816 1662 5874 faceres
1694 5832 1893 5889 opera-

382 5999 494 6073 (40)
520 5999 864 6072 Amplexans.
897 6000 1084 6069 Forte,
1117 5999 1471 6074 amplexares.

1996 3408 2073 3463 ris
2108 3406 2224 3470 tui,
2250 3405 2345 3475 qui
2379 3418 2447 3458 ex
2479 3397 2884 3457 consuetudine
2918 3404 2971 3451 te
3006 3392 3276 3465 permittit
3304 3390 3361 3445 in
3394 3389 3585 3460 hujus-

1993 3502 2146 3558 modi
2182 3500 2403 3556 alterari
2424 3540 2439 3565 ,
2473 3497 2591 3553 sive
2625 3495 2680 3550 in
2715 3494 2902 3549 calore
2935 3506 3033 3547 seu
3066 3488 3232 3545 etiam
3268 3485 3325 3540 in
3358 3481 3583 3555 frigefa-

1995 3598 2202 3660 ctione,
2229 3594 2315 3650 vel
2342 3608 2411 3648 ex
2441 3591 2626 3661 aliqua
2656 3602 2823 3643 causa
2846 3585 2933 3641 vel
2965 3581 3283 3638 infirmitate
3314 3574 3585 3647 corporis,

1995 3700 2057 3745 ut
2099 3705 2209 3743 non
2250 3686 2429 3758 possis
2465 3683 2650 3739 facere
2693 3681 2941 3737 laborem
2985 3675 3145 3732 multi
3187 3680 3385 3729 cantus
3420 3684 3585 3740 quem

1996 3789 2221 3837 cantare
2254 3776 2594 3835 consuevisti
2625 3790 2689 3830 ac
2718 3782 2961 3829 extensae
2990 3767 3256 3825 orationis
3286 3780 3352 3820 ac
3385 3762 3586 3818 multa-

1997 3888 2121 3928 rum
2156 3868 2609 3943 genuflexionum
2645 3881 2784 3936 quas
2818 3868 3001 3919 facere
3038 3856 3398 3915 consuevisti.
3432 3855 3587 3924 Rogo

1996 3966 2050 4023 in
2083 3963 2377 4028 charitate,
2402 3961 2449 4017 si
2483 3959 2788 4015 derelictus
2814 3956 2991 4012 fueris
3020 3954 3078 4010 in
3109 3947 3453 4023 hujusmodi,
3483 3962 3588 4003 nec

1994 4058 2175 4131 possis
2212 4056 2406 4111 eadem
2447 4052 2693 4118 operari;
2739 4051 2935 4106 saltem
2975 4043 3221 4104 sedendo
3257 4041 3452 4113 vigila,
3484 4053 3588 4094 nec

1995 4154 2239 4209 dormias
2264 4167 2319 4206 in
2352 4162 2521 4205 corde
2547 4159 2660 4211 tuo,
2683 4152 2740 4200 et
2769 4141 2919 4197 omni
2946 4139 3170 4211 ingenio
3196 4136 3339 4193 educ
3364 4141 3583 4188 noctem

1995 4243 2216 4307 sedens,
2245 4249 2302 4296 et
2327 4240 2503 4295 bonos
2529 4237 2778 4309 cogitans
2806 4233 3149 4296 intellectus;
3180 4236 3329 4284 etne
3359 4225 3587 4280 indures

1995 4352 2092 4392 cor
2120 4344 2272 4390 tuum
2300 4341 2356 4388 et
2378 4330 2711 4388 obtenebres
2738 4325 2877 4382 illud
2904 4325 2961 4380 in
2991 4330 3186 4380 s‘omno
3203 4361 3218 4387 ,
3244 4318 3374 4391 quia
3396 4315 3587 4373 veniet

1996 4430 2196 4485 iterum
2228 4427 2328 4482 tibi
2359 4425 2576 4496 primus
2602 4424 2693 4479 ille
2729 4422 2877 4477 calor
2902 4428 2959 4474 et
2986 4416 3185 4472 lenitas
3214 4422 3270 4470 et
3297 4412 3507 4477 virtus,
3530 4417 3588 4465 et

1994 4521 2276 4577 exsultans
2302 4516 2589 4589 gaudebis,
2612 4524 2669 4570 et
2694 4512 2907 4569 referes
2936 4511 3050 4565 Deo
3080 4506 3303 4579 gratias.
3326 4504 3464 4559 Nam
3489 4501 3588 4557 fri-

1998 4612 2230 4684 gefactio
2260 4618 2317 4664 et
2348 4606 2670 4681 hujusmodi
2700 4603 2971 4676 gravedo,
3007 4601 3077 4656 ad
3116 4596 3582 4654 examinationem

1926 4674 1970 4729 Β
1998 4674 2056 4762 et
2081 4674 2465 4775 probationem
2497 4674 2737 4754 hominis
2767 4695 3195 4766 permittuntur;
3224 4696 3281 4744 et
3307 4688 3352 4743 si
3384 4694 3586 4742 semet-

1997 4799 2177 4870 ipsum
2213 4793 2541 4852 excitaverit
2566 4806 2692 4847 cum
2722 4788 2973 4852 fervore,
3002 4800 3065 4840 ac
3096 4778 3404 4839 excusserit
3430 4792 3525 4834 eas
3551 4792 3583 4830 a

1995 4868 2206 4961 seipso,
2246 4889 2459 4943 instans
2524 4880 2929 4953 aliquantulum
3001 4878 3351 4946 importune,
3397 4868 3583 4925 statim

1995 4982 2404 5053 appropinquat
2432 4977 2609 5049 gratia
2643 4976 2790 5030 sicut
2822 4978 2979 5036 erat,
3012 4977 3069 5025 et
3100 4964 3315 5021 accedit
3348 4961 3416 5018 ad
3454 4976 3582 5053 eum

1998 5051 2106 5128 alia
2172 5051 2351 5125 virtus
2397 5067 2691 5125 continens
2736 5078 2899 5119 omne
2952 5061 3157 5115 bonum
3202 5054 3481 5112 occultum
3526 5051 3584 5106 in

1998 5164 2315 5235 semetipsa,
2362 5171 2418 5219 et
2440 5161 2605 5217 etiam
2634 5173 2760 5230 spes
2787 5152 3180 5227 protectionis;
3207 5158 3263 5206 et
3293 5149 3460 5203 homo
3489 5145 3585 5201 ad-

2000 5256 2239 5313 miratur
2269 5252 2718 5324 obstupefaciens
2753 5249 2823 5305 de
2857 5246 3034 5319 prima
3076 5241 3376 5316 gravedine
3413 5255 3480 5296 ac
3515 5239 3585 5295 de

2002 5347 2432 5420 superveniente
2471 5345 2701 5401 lenitate
2738 5356 2804 5397 ac
2846 5341 3052 5395 virtute
3094 5355 3107 5391 :
3145 5350 3361 5392 necnon
3417 5333 3584 5389 etiam

2004 5442 2152 5514 quod
2196 5450 2305 5497 tam
2346 5440 2534 5497 subito
2574 5434 2893 5510 hujusmodi
2926 5431 3307 5488 alterationem
3341 5426 3583 5498 recepit;

2004 5546 2062 5592 et
2088 5552 2158 5591 ex
2186 5543 2321 5591 tunc
2346 5533 2668 5597 instruitur,
2690 5528 2838 5601 quod
2865 5527 2912 5583 si
2938 5524 3152 5583 venerit
3176 5522 3281 5580 sibi
3313 5521 3436 5576 talis
3464 5534 3587 5590 gra-

2005 5629 2170 5692 vedo,
2191 5632 2487 5698 cognoscat
2513 5625 2662 5679 illam
2691 5639 2759 5678 ex
2785 5621 2962 5692 prima
2990 5615 3348 5690 experientia.
3375 5613 3509 5670 Nam
3537 5611 3583 5666 si

2004 5724 2060 5778 in
2098 5722 2279 5793 primo
2316 5731 2565 5791 tempore
2601 5732 2712 5773 non
2752 5713 3081 5781 certaverit,
3118 5711 3261 5769 hanc
3297 5704 3585 5766 scientiam

2004 5832 2112 5875 non
2143 5821 2323 5889 potest
2350 5812 2598 5886 recipere
2625 5825 2728 5868 nec
2755 5808 2983 5869 habere.
