4112 6568
533 465 642 531 863

1876 470 1938 531 S.
1983 467 2230 529 ISAACI
2273 466 2446 527 SYRI

3705 461 3821 526 864

609 575 772 632 Vides
798 575 856 632 in
883 584 1152 648 quantum
1183 577 1479 634 instruitur
1501 576 1698 643 horno,
1725 577 1948 648 quando
1974 593 2125 634 com-
2152 584 2196 638 Α
2229 575 2430 630 teriora
2465 574 2682 644 videri;
2727 573 2886 645 quasi
2921 587 3026 629 nec
3059 580 3241 644 potest
3271 571 3472 644 aliquis
3503 578 3661 627 extra
3693 588 3822 626 mu-

531 669 692 738 pellit
737 669 984 738 seipsum
1035 669 1440 740 aliquantulum
1490 680 1547 724 et
1593 671 1832 727 sustinet
1875 679 2122 741 tempore

534 776 754 831 pugnae.
797 760 854 815 Si
899 760 1078 817 virtus
1130 759 1381 831 corporis
1434 761 1713 817 inﬁrmata
1759 771 1846 818 est
1891 777 2002 817 non
2056 777 2124 816 ex

536 867 720 924 pugna
741 895 754 916 ,
783 851 877 906 sed
908 868 974 907 ex
1005 852 1328 908 inﬁrmitate
1351 853 1731 920 necessitatis;
1760 861 1893 910 tunc
1919 852 2124 909 etenim

538 960 649 998 non
679 950 766 998 est
787 943 1126 1000 conveniens
1157 944 1480 1016 impugnare
1510 954 1787 1000 naturam.
1811 945 1872 1000 In
1897 945 2127 1016 reliquis

538 1051 674 1090 vero
703 1035 909 1089 bonum
940 1045 1056 1102 est,
1084 1045 1145 1091 ut
1173 1037 1300 1108 quis
1327 1037 1384 1092 in
1412 1036 1674 1093 omnibus
1703 1053 1826 1107 qua:
1855 1036 1963 1092 sibi
1997 1053 2127 1108 pro-

540 1136 692 1190 sunt,
717 1125 1034 1198 importune
1063 1127 1261 1184 incitet
1282 1129 1660 1198 semetipsum.
1681 1125 1956 1183 Continua
1978 1126 2126 1182 enim

539 1218 810 1288 quietudo
841 1219 1216 1285 conscientiae,
1241 1229 1299 1276 et
1326 1221 1612 1276 moderata
1637 1220 1889 1276 ciborum
1916 1236 2129 1276 assum-

541 1309 661 1380 ptio
711 1325 839 1365 cum
888 1311 1121 1383 vigiliis,
1160 1314 1274 1368 cito
1314 1313 1767 1384 expergefaciunt
1811 1320 2053 1368 mentem
2098 1329 2129 1370 a

544 1401 948 1471 stupefactione
987 1419 1211 1470 rerum,
1254 1405 1362 1461 nisi
1403 1405 1545 1461 forte
1584 1405 1680 1460 ﬁat
1710 1406 1893 1476 aliqua
1933 1422 2126 1474 causa,

545 1509 669 1563 qute
705 1495 1090 1566 quietudinem
1131 1498 1309 1553 solvat
1343 1515 1358 1552 :
1396 1498 1760 1571 cogitationes
1793 1508 1976 1555 autem
2010 1515 2132 1569 qua:

545 1594 842 1641 moventur
866 1586 923 1642 in
949 1588 1221 1646 solitariis
1246 1589 1432 1645 subito
1457 1591 1577 1646 sine
1606 1606 1902 1657 consensu,
1926 1590 2133 1646 faciunt

545 1676 738 1733 ambos
770 1679 962 1734 oculos
991 1680 1150 1751 quasi
1183 1681 1388 1737 lavacri
1424 1682 1635 1738 fontem
1671 1683 1728 1738 in
1763 1683 2131 1756 lacrymarum

543 1762 840 1833 effusione,
865 1777 1030 1838 atque
1061 1784 1158 1824 sua
1185 1770 1542 1826 multitudine
1565 1786 1736 1842 genas
1764 1771 1968 1826 lavant.
1994 1771 2131 1827 Cum

2227 685 2348 724 rum
2385 669 2682 737 exsistens,
2708 683 2837 724 cum
2867 667 2935 722 iis
2963 666 3058 738 qui
3091 668 3243 723 intus
3270 675 3422 732 sunt,
3450 666 3775 722 conversari
3805 682 3822 721 :

2225 763 2414 819 nullus
2447 775 2671 832 quoque
2704 759 2898 816 videre
2932 767 3115 830 potest
3145 759 3320 815 solem
3353 757 3461 830 25
3497 757 3603 814 sub
3635 757 3823 820 nube,

2226 867 2331 909 nec
2381 852 2618 908 virtutes
2671 849 2896 915 anima,
2939 849 3204 904 vitiorum
3257 847 3442 904 adhuc
3499 847 3823 902 turbatione

2228 954 2508 1000 manente.
2543 942 2654 1000 Ora
2693 943 2900 1007 Deum,
2935 950 2997 996 ut
3036 940 3136 996 tibi
3178 939 3387 996 sentire
3426 939 3522 995 det
3556 939 3823 994 affectum

2229 1038 2459 1109 spiritus
2499 1045 2556 1093 et
2599 1035 2941 1092 desiderium
2986 1035 3126 1106 ejus.
3162 1032 3414 1104 Cumque
3452 1032 3676 1099 venerit
3719 1030 3823 1087 tibi

2229 1132 2346 1188 haec
2377 1131 2707 1188 sensualitas
2734 1138 2792 1186 et
2815 1127 3156 1186 desiderium
3186 1126 3456 1198 spiritus,
3486 1133 3623 1181 tunc
3650 1123 3824 1181 debes

2231 1239 2261 1279 a
2295 1223 2503 1278 mundo
2526 1222 2846 1288 discedere,
2872 1231 2930 1277 et
2957 1219 3198 1276 mundus
3227 1235 3257 1274 a
3288 1228 3344 1275 te
3372 1218 3621 1276 discedet
3649 1237 3664 1272 :
3694 1233 3822 1272 nam

2230 1316 2350 1370 sine
2388 1315 2540 1380 istis,
2571 1315 2991 1385 quietudinem,
3023 1311 3348 1383 religionem
3389 1318 3448 1367 et
3480 1309 3824 1380 colloquium

2230 1405 2489 1461 lectionis
2542 1406 2612 1460 ad
2673 1405 2780 1460 hoc
2839 1413 3128 1476 segregate
3192 1401 3304 1473 (M)
3363 1401 3552 1456 nullus
3610 1399 3826 1456 sentire

2232 1506 2442 1568 potest;
2480 1507 2537 1553 et
2567 1497 2688 1553 sine
2719 1497 2809 1553 bis
2843 1497 2935 1551 illa
2966 1511 3077 1550 non
3111 1509 3327 1564 quaeras
3361 1509 3376 1546 :
3418 1493 3466 1548 si
3498 1507 3634 1548 vero
3665 1506 3826 1562 qure-

2233 1589 2417 1654 sieris,
2436 1597 2834 1645 convertentur
2853 1587 3210 1659 postmodum
3231 1595 3289 1643 et
3308 1585 3622 1656 corporalia
3645 1582 3786 1638 ﬁunt
3807 1600 3823 1639 :

2233 1679 2329 1750 qui
2363 1680 2655 1752 intelligit,
2690 1679 2980 1752 intelligat.
3005 1679 3222 1735 Placuit
3256 1677 3494 1748 sapienti
3526 1676 3644 1730 Deo
3675 1683 3736 1729 ut
3767 1673 3827 1728 in

2235 1771 2439 1829 sudore
2477 1772 2571 1828 hic
2611 1771 2937 1828 comedatur
2975 1771 3166 1842 panis;
3201 1785 3305 1825 nec
3334 1784 3440 1840 pro
3474 1766 3684 1822 malitia
3721 1764 3830 1820 hoc

543 1863 732 1910 autem
793 1872 894 1927 per
941 1857 1334 1914 abstinentiam
1387 1858 1658 1915 domitum
1715 1860 1881 1914 fuerit
1932 1875 2135 1930 corpus
2238 1863 2397 1929 fecit,
2429 1863 2525 1920 sed
2569 1879 2640 1919 ne
2681 1863 2838 1920 ﬁeret
2875 1862 3234 1935 indigestioni
3277 1861 3442 1917 nobis
3479 1868 3536 1915 et
3572 1874 3827 1914 morerew

545 1955 704 2002 tuum
743 1957 800 2004 et
837 1963 938 2020 per
975 1950 1280 2006 studiosam
1321 1951 1633 2006 custodiam
1672 1951 2048 2022 quietudinis,
2083 1957 2141 2006 et
2174 1935 2213 1992 ιδ
2242 1972 2367 2010 ιηιιι·
2397 1973 2412 2010 :
2447 1972 2791 2028 unaquaeque
2816 1957 2996 2011 virtus
3023 1966 3201 2010 mater
3227 1962 3312 2010 est
3339 1951 3620 2009 secundae.
3647 1950 3703 2007 Si
3735 1950 3828 2006 di-

545 2037 788 2108 percipis
819 2040 965 2110 quod
1002 2056 1206 2112 corpus
1237 2051 1390 2098 tuum
1422 2052 1710 2098 moveatur
1731 2043 1976 2098 violenta
2008 2057 2137 2113 pas-

543 2130 702 2185 sione
737 2130 1157 2199 fornicationis,
1187 2143 1244 2189 et
1283 2132 1504 2205 praestet
1540 2135 1848 2191 naturalem
1889 2145 2136 2200 motum,

545 2221 689 2278 scias
733 2225 879 2293 quod
935 2225 1368 2296 cogitationibus
1423 2226 1700 2296 superbize
1752 2242 1814 2282 es
1862 2234 2133 2284 tentatus.

544 2311 774 2384 Appone
811 2331 978 2388 ergo,
1011 2333 1196 2386 quaere
1233 2317 1291 2372 in
1327 2316 1453 2372 cibo
1488 2327 1582 2374 tuo
1617 2327 1673 2375 et
1705 2319 1968 2375 cobibeas
1999 2335 2137 2374 ven-

543 2415 688 2462 trem
740 2415 931 2474 tuum,
969 2419 1026 2465 et
1067 2419 1321 2466 scrutare
1366 2411 1499 2482 quid
1544 2411 1799 2482 cogistati
1822 2451 1837 2477 ,
1868 2419 1925 2467 et
1961 2412 2138 2483 adjice

545 2502 932 2558 alterationem
986 2513 1202 2559 naturae
1256 2512 1398 2572 tua},
1443 2515 1501 2560 et
1545 2505 1600 2560 in
1647 2505 1920 2561 naturalia
1971 2519 2137 2575 opera

545 2603 674 2660 tua;
720 2603 777 2649 et
819 2594 1047 2650 forsitan
1091 2595 1240 2651 Deus
1282 2595 1639 2651 miserebitur
1681 2594 1792 2660 tui,
1823 2604 1880 2650 et
1919 2595 2138 2651 emittet

544 2685 650 2740 tibi
693 2685 912 2752 lucem,
960 2695 1021 2741 ut
1060 2686 1290 2758 adjicias
1333 2687 1647 2756 humiliari,
1684 2705 1756 2745 ne
1795 2697 1886 2744 tua
1925 2687 2136 2743 malitia

543 2786 832 2851 augeatur.
857 2777 936 2834 Ne
965 2793 1248 2835 cessemus
1271 2794 1404 2852 ergo
1430 2779 1734 2836 laborando
1759 2788 1816 2836 et
1837 2779 2134 2844 studendo,

546 2881 608 2926 ut
639 2871 1026 2942 paenitentiam
1059 2869 1349 2928 videamus
1386 2871 1445 2927 in
1479 2872 1671 2940 nobis,
1703 2880 1760 2928 et
1790 2872 2138 2928 inveniamus

544 2962 951 3029 humilitatem,
981 2972 1038 3018 et
1072 2961 1422 3032 requiescant
1453 2962 1510 3018 in
1543 2963 1656 3018 Deo
1688 2962 1858 3019 corda
1893 2970 2082 3016 nostra
2117 2979 2132 3016 :

543 3053 638 3109 cui
662 3053 736 3109 sit
762 3053 946 3109 honor
970 3062 1028 3110 et
1056 3053 1231 3126 gloria
1254 3053 1311 3110 in
1338 3055 1540 3110 sarcula
1562 3053 1912 3110 saeculorum.
1935 3052 2132 3109 Amen.

1092 3189 1318 3248 CAPUT
1355 3190 1585 3246 XXXII.

2235 2047 2452 2104 miseris
2485 2060 2716 2104 matrem
2747 2064 2869 2120 quae
2901 2049 3049 2119 parit
3077 2049 3315 2104 virtutes
3344 2056 3401 2102 et
3429 2046 3637 2102 abieris
3667 2060 3825 2116 quae-

2235 2156 2358 2197 rere
2401 2140 2574 2207 ﬁlias,
2606 2157 2712 2197 nec
2753 2142 2913 2213 prius
2956 2150 3187 2196 matrem
3233 2140 3480 2212 ipsarum
3525 2139 3824 2210 acquiras,

2233 2233 2368 2304 ipsa:
2391 2233 2749 2290 invenientur
2789 2234 2986 2289 animae
3023 2234 3170 2289 sicut
3204 2234 3434 2305 viperae,
3459 2233 3503 2288 si
3544 2248 3576 2288 a
3616 2241 3672 2287 te
3710 2247 3824 2286 non

2234 2324 2496 2396 projicias
2532 2324 2675 2380 illas.

2759 2431 2986 2489 CAPUT
3026 2430 3269 2486 XXXIII.

2761 2522 2930 2595 Signa
2987 2523 3287 2577 charitatis.

2304 2637 2562 2694 Charitas
2596 2637 2698 2694 Dei
2747 2637 3081 2694 naturaliter
3129 2635 3308 2693 calida
3357 2643 3466 2699 est,
3501 2643 3561 2690 et
3594 2632 3825 2705 quando

2233 2728 2385 2786 cadit
2409 2745 2578 2799 super
2613 2728 2881 2797 aliquem,
2917 2728 3214 2785 moderare
3243 2727 3376 2783 facit
3396 2728 3546 2782 illam
3577 2727 3822 2780 animam

2232 2821 2600 2884 excessivam,
2659 2821 2792 2892 quia
2836 2821 3170 2876 cbaritatetn
3211 2819 3268 2875 in
3315 2834 3374 2875 se
3409 2819 3531 2890 capi
3569 2818 3828 2890 percepit

2235 2922 2292 2968 et
2324 2912 2551 2967 morari.
2584 2912 2747 2968 Juxta
2776 2927 3092 2967 mensuram
3123 2925 3262 2966 vero
3299 2911 3589 2982 qualitatis
3619 2925 3824 2980 super-

2234 3003 2513 3060 venientis
2559 3003 2687 3066 sibi.
2739 3002 3030 3059 charitatis
3064 3002 3392 3060 inconsueta
3426 3003 3654 3058 videtur
3686 3001 3827 3056 alte-

2238 3095 2384 3152 ratio
2417 3095 2473 3152 in
2501 3096 2721 3160 eodem,
2756 3104 2814 3151 et
2847 3095 2966 3151 haec
2984 3104 3118 3151 sunt
3155 3095 3445 3151 sensibilia
3475 3095 3636 3167 signa
3675 3096 3824 3167 ejus.

2237 3187 2327 3244 Fit
2381 3187 2555 3245 facies
2611 3187 2856 3244 hominis
2914 3187 3248 3254 rubicunda,
3301 3188 3568 3260 jocunda,
3617 3203 3827 3258 corpus

546 3301 701 3374 Quod
729 3303 882 3360 homo
911 3303 1096 3380 δεθείη
1127 3305 1375 3380 medii”;
1403 3307 1550 3378 prius
1584 3315 1646 3380 eg
1663 3323 1852 3363 causa,
1885 3324 2139 3380 campum
2163 3286 2206 3346 C
2236 3280 2598 3380 ejus.caleﬁt,
2647 3281 2919 3380 recedunt
2949 3281 3018 3337 ab
3038 3297 3130 3380 -eo
3161 3281 3326 3336 timor
3361 3289 3420 3336 et
3456 3281 3824 3380 verecundia,

977 3377 1166 3431 ctiom‘s
1196 3385 1244 3430 et
1273 3377 1454 3446 futura
1487 3378 1706 3448 gaudia.

621 3485 680 3544 Si
709 3486 1065 3559 singulariter
1090 3505 1284 3546 manes
1307 3490 1364 3545 in
1393 3491 1531 3546 cella
1556 3503 1671 3559 tua,
1695 3490 1969 3547 meditare
1995 3507 2140 3547 sem-

549 3594 650 3650 per
683 3593 851 3651 super
882 3581 1125 3650 psalmos
1163 3589 1222 3636 et
1253 3597 1447 3638 causas
1480 3582 1956 3654 eompunctionis,
1991 3592 2049 3640 et
2081 3583 2135 3640 in

548 3672 816 3728 memoria
845 3672 1040 3728 mortis
1066 3683 1123 3729 et
1153 3674 1206 3728 in
1241 3688 1338 3744 spe
1361 3673 1701 3742 futurorum,
1728 3675 1776 3730 si
1803 3675 2051 3731 nondum
2076 3692 2139 3734 es

554 3780 747 3820 veram
775 3763 1298 3837 contemplationem
1325 3766 1576 3838 adeptus.
1604 3767 1731 3824 Haec
1753 3768 1958 3824 etenim
1989 3768 2141 3824 colli-

546 3865 684 3929 gunt
707 3869 971 3927 mentem,
988 3875 1093 3917 nec
1113 3859 1445 3931 permittunt
1463 3876 1585 3917 eam
1607 3861 1945 3928 discurrere,
1963 3861 2141 3918 donec

546 3948 739 4004 veniat
780 3949 1173 4019 contemplatio
1214 3965 1346 4006 vera
1387 3967 1404 4007 :
1446 3967 1575 4007 nam
1617 3952 1866 4022 potentia
1910 3953 2140 4024 spiritus

549 4039 748 4095 fortior
779 4049 865 4097 est
894 4040 1068 4099 vitiis.
1096 4042 1359 4100 Meditare
1393 4043 1560 4099 etiam
1599 4042 1658 4098 in
1691 4059 1788 4114 spe
1822 4044 2136 4100 futurorum

548 4146 677 4187 cum
703 4132 1090 4190 recordatione
1116 4134 1237 4199 Dei,
1259 4143 1315 4190 et
1337 4135 1630 4191 considera
1658 4135 1954 4207 diligenter
1980 4137 2140 4192 intel-

545 4223 831 4296 ligentiam
861 4225 1276 4297 praedictorum,
1300 4237 1358 4284 et
1381 4243 1512 4284 cave
1545 4227 1644 4284 tibi
1678 4244 1709 4283 a
1737 4229 1905 4285 rebus
1931 4228 2142 4285 extrin-

548 4315 694 4373 secis
720 4331 844 4386 quae
867 4325 920 4372 te
946 4327 1171 4374 movent
1195 4317 1262 4373 ad
1293 4319 1793 4390 concupiscentias,
1815 4329 1872 4375 et
1896 4335 1926 4375 a
1954 4319 2141 4390 pravis

525 4422 675 4479 equa:
703 4407 839 4464 facis
865 4408 923 4462 in
950 4409 1089 4464 cella
1119 4416 1212 4464 tua
1247 4425 1441 4466 caveas
1478 4411 1578 4466 tibi
1614 4411 1759 4467 sicut
1789 4412 1857 4467 ab
1893 4412 2057 4482 ipsis,
2082 4421 2142 4468 et

549 4507 804 4556 scrutare
831 4499 1196 4571 cogitationes
1221 4509 1366 4567 tuas,
1387 4510 1446 4558 et
1471 4517 1567 4558 ora
1598 4512 1658 4558 ut
1680 4504 1872 4559 oculos
1905 4503 1960 4559 in
1991 4504 2141 4561 omni

549 4591 981 4648 conversatione
1013 4591 1285 4658 acquiras,
1311 4600 1368 4648 et
1391 4593 1590 4649 exinde
1617 4593 1812 4665 incipit
1836 4595 1971 4650 oriri
2000 4611 2136 4667 gau-
2166 4634 2210 4691 Β

554 4679 737 4746 dium;
768 4687 901 4735 tunc
928 4682 1132 4735 etenim
1165 4682 1415 4738 invenies
1444 4682 1829 4741 tribulationes
1858 4684 2138 4743 dulciores

551 4769 737 4825 melle.
759 4769 933 4826 Nemo
963 4779 1146 4841 potest
1170 4771 1303 4828 vitia
1331 4788 1616 4844 superare,
1642 4775 1751 4830 nisi
1779 4791 1879 4847 per
1903 4777 2140 4834 sensibi-

549 4862 635 4918 les
661 4861 1025 4934 visibilesque
1051 4864 1309 4921 virtutes.
1334 4865 1745 4936 Dispersionetn
1776 4885 1907 4926 vero
1938 4871 2141 4929 mentis

549 4953 742 5011 nullus
763 4955 988 5011 vincere
1017 4963 1229 5026 potest,
1256 4957 1365 5012 nisi
1397 4958 1452 5012 in
1479 4960 1876 5017 exercitatione
1898 4962 2142 5020 scientiae

551 5045 881 5116 spiritualis.
905 5047 1060 5104 Mens
1082 5057 1274 5105 nostra
1301 5050 1438 5106 levis
1461 5061 1546 5108 est
1570 5067 1586 5107 ι
1614 5053 1721 5108 nisi
1748 5053 1951 5126 ligetur
1971 5055 2137 5112 alicui

551 5131 890 5209 cogitationi,
916 5154 948 5195 a
971 5138 1317 5211 dispersione
1343 5158 1454 5199 non
1481 5154 1690 5214 cessat;
1721 5161 1784 5202 ac
1811 5147 1930 5202 sine
1956 5147 2138 5218 perfe-

551 5229 736 5285 ctione
759 5230 1032 5287 virtutum
1064 5233 1402 5305 impossibile
1434 5245 1519 5291 est
1546 5236 1690 5294 hanc
1718 5237 1982 5294 virtutem
2013 5239 2134 5296 adi-

552 5323 692 5395 pisci
736 5342 750 5378 :
791 5324 898 5380 nisi
937 5325 1064 5396 quis
1101 5326 1370 5384 devicerit
1402 5330 1686 5395 inimicos,
1716 5346 1825 5385 non
1863 5341 2046 5402 potest
2077 5332 2134 5388 in

554 5431 692 5487 pace
719 5417 945 5474 morari.
968 5417 1039 5473 Et
1067 5418 1114 5474 si
1142 5435 1244 5491 pax
1273 5437 1383 5477 non
1409 5433 1620 5494 regnat,
1644 5423 1922 5494 quomodo
1952 5432 2136 5495 potest

556 5511 809 5568 invenire
834 5527 957 5592 quae
983 5521 1114 5568 sunt
1141 5522 1333 5570 contra
1363 5517 1588 5585 pacem?
1614 5517 1748 5572 vitia
1772 5532 1993 5588 quoque
2019 5516 2137 5573 dia-

553 5603 726 5676 fragia
759 5604 1018 5662 virtutem
1051 5607 1247 5662 anima:
1279 5608 1725 5675 occultaverunt,
1756 5617 1813 5664 et
1842 5608 1950 5664 nisi
1983 5608 2136 5679 prius

555 5696 849 5753 diruantur
876 5714 974 5770 per
1003 5699 1324 5756 manifestas
1350 5701 1619 5769 virtutes,
1644 5717 1754 5757 non
1789 5709 2021 5773 possunt
2047 5701 2134 5756 in-

2236 3382 2295 3430 et
2352 3374 2416 3429 ﬁt
2470 3374 2831 3440 excessivus;
2880 3381 2939 3429 et
2998 3372 3180 3428 virtus
3211 3389 3335 3444 qua:
3383 3381 3627 3429 mentem
3663 3375 3826 3442 colit,

2237 3466 2454 3523 recedit
2482 3465 2553 3521 ab
2580 3466 2722 3536 ipso,
2753 3474 2811 3522 et
2846 3464 2908 3521 ﬁt
2940 3465 3100 3534 quasi
3146 3465 3400 3530 demens,
3432 3473 3489 3520 et
3513 3465 3827 3520 terribilem

2236 3569 2471 3614 mortem
2501 3565 2724 3628 reputat
2753 3556 3042 3629 gaudium.
3074 3556 3188 3612 Nec
3226 3555 3432 3612 cecidit
3472 3556 3827 3626 contempla-

2237 3651 2316 3706 tio
2369 3651 2492 3721 ejus
2538 3665 2568 3704 a
2621 3648 3073 3705 consideratione
3119 3647 3462 3711 caelestium,
3510 3657 3569 3704 et
3618 3648 3830 3706 absens

2236 3752 2499 3813 tanquam
2535 3757 2781 3812 praesens
2822 3741 3148 3812 alloquitur,
3182 3757 3295 3796 non
3321 3740 3477 3796 visus
3505 3740 3577 3796 ab
3613 3742 3828 3812 aliquo.

2239 3835 2486 3893 Scientia
2510 3843 2568 3890 et
2593 3834 2736 3890 visio
2768 3833 2890 3904 ejus
2937 3833 3210 3890 naturalis
3256 3840 3679 3904 pertranseunt,
3721 3849 3832 3890 nec

2238 3928 2480 3999 percipit
2513 3927 2849 3984 sensualiter
2895 3935 3110 3982 motum
3148 3929 3245 3997 qui
3272 3935 3359 3982 est
3382 3926 3439 3982 in
3463 3927 3634 3982 rebus
3667 3928 3828 3994 suis;

2238 4027 2296 4074 et
2337 4020 2494 4089 quasi
2524 4028 2674 4076 esset
2703 4034 2830 4075 curn
2863 4019 3076 4090 aliquo,
3115 4027 3431 4075 exercetur.
3483 4018 3543 4074 In
3571 4019 3677 4074 hac
3699 4035 3831 4090 pas-

2238 4111 2397 4168 sione
2435 4112 2697 4169 inebriati
2742 4123 2872 4169 sunt
2925 4111 3162 4185 apostoli
3194 4119 3252 4166 et
3295 4120 3586 4184 martyres,
3617 4121 3675 4167 et
3701 4111 3832 4183 qui-

2238 4202 2367 4260 dam
2421 4220 2617 4260 eorum
2667 4205 3069 4262 destruxerunt
3119 4212 3298 4260 totum
3335 4203 3552 4270 orbem,
3586 4212 3645 4260 et
3671 4205 3832 4260 labo-

2239 4305 2526 4362 raverunt,
2573 4305 2631 4352 et
2678 4296 3072 4352 sustinuerunt
3120 4295 3446 4366 opprobria,
3474 4294 3740 4351 similiter
3766 4303 3832 4350 et

2239 4398 2511 4460 martyres
2536 4404 2662 4444 cum
2687 4389 2901 4446 eisdem
2929 4396 2987 4444 et
3019 4389 3075 4445 in
3103 4387 3347 4446 desertis
3371 4396 3730 4454 erraverunt,
3768 4396 3833 4444 et

2238 4480 2745 4552 irregularitatibus
2801 4482 3167 4554 compositis;
3209 4491 3268 4538 et
3310 4497 3437 4537 cum
3489 4491 3680 4538 essent
3735 4496 3826 4538 sa-

2242 4573 2481 4644 pientes,
2512 4573 2764 4644 deputati
2797 4583 2928 4630 sunt
2957 4575 3252 4631 dementes
3277 4592 3291 4630 :
3325 4574 3395 4630 ad
3425 4574 3571 4629 hanc
3597 4573 3834 4630 demen-

2246 4664 2375 4722 tiam
2407 4664 2668 4736 dignetur
2687 4666 2834 4722 Deus
2866 4682 2970 4723 nos
3002 4667 3318 4738 pervenire.
3347 4665 3546 4722 Amen.

2311 4759 2619 4829 Antequam
2649 4759 2976 4830 perveneris
3019 4760 3090 4816 ad
3136 4761 3423 4816 civitatem
3472 4757 3827 4822 humilitatis,

2242 4849 2291 4906 si
2324 4850 2534 4909 videris
2571 4860 2626 4907 te
2659 4852 2839 4922 ipsum
2885 4851 3034 4922 quod
3069 4851 3333 4923 quievisti
3362 4851 3434 4906 ab
3463 4849 3829 4906 infestatione

2241 4940 2530 5009 vitiorum,
2555 4957 2627 4997 ne
2649 4941 2848 4998 credas
2869 4942 3109 5000 tibimet.
3137 4942 3376 4998 Insidias
3404 4940 3674 5012 quasdam
3720 4939 3826 4997 tibi

2242 5043 2450 5091 statuet
2488 5035 2769 5101 inimicus,
2808 5042 2867 5090 et
2889 5043 3149 5106 exspecta
3182 5042 3310 5106 post
3348 5033 3595 5104 quietem
3627 5031 3827 5088 turba-

2243 5127 2450 5183 tionem
2506 5130 2776 5184 multam:
2807 5135 3102 5200 postquam
3133 5113 3268 5183 vero
3306 5123 3596 5183 transieris
3629 5123 3828 5194 hospi-

2241 5220 2318 5276 tia
2343 5221 2635 5288 virtutum,
2661 5237 2774 5276 non
2796 5220 3049 5277 oecurris
3085 5219 3199 5292 (42)
3234 5217 3414 5290 quieti
3439 5234 3472 5274 a
3498 5215 3825 5288 fatigatione

2241 5320 2358 5377 tua,
2409 5312 2479 5367 ab
2511 5311 2845 5368 adversariis
2876 5309 3258 5384 respirationi,
3299 5309 3480 5366 donec
3515 5307 3701 5380 possis
3754 5305 3824 5362 ad

2241 5405 2574 5462 humilitatis
2597 5405 2976 5461 habitaculum
3010 5403 3331 5476 pervenire.

2763 5517 2992 5576 CAPUT
3047 5516 3294 5574 XXXIV.

2435 5610 2511 5666 De
2537 5619 2831 5683 spontanca
2865 5610 3212 5666 tribulatione
3235 5626 3332 5682 pro
3361 5611 3625 5682 proximo.

2312 5703 2527 5778 Religio
2566 5712 2741 5761 mater
2780 5711 2866 5761 est
2894 5703 3228 5772 sanctitatis,
3262 5720 3329 5759 ex
3361 5719 3468 5776 qua
3490 5702 3670 5761 oritur
3701 5701 3818 5773 prio

633 5839 745 5911 ul)
766 5838 846 5911 Ad
871 5842 964 5895 hoc
991 5850 1286 5911 segregata.
1344 5841 1450 5895 lsta
1483 5841 1538 5897 in
1583 5842 1782 5900 mendo
1817 5843 2020 5901 cubare
2053 5838 2330 5899 videntur.

635 5909 745 5983 (42)
778 5909 1250 5978 Οεειιννίδζῐῖόηο,
1281 5928 1550 5968 occurras.
