4102 6546
285 446 399 513 865

1352 443 1587 505 LIBER
1627 440 1725 502 DE
1763 439 2223 503 CONTEMPTU
2262 443 2539 503 MUNDI.

3455 438 3567 503 866

287 576 382 618 ma
442 557 824 631 perceptionis
867 557 1109 628 gustatio
1168 564 1511 611 secretorum
1570 554 1706 619 Dei,
1764 568 1886 623 qua:
1913 557 1960 613 Α
1987 555 2241 625 corporis
2280 564 2366 610 est
2415 569 2645 626 regnum
2678 552 2914 620 mentis;
2949 565 3054 608 nec
3080 551 3379 624 subjicitur
3406 570 3566 611 mens

289 663 527 709 vocatur
568 652 785 722 primus
824 649 963 705 ordo
1008 648 1345 719 cognitionis
1400 648 1651 717 spiritus.
1708 647 1883 701 Nemo

288 743 536 813 decipiat
574 751 626 796 te
657 742 837 811 ipsum
870 740 1259 810 phantasmate
1289 738 1677 805 divinationis,
1706 751 1883 809 quare

287 835 481 889 videat
520 833 731 887 anima.
781 832 982 887 Anima
1036 832 1185 885 enim
1228 830 1435 885 infecta
1474 846 1586 885 non
1634 828 1886 885 ascendit

285 928 359 983 ad
401 942 636 998 regnum
685 924 982 989 mundum,
1035 938 1139 977 nec
1194 924 1551 993 conjungitur
1595 921 1886 992 spiritibus

288 1030 641 1075 sanctorum.
696 1016 956 1072 Clariﬁca
1010 1014 1270 1069 decorem
1314 1015 1588 1070 castitatis
1617 1025 1722 1070 tua:
1756 1030 1883 1070 cum

286 1109 559 1182 lacrymis
583 1118 642 1163 et
666 1107 896 1178 jejuniis
936 1114 994 1161 et
1016 1106 1264 1160 solitaria
1297 1106 1625 1175 quietudine
1660 1121 1676 1159 :
1702 1106 1883 1160 tribu-

286 1204 428 1258 latio
456 1217 629 1273 parva
662 1215 764 1271 pro
791 1201 906 1254 Deo
948 1199 1094 1254 facta
1133 1200 1331 1254 melior
1358 1208 1443 1253 est
1472 1215 1639 1269 opere
1684 1215 1883 1270 magno

287 1295 442 1368 quod
479 1295 603 1351 sine
661 1293 1029 1348 tribulatione
1062 1291 1372 1363 perﬁcitur.
1403 1292 1543 1358 Quia
1577 1301 1883 1362 spontanea

290 1388 586 1445 tribulatio
612 1385 999 1457 probationem
1027 1383 1154 1439 ﬁdei
1176 1392 1232 1438 et
1258 1382 1550 1437 charitatis
1571 1383 1701 1437 facit
1724 1382 1880 1436 oriri:

287 1496 435 1553 opus
473 1479 684 1550 quietis
712 1492 780 1531 ex
818 1476 1111 1531 saturitate
1142 1474 1504 1529 conscientiae
1538 1474 1619 1528 ﬁt.
1650 1474 1718 1528 Et
1757 1474 1885 1529 ideo

288 1574 347 1629 in
385 1568 852 1626 tribulationibus
881 1568 1102 1639 probati
1133 1575 1263 1621 sunt
1292 1566 1466 1620 sancti
1494 1582 1594 1636 pro
1614 1566 1883 1621 charitate

286 1664 524 1729 Christi,
552 1662 652 1717 sed
684 1677 795 1716 non
817 1660 875 1715 in
906 1659 1249 1730 refrigeriis;
1275 1657 1537 1727 quoniam
1572 1673 1714 1726 opus
1733 1656 1881 1726 quod

291 1758 351 1812 ﬁt
380 1756 506 1812 sine
536 1755 751 1819 labore,
777 1752 991 1824 justitia
1020 1760 1104 1806 est
1128 1766 1491 1821 personarum
1530 1750 1878 1804 saecularium

288 1864 415 1920 qua:
446 1848 517 1903 de
541 1845 920 1901 exterioribus
958 1844 1172 1897 faciunt
1198 1843 1628 1913 eleemosynam,
1661 1856 1764 1896 nec
1790 1841 1879 1895 lu-

1987 646 2121 711 Deo,
2148 646 2257 701 nisi
2284 646 2617 718 subjiciatur
2652 645 2883 701 libertas
2912 644 3131 700 arbitrii
3168 664 3182 700 :
3216 656 3399 702 tamen
3426 646 3569 702 dith-

1983 740 2091 794 cile
2119 749 2206 794 est
2234 739 2490 796 exhiberi
2535 738 2788 810 quaedam
2838 738 2945 792 alia
2975 737 3055 792 illi
3078 739 3172 809 qui
3208 738 3452 794 novitius
3480 747 3568 793 est

1982 840 2040 887 et
2087 840 2236 888 statu
2287 848 2448 903 puer.
2499 834 2779 903 Scriptum
2821 842 2910 888 est
2953 833 3194 903 utique:
3227 831 3313 886 γω
3363 833 3567 886 civitati

1983 927 2138 997 cujus
2191 944 2287 980 rea:
2330 944 2462 998 puer
2488 927 2574 982 vel
2596 928 2788 999 junior
2820 935 2897 980 est
2923 927 2990 980 “.
3024 925 3354 996 Quicunque
3374 925 3567 995 subje-

1983 1020 2126 1074 cerit
2150 1035 2209 1074 se
2232 1035 2334 1090 pro
2362 1021 2495 1085 Deo,
2530 1035 2703 1091 prope
2734 1028 2820 1075 est
2846 1028 2911 1073 ut
2938 1019 3266 1089 subjiciatur
3298 1018 3427 1073 sibi.
3459 1016 3567 1084 Qui

1982 1114 2267 1182 cognoscit
2289 1113 2558 1183 seipsum,
2585 1112 2822 1169 scientia
2848 1112 3099 1167 omnium
3132 1112 3297 1165 datur
3321 1111 3373 1165 ei
3400 1128 3415 1164 :
3440 1126 3568 1165 nam

1982 1203 2229 1274 cognitio
2278 1204 2503 1268 suimet,
2548 1204 2797 1259 scientia:
2846 1206 3096 1258 omnium
3133 1212 3217 1257 est
3256 1202 3566 1273 plenitudo,

1981 1306 2039 1350 et
2073 1295 2128 1349 in
2162 1294 2515 1364 subjectione
2544 1295 2743 1350 anima:
2766 1311 2879 1349 sua:
2910 1304 3109 1349 cuncta
3130 1294 3238 1349 sibi
3263 1294 3571 1364 subjiciun-

1984 1396 2097 1441 tur.
2129 1385 2403 1455 Tempore
2455 1402 2567 1455 quo
2613 1386 2899 1440 humilitas
2925 1384 2980 1438 in
3009 1384 3193 1438 anima
3224 1392 3317 1437 tua
3351 1391 3567 1452 regnat,

1981 1487 2039 1532 et
2070 1479 2127 1533 in
2170 1479 2598 1534 conversatione
2645 1489 2738 1533 tua
2786 1478 3083 1549 subjicitur
3136 1478 3321 1532 anima
3365 1485 3480 1540 tua,
3510 1485 3568 1530 et

1981 1586 2107 1624 cum
2170 1587 2237 1627 ea
2279 1584 2481 1627 cuncta
2537 1572 2910 1642 subjicicntur
2954 1589 2969 1625 :
3024 1572 3154 1641 quia
3210 1570 3458 1641 gignitur
3506 1568 3566 1623 in

1981 1664 2149 1719 corde
2183 1673 2279 1718 tuo
2302 1680 2407 1733 pax
2428 1680 2459 1718 a
2486 1665 2621 1720 Deo.
2657 1665 2794 1721 Cum
2825 1675 2883 1719 tu
2907 1675 3062 1720 extra
3089 1680 3215 1718 eum
3240 1663 3432 1727 fueris,
3450 1678 3565 1717 non

1980 1756 2158 1811 solum
2184 1772 2215 1810 a
2237 1757 2409 1823 vitiis,
2439 1757 2535 1812 sed
2562 1758 2631 1812 ab
2664 1758 3061 1813 accedentibus
3085 1758 3250 1811 etiam
3269 1770 3567 1826 perseque-

1982 1849 2081 1903 ris.
2104 1851 2265 1914 Vere,
2290 1850 2547 1915 Domine,
2564 1852 2671 1906 nisi
2697 1852 2973 1905 humiliati
2996 1851 3290 1913 fuerimus,
3311 1864 3423 1904 nou
3444 1863 3566 1903 ces-

288 1950 522 1996 (ἓηῐιιιιτ
553 1938 612 1993 in
654 1937 991 2007 εθιηειίρείε·
1040 1935 1123 1989 Tu
1154 1944 1359 1999 πίθων
1395 1951 1428 1989 ο
1456 1934 1728 2005 Passionis
1779 1949 1875 1988 οο-
1910 1912 1950 1966 Β
1982 1957 2072 1996 sas
2096 1957 2200 1997 nos
2216 1943 2531 1999 humiliare.
2558 1946 2698 1999 Vera
2720 1944 3008 1998 humilitas
3027 1959 3254 2014 germen
3280 1951 3367 1997 est
3382 1941 3565 1996 scicn-

290 2042 453 2087 nator
490 2032 577 2087 vel
631 2037 897 2092 sectator,
952 2027 1114 2082 stude
1155 2026 1209 2080 in
1266 2026 1559 2095 temetipso
1587 2034 1647 2079 ut
1676 2024 1876 2095 dignus

291 2124 389 2178 ﬁas
417 2131 645 2194 gustare
678 2119 912 2191 gloriam
951 2120 1073 2189 ejus
1108 2137 1122 2172 :
1162 2117 1312 2183 Quod
1341 2119 1386 2172 si
1415 2118 1791 2187 compatimur,
1826 2126 1875 2170 et

288 2215 712 2286 gloriﬁcabimur
745 2214 825 2279 ";
881 2211 935 2267 id
983 2222 1091 2277 est,
1138 2228 1252 2266 non
1301 2210 1648 2282 gloriﬁcatur
1718 2225 1877 2265 mens

288 2327 413 2366 cum
442 2309 598 2371 Jesu,
655 2306 765 2362 nisi
815 2308 1030 2377 patitur
1062 2320 1271 2375 corpus
1297 2320 1422 2360 cum
1453 2304 1715 2360 Christo:
1743 2320 1876 2375 ergo

288 2398 384 2469 qui
413 2397 729 2453 contemnit
784 2396 1083 2450 humanam
1130 2394 1385 2466 gloriam,
1412 2394 1504 2451 hic
1538 2404 1624 2451 est
1652 2395 1746 2451 ille
1780 2394 1876 2465 qui

289 2490 352 2543 ﬁt
375 2488 582 2559 dignus
620 2487 794 2557 gloria
824 2487 944 2551 Dei,
986 2496 1045 2541 et
1086 2485 1493 2557 gloriﬁcabitur
1523 2502 1726 2557 corpus
1752 2488 1876 2557 ejus

286 2598 416 2639 cum
474 2581 683 2638 anima.
737 2578 925 2635 Gloria
988 2580 1138 2634 enim
1186 2582 1436 2650 corporis
1482 2582 1753 2653 subjectio
1792 2590 1877 2635 cst

286 2673 564 2729 castitatis
591 2688 717 2728 cum
741 2672 876 2727 Deo.
902 2673 1090 2729 Gloria
1115 2688 1248 2728 vero
1278 2673 1502 2739 mentis,
1531 2673 1877 2743 contempla-

289 2768 368 2822 tio
396 2758 531 2820 vera
565 2765 635 2819 de
660 2765 795 2820 Deo.

336 2857 792 2915 lAbrenuntiatio
839 2871 973 2911 vero
1011 2854 1215 2925 duplex
1260 2865 1347 2911 est
1395 2855 1450 2910 in
1508 2856 1772 2926 operibus
1818 2867 1875 2913 et

287 2950 652 3022 opprobriis;
682 2964 809 3004 nam
838 2948 1120 3019 quomodo
1144 2950 1358 3018 patitur
1388 2964 1613 3020 corpus,
1648 2959 1705 3005 et
1725 2966 1879 3005 com-

287 3042 536 3114 patiatur
559 3056 679 3095 cor.
714 3038 775 3094 Si
808 3055 945 3094 vero
986 3054 1096 3093 non
1127 3038 1273 3093 nosti
1310 3038 1501 3103 Deum,
1533 3038 1875 3108 impossibile

285 3144 375 3190 est
422 3133 481 3188 in
516 3141 573 3188 te
630 3132 842 3187 moveri
897 3131 1230 3186 charitatem
1276 3132 1419 3202 ejus,
1466 3146 1572 3186 nec
1604 3140 1761 3200 potes
1787 3131 1875 3186 di-

287 3226 465 3298 ligere
504 3225 702 3289 Deum,
746 3224 856 3280 nisi
889 3224 1081 3279 videas
1108 3239 1236 3279 eum
1272 3241 1286 3277 :
1324 3223 1467 3279 visio
1497 3239 1735 3293 namque
1777 3224 1872 3279 Dei

289 3319 350 3372 ﬁt
390 3334 461 3374 ex
505 3318 688 3388 ipsius
740 3319 1013 3384 scientia;
1067 3333 1181 3373 non
1224 3317 1374 3373 enim
1424 3316 1690 3388 praecedit
1736 3318 1878 3373 visio

286 3409 598 3466 scientiam.

357 3502 437 3559 De
463 3504 586 3577 ipso
608 3502 695 3558 fac
726 3517 835 3567 me,
858 3502 1111 3566 Domine,
1148 3501 1292 3557 scire
1322 3509 1399 3568 te,
1425 3510 1483 3558 et
1507 3502 1740 3574 diligere
1762 3517 1875 3558 non

286 3595 347 3651 in
376 3595 614 3651 scientia
658 3594 1027 3665 dispersionis
1068 3595 1296 3658 mentis,
1350 3610 1473 3665 quae
1514 3593 1575 3649 ﬁt
1608 3594 1679 3649 ab
1717 3609 1879 3650 exer-

286 3686 595 3752 citatione;
643 3686 741 3741 sed
773 3685 861 3741 fac
891 3700 979 3739 me
1006 3685 1237 3756 dignum
1268 3685 1362 3740 illa
1392 3686 1625 3741 scientia
1663 3686 1721 3741 in
1766 3701 1875 3755 qua

287 3788 445 3828 mens
482 3783 535 3829 te
571 3774 770 3829 videns
815 3774 1089 3845 gloriﬁcat
1130 3784 1389 3830 naturam
1436 3791 1614 3841 suam,
1652 3779 1708 3830 in
1738 3791 1875 3830 con-

288 3864 653 3936 templatione
700 3881 823 3935 qua:
872 3867 1107 3937 surripit
1149 3867 1563 3922 sensualitatem
1618 3868 1809 3924 mundi
1843 3884 1874 3924 a

289 3966 522 4012 mente:
564 3956 652 4012 fac
683 3974 770 4013 me
813 3959 996 4014 attolli
1026 3959 1095 4014 ab
1124 3968 1354 4029 aspectu
1400 3961 1707 4017 voluntatis
1751 3978 1875 4032 qum

292 4047 683 4119 phantasmata
726 4051 924 4121 gignit,
975 4058 1033 4106 et
1059 4051 1250 4106 videre
1288 4059 1340 4106 te
1366 4052 1422 4106 in
1457 4053 1727 4108 violentia
1755 4054 1877 4109 vin-

285 4139 421 4204 culi,
452 4140 618 4210 cujus
660 4140 717 4194 in
766 4151 925 4211 parte
955 4141 1197 4196 secunda
1231 4142 1614 4199 cruciﬁxionis
1649 4145 1873 4212 mentis,

287 4247 412 4301 qua:
437 4231 493 4287 in
524 4232 784 4288 libertate
812 4234 1116 4288 constituta
1144 4244 1325 4290 cessat
1351 4236 1422 4291 ab
1445 4235 1686 4293 efﬁcacia
1713 4237 1879 4294 intel—

287 4322 542 4378 lectuum
588 4339 689 4394 per
746 4325 1071 4379 continuam
1130 4328 1660 4397 contemplationem
1723 4338 1872 4385 tuam

286 4431 411 4485 qua:
455 4423 546 4471 est
589 4431 760 4487 supra
798 4426 1077 4472 naturam.
1123 4418 1274 4474 Pone
1304 4419 1361 4473 in
1396 4435 1484 4475 me
1515 4431 1871 4493 augmentum

286 4511 579 4567 charitatis
626 4518 755 4577 tute,
808 4518 871 4565 ut
916 4520 1043 4581 post
1100 4526 1347 4566 amorem
1400 4521 1557 4567 tuum
1589 4515 1804 4569 veniam
1841 4531 1872 4569 a

287 4602 501 4657 mundo
545 4602 654 4657 isto
702 4619 717 4655 :

290 4703 397 4749 tua:
452 4693 509 4747 in
558 4709 667 4763 qua
715 4702 1079 4749 conversatus
1125 4710 1187 4749 es
1233 4695 1441 4750 mundo
1472 4696 1528 4751 in
1563 4697 1875 4753 velamento

288 4786 438 4857 quod
487 4785 717 4840 induisti
775 4786 845 4841 de
889 4785 1160 4841 membris
1203 4787 1436 4851 nostris,
1472 4797 1535 4842 ut
1563 4788 1619 4842 in
1652 4789 1757 4844 hac
1788 4790 1874 4843 in-

289 4879 571 4935 deﬁcienti
610 4894 679 4935 ex
712 4878 948 4933 inoblita
976 4878 1367 4934 recordatione
1416 4895 1693 4935 assumam
1744 4897 1872 4937 cum

286 4970 659 5028 delectatione
698 4971 1071 5026 humilitatem
1113 4978 1328 5024 natura:
1346 4986 1508 5025 mete.

837 5102 1065 5160 CAPUT
1109 5100 1327 5157 XXXV.

537 5219 617 5274 De
650 5219 856 5273 duabus
887 5216 1280 5271 ascensionibus
1312 5216 1366 5270 in
1392 5232 1621 5272 crucem.

354 5340 479 5394 Duo
505 5346 639 5393 sunt
672 5336 822 5391 modi
849 5332 1194 5390 ascensionis
1221 5333 1275 5388 in
1306 5350 1532 5390 crucem
1558 5353 1570 5389 :
1596 5351 1742 5391 unus
1784 5346 1871 5392 est

285 5430 577 5488 cruciﬁxio
638 5428 910 5500 corporis,
943 5436 1001 5483 et
1032 5426 1176 5481 alius
1200 5434 1286 5481 est
1326 5427 1627 5483 ascendere
1656 5428 1711 5482 in
1736 5444 1870 5484 con-

287 5523 747 5595 templationem:
784 5530 840 5576 et
870 5520 1086 5591 primus
1135 5518 1362 5587 quidem
1415 5518 1475 5573 ﬁt
1524 5535 1556 5574 a
1612 5520 1870 5577 libertate

286 5626 403 5682 tua,
454 5615 737 5672 secundus
784 5630 918 5669 vero
961 5614 1031 5669 ab
1074 5614 1279 5669 etl‘ectu
1328 5628 1581 5683 operum,
1632 5614 1722 5670 cui
1756 5630 1868 5671 non

286 5709 584 5781 subjicitur
614 5724 795 5773 mens,
824 5708 934 5763 nisi
958 5722 1162 5777 corpus
1190 5706 1537 5778 subjiciatur.
1569 5707 1868 5767 Cruciﬁxio

356 5888 405 5923 ⁸⁸
436 5888 596 5945 Rom.
624 5904 740 5954 vui,
770 5888 858 5943 l7.
936 5887 981 5919 “
1008 5887 1193 5941 Eccle.
1224 5902 1275 5952 κ,
1315 5888 1398 5941 16.

767 4617 910 4657 exue
970 4602 1480 4659 considerationem
1540 4605 1951 4675 humilitatisn

1984 2034 2093 2102 tiae,
2141 2042 2198 2090 et
2236 2036 2470 2091 scientia
2498 2052 2627 2091 vera
2658 2037 2913 2108 genimen
2938 2047 3024 2092 est
3056 2036 3445 2090 tentationum.

2438 2151 2549 2220 26
2591 2149 2815 2206 CAPUT
2862 2148 3102 2204 xxxvn.

2265 2264 2343 2318 De
2369 2265 2615 2318 continuo
2643 2263 2853 2318 silentio
2881 2272 2930 2316 et
2960 2261 3284 2333 quietudine.

2050 2379 2389 2435 Continuum
2424 2380 2708 2435 silentium
2743 2388 2799 2433 et
2825 2377 3078 2433 custodia
3113 2374 3459 2448 quietudinis
3489 2389 3559 2429 ex

1985 2474 2167 2528 tribus
2219 2473 2308 2527 bis
2352 2473 2537 2527 causis
2586 2471 2726 2526 ﬁunt
2760 2488 2775 2525 :
2806 2470 2893 2524 vel
2929 2479 3156 2539 propter
3197 2467 3425 2539 gloriam
3455 2467 3560 2520 ho—

1982 2566 2220 2626 minum,
2268 2565 2355 2619 vel
2413 2574 2641 2635 propter
2696 2563 2929 2635 gloriam
2993 2561 3118 2617 coeli
3176 2560 3425 2624 virtutis,
3470 2557 3560 2614 vel

1982 2656 2225 2725 aliquem
2248 2655 2498 2709 divinum
2527 2670 2823 2709 occursum
2856 2668 3021 2723 quem
3058 2652 3226 2708 habet
3251 2652 3453 2722 aliquis
3478 2651 3564 2704 in-

1981 2755 2068 2800 tra
2091 2761 2171 2808 se,
2201 2746 2268 2800 ad
2301 2761 2465 2815 quem
2500 2745 2741 2799 trahitur
2781 2744 3001 2797 animus
3038 2743 3182 2813 ejus.
3231 2741 3560 2811 Quicunque

1980 2852 2093 2890 non
2123 2836 2288 2891 habet
2320 2851 2388 2890 ex
2420 2836 2651 2889 alterius
2679 2843 2899 2897 neutra,
2947 2832 3266 2887 necessario
3307 2838 3557 2902 aegrotat.

1981 2930 2041 2985 ln
2068 2929 2248 2998 primo
2287 2930 2465 2983 virtus
2498 2934 2603 2991 est,
2631 2942 2739 2981 non
2766 2926 2960 2995 utique
3009 2923 3381 2979 manifestatio
3414 2923 3559 2975 mul-

1982 3028 2164 3074 tarum
2214 3034 2278 3074 ac
2325 3018 2672 3073 diversarum
2724 3016 3001 3071 actionum
3031 3030 3154 3085 quae
3196 3013 3560 3083 corporaliter

1981 3120 2334 3176 exercentur,
2384 3111 2480 3166 sed
2537 3110 3010 3181 sapientissimum
3058 3124 3157 3163 cor
3202 3107 3259 3161 in
3302 3122 3399 3176 spe
3433 3121 3554 3160 sua.

1981 3205 2216 3276 Copulat
2254 3206 2401 3262 enim
2449 3206 2631 3275 ipsum
2664 3204 2873 3260 divinis
2909 3203 3176 3274 operibus
3210 3199 3468 3263 intentio,
3502 3208 3559 3253 et

1908 3271 1951 3329 θ
1982 3271 2205 3354 animus
2236 3271 2776 3369 quidem—multoties
2810 3271 2995 3365 potest
3024 3296 3145 3350 sine
3176 3292 3561 3365 corporalibus

1978 3393 2295 3449 actionibus
2344 3407 2603 3448 exercere
2631 3391 2861 3446 bonum.
2892 3388 3109 3459 Corpus
3140 3389 3256 3443 sine
3291 3386 3559 3458 sapientia

1978 3488 2166 3544 cordis
2218 3487 2473 3557 quamvis
2530 3494 2817 3557 operetur,
2868 3500 2978 3538 non
3012 3492 3195 3554 potest
3242 3482 3555 3553 prodesse:

1976 3589 2361 3636 verumtamen
2391 3596 2502 3635 non
2527 3578 2767 3634 sustinet
2792 3577 2960 3632 homo
2992 3576 3090 3631 Dei
3126 3590 3253 3630 cum
3286 3583 3559 3645 opportu-

1976 3676 2207 3730 nitatem
2264 3674 2477 3729 invenit
2529 3672 2729 3727 bonam
2786 3669 3076 3742 Operandi,
3125 3669 3255 3740 quia
3308 3668 3558 3723 ostendit

1976 3767 2225 3822 laborem
2258 3766 2466 3819 bonum
2494 3763 2837 3834 operationis
2866 3778 3001 3825 suae,
3032 3760 3360 3815 charitatem
3388 3774 3555 3830 quam

1976 3860 2147 3915 habet
2175 3859 2245 3913 ad
2278 3859 2474 3913 Deum.
2521 3856 2739 3912 Primus
2770 3862 2959 3909 autem
3000 3850 3139 3907 ordo
3168 3867 3389 3923 semper
3413 3868 3557 3922 pro-

1976 3960 2269 4023 speratur;
2314 3948 2594 4004 secundus
2622 3963 2756 4003 vero
2782 3947 2923 4002 ordo
2958 3944 3290 4017 quandoque
3320 3958 3555 4015 prospe-

1976 4056 2154 4111 ratur,
2208 4044 2543 4115 quandoque
2581 4056 2715 4097 non.
2764 4041 2885 4096 Non
2928 4050 3092 4111 putes
3117 4037 3262 4109 quod
3318 4052 3407 4092 res
3451 4036 3560 4091 ista

1974 4154 2146 4210 parva
2191 4138 2287 4203 sit,
2328 4144 2390 4189 ut
2436 4133 2573 4188 vitia
2602 4131 2792 4188 carnis
2837 4146 3058 4201 semper
3096 4129 3409 4199 quiescant.
3438 4126 3561 4180 Deo

1975 4242 2161 4288 autem
2218 4238 2412 4286 nostro
2474 4228 2548 4283 sit
2608 4226 2785 4300 gloria
2839 4225 2896 4280 in
2951 4223 3149 4280 saecula
3199 4222 3555 4279 saeculorum.

1973 4326 2172 4382 Amen.

2493 4456 2722 4513 CAPUT
2770 4452 3036 4511 XXXVII.

2520 4570 2599 4626 De
2638 4579 2781 4625 motu
2810 4570 3010 4624 carnis.

2044 4687 2225 4742 Motus
2264 4692 2453 4741 autem
2489 4684 2819 4740 inferiorum
2866 4682 3242 4737 membrorum
3274 4677 3555 4749 corporis,

1974 4780 2071 4849 qui
2107 4779 2168 4833 ﬁt
2211 4778 2421 4848 absque
2472 4775 2819 4831 acutioribus
2854 4770 3287 4842 cogitationibus
3330 4769 3553 4822 irratio-

1974 4871 2257 4927 nabilibus
2299 4867 2684 4925 delectationis
2709 4882 2831 4936 qua:
2866 4872 3123 4919 movetur
3150 4877 3276 4916 cum
3309 4860 3554 4913 immun-

1975 4964 2085 5027 dis,
2139 4971 2196 5019 et
2251 4962 2424 5019 trahit
2451 4960 2690 5015 animam
2732 4959 2798 5013 ad
2846 4956 3127 5011 miseriam
3171 4954 3290 5009 sine
3327 4959 3553 5023 sponte.

1974 5055 2359 5111 indubitanter
2415 5061 2501 5109 est
2554 5067 2584 5107 a
2632 5049 2843 5106 ventris
2884 5048 3193 5118 repletione
3239 5063 3254 5100 :
3302 5043 3451 5116 quod
3504 5044 3555 5100 si

1972 5152 2118 5208 forte
2167 5158 2363 5205 venter
2421 5146 2746 5202 moderatus
2802 5150 2890 5198 est
2941 5141 2998 5195 in
3051 5139 3251 5205 diaeta,
3301 5136 3553 5194 membra

1975 5252 2473 5316 quantumcunque
2522 5245 2851 5294 moveantur
2899 5250 2999 5291 sua
3047 5242 3280 5304 Sponte,
3327 5231 3557 5287 noveris

1976 5339 2125 5411 quod
2157 5340 2214 5394 in
2246 5336 2412 5393 corde
2440 5335 2622 5390 oritur
2648 5332 2872 5397 vitium;
2903 5337 2955 5384 et
2989 5335 3322 5383 armaturam
3355 5323 3554 5379 fortem

1975 5444 2032 5491 et
2078 5430 2565 5503 inexpugnabilem
2611 5426 2821 5483 aestima
2847 5439 2990 5489 esse,
3034 5423 3091 5477 in
3132 5419 3239 5476 hoc
3263 5434 3437 5491 agone
3466 5417 3554 5471 di-

1975 5538 2121 5584 stare
2148 5527 2217 5582 ab
2257 5522 2578 5594 aspectibus
2623 5518 2956 5583 mulierum;
2996 5514 3256 5587 quoniam
3287 5512 3553 5567 adversa-

1974 5622 2094 5674 rius
2124 5617 2319 5688 nequit
2347 5613 2564 5685 operari
2596 5612 2653 5667 in
2677 5610 2839 5666 nobis
2860 5608 2939 5674 id,
2965 5606 3116 5678 quod
3142 5614 3339 5661 natura
3359 5601 3555 5672 nequit

1974 5727 2137 5784 agere
2176 5726 2276 5766 sua
2310 5709 2518 5763 virtute
2564 5724 2580 5759 :
2628 5722 2698 5762 ne
2743 5712 2928 5775 putes,
2957 5700 3107 5772 quod
3139 5708 3337 5757 natura
3371 5696 3555 5753 tradat
