4112 6548
547 414 654 478 867

1911 401 1974 465 S.
2016 402 2268 466 ISAACI
2305 404 2478 465 SYRI

3711 401 3830 466 868

545 523 815 584 oblivioni
861 537 984 594 qua:
1032 537 1064 577 a
1101 522 1214 578 Deo
1250 520 1307 576 in
1350 520 1469 592 ipsa
1501 520 1834 577 naturaliter
1867 530 1999 577 sunt
2039 521 2128 576 in-
2161 530 2205 584 Α
2307 521 2516 578 Deinde
2543 519 2740 576 ordine
2771 535 2886 576 suae
2909 520 3106 591 primae
3139 516 3544 590 plasmationis.
3565 518 3701 574 Nam
3730 520 3830 576 ilic

545 627 694 674 serta
722 616 792 672 ad
828 616 1074 672 ﬁliorum
1101 615 1550 686 procreationem
1577 623 1637 669 et
1664 614 2132 668 examinationem

547 709 772 765 illorum
797 708 892 778 qui
923 717 1054 763 sunt
1083 707 1138 761 in
1161 705 1484 762 certamine.
1519 704 1625 761 Sed
1659 705 1920 760 distantia
1945 720 2133 762 rerum

546 799 1054 870 concupiscentiam
1111 797 1168 851 in
1217 796 1482 851 membris
1534 795 1853 860 mortiﬁcat,
1897 805 1955 850 et
1993 795 2136 850 obli-

547 892 768 948 vionem
825 901 883 947 et
932 889 1304 961 perditionem
1353 897 1618 958 operatur
1671 888 1724 942 in
1789 888 1944 958 ipsis.
1999 887 2135 943 Aliae

548 992 684 1038 sunt
728 982 1096 1054 cogitationes
1147 996 1335 1036 rerum
1390 980 1552 1049 longe
1609 979 1959 1046 distantium,
2011 995 2136 1050 quae

549 1075 880 1147 simpliciter
935 1077 1378 1148 pertransierunt
1427 1075 1482 1129 in
1532 1074 1741 1139 animo,
1795 1082 1852 1129 et
1901 1089 2135 1144 parvum

549 1181 762 1226 motum
794 1181 851 1227 et
882 1171 1163 1226 modicum
1181 1170 1390 1224 faciunt
1413 1185 1444 1224 a
1475 1184 1532 1224 se
1560 1169 1726 1238 ipsis;
1759 1177 1814 1223 et
1844 1168 1967 1222 alia:
1999 1175 2133 1223 sunt

548 1264 936 1335 cogitationes,
970 1279 1094 1334 quae
1133 1263 1190 1317 in
1238 1270 1465 1332 aspectu
1497 1261 1744 1315 materia:
1773 1260 2137 1330 submergunt

550 1359 797 1412 animum
843 1357 965 1412 sine
1014 1356 1319 1419 oblivione,
1364 1367 1420 1409 et
1469 1370 1537 1409 ex
1568 1353 1988 1424 propinquitate
2019 1369 2139 1409 mo-

551 1458 684 1504 vent
723 1449 858 1505 vitia
900 1458 956 1504 et
1000 1448 1280 1503 hominem
1313 1447 1594 1509 nutriunt,
1633 1445 1780 1500 sicut
1817 1446 2002 1500 oleum
2048 1462 2140 1502 ac-

550 1541 868 1596 censionem
905 1541 1183 1603 lucerna,-
1218 1538 1526 1606 vitiumque
1559 1537 1708 1606 quod
1743 1547 2027 1593 mortuum
2053 1549 2140 1594 est

551 1642 608 1690 et
637 1634 970 1689 exstinctum
1007 1631 1343 1696 accendunt,
1385 1638 1442 1684 et
1483 1629 1713 1684 turbant
1743 1630 1970 1700 pelagus
2010 1646 2138 1685 cor-

549 1725 706 1796 poris
745 1740 845 1795 per
888 1732 1094 1788 motus,
1146 1723 1203 1776 in
1247 1723 1502 1777 navicula
1545 1723 1767 1778 mentis.
1811 1723 1911 1778 llic
1953 1734 2138 1779 autem

549 1817 828 1872 naturalis
869 1826 1054 1872 motus
1093 1815 1191 1886 qui
1231 1815 1446 1869 habitat
1479 1815 1533 1868 in
1562 1815 1752 1880 nobis,
1786 1825 2018 1884 propter
2046 1831 2139 1870 so-

547 1910 654 1966 lam
681 1909 1024 1964 creationem
1060 1909 1273 1978 absque
1297 1907 1648 1977 appositione
1687 1906 1778 1961 vel
1809 1907 2136 1976 operatione

547 2001 887 2060 extrinseca.
905 1999 1133 2055 turbare
1153 1998 1440 2053 munditiae
1455 1998 1673 2053 arbitrii
1693 1997 2001 2053 castitatem
2025 2013 2138 2052 non

549 2103 752 2164 potest.
787 2093 934 2148 Deus
973 2092 1123 2147 enim
1166 2106 1278 2145 non
1312 2091 1562 2146 condidit
1595 2099 1810 2146 natura:
1832 2090 2137 2162 potentiam

550 2185 622 2240 ad
671 2183 1045 2255 superandum
1097 2183 1390 2239 arbitrium
1460 2184 1691 2248 bonum,
1747 2183 1897 2254 quod
1951 2193 2038 2240 est
2082 2184 2139 2239 in

551 2277 741 2346 aliquo
795 2291 926 2347 erga
977 2275 1198 2345 ipsum;
1237 2275 1334 2331 sed
1387 2275 1610 2344 quando
1640 2275 1842 2345 aliquis
1887 2285 2141 2332 movetur

551 2369 641 2424 vel
693 2368 764 2423 ab
807 2367 888 2422 ira
926 2369 1014 2423 vel
1067 2383 1098 2422 a
1149 2367 1470 2433 desiderio,
1521 2382 1633 2422 non
1679 2367 1963 2437 compellit
2009 2382 2137 2422 eum

552 2473 754 2517 natura
805 2461 890 2516 vel
943 2461 1122 2514 virtus
1172 2459 1242 2514 de
1299 2459 1555 2515 terminis
1611 2460 1766 2514 exire
1819 2468 2033 2514 naturae
2084 2468 2142 2515 et

553 2564 711 2610 extra
742 2552 862 2609 ﬁeri
891 2568 1014 2624 quae
1053 2552 1353 2617 debentur,
1381 2551 1477 2606 sed
1503 2551 1778 2622 appositio
1802 2567 1968 2622 quam
2003 2551 2140 2607 faci-

554 2663 679 2703 mus
704 2663 872 2718 super
897 2655 1152 2701 naturam
1203 2659 1303 2715 per
1341 2644 1644 2699 voluntatis
1688 2645 1956 2700 actiones.
2001 2645 2140 2701 Nam

554 2739 702 2793 Deus
731 2737 916 2793 omnia
947 2751 1290 2807 quaecunque
1335 2735 1487 2800 fecit,
1536 2735 1679 2790 bene
1722 2736 1855 2791 fecit
1902 2745 1960 2793 et
1983 2753 2143 2793 men-

553 2838 770 2896 surate;
818 2837 876 2886 et
916 2838 1126 2899 quanto
1157 2844 1475 2883 mensuram
1511 2829 1893 2900 proportionis
1916 2840 2143 2886 natura-

555 2924 690 2978 lium
741 2924 798 2978 in
847 2922 1010 2978 nobis
1062 2931 1212 2977 recte
1271 2937 1596 2988 servamus,
1659 2931 1814 2977 tanto
1870 2924 2141 2980 naturalis

553 3029 738 3074 motus
761 3017 1094 3089 compellere
1126 3033 1228 3073 nos
1260 3017 1437 3088 possit
1482 3018 1595 3088 (l5)
1647 3017 1716 3072 ad
1743 3017 2140 3074 declinandum

551 3129 584 3168 a
609 3113 698 3168 via
722 3113 842 3175 Dei,
870 3111 966 3167 sed
1005 3110 1394 3165 tantummodo
1426 3118 1721 3180 temperat.

625 3201 723 3257 llis
760 3201 1003 3256 motibus
1050 3209 1305 3255 movetur
1347 3215 1587 3270 corpus;
1632 3209 1694 3254 ut
1735 3201 1980 3257 sciamus
2017 3209 2142 3256 tan-

555 3305 696 3359 tum,
731 3292 875 3364 quod
908 3292 982 3347 sit
1007 3291 1064 3346 in
1096 3292 1257 3345 nobis
1291 3291 1478 3362 passio
1505 3292 1795 3357 naturalis,
1826 3308 1939 3348 non
1963 3292 2033 3347 ad
2069 3292 2142 3348 ti-

556 3386 852 3442 tillandum
882 3395 939 3440 et
964 3383 1339 3440 infestandum
1375 3400 1489 3454 quo
1507 3384 1752 3440 charitas
1780 3385 2141 3455 impediatur,

555 3488 653 3534 aut
699 3477 768 3534 ad
811 3475 1294 3532 obtenebrandum
1351 3485 1596 3532 mentem
1638 3492 1669 3531 a
1724 3475 1966 3543 fervore,
2005 3484 2064 3532 et
2113 3492 2146 3533 a

559 3585 695 3642 pace
718 3568 1054 3625 movendum
1077 3569 1144 3623 ad
1172 3569 1338 3623 viam.
1359 3568 1418 3624 Si
1442 3583 1576 3624 vero
1601 3583 1705 3624 nos
1728 3569 1950 3624 attracti
1971 3568 2147 3625 fueri-

557 3678 682 3719 mus
700 3679 731 3718 a
754 3661 1106 3718 sensualibus
1132 3662 1302 3717 rebus
1324 3676 1424 3732 per
1448 3676 1587 3732 quas
1621 3661 1931 3734 indignatio
1953 3669 2145 3718 contra

555 3765 813 3812 naturam
864 3754 1154 3811 consuevit
1207 3753 1476 3825 impetum
1512 3755 1696 3810 facere
1726 3756 1814 3810 vel
1847 3755 1904 3810 in
1928 3770 2025 3810 esu
2059 3755 2146 3810 vel

558 3851 615 3904 in
649 3858 805 3920 potu,
843 3848 928 3904 vel
963 3847 1019 3903 in
1051 3847 1562 3918 superabundantia
1586 3847 1936 3919 quantitatis,
1968 3863 2067 3903 seu
2090 3847 2144 3903 in

556 3942 970 4015 propinquitate
1001 3941 1325 4007 mulierum,
1356 3950 1412 3997 et
1431 3940 1690 3996 accensio
1714 3941 1963 4011 ipsarum
1987 3954 2147 4010 aspe-

557 4043 651 4090 ctu
680 4043 777 4089 aut
817 4032 1290 4089 collocutionibus
1313 4048 1437 4103 qua:
1468 4032 1610 4087 ﬁunt
1639 4041 1832 4087 contra
1865 4031 2034 4102 ipsas,
2077 4046 2147 4087 ex

560 4126 764 4196 quibus
803 4124 1024 4180 ﬁamma
1069 4123 1535 4194 concupiscentiae
1573 4124 1918 4190 accenditur,
1964 4134 2022 4180 et
2053 4141 2148 4181 ex-

559 4219 731 4275 sultat
771 4218 827 4273 in
884 4232 1139 4288 corpore,
1194 4217 1606 4272 committamus
1677 4225 1735 4273 et
1799 4217 2145 4275 ferocitatem

557 4311 761 4368 exinde
810 4310 1155 4364 mansionem
1210 4310 1521 4364 naturalem
1575 4308 1663 4364 vel
1718 4319 1946 4380 propter
1997 4327 2149 4366 com-

560 4402 838 4475 plexionis
903 4401 1302 4456 abundantiam
1331 4402 1418 4456 vel
1492 4413 1723 4472 propter
1789 4402 2148 4461 incurrentes

560 4512 750 4552 rerum
797 4504 1074 4566 aspectus.
1126 4495 1224 4550 Est
1269 4495 1570 4566 aliquando
1608 4495 1855 4566 ipsorum
1903 4506 2146 4554 motusa

560 4587 923 4660 permistione
973 4602 1096 4657 quae.
1147 4594 1376 4658 propter
1420 4585 1744 4656 opinionem
1789 4595 2036 4643 nostram
2085 4587 2146 4643 ﬁt

559 4691 731 4746 caste,
755 4690 812 4736 et
846 4696 957 4736 non
1004 4688 1092 4734 est
1133 4679 1280 4735 sicut
1331 4679 1469 4733 ille:
1508 4679 1629 4734 illas
1663 4677 1889 4748 quidem
1931 4695 2145 4750 pugnas

558 4774 832 4831 libertatis
880 4787 1165 4836 vocemus,
1205 4786 1330 4842 quae
1371 4780 1502 4826 sunt
1542 4770 1855 4825 communis
1888 4781 2139 4828 naturae:

559 4881 744 4938 pugna
795 4877 928 4920 vero
967 4879 1089 4934 qua:
1121 4863 1183 4917 ﬁt
1210 4880 1280 4917 ex
1313 4861 1708 4933 promissione,
1754 4878 1877 4932 quae
1916 4861 1978 4918 ﬁt
2027 4864 2138 4936 (44)

557 4977 627 5015 ex
692 4973 859 5014 causa
919 4965 1187 5012 naturae:
1245 4955 1547 5026 opinionis,
1628 4955 1834 5011 scimus
1889 4956 2038 5027 quod
2086 4957 2142 5012 in

559 5051 847 5107 laboribus
890 5060 946 5106 et
986 5050 1246 5105 cautione
1276 5065 1378 5119 per
1401 5048 1572 5103 multa
1609 5057 1860 5120 tempora
1891 5049 2020 5105 facti
2053 5065 2147 5106 su-

560 5161 705 5209 mus,
765 5153 822 5200 et
865 5144 1163 5214 opinamur
1215 5141 1424 5212 aliquid
1479 5140 1700 5206 fecisse,
1767 5143 2146 5212 permittimur

562 5236 906 5310 impugnari,
977 5246 1040 5291 ut
1095 5235 1376 5290 discamus
1436 5235 1834 5290 humilitatem.
1897 5236 2145 5307 Reliquae

558 5345 693 5383 vero
723 5344 920 5399 pugna:
960 5343 1082 5399 quae
1112 5334 1340 5398 propter
1366 5326 1510 5380 hanc
1547 5342 1771 5382 causam
1813 5327 1952 5384 ﬁunt
1977 5330 2142 5386 nobis

561 5422 706 5476 ultra
749 5422 918 5487 vires,
960 5436 991 5476 a
1038 5429 1234 5476 nostro
1293 5427 1541 5490 tempore
1595 5419 1734 5475 ﬁunt
1775 5420 1925 5491 (45),
1973 5437 2140 5492 quam

561 5519 762 5568 natura
827 5526 952 5567 cum
1005 5509 1356 5582 oppositione
1411 5509 1598 5579 aliqua
1652 5510 1992 5566 materialem
2042 5528 2144 5584 per

561 5603 1002 5676 gastrimargiam
1036 5603 1246 5674 recepit
1268 5617 1369 5657 nec
1395 5600 1653 5672 quiescit.

657 5741 749 5876 45)
769 5740 877 5797 Nos
902 5743 1081 5814 possit.
1120 5741 1308 5806 Forte,
1345 5758 1450 5795 non
1489 5751 1678 5813 potest.

658 5813 726 5868 44
779 5813 862 5868 Ea:
886 5814 1250 5876 promissione,
1283 5829 1402 5876 qua:
1426 5812 1507 5876 ﬁt.
1578 5813 1678 5869 For

658 5812 754 5886 44)
779 5813 872 5886 Eg
886 5812 1250 5883 promissione,
1283 5829 1402 5882 qua:
1426 5812 1507 5881 ﬁt.
1578 5813 1762 5877 Forte,
1807 5831 1872 5870 ea:
1921 5816 2144 5886 permis-

561 5885 708 5939 sione
721 5884 802 5955 ﬁt.
835 5885 901 5941 Et
929 5886 1092 5958 paulo
1115 5893 1241 5940 ante
1265 5899 1486 5954 quoque
1527 5885 1720 5956 legerit
1749 5887 1873 5954 quis
1919 5884 2142 5959 permis-

257 6508 576 6516 .~——~——-.__—
585 6511 716 6518 ._—_

2232 614 2332 686 qui
2366 614 2719 670 turbationes
2761 622 2820 669 et
2857 613 3234 670 recreationes
3261 611 3545 682 deposuit,
3577 613 3836 683 compel-

2233 705 2368 761 litur
2418 705 2628 760 invitus
2668 713 2957 775 peccatum
3021 704 3256 776 diligere
3299 719 3318 758 :
3361 704 3484 760 sine
3534 703 3628 760 bis
3673 705 3836 760 enim

2235 799 2500 855 recedere
2557 815 2589 854 a
2648 799 3030 854 blandimento
3077 797 3454 855 sensualitatis
3504 798 3828 869 nequimus.

2234 892 2340 958 Qui
2389 899 2602 962 quanto
2664 891 2791 961 plus
2853 891 3304 962 multiplicantur
3361 892 3608 958 dolores,
3670 902 3831 947 tanto

2237 983 2411 1054 magis
2451 983 2570 1038 haec
2627 983 2976 1038 minuuntur.
3029 983 3302 1049 Quoniam
3358 983 3710 1040 turbationes
3767 995 3833 1042 et

2237 1073 2486 1144 pericula
2510 1075 2853 1129 voluntatem
2880 1075 3143 1130 vitiorum
3179 1075 3440 1132 occidunt
3465 1095 3477 1130 :
3506 1077 3668 1147 quies
3691 1093 3830 1133 vero

2237 1164 2415 1218 nutrit
2444 1175 2516 1229 \et
2553 1174 2718 1236 auget
2755 1182 2898 1221 eam.
2948 1167 3120 1238 Igitur
3149 1175 3344 1222 notum
3378 1178 3465 1222 est
3509 1168 3827 1234 manifeste,

2237 1255 2497 1325 quoniam
2533 1256 2677 1310 Deus
2699 1266 2757 1312 et
2797 1258 2977 1328 angeli
3008 1259 3130 1330 ejus
3159 1259 3214 1313 in
3243 1261 3462 1330 quiete;
3491 1261 3639 1331 quod
3672 1261 3720 1316 si
3766 1262 3828 1316 in

2238 1346 2696 1403 tribulationibus
2745 1359 2802 1404 et
2844 1351 3117 1420 angustiis
3155 1351 3525 1422 perﬁciuntur
3562 1357 3828 1408 mandata

2238 1437 2358 1500 Dei,
2408 1453 2511 1494 nos
2536 1439 2667 1508 quia
2711 1439 2829 1509 ipsa
2863 1442 3293 1506 contemnimus,
3343 1441 3522 1512 ipsum
3569 1442 3694 1497 ideo
3727 1443 3826 1512 qui

2239 1531 2520 1586 mandavit
2566 1532 2950 1588 machinamur
3005 1544 3362 1590 contemnere
3405 1545 3630 1606 propter
3687 1536 3827 1591 vitia

2239 1641 2364 1696 quite
2410 1641 2441 1680 a
2503 1627 2692 1698 quiete
2743 1639 3072 1695 nascuntur,
3123 1639 3181 1685 et
3223 1645 3558 1686 evacuamus
3597 1630 3829 1685 virtutis

2240 1735 2484 1786 causam,
2511 1721 2771 1778 videlicet
2809 1723 3222 1779 tribulationem
3249 1732 3306 1779 et
3330 1723 3664 1794 angustiam.
3685 1722 3828 1777 Nam

2243 1811 2299 1865 in
2349 1822 2617 1883 quantum
2655 1831 2915 1872 mensura
2949 1815 3154 1887 quietis
3203 1816 3258 1871 in
3299 1816 3462 1871 nobis
3512 1815 3826 1877 inducitur,

2171 1891 2208 1946 Β
2242 1901 2297 1958 in
2324 1914 2539 1961 tantum
2583 1907 2736 1964 vitiis
2768 1917 3021 1979 aptamus
3061 1910 3246 1965 locum
3288 1909 3344 1964 in
3393 1909 3579 1971 nobis,
3611 1908 3742 1979 quia
3771 1907 3827 1961 in

2245 2012 2478 2067 corpore
2547 2000 2862 2072 angustiato
2921 2001 3288 2072 cogitationes
3362 2000 3419 2056 in
3488 1999 3833 2055 vanitatibus

2245 2090 2440 2160 agitari
2482 2107 2594 2146 non
2642 2103 2894 2162 possunt.
2947 2092 3085 2148 Cum
3129 2102 3313 2148 autem
3360 2092 3490 2163 quis
3527 2091 3583 2146 in
3625 2089 3832 2161 gaudio

2246 2184 2636 2241 tribulationes
2690 2187 2929 2242 sustinet
2977 2195 3034 2242 et
3079 2187 3332 2251 labores,
3404 2193 3588 2256 potest
3634 2184 3830 2254 utique

2245 2277 2612 2348 cogitationes
2657 2277 2937 2334 refrenare
2969 2287 3243 2349 potenter,
3280 2279 3410 2350 quia
3442 2279 3575 2350 ipsa:
3613 2278 3830 2349 cogita-

2249 2370 2429 2425 tiones
2471 2370 2527 2424 in
2577 2369 2998 2442 fatigationibus
3041 2380 3278 2426 cessant.
3309 2370 3541 2438 Quando
3576 2386 3710 2426 vero
3743 2386 3834 2425 re-

2247 2462 2510 2519 cordatus
2551 2463 2720 2520 fuerit
2758 2446 2924 2520 homo
2950 2465 3300 2535 propriorum
3321 2475 3678 2535 peccatorum
3702 2480 3833 2519 suo-

2248 2571 2394 2621 rum,
2428 2563 2484 2609 et
2511 2556 2843 2612 cruciaverit
2873 2558 3165 2628 seipsum,
3211 2566 3422 2612 tuncet
3452 2558 3598 2613 Deus
3634 2574 3831 2613 curam

2247 2647 2412 2717 gerit,
2445 2655 2507 2701 ut
2538 2647 2716 2718 ipsum
2762 2647 3052 2718 quiescere
3096 2648 3294 2715 faciat;
3345 2657 3401 2704 et
3431 2649 3640 2720 gaudet
3683 2650 3833 2705 Deus

2247 2754 2314 2794 ex
2360 2755 2428 2794 eo
2468 2740 2617 2810 quod
2668 2740 2903 2810 ipsemet
2946 2741 3056 2796 sibi
3109 2741 3213 2812 ipsi
3247 2757 3467 2812 pinnam
3513 2742 3714 2797 inﬂixit
3760 2743 3833 2798 de

2248 2829 2704 2898 praevaricatione
2751 2831 2855 2885 vite
2887 2831 3020 2897 Dei;
3046 2831 3193 2901 quod
3223 2833 3414 2902 utique
3461 2848 3605 2887 verte
3645 2832 3833 2902 pumi-

2251 2921 2443 2976 tentia:
2473 2921 2692 2992 signum
2726 2923 2945 2977 exsistit
2983 2940 2996 2977 :
3028 2932 3085 2978 et
3112 2933 3319 2994 quanto
3349 2925 3474 2994 plus
3505 2925 3621 2994 ipse
3650 2925 3835 2995 paeni-

2250 3015 2480 3069 tentiam
2529 3015 2708 3086 egerit
2740 3016 2938 3070 animae
2978 3031 3113 3082 sum,
3142 3026 3293 3073 tanto
3323 3018 3496 3089 magis
3518 3019 3638 3088 ejus
3683 3033 3832 3087 pne-

2249 3108 2422 3161 mium
2459 3107 2864 3177 multiplicatur
2900 3125 2930 3162 a
2970 3109 3101 3163 Deo.
3136 3107 3310 3165 Omne
3333 3119 3519 3165 autem
3561 3110 3830 3181 gaudium

2249 3197 2398 3266 quod
2442 3213 2473 3251 a
2506 3198 2710 3252 virtute
2748 3213 2858 3252 non
2900 3199 3066 3256 habet
3097 3216 3345 3265 causam,
3392 3201 3583 3255 statim
3621 3202 3834 3257 excitat

2247 3299 2430 3344 motus
2468 3290 3046 3360 concupiscentiarum
3095 3293 3374 3348 inventori
3409 3309 3531 3349 suo.
3575 3295 3830 3364 lntellige

2245 3383 2471 3453 quidem
2501 3383 2618 3438 haec
2645 3383 2714 3438 de
2745 3385 2894 3438 omni
2931 3387 3384 3456 concupiscentia
3428 3388 3649 3443 vitiosa.
3703 3389 3830 3444 Non

2243 3477 2396 3532 enim
2421 3476 2526 3532 hoc
2553 3475 2792 3532 dicimus
2827 3478 2896 3532 de
2922 3480 3374 3549 concupiscentia
3413 3481 3680 3537 naturali.

2743 3569 2969 3628 CAPUT
3022 3572 3310 3628 XXXVIII.

2473 3660 2626 3728 Quod
2656 3665 2872 3718 virtutes
2907 3665 3128 3718 invicem
3157 3666 3256 3720 sibi
3283 3667 3593 3722 succedunt.

2315 3755 2562 3811 Virtutes
2595 3755 2832 3811 invicem
2877 3756 2981 3811 sibi
3029 3757 3368 3824 succedunt;
3419 3775 3487 3814 ne
3531 3759 3682 3814 enim
3735 3761 3832 3816 ﬁat

2244 3845 2334 3901 via
2395 3846 2641 3917 ipsarum
2689 3861 2924 3902 onerosa
2982 3850 3279 3919 gravisque
3330 3859 3386 3905 et
3441 3867 3552 3906 non
3627 3851 3829 3908 ordine

2245 3947 2582 4009 peragatur:
2617 3947 2674 3994 et
2701 3955 2766 3994 ex
2801 3955 2866 3994 ea
2897 3940 3215 4007 alleviatur,
3241 3951 3297 3996 et
3329 3953 3391 3997 ut
3417 3943 3600 3998 facilia
3624 3945 3736 3999 sint
3760 3961 3829 4000 ea

2245 4043 2370 4098 qua:
2411 4037 2542 4084 sunt
2585 4029 2825 4086 diﬂicilia
2880 4043 3108 4103 propter
3137 4033 3366 4100 bonum,
3399 4037 3543 4092 sicut
3573 4048 3631 4092 et
3659 4039 3827 4094 bona.

2245 4120 2422 4176 Nemo
2452 4121 2600 4176 enim
2631 4131 2814 4192 potest
2845 4126 3139 4194 acquirere
3173 4127 3414 4198 inopiam
3447 4130 3679 4196 virtute,
3720 4132 3828 4186 nisi

2247 4215 2493 4284 seipsum
2554 4214 2783 4272 inducat
2808 4227 2863 4272 et
2894 4228 3162 4290 praeparet
3195 4220 3264 4274 ad
3291 4221 3680 4278 sustinendum
3709 4233 3834 4280 ten-

2249 4308 2510 4372 tationes,
2549 4308 2658 4364 nisi
2693 4311 2788 4380 qui
2834 4311 3075 4366 credidit
3115 4313 3263 4382 quod
3299 4313 3512 4384 aliquid
3555 4330 3833 4387 superans

2247 4400 2590 4468 corporalem
2639 4401 2884 4470 quietem
2925 4419 3025 4472 pro
3071 4403 3525 4462 tribulationibus
3559 4409 3627 4462 ad
3679 4411 3834 4465 exci-

2248 4489 2482 4559 piendas
2511 4506 2572 4546 se
2604 4493 2936 4562 praeparavit
2965 4511 2979 4547 :
3013 4495 3195 4564 primo
3228 4496 3455 4552 dilectio
3509 4499 3834 4555 tribulatio-

2248 4597 2381 4636 num
2432 4583 2538 4654 27
2587 4595 2844 4641 movetur
2889 4587 2946 4641 in
2991 4587 3131 4658 ipso,
3171 4589 3371 4646 deinde
3399 4594 3727 4662 supervenit
3774 4605 3836 4650 et

2250 4675 2512 4745 cogitatio
2567 4676 2728 4748 inops
2765 4677 2882 4734 fieri
2941 4679 3011 4736 de
3055 4681 3144 4736 his
3177 4699 3300 4752 quae
3342 4692 3473 4738 sunt
3510 4685 3727 4750 mundi,
3773 4696 3836 4740 ct

2250 4769 2430 4825 omnis
2456 4771 2551 4841 qui
2579 4773 2987 4843 appropinquat
3019 4774 3834 4850 tribulationibus.Quicunque

2249 4863 2553 4930 privaverit
2589 4880 2648 4920 se
2675 4865 2841 4920 rebus
2881 4865 3284 4935 materialibus,
3310 4886 3414 4925 nec
3442 4871 3748 4941 privaverit
3769 4888 3833 4927 se

2249 4953 2430 5024 ipsum
2477 4955 2645 5010 etiam
2687 4955 2927 5012 efﬁcacia
2953 4973 3238 5025 sensuum,
3275 4961 3430 5016 visus
3475 4961 3739 5018 videlicet
3774 4972 3835 5017 et

2249 5046 2494 5112 auditus,
2541 5049 2954 5106 tribulationem
3005 5053 3281 5123 duplicem
3317 5056 3423 5110 sibi
3467 5058 3830 5122 mendicabit,

2249 5150 2309 5196 et
2330 5141 2535 5212 duplex
2563 5142 2734 5198 miser
2764 5143 2859 5199 ﬁet
2881 5154 2937 5199 et
2963 5145 3321 5202 tribulabitur
3347 5167 3360 5204 :
3405 5150 3658 5220 quinimo
3706 5167 3835 5221 qua:

2251 5235 2463 5290 utilitas
2518 5236 2725 5306 privari
2782 5239 3166 5296 matcrialibus
3224 5243 3413 5307 rebus,
3466 5253 3522 5298 et
3578 5244 3634 5298 in
3693 5245 3835 5315 ipsis

2248 5329 2511 5383 delectari
2565 5345 2664 5399 per
2710 5332 2946 5387 sensus?
2975 5332 3109 5388 Nam
3154 5333 3192 5390 il
3219 5335 3287 5389 ud
3322 5336 3467 5390 idem
3513 5337 3721 5406 patitur
3762 5354 3834 5393 ex

2249 5419 2600 5490 passionibus
2639 5436 2763 5491 qua:
2795 5421 2852 5476 in
2891 5423 2974 5479 eis
3005 5433 3151 5490 sunt,
3182 5427 3331 5497 quod
3362 5429 3652 5484 actualiter
3675 5429 3835 5499 prius

2250 5512 2568 5584 patiebatur
2623 5528 2725 5584 pro
2777 5529 2846 5569 eo
2891 5516 3037 5585 quod
3099 5521 3366 5574 memoria
3407 5521 3837 5577 consuetudinis

2250 5619 2442 5660 earum
2469 5619 2579 5660 non
2608 5605 2820 5661 recedit
2845 5607 2914 5662 ab
2943 5608 3130 5664 animo
3162 5625 3286 5668 suo.
3316 5613 3373 5669 Si
3389 5613 3538 5668 enim
3561 5614 3834 5686 imagines

2248 5749 2396 5803 sione
2416 5764 2516 5819 pro
2547 5751 2902 5820 permistione.

2323 5820 2436 5893 (45)
2465 5821 2968 5894 Tempore—quam.
2994 5825 3077 5882 An
3105 5837 3508 5903 tepore—quem
3526 5831 3551 5882 1’
