4102 6568
353 442 457 504 869

1409 442 1640 501 LIBER
1686 442 1781 503 DE
1819 440 2276 502 CONTEMPTU
2320 443 2593 503 MUNDI.

3520 443 3634 509 870

352 553 601 622 ipsarum
654 551 825 606 menti
878 551 1037 607 factae
1079 551 1330 607 dolorem
1372 553 1693 608 ministrant
1730 552 1942 607 homini
1973 563 2018 616 Α
2048 562 2164 605 tum
2195 559 2282 605 est
2308 559 2366 606 et
2412 552 2479 605 ad
2530 550 3106 623 magnacharismata
3148 550 3530 619 insuﬁieiens;
3575 562 3648 623 et,

350 646 471 701 sine
494 646 667 700 rebus
701 644 911 700 eisdem
950 686 964 710 ,
991 645 1123 714 quid
1151 645 1420 701 habemus
1448 644 1635 700 dicere
1657 644 1724 700 de
1748 659 1947 715 appro-

349 734 656 810 pinquante
689 738 971 793 essentia?
1002 738 1187 793 Bonus
1212 748 1298 793 est
1350 753 1482 809 ergo
1522 753 1785 793 excessus
1813 754 1827 790 :
1857 744 1946 791 et-

348 848 500 887 entm
549 830 709 884 valde
760 838 1047 900 operatur,
1116 845 1243 884 cum
1301 828 1666 899 cogitationes
1706 826 1947 881 viriliter

349 922 717 988 mansuescit,
748 929 805 976 et
835 921 1146 993 potentiam
1187 921 1242 975 in
1262 920 1660 975 exercitatione
1686 918 1941 989 imponit,

347 1030 573 1070 necnon
648 1014 974 1084 patientiam
1026 1029 1281 1085 magnam
1328 1014 1562 1084 imponit
1623 1011 1834 1067 homini
1886 1012 1941 1065 in

349 1107 888 1179 supervenientibus
935 1107 1044 1161 sibi
1094 1106 1426 1162 necessariis
1464 1105 1941 1171 tribulationibus,

348 1217 381 1257 a
408 1216 525 1272 quo
560 1200 851 1272 requirere
880 1209 968 1255 est
998 1199 1317 1255 consilium.

934 1351 1162 1410 CAPUT
1200 1351 1421 1407 XXXIX
1433 1390 1447 1407 .

746 1466 825 1522 Ne
853 1468 1007 1522 homo
1033 1465 1275 1521 consulat
1306 1465 1566 1520 alienum.

422 1584 505 1639 Ne
546 1599 764 1654 quaeras
810 1581 1110 1637 consilium
1156 1579 1225 1634 ab
1259 1580 1446 1649 aliquo
1480 1577 1575 1648 qui
1621 1594 1734 1632 non
1769 1576 1841 1632 sit
1873 1577 1942 1633 de

354 1674 782 1731 conversatione
813 1682 929 1739 tua,
963 1673 1217 1742 quamvis
1265 1670 1337 1725 sit
1379 1671 1601 1739 sapiens
1646 1670 1847 1736 valde;
1887 1680 1943 1725 et

354 1768 645 1822 committe
670 1765 861 1836 potius
891 1765 1258 1835 cogitationes
1289 1775 1413 1817 tuas
1457 1762 1643 1816 idiota:
1683 1761 1735 1815 in
1772 1777 1941 1831 expe-

353 1856 565 1913 rientia
597 1872 784 1911 rerum
814 1855 962 1910 facto
990 1896 1004 1920 ,
1060 1870 1224 1925 quam
1272 1853 1558 1923 eloquenti
1608 1851 1942 1922 philosopho

2048 644 2518 713 quemadmodum
2578 661 2900 715 magnarum
2958 645 3325 700 tentationum
3375 647 3636 702 incursus

2048 738 2391 809 praepeditus
2422 738 2477 793 in
2528 739 2647 809 ipsa
2675 739 2770 802 sit,
2798 746 2855 793 et
2898 754 3095 809 magna
3124 739 3460 794 charismata
3495 756 3637 809 pra!-

2047 832 2353 902 pediuntur
2387 832 2444 886 in
2475 848 2540 887 ea
2573 849 2586 884 :
2615 831 2881 901 quoniam
2942 848 3054 885 non
3115 832 3209 885 dat
3240 832 3387 887 Deus
3439 848 3632 901 magna

2046 925 2389 980 charismata
2418 924 2537 980 sine
2571 924 2789 994 magnis
2816 924 3242 979 tentationibus.
3276 924 3413 978 Nam
3433 924 3484 978 ei
3512 933 3637 978 ten-

2047 1017 2289 1072 tationes
2324 1018 2634 1073 secundum
2680 1017 3016 1072 charismata
3042 1017 3394 1071 dinumerata
3442 1024 3572 1071 sunt
3603 1031 3635 1070 a

2046 1110 2161 1165 Deo
2189 1111 2347 1181 juxta
2374 1110 2705 1181 sapientiam
2740 1110 2882 1179 ejus,
2913 1109 3178 1179 quoniam
3220 1109 3275 1162 hi
3328 1108 3422 1178 qui
3465 1108 3536 1163 ab
3567 1122 3636 1162 eo

2045 1204 2216 1257 creati
2242 1213 2373 1259 sunt
2397 1219 2506 1258 non
2540 1201 3047 1272 comprehendunt.
3068 1201 3241 1271 igitur
3266 1217 3295 1254 a
3320 1200 3637 1255 dillicilibus

2047 1296 2509 1350 tribulationibus
2532 1294 2991 1364 contingentibus
3010 1293 3109 1348 tibi
3132 1309 3197 1347 ex
3218 1291 3634 1363 dispensatione

2044 1387 2256 1453 divina,
2293 1388 2732 1459 comprehendis
2763 1395 3029 1457 quantam
3071 1386 3510 1441 consolationem
3548 1401 3637 1440 re-

2044 1483 2194 1553 cepit
2221 1483 2405 1538 anima
2435 1490 2526 1537 tua
2553 1483 2621 1538 de
2662 1482 3048 1554 magnitudine
3082 1482 3224 1554 ejus.
3272 1482 3409 1536 Nam
3440 1497 3639 1537 secun-

2044 1575 2176 1630 dum
2208 1576 2515 1641 tristitiam,
2556 1586 2643 1631 est
2677 1575 3007 1630 consolatio.

2114 1666 2257 1734 Quid
2288 1684 2420 1737 ergo
2443 1667 2599 1737 prius
2617 1676 2722 1731 est,
2751 1667 2983 1721 tentatio
3008 1665 3285 1722 etdeinde
3312 1666 3590 1722 charisma
3618 1706 3636 1733 ,

2044 1776 2111 1815 an
2143 1761 2302 1831 prius
2326 1762 2696 1825 charisma,et
2716 1760 2774 1814 ﬁt
2800 1760 3003 1815 deinde
3032 1760 3304 1815 tentatio?
3326 1760 3633 1830 Responsio.

2045 1854 2167 1908 Non
2196 1854 2352 1907 venit
2381 1853 2640 1917 tentatio,
2667 1852 2774 1907 nisi
2806 1853 2959 1923 prius
2986 1852 3219 1922 recipiat
3248 1853 3430 1907 anima
3457 1864 3548 1908 tua
3578 1854 3635 1909 in

350 1946 943 2018 superserutationem
962 1946 1211 2016 loquenti
1234 1946 1355 2000 sine
1375 1943 1718 2014 experientia
1735 1960 1941 1999 rerum.
1976 1926 2018 1981 Β
2047 1944 2268 1998 occulto
2288 1944 2455 1998 etiam
2490 1942 2932 2012 magnitudinem
2979 1959 3149 2014 super
3189 1944 3424 2014 primam
3478 1960 3635 2000 suam

350 2039 497 2108 Quid
530 2046 616 2094 est
644 2038 815 2110 igitur
840 2037 1189 2109 experientia
1215 2037 1444 2092 rerum?
1472 2035 1831 2106 Experientia
1861 2044 1946 2091 est

352 2148 467 2187 non
492 2130 642 2202 quod
669 2131 874 2201 aliquis
904 2129 1251 2201 ingrediatur
1279 2138 1336 2184 et
1369 2128 1694 2199 perspiciat,
1735 2128 1947 2197 aliqua-

352 2240 480 2280 rum
514 2238 704 2279 rerum
739 2222 990 2277 nondum
1025 2236 1317 2276 assumens
1348 2222 1406 2275 in
1452 2221 1590 2291 ipsis
1621 2220 1944 2275 earumdem

353 2317 704 2388 agnitionem
753 2314 811 2370 in
846 2330 905 2370 se
954 2314 1110 2385 ipso;
1142 2313 1239 2369 sed
1270 2313 1421 2383 quod
1452 2313 1696 2384 excipiat
1726 2313 1943 2369 illarum

353 2410 703 2482 experientia
736 2410 1035 2463 utilitatem
1073 2415 1129 2463 et
1160 2407 1426 2461 damnum
1451 2406 1698 2477 ipsarum
1744 2422 1944 2477 opera-

354 2502 549 2558 biliter
576 2518 677 2573 per
712 2518 923 2557 moram
957 2517 1124 2572 quam
1175 2501 1308 2556 fecit
1352 2500 1405 2555 in
1456 2500 1689 2555 eisdem.
1742 2500 1939 2567 Quem-

354 2596 659 2653 admodum
699 2595 925 2650 videtur
957 2593 1243 2648 multoties
1292 2608 1380 2648 res
1420 2593 1706 2658 damnum,
1736 2602 1793 2647 et
1823 2594 1946 2665 ejus

356 2690 586 2746 habitus
618 2688 901 2744 invenitur
941 2702 1155 2742 merces
1186 2686 1423 2741 utilitate
1458 2687 1668 2756 repleta
1695 2729 1711 2751 ,
1747 2687 1943 2740 eodem

355 2791 580 2847 quoque
602 2776 769 2831 modo
801 2775 1089 2831 intellectu
1119 2782 1175 2829 et
1208 2775 1265 2829 in
1312 2775 1633 2848 bujusmodi
1663 2776 1944 2830 contrario

353 2869 618 2925 videlicet
646 2868 861 2935 videre,
904 2868 1193 2924 multoties
1221 2884 1311 2925 res
1349 2869 1646 2923 utilitatem
1672 2869 1944 2924 habentes

352 2968 412 3017 et
439 2961 669 3018 habitus
714 2961 920 3017 damno
954 2964 1225 3033 repletur.
1271 2962 1427 3019 Unde
1459 2964 1652 3033 plures
1686 2962 1944 3017 homines

354 3070 425 3110 ex
476 3055 647 3111 rebus
681 3070 805 3126 quae
837 3054 1101 3110 videntur
1148 3054 1472 3121 lucrabiles,
1520 3055 1814 3109 inveniunt
1848 3053 1945 3108 da-

356 3163 573 3213 mnum,
593 3156 651 3204 et
683 3162 789 3204 nec
812 3162 879 3202 ex
901 3147 1037 3218 ipsis
1067 3147 1447 3202 testimonium
1478 3147 1725 3203 scientia:
1749 3162 1941 3202 verum

355 3241 596 3296 exsistit.
628 3240 727 3295 Illo
756 3255 887 3311 ergo
926 3240 1248 3294 consiliario
1281 3248 1459 3305 utere,
1491 3240 1587 3311 qui
1620 3240 1775 3293 novit
1809 3256 1942 3310 pro-
1971 3276 2015 3337 ο

357 3334 493 3390 bare
550 3335 608 3389 in
653 3333 921 3405 patientia
966 3349 1058 3389 res
1111 3333 1468 3389 discretionis
1505 3352 1519 3387 :
1563 3343 1793 3404 propter
1837 3333 1944 3387 hoc

357 3435 543 3481 autem
575 3442 691 3481 non
717 3436 803 3481 est
833 3426 1071 3497 quilibet
1093 3425 1198 3481 ﬁde
1227 3426 1427 3497 dignus
1450 3425 1515 3480 ad
1539 3426 1781 3480 dandum
1814 3441 1947 3480 con-

358 3519 571 3585 silium,
608 3518 716 3574 nisi
748 3519 843 3589 qui
895 3521 1051 3589 prius
1089 3518 1233 3574 bene
1280 3520 1619 3573 voluntatem
1662 3519 1945 3588 propriam

358 3610 779 3682 gubernaverit,
828 3618 885 3666 et
911 3618 1135 3667 actores
1165 3618 1222 3666 et
1254 3609 1601 3666 detractores
1627 3626 1741 3666 non
1768 3610 1946 3681 perti-

362 3711 592 3760 Inescet.

963 3852 1193 3912 CAPUT
1226 3854 1343 3911 XL.

362 3966 515 4035 Quod
538 3976 741 4039 quanto
772 3969 948 4041 magis
973 3971 1129 4024 homo
1163 3970 1359 4038 vigiliis
1390 3969 1618 4041 proﬁcit,
1647 3978 1798 4026 tanta
1825 3988 1947 4025 ma-

806 4037 949 4108 ξοίεε
983 4037 1300 4096 tentationes
1336 4037 1511 4097 habet».

430 4148 667 4218 Quando
695 4150 847 4207 enim
896 4153 1180 4209 inveneris
1214 4154 1274 4209 in
1315 4154 1407 4209 via
1443 4164 1537 4210 tua
1576 4170 1768 4227 pacem
1808 4156 1949 4211 inal-

366 4243 679 4309 terabilem,
707 4251 825 4298 tum
850 4244 1209 4316 pertimesce,
1232 4246 1360 4316 quia
1390 4248 1553 4318 longe
1588 4247 1759 4303 distat
1796 4259 1947 4304 recto

368 4334 588 4390 tramite
611 4334 708 4404 qui
736 4334 1031 4390 laboriosis
1054 4336 1291 4406 pedibus
1327 4346 1644 4392 sanctorum
1680 4338 1944 4395 calcatur.

364 4426 499 4481 Nam
530 4434 755 4497 quanto’
787 4426 1143 4498 progrederis
1185 4428 1241 4481 in
1267 4428 1358 4483 via
1405 4429 1649 4485 civitatis
1694 4430 1858 4497 regis,
1892 4439 1949 4485 et

366 4520 776 4590 apprOpinquas
807 4520 1059 4586 civitati,
1117 4520 1225 4574 hoc
1266 4520 1369 4575 tibi
1421 4520 1528 4576 sibi
1582 4521 1655 4577 sit
1701 4522 1944 4593 signum,

2046 2050 2365 2089 mensuram
2418 2044 2475 2090 et
2503 2035 2762 2105 spiritum
2798 2036 2988 2106 gratiae
3012 2076 3028 2095 .
3065 2037 3329 2106 quoniam
3357 2040 3372 2055 '
3403 2037 3639 2107 recipiat

2043 2127 2201 2198 prius
2234 2138 2289 2182 et
2322 2134 2563 2181 testatur
2600 2126 2667 2182 ad
2709 2127 2888 2197 ipsum
2924 2127 3159 2182 tentatio
3202 2129 3295 2183 Dei
3331 2148 3343 2183 :
3375 2130 3636 2185 similiter

2044 2231 2101 2276 et
2130 2221 2471 2277 tentationes
2492 2220 2893 2291 apostolorum.
2914 2220 3037 2275 Non
3055 2222 3201 2276 enim
3227 2223 3482 2293 permissi
3507 2232 3638 2279 sunt

2045 2314 2099 2369 in
2139 2314 2478 2369 tentationes
2505 2314 2737 2379 intrare,
2762 2329 3054 2384 quousque
3092 2314 3436 2370 Paracletum
3479 2331 3636 2373 rece-

2046 2416 2271 2479 perunt.
2326 2407 2461 2463 Nam
2484 2408 2579 2478 qui
2614 2407 3103 2463 communicabant
3145 2407 3341 2473 bonis,
3378 2410 3639 2465 convenit

2044 2516 2143 2555 eos
2188 2501 2471 2555 sustinere
2514 2500 2853 2555 tentationes
2887 2500 3177 2570 ipsorum;
3218 2502 3347 2571 quia
3383 2511 3510 2571 post
3538 2503 3639 2558 bo-

2044 2606 2177 2645 num
2203 2598 2289 2645 est
2327 2599 2382 2644 et
2420 2590 2709 2645 tribulatio
2730 2590 2873 2661 ejus.
2894 2590 2973 2645 Ita
2996 2590 3145 2645 enim
3168 2591 3379 2660 placuit
3398 2593 3637 2663 sapienti

2044 2683 2158 2737 Deo
2190 2682 2245 2736 in
2272 2682 2536 2737 omnibus
2562 2680 2746 2737 facere
2771 2698 2786 2747 ;
2815 2688 2871 2736 et
2903 2680 2959 2735 in
2987 2681 3093 2737 hoc
3126 2682 3230 2737 scit
3250 2684 3484 2754 gratiam
3514 2700 3639 2740 esse

2044 2774 2202 2845 prius
2233 2789 2397 2844 quam
2438 2774 2839 2841 tentationem;
2894 2782 3284 2831 verumtamen
3354 2778 3642 2847 prmcessi'.

2043 2864 2381 2921 sensualitas
2406 2865 2779 2920 tentationum
2810 2866 3228 2922 sensualitatem
3266 2870 3458 2938 gratiae
3500 2886 3637 2942 pro-

2043 2965 2168 3027 pter
2198 2956 2590 3026 probationem
2626 2954 2929 3011 libertatis.
2980 2956 3241 3027 Nunquid
3274 2960 3480 3014 etenim
3510 2977 3639 3033 pro-

2043 3050 2198 3105 venit
2233 3051 2286 3105 in
2317 3050 2505 3119 aliquo
2544 3050 2744 3121 gratia,
2780 3048 2937 3119 prius
2966 3065 3130 3120 quam
3158 3060 3340 3122 gustet
3372 3053 3639 3109 tentatio-

2044 3142 2209 3197 nem?
2226 3142 2489 3212 przecedit
2510 3142 2677 3197 etiam
2701 3141 2878 3213 gratia
2902 3149 3165 3205 mentem,
3193 3142 3247 3196 in
3276 3145 3637 3201 sensualitate

2044 3249 2180 3288 vero
2220 3233 2509 3288 retardat:
2546 3232 2696 3287 unde
2733 3232 2897 3287 decet
2929 3248 3032 3287 nos
3066 3232 3274 3289 habere
3305 3235 3360 3289 in
3399 3236 3486 3291 his
3512 3246 3637 3294 ten-

2047 3327 2319 3381 tationum
2354 3325 2697 3396 temporibus
2725 3325 2975 3395 quaedam
3022 3326 3135 3380 duo
3175 3330 3452 3384 contraria
3491 3330 3636 3386 invi-

2046 3432 2185 3483 cem,
2212 3417 2349 3473 etin
2386 3418 2544 3473 nullo
2573 3417 2797 3473 similia.
2838 3417 2965 3473 Haec
2999 3426 3187 3474 autem
3210 3428 3340 3475 sunt
3371 3422 3635 3492 gaudium

2044 3520 2103 3567 et
2164 3510 2352 3565 timor.
2405 3509 2679 3566 Gaudium
2713 3511 2937 3582 quidem
2964 3553 2980 3577 ,
3031 3511 3179 3582 quod
3229 3513 3287 3567 in
3318 3514 3407 3568 via
3438 3530 3636 3571 sumus

2046 3620 2210 3674 quam
2239 3604 2602 3658 calcaverunt
2628 3603 2843 3670 sancti;
2903 3604 3040 3674 quin
3071 3604 3184 3659 imo
3217 3605 3532 3662 viviﬁeator
3568 3609 3625 3663 in

2046 3712 2111 3750 ea
2157 3696 2420 3750 inventus
2449 3704 2536 3750 est
2575 3695 2862 3750 ambulare
2895 3713 2909 3749 :
2939 3704 2995 3749 et
3029 3695 3137 3750 hoc
3166 3704 3249 3751 est
3277 3699 3634 3755 manifestum

2048 3803 2117 3843 ex
2142 3787 2426 3858 agnitione
2451 3786 2843 3841 tentationum.
2879 3787 3160 3842 Timorem
3194 3803 3329 3843 vero
3365 3788 3638 3846 debemus

2046 3881 2278 3946 habere,
2344 3896 2416 3936 ne
2445 3880 2589 3936 forte
2619 3896 2688 3936 ex
2724 3894 2890 3936 causa
2920 3879 3194 3950 superbia:
3225 3888 3525 3938 tentemur.
3575 3884 3637 3941 In

2047 3974 2170 4030 istis
2203 3980 2391 4029 autem
2419 3972 2662 4029 humiles
2712 3972 3071 4028 instruuntur
3104 3990 3134 4029 a
3165 3976 3360 4045 gratia,
3418 3985 3480 4031 ut
3530 3976 3639 4034 hoc

1996 4058 1997 4061 “
2046 4066 2368 4122 discernere
2398 4065 2637 4138 possint,
2671 4074 2731 4121 et
2763 4066 2908 4123 scire
2939 4067 3073 4139 quid
3107 4068 3179 4123 sit
3230 4070 3468 4125 tentatio
3514 4086 3638 4140 qua:

2050 4158 2110 4214 ﬁt
2137 4174 2205 4215 ex
2231 4158 2417 4214 fructu
2456 4159 2758 4229 superbiae,
2823 4160 2990 4216 etiam
3038 4177 3163 4231 qua:
3199 4162 3271 4217 sit
3298 4162 3392 4218 illa
3429 4179 3551 4234 quae
3577 4163 3639 4219 ﬁt

2047 4266 2115 4306 ex
2141 4250 2317 4322 alapis
2343 4252 2401 4307 in
2433 4251 2543 4307 illis
2572 4250 3052 4322 quiverberantur
3076 4269 3146 4309 ex
3169 4254 3440 4312 charitate
3470 4275 3484 4311 :
3514 4257 3636 4313 dis-

2048 4354 2217 4399 cretae
2250 4351 2380 4398 sunt
2439 4343 2588 4398 enim
2632 4342 2700 4397 ab
2741 4342 2979 4399 invicem
3006 4346 3345 4401 tentationes
3365 4354 3487 4417 qua!
3506 4356 3639 4403 sunt

2049 4451 2081 4491 a
2111 4436 2404 4491 conamine
2450 4443 2506 4490 et
2560 4445 2858 4507 augmento
2909 4440 3350 4493 conversationis
3386 4439 3440 4494 in
3489 4441 3637 4496 bono

2050 4536 2108 4583 et
2142 4527 2541 4583 tentationibus
2572 4529 2981 4598 promissionis,
3017 4546 3140 4599 qua:
3178 4539 3307 4585 sunt
3340 4534 3538 4587 melius
3567 4533 3635 4587 ad

366 4612 635 4668 fortitudo
692 4612 1059 4667 tentationum
1115 4621 1374 4669 occurret
1426 4614 1569 4679 tibi;
1628 4624 1685 4669 et
1737 4623 1946 4685 quanto
1978 4620 2470 4691 Dcastigationem
2509 4621 2598 4677 vel
2638 4622 3009 4693 gustationem
3060 4633 3287 4694 propter
3318 4624 3635 4695 superbiam

366 4705 611 4774 proﬁcis,
639 4713 852 4760 tantum
896 4706 1234 4760 tentationes
1279 4706 1723 4776 multiplicantur
1752 4715 1947 4762 contra

368 4804 420 4851 te
446 4813 460 4851 :
483 4810 611 4850 cum
639 4805 825 4851 autem
849 4796 1201 4867 persenseris
1225 4796 1281 4850 in
1304 4796 1490 4851 anima
1514 4805 1605 4851 tua
1633 4798 1801 4852 alium
1827 4813 1949 4869 gra-

366 4889 495 4944 dum
529 4890 810 4944 excelsum
836 4928 852 4954 ,
896 4888 953 4941 in
992 4889 1214 4943 occulto
1264 4888 1450 4958 recipe
1474 4929 1488 4955 ,
1537 4897 1594 4943 et
1624 4888 1812 4944 addita
1862 4897 1950 4944 est

367 4981 544 5051 gratia
579 4982 633 5035 in
664 4988 810 5036 statu
845 4980 900 5034 in
929 4995 1041 5050 quo
1074 4980 1279 5034 stabat.
1312 4978 1449 5033 Nam
1490 4978 1795 5033 secundum
1834 4994 1946 5033 ma-

367 5074 715 5144 gnitudinem
745 5073 935 5144 gratiae
970 5081 1181 5128 tantum
1207 5073 1262 5126 in
1306 5072 1665 5127 tribulatione
1688 5072 1950 5126 tentatio-

366 5181 498 5220 num
528 5165 674 5220 Deus
704 5164 932 5219 adducit
956 5165 1217 5227 animam,
1253 5180 1363 5219 non
1396 5163 1454 5218 in
1492 5163 1789 5219 saeculares
1824 5172 1947 5218 ten-

368 5258 608 5313 tationes
634 5273 757 5328 qua:
785 5256 926 5312 ﬁunt
947 5258 1016 5311 ad
1042 5257 1435 5312 refrenandum
1466 5256 1732 5311 malitiam
1754 5273 1767 5322 ;
1787 5264 1948 5311 etres

368 5350 690 5406 manifestas
721 5366 904 5421 neque
930 5352 1253 5421 corporales
1282 5350 1629 5405 turbationes
1671 5349 1948 5420 intelligas

368 5459 466 5499 eas
499 5459 645 5511 esse,
673 5444 769 5500 sed
794 5444 1131 5501 tentationes
1159 5442 1555 5499 convenientes
1576 5442 1862 5498 monachis
1890 5443 1947 5498 in

370 5532 670 5590 solitudine
714 5549 813 5589 sua
841 5574 856 5599 ,
927 5550 1067 5605 quas
1117 5532 1470 5605 postmodum
1516 5532 1944 5604 distinguemus.

368 5621 524 5689 Quod
549 5625 596 5680 si
621 5626 804 5681 anima
822 5624 1205 5681 inﬁrmitatem
1226 5624 1414 5691 habet,
1434 5640 1538 5680 nec
1559 5633 1644 5681 est
1668 5624 1949 5682 sufﬁciens

367 5716 435 5771 ad
470 5732 697 5788 magnas
726 5718 1085 5783 tentationes,
1105 5717 1350 5787 postulet
1372 5732 1481 5771 non
1506 5716 1714 5772 intrare
1747 5716 1802 5771 in
1830 5733 1945 5787 eas,

366 5819 422 5864 et
445 5809 592 5864 Deus
624 5809 883 5866 exaudiet
904 5825 1047 5865 eam.
1077 5809 1230 5865 Scito
1257 5825 1387 5864 vere
1410 5851 1423 5876 ,
1467 5808 1617 5880 quod
1660 5809 1717 5864 in
1768 5826 1945 5880 quan-

369 5911 484 5957 tum
508 5900 850 5959 insuﬁieiens
875 5911 959 5958 est
989 5899 1055 5956 ad
1085 5914 1309 5971 magnas
1335 5897 1695 5965 tentationes,
1739 5897 1793 5953 in
1824 5907 1945 5955 tan-

2049 4711 2256 4768 cordis.

2644 4845 2872 4905 CAPUT
2902 4847 3039 4903 XLI.

2177 4958 2310 5025 Qua:
2337 4968 2461 5015 sunt
2486 4964 2802 5017 tentationes
2840 4964 3024 5034 quibus
3053 4966 3236 5020 anima
3273 4967 3503 5038 proﬁcit.

2124 5071 2484 5128 Tentationes
2523 5089 2645 5142 quae
2689 5074 2827 5129 ﬁunt
2860 5092 2891 5130 a
2925 5076 3078 5148 virga
3106 5077 3382 5147 spirituali
3408 5081 3474 5136 ad
3504 5099 3637 5154 pro-

2048 5162 2254 5218 fectum
2288 5172 2718 5236 etaugmentum
2742 5167 2958 5232 animaa,
2994 5168 3047 5223 in
3072 5169 3279 5239 quibus
3294 5176 3637 5231 exercitatur

2049 5257 2253 5319 anima,
2287 5268 2343 5313 et
2373 5259 2641 5329 probatur
2666 5269 2832 5330 atque
2856 5262 3177 5329 mundatur,
3213 5276 3346 5321 sunt
3376 5268 3515 5324 istae.
3549 5271 3638 5325 Pi-

2049 5350 2235 5421 gritia,
2264 5351 2508 5422 gravitas
2529 5353 2801 5423 corporis,
2832 5355 3046 5410 luxatio
3068 5358 3472 5426 membrorum,
3504 5377 3636 5417 ace-

2050 5439 2164 5503 dia,
2199 5440 2451 5495 confusio
2476 5442 2701 5507 mentis,
2729 5443 2950 5499 dolores
2985 5447 3257 5515 corporis,
3280 5451 3490 5506 excisio
3520 5453 3634 5522 spei

2048 5532 2119 5587 ad
2147 5532 2363 5599 horam,
2396 5533 2784 5591 obtenebratio
2806 5537 3228 5608 cogitationum,
3250 5541 3502 5598 defectus
3525 5544 3633 5598 hu-

2050 5624 2201 5679 mani
2239 5626 2426 5681 auxilii
2465 5626 2533 5682 ad
2568 5626 2786 5698 horam,
2817 5639 3034 5702 egestas
3061 5634 3365 5704 corporalis
3393 5651 3546 5703 usus,
3578 5648 3636 5692 et

2049 5717 2137 5773 his
2167 5718 2389 5777 similia.

2121 5810 2199 5865 Ex
2236 5811 2321 5866 his
2372 5813 2772 5870 tentationibus
2802 5815 3043 5887 acquirit
3074 5818 3242 5873 homo
3271 5817 3506 5873 animam
3540 5833 3632 5873 so-

2050 5901 2313 5971 litariam,
2338 5913 2393 5960 et
2412 5905 2495 5960 sui
2514 5908 2941 5976 protectiouem,
2959 5920 3015 5966 et
3043 5910 3436 5978 humilitatem,
3454 5920 3507 5965 et
3536 5925 3622 5966 cor
