  <div class='ocr_page' id='page_1' title='image "/cluster/home/n/w/nwhite01/storage/ocr_20150623/86:1/hvd.32044019208909/443.png"; bbox 0 0 4112 6568; ppageno 0'>
   <div class='ocr_carea' id='block_1_1' title="bbox 471 409 570 474">
    <p class='ocr_par' dir='ltr' id='par_1_1' title="bbox 471 409 570 474">
     <span class='ocr_line' id='line_1_1' title="bbox 471 409 570 474; baseline 0 0"><span class='ocrx_word' id='word_1_1' title='bbox 471 409 570 474; x_wconf 83' lang='lat'><strong>871</strong></span> 
     </span>
    </p>
   </div>
   <div class='ocr_carea' id='block_1_2' title="bbox 471 602 2052 675">
    <p class='ocr_par' dir='ltr' id='par_1_2' title="bbox 471 602 2052 675">
     <span class='ocr_line' id='line_1_2' title="bbox 471 602 2052 675; baseline -0.009 -5"><span class='ocrx_word' id='word_1_2' title='bbox 471 614 691 670; x_wconf 90' lang='lat' dir='ltr'><strong>derium</strong></span> <span class='ocrx_word' id='word_1_3' title='bbox 726 611 1030 668; x_wconf 82' lang='lat' dir='ltr'><strong>Creatoris.</strong></span> <span class='ocrx_word' id='word_1_4' title='bbox 1071 610 1197 666; x_wconf 80' lang='lat' dir='ltr'><strong>Haec</strong></span> <span class='ocrx_word' id='word_1_5' title='bbox 1229 615 1415 664; x_wconf 90' lang='lat' dir='ltr'><strong>autem</strong></span> <span class='ocrx_word' id='word_1_6' title='bbox 1453 605 1802 675; x_wconf 74' lang='lat' dir='ltr'><strong>dispensator</strong></span> <span class='ocrx_word' id='word_1_7' title='bbox 1829 602 2052 660; x_wconf 79' lang='lat' dir='ltr'><strong>ordinat</strong></span> 
     </span>
    </p>
   </div>
   <div class='ocr_carea' id='block_1_3' title="bbox 467 691 2051 775">
    <p class='ocr_par' dir='ltr' id='par_1_3' title="bbox 467 691 2051 775">
     <span class='ocr_line' id='line_1_3' title="bbox 467 691 2051 775; baseline -0.009 -17"><span class='ocrx_word' id='word_1_8' title='bbox 467 704 624 775; x_wconf 80' lang='lat' dir='ltr'><strong>juxta</strong></span> <span class='ocrx_word' id='word_1_9' title='bbox 653 701 1083 774; x_wconf 84' lang='lat' dir='ltr'><strong>possibilitatem</strong></span> <span class='ocrx_word' id='word_1_10' title='bbox 1118 709 1176 754; x_wconf 89' lang='lat' dir='ltr'><strong>et</strong></span> <span class='ocrx_word' id='word_1_11' title='bbox 1212 700 1369 770; x_wconf 83' lang='lat' dir='ltr'><strong>juxta</strong></span> <span class='ocrx_word' id='word_1_12' title='bbox 1401 693 1786 750; x_wconf 83' lang='lat' dir='ltr'><strong>necessitatem</strong></span> <span class='ocrx_word' id='word_1_13' title='bbox 1827 691 2051 761; x_wconf 84' lang='lat' dir='ltr'><strong>sapien-</strong></span> 
     </span>
    </p>
   </div>
   <div class='ocr_carea' id='block_1_4' title="bbox 473 781 2052 860">
    <p class='ocr_par' dir='ltr' id='par_1_4' title="bbox 473 781 2052 860">
     <span class='ocr_line' id='line_1_4' title="bbox 473 781 2052 860; baseline -0.009 -10"><span class='ocrx_word' id='word_1_14' title='bbox 473 796 612 850; x_wconf 87' lang='lat' dir='ltr'><strong>tium</strong></span> <span class='ocrx_word' id='word_1_15' title='bbox 646 808 733 850; x_wconf 88' lang='lat' dir='ltr'><strong>ea.</strong></span> <span class='ocrx_word' id='word_1_16' title='bbox 767 793 864 848; x_wconf 83' lang='lat' dir='ltr'><strong>His</strong></span> <span class='ocrx_word' id='word_1_17' title='bbox 893 795 1383 860; x_wconf 86' lang='lat' dir='ltr'><strong>contemperantur</strong></span> <span class='ocrx_word' id='word_1_18' title='bbox 1412 784 1741 844; x_wconf 89' lang='lat' dir='ltr'><strong>consolatio.</strong></span> <span class='ocrx_word' id='word_1_19' title='bbox 1771 790 1828 838; x_wconf 91' lang='lat' dir='ltr'><strong>et</strong></span> <span class='ocrx_word' id='word_1_20' title='bbox 1852 781 2052 837; x_wconf 90' lang='lat' dir='ltr'><strong>adver-</strong></span> 
     </span>
    </p>
   </div>
   <div class='ocr_carea' id='block_1_5' title="bbox 473 874 2054 951">
    <p class='ocr_par' dir='ltr' id='par_1_5' title="bbox 473 874 2054 951">
     <span class='ocr_line' id='line_1_5' title="bbox 473 874 2054 951; baseline -0.01 -8"><span class='ocrx_word' id='word_1_21' title='bbox 473 885 654 943; x_wconf 91' lang='lat' dir='ltr'><strong>sitatis</strong></span> <span class='ocrx_word' id='word_1_22' title='bbox 683 885 798 951; x_wconf 87' lang='lat' dir='ltr'><strong>lux,</strong></span> <span class='ocrx_word' id='word_1_23' title='bbox 847 893 903 939; x_wconf 90' lang='lat' dir='ltr'><strong>et</strong></span> <span class='ocrx_word' id='word_1_24' title='bbox 944 882 1206 945; x_wconf 71' lang='lat' dir='ltr'><strong>tenebrze,</strong></span> <span class='ocrx_word' id='word_1_25' title='bbox 1238 877 1431 950; x_wconf 62' lang='lat' dir='ltr'><strong>praelia</strong></span> <span class='ocrx_word' id='word_1_26' title='bbox 1457 885 1514 933; x_wconf 93' lang='lat' dir='ltr'><strong>et</strong></span> <span class='ocrx_word' id='word_1_27' title='bbox 1545 874 1908 931; x_wconf 88' lang='lat' dir='ltr'><strong>adversiones</strong></span> <span class='ocrx_word' id='word_1_28' title='bbox 1942 889 1956 927; x_wconf 89' lang='lat'><strong>:</strong></span> <span class='ocrx_word' id='word_1_29' title='bbox 1994 879 2054 928; x_wconf 88' lang='lat' dir='ltr'><strong>et</strong></span> 
     </span>
    </p>
   </div>
   <div class='ocr_carea' id='block_1_6' title="bbox 473 962 2052 1044">
    <p class='ocr_par' dir='ltr' id='par_1_6' title="bbox 473 962 2052 1044">
     <span class='ocr_line' id='line_1_6' title="bbox 473 962 2052 1044; baseline -0.01 -12"><span class='ocrx_word' id='word_1_30' title='bbox 473 976 721 1032; x_wconf 84' lang='lat' dir='ltr'><strong>breviter</strong></span> <span class='ocrx_word' id='word_1_31' title='bbox 734 975 942 1039; x_wconf 87' lang='lat' dir='ltr'><strong>dicere,</strong></span> <span class='ocrx_word' id='word_1_32' title='bbox 965 970 1383 1044; x_wconf 74' lang='lat' dir='ltr'><strong>angustanthoc</strong></span> <span class='ocrx_word' id='word_1_33' title='bbox 1413 977 1580 1039; x_wconf 89' lang='lat' dir='ltr'><strong>atque</strong></span> <span class='ocrx_word' id='word_1_34' title='bbox 1599 966 1816 1030; x_wconf 86' lang='lat' dir='ltr'><strong>hoe,est</strong></span> <span class='ocrx_word' id='word_1_35' title='bbox 1831 962 2052 1034; x_wconf 86' lang='lat' dir='ltr'><strong>signum</strong></span> 
     </span>
    </p>
   </div>
   <div class='ocr_carea' id='block_1_7' title="bbox 475 1055 2053 1140">
    <p class='ocr_par' dir='ltr' id='par_1_7' title="bbox 475 1055 2053 1140">
     <span class='ocr_line' id='line_1_7' title="bbox 475 1055 2053 1140; baseline -0.01 -16"><span class='ocrx_word' id='word_1_36' title='bbox 475 1069 588 1140; x_wconf 72' lang='grc'><strong>28</strong></span> <span class='ocrx_word' id='word_1_37' title='bbox 617 1066 899 1139; x_wconf 90' lang='lat' dir='ltr'><strong>profectus</strong></span> <span class='ocrx_word' id='word_1_38' title='bbox 932 1063 1176 1121; x_wconf 82' lang='lat' dir='ltr'><strong>hominis</strong></span> <span class='ocrx_word' id='word_1_39' title='bbox 1224 1077 1326 1133; x_wconf 93' lang='lat' dir='ltr'><strong>per</strong></span> <span class='ocrx_word' id='word_1_40' title='bbox 1353 1059 1646 1116; x_wconf 81' lang='lat' dir='ltr'><strong>auxilium.</strong></span> <span class='ocrx_word' id='word_1_41' title='bbox 1691 1055 2053 1112; x_wconf 88' lang='lat' dir='ltr'><strong>Tentationes</strong></span> 
     </span>
    </p>
   </div>
   <div class='ocr_carea' id='block_1_8' title="bbox 477 1146 2052 1230">
    <p class='ocr_par' dir='ltr' id='par_1_8' title="bbox 477 1146 2052 1230">
     <span class='ocr_line' id='line_1_8' title="bbox 477 1146 2052 1230; baseline -0.01 -16"><span class='ocrx_word' id='word_1_42' title='bbox 477 1159 666 1230; x_wconf 88' lang='lat' dir='ltr'><strong>itaque</strong></span> <span class='ocrx_word' id='word_1_43' title='bbox 693 1172 818 1228; x_wconf 85' lang='lat' dir='ltr'><strong>quae</strong></span> <span class='ocrx_word' id='word_1_44' title='bbox 847 1157 985 1211; x_wconf 88' lang='lat' dir='ltr'><strong>fiunt</strong></span> <span class='ocrx_word' id='word_1_45' title='bbox 1015 1169 1046 1210; x_wconf 93' lang='lat' dir='ltr'><strong>a</strong></span> <span class='ocrx_word' id='word_1_46' title='bbox 1091 1152 1459 1225; x_wconf 83' lang='lat' dir='ltr'><strong>promissione</strong></span> <span class='ocrx_word' id='word_1_47' title='bbox 1486 1149 1582 1205; x_wconf 90' lang='lat' dir='ltr'><strong>Dei</strong></span> <span class='ocrx_word' id='word_1_48' title='bbox 1614 1160 1810 1204; x_wconf 89' lang='lat' dir='ltr'><strong>contra</strong></span> <span class='ocrx_word' id='word_1_49' title='bbox 1841 1146 2052 1215; x_wconf 87' lang='lat' dir='ltr'><strong>impru-</strong></span> 
     </span>
    </p>
   </div>
   <div class='ocr_carea' id='block_1_9' title="bbox 477 1239 2054 1316">
    <p class='ocr_par' dir='ltr' id='par_1_9' title="bbox 477 1239 2054 1316">
     <span class='ocr_line' id='line_1_9' title="bbox 477 1239 2054 1316; baseline -0.01 -8"><span class='ocrx_word' id='word_1_50' title='bbox 477 1253 698 1316; x_wconf 83' lang='lat' dir='ltr'><strong>dentes,</strong></span> <span class='ocrx_word' id='word_1_51' title='bbox 732 1259 789 1305; x_wconf 91' lang='lat' dir='ltr'><strong>et</strong></span> <span class='ocrx_word' id='word_1_52' title='bbox 817 1249 1148 1305; x_wconf 83' lang='lat' dir='ltr'><strong>extollentes</strong></span> <span class='ocrx_word' id='word_1_53' title='bbox 1191 1262 1251 1303; x_wconf 91' lang='lat' dir='ltr'><strong>se</strong></span> <span class='ocrx_word' id='word_1_54' title='bbox 1300 1245 1357 1300; x_wconf 93' lang='lat' dir='ltr'><strong>in</strong></span> <span class='ocrx_word' id='word_1_55' title='bbox 1405 1242 1688 1299; x_wconf 88' lang='lat' dir='ltr'><strong>mentibus</strong></span> <span class='ocrx_word' id='word_1_56' title='bbox 1721 1239 1839 1296; x_wconf 86' lang='lat' dir='ltr'><strong>suis</strong></span> <span class='ocrx_word' id='word_1_57' title='bbox 1867 1253 2054 1294; x_wconf 89' lang='lat' dir='ltr'><strong>coram</strong></span> 
     </span>
    </p>
   </div>
   <div class='ocr_carea' id='block_1_10' title="bbox 476 1330 2056 1408">
    <p class='ocr_par' dir='ltr' id='par_1_10' title="bbox 476 1330 2056 1408">
     <span class='ocr_line' id='line_1_10' title="bbox 476 1330 2056 1408; baseline -0.009 -11"><span class='ocrx_word' id='word_1_58' title='bbox 476 1341 728 1397; x_wconf 87' lang='lat' dir='ltr'><strong>bonitate</strong></span> <span class='ocrx_word' id='word_1_59' title='bbox 744 1340 842 1395; x_wconf 93' lang='lat' dir='ltr'><strong>Dei</strong></span> <span class='ocrx_word' id='word_1_60' title='bbox 871 1340 929 1394; x_wconf 92' lang='lat' dir='ltr'><strong>in</strong></span> <span class='ocrx_word' id='word_1_61' title='bbox 963 1336 1223 1408; x_wconf 85' lang='lat' dir='ltr'><strong>superbia</strong></span> <span class='ocrx_word' id='word_1_62' title='bbox 1253 1351 1351 1391; x_wconf 92' lang='lat' dir='ltr'><strong>sua</strong></span> <span class='ocrx_word' id='word_1_63' title='bbox 1378 1351 1393 1388; x_wconf 89' lang='lat'><strong>:</strong></span> <span class='ocrx_word' id='word_1_64' title='bbox 1416 1341 1546 1390; x_wconf 88' lang='lat' dir='ltr'><strong>sunt</strong></span> <span class='ocrx_word' id='word_1_65' title='bbox 1576 1332 1694 1388; x_wconf 68' lang='lat' dir='ltr'><strong>istae</strong></span> <span class='ocrx_word' id='word_1_66' title='bbox 1721 1330 2056 1386; x_wconf 88' lang='lat' dir='ltr'><strong>tentationes</strong></span> 
     </span>
    </p>
   </div>
   <div class='ocr_carea' id='block_1_11' title="bbox 477 1421 2056 1498">
    <p class='ocr_par' dir='ltr' id='par_1_11' title="bbox 477 1421 2056 1498">
     <span class='ocr_line' id='line_1_11' title="bbox 477 1421 2056 1498; baseline -0.008 -11"><span class='ocrx_word' id='word_1_67' title='bbox 477 1431 791 1488; x_wconf 79' lang='lat' dir='ltr'><strong>daemonum</strong></span> <span class='ocrx_word' id='word_1_68' title='bbox 836 1430 1162 1496; x_wconf 70' lang='lat' dir='ltr'><strong>manifestae,</strong></span> <span class='ocrx_word' id='word_1_69' title='bbox 1193 1442 1316 1498; x_wconf 87' lang='lat' dir='ltr'><strong>quae</strong></span> <span class='ocrx_word' id='word_1_70' title='bbox 1371 1435 1502 1482; x_wconf 91' lang='lat' dir='ltr'><strong>sunt</strong></span> <span class='ocrx_word' id='word_1_71' title='bbox 1545 1438 1715 1495; x_wconf 88' lang='lat' dir='ltr'><strong>supra</strong></span> <span class='ocrx_word' id='word_1_72' title='bbox 1749 1421 2056 1494; x_wconf 80' lang='lat' dir='ltr'><strong>potentiam</strong></span> 
     </span>
    </p>
   </div>
   <div class='ocr_carea' id='block_1_12' title="bbox 477 1511 2053 1588">
    <p class='ocr_par' dir='ltr' id='par_1_12' title="bbox 477 1511 2053 1588">
     <span class='ocr_line' id='line_1_12' title="bbox 477 1511 2053 1588; baseline -0.007 -9"><span class='ocrx_word' id='word_1_73' title='bbox 477 1523 698 1588; x_wconf 84' lang='lat' dir='ltr'><strong>animae,</strong></span> <span class='ocrx_word' id='word_1_74' title='bbox 728 1521 980 1578; x_wconf 90' lang='lat' dir='ltr'><strong>defectus</strong></span> <span class='ocrx_word' id='word_1_75' title='bbox 1011 1520 1278 1574; x_wconf 88' lang='lat' dir='ltr'><strong>virtutum</strong></span> <span class='ocrx_word' id='word_1_76' title='bbox 1308 1516 1612 1587; x_wconf 65' lang='lat' dir='ltr'><strong>sapientia,</strong></span> <span class='ocrx_word' id='word_1_77' title='bbox 1648 1529 1773 1586; x_wconf 72' lang='lat' dir='ltr'><strong>qua:</strong></span> <span class='ocrx_word' id='word_1_78' title='bbox 1817 1521 1949 1569; x_wconf 87' lang='lat' dir='ltr'><strong>sunt</strong></span> <span class='ocrx_word' id='word_1_79' title='bbox 1995 1511 2053 1568; x_wconf 94' lang='lat' dir='ltr'><strong>in</strong></span> 
     </span>
    </p>
   </div>
   <div class='ocr_carea' id='block_1_13' title="bbox 476 1607 2058 1678">
    <p class='ocr_par' dir='ltr' id='par_1_13' title="bbox 476 1607 2058 1678">
     <span class='ocr_line' id='line_1_13' title="bbox 476 1607 2058 1678; baseline -0.005 -8"><span class='ocrx_word' id='word_1_80' title='bbox 476 1615 565 1670; x_wconf 87' lang='lat' dir='ltr'><strong>eis</strong></span> <span class='ocrx_word' id='word_1_81' title='bbox 597 1613 930 1670; x_wconf 88' lang='lat' dir='ltr'><strong>sensualitas</strong></span> <span class='ocrx_word' id='word_1_82' title='bbox 971 1621 1133 1667; x_wconf 89' lang='lat' dir='ltr'><strong>acuta</strong></span> <span class='ocrx_word' id='word_1_83' title='bbox 1168 1608 1493 1665; x_wconf 89' lang='lat' dir='ltr'><strong>intentionis</strong></span> <span class='ocrx_word' id='word_1_84' title='bbox 1535 1607 1847 1664; x_wconf 88' lang='lat' dir='ltr'><strong>fornicandi</strong></span> <span class='ocrx_word' id='word_1_85' title='bbox 1879 1647 1895 1673; x_wconf 95' lang='lat'><strong>,</strong></span> <span class='ocrx_word' id='word_1_86' title='bbox 1935 1623 2058 1678; x_wconf 62' lang='lat' dir='ltr'><strong>quae</strong></span> 
     </span>
    </p>
   </div>
   <div class='ocr_carea' id='block_1_14' title="bbox 478 1699 2062 1777">
    <p class='ocr_par' dir='ltr' id='par_1_14' title="bbox 478 1699 2062 1777">
     <span class='ocr_line' id='line_1_14' title="bbox 478 1699 2062 1777; baseline -0.004 -17"><span class='ocrx_word' id='word_1_87' title='bbox 478 1704 822 1777; x_wconf 89' lang='lat' dir='ltr'><strong>permittitur</strong></span> <span class='ocrx_word' id='word_1_88' title='bbox 844 1712 1035 1759; x_wconf 90' lang='lat' dir='ltr'><strong>contra</strong></span> <span class='ocrx_word' id='word_1_89' title='bbox 1064 1717 1162 1758; x_wconf 91' lang='lat' dir='ltr'><strong>eos</strong></span> <span class='ocrx_word' id='word_1_90' title='bbox 1193 1701 1263 1756; x_wconf 93' lang='lat' dir='ltr'><strong>ad</strong></span> <span class='ocrx_word' id='word_1_91' title='bbox 1291 1699 1660 1755; x_wconf 85' lang='lat' dir='ltr'><strong>humilitatem</strong></span> <span class='ocrx_word' id='word_1_92' title='bbox 1683 1699 1942 1755; x_wconf 86' lang='lat' dir='ltr'><strong>elationis</strong></span> <span class='ocrx_word' id='word_1_93' title='bbox 1963 1713 2062 1753; x_wconf 89' lang='lat' dir='ltr'><strong>eo-</strong></span> 
     </span>
    </p>
   </div>
   <div class='ocr_carea' id='block_1_15' title="bbox 478 1793 2054 1868">
    <p class='ocr_par' dir='ltr' id='par_1_15' title="bbox 478 1793 2054 1868">
     <span class='ocr_line' id='line_1_15' title="bbox 478 1793 2054 1868; baseline -0.005 -16"><span class='ocrx_word' id='word_1_94' title='bbox 478 1812 604 1853; x_wconf 89' lang='lat' dir='ltr'><strong>rum</strong></span> <span class='ocrx_word' id='word_1_95' title='bbox 635 1813 650 1852; x_wconf 87' lang='lat'><strong>:</strong></span> <span class='ocrx_word' id='word_1_96' title='bbox 683 1796 957 1868; x_wconf 90' lang='lat' dir='ltr'><strong>indignari</strong></span> <span class='ocrx_word' id='word_1_97' title='bbox 989 1796 1120 1860; x_wconf 93' lang='lat' dir='ltr'><strong>cito,</strong></span> <span class='ocrx_word' id='word_1_98' title='bbox 1155 1793 1297 1850; x_wconf 86' lang='lat' dir='ltr'><strong>velle</strong></span> <span class='ocrx_word' id='word_1_99' title='bbox 1327 1801 1570 1849; x_wconf 89' lang='lat' dir='ltr'><strong>statuere</strong></span> <span class='ocrx_word' id='word_1_100' title='bbox 1599 1800 1656 1847; x_wconf 91' lang='lat' dir='ltr'><strong>et</strong></span> <span class='ocrx_word' id='word_1_101' title='bbox 1675 1799 2054 1857; x_wconf 86' lang='lat' dir='ltr'><strong>contemnere,</strong></span> 
     </span>
    </p>
   </div>
   <div class='ocr_carea' id='block_1_16' title="bbox 1833 405 2392 468">
    <p class='ocr_par' dir='ltr' id='par_1_16' title="bbox 1833 405 2392 468">
     <span class='ocr_line' id='line_1_16' title="bbox 1833 405 2392 468; baseline -0.004 -2"><span class='ocrx_word' id='word_1_102' title='bbox 1833 405 1896 467; x_wconf 92' lang='lat' dir='ltr'><strong>S.</strong></span> <span class='ocrx_word' id='word_1_103' title='bbox 1932 405 2179 468; x_wconf 84' lang='lat' dir='ltr'><strong>ISAACI</strong></span> <span class='ocrx_word' id='word_1_104' title='bbox 2218 405 2392 468; x_wconf 82' lang='lat' dir='ltr'><strong>SYRI</strong></span> 
     </span>
    </p>
   </div>
   <div class='ocr_carea' id='block_1_17' title="bbox 472 510 2125 590">
    <p class='ocr_par' dir='ltr' id='par_1_17' title="bbox 472 510 2125 590">
     <span class='ocr_line' id='line_1_17' title="bbox 472 510 2125 590; baseline -0.008 -10"><span class='ocrx_word' id='word_1_105' title='bbox 472 521 773 580; x_wconf 83' lang='lat' dir='ltr'><strong>contritum</strong></span> <span class='ocrx_word' id='word_1_106' title='bbox 803 538 818 576; x_wconf 87' lang='lat'><strong>:</strong></span> <span class='ocrx_word' id='word_1_107' title='bbox 844 529 902 577; x_wconf 93' lang='lat' dir='ltr'><strong>et</strong></span> <span class='ocrx_word' id='word_1_108' title='bbox 929 535 997 576; x_wconf 90' lang='lat' dir='ltr'><strong>ex</strong></span> <span class='ocrx_word' id='word_1_109' title='bbox 1025 518 1114 575; x_wconf 91' lang='lat' dir='ltr'><strong>his</strong></span> <span class='ocrx_word' id='word_1_110' title='bbox 1146 517 1418 590; x_wconf 88' lang='lat' dir='ltr'><strong>probatur</strong></span> <span class='ocrx_word' id='word_1_111' title='bbox 1451 511 1581 586; x_wconf 88' lang='lat' dir='ltr'><strong>quis</strong></span> <span class='ocrx_word' id='word_1_112' title='bbox 1602 510 1791 570; x_wconf 83' lang='lat' dir='ltr'><strong>veniat</strong></span> <span class='ocrx_word' id='word_1_113' title='bbox 1809 511 1880 568; x_wconf 91' lang='lat' dir='ltr'><strong>ad</strong></span> <span class='ocrx_word' id='word_1_114' title='bbox 1904 511 2052 568; x_wconf 87' lang='lat' dir='ltr'><strong>desi-</strong></span> <span class='ocrx_word' id='word_1_115' title='bbox 2078 521 2125 578; x_wconf 78' lang='grc' dir='ltr'>Α</span> 
     </span>
    </p>
   </div>
   <div class='ocr_carea' id='block_1_18' title="bbox 3621 398 3738 464">
    <p class='ocr_par' dir='ltr' id='par_1_18' title="bbox 3621 398 3738 464">
     <span class='ocr_line' id='line_1_18' title="bbox 3621 398 3738 464; baseline -0.017 1"><span class='ocrx_word' id='word_1_116' title='bbox 3621 398 3738 464; x_wconf 75' lang='lat'><strong>872</strong></span> 
     </span>
    </p>
   </div>
   <div class='ocr_carea' id='block_1_19' title="bbox 2713 507 3154 567">
    <p class='ocr_par' dir='ltr' id='par_1_19' title="bbox 2713 507 3154 567">
     <span class='ocr_line' id='line_1_19' title="bbox 2713 507 3154 567; baseline -0.005 -1"><span class='ocrx_word' id='word_1_117' title='bbox 2713 507 2940 567; x_wconf 81' lang='lat' dir='ltr'><strong>CAPUT</strong></span> <span class='ocrx_word' id='word_1_118' title='bbox 2967 507 3154 564; x_wconf 82' lang='lat' dir='ltr'><strong>XLI&quot;.</strong></span> 
     </span>
    </p>
   </div>
   <div class='ocr_carea' id='block_1_20' title="bbox 2675 600 3248 673">
    <p class='ocr_par' dir='ltr' id='par_1_20' title="bbox 2675 600 3248 673">
     <span class='ocr_line' id='line_1_20' title="bbox 2675 600 3248 673; baseline -0.002 -18"><span class='ocrx_word' id='word_1_119' title='bbox 2675 600 2754 655; x_wconf 86' lang='lat' dir='ltr'><strong>De</strong></span> <span class='ocrx_word' id='word_1_120' title='bbox 2779 600 3248 673; x_wconf 80' lang='lat' dir='ltr'><strong>pusillanimitate.</strong></span> 
     </span>
    </p>
   </div>
   <div class='ocr_carea' id='block_1_21' title="bbox 2221 691 3741 764">
    <p class='ocr_par' dir='ltr' id='par_1_21' title="bbox 2221 691 3741 764">
     <span class='ocr_line' id='line_1_21' title="bbox 2221 691 3741 764; baseline -0.003 -15"><span class='ocrx_word' id='word_1_121' title='bbox 2221 691 2454 761; x_wconf 88' lang='lat' dir='ltr'><strong>Quando</strong></span> <span class='ocrx_word' id='word_1_122' title='bbox 2507 692 2632 749; x_wconf 87' lang='lat' dir='ltr'><strong>vult</strong></span> <span class='ocrx_word' id='word_1_123' title='bbox 2683 692 2832 748; x_wconf 88' lang='lat' dir='ltr'><strong>Deus</strong></span> <span class='ocrx_word' id='word_1_124' title='bbox 2877 692 3218 764; x_wconf 89' lang='lat' dir='ltr'><strong>peramplius</strong></span> <span class='ocrx_word' id='word_1_125' title='bbox 3267 691 3559 757; x_wconf 88' lang='lat' dir='ltr'><strong>tribulari.</strong></span> <span class='ocrx_word' id='word_1_126' title='bbox 3596 707 3741 764; x_wconf 80' lang='lat' dir='ltr'><strong>pro-</strong></span> 
     </span>
    </p>
   </div>
   <div class='ocr_carea' id='block_1_22' title="bbox 2151 785 3744 857">
    <p class='ocr_par' dir='ltr' id='par_1_22' title="bbox 2151 785 3744 857">
     <span class='ocr_line' id='line_1_22' title="bbox 2151 785 3744 857; baseline 0.003 -16"><span class='ocrx_word' id='word_1_127' title='bbox 2151 785 2325 843; x_wconf 91' lang='lat' dir='ltr'><strong>mittit</strong></span> <span class='ocrx_word' id='word_1_128' title='bbox 2347 786 2517 843; x_wconf 89' lang='lat' dir='ltr'><strong>etiam</strong></span> <span class='ocrx_word' id='word_1_129' title='bbox 2545 785 2737 842; x_wconf 91' lang='lat' dir='ltr'><strong>venire</strong></span> <span class='ocrx_word' id='word_1_130' title='bbox 2767 785 2836 842; x_wconf 92' lang='lat' dir='ltr'><strong>ad</strong></span> <span class='ocrx_word' id='word_1_131' title='bbox 2864 802 3062 842; x_wconf 88' lang='lat' dir='ltr'><strong>manus</strong></span> <span class='ocrx_word' id='word_1_132' title='bbox 3087 785 3579 857; x_wconf 86' lang='lat' dir='ltr'><strong>pusillanimitatis.</strong></span> <span class='ocrx_word' id='word_1_133' title='bbox 3605 787 3744 846; x_wconf 62' lang='lat' dir='ltr'><strong>Hac</strong></span> 
     </span>
    </p>
   </div>
   <div class='ocr_carea' id='block_1_23' title="bbox 2155 874 3743 948">
    <p class='ocr_par' dir='ltr' id='par_1_23' title="bbox 2155 874 3743 948">
     <span class='ocr_line' id='line_1_23' title="bbox 2155 874 3743 948; baseline 0.001 -18"><span class='ocrx_word' id='word_1_134' title='bbox 2155 884 2341 932; x_wconf 90' lang='lat' dir='ltr'><strong>autem</strong></span> <span class='ocrx_word' id='word_1_135' title='bbox 2376 883 2536 946; x_wconf 90' lang='lat' dir='ltr'><strong>parat</strong></span> <span class='ocrx_word' id='word_1_136' title='bbox 2573 876 2631 932; x_wconf 89' lang='lat' dir='ltr'><strong>in</strong></span> <span class='ocrx_word' id='word_1_137' title='bbox 2653 891 2721 932; x_wconf 92' lang='lat' dir='ltr'><strong>eo</strong></span> <span class='ocrx_word' id='word_1_138' title='bbox 2751 875 3056 947; x_wconf 88' lang='lat' dir='ltr'><strong>potentiam</strong></span> <span class='ocrx_word' id='word_1_139' title='bbox 3083 874 3311 942; x_wconf 69' lang='lat' dir='ltr'><strong>acediaa,</strong></span> <span class='ocrx_word' id='word_1_140' title='bbox 3333 876 3391 931; x_wconf 90' lang='lat' dir='ltr'><strong>in</strong></span> <span class='ocrx_word' id='word_1_141' title='bbox 3419 892 3532 948; x_wconf 87' lang='lat' dir='ltr'><strong>qua</strong></span> <span class='ocrx_word' id='word_1_142' title='bbox 3552 884 3743 948; x_wconf 89' lang='lat' dir='ltr'><strong>gustat</strong></span> 
     </span>
    </p>
   </div>
   <div class='ocr_carea' id='block_1_24' title="bbox 2154 966 3745 1039">
    <p class='ocr_par' dir='ltr' id='par_1_24' title="bbox 2154 966 3745 1039">
     <span class='ocr_line' id='line_1_24' title="bbox 2154 966 3745 1039; baseline 0.001 -17"><span class='ocrx_word' id='word_1_143' title='bbox 2154 966 2574 1024; x_wconf 80' lang='lat' dir='ltr'><strong>suﬂ‘ocationem</strong></span> <span class='ocrx_word' id='word_1_144' title='bbox 2599 967 2818 1036; x_wconf 59' lang='lat' dir='ltr'><strong>anima},</strong></span> <span class='ocrx_word' id='word_1_145' title='bbox 2840 982 2964 1038; x_wconf 64' lang='lat' dir='ltr'><strong>quae</strong></span> <span class='ocrx_word' id='word_1_146' title='bbox 2995 976 3080 1024; x_wconf 87' lang='lat' dir='ltr'><strong>est</strong></span> <span class='ocrx_word' id='word_1_147' title='bbox 3104 967 3341 1038; x_wconf 78' lang='lat' dir='ltr'><strong>gustatio</strong></span> <span class='ocrx_word' id='word_1_148' title='bbox 3364 967 3653 1039; x_wconf 70' lang='lat' dir='ltr'><strong>gehennae,</strong></span> <span class='ocrx_word' id='word_1_149' title='bbox 3679 976 3745 1023; x_wconf 91' lang='lat' dir='ltr'><strong>et</strong></span> 
     </span>
    </p>
   </div>
   <div class='ocr_carea' id='block_1_25' title="bbox 2155 1059 3744 1133">
    <p class='ocr_par' dir='ltr' id='par_1_25' title="bbox 2155 1059 3744 1133">
     <span class='ocr_line' id='line_1_25' title="bbox 2155 1059 3744 1133; baseline 0.001 -18"><span class='ocrx_word' id='word_1_150' title='bbox 2155 1074 2226 1115; x_wconf 91' lang='lat' dir='ltr'><strong>ex</strong></span> <span class='ocrx_word' id='word_1_151' title='bbox 2283 1060 2394 1117; x_wconf 90' lang='lat' dir='ltr'><strong>hac</strong></span> <span class='ocrx_word' id='word_1_152' title='bbox 2439 1061 2896 1133; x_wconf 87' lang='lat' dir='ltr'><strong>superinducitur</strong></span> <span class='ocrx_word' id='word_1_153' title='bbox 2951 1059 3180 1131; x_wconf 87' lang='lat' dir='ltr'><strong>spiritus</strong></span> <span class='ocrx_word' id='word_1_154' title='bbox 3233 1075 3495 1119; x_wconf 83' lang='lat' dir='ltr'><strong>excessus</strong></span> <span class='ocrx_word' id='word_1_155' title='bbox 3522 1076 3592 1115; x_wconf 91' lang='lat' dir='ltr'><strong>ex</strong></span> <span class='ocrx_word' id='word_1_156' title='bbox 3624 1074 3744 1132; x_wconf 87' lang='lat' dir='ltr'><strong>quo</strong></span> 
     </span>
    </p>
   </div>
   <div class='ocr_carea' id='block_1_26' title="bbox 2158 1152 3740 1224">
    <p class='ocr_par' dir='ltr' id='par_1_26' title="bbox 2158 1152 3740 1224">
     <span class='ocr_line' id='line_1_26' title="bbox 2158 1152 3740 1224; baseline 0.002 -18"><span class='ocrx_word' id='word_1_157' title='bbox 2158 1161 2466 1209; x_wconf 91' lang='lat' dir='ltr'><strong>nascuntur</strong></span> <span class='ocrx_word' id='word_1_158' title='bbox 2497 1153 2748 1224; x_wconf 72' lang='lat' dir='ltr'><strong>plurimae</strong></span> <span class='ocrx_word' id='word_1_159' title='bbox 2777 1153 3132 1219; x_wconf 89' lang='lat' dir='ltr'><strong>tentationes,</strong></span> <span class='ocrx_word' id='word_1_160' title='bbox 3187 1152 3402 1209; x_wconf 89' lang='lat' dir='ltr'><strong>scilicet</strong></span> <span class='ocrx_word' id='word_1_161' title='bbox 3455 1153 3740 1220; x_wconf 82' lang='lat' dir='ltr'><strong>confusio,</strong></span> 
     </span>
    </p>
   </div>
   <div class='ocr_carea' id='block_1_27' title="bbox 2156 1243 3745 1316">
    <p class='ocr_par' dir='ltr' id='par_1_27' title="bbox 2156 1243 3745 1316">
     <span class='ocr_line' id='line_1_27' title="bbox 2156 1243 3745 1316; baseline 0.003 -18"><span class='ocrx_word' id='word_1_162' title='bbox 2156 1243 2336 1312; x_wconf 87' lang='lat' dir='ltr'><strong>furor,</strong></span> <span class='ocrx_word' id='word_1_163' title='bbox 2371 1245 2734 1316; x_wconf 88' lang='lat' dir='ltr'><strong>blasphemia,</strong></span> <span class='ocrx_word' id='word_1_164' title='bbox 2768 1245 2918 1301; x_wconf 84' lang='lat' dir='ltr'><strong>fatua</strong></span> <span class='ocrx_word' id='word_1_165' title='bbox 2938 1246 3200 1316; x_wconf 90' lang='lat' dir='ltr'><strong>culpatio,</strong></span> <span class='ocrx_word' id='word_1_166' title='bbox 3233 1259 3510 1316; x_wconf 68' lang='lat' dir='ltr'><strong>perversa:</strong></span> <span class='ocrx_word' id='word_1_167' title='bbox 3529 1247 3745 1316; x_wconf 78' lang='lat' dir='ltr'><strong>cogita-</strong></span> 
     </span>
    </p>
   </div>
   <div class='ocr_carea' id='block_1_28' title="bbox 2157 1335 3746 1408">
    <p class='ocr_par' dir='ltr' id='par_1_28' title="bbox 2157 1335 3746 1408">
     <span class='ocr_line' id='line_1_28' title="bbox 2157 1335 3746 1408; baseline -0.001 -16"><span class='ocrx_word' id='word_1_168' title='bbox 2157 1337 2358 1402; x_wconf 87' lang='lat' dir='ltr'><strong>tiones,</strong></span> <span class='ocrx_word' id='word_1_169' title='bbox 2393 1346 2450 1393; x_wconf 90' lang='lat' dir='ltr'><strong>et</strong></span> <span class='ocrx_word' id='word_1_170' title='bbox 2479 1338 2549 1394; x_wconf 90' lang='lat' dir='ltr'><strong>de</strong></span> <span class='ocrx_word' id='word_1_171' title='bbox 2587 1346 2736 1394; x_wconf 89' lang='lat' dir='ltr'><strong>terra</strong></span> <span class='ocrx_word' id='word_1_172' title='bbox 2766 1338 2824 1392; x_wconf 92' lang='lat' dir='ltr'><strong>in</strong></span> <span class='ocrx_word' id='word_1_173' title='bbox 2859 1347 3067 1394; x_wconf 91' lang='lat' dir='ltr'><strong>terram</strong></span> <span class='ocrx_word' id='word_1_174' title='bbox 3097 1335 3530 1408; x_wconf 76' lang='lat' dir='ltr'><strong>transmigratio,</strong></span> <span class='ocrx_word' id='word_1_175' title='bbox 3565 1345 3623 1392; x_wconf 91' lang='lat' dir='ltr'><strong>et</strong></span> <span class='ocrx_word' id='word_1_176' title='bbox 3648 1335 3746 1391; x_wconf 87' lang='lat' dir='ltr'><strong>his</strong></span> 
     </span>
    </p>
   </div>
   <div class='ocr_carea' id='block_1_29' title="bbox 2157 1425 3745 1494">
    <p class='ocr_par' dir='ltr' id='par_1_29' title="bbox 2157 1425 3745 1494">
     <span class='ocr_line' id='line_1_29' title="bbox 2157 1425 3745 1494; baseline 0 -12"><span class='ocrx_word' id='word_1_177' title='bbox 2157 1425 2378 1482; x_wconf 88' lang='lat' dir='ltr'><strong>similia.</strong></span> <span class='ocrx_word' id='word_1_178' title='bbox 2425 1425 2582 1494; x_wconf 85' lang='lat' dir='ltr'><strong>Quod</strong></span> <span class='ocrx_word' id='word_1_179' title='bbox 2629 1427 2674 1483; x_wconf 91' lang='lat' dir='ltr'><strong>si</strong></span> <span class='ocrx_word' id='word_1_180' title='bbox 2709 1427 2940 1493; x_wconf 80' lang='lat' dir='ltr'><strong>dixeris,</strong></span> <span class='ocrx_word' id='word_1_181' title='bbox 2977 1425 3110 1494; x_wconf 73' lang='lat' dir='ltr'><strong>Quae</strong></span> <span class='ocrx_word' id='word_1_182' title='bbox 3152 1435 3430 1483; x_wconf 88' lang='lat' dir='ltr'><strong>estcausa</strong></span> <span class='ocrx_word' id='word_1_183' title='bbox 3485 1427 3686 1482; x_wconf 90' lang='lat' dir='ltr'><strong>horum</strong></span> <span class='ocrx_word' id='word_1_184' title='bbox 3715 1427 3745 1482; x_wconf 73' lang='grc' dir='ltr'><strong><em>τ</em></strong></span> 
     </span>
    </p>
   </div>
   <div class='ocr_carea' id='block_1_30' title="bbox 2159 1521 3743 1594">
    <p class='ocr_par' dir='ltr' id='par_1_30' title="bbox 2159 1521 3743 1594">
     <span class='ocr_line' id='line_1_30' title="bbox 2159 1521 3743 1594; baseline 0.001 -18"><span class='ocrx_word' id='word_1_185' title='bbox 2159 1521 2283 1576; x_wconf 91' lang='lat' dir='ltr'><strong>dico</strong></span> <span class='ocrx_word' id='word_1_186' title='bbox 2315 1521 2440 1588; x_wconf 91' lang='lat' dir='ltr'><strong>tibi,</strong></span> <span class='ocrx_word' id='word_1_187' title='bbox 2466 1521 2617 1592; x_wconf 92' lang='lat' dir='ltr'><strong>quod</strong></span> <span class='ocrx_word' id='word_1_188' title='bbox 2643 1523 2990 1594; x_wconf 87' lang='lat' dir='ltr'><strong>Negligentia</strong></span> <span class='ocrx_word' id='word_1_189' title='bbox 3022 1529 3116 1578; x_wconf 91' lang='lat' dir='ltr'><strong>tua</strong></span> <span class='ocrx_word' id='word_1_190' title='bbox 3139 1563 3156 1590; x_wconf 91' lang='lat'><strong>,</strong></span> <span class='ocrx_word' id='word_1_191' title='bbox 3196 1523 3327 1594; x_wconf 89' lang='lat' dir='ltr'><strong>quia</strong></span> <span class='ocrx_word' id='word_1_192' title='bbox 3367 1538 3482 1579; x_wconf 88' lang='lat' dir='ltr'><strong>non</strong></span> <span class='ocrx_word' id='word_1_193' title='bbox 3527 1522 3743 1580; x_wconf 87' lang='lat' dir='ltr'><strong>curasti</strong></span> 
     </span>
    </p>
   </div>
   <div class='ocr_carea' id='block_1_31' title="bbox 2158 1612 3745 1673">
    <p class='ocr_par' dir='ltr' id='par_1_31' title="bbox 2158 1612 3745 1673">
     <span class='ocr_line' id='line_1_31' title="bbox 2158 1612 3745 1673; baseline 0.001 -5"><span class='ocrx_word' id='word_1_194' title='bbox 2158 1612 2493 1669; x_wconf 90' lang='lat' dir='ltr'><strong>medicinam</strong></span> <span class='ocrx_word' id='word_1_195' title='bbox 2527 1630 2720 1670; x_wconf 90' lang='lat' dir='ltr'><strong>eorum</strong></span> <span class='ocrx_word' id='word_1_196' title='bbox 2756 1632 2771 1670; x_wconf 88' lang='lat'><strong>:</strong></span> <span class='ocrx_word' id='word_1_197' title='bbox 2800 1631 2911 1671; x_wconf 90' lang='lat' dir='ltr'><strong>una</strong></span> <span class='ocrx_word' id='word_1_198' title='bbox 2949 1625 3036 1673; x_wconf 84' lang='lat' dir='ltr'><strong>est</strong></span> <span class='ocrx_word' id='word_1_199' title='bbox 3076 1615 3229 1672; x_wconf 89' lang='lat' dir='ltr'><strong>enim</strong></span> <span class='ocrx_word' id='word_1_200' title='bbox 3263 1616 3513 1672; x_wconf 90' lang='lat' dir='ltr'><strong>omnium</strong></span> <span class='ocrx_word' id='word_1_201' title='bbox 3541 1631 3745 1672; x_wconf 86' lang='lat' dir='ltr'><strong>eorum</strong></span> 
     </span>
    </p>
   </div>
   <div class='ocr_carea' id='block_1_32' title="bbox 2159 1707 3746 1780">
    <p class='ocr_par' dir='ltr' id='par_1_32' title="bbox 2159 1707 3746 1780">
     <span class='ocr_line' id='line_1_32' title="bbox 2159 1707 3746 1780; baseline 0.001 -18"><span class='ocrx_word' id='word_1_202' title='bbox 2159 1707 2435 1762; x_wconf 87' lang='lat' dir='ltr'><strong>medicina.</strong></span> <span class='ocrx_word' id='word_1_203' title='bbox 2461 1748 2477 1774; x_wconf 90' lang='lat'><strong>,</strong></span> <span class='ocrx_word' id='word_1_204' title='bbox 2527 1722 2628 1778; x_wconf 91' lang='lat' dir='ltr'><strong>per</strong></span> <span class='ocrx_word' id='word_1_205' title='bbox 2664 1723 2831 1779; x_wconf 89' lang='lat' dir='ltr'><strong>quam</strong></span> <span class='ocrx_word' id='word_1_206' title='bbox 2858 1708 2984 1780; x_wconf 88' lang='lat' dir='ltr'><strong>quis</strong></span> <span class='ocrx_word' id='word_1_207' title='bbox 3015 1708 3229 1764; x_wconf 83' lang='lat' dir='ltr'><strong>invenit</strong></span> <span class='ocrx_word' id='word_1_208' title='bbox 3254 1707 3440 1764; x_wconf 89' lang='lat' dir='ltr'><strong>statim</strong></span> <span class='ocrx_word' id='word_1_209' title='bbox 3465 1709 3524 1764; x_wconf 92' lang='lat' dir='ltr'><strong>in</strong></span> <span class='ocrx_word' id='word_1_210' title='bbox 3554 1707 3746 1764; x_wconf 86' lang='lat' dir='ltr'><strong>anima</strong></span> 
     </span>
    </p>
   </div>
   <div class='ocr_carea' id='block_1_33' title="bbox 2159 1798 3750 1871">
    <p class='ocr_par' dir='ltr' id='par_1_33' title="bbox 2159 1798 3750 1871">
     <span class='ocr_line' id='line_1_33' title="bbox 2159 1798 3750 1871; baseline 0.002 -18"><span class='ocrx_word' id='word_1_211' title='bbox 2159 1798 2566 1854; x_wconf 90' lang='lat' dir='ltr'><strong>consolationes</strong></span> <span class='ocrx_word' id='word_1_212' title='bbox 2593 1817 2607 1854; x_wconf 91' lang='lat'><strong>:</strong></span> <span class='ocrx_word' id='word_1_213' title='bbox 2640 1799 2758 1856; x_wconf 62' lang='lat' dir='ltr'><strong>hac</strong></span> <span class='ocrx_word' id='word_1_214' title='bbox 2793 1808 2910 1864; x_wconf 88' lang='lat' dir='ltr'><strong>est,</strong></span> <span class='ocrx_word' id='word_1_215' title='bbox 2944 1798 3230 1856; x_wconf 89' lang='lat' dir='ltr'><strong>humilitas</strong></span> <span class='ocrx_word' id='word_1_216' title='bbox 3261 1800 3479 1868; x_wconf 89' lang='lat' dir='ltr'><strong>cordis;</strong></span> <span class='ocrx_word' id='word_1_217' title='bbox 3513 1810 3574 1856; x_wconf 90' lang='lat' dir='ltr'><strong>et</strong></span> <span class='ocrx_word' id='word_1_218' title='bbox 3601 1815 3750 1871; x_wconf 69' lang='lat' dir='ltr'><strong>prte—</strong></span> 
     </span>
    </p>
   </div>
   <div class='ocr_carea' id='block_1_34' title="bbox 479 1884 3750 1957">
    <p class='ocr_par' dir='ltr' id='par_1_34' title="bbox 479 1884 3750 1957">
     <span class='ocr_line' id='line_1_34' title="bbox 479 1884 3750 1957; baseline -0.001 -6"><span class='ocrx_word' id='word_1_219' title='bbox 479 1905 640 1946; x_wconf 81' lang='lat' dir='ltr'><strong>error</strong></span> <span class='ocrx_word' id='word_1_220' title='bbox 685 1889 888 1944; x_wconf 71' lang='lat' dir='ltr'><strong>mentis</strong></span> <span class='ocrx_word' id='word_1_221' title='bbox 926 1887 1114 1943; x_wconf 67' lang='grc' dir='ltr'><strong>ῐοιαιῖε</strong></span> <span class='ocrx_word' id='word_1_222' title='bbox 1139 1926 1156 1952; x_wconf 69' lang='grc' dir='ltr'><strong>ν</strong></span> <span class='ocrx_word' id='word_1_223' title='bbox 1208 1885 1553 1957; x_wconf 67' lang='lat' dir='ltr'><strong>blasphemia</strong></span> <span class='ocrx_word' id='word_1_224' title='bbox 1600 1890 1795 1939; x_wconf 60' lang='lat' dir='ltr'><strong>contra</strong></span> <span class='ocrx_word' id='word_1_225' title='bbox 1853 1896 2057 1937; x_wconf 74' lang='lat' dir='ltr'><strong>nomen</strong></span> <span class='ocrx_word' id='word_1_226' title='bbox 2091 1884 2131 1938; x_wconf 82' lang='grc' dir='ltr'>Β</span> <span class='ocrx_word' id='word_1_227' title='bbox 2160 1898 2248 1947; x_wconf 92' lang='lat' dir='ltr'><strong>ter</strong></span> <span class='ocrx_word' id='word_1_228' title='bbox 2277 1890 2421 1947; x_wconf 90' lang='lat' dir='ltr'><strong>hanc</strong></span> <span class='ocrx_word' id='word_1_229' title='bbox 2445 1891 2734 1948; x_wconf 88' lang='lat' dir='ltr'><strong>destruere</strong></span> <span class='ocrx_word' id='word_1_230' title='bbox 2763 1892 3062 1948; x_wconf 89' lang='lat' dir='ltr'><strong>terminum</strong></span> <span class='ocrx_word' id='word_1_231' title='bbox 3096 1892 3329 1949; x_wconf 90' lang='lat' dir='ltr'><strong>istorum</strong></span> <span class='ocrx_word' id='word_1_232' title='bbox 3348 1894 3620 1949; x_wconf 89' lang='lat' dir='ltr'><strong>malorum</strong></span> <span class='ocrx_word' id='word_1_233' title='bbox 3646 1908 3750 1948; x_wconf 85' lang='lat' dir='ltr'><strong>ne-</strong></span> 
     </span>
    </p>
   </div>
   <div class='ocr_carea' id='block_1_35' title="bbox 482 1976 2058 2050">
    <p class='ocr_par' dir='ltr' id='par_1_35' title="bbox 482 1976 2058 2050">
     <span class='ocr_line' id='line_1_35' title="bbox 482 1976 2058 2050; baseline -0.008 -10"><span class='ocrx_word' id='word_1_234' title='bbox 482 1983 606 2049; x_wconf 86' lang='lat' dir='ltr'><strong>Dei,</strong></span> <span class='ocrx_word' id='word_1_235' title='bbox 641 1981 985 2037; x_wconf 89' lang='lat' dir='ltr'><strong>intentiones</strong></span> <span class='ocrx_word' id='word_1_236' title='bbox 1024 1980 1189 2034; x_wconf 74' lang='lat' dir='ltr'><strong>fatuae</strong></span> <span class='ocrx_word' id='word_1_237' title='bbox 1221 1979 1398 2050; x_wconf 70' lang='lat' dir='ltr'><strong>plena:</strong></span> <span class='ocrx_word' id='word_1_238' title='bbox 1451 1976 1590 2043; x_wconf 84' lang='lat' dir='ltr'><strong>risu,</strong></span> <span class='ocrx_word' id='word_1_239' title='bbox 1647 1976 1758 2030; x_wconf 93' lang='lat' dir='ltr'><strong>imo</strong></span> <span class='ocrx_word' id='word_1_240' title='bbox 1789 1976 2058 2045; x_wconf 88' lang='lat' dir='ltr'><strong>planetu;</strong></span> 
     </span>
    </p>
   </div>
   <div class='ocr_carea' id='block_1_36' title="bbox 481 2062 2061 2135">
    <p class='ocr_par' dir='ltr' id='par_1_36' title="bbox 481 2062 2061 2135">
     <span class='ocr_line' id='line_1_36' title="bbox 481 2062 2061 2135; baseline -0.011 -2"><span class='ocrx_word' id='word_1_241' title='bbox 481 2076 764 2134; x_wconf 89' lang='lat' dir='ltr'><strong>contemni</strong></span> <span class='ocrx_word' id='word_1_242' title='bbox 797 2075 867 2129; x_wconf 91' lang='lat' dir='ltr'><strong>ab</strong></span> <span class='ocrx_word' id='word_1_243' title='bbox 896 2071 1176 2135; x_wconf 87' lang='lat' dir='ltr'><strong>omnibus,</strong></span> <span class='ocrx_word' id='word_1_244' title='bbox 1205 2069 1512 2126; x_wconf 88' lang='lat' dir='ltr'><strong>destructio</strong></span> <span class='ocrx_word' id='word_1_245' title='bbox 1542 2066 1771 2122; x_wconf 90' lang='lat' dir='ltr'><strong>honoris</strong></span> <span class='ocrx_word' id='word_1_246' title='bbox 1794 2064 1902 2130; x_wconf 90' lang='lat' dir='ltr'><strong>sui,</strong></span> <span class='ocrx_word' id='word_1_247' title='bbox 1941 2062 2061 2119; x_wconf 86' lang='lat' dir='ltr'><strong>fieri</strong></span> 
     </span>
    </p>
   </div>
   <div class='ocr_carea' id='block_1_37' title="bbox 482 2155 2062 2236">
    <p class='ocr_par' dir='ltr' id='par_1_37' title="bbox 482 2155 2062 2236">
     <span class='ocr_line' id='line_1_37' title="bbox 482 2155 2062 2236; baseline -0.011 -11"><span class='ocrx_word' id='word_1_248' title='bbox 482 2167 736 2225; x_wconf 77' lang='lat' dir='ltr'><strong>confusio</strong></span> <span class='ocrx_word' id='word_1_249' title='bbox 778 2176 835 2222; x_wconf 90' lang='lat' dir='ltr'><strong>et</strong></span> <span class='ocrx_word' id='word_1_250' title='bbox 885 2162 1249 2236; x_wconf 90' lang='lat' dir='ltr'><strong>opprobrium</strong></span> <span class='ocrx_word' id='word_1_251' title='bbox 1275 2162 1334 2216; x_wconf 94' lang='lat' dir='ltr'><strong>in</strong></span> <span class='ocrx_word' id='word_1_252' title='bbox 1365 2160 1544 2216; x_wconf 89' lang='lat' dir='ltr'><strong>modis</strong></span> <span class='ocrx_word' id='word_1_253' title='bbox 1575 2157 1766 2213; x_wconf 89' lang='lat' dir='ltr'><strong>multis</strong></span> <span class='ocrx_word' id='word_1_254' title='bbox 1793 2172 1825 2212; x_wconf 90' lang='lat' dir='ltr'><strong>a</strong></span> <span class='ocrx_word' id='word_1_255' title='bbox 1855 2155 2062 2212; x_wconf 85' lang='lat' dir='ltr'><strong>daemo-</strong></span> 
     </span>
    </p>
   </div>
   <div class='ocr_carea' id='block_1_38' title="bbox 483 2244 2110 2324">
    <p class='ocr_par' dir='ltr' id='par_1_38' title="bbox 483 2244 2110 2324">
     <span class='ocr_line' id='line_1_38' title="bbox 483 2244 2110 2324; baseline -0.012 -7"><span class='ocrx_word' id='word_1_256' title='bbox 483 2261 651 2317; x_wconf 90' lang='lat' dir='ltr'><strong>nibus</strong></span> <span class='ocrx_word' id='word_1_257' title='bbox 675 2258 916 2323; x_wconf 89' lang='lat' dir='ltr'><strong>occulto,</strong></span> <span class='ocrx_word' id='word_1_258' title='bbox 939 2253 1336 2324; x_wconf 88' lang='lat' dir='ltr'><strong>manifesteque</strong></span> <span class='ocrx_word' id='word_1_259' title='bbox 1355 2250 1693 2308; x_wconf 89' lang='lat' dir='ltr'><strong>desiderium</strong></span> <span class='ocrx_word' id='word_1_260' title='bbox 1715 2244 2062 2305; x_wconf 89' lang='lat' dir='ltr'><strong>commisceri</strong></span> <span class='ocrx_word' id='word_1_261' title='bbox 2102 2257 2110 2265; x_wconf 86' lang='lat'>&#39;</span> 
     </span>
    </p>
   </div>
   <div class='ocr_carea' id='block_1_39' title="bbox 483 2341 2066 2416">
    <p class='ocr_par' dir='ltr' id='par_1_39' title="bbox 483 2341 2066 2416">
     <span class='ocr_line' id='line_1_39' title="bbox 483 2341 2066 2416; baseline -0.01 -6"><span class='ocrx_word' id='word_1_262' title='bbox 483 2362 543 2410; x_wconf 92' lang='lat' dir='ltr'><strong>et</strong></span> <span class='ocrx_word' id='word_1_263' title='bbox 579 2349 894 2409; x_wconf 88' lang='lat' dir='ltr'><strong>conversari</strong></span> <span class='ocrx_word' id='word_1_264' title='bbox 930 2349 988 2404; x_wconf 93' lang='lat' dir='ltr'><strong>in</strong></span> <span class='ocrx_word' id='word_1_265' title='bbox 1027 2346 1258 2413; x_wconf 87' lang='lat' dir='ltr'><strong>mundo,</strong></span> <span class='ocrx_word' id='word_1_266' title='bbox 1296 2344 1449 2416; x_wconf 89' lang='lat' dir='ltr'><strong>loqui</strong></span> <span class='ocrx_word' id='word_1_267' title='bbox 1495 2353 1554 2400; x_wconf 90' lang='lat' dir='ltr'><strong>et</strong></span> <span class='ocrx_word' id='word_1_268' title='bbox 1597 2341 1791 2414; x_wconf 85' lang='lat' dir='ltr'><strong>nugari</strong></span> <span class='ocrx_word' id='word_1_269' title='bbox 1845 2354 2066 2410; x_wconf 90' lang='lat' dir='ltr'><strong>semper</strong></span> 
     </span>
    </p>
   </div>
   <div class='ocr_carea' id='block_1_40' title="bbox 487 2435 2067 2516">
    <p class='ocr_par' dir='ltr' id='par_1_40' title="bbox 487 2435 2067 2516">
     <span class='ocr_line' id='line_1_40' title="bbox 487 2435 2067 2516; baseline -0.009 -15"><span class='ocrx_word' id='word_1_270' title='bbox 487 2444 838 2516; x_wconf 89' lang='lat' dir='ltr'><strong>insipienter,</strong></span> <span class='ocrx_word' id='word_1_271' title='bbox 871 2440 1197 2498; x_wconf 89' lang='lat' dir='ltr'><strong>adinvenire</strong></span> <span class='ocrx_word' id='word_1_272' title='bbox 1226 2439 1332 2494; x_wconf 90' lang='lat' dir='ltr'><strong>sibi</strong></span> <span class='ocrx_word' id='word_1_273' title='bbox 1366 2435 1808 2498; x_wconf 87' lang='lat' dir='ltr'><strong>renovationem,</strong></span> <span class='ocrx_word' id='word_1_274' title='bbox 1848 2446 2067 2503; x_wconf 90' lang='lat' dir='ltr'><strong>semper</strong></span> 
     </span>
    </p>
   </div>
   <div class='ocr_carea' id='block_1_41' title="bbox 486 2524 2066 2604">
    <p class='ocr_par' dir='ltr' id='par_1_41' title="bbox 486 2524 2066 2604">
     <span class='ocr_line' id='line_1_41' title="bbox 486 2524 2066 2604; baseline -0.011 -13"><span class='ocrx_word' id='word_1_275' title='bbox 486 2551 616 2591; x_wconf 85' lang='lat' dir='ltr'><strong>eum</strong></span> <span class='ocrx_word' id='word_1_276' title='bbox 649 2534 787 2590; x_wconf 89' lang='lat' dir='ltr'><strong>falsa</strong></span> <span class='ocrx_word' id='word_1_277' title='bbox 823 2529 1117 2604; x_wconf 86' lang='lat' dir='ltr'><strong>prophetia</strong></span> <span class='ocrx_word' id='word_1_278' title='bbox 1143 2526 1471 2600; x_wconf 82' lang='lat' dir='ltr'><strong>promittere</strong></span> <span class='ocrx_word' id='word_1_279' title='bbox 1499 2524 1673 2578; x_wconf 90' lang='lat' dir='ltr'><strong>multa</strong></span> <span class='ocrx_word' id='word_1_280' title='bbox 1705 2536 1876 2592; x_wconf 86' lang='lat' dir='ltr'><strong>supra</strong></span> <span class='ocrx_word' id='word_1_281' title='bbox 1905 2533 2066 2590; x_wconf 90' lang='lat' dir='ltr'><strong>posse</strong></span> 
     </span>
    </p>
   </div>
   <div class='ocr_carea' id='block_1_42' title="bbox 485 2611 2066 2694">
    <p class='ocr_par' dir='ltr' id='par_1_42' title="bbox 485 2611 2066 2694">
     <span class='ocr_line' id='line_1_42' title="bbox 485 2611 2066 2694; baseline -0.011 -10"><span class='ocrx_word' id='word_1_282' title='bbox 485 2643 651 2684; x_wconf 89' lang='lat' dir='ltr'><strong>suum</strong></span> <span class='ocrx_word' id='word_1_283' title='bbox 686 2644 700 2681; x_wconf 90' lang='lat'><strong>:</strong></span> <span class='ocrx_word' id='word_1_284' title='bbox 739 2626 857 2681; x_wconf 77' lang='lat' dir='ltr'><strong>haec</strong></span> <span class='ocrx_word' id='word_1_285' title='bbox 884 2623 1109 2694; x_wconf 90' lang='lat' dir='ltr'><strong>quidem</strong></span> <span class='ocrx_word' id='word_1_286' title='bbox 1144 2627 1275 2676; x_wconf 90' lang='lat' dir='ltr'><strong>sunt</strong></span> <span class='ocrx_word' id='word_1_287' title='bbox 1306 2619 1524 2675; x_wconf 72' lang='lat' dir='ltr'><strong>animae.</strong></span> <span class='ocrx_word' id='word_1_288' title='bbox 1577 2616 1638 2671; x_wconf 87' lang='lat' dir='ltr'><strong>In</strong></span> <span class='ocrx_word' id='word_1_289' title='bbox 1686 2611 2066 2684; x_wconf 86' lang='lat' dir='ltr'><strong>corporalibus</strong></span> 
     </span>
    </p>
   </div>
   <div class='ocr_carea' id='block_1_43' title="bbox 486 2712 2068 2789">
    <p class='ocr_par' dir='ltr' id='par_1_43' title="bbox 486 2712 2068 2789">
     <span class='ocr_line' id='line_1_43' title="bbox 486 2712 2068 2789; baseline -0.011 -13"><span class='ocrx_word' id='word_1_290' title='bbox 486 2736 622 2778; x_wconf 91' lang='lat' dir='ltr'><strong>vero</strong></span> <span class='ocrx_word' id='word_1_291' title='bbox 689 2718 1022 2789; x_wconf 89' lang='lat' dir='ltr'><strong>contingunt</strong></span> <span class='ocrx_word' id='word_1_292' title='bbox 1065 2712 1310 2770; x_wconf 92' lang='lat' dir='ltr'><strong>dolorosi</strong></span> <span class='ocrx_word' id='word_1_293' title='bbox 1357 2717 1593 2768; x_wconf 88' lang='lat' dir='ltr'><strong>eventus</strong></span> <span class='ocrx_word' id='word_1_294' title='bbox 1629 2725 1642 2762; x_wconf 92' lang='lat'><strong>:</strong></span> <span class='ocrx_word' id='word_1_295' title='bbox 1679 2713 2068 2779; x_wconf 89' lang='lat' dir='ltr'><strong>permanentes</strong></span> 
     </span>
    </p>
   </div>
   <div class='ocr_carea' id='block_1_44' title="bbox 485 2797 2068 2886">
    <p class='ocr_par' dir='ltr' id='par_1_44' title="bbox 485 2797 2068 2886">
     <span class='ocr_line' id='line_1_44' title="bbox 485 2797 2068 2886; baseline -0.013 -14"><span class='ocrx_word' id='word_1_296' title='bbox 485 2828 710 2886; x_wconf 90' lang='lat' dir='ltr'><strong>semper</strong></span> <span class='ocrx_word' id='word_1_297' title='bbox 747 2808 1020 2884; x_wconf 85' lang='lat' dir='ltr'><strong>perplexi,</strong></span> <span class='ocrx_word' id='word_1_298' title='bbox 1063 2807 1264 2879; x_wconf 80' lang='lat' dir='ltr'><strong>vixque</strong></span> <span class='ocrx_word' id='word_1_299' title='bbox 1295 2803 1562 2862; x_wconf 90' lang='lat' dir='ltr'><strong>solubiles</strong></span> <span class='ocrx_word' id='word_1_300' title='bbox 1585 2814 1852 2858; x_wconf 91' lang='lat' dir='ltr'><strong>occursus</strong></span> <span class='ocrx_word' id='word_1_301' title='bbox 1897 2797 2068 2854; x_wconf 83' lang='lat' dir='ltr'><strong>malo-</strong></span> 
     </span>
    </p>
   </div>
   <div class='ocr_carea' id='block_1_45' title="bbox 488 2890 2068 2975">
    <p class='ocr_par' dir='ltr' id='par_1_45' title="bbox 488 2890 2068 2975">
     <span class='ocr_line' id='line_1_45' title="bbox 488 2890 2068 2975; baseline -0.011 -12"><span class='ocrx_word' id='word_1_302' title='bbox 488 2922 612 2962; x_wconf 89' lang='lat' dir='ltr'><strong>rum</strong></span> <span class='ocrx_word' id='word_1_303' title='bbox 635 2946 652 2972; x_wconf 87' lang='lat'><strong>,</strong></span> <span class='ocrx_word' id='word_1_304' title='bbox 683 2919 904 2975; x_wconf 84' lang='lat' dir='ltr'><strong>semper</strong></span> <span class='ocrx_word' id='word_1_305' title='bbox 929 2911 988 2958; x_wconf 90' lang='lat' dir='ltr'><strong>et</strong></span> <span class='ocrx_word' id='word_1_306' title='bbox 1030 2900 1326 2971; x_wconf 91' lang='lat' dir='ltr'><strong>impiorum</strong></span> <span class='ocrx_word' id='word_1_307' title='bbox 1367 2895 1656 2952; x_wconf 90' lang='lat' dir='ltr'><strong>hominum</strong></span> <span class='ocrx_word' id='word_1_308' title='bbox 1677 2935 1692 2960; x_wconf 95' lang='lat'><strong>,</strong></span> <span class='ocrx_word' id='word_1_309' title='bbox 1733 2892 1977 2949; x_wconf 87' lang='lat' dir='ltr'><strong>incidere</strong></span> <span class='ocrx_word' id='word_1_310' title='bbox 2010 2890 2068 2946; x_wconf 90' lang='lat' dir='ltr'><strong>in</strong></span> 
     </span>
    </p>
   </div>
   <div class='ocr_carea' id='block_1_46' title="bbox 486 2985 2068 3054">
    <p class='ocr_par' dir='ltr' id='par_1_46' title="bbox 486 2985 2068 3054">
     <span class='ocr_line' id='line_1_46' title="bbox 486 2985 2068 3054; baseline -0.011 1"><span class='ocrx_word' id='word_1_311' title='bbox 486 3013 684 3054; x_wconf 84' lang='lat' dir='ltr'><strong>manus</strong></span> <span class='ocrx_word' id='word_1_312' title='bbox 708 2997 1000 3053; x_wconf 89' lang='lat' dir='ltr'><strong>hominum</strong></span> <span class='ocrx_word' id='word_1_313' title='bbox 1032 2990 1416 3048; x_wconf 90' lang='lat' dir='ltr'><strong>tribulantium</strong></span> <span class='ocrx_word' id='word_1_314' title='bbox 1449 2989 1506 3044; x_wconf 90' lang='lat' dir='ltr'><strong>in</strong></span> <span class='ocrx_word' id='word_1_315' title='bbox 1549 2987 1666 3044; x_wconf 92' lang='lat' dir='ltr'><strong>otio</strong></span> <span class='ocrx_word' id='word_1_316' title='bbox 1707 2985 1894 3042; x_wconf 87' lang='lat' dir='ltr'><strong>cordis</strong></span> <span class='ocrx_word' id='word_1_317' title='bbox 1918 2998 2068 3040; x_wconf 90' lang='lat' dir='ltr'><strong>sem-</strong></span> 
     </span>
    </p>
   </div>
   <div class='ocr_carea' id='block_1_47' title="bbox 487 3077 2068 3164">
    <p class='ocr_par' dir='ltr' id='par_1_47' title="bbox 487 3077 2068 3164">
     <span class='ocr_line' id='line_1_47' title="bbox 487 3077 2068 3164; baseline -0.01 -17"><span class='ocrx_word' id='word_1_318' title='bbox 487 3107 590 3164; x_wconf 88' lang='lat' dir='ltr'><strong>per</strong></span> <span class='ocrx_word' id='word_1_319' title='bbox 625 3090 748 3146; x_wconf 90' lang='lat' dir='ltr'><strong>sine</strong></span> <span class='ocrx_word' id='word_1_320' title='bbox 785 3103 973 3151; x_wconf 87' lang='lat' dir='ltr'><strong>causa,</strong></span> <span class='ocrx_word' id='word_1_321' title='bbox 1004 3095 1062 3142; x_wconf 91' lang='lat' dir='ltr'><strong>et</strong></span> <span class='ocrx_word' id='word_1_322' title='bbox 1113 3083 1405 3157; x_wconf 92' lang='lat' dir='ltr'><strong>repentino</strong></span> <span class='ocrx_word' id='word_1_323' title='bbox 1433 3081 1632 3138; x_wconf 89' lang='lat' dir='ltr'><strong>timore</strong></span> <span class='ocrx_word' id='word_1_324' title='bbox 1655 3079 1833 3152; x_wconf 90' lang='lat' dir='ltr'><strong>parati</strong></span> <span class='ocrx_word' id='word_1_325' title='bbox 1863 3077 2068 3133; x_wconf 90' lang='lat' dir='ltr'><strong>multo-</strong></span> 
     </span>
    </p>
   </div>
   <div class='ocr_carea' id='block_1_48' title="bbox 2162 1982 3747 2054">
    <p class='ocr_par' dir='ltr' id='par_1_48' title="bbox 2162 1982 3747 2054">
     <span class='ocr_line' id='line_1_48' title="bbox 2162 1982 3747 2054; baseline 0.001 -18"><span class='ocrx_word' id='word_1_326' title='bbox 2162 1996 2255 2036; x_wconf 90' lang='lat' dir='ltr'><strong>mo</strong></span> <span class='ocrx_word' id='word_1_327' title='bbox 2288 1983 2532 2053; x_wconf 88' lang='lat' dir='ltr'><strong>poterit,</strong></span> <span class='ocrx_word' id='word_1_328' title='bbox 2568 1983 2856 2053; x_wconf 91' lang='lat' dir='ltr'><strong>quinimo,</strong></span> <span class='ocrx_word' id='word_1_329' title='bbox 2908 1982 3121 2039; x_wconf 87' lang='lat' dir='ltr'><strong>invenit</strong></span> <span class='ocrx_word' id='word_1_330' title='bbox 3158 1999 3285 2040; x_wconf 89' lang='lat' dir='ltr'><strong>eum</strong></span> <span class='ocrx_word' id='word_1_331' title='bbox 3343 1984 3448 2041; x_wconf 88' lang='lat' dir='ltr'><strong>sub</strong></span> <span class='ocrx_word' id='word_1_332' title='bbox 3493 1982 3747 2054; x_wconf 87' lang='lat' dir='ltr'><strong>potentia</strong></span> 
     </span>
    </p>
   </div>
   <div class='ocr_carea' id='block_1_49' title="bbox 2164 2075 3750 2148">
    <p class='ocr_par' dir='ltr' id='par_1_49' title="bbox 2164 2075 3750 2148">
     <span class='ocr_line' id='line_1_49' title="bbox 2164 2075 3750 2148; baseline -0.001 -17"><span class='ocrx_word' id='word_1_333' title='bbox 2164 2083 2361 2131; x_wconf 87' lang='lat' dir='ltr'><strong>contra</strong></span> <span class='ocrx_word' id='word_1_334' title='bbox 2386 2089 2536 2130; x_wconf 90' lang='lat' dir='ltr'><strong>eum.</strong></span> <span class='ocrx_word' id='word_1_335' title='bbox 2580 2075 2661 2132; x_wconf 86' lang='lat' dir='ltr'><strong>Ne</strong></span> <span class='ocrx_word' id='word_1_336' title='bbox 2693 2075 3000 2148; x_wconf 79' lang='lat' dir='ltr'><strong>indigneris</strong></span> <span class='ocrx_word' id='word_1_337' title='bbox 3027 2087 3217 2133; x_wconf 89' lang='lat' dir='ltr'><strong>contra</strong></span> <span class='ocrx_word' id='word_1_338' title='bbox 3261 2091 3352 2133; x_wconf 90' lang='lat' dir='ltr'><strong>me</strong></span> <span class='ocrx_word' id='word_1_339' title='bbox 3379 2117 3394 2142; x_wconf 92' lang='lat'><strong>,</strong></span> <span class='ocrx_word' id='word_1_340' title='bbox 3451 2077 3584 2148; x_wconf 89' lang='lat' dir='ltr'><strong>quia</strong></span> <span class='ocrx_word' id='word_1_341' title='bbox 3615 2075 3750 2131; x_wconf 90' lang='lat' dir='ltr'><strong>dico</strong></span> 
     </span>
    </p>
   </div>
   <div class='ocr_carea' id='block_1_50' title="bbox 2165 2165 3750 2238">
    <p class='ocr_par' dir='ltr' id='par_1_50' title="bbox 2165 2165 3750 2238">
     <span class='ocr_line' id='line_1_50' title="bbox 2165 2165 3750 2238; baseline 0.002 -18"><span class='ocrx_word' id='word_1_342' title='bbox 2165 2165 2268 2220; x_wconf 90' lang='lat' dir='ltr'><strong>tibi</strong></span> <span class='ocrx_word' id='word_1_343' title='bbox 2307 2165 2638 2233; x_wconf 85' lang='lat' dir='ltr'><strong>veritatem;</strong></span> <span class='ocrx_word' id='word_1_344' title='bbox 2671 2181 2785 2222; x_wconf 89' lang='lat' dir='ltr'><strong>non</strong></span> <span class='ocrx_word' id='word_1_345' title='bbox 2837 2167 3084 2238; x_wconf 71' lang='lat' dir='ltr'><strong>quaasisti</strong></span> <span class='ocrx_word' id='word_1_346' title='bbox 3118 2184 3240 2224; x_wconf 90' lang='lat' dir='ltr'><strong>eam</strong></span> <span class='ocrx_word' id='word_1_347' title='bbox 3277 2184 3345 2224; x_wconf 90' lang='lat' dir='ltr'><strong>ex</strong></span> <span class='ocrx_word' id='word_1_348' title='bbox 3395 2178 3508 2224; x_wconf 88' lang='lat' dir='ltr'><strong>tota</strong></span> <span class='ocrx_word' id='word_1_349' title='bbox 3557 2171 3750 2224; x_wconf 86' lang='lat' dir='ltr'><strong>anima</strong></span> 
     </span>
    </p>
   </div>
   <div class='ocr_carea' id='block_1_51' title="bbox 2165 2258 3751 2332">
    <p class='ocr_par' dir='ltr' id='par_1_51' title="bbox 2165 2258 3751 2332">
     <span class='ocr_line' id='line_1_51' title="bbox 2165 2258 3751 2332; baseline 0.001 -18"><span class='ocrx_word' id='word_1_350' title='bbox 2165 2266 2263 2314; x_wconf 88' lang='lat' dir='ltr'><strong>tua</strong></span> <span class='ocrx_word' id='word_1_351' title='bbox 2317 2273 2561 2329; x_wconf 89' lang='lat' dir='ltr'><strong>unquam</strong></span> <span class='ocrx_word' id='word_1_352' title='bbox 2595 2276 2610 2313; x_wconf 89' lang='lat'><strong>:</strong></span> <span class='ocrx_word' id='word_1_353' title='bbox 2652 2258 2799 2314; x_wconf 91' lang='lat' dir='ltr'><strong>idem</strong></span> <span class='ocrx_word' id='word_1_354' title='bbox 2827 2259 2968 2316; x_wconf 89' lang='lat' dir='ltr'><strong>scire</strong></span> <span class='ocrx_word' id='word_1_355' title='bbox 2993 2260 3039 2316; x_wconf 91' lang='lat' dir='ltr'><strong>si</strong></span> <span class='ocrx_word' id='word_1_356' title='bbox 3079 2260 3186 2325; x_wconf 86' lang='lat' dir='ltr'><strong>vis,</strong></span> <span class='ocrx_word' id='word_1_357' title='bbox 3224 2260 3310 2316; x_wconf 89' lang='lat' dir='ltr'><strong>fac</strong></span> <span class='ocrx_word' id='word_1_358' title='bbox 3350 2269 3401 2316; x_wconf 91' lang='lat' dir='ltr'><strong>te</strong></span> <span class='ocrx_word' id='word_1_359' title='bbox 3432 2260 3489 2316; x_wconf 88' lang='lat' dir='ltr'><strong>in</strong></span> <span class='ocrx_word' id='word_1_360' title='bbox 3521 2262 3751 2332; x_wconf 75' lang='lat' dir='ltr'><strong>regione</strong></span> 
     </span>
    </p>
   </div>
   <div class='ocr_carea' id='block_1_52' title="bbox 2165 2350 3752 2421">
    <p class='ocr_par' dir='ltr' id='par_1_52' title="bbox 2165 2350 3752 2421">
     <span class='ocr_line' id='line_1_52' title="bbox 2165 2350 3752 2421; baseline 0.002 -17"><span class='ocrx_word' id='word_1_361' title='bbox 2165 2365 2263 2405; x_wconf 88' lang='lat' dir='ltr'><strong>sua</strong></span> <span class='ocrx_word' id='word_1_362' title='bbox 2290 2387 2307 2413; x_wconf 89' lang='lat'><strong>,</strong></span> <span class='ocrx_word' id='word_1_363' title='bbox 2354 2359 2412 2405; x_wconf 91' lang='lat' dir='ltr'><strong>et</strong></span> <span class='ocrx_word' id='word_1_364' title='bbox 2447 2350 2663 2407; x_wconf 90' lang='lat' dir='ltr'><strong>videbis</strong></span> <span class='ocrx_word' id='word_1_365' title='bbox 2693 2351 2971 2421; x_wconf 88' lang='lat' dir='ltr'><strong>quomodo</strong></span> <span class='ocrx_word' id='word_1_366' title='bbox 3002 2350 3156 2410; x_wconf 82' lang='lat' dir='ltr'><strong>dabit</strong></span> <span class='ocrx_word' id='word_1_367' title='bbox 3181 2352 3401 2407; x_wconf 58' lang='lat' dir='ltr'><strong>malitia),</strong></span> <span class='ocrx_word' id='word_1_368' title='bbox 3429 2361 3556 2408; x_wconf 61' lang='lat' dir='ltr'><strong>tua).</strong></span> <span class='ocrx_word' id='word_1_369' title='bbox 3609 2352 3752 2414; x_wconf 85' lang='lat' dir='ltr'><strong>Nam</strong></span> 
     </span>
    </p>
   </div>
   <div class='ocr_carea' id='block_1_53' title="bbox 2166 2441 3756 2510">
    <p class='ocr_par' dir='ltr' id='par_1_53' title="bbox 2166 2441 3756 2510">
     <span class='ocr_line' id='line_1_53' title="bbox 2166 2441 3756 2510; baseline 0.002 -12"><span class='ocrx_word' id='word_1_370' title='bbox 2166 2441 2472 2498; x_wconf 88' lang='lat' dir='ltr'><strong>secundum</strong></span> <span class='ocrx_word' id='word_1_371' title='bbox 2496 2458 2812 2498; x_wconf 90' lang='lat' dir='ltr'><strong>mensuram</strong></span> <span class='ocrx_word' id='word_1_372' title='bbox 2845 2443 3175 2500; x_wconf 86' lang='lat' dir='ltr'><strong>humilitatis</strong></span> <span class='ocrx_word' id='word_1_373' title='bbox 3209 2454 3336 2510; x_wconf 61' lang='lat' dir='ltr'><strong>tuae,</strong></span> <span class='ocrx_word' id='word_1_374' title='bbox 3370 2444 3534 2501; x_wconf 87' lang='lat' dir='ltr'><strong>datur</strong></span> <span class='ocrx_word' id='word_1_375' title='bbox 3559 2445 3664 2500; x_wconf 89' lang='lat' dir='ltr'><strong>tibi</strong></span> <span class='ocrx_word' id='word_1_376' title='bbox 3693 2455 3756 2502; x_wconf 89' lang='lat' dir='ltr'><strong>et</strong></span> 
     </span>
    </p>
   </div>
   <div class='ocr_carea' id='block_1_54' title="bbox 2167 2533 3758 2609">
    <p class='ocr_par' dir='ltr' id='par_1_54' title="bbox 2167 2533 3758 2609">
     <span class='ocr_line' id='line_1_54' title="bbox 2167 2533 3758 2609; baseline 0.004 -22"><span class='ocrx_word' id='word_1_377' title='bbox 2167 2533 2435 2605; x_wconf 89' lang='lat' dir='ltr'><strong>patientia</strong></span> <span class='ocrx_word' id='word_1_378' title='bbox 2458 2534 2516 2590; x_wconf 90' lang='lat' dir='ltr'><strong>in</strong></span> <span class='ocrx_word' id='word_1_379' title='bbox 2550 2534 2981 2592; x_wconf 89' lang='lat' dir='ltr'><strong>adversitatibus</strong></span> <span class='ocrx_word' id='word_1_380' title='bbox 3019 2535 3164 2604; x_wconf 89' lang='lat' dir='ltr'><strong>tuis;</strong></span> <span class='ocrx_word' id='word_1_381' title='bbox 3199 2545 3258 2593; x_wconf 90' lang='lat' dir='ltr'><strong>et</strong></span> <span class='ocrx_word' id='word_1_382' title='bbox 3302 2537 3610 2594; x_wconf 88' lang='lat' dir='ltr'><strong>secundum</strong></span> <span class='ocrx_word' id='word_1_383' title='bbox 3655 2554 3758 2609; x_wconf 88' lang='lat' dir='ltr'><strong>pa-</strong></span> 
     </span>
    </p>
   </div>
   <div class='ocr_carea' id='block_1_55' title="bbox 2169 2625 3752 2699">
    <p class='ocr_par' dir='ltr' id='par_1_55' title="bbox 2169 2625 3752 2699">
     <span class='ocr_line' id='line_1_55' title="bbox 2169 2625 3752 2699; baseline 0.004 -19"><span class='ocrx_word' id='word_1_384' title='bbox 2169 2625 2418 2681; x_wconf 90' lang='lat' dir='ltr'><strong>tientiam</strong></span> <span class='ocrx_word' id='word_1_385' title='bbox 2452 2636 2602 2682; x_wconf 90' lang='lat' dir='ltr'><strong>tuam</strong></span> <span class='ocrx_word' id='word_1_386' title='bbox 2631 2626 2922 2683; x_wconf 83' lang='lat' dir='ltr'><strong>alleviatur</strong></span> <span class='ocrx_word' id='word_1_387' title='bbox 2943 2626 3186 2699; x_wconf 84' lang='lat' dir='ltr'><strong>gravitas</strong></span> <span class='ocrx_word' id='word_1_388' title='bbox 3213 2628 3594 2686; x_wconf 87' lang='lat' dir='ltr'><strong>tribulationis</strong></span> <span class='ocrx_word' id='word_1_389' title='bbox 3619 2638 3752 2695; x_wconf 71' lang='lat' dir='ltr'><strong>tuae,</strong></span> 
     </span>
    </p>
   </div>
   <div class='ocr_carea' id='block_1_56' title="bbox 2167 2716 3754 2776">
    <p class='ocr_par' dir='ltr' id='par_1_56' title="bbox 2167 2716 3754 2776">
     <span class='ocr_line' id='line_1_56' title="bbox 2167 2716 3754 2776; baseline 0.003 -5"><span class='ocrx_word' id='word_1_390' title='bbox 2167 2727 2226 2771; x_wconf 88' lang='lat' dir='ltr'><strong>et</strong></span> <span class='ocrx_word' id='word_1_391' title='bbox 2257 2716 2694 2772; x_wconf 89' lang='lat' dir='ltr'><strong>consolationem</strong></span> <span class='ocrx_word' id='word_1_392' title='bbox 2723 2717 3024 2774; x_wconf 89' lang='lat' dir='ltr'><strong>obtinebis.</strong></span> <span class='ocrx_word' id='word_1_393' title='bbox 3073 2717 3393 2775; x_wconf 91' lang='lat' dir='ltr'><strong>Secundum</strong></span> <span class='ocrx_word' id='word_1_394' title='bbox 3432 2735 3567 2776; x_wconf 91' lang='lat' dir='ltr'><strong>vero</strong></span> <span class='ocrx_word' id='word_1_395' title='bbox 3611 2735 3754 2776; x_wconf 86' lang='lat' dir='ltr'><strong>eon-</strong></span> 
     </span>
    </p>
   </div>
   <div class='ocr_carea' id='block_1_57' title="bbox 2170 2809 3754 2884">
    <p class='ocr_par' dir='ltr' id='par_1_57' title="bbox 2170 2809 3754 2884">
     <span class='ocr_line' id='line_1_57' title="bbox 2170 2809 3754 2884; baseline 0.005 -21"><span class='ocrx_word' id='word_1_396' title='bbox 2170 2809 2501 2865; x_wconf 88' lang='lat' dir='ltr'><strong>solationem</strong></span> <span class='ocrx_word' id='word_1_397' title='bbox 2543 2818 2693 2865; x_wconf 89' lang='lat' dir='ltr'><strong>tuam</strong></span> <span class='ocrx_word' id='word_1_398' title='bbox 2739 2811 3124 2884; x_wconf 80' lang='lat' dir='ltr'><strong>m‘agnificatur</strong></span> <span class='ocrx_word' id='word_1_399' title='bbox 3179 2821 3274 2869; x_wconf 91' lang='lat' dir='ltr'><strong>tua</strong></span> <span class='ocrx_word' id='word_1_400' title='bbox 3323 2813 3550 2870; x_wconf 91' lang='lat' dir='ltr'><strong>dilectio</strong></span> <span class='ocrx_word' id='word_1_401' title='bbox 3601 2815 3754 2871; x_wconf 86' lang='lat' dir='ltr'><strong>circa</strong></span> 
     </span>
    </p>
   </div>
   <div class='ocr_carea' id='block_1_58' title="bbox 2169 2900 3758 2978">
    <p class='ocr_par' dir='ltr' id='par_1_58' title="bbox 2169 2900 3758 2978">
     <span class='ocr_line' id='line_1_58' title="bbox 2169 2900 3758 2978; baseline 0.003 -22"><span class='ocrx_word' id='word_1_402' title='bbox 2169 2900 2366 2960; x_wconf 87' lang='lat' dir='ltr'><strong>Deum.</strong></span> <span class='ocrx_word' id='word_1_403' title='bbox 2393 2911 2451 2958; x_wconf 88' lang='lat' dir='ltr'><strong>et</strong></span> <span class='ocrx_word' id='word_1_404' title='bbox 2480 2903 2787 2959; x_wconf 90' lang='lat' dir='ltr'><strong>secundum</strong></span> <span class='ocrx_word' id='word_1_405' title='bbox 2809 2904 3164 2961; x_wconf 87' lang='lat' dir='ltr'><strong>dilectionem</strong></span> <span class='ocrx_word' id='word_1_406' title='bbox 3195 2915 3343 2963; x_wconf 91' lang='lat' dir='ltr'><strong>tuam</strong></span> <span class='ocrx_word' id='word_1_407' title='bbox 3366 2905 3758 2978; x_wconf 85' lang='lat' dir='ltr'><strong>magnificatur</strong></span> 
     </span>
    </p>
   </div>
   <div class='ocr_carea' id='block_1_59' title="bbox 2170 2995 3757 3074">
    <p class='ocr_par' dir='ltr' id='par_1_59' title="bbox 2170 2995 3757 3074">
     <span class='ocr_line' id='line_1_59' title="bbox 2170 2995 3757 3074; baseline 0.007 -24"><span class='ocrx_word' id='word_1_408' title='bbox 2170 2995 2435 3066; x_wconf 85' lang='lat' dir='ltr'><strong>gaudium</strong></span> <span class='ocrx_word' id='word_1_409' title='bbox 2470 2998 2528 3052; x_wconf 89' lang='lat' dir='ltr'><strong>in</strong></span> <span class='ocrx_word' id='word_1_410' title='bbox 2555 2998 2767 3070; x_wconf 88' lang='lat' dir='ltr'><strong>Spiritu</strong></span> <span class='ocrx_word' id='word_1_411' title='bbox 2795 3011 3006 3058; x_wconf 89' lang='lat' dir='ltr'><strong>sancto.</strong></span> <span class='ocrx_word' id='word_1_412' title='bbox 3040 3001 3123 3058; x_wconf 87' lang='lat' dir='ltr'><strong>Ah</strong></span> <span class='ocrx_word' id='word_1_413' title='bbox 3156 3003 3269 3060; x_wconf 91' lang='lat' dir='ltr'><strong>illis</strong></span> <span class='ocrx_word' id='word_1_414' title='bbox 3300 3019 3436 3059; x_wconf 89' lang='lat' dir='ltr'><strong>vero</strong></span> <span class='ocrx_word' id='word_1_415' title='bbox 3473 3003 3572 3074; x_wconf 89' lang='lat' dir='ltr'><strong>qui</strong></span> <span class='ocrx_word' id='word_1_416' title='bbox 3617 3019 3757 3061; x_wconf 89' lang='lat' dir='ltr'><strong>vere</strong></span> 
     </span>
    </p>
   </div>
   <div class='ocr_carea' id='block_1_60' title="bbox 2169 3090 3756 3168">
    <p class='ocr_par' dir='ltr' id='par_1_60' title="bbox 2169 3090 3756 3168">
     <span class='ocr_line' id='line_1_60' title="bbox 2169 3090 3756 3168; baseline 0.005 -21"><span class='ocrx_word' id='word_1_417' title='bbox 2169 3090 2282 3147; x_wconf 86' lang='lat' dir='ltr'><strong>sint</strong></span> <span class='ocrx_word' id='word_1_418' title='bbox 2299 3090 2422 3158; x_wconf 84' lang='lat' dir='ltr'><strong>lilii,</strong></span> <span class='ocrx_word' id='word_1_419' title='bbox 2443 3092 2604 3149; x_wconf 85' lang='lat' dir='ltr'><strong>Pater</strong></span> <span class='ocrx_word' id='word_1_420' title='bbox 2626 3094 2946 3152; x_wconf 91' lang='lat' dir='ltr'><strong>misericors</strong></span> <span class='ocrx_word' id='word_1_421' title='bbox 2963 3096 3184 3168; x_wconf 88' lang='lat' dir='ltr'><strong>quando</strong></span> <span class='ocrx_word' id='word_1_422' title='bbox 3212 3097 3391 3168; x_wconf 89' lang='lat' dir='ltr'><strong>placet</strong></span> <span class='ocrx_word' id='word_1_423' title='bbox 3414 3098 3466 3152; x_wconf 90' lang='lat' dir='ltr'><strong>ei</strong></span> <span class='ocrx_word' id='word_1_424' title='bbox 3491 3098 3756 3155; x_wconf 78' lang='lat' dir='ltr'><strong>effectum</strong></span> 
     </span>
    </p>
   </div>
   <div class='ocr_carea' id='block_1_61' title="bbox 487 3167 3757 3283">
    <p class='ocr_par' dir='ltr' id='par_1_61' title="bbox 487 3167 3757 3283">
     <span class='ocr_line' id='line_1_61' title="bbox 487 3167 3757 3283; baseline 0.004 -50"><span class='ocrx_word' id='word_1_425' title='bbox 487 3185 596 3240; x_wconf 73' lang='lat' dir='ltr'><strong>ties</strong></span> <span class='ocrx_word' id='word_1_426' title='bbox 627 3181 808 3237; x_wconf 86' lang='lat' dir='ltr'><strong>minas</strong></span> <span class='ocrx_word' id='word_1_427' title='bbox 835 3194 1062 3250; x_wconf 86' lang='lat' dir='ltr'><strong>magnas</strong></span> <span class='ocrx_word' id='word_1_428' title='bbox 1085 3193 1156 3234; x_wconf 88' lang='lat' dir='ltr'><strong>ex</strong></span> <span class='ocrx_word' id='word_1_429' title='bbox 1181 3175 1460 3277; x_wconf 51' lang='lat' dir='ltr'><strong>lapidibus</strong></span> <span class='ocrx_word' id='word_1_430' title='bbox 1483 3182 1540 3283; x_wconf 38' lang='lat' dir='ltr'><strong>ett.</strong></span> <span class='ocrx_word' id='word_1_431' title='bbox 1576 3173 1700 3275; x_wconf 44' lang='lat' dir='ltr'><strong>aliis</strong></span> <span class='ocrx_word' id='word_1_432' title='bbox 1728 3167 2069 3283; x_wconf 37' lang='grc' dir='ltr'><strong>Ιοοὶεῐξῑβιίε</strong></span> <span class='ocrx_word' id='word_1_433' title='bbox 2094 3224 2138 3283; x_wconf 73' lang='lat' dir='ltr'>c</span> <span class='ocrx_word' id='word_1_434' title='bbox 2173 3183 2357 3241; x_wconf 88' lang='lat' dir='ltr'><strong>facere</strong></span> <span class='ocrx_word' id='word_1_435' title='bbox 2389 3187 2754 3242; x_wconf 90' lang='lat' dir='ltr'><strong>tentationum</strong></span> <span class='ocrx_word' id='word_1_436' title='bbox 2795 3167 2990 3244; x_wconf 85' lang='lat' dir='ltr'><strong>earum</strong></span> <span class='ocrx_word' id='word_1_437' title='bbox 3017 3231 3033 3256; x_wconf 91' lang='lat'><strong>,</strong></span> <span class='ocrx_word' id='word_1_438' title='bbox 3063 3205 3175 3244; x_wconf 92' lang='lat' dir='ltr'><strong>non</strong></span> <span class='ocrx_word' id='word_1_439' title='bbox 3205 3167 3386 3246; x_wconf 86' lang='lat' dir='ltr'><strong>aufert</strong></span> <span class='ocrx_word' id='word_1_440' title='bbox 3415 3189 3485 3245; x_wconf 92' lang='lat' dir='ltr'><strong>ab</strong></span> <span class='ocrx_word' id='word_1_441' title='bbox 3533 3189 3757 3247; x_wconf 84' lang='lat' dir='ltr'><strong>actione</strong></span> 
     </span>
    </p>
   </div>
   <div class='ocr_carea' id='block_1_62' title="bbox 488 3258 2069 3342">
    <p class='ocr_par' dir='ltr' id='par_1_62' title="bbox 488 3258 2069 3342">
     <span class='ocr_line' id='line_1_62' title="bbox 488 3258 2069 3342; baseline -0.011 -13"><span class='ocrx_word' id='word_1_442' title='bbox 488 3271 694 3330; x_wconf 88' lang='lat' dir='ltr'><strong>similia</strong></span> <span class='ocrx_word' id='word_1_443' title='bbox 738 3286 862 3342; x_wconf 71' lang='lat' dir='ltr'><strong>quae</strong></span> <span class='ocrx_word' id='word_1_444' title='bbox 912 3269 1052 3324; x_wconf 84' lang='lat' dir='ltr'><strong>ﬁunt</strong></span> <span class='ocrx_word' id='word_1_445' title='bbox 1095 3274 1156 3323; x_wconf 87' lang='lat' dir='ltr'><strong>et</strong></span> <span class='ocrx_word' id='word_1_446' title='bbox 1212 3265 1464 3338; x_wconf 89' lang='lat' dir='ltr'><strong>corporis</strong></span> <span class='ocrx_word' id='word_1_447' title='bbox 1513 3263 1809 3319; x_wconf 90' lang='lat' dir='ltr'><strong>fractione.</strong></span> <span class='ocrx_word' id='word_1_448' title='bbox 1862 3258 2069 3318; x_wconf 88' lang='lat' dir='ltr'><strong>Ultimo</strong></span> 
     </span>
    </p>
   </div>
   <div class='ocr_carea' id='block_1_63' title="bbox 489 3351 2073 3436">
    <p class='ocr_par' dir='ltr' id='par_1_63' title="bbox 489 3351 2073 3436">
     <span class='ocr_line' id='line_1_63' title="bbox 489 3351 2073 3436; baseline -0.009 -17"><span class='ocrx_word' id='word_1_449' title='bbox 489 3369 709 3436; x_wconf 79' lang='lat' dir='ltr'><strong>egestas</strong></span> <span class='ocrx_word' id='word_1_450' title='bbox 742 3359 1026 3431; x_wconf 66' lang='lat' dir='ltr'><strong>sapientiae</strong></span> <span class='ocrx_word' id='word_1_451' title='bbox 1058 3365 1310 3413; x_wconf 88' lang='lat' dir='ltr'><strong>nostrum</strong></span> <span class='ocrx_word' id='word_1_452' title='bbox 1350 3370 1448 3412; x_wconf 92' lang='lat' dir='ltr'><strong>cor</strong></span> <span class='ocrx_word' id='word_1_453' title='bbox 1468 3369 1538 3410; x_wconf 90' lang='lat' dir='ltr'><strong>ex</strong></span> <span class='ocrx_word' id='word_1_454' title='bbox 1566 3353 1753 3408; x_wconf 90' lang='lat' dir='ltr'><strong>divina</strong></span> <span class='ocrx_word' id='word_1_455' title='bbox 1777 3351 1982 3406; x_wconf 89' lang='lat' dir='ltr'><strong>virtute</strong></span> <span class='ocrx_word' id='word_1_456' title='bbox 2015 3356 2073 3404; x_wconf 91' lang='lat' dir='ltr'><strong>et</strong></span> 
     </span>
    </p>
   </div>
   <div class='ocr_carea' id='block_1_64' title="bbox 493 3440 2073 3525">
    <p class='ocr_par' dir='ltr' id='par_1_64' title="bbox 493 3440 2073 3525">
     <span class='ocr_line' id='line_1_64' title="bbox 493 3440 2073 3525; baseline -0.009 -15"><span class='ocrx_word' id='word_1_457' title='bbox 493 3469 591 3525; x_wconf 86' lang='lat' dir='ltr'><strong>spe</strong></span> <span class='ocrx_word' id='word_1_458' title='bbox 626 3452 756 3509; x_wconf 84' lang='lat' dir='ltr'><strong>fidei</strong></span> <span class='ocrx_word' id='word_1_459' title='bbox 781 3467 936 3517; x_wconf 71' lang='lat' dir='ltr'><strong>suae;</strong></span> <span class='ocrx_word' id='word_1_460' title='bbox 983 3459 1060 3515; x_wconf 91' lang='lat' dir='ltr'><strong>et,</strong></span> <span class='ocrx_word' id='word_1_461' title='bbox 1089 3457 1152 3504; x_wconf 91' lang='lat' dir='ltr'><strong>ut</strong></span> <span class='ocrx_word' id='word_1_462' title='bbox 1191 3448 1301 3504; x_wconf 92' lang='lat' dir='ltr'><strong>cito</strong></span> <span class='ocrx_word' id='word_1_463' title='bbox 1351 3446 1629 3506; x_wconf 87' lang='lat' dir='ltr'><strong>dicantur.</strong></span> <span class='ocrx_word' id='word_1_464' title='bbox 1663 3449 1935 3514; x_wconf 90' lang='lat' dir='ltr'><strong>quotquot</strong></span> <span class='ocrx_word' id='word_1_465' title='bbox 1964 3440 2073 3496; x_wconf 87' lang='lat' dir='ltr'><strong>im-</strong></span> 
     </span>
    </p>
   </div>
   <div class='ocr_carea' id='block_1_65' title="bbox 492 3531 2074 3619">
    <p class='ocr_par' dir='ltr' id='par_1_65' title="bbox 492 3531 2074 3619">
     <span class='ocr_line' id='line_1_65' title="bbox 492 3531 2074 3619; baseline -0.011 -15"><span class='ocrx_word' id='word_1_466' title='bbox 492 3544 780 3619; x_wconf 87' lang='lat' dir='ltr'><strong>possibilia</strong></span> <span class='ocrx_word' id='word_1_467' title='bbox 803 3550 862 3600; x_wconf 89' lang='lat' dir='ltr'><strong>et</strong></span> <span class='ocrx_word' id='word_1_468' title='bbox 889 3557 1058 3614; x_wconf 91' lang='lat' dir='ltr'><strong>supra</strong></span> <span class='ocrx_word' id='word_1_469' title='bbox 1089 3540 1240 3596; x_wconf 90' lang='lat' dir='ltr'><strong>vires</strong></span> <span class='ocrx_word' id='word_1_470' title='bbox 1263 3546 1415 3603; x_wconf 90' lang='lat' dir='ltr'><strong>sunt,</strong></span> <span class='ocrx_word' id='word_1_471' title='bbox 1453 3535 1797 3592; x_wconf 87' lang='lat' dir='ltr'><strong>inducuntur</strong></span> <span class='ocrx_word' id='word_1_472' title='bbox 1832 3533 1910 3588; x_wconf 90' lang='lat' dir='ltr'><strong>ei.</strong></span> <span class='ocrx_word' id='word_1_473' title='bbox 1945 3531 2074 3587; x_wconf 69' lang='lat' dir='ltr'><strong>llmc</strong></span> 
     </span>
    </p>
   </div>
   <div class='ocr_carea' id='block_1_66' title="bbox 492 3624 2075 3706">
    <p class='ocr_par' dir='ltr' id='par_1_66' title="bbox 492 3624 2075 3706">
     <span class='ocr_line' id='line_1_66' title="bbox 492 3624 2075 3706; baseline -0.009 -12"><span class='ocrx_word' id='word_1_474' title='bbox 492 3645 679 3696; x_wconf 83' lang='lat' dir='ltr'><strong>autem</strong></span> <span class='ocrx_word' id='word_1_475' title='bbox 709 3641 984 3706; x_wconf 87' lang='lat' dir='ltr'><strong>quotquot</strong></span> <span class='ocrx_word' id='word_1_476' title='bbox 1008 3631 1266 3703; x_wconf 89' lang='lat' dir='ltr'><strong>superius</strong></span> <span class='ocrx_word' id='word_1_477' title='bbox 1298 3628 1615 3685; x_wconf 89' lang='lat' dir='ltr'><strong>notavimus</strong></span> <span class='ocrx_word' id='word_1_478' title='bbox 1642 3634 1700 3683; x_wconf 87' lang='lat' dir='ltr'><strong>et</strong></span> <span class='ocrx_word' id='word_1_479' title='bbox 1740 3624 2075 3681; x_wconf 84' lang='lat' dir='ltr'><strong>determina-</strong></span> 
     </span>
    </p>
   </div>
   <div class='ocr_carea' id='block_1_67' title="bbox 495 3717 2076 3793">
    <p class='ocr_par' dir='ltr' id='par_1_67' title="bbox 495 3717 2076 3793">
     <span class='ocr_line' id='line_1_67' title="bbox 495 3717 2076 3793; baseline -0.008 -8"><span class='ocrx_word' id='word_1_480' title='bbox 495 3729 698 3793; x_wconf 89' lang='lat' dir='ltr'><strong>vimus,</strong></span> <span class='ocrx_word' id='word_1_481' title='bbox 724 3724 992 3783; x_wconf 66' lang='lat' dir='ltr'><strong>daemonis</strong></span> <span class='ocrx_word' id='word_1_482' title='bbox 1009 3732 1138 3780; x_wconf 89' lang='lat' dir='ltr'><strong>sunt</strong></span> <span class='ocrx_word' id='word_1_483' title='bbox 1171 3719 1540 3778; x_wconf 89' lang='lat' dir='ltr'><strong>tentationum</strong></span> <span class='ocrx_word' id='word_1_484' title='bbox 1562 3717 1878 3790; x_wconf 69' lang='lat' dir='ltr'><strong>superbiae:</strong></span> <span class='ocrx_word' id='word_1_485' title='bbox 1909 3732 2076 3789; x_wconf 86' lang='lat' dir='ltr'><strong>appa-</strong></span> 
     </span>
    </p>
   </div>
   <div class='ocr_carea' id='block_1_68' title="bbox 497 3807 2078 3889">
    <p class='ocr_par' dir='ltr' id='par_1_68' title="bbox 497 3807 2078 3889">
     <span class='ocr_line' id='line_1_68' title="bbox 497 3807 2078 3889; baseline -0.011 -10"><span class='ocrx_word' id='word_1_486' title='bbox 497 3831 585 3880; x_wconf 89' lang='lat' dir='ltr'><strong>ret</strong></span> <span class='ocrx_word' id='word_1_487' title='bbox 613 3828 796 3876; x_wconf 87' lang='lat' dir='ltr'><strong>autem</strong></span> <span class='ocrx_word' id='word_1_488' title='bbox 824 3816 1160 3889; x_wconf 91' lang='lat' dir='ltr'><strong>principium</strong></span> <span class='ocrx_word' id='word_1_489' title='bbox 1193 3813 1250 3869; x_wconf 91' lang='lat' dir='ltr'><strong>in</strong></span> <span class='ocrx_word' id='word_1_490' title='bbox 1279 3811 1503 3869; x_wconf 88' lang='lat' dir='ltr'><strong>homine</strong></span> <span class='ocrx_word' id='word_1_491' title='bbox 1525 3853 1541 3879; x_wconf 90' lang='lat'><strong>,</strong></span> <span class='ocrx_word' id='word_1_492' title='bbox 1582 3809 1806 3883; x_wconf 90' lang='lat' dir='ltr'><strong>quando</strong></span> <span class='ocrx_word' id='word_1_493' title='bbox 1833 3808 1958 3880; x_wconf 88' lang='lat' dir='ltr'><strong>quis</strong></span> <span class='ocrx_word' id='word_1_494' title='bbox 1994 3807 2078 3862; x_wconf 88' lang='lat' dir='ltr'><strong>in-</strong></span> 
     </span>
    </p>
   </div>
   <div class='ocr_carea' id='block_1_69' title="bbox 496 3899 2078 3986">
    <p class='ocr_par' dir='ltr' id='par_1_69' title="bbox 496 3899 2078 3986">
     <span class='ocr_line' id='line_1_69' title="bbox 496 3899 2078 3986; baseline -0.009 -16"><span class='ocrx_word' id='word_1_495' title='bbox 496 3913 634 3986; x_wconf 85' lang='lat' dir='ltr'><strong>cipit</strong></span> <span class='ocrx_word' id='word_1_496' title='bbox 666 3928 727 3969; x_wconf 88' lang='lat' dir='ltr'><strong>se</strong></span> <span class='ocrx_word' id='word_1_497' title='bbox 760 3911 968 3967; x_wconf 91' lang='lat' dir='ltr'><strong>habere</strong></span> <span class='ocrx_word' id='word_1_498' title='bbox 1014 3906 1317 3980; x_wconf 89' lang='lat' dir='ltr'><strong>sapientem</strong></span> <span class='ocrx_word' id='word_1_499' title='bbox 1352 3905 1408 3960; x_wconf 91' lang='lat' dir='ltr'><strong>in</strong></span> <span class='ocrx_word' id='word_1_500' title='bbox 1458 3904 1638 3961; x_wconf 89' lang='lat' dir='ltr'><strong>oculis</strong></span> <span class='ocrx_word' id='word_1_501' title='bbox 1687 3902 1837 3970; x_wconf 87' lang='lat' dir='ltr'><strong>suis,</strong></span> <span class='ocrx_word' id='word_1_502' title='bbox 1887 3909 1946 3958; x_wconf 91' lang='lat' dir='ltr'><strong>et</strong></span> <span class='ocrx_word' id='word_1_503' title='bbox 1995 3899 2078 3956; x_wconf 90' lang='lat' dir='ltr'><strong>sic</strong></span> 
     </span>
    </p>
   </div>
   <div class='ocr_carea' id='block_1_70' title="bbox 499 3995 2078 4066">
    <p class='ocr_par' dir='ltr' id='par_1_70' title="bbox 499 3995 2078 4066">
     <span class='ocr_line' id='line_1_70' title="bbox 499 3995 2078 4066; baseline -0.01 -3"><span class='ocrx_word' id='word_1_504' title='bbox 499 4013 904 4066; x_wconf 89' lang='lat' dir='ltr'><strong>transmutatur</strong></span> <span class='ocrx_word' id='word_1_505' title='bbox 933 4002 990 4058; x_wconf 93' lang='lat' dir='ltr'><strong>in</strong></span> <span class='ocrx_word' id='word_1_506' title='bbox 1013 4000 1274 4057; x_wconf 91' lang='lat' dir='ltr'><strong>omnibus</strong></span> <span class='ocrx_word' id='word_1_507' title='bbox 1305 3997 1486 4059; x_wconf 85' lang='lat' dir='ltr'><strong>malis.</strong></span> <span class='ocrx_word' id='word_1_508' title='bbox 1519 3995 1823 4053; x_wconf 91' lang='lat' dir='ltr'><strong>secundum</strong></span> <span class='ocrx_word' id='word_1_509' title='bbox 1851 4009 2078 4050; x_wconf 89' lang='lat' dir='ltr'><strong>mensu-</strong></span> 
     </span>
    </p>
   </div>
   <div class='ocr_carea' id='block_1_71' title="bbox 500 4092 2075 4169">
    <p class='ocr_par' dir='ltr' id='par_1_71' title="bbox 500 4092 2075 4169">
     <span class='ocr_line' id='line_1_71' title="bbox 500 4092 2075 4169; baseline -0.009 -13"><span class='ocrx_word' id='word_1_510' title='bbox 500 4115 620 4158; x_wconf 84' lang='lat' dir='ltr'><strong>ram</strong></span> <span class='ocrx_word' id='word_1_511' title='bbox 651 4096 1022 4169; x_wconf 88' lang='lat' dir='ltr'><strong>susceptionis</strong></span> <span class='ocrx_word' id='word_1_512' title='bbox 1075 4094 1394 4168; x_wconf 90' lang='lat' dir='ltr'><strong>hujnsmodi</strong></span> <span class='ocrx_word' id='word_1_513' title='bbox 1445 4092 1845 4165; x_wconf 83' lang='lat' dir='ltr'><strong>cogitationum</strong></span> <span class='ocrx_word' id='word_1_514' title='bbox 1878 4103 2075 4160; x_wconf 87' lang='lat' dir='ltr'><strong>super-</strong></span> 
     </span>
    </p>
   </div>
   <div class='ocr_carea' id='block_1_72' title="bbox 501 4189 2082 4268">
    <p class='ocr_par' dir='ltr' id='par_1_72' title="bbox 501 4189 2082 4268">
     <span class='ocr_line' id='line_1_72' title="bbox 501 4189 2082 4268; baseline -0.012 -12"><span class='ocrx_word' id='word_1_515' title='bbox 501 4198 607 4258; x_wconf 64' lang='lat' dir='ltr'><strong>hia!</strong></span> <span class='ocrx_word' id='word_1_516' title='bbox 635 4215 648 4253; x_wconf 89' lang='lat'>:</span> <span class='ocrx_word' id='word_1_517' title='bbox 685 4211 718 4252; x_wconf 89' lang='lat' dir='ltr'><strong>a</strong></span> <span class='ocrx_word' id='word_1_518' title='bbox 749 4194 1042 4268; x_wconf 89' lang='lat' dir='ltr'><strong>speciebus</strong></span> <span class='ocrx_word' id='word_1_519' title='bbox 1072 4207 1204 4263; x_wconf 91' lang='lat' dir='ltr'><strong>ergo</strong></span> <span class='ocrx_word' id='word_1_520' title='bbox 1229 4189 1628 4262; x_wconf 83' lang='lat' dir='ltr'><strong>cogitationum</strong></span> <span class='ocrx_word' id='word_1_521' title='bbox 1660 4196 1880 4242; x_wconf 90' lang='lat' dir='ltr'><strong>tuarum</strong></span> <span class='ocrx_word' id='word_1_522' title='bbox 1931 4199 2082 4238; x_wconf 86' lang='lat' dir='ltr'><strong>com-</strong></span> 
     </span>
    </p>
   </div>
   <div class='ocr_carea' id='block_1_73' title="bbox 2176 3278 3756 3354">
    <p class='ocr_par' dir='ltr' id='par_1_73' title="bbox 2176 3278 3756 3354">
     <span class='ocr_line' id='line_1_73' title="bbox 2176 3278 3756 3354; baseline 0.004 -22"><span class='ocrx_word' id='word_1_523' title='bbox 2176 3278 2506 3336; x_wconf 88' lang='lat' dir='ltr'><strong>tentationes</strong></span> <span class='ocrx_word' id='word_1_524' title='bbox 2534 3279 2804 3351; x_wconf 87' lang='lat' dir='ltr'><strong>ipsorum,</strong></span> <span class='ocrx_word' id='word_1_525' title='bbox 2835 3281 2932 3338; x_wconf 91' lang='lat' dir='ltr'><strong>sed</strong></span> <span class='ocrx_word' id='word_1_526' title='bbox 2961 3283 3282 3353; x_wconf 89' lang='lat' dir='ltr'><strong>patientiam</strong></span> <span class='ocrx_word' id='word_1_527' title='bbox 3313 3292 3536 3354; x_wconf 68' lang='lat' dir='ltr'><strong>praestat</strong></span> <span class='ocrx_word' id='word_1_528' title='bbox 3563 3283 3646 3338; x_wconf 87' lang='lat' dir='ltr'><strong>eis</strong></span> <span class='ocrx_word' id='word_1_529' title='bbox 3695 3282 3756 3338; x_wconf 90' lang='lat' dir='ltr'><strong>in</strong></span> 
     </span>
    </p>
   </div>
   <div class='ocr_carea' id='block_1_74' title="bbox 2172 3369 3756 3446">
    <p class='ocr_par' dir='ltr' id='par_1_74' title="bbox 2172 3369 3756 3446">
     <span class='ocr_line' id='line_1_74' title="bbox 2172 3369 3756 3446; baseline 0.004 -22"><span class='ocrx_word' id='word_1_530' title='bbox 2172 3369 2308 3440; x_wconf 88' lang='lat' dir='ltr'><strong>ipsis</strong></span> <span class='ocrx_word' id='word_1_531' title='bbox 2331 3410 2346 3434; x_wconf 87' lang='lat'><strong>,</strong></span> <span class='ocrx_word' id='word_1_532' title='bbox 2381 3379 2439 3427; x_wconf 91' lang='lat' dir='ltr'><strong>et</strong></span> <span class='ocrx_word' id='word_1_533' title='bbox 2469 3372 2656 3428; x_wconf 84' lang='lat' dir='ltr'><strong>omnia</strong></span> <span class='ocrx_word' id='word_1_534' title='bbox 2698 3372 2842 3431; x_wconf 89' lang='lat' dir='ltr'><strong>bona</strong></span> <span class='ocrx_word' id='word_1_535' title='bbox 2893 3374 3011 3430; x_wconf 55' lang='lat' dir='ltr'><strong>hare</strong></span> <span class='ocrx_word' id='word_1_536' title='bbox 3042 3382 3100 3431; x_wconf 90' lang='lat' dir='ltr'><strong>et</strong></span> <span class='ocrx_word' id='word_1_537' title='bbox 3138 3375 3193 3431; x_wconf 92' lang='lat' dir='ltr'><strong>in</strong></span> <span class='ocrx_word' id='word_1_538' title='bbox 3239 3375 3509 3446; x_wconf 84' lang='lat' dir='ltr'><strong>patientia</strong></span> <span class='ocrx_word' id='word_1_539' title='bbox 3557 3391 3756 3431; x_wconf 87' lang='lat' dir='ltr'><strong>eorum</strong></span> 
     </span>
    </p>
   </div>
   <div class='ocr_carea' id='block_1_75' title="bbox 2173 3463 3759 3541">
    <p class='ocr_par' dir='ltr' id='par_1_75' title="bbox 2173 3463 3759 3541">
     <span class='ocr_line' id='line_1_75' title="bbox 2173 3463 3759 3541; baseline 0.006 -24"><span class='ocrx_word' id='word_1_540' title='bbox 2173 3463 2372 3534; x_wconf 89' lang='lat' dir='ltr'><strong>recipit</strong></span> <span class='ocrx_word' id='word_1_541' title='bbox 2395 3464 2464 3520; x_wconf 89' lang='lat' dir='ltr'><strong>ad</strong></span> <span class='ocrx_word' id='word_1_542' title='bbox 2494 3464 2892 3536; x_wconf 89' lang='lat' dir='ltr'><strong>perfectionem</strong></span> <span class='ocrx_word' id='word_1_543' title='bbox 2925 3467 3230 3524; x_wconf 92' lang='lat' dir='ltr'><strong>animarum</strong></span> <span class='ocrx_word' id='word_1_544' title='bbox 3262 3469 3759 3541; x_wconf 87' lang='lat' dir='ltr'><strong>ipsarum.Dignos</strong></span> 
     </span>
    </p>
   </div>
   <div class='ocr_carea' id='block_1_76' title="bbox 2173 3554 3757 3632">
    <p class='ocr_par' dir='ltr' id='par_1_76' title="bbox 2173 3554 3757 3632">
     <span class='ocr_line' id='line_1_76' title="bbox 2173 3554 3757 3632; baseline 0.004 -23"><span class='ocrx_word' id='word_1_545' title='bbox 2173 3569 2277 3610; x_wconf 93' lang='lat' dir='ltr'><strong>nos</strong></span> <span class='ocrx_word' id='word_1_546' title='bbox 2317 3554 2486 3628; x_wconf 87' lang='lat' dir='ltr'><strong>igitur</strong></span> <span class='ocrx_word' id='word_1_547' title='bbox 2512 3557 2681 3613; x_wconf 84' lang='lat' dir='ltr'><strong>iaciat</strong></span> <span class='ocrx_word' id='word_1_548' title='bbox 2704 3558 2959 3616; x_wconf 88' lang='lat' dir='ltr'><strong>Christus</strong></span> <span class='ocrx_word' id='word_1_549' title='bbox 3009 3561 3065 3616; x_wconf 91' lang='lat' dir='ltr'><strong>in</strong></span> <span class='ocrx_word' id='word_1_550' title='bbox 3103 3561 3277 3632; x_wconf 90' lang='lat' dir='ltr'><strong>gratia</strong></span> <span class='ocrx_word' id='word_1_551' title='bbox 3309 3578 3408 3618; x_wconf 90' lang='lat' dir='ltr'><strong>sua</strong></span> <span class='ocrx_word' id='word_1_552' title='bbox 3442 3560 3757 3618; x_wconf 91' lang='lat' dir='ltr'><strong>sustinendi</strong></span> 
     </span>
    </p>
   </div>
   <div class='ocr_carea' id='block_1_77' title="bbox 2174 3647 3756 3727">
    <p class='ocr_par' dir='ltr' id='par_1_77' title="bbox 2174 3647 3756 3727">
     <span class='ocr_line' id='line_1_77' title="bbox 2174 3647 3756 3727; baseline 0.008 -26"><span class='ocrx_word' id='word_1_553' title='bbox 2174 3647 2315 3703; x_wconf 88' lang='lat' dir='ltr'><strong>mala</strong></span> <span class='ocrx_word' id='word_1_554' title='bbox 2340 3663 2466 3704; x_wconf 91' lang='lat' dir='ltr'><strong>cum</strong></span> <span class='ocrx_word' id='word_1_555' title='bbox 2490 3665 2680 3708; x_wconf 90' lang='lat' dir='ltr'><strong>amore</strong></span> <span class='ocrx_word' id='word_1_556' title='bbox 2699 3667 2820 3721; x_wconf 88' lang='lat' dir='ltr'><strong>suo,</strong></span> <span class='ocrx_word' id='word_1_557' title='bbox 2855 3663 2913 3710; x_wconf 94' lang='lat' dir='ltr'><strong>et</strong></span> <span class='ocrx_word' id='word_1_558' title='bbox 2938 3669 3064 3710; x_wconf 89' lang='lat' dir='ltr'><strong>cum</strong></span> <span class='ocrx_word' id='word_1_559' title='bbox 3097 3654 3515 3727; x_wconf 88' lang='lat' dir='ltr'><strong>regeneratione</strong></span> <span class='ocrx_word' id='word_1_560' title='bbox 3544 3656 3756 3714; x_wconf 82' lang='lat' dir='ltr'><strong>cordis.</strong></span> 
     </span>
    </p>
   </div>
   <div class='ocr_carea' id='block_1_78' title="bbox 2173 3737 2371 3794">
    <p class='ocr_par' dir='ltr' id='par_1_78' title="bbox 2173 3737 2371 3794">
     <span class='ocr_line' id='line_1_78' title="bbox 2173 3737 2371 3794; baseline 0.005 -1"><span class='ocrx_word' id='word_1_561' title='bbox 2173 3737 2371 3794; x_wconf 84' lang='lat' dir='ltr'><strong>Amen.</strong></span> 
     </span>
    </p>
   </div>
   <div class='ocr_carea' id='block_1_79' title="bbox 2751 3886 3192 3947">
    <p class='ocr_par' dir='ltr' id='par_1_79' title="bbox 2751 3886 3192 3947">
     <span class='ocr_line' id='line_1_79' title="bbox 2751 3886 3192 3947; baseline 0.005 -3"><span class='ocrx_word' id='word_1_562' title='bbox 2751 3886 2978 3947; x_wconf 85' lang='lat' dir='ltr'><strong>CAPUT</strong></span> <span class='ocrx_word' id='word_1_563' title='bbox 3006 3887 3192 3946; x_wconf 78' lang='lat' dir='ltr'><strong>XLIV.</strong></span> 
     </span>
    </p>
   </div>
   <div class='ocr_carea' id='block_1_80' title="bbox 2178 3996 3764 4078">
    <p class='ocr_par' dir='ltr' id='par_1_80' title="bbox 2178 3996 3764 4078">
     <span class='ocr_line' id='line_1_80' title="bbox 2178 3996 3764 4078; baseline 0.009 -26"><span class='ocrx_word' id='word_1_564' title='bbox 2178 3996 2257 4053; x_wconf 84' lang='lat' dir='ltr'><strong>De</strong></span> <span class='ocrx_word' id='word_1_565' title='bbox 2284 3999 2483 4055; x_wconf 78' lang='lat' dir='ltr'><strong>virtute</strong></span> <span class='ocrx_word' id='word_1_566' title='bbox 2509 4000 2779 4073; x_wconf 81' lang='lat' dir='ltr'><strong>corporali</strong></span> <span class='ocrx_word' id='word_1_567' title='bbox 2823 4009 2876 4056; x_wconf 85' lang='lat' dir='ltr'><strong>et</strong></span> <span class='ocrx_word' id='word_1_568' title='bbox 2920 4003 3114 4078; x_wconf 75' lang='lat' dir='ltr'><strong>virtute</strong></span> <span class='ocrx_word' id='word_1_569' title='bbox 3147 4004 3452 4075; x_wconf 78' lang='lat' dir='ltr'><strong>spirituali,</strong></span> <span class='ocrx_word' id='word_1_570' title='bbox 3497 4008 3764 4078; x_wconf 79' lang='lat' dir='ltr'><strong>quomodo</strong></span> 
     </span>
    </p>
   </div>
   <div class='ocr_carea' id='block_1_81' title="bbox 2677 4076 3230 4144">
    <p class='ocr_par' dir='ltr' id='par_1_81' title="bbox 2677 4076 3230 4144">
     <span class='ocr_line' id='line_1_81' title="bbox 2677 4076 3230 4144; baseline 0.007 -19"><span class='ocrx_word' id='word_1_571' title='bbox 2677 4081 2912 4144; x_wconf 84' lang='lat' dir='ltr'><strong>purgant</strong></span> <span class='ocrx_word' id='word_1_572' title='bbox 2946 4076 3230 4130; x_wconf 82' lang='lat' dir='ltr'><strong>hominem.</strong></span> 
     </span>
    </p>
   </div>
   <div class='ocr_carea' id='block_1_82' title="bbox 2251 4179 3764 4262">
    <p class='ocr_par' dir='ltr' id='par_1_82' title="bbox 2251 4179 3764 4262">
     <span class='ocr_line' id='line_1_82' title="bbox 2251 4179 3764 4262; baseline 0.006 -24"><span class='ocrx_word' id='word_1_573' title='bbox 2251 4179 2441 4238; x_wconf 78' lang='lat' dir='ltr'><strong>Virtus</strong></span> <span class='ocrx_word' id='word_1_574' title='bbox 2476 4183 2785 4253; x_wconf 88' lang='lat' dir='ltr'><strong>corporalis</strong></span> <span class='ocrx_word' id='word_1_575' title='bbox 2833 4184 2888 4240; x_wconf 92' lang='lat' dir='ltr'><strong>in</strong></span> <span class='ocrx_word' id='word_1_576' title='bbox 2945 4185 3245 4244; x_wconf 89' lang='lat' dir='ltr'><strong>solitudine</strong></span> <span class='ocrx_word' id='word_1_577' title='bbox 3287 4188 3518 4245; x_wconf 89' lang='lat' dir='ltr'><strong>mundat</strong></span> <span class='ocrx_word' id='word_1_578' title='bbox 3559 4205 3764 4262; x_wconf 86' lang='lat' dir='ltr'><strong>corpus</strong></span> 
     </span>
    </p>
   </div>
   <div class='ocr_carea' id='block_1_83' title="bbox 503 4271 3765 4366">
    <p class='ocr_par' dir='ltr' id='par_1_83' title="bbox 503 4271 3765 4366">
     <span class='ocr_line' id='line_1_83' title="bbox 503 4271 3765 4366; baseline -0.002 -22"><span class='ocrx_word' id='word_1_579' title='bbox 503 4289 783 4366; x_wconf 76' lang='lat' dir='ltr'><strong>prehende</strong></span> <span class='ocrx_word' id='word_1_580' title='bbox 807 4287 952 4342; x_wconf 91' lang='lat' dir='ltr'><strong>viam</strong></span> <span class='ocrx_word' id='word_1_581' title='bbox 981 4283 1310 4341; x_wconf 89' lang='lat' dir='ltr'><strong>subtilitatis</strong></span> <span class='ocrx_word' id='word_1_582' title='bbox 1332 4280 1535 4336; x_wconf 90' lang='lat' dir='ltr'><strong>mentis</strong></span> <span class='ocrx_word' id='word_1_583' title='bbox 1566 4290 1696 4336; x_wconf 62' lang='lat' dir='ltr'><strong>ture.</strong></span> <span class='ocrx_word' id='word_1_584' title='bbox 1725 4276 1881 4346; x_wconf 87' lang='lat' dir='ltr'><strong>Quod</strong></span> <span class='ocrx_word' id='word_1_585' title='bbox 1907 4276 1954 4331; x_wconf 90' lang='lat' dir='ltr'><strong>si</strong></span> <span class='ocrx_word' id='word_1_586' title='bbox 1993 4275 2080 4330; x_wconf 92' lang='lat' dir='ltr'><strong>vi-</strong></span> <span class='ocrx_word' id='word_1_587' title='bbox 2181 4286 2212 4366; x_wconf 78' lang='lat' dir='ltr'><strong>a</strong></span> <span class='ocrx_word' id='word_1_588' title='bbox 2247 4271 2508 4366; x_wconf 79' lang='lat' dir='ltr'><strong>sordibus</strong></span> <span class='ocrx_word' id='word_1_589' title='bbox 2553 4289 2676 4343; x_wconf 69' lang='lat' dir='ltr'><strong>quae</strong></span> <span class='ocrx_word' id='word_1_590' title='bbox 2704 4284 2834 4329; x_wconf 86' lang='lat' dir='ltr'><strong>sunt</strong></span> <span class='ocrx_word' id='word_1_591' title='bbox 2870 4275 2924 4330; x_wconf 94' lang='lat' dir='ltr'><strong>in</strong></span> <span class='ocrx_word' id='word_1_592' title='bbox 2967 4275 3125 4348; x_wconf 89' lang='lat' dir='ltr'><strong>ipso;</strong></span> <span class='ocrx_word' id='word_1_593' title='bbox 3157 4278 3337 4335; x_wconf 88' lang='lat' dir='ltr'><strong>virtus</strong></span> <span class='ocrx_word' id='word_1_594' title='bbox 3380 4295 3513 4336; x_wconf 88' lang='lat' dir='ltr'><strong>vero</strong></span> <span class='ocrx_word' id='word_1_595' title='bbox 3559 4282 3765 4339; x_wconf 89' lang='lat' dir='ltr'><strong>mentis</strong></span> 
     </span>
    </p>
   </div>
   <div class='ocr_carea' id='block_1_84' title="bbox 401 4362 3765 4457">
    <p class='ocr_par' dir='ltr' id='par_1_84' title="bbox 401 4362 3765 4457">
     <span class='ocr_line' id='line_1_84' title="bbox 401 4362 3765 4457; baseline 0.001 -20"><span class='ocrx_word' id='word_1_596' title='bbox 401 4451 405 4457; x_wconf 93' lang='lat'><em>_</em></span> <span class='ocrx_word' id='word_1_597' title='bbox 503 4362 658 4442; x_wconf 75' lang='lat' dir='ltr'><strong>deris</strong></span> <span class='ocrx_word' id='word_1_598' title='bbox 693 4383 909 4452; x_wconf 90' lang='lat' dir='ltr'><strong>aliquas</strong></span> <span class='ocrx_word' id='word_1_599' title='bbox 940 4395 1010 4435; x_wconf 86' lang='lat' dir='ltr'><strong>ex</strong></span> <span class='ocrx_word' id='word_1_600' title='bbox 1035 4378 1125 4434; x_wconf 89' lang='lat' dir='ltr'><strong>his</strong></span> <span class='ocrx_word' id='word_1_601' title='bbox 1152 4375 1554 4434; x_wconf 90' lang='lat' dir='ltr'><strong>tentationibus</strong></span> <span class='ocrx_word' id='word_1_602' title='bbox 1590 4371 1908 4429; x_wconf 91' lang='lat' dir='ltr'><strong>commistas</strong></span> <span class='ocrx_word' id='word_1_603' title='bbox 1954 4383 2079 4424; x_wconf 92' lang='lat' dir='ltr'><strong>cum</strong></span> <span class='ocrx_word' id='word_1_604' title='bbox 2183 4362 2442 4419; x_wconf 73' lang='lat' dir='ltr'><strong>humiliat</strong></span> <span class='ocrx_word' id='word_1_605' title='bbox 2466 4365 2706 4420; x_wconf 80' lang='lat' dir='ltr'><strong>animam</strong></span> <span class='ocrx_word' id='word_1_606' title='bbox 2737 4375 2794 4422; x_wconf 82' lang='lat' dir='ltr'><strong>el</strong></span> <span class='ocrx_word' id='word_1_607' title='bbox 2818 4377 3017 4439; x_wconf 74' lang='lat' dir='ltr'><strong>purgat</strong></span> <span class='ocrx_word' id='word_1_608' title='bbox 3044 4384 3164 4425; x_wconf 76' lang='lat' dir='ltr'><strong>eam</strong></span> <span class='ocrx_word' id='word_1_609' title='bbox 3194 4385 3224 4424; x_wconf 76' lang='lat'><strong>8</strong></span> <span class='ocrx_word' id='word_1_610' title='bbox 3258 4371 3468 4442; x_wconf 70' lang='grc' dir='ltr'><strong>ετοδεῖε</strong></span> <span class='ocrx_word' id='word_1_611' title='bbox 3485 4380 3543 4428; x_wconf 74' lang='grc' dir='ltr'>ει</span> <span class='ocrx_word' id='word_1_612' title='bbox 3575 4375 3765 4444; x_wconf 71' lang='lat' dir='ltr'><strong>Perni-</strong></span> 
     </span>
    </p>
   </div>
   <div class='ocr_carea' id='block_1_85' title="bbox 505 4455 3769 4540">
    <p class='ocr_par' dir='ltr' id='par_1_85' title="bbox 505 4455 3769 4540">
     <span class='ocr_line' id='line_1_85' title="bbox 505 4455 3769 4540; baseline -0.002 -13"><span class='ocrx_word' id='word_1_613' title='bbox 505 4477 628 4535; x_wconf 76' lang='lat' dir='ltr'><strong>aliis</strong></span> <span class='ocrx_word' id='word_1_614' title='bbox 663 4471 1067 4530; x_wconf 87' lang='lat' dir='ltr'><strong>tentationibus</strong></span> <span class='ocrx_word' id='word_1_615' title='bbox 1110 4483 1233 4540; x_wconf 71' lang='lat' dir='ltr'><strong>qua:</strong></span> <span class='ocrx_word' id='word_1_616' title='bbox 1278 4463 1538 4537; x_wconf 89' lang='lat' dir='ltr'><strong>superius</strong></span> <span class='ocrx_word' id='word_1_617' title='bbox 1578 4471 1707 4518; x_wconf 90' lang='lat' dir='ltr'><strong>ante</strong></span> <span class='ocrx_word' id='word_1_618' title='bbox 1738 4462 1901 4517; x_wconf 75' lang='lat' dir='ltr'><strong>dicta:</strong></span> <span class='ocrx_word' id='word_1_619' title='bbox 1931 4468 2080 4525; x_wconf 90' lang='lat' dir='ltr'><strong>sunt,</strong></span> <span class='ocrx_word' id='word_1_620' title='bbox 2184 4455 2353 4512; x_wconf 91' lang='lat' dir='ltr'><strong>ciosis</strong></span> <span class='ocrx_word' id='word_1_621' title='bbox 2385 4458 2780 4526; x_wconf 86' lang='lat' dir='ltr'><strong>intellectibus,</strong></span> <span class='ocrx_word' id='word_1_622' title='bbox 2813 4469 2874 4515; x_wconf 93' lang='lat' dir='ltr'><strong>ut</strong></span> <span class='ocrx_word' id='word_1_623' title='bbox 2903 4471 3192 4517; x_wconf 89' lang='lat' dir='ltr'><strong>moveatur</strong></span> <span class='ocrx_word' id='word_1_624' title='bbox 3219 4463 3405 4532; x_wconf 89' lang='lat' dir='ltr'><strong>potius</strong></span> <span class='ocrx_word' id='word_1_625' title='bbox 3426 4464 3480 4519; x_wconf 93' lang='lat' dir='ltr'><strong>in</strong></span> <span class='ocrx_word' id='word_1_626' title='bbox 3516 4475 3769 4522; x_wconf 80' lang='lat' dir='ltr'><strong>contem-</strong></span> 
     </span>
    </p>
   </div>
   <div class='ocr_carea' id='block_1_86' title="bbox 506 4549 3767 4636">
    <p class='ocr_par' dir='ltr' id='par_1_86' title="bbox 506 4549 3767 4636">
     <span class='ocr_line' id='line_1_86' title="bbox 506 4549 3767 4636; baseline -0.003 -11"><span class='ocrx_word' id='word_1_627' title='bbox 506 4569 648 4626; x_wconf 90' lang='lat' dir='ltr'><strong>scito</strong></span> <span class='ocrx_word' id='word_1_628' title='bbox 673 4565 822 4636; x_wconf 84' lang='lat' dir='ltr'><strong>quod</strong></span> <span class='ocrx_word' id='word_1_629' title='bbox 861 4565 916 4620; x_wconf 92' lang='lat' dir='ltr'><strong>in</strong></span> <span class='ocrx_word' id='word_1_630' title='bbox 948 4570 1219 4634; x_wconf 91' lang='lat' dir='ltr'><strong>quantum</strong></span> <span class='ocrx_word' id='word_1_631' title='bbox 1249 4559 1423 4614; x_wconf 87' lang='lat' dir='ltr'><strong>habes</strong></span> <span class='ocrx_word' id='word_1_632' title='bbox 1455 4572 1522 4612; x_wconf 92' lang='lat' dir='ltr'><strong>ex</strong></span> <span class='ocrx_word' id='word_1_633' title='bbox 1551 4555 1705 4622; x_wconf 88' lang='lat' dir='ltr'><strong>istis,</strong></span> <span class='ocrx_word' id='word_1_634' title='bbox 1760 4555 1817 4610; x_wconf 91' lang='lat' dir='ltr'><strong>in</strong></span> <span class='ocrx_word' id='word_1_635' title='bbox 1865 4561 2079 4608; x_wconf 89' lang='lat' dir='ltr'><strong>tantum</strong></span> <span class='ocrx_word' id='word_1_636' title='bbox 2113 4562 2156 4618; x_wconf 85' lang='grc' dir='ltr'><strong>ι)</strong></span> <span class='ocrx_word' id='word_1_637' title='bbox 2189 4549 2434 4620; x_wconf 88' lang='lat' dir='ltr'><strong>platione</strong></span> <span class='ocrx_word' id='word_1_638' title='bbox 2461 4567 2581 4607; x_wconf 89' lang='lat' dir='ltr'><strong>sua.</strong></span> <span class='ocrx_word' id='word_1_639' title='bbox 2603 4551 2732 4608; x_wconf 66' lang='lat' dir='ltr'><strong>Haec</strong></span> <span class='ocrx_word' id='word_1_640' title='bbox 2760 4563 2946 4610; x_wconf 88' lang='lat' dir='ltr'><strong>autem</strong></span> <span class='ocrx_word' id='word_1_641' title='bbox 2976 4556 3370 4627; x_wconf 86' lang='lat' dir='ltr'><strong>contemplatio</strong></span> <span class='ocrx_word' id='word_1_642' title='bbox 3393 4558 3767 4629; x_wconf 90' lang='lat' dir='ltr'><strong>propinquare</strong></span> 
     </span>
    </p>
   </div>
   <div class='ocr_carea' id='block_1_87' title="bbox 507 4642 3769 4734">
    <p class='ocr_par' dir='ltr' id='par_1_87' title="bbox 507 4642 3769 4734">
     <span class='ocr_line' id='line_1_87' title="bbox 507 4642 3769 4734; baseline -0.003 -16"><span class='ocrx_word' id='word_1_643' title='bbox 507 4659 768 4734; x_wconf 81' lang='lat' dir='ltr'><strong>superbia</strong></span> <span class='ocrx_word' id='word_1_644' title='bbox 803 4657 900 4713; x_wconf 90' lang='lat' dir='ltr'><strong>tibi</strong></span> <span class='ocrx_word' id='word_1_645' title='bbox 931 4653 1204 4726; x_wconf 90' lang='lat' dir='ltr'><strong>contingit</strong></span> <span class='ocrx_word' id='word_1_646' title='bbox 1239 4652 1330 4708; x_wconf 89' lang='lat' dir='ltr'><strong>vel</strong></span> <span class='ocrx_word' id='word_1_647' title='bbox 1373 4647 1664 4706; x_wconf 91' lang='lat' dir='ltr'><strong>incumbit.</strong></span> <span class='ocrx_word' id='word_1_648' title='bbox 2191 4642 2326 4700; x_wconf 89' lang='lat' dir='ltr'><strong>facit</strong></span> <span class='ocrx_word' id='word_1_649' title='bbox 2359 4660 2480 4700; x_wconf 90' lang='lat' dir='ltr'><strong>eam</strong></span> <span class='ocrx_word' id='word_1_650' title='bbox 2509 4645 2578 4700; x_wconf 91' lang='lat' dir='ltr'><strong>ad</strong></span> <span class='ocrx_word' id='word_1_651' title='bbox 2605 4646 2917 4702; x_wconf 89' lang='lat' dir='ltr'><strong>nuditatem</strong></span> <span class='ocrx_word' id='word_1_652' title='bbox 2946 4649 3169 4714; x_wconf 90' lang='lat' dir='ltr'><strong>mentis,</strong></span> <span class='ocrx_word' id='word_1_653' title='bbox 3212 4664 3334 4720; x_wconf 64' lang='lat' dir='ltr'><strong>quae</strong></span> <span class='ocrx_word' id='word_1_654' title='bbox 3370 4660 3602 4707; x_wconf 89' lang='lat' dir='ltr'><strong>vocatur</strong></span> <span class='ocrx_word' id='word_1_655' title='bbox 3629 4668 3769 4709; x_wconf 90' lang='lat' dir='ltr'><strong>con-</strong></span> 
     </span>
    </p>
   </div>
   <div class='ocr_carea' id='block_1_88' title="bbox 1097 4737 3766 4848">
    <p class='ocr_par' dir='ltr' id='par_1_88' title="bbox 1097 4737 3766 4848">
     <span class='ocr_line' id='line_1_88' title="bbox 1097 4737 3766 4848; baseline -0.013 -16"><span class='ocrx_word' id='word_1_656' title='bbox 1097 4788 1324 4848; x_wconf 66' lang='lat' dir='ltr'><strong>CApUT</strong></span> <span class='ocrx_word' id='word_1_657' title='bbox 1353 4787 1518 4843; x_wconf 51' lang='lat' dir='ltr'><strong>XL“.</strong></span> <span class='ocrx_word' id='word_1_658' title='bbox 2193 4737 2476 4848; x_wconf 57' lang='grc' dir='ltr'><strong>ξθῐηβιδξὶο</strong></span> <span class='ocrx_word' id='word_1_659' title='bbox 2495 4738 2894 4848; x_wconf 39' lang='lat' dir='ltr'><strong>immate‘rialis.</strong></span> <span class='ocrx_word' id='word_1_660' title='bbox 2917 4739 2985 4795; x_wconf 85' lang='lat' dir='ltr'><strong>Et</strong></span> <span class='ocrx_word' id='word_1_661' title='bbox 3003 4741 3117 4848; x_wconf 60' lang='lat' dir='ltr'><strong>haec</strong></span> <span class='ocrx_word' id='word_1_662' title='bbox 3131 4750 3216 4797; x_wconf 89' lang='lat' dir='ltr'><strong>est</strong></span> <span class='ocrx_word' id='word_1_663' title='bbox 3232 4741 3536 4845; x_wconf 78' lang='lat' dir='ltr'><strong>spiritualis</strong></span> <span class='ocrx_word' id='word_1_664' title='bbox 3548 4743 3728 4848; x_wconf 76' lang='lat' dir='ltr'><strong>virtus</strong></span> <span class='ocrx_word' id='word_1_665' title='bbox 3747 4763 3766 4813; x_wconf 87' lang='lat'><strong>;</strong></span> 
     </span>
    </p>
   </div>
   <div class='ocr_carea' id='block_1_89' title="bbox 1502 4826 3772 4906">
    <p class='ocr_par' dir='ltr' id='par_1_89' title="bbox 1502 4826 3772 4906">
     <span class='ocr_line' id='line_1_89' title="bbox 1502 4826 3772 4906; baseline 0 -15"><span class='ocrx_word' id='word_1_666' title='bbox 1673 4899 1683 4906; x_wconf 90' lang='lat'>_</span> <span class='ocrx_word' id='word_1_667' title='bbox 1808 4899 1841 4906; x_wconf 10' lang='lat'><strong>_7</strong></span> <span class='ocrx_word' id='word_1_668' title='bbox 2193 4831 2301 4886; x_wconf 91' lang='lat' dir='ltr'><strong>hoc</strong></span> <span class='ocrx_word' id='word_1_669' title='bbox 2335 4830 2485 4885; x_wconf 91' lang='lat' dir='ltr'><strong>enim</strong></span> <span class='ocrx_word' id='word_1_670' title='bbox 2518 4831 2734 4888; x_wconf 87' lang='lat' dir='ltr'><strong>extollit</strong></span> <span class='ocrx_word' id='word_1_671' title='bbox 2761 4832 2999 4892; x_wconf 88' lang='lat' dir='ltr'><strong>animam</strong></span> <span class='ocrx_word' id='word_1_672' title='bbox 3024 4847 3056 4888; x_wconf 91' lang='lat' dir='ltr'><strong>a</strong></span> <span class='ocrx_word' id='word_1_673' title='bbox 3095 4833 3352 4900; x_wconf 87' lang='lat' dir='ltr'><strong>terrenis,</strong></span> <span class='ocrx_word' id='word_1_674' title='bbox 3383 4841 3440 4888; x_wconf 89' lang='lat' dir='ltr'><strong>et</strong></span> <span class='ocrx_word' id='word_1_675' title='bbox 3465 4835 3772 4906; x_wconf 92' lang='lat' dir='ltr'><strong>appropin-</strong></span> 
     </span>
    </p>
   </div>
   <div class='ocr_carea' id='block_1_90' title="bbox 2195 4920 3774 4997">
    <p class='ocr_par' dir='ltr' id='par_1_90' title="bbox 2195 4920 3774 4997">
     <span class='ocr_line' id='line_1_90' title="bbox 2195 4920 3774 4997; baseline 0.005 -22"><span class='ocrx_word' id='word_1_676' title='bbox 2195 4936 2368 4993; x_wconf 89' lang='lat' dir='ltr'><strong>quare</strong></span> <span class='ocrx_word' id='word_1_677' title='bbox 2390 4920 2522 4977; x_wconf 85' lang='lat' dir='ltr'><strong>facit</strong></span> <span class='ocrx_word' id='word_1_678' title='bbox 2550 4938 2671 4977; x_wconf 89' lang='lat' dir='ltr'><strong>eam</strong></span> <span class='ocrx_word' id='word_1_679' title='bbox 2700 4923 2896 4993; x_wconf 68' lang='lat' dir='ltr'><strong>prima:</strong></span> <span class='ocrx_word' id='word_1_680' title='bbox 2919 4924 3369 4995; x_wconf 89' lang='lat' dir='ltr'><strong>contemplationi</strong></span> <span class='ocrx_word' id='word_1_681' title='bbox 3395 4927 3628 4997; x_wconf 88' lang='lat' dir='ltr'><strong>spiritus</strong></span> <span class='ocrx_word' id='word_1_682' title='bbox 3651 4968 3669 4994; x_wconf 89' lang='lat'><strong>,</strong></span> <span class='ocrx_word' id='word_1_683' title='bbox 3713 4936 3774 4983; x_wconf 90' lang='lat' dir='ltr'><strong>et</strong></span> 
     </span>
    </p>
   </div>
   <div class='ocr_carea' id='block_1_91' title="bbox 2195 5013 3771 5089">
    <p class='ocr_par' dir='ltr' id='par_1_91' title="bbox 2195 5013 3771 5089">
     <span class='ocr_line' id='line_1_91' title="bbox 2195 5013 3771 5089; baseline 0.003 -19"><span class='ocrx_word' id='word_1_684' title='bbox 2195 5013 2342 5085; x_wconf 91' lang='lat' dir='ltr'><strong>apud</strong></span> <span class='ocrx_word' id='word_1_685' title='bbox 2365 5015 2537 5070; x_wconf 90' lang='lat' dir='ltr'><strong>Deum</strong></span> <span class='ocrx_word' id='word_1_686' title='bbox 2566 5015 2854 5070; x_wconf 89' lang='lat' dir='ltr'><strong>constituit</strong></span> <span class='ocrx_word' id='word_1_687' title='bbox 2873 5016 3116 5070; x_wconf 90' lang='lat' dir='ltr'><strong>animum</strong></span> <span class='ocrx_word' id='word_1_688' title='bbox 3145 5015 3212 5070; x_wconf 91' lang='lat' dir='ltr'><strong>ad</strong></span> <span class='ocrx_word' id='word_1_689' title='bbox 3243 5018 3771 5089; x_wconf 86' lang='lat' dir='ltr'><strong>contemplationem</strong></span> 
     </span>
    </p>
   </div>
   <div class='ocr_carea' id='block_1_92' title="bbox 2197 5103 3775 5177">
    <p class='ocr_par' dir='ltr' id='par_1_92' title="bbox 2197 5103 3775 5177">
     <span class='ocr_line' id='line_1_92' title="bbox 2197 5103 3775 5177; baseline 0.003 -18"><span class='ocrx_word' id='word_1_690' title='bbox 2197 5105 2386 5177; x_wconf 70' lang='lat' dir='ltr'><strong>gloria:</strong></span> <span class='ocrx_word' id='word_1_691' title='bbox 2419 5103 2737 5168; x_wconf 74' lang='lat' dir='ltr'><strong>ineffabilia,</strong></span> <span class='ocrx_word' id='word_1_692' title='bbox 2765 5120 2888 5175; x_wconf 71' lang='lat' dir='ltr'><strong>qua:</strong></span> <span class='ocrx_word' id='word_1_693' title='bbox 2921 5113 3006 5161; x_wconf 91' lang='lat' dir='ltr'><strong>est</strong></span> <span class='ocrx_word' id='word_1_694' title='bbox 3031 5105 3204 5160; x_wconf 90' lang='lat' dir='ltr'><strong>motio</strong></span> <span class='ocrx_word' id='word_1_695' title='bbox 3232 5103 3621 5165; x_wconf 88' lang='lat' dir='ltr'><strong>intellectuum</strong></span> <span class='ocrx_word' id='word_1_696' title='bbox 3651 5124 3775 5164; x_wconf 85' lang='lat' dir='ltr'><strong>ma-</strong></span> 
     </span>
    </p>
   </div>
   <div class='ocr_carea' id='block_1_93' title="bbox 2198 5197 3775 5273">
    <p class='ocr_par' dir='ltr' id='par_1_93' title="bbox 2198 5197 3775 5273">
     <span class='ocr_line' id='line_1_93' title="bbox 2198 5197 3775 5273; baseline -0.001 -18"><span class='ocrx_word' id='word_1_697' title='bbox 2198 5198 2507 5273; x_wconf 89' lang='lat' dir='ltr'><strong>gnitudinis</strong></span> <span class='ocrx_word' id='word_1_698' title='bbox 2549 5197 2722 5268; x_wconf 92' lang='lat' dir='ltr'><strong>ipsius</strong></span> <span class='ocrx_word' id='word_1_699' title='bbox 2746 5239 2761 5263; x_wconf 91' lang='lat'><strong>,</strong></span> <span class='ocrx_word' id='word_1_700' title='bbox 2801 5207 2858 5253; x_wconf 90' lang='lat' dir='ltr'><strong>et</strong></span> <span class='ocrx_word' id='word_1_701' title='bbox 2901 5207 3120 5270; x_wconf 89' lang='lat' dir='ltr'><strong>separat</strong></span> <span class='ocrx_word' id='word_1_702' title='bbox 3154 5199 3310 5255; x_wconf 89' lang='lat' dir='ltr'><strong>illum</strong></span> <span class='ocrx_word' id='word_1_703' title='bbox 3336 5203 3406 5255; x_wconf 93' lang='lat' dir='ltr'><strong>ab</strong></span> <span class='ocrx_word' id='word_1_704' title='bbox 3434 5201 3540 5256; x_wconf 94' lang='lat' dir='ltr'><strong>hoc</strong></span> <span class='ocrx_word' id='word_1_705' title='bbox 3571 5202 3775 5256; x_wconf 78' lang='lat' dir='ltr'><strong>saeculo</strong></span> 
     </span>
    </p>
   </div>
   <div class='ocr_carea' id='block_1_94' title="bbox 2199 5291 3778 5364">
    <p class='ocr_par' dir='ltr' id='par_1_94' title="bbox 2199 5291 3778 5364">
     <span class='ocr_line' id='line_1_94' title="bbox 2199 5291 3778 5364; baseline 0 -16"><span class='ocrx_word' id='word_1_706' title='bbox 2199 5301 2258 5349; x_wconf 93' lang='lat' dir='ltr'><strong>et</strong></span> <span class='ocrx_word' id='word_1_707' title='bbox 2277 5295 2403 5364; x_wconf 39' lang='lat' dir='ltr'><strong>.ejus</strong></span> <span class='ocrx_word' id='word_1_708' title='bbox 2429 5291 2824 5358; x_wconf 87' lang='lat' dir='ltr'><strong>sensualitate;</strong></span> <span class='ocrx_word' id='word_1_709' title='bbox 2861 5300 2916 5347; x_wconf 92' lang='lat' dir='ltr'><strong>et</strong></span> <span class='ocrx_word' id='word_1_710' title='bbox 2939 5307 3006 5347; x_wconf 88' lang='lat' dir='ltr'><strong>ex</strong></span> <span class='ocrx_word' id='word_1_711' title='bbox 3039 5291 3165 5356; x_wconf 89' lang='lat' dir='ltr'><strong>hoc,</strong></span> <span class='ocrx_word' id='word_1_712' title='bbox 3199 5292 3269 5348; x_wconf 91' lang='lat' dir='ltr'><strong>de</strong></span> <span class='ocrx_word' id='word_1_713' title='bbox 3310 5308 3406 5363; x_wconf 91' lang='lat' dir='ltr'><strong>spe</strong></span> <span class='ocrx_word' id='word_1_714' title='bbox 3449 5302 3640 5349; x_wconf 90' lang='lat' dir='ltr'><strong>nostra</strong></span> <span class='ocrx_word' id='word_1_715' title='bbox 3681 5292 3778 5350; x_wconf 91' lang='lat' dir='ltr'><strong>illa</strong></span> 
     </span>
    </p>
   </div>
   <div class='ocr_carea' id='block_1_95' title="bbox 2201 5383 3778 5457">
    <p class='ocr_par' dir='ltr' id='par_1_95' title="bbox 2201 5383 3778 5457">
     <span class='ocr_line' id='line_1_95' title="bbox 2201 5383 3778 5457; baseline 0.001 -17"><span class='ocrx_word' id='word_1_716' title='bbox 2201 5385 2452 5455; x_wconf 90' lang='lat' dir='ltr'><strong>deposita</strong></span> <span class='ocrx_word' id='word_1_717' title='bbox 2483 5384 2876 5449; x_wconf 85' lang='lat' dir='ltr'><strong>certilicamur,</strong></span> <span class='ocrx_word' id='word_1_718' title='bbox 2916 5391 2973 5438; x_wconf 88' lang='lat' dir='ltr'><strong>et</strong></span> <span class='ocrx_word' id='word_1_719' title='bbox 3004 5383 3072 5438; x_wconf 93' lang='lat' dir='ltr'><strong>ad</strong></span> <span class='ocrx_word' id='word_1_720' title='bbox 3110 5385 3503 5440; x_wconf 87' lang='lat' dir='ltr'><strong>certitudinem</strong></span> <span class='ocrx_word' id='word_1_721' title='bbox 3543 5386 3666 5457; x_wconf 88' lang='lat' dir='ltr'><strong>ejus</strong></span> <span class='ocrx_word' id='word_1_722' title='bbox 3685 5401 3778 5441; x_wconf 88' lang='lat' dir='ltr'><strong>or-</strong></span> 
     </span>
    </p>
   </div>
   <div class='ocr_carea' id='block_1_96' title="bbox 2203 5473 3778 5547">
    <p class='ocr_par' dir='ltr' id='par_1_96' title="bbox 2203 5473 3778 5547">
     <span class='ocr_line' id='line_1_96' title="bbox 2203 5473 3778 5547; baseline 0 -16"><span class='ocrx_word' id='word_1_723' title='bbox 2203 5476 2349 5532; x_wconf 88' lang='lat' dir='ltr'><strong>dinis</strong></span> <span class='ocrx_word' id='word_1_724' title='bbox 2375 5475 2765 5547; x_wconf 89' lang='lat' dir='ltr'><strong>pervenimus;</strong></span> <span class='ocrx_word' id='word_1_725' title='bbox 2799 5483 2855 5529; x_wconf 91' lang='lat' dir='ltr'><strong>et</strong></span> <span class='ocrx_word' id='word_1_726' title='bbox 2884 5474 3000 5530; x_wconf 81' lang='lat' dir='ltr'><strong>haec</strong></span> <span class='ocrx_word' id='word_1_727' title='bbox 3027 5475 3440 5544; x_wconf 86' lang='lat' dir='ltr'><strong>perseverantia</strong></span> <span class='ocrx_word' id='word_1_728' title='bbox 3486 5483 3572 5532; x_wconf 88' lang='lat' dir='ltr'><strong>est</strong></span> <span class='ocrx_word' id='word_1_729' title='bbox 3605 5473 3778 5531; x_wconf 83' lang='lat' dir='ltr'><strong>certi-</strong></span> 
     </span>
    </p>
   </div>
   <div class='ocr_carea' id='block_1_97' title="bbox 2205 5565 3780 5639">
    <p class='ocr_par' dir='ltr' id='par_1_97' title="bbox 2205 5565 3780 5639">
     <span class='ocr_line' id='line_1_97' title="bbox 2205 5565 3780 5639; baseline -0.001 -15"><span class='ocrx_word' id='word_1_730' title='bbox 2205 5570 2418 5634; x_wconf 84' lang='lat' dir='ltr'><strong>ficatio,</strong></span> <span class='ocrx_word' id='word_1_731' title='bbox 2449 5567 2518 5624; x_wconf 92' lang='lat' dir='ltr'><strong>de</strong></span> <span class='ocrx_word' id='word_1_732' title='bbox 2561 5583 2670 5637; x_wconf 90' lang='lat' dir='ltr'><strong>qua</strong></span> <span class='ocrx_word' id='word_1_733' title='bbox 2703 5565 2838 5621; x_wconf 91' lang='lat' dir='ltr'><strong>dicit</strong></span> <span class='ocrx_word' id='word_1_734' title='bbox 2866 5567 3166 5638; x_wconf 85' lang='lat' dir='ltr'><strong>Apostolus</strong></span> <span class='ocrx_word' id='word_1_735' title='bbox 3197 5585 3210 5621; x_wconf 88' lang='lat'><strong>:</strong></span> <span class='ocrx_word' id='word_1_736' title='bbox 3252 5569 3665 5639; x_wconf 87' lang='lat' dir='ltr'><strong>perseverantia</strong></span> <span class='ocrx_word' id='word_1_737' title='bbox 3695 5579 3780 5624; x_wconf 87' lang='lat' dir='ltr'><strong>est</strong></span> 
     </span>
    </p>
   </div>
   <div class='ocr_carea' id='block_1_98' title="bbox 2204 5659 3780 5733">
    <p class='ocr_par' dir='ltr' id='par_1_98' title="bbox 2204 5659 3780 5733">
     <span class='ocr_line' id='line_1_98' title="bbox 2204 5659 3780 5733; baseline -0.004 -13"><span class='ocrx_word' id='word_1_738' title='bbox 2204 5661 2555 5725; x_wconf 88' lang='lat' dir='ltr'><strong>certilicatio,</strong></span> <span class='ocrx_word' id='word_1_739' title='bbox 2587 5659 2643 5714; x_wconf 91' lang='lat' dir='ltr'><strong>in</strong></span> <span class='ocrx_word' id='word_1_740' title='bbox 2663 5675 2774 5728; x_wconf 91' lang='lat' dir='ltr'><strong>qua</strong></span> <span class='ocrx_word' id='word_1_741' title='bbox 2798 5660 3013 5714; x_wconf 63' lang='lat' dir='ltr'><strong>laetatur</strong></span> <span class='ocrx_word' id='word_1_742' title='bbox 3038 5675 3194 5716; x_wconf 90' lang='lat' dir='ltr'><strong>mens</strong></span> <span class='ocrx_word' id='word_1_743' title='bbox 3219 5660 3666 5733; x_wconf 86' lang='lat' dir='ltr'><strong>intelligihiliter,</strong></span> <span class='ocrx_word' id='word_1_744' title='bbox 3697 5660 3780 5714; x_wconf 83' lang='lat' dir='ltr'><strong>vi-</strong></span> 
     </span>
    </p>
   </div>
   <div class='ocr_carea' id='block_1_99' title="bbox 2205 5751 3777 5824">
    <p class='ocr_par' dir='ltr' id='par_1_99' title="bbox 2205 5751 3777 5824">
     <span class='ocr_line' id='line_1_99' title="bbox 2205 5751 3777 5824; baseline -0.003 -13"><span class='ocrx_word' id='word_1_745' title='bbox 2205 5755 2408 5812; x_wconf 88' lang='lat' dir='ltr'><strong>delicet</strong></span> <span class='ocrx_word' id='word_1_746' title='bbox 2426 5753 2481 5808; x_wconf 93' lang='lat' dir='ltr'><strong>in</strong></span> <span class='ocrx_word' id='word_1_747' title='bbox 2500 5767 2596 5824; x_wconf 91' lang='lat' dir='ltr'><strong>spe</strong></span> <span class='ocrx_word' id='word_1_748' title='bbox 2621 5751 2894 5823; x_wconf 90' lang='lat' dir='ltr'><strong>promissa</strong></span> <span class='ocrx_word' id='word_1_749' title='bbox 2915 5751 3098 5808; x_wconf 91' lang='lat' dir='ltr'><strong>nobis.</strong></span> <span class='ocrx_word' id='word_1_750' title='bbox 3123 5752 3263 5820; x_wconf 90' lang='lat' dir='ltr'><strong>Quid</strong></span> <span class='ocrx_word' id='word_1_751' title='bbox 3291 5763 3476 5808; x_wconf 89' lang='lat' dir='ltr'><strong>autem</strong></span> <span class='ocrx_word' id='word_1_752' title='bbox 3501 5753 3614 5809; x_wconf 87' lang='lat' dir='ltr'><strong>sint</strong></span> <span class='ocrx_word' id='word_1_753' title='bbox 3639 5751 3777 5815; x_wconf 69' lang='lat' dir='ltr'><strong>haec,</strong></span> 
     </span>
    </p>
   </div>
   <div class='ocr_carea' id='block_1_100' title="bbox 2206 5843 3773 5926">
    <p class='ocr_par' dir='ltr' id='par_1_100' title="bbox 2206 5843 3773 5926">
     <span class='ocr_line' id='line_1_100' title="bbox 2206 5843 3773 5926; baseline -0.003 -20"><span class='ocrx_word' id='word_1_754' title='bbox 2206 5858 2261 5906; x_wconf 87' lang='lat' dir='ltr'><strong>et</strong></span> <span class='ocrx_word' id='word_1_755' title='bbox 2287 5845 2567 5926; x_wconf 82' lang='lat' dir='ltr'><strong>quomodo</strong></span> <span class='ocrx_word' id='word_1_756' title='bbox 2605 5844 2890 5924; x_wconf 83' lang='lat' dir='ltr'><strong>quodlibet</strong></span> <span class='ocrx_word' id='word_1_757' title='bbox 2921 5845 3154 5903; x_wconf 90' lang='lat' dir='ltr'><strong>istorum</strong></span> <span class='ocrx_word' id='word_1_758' title='bbox 3186 5854 3268 5903; x_wconf 86' lang='lat' dir='ltr'><strong>est</strong></span> <span class='ocrx_word' id='word_1_759' title='bbox 3293 5885 3307 5912; x_wconf 89' lang='lat'><strong>,</strong></span> <span class='ocrx_word' id='word_1_760' title='bbox 3340 5845 3492 5902; x_wconf 90' lang='lat' dir='ltr'><strong>audi.</strong></span> <span class='ocrx_word' id='word_1_761' title='bbox 3527 5843 3773 5902; x_wconf 82' lang='lat' dir='ltr'><strong>Conver-</strong></span> 
     </span>
    </p>
   </div>
   <div class='ocr_carea' id='block_1_101' title="bbox 628 4899 1980 4980">
    <p class='ocr_par' dir='ltr' id='par_1_101' title="bbox 628 4899 1980 4980">
     <span class='ocr_line' id='line_1_101' title="bbox 628 4899 1980 4980; baseline -0.01 -15"><span class='ocrx_word' id='word_1_762' title='bbox 628 4908 785 4977; x_wconf 82' lang='lat' dir='ltr'><strong>Quod</strong></span> <span class='ocrx_word' id='word_1_763' title='bbox 819 4905 1078 4980; x_wconf 80' lang='lat' dir='ltr'><strong>patientia</strong></span> <span class='ocrx_word' id='word_1_764' title='bbox 1105 4903 1333 4958; x_wconf 77' lang='lat' dir='ltr'><strong>hominis</strong></span> <span class='ocrx_word' id='word_1_765' title='bbox 1368 4900 1578 4972; x_wconf 81' lang='lat' dir='ltr'><strong>repellit</strong></span> <span class='ocrx_word' id='word_1_766' title='bbox 1613 4899 1980 4955; x_wconf 77' lang='lat' dir='ltr'><strong>adversitates.</strong></span> 
     </span>
    </p>
   </div>
   <div class='ocr_carea' id='block_1_102' title="bbox 580 5013 2088 5084">
    <p class='ocr_par' dir='ltr' id='par_1_102' title="bbox 580 5013 2088 5084">
     <span class='ocr_line' id='line_1_102' title="bbox 580 5013 2088 5084; baseline -0.008 -6"><span class='ocrx_word' id='word_1_767' title='bbox 580 5021 736 5077; x_wconf 77' lang='lat' dir='ltr'><strong>Mens</strong></span> <span class='ocrx_word' id='word_1_768' title='bbox 765 5015 1132 5074; x_wconf 90' lang='lat' dir='ltr'><strong>adversitates</strong></span> <span class='ocrx_word' id='word_1_769' title='bbox 1155 5022 1211 5069; x_wconf 89' lang='lat' dir='ltr'><strong>et</strong></span> <span class='ocrx_word' id='word_1_770' title='bbox 1241 5013 1632 5069; x_wconf 88' lang='lat' dir='ltr'><strong>tribulationes</strong></span> <span class='ocrx_word' id='word_1_771' title='bbox 1659 5028 1782 5083; x_wconf 60' lang='lat' dir='ltr'><strong>quae</strong></span> <span class='ocrx_word' id='word_1_772' title='bbox 1814 5027 1927 5068; x_wconf 89' lang='lat' dir='ltr'><strong>non</strong></span> <span class='ocrx_word' id='word_1_773' title='bbox 1959 5028 2088 5084; x_wconf 87' lang='lat' dir='ltr'><strong>par-</strong></span> 
     </span>
    </p>
   </div>
   <div class='ocr_carea' id='block_1_103' title="bbox 513 5105 2089 5185">
    <p class='ocr_par' dir='ltr' id='par_1_103' title="bbox 513 5105 2089 5185">
     <span class='ocr_line' id='line_1_103' title="bbox 513 5105 2089 5185; baseline -0.007 -14"><span class='ocrx_word' id='word_1_774' title='bbox 513 5115 726 5185; x_wconf 89' lang='lat' dir='ltr'><strong>ticipat,</strong></span> <span class='ocrx_word' id='word_1_775' title='bbox 763 5108 1043 5182; x_wconf 67' lang='lat' dir='ltr'><strong>patientia:</strong></span> <span class='ocrx_word' id='word_1_776' title='bbox 1063 5107 1266 5177; x_wconf 89' lang='lat' dir='ltr'><strong>duplex</strong></span> <span class='ocrx_word' id='word_1_777' title='bbox 1284 5105 1452 5161; x_wconf 88' lang='lat' dir='ltr'><strong>habet</strong></span> <span class='ocrx_word' id='word_1_778' title='bbox 1474 5115 1837 5161; x_wconf 88' lang='lat' dir='ltr'><strong>tormentum.</strong></span> <span class='ocrx_word' id='word_1_779' title='bbox 1866 5105 2089 5161; x_wconf 83' lang='lat' dir='ltr'><strong>Patien-</strong></span> 
     </span>
    </p>
   </div>
   <div class='ocr_carea' id='block_1_104' title="bbox 513 5197 2093 5269">
    <p class='ocr_par' dir='ltr' id='par_1_104' title="bbox 513 5197 2093 5269">
     <span class='ocr_line' id='line_1_104' title="bbox 513 5197 2093 5269; baseline -0.006 -8"><span class='ocrx_word' id='word_1_780' title='bbox 513 5208 591 5261; x_wconf 90' lang='lat' dir='ltr'><strong>tia</strong></span> <span class='ocrx_word' id='word_1_781' title='bbox 622 5204 772 5260; x_wconf 89' lang='lat' dir='ltr'><strong>enim</strong></span> <span class='ocrx_word' id='word_1_782' title='bbox 810 5199 1054 5256; x_wconf 87' lang='lat' dir='ltr'><strong>hominis</strong></span> <span class='ocrx_word' id='word_1_783' title='bbox 1087 5199 1305 5269; x_wconf 85' lang='lat' dir='ltr'><strong>repellit</strong></span> <span class='ocrx_word' id='word_1_784' title='bbox 1344 5198 1710 5254; x_wconf 89' lang='lat' dir='ltr'><strong>adversitates</strong></span> <span class='ocrx_word' id='word_1_785' title='bbox 1742 5198 1884 5269; x_wconf 80' lang='lat' dir='ltr'><strong>ejus.</strong></span> <span class='ocrx_word' id='word_1_786' title='bbox 1914 5197 2093 5253; x_wconf 88' lang='lat' dir='ltr'><strong>Pusil-</strong></span> 
     </span>
    </p>
   </div>
   <div class='ocr_carea' id='block_1_105' title="bbox 514 5291 2094 5357">
    <p class='ocr_par' dir='ltr' id='par_1_105' title="bbox 514 5291 2094 5357">
     <span class='ocr_line' id='line_1_105' title="bbox 514 5291 2094 5357; baseline -0.007 0"><span class='ocrx_word' id='word_1_787' title='bbox 514 5296 790 5357; x_wconf 88' lang='lat' dir='ltr'><strong>lanimitas</strong></span> <span class='ocrx_word' id='word_1_788' title='bbox 811 5293 959 5351; x_wconf 91' lang='lat' dir='ltr'><strong>enim</strong></span> <span class='ocrx_word' id='word_1_789' title='bbox 997 5303 1174 5350; x_wconf 88' lang='lat' dir='ltr'><strong>mater</strong></span> <span class='ocrx_word' id='word_1_790' title='bbox 1198 5301 1285 5348; x_wconf 88' lang='lat' dir='ltr'><strong>est</strong></span> <span class='ocrx_word' id='word_1_791' title='bbox 1323 5292 1624 5347; x_wconf 90' lang='lat' dir='ltr'><strong>cruciatus.</strong></span> <span class='ocrx_word' id='word_1_792' title='bbox 1651 5291 1924 5348; x_wconf 86' lang='lat' dir='ltr'><strong>Patientia</strong></span> <span class='ocrx_word' id='word_1_793' title='bbox 1957 5305 2094 5346; x_wconf 89' lang='lat' dir='ltr'><strong>vero</strong></span> 
     </span>
    </p>
   </div>
   <div class='ocr_carea' id='block_1_106' title="bbox 517 5383 2094 5454">
    <p class='ocr_par' dir='ltr' id='par_1_106' title="bbox 517 5383 2094 5454">
     <span class='ocr_line' id='line_1_106' title="bbox 517 5383 2094 5454; baseline -0.007 -7"><span class='ocrx_word' id='word_1_794' title='bbox 517 5399 695 5449; x_wconf 88' lang='lat' dir='ltr'><strong>mater</strong></span> <span class='ocrx_word' id='word_1_795' title='bbox 727 5398 811 5445; x_wconf 90' lang='lat' dir='ltr'><strong>est</strong></span> <span class='ocrx_word' id='word_1_796' title='bbox 833 5386 1252 5444; x_wconf 89' lang='lat' dir='ltr'><strong>consolationis.</strong></span> <span class='ocrx_word' id='word_1_797' title='bbox 1284 5385 1354 5439; x_wconf 88' lang='lat' dir='ltr'><strong>Et</strong></span> <span class='ocrx_word' id='word_1_798' title='bbox 1394 5384 1573 5439; x_wconf 89' lang='lat' dir='ltr'><strong>virtus</strong></span> <span class='ocrx_word' id='word_1_799' title='bbox 1618 5383 1869 5454; x_wconf 81' lang='lat' dir='ltr'><strong>quaedam</strong></span> <span class='ocrx_word' id='word_1_800' title='bbox 1903 5397 2025 5453; x_wconf 81' lang='lat' dir='ltr'><strong>quae</strong></span> <span class='ocrx_word' id='word_1_801' title='bbox 2063 5396 2094 5436; x_wconf 88' lang='lat' dir='ltr'><strong>a</strong></span> 
     </span>
    </p>
   </div>
   <div class='ocr_carea' id='block_1_107' title="bbox 517 5470 2097 5547">
    <p class='ocr_par' dir='ltr' id='par_1_107' title="bbox 517 5470 2097 5547">
     <span class='ocr_line' id='line_1_107' title="bbox 517 5470 2097 5547; baseline -0.009 -7"><span class='ocrx_word' id='word_1_802' title='bbox 517 5481 811 5541; x_wconf 86' lang='lat' dir='ltr'><strong>latitudine</strong></span> <span class='ocrx_word' id='word_1_803' title='bbox 845 5479 1032 5536; x_wconf 85' lang='lat' dir='ltr'><strong>cordis</strong></span> <span class='ocrx_word' id='word_1_804' title='bbox 1059 5478 1227 5533; x_wconf 89' lang='lat' dir='ltr'><strong>habet</strong></span> <span class='ocrx_word' id='word_1_805' title='bbox 1255 5476 1392 5532; x_wconf 90' lang='lat' dir='ltr'><strong>oriri</strong></span> <span class='ocrx_word' id='word_1_806' title='bbox 1418 5494 1432 5543; x_wconf 90' lang='lat'><strong>;</strong></span> <span class='ocrx_word' id='word_1_807' title='bbox 1459 5491 1626 5547; x_wconf 89' lang='lat' dir='ltr'><strong>quam</strong></span> <span class='ocrx_word' id='word_1_808' title='bbox 1656 5475 1923 5530; x_wconf 89' lang='lat' dir='ltr'><strong>virtutem</strong></span> <span class='ocrx_word' id='word_1_809' title='bbox 1952 5470 2097 5528; x_wconf 78' lang='lat' dir='ltr'><strong>ditii-</strong></span> 
     </span>
    </p>
   </div>
   <div class='ocr_carea' id='block_1_108' title="bbox 518 5564 2100 5632">
    <p class='ocr_par' dir='ltr' id='par_1_108' title="bbox 518 5564 2100 5632">
     <span class='ocr_line' id='line_1_108' title="bbox 518 5564 2100 5632; baseline -0.007 -1"><span class='ocrx_word' id='word_1_810' title='bbox 518 5577 624 5632; x_wconf 88' lang='lat' dir='ltr'><strong>cile</strong></span> <span class='ocrx_word' id='word_1_811' title='bbox 649 5583 733 5630; x_wconf 91' lang='lat' dir='ltr'><strong>est</strong></span> <span class='ocrx_word' id='word_1_812' title='bbox 766 5571 1045 5628; x_wconf 73' lang='lat' dir='ltr'><strong>hominem</strong></span> <span class='ocrx_word' id='word_1_813' title='bbox 1096 5569 1345 5626; x_wconf 90' lang='lat' dir='ltr'><strong>invenire</strong></span> <span class='ocrx_word' id='word_1_814' title='bbox 1383 5569 1439 5624; x_wconf 90' lang='lat' dir='ltr'><strong>in</strong></span> <span class='ocrx_word' id='word_1_815' title='bbox 1471 5566 1928 5624; x_wconf 86' lang='lat' dir='ltr'><strong>tribulationibus</strong></span> <span class='ocrx_word' id='word_1_816' title='bbox 1983 5564 2100 5620; x_wconf 91' lang='lat' dir='ltr'><strong>suis</strong></span> 
     </span>
    </p>
   </div>
   <div class='ocr_carea' id='block_1_109' title="bbox 519 5659 2098 5738">
    <p class='ocr_par' dir='ltr' id='par_1_109' title="bbox 519 5659 2098 5738">
     <span class='ocr_line' id='line_1_109' title="bbox 519 5659 2098 5738; baseline -0.004 -16"><span class='ocrx_word' id='word_1_817' title='bbox 519 5667 729 5738; x_wconf 88' lang='lat' dir='ltr'><strong>absque</strong></span> <span class='ocrx_word' id='word_1_818' title='bbox 759 5666 947 5721; x_wconf 89' lang='lat' dir='ltr'><strong>divino</strong></span> <span class='ocrx_word' id='word_1_819' title='bbox 987 5664 1320 5720; x_wconf 89' lang='lat' dir='ltr'><strong>charismate</strong></span> <span class='ocrx_word' id='word_1_820' title='bbox 1345 5706 1360 5731; x_wconf 90' lang='lat'><strong>,</strong></span> <span class='ocrx_word' id='word_1_821' title='bbox 1420 5679 1543 5735; x_wconf 64' lang='lat' dir='ltr'><strong>quae</strong></span> <span class='ocrx_word' id='word_1_822' title='bbox 1575 5678 1643 5719; x_wconf 92' lang='lat' dir='ltr'><strong>ex</strong></span> <span class='ocrx_word' id='word_1_823' title='bbox 1685 5659 2098 5732; x_wconf 72' lang='lat' dir='ltr'><strong>perseverantia</strong></span> 
     </span>
    </p>
   </div>
   <div class='ocr_carea' id='block_1_110' title="bbox 519 5753 1917 5832">
    <p class='ocr_par' dir='ltr' id='par_1_110' title="bbox 519 5753 1917 5832">
     <span class='ocr_line' id='line_1_110' title="bbox 519 5753 1917 5832; baseline -0.006 -15"><span class='ocrx_word' id='word_1_824' title='bbox 519 5759 789 5823; x_wconf 84' lang='lat' dir='ltr'><strong>orationis</strong></span> <span class='ocrx_word' id='word_1_825' title='bbox 817 5757 1097 5822; x_wconf 89' lang='lat' dir='ltr'><strong>invenitur</strong></span> <span class='ocrx_word' id='word_1_826' title='bbox 1130 5767 1189 5814; x_wconf 90' lang='lat' dir='ltr'><strong>et</strong></span> <span class='ocrx_word' id='word_1_827' title='bbox 1215 5757 1582 5832; x_wconf 75' lang='lat' dir='ltr'><strong>lacrymarum</strong></span> <span class='ocrx_word' id='word_1_828' title='bbox 1621 5753 1917 5814; x_wconf 77' lang='lat' dir='ltr'><strong>effusione.</strong></span> 
     </span>
    </p>
   </div>
  </div>
