  <div class='ocr_page' id='page_1' title='image "/cluster/home/n/w/nwhite01/storage/ocr_20150623/86:1/hvd.32044019208909/444.png"; bbox 0 0 4112 6544; ppageno 0'>
   <div class='ocr_carea' id='block_1_1' title="bbox 323 448 430 516">
    <p class='ocr_par' dir='ltr' id='par_1_1' title="bbox 323 448 430 516">
     <span class='ocr_line' id='line_1_1' title="bbox 323 448 430 516; baseline -0.009 0"><span class='ocrx_word' id='word_1_1' title='bbox 323 448 430 516; x_wconf 83' lang='grc'><strong>873</strong></span> 
     </span>
    </p>
   </div>
   <div class='ocr_carea' id='block_1_2' title="bbox 1393 433 2540 502">
    <p class='ocr_par' dir='ltr' id='par_1_2' title="bbox 1393 433 2540 502">
     <span class='ocr_line' id='line_1_2' title="bbox 1393 433 2540 502; baseline 0.008 -10"><span class='ocrx_word' id='word_1_2' title='bbox 1393 434 1613 494; x_wconf 70' lang='lat' dir='ltr'><strong>LIBER</strong></span> <span class='ocrx_word' id='word_1_3' title='bbox 1659 436 1756 497; x_wconf 73' lang='lat' dir='ltr'><strong>DE</strong></span> <span class='ocrx_word' id='word_1_4' title='bbox 1789 433 2243 502; x_wconf 77' lang='lat' dir='ltr'><strong>CONTEMPTU</strong></span> <span class='ocrx_word' id='word_1_5' title='bbox 2285 437 2540 501; x_wconf 88' lang='lat' dir='ltr'><strong>MUNDI</strong></span> 
     </span>
    </p>
   </div>
   <div class='ocr_carea' id='block_1_3' title="bbox 3487 402 3669 512">
    <p class='ocr_par' dir='ltr' id='par_1_3' title="bbox 3487 402 3669 512">
     <span class='ocr_line' id='line_1_3' title="bbox 3487 402 3669 512; baseline 0 0"><span class='ocrx_word' id='word_1_6' title='bbox 3487 442 3597 512; x_wconf 71' lang='lat' dir='ltr'><strong>stt</strong></span> <span class='ocrx_word' id='word_1_7' title='bbox 3666 402 3669 405; x_wconf 54' lang='grc'><em>’</em></span> 
     </span>
    </p>
   </div>
   <div class='ocr_carea' id='block_1_4' title="bbox 323 553 3594 633">
    <p class='ocr_par' dir='ltr' id='par_1_4' title="bbox 323 553 3594 633">
     <span class='ocr_line' id='line_1_4' title="bbox 323 553 3594 633; baseline 0 -12"><span class='ocrx_word' id='word_1_8' title='bbox 323 564 597 622; x_wconf 73' lang='lat' dir='ltr'><strong>sationem</strong></span> <span class='ocrx_word' id='word_1_9' title='bbox 625 561 972 633; x_wconf 84' lang='lat' dir='ltr'><strong>corporalem</strong></span> <span class='ocrx_word' id='word_1_10' title='bbox 1021 573 1145 630; x_wconf 76' lang='lat' dir='ltr'><strong>qua:</strong></span> <span class='ocrx_word' id='word_1_11' title='bbox 1191 553 1507 613; x_wconf 89' lang='lat' dir='ltr'><strong>secundum</strong></span> <span class='ocrx_word' id='word_1_12' title='bbox 1556 567 1760 623; x_wconf 88' lang='lat' dir='ltr'><strong>corpus</strong></span> <span class='ocrx_word' id='word_1_13' title='bbox 1798 562 1906 620; x_wconf 90' lang='lat' dir='ltr'><strong>est,</strong></span> <span class='ocrx_word' id='word_1_14' title='bbox 1937 555 1984 613; x_wconf 77' lang='grc' dir='ltr'><strong>Α</strong></span> <span class='ocrx_word' id='word_1_15' title='bbox 2010 553 2252 626; x_wconf 86' lang='lat' dir='ltr'><strong>jusmodi</strong></span> <span class='ocrx_word' id='word_1_16' title='bbox 2280 554 2467 619; x_wconf 86' lang='lat' dir='ltr'><strong>rebus,</strong></span> <span class='ocrx_word' id='word_1_17' title='bbox 2496 565 2553 610; x_wconf 92' lang='lat' dir='ltr'><strong>et</strong></span> <span class='ocrx_word' id='word_1_18' title='bbox 2580 564 2851 626; x_wconf 88' lang='lat' dir='ltr'><strong>quantum</strong></span> <span class='ocrx_word' id='word_1_19' title='bbox 2883 553 3077 612; x_wconf 90' lang='lat' dir='ltr'><strong>deceat</strong></span> <span class='ocrx_word' id='word_1_20' title='bbox 3110 556 3167 613; x_wconf 93' lang='lat' dir='ltr'><strong>in</strong></span> <span class='ocrx_word' id='word_1_21' title='bbox 3198 558 3332 632; x_wconf 74' lang='lat' dir='ltr'><strong>ipsis</strong></span> <span class='ocrx_word' id='word_1_22' title='bbox 3364 568 3594 632; x_wconf 80' lang='lat' dir='ltr'><strong>morari,</strong></span> 
     </span>
    </p>
   </div>
   <div class='ocr_carea' id='block_1_5' title="bbox 323 644 1910 726">
    <p class='ocr_par' dir='ltr' id='par_1_5' title="bbox 323 644 1910 726">
     <span class='ocr_line' id='line_1_5' title="bbox 323 644 1910 726; baseline -0.008 -15"><span class='ocrx_word' id='word_1_23' title='bbox 323 665 487 712; x_wconf 88' lang='lat' dir='ltr'><strong>vocat</strong></span> <span class='ocrx_word' id='word_1_24' title='bbox 527 657 837 726; x_wconf 79' lang='lat' dir='ltr'><strong>corporalia</strong></span> <span class='ocrx_word' id='word_1_25' title='bbox 867 668 1037 724; x_wconf 83' lang='lat' dir='ltr'><strong>opera</strong></span> <span class='ocrx_word' id='word_1_26' title='bbox 1084 666 1208 722; x_wconf 80' lang='lat' dir='ltr'><strong>quae</strong></span> <span class='ocrx_word' id='word_1_27' title='bbox 1243 650 1382 704; x_wconf 98' lang='lat' dir='ltr'><strong>ﬁunt</strong></span> <span class='ocrx_word' id='word_1_28' title='bbox 1412 662 1483 702; x_wconf 84' lang='lat' dir='ltr'><strong>ex</strong></span> <span class='ocrx_word' id='word_1_29' title='bbox 1522 644 1910 704; x_wconf 75' lang='lat' dir='ltr'><strong>emendatione</strong></span> 
     </span>
    </p>
   </div>
   <div class='ocr_carea' id='block_1_6' title="bbox 321 736 1910 813">
    <p class='ocr_par' dir='ltr' id='par_1_6' title="bbox 321 736 1910 813">
     <span class='ocr_line' id='line_1_6' title="bbox 321 736 1910 813; baseline -0.011 -7"><span class='ocrx_word' id='word_1_30' title='bbox 321 748 513 806; x_wconf 90' lang='lat' dir='ltr'><strong>carnis</strong></span> <span class='ocrx_word' id='word_1_31' title='bbox 537 748 594 804; x_wconf 91' lang='lat' dir='ltr'><strong>in</strong></span> <span class='ocrx_word' id='word_1_32' title='bbox 623 748 843 803; x_wconf 89' lang='lat' dir='ltr'><strong>actione</strong></span> <span class='ocrx_word' id='word_1_33' title='bbox 894 744 1121 801; x_wconf 88' lang='lat' dir='ltr'><strong>virtutis</strong></span> <span class='ocrx_word' id='word_1_34' title='bbox 1162 758 1262 813; x_wconf 90' lang='lat' dir='ltr'><strong>per</strong></span> <span class='ocrx_word' id='word_1_35' title='bbox 1307 756 1475 811; x_wconf 85' lang='lat' dir='ltr'><strong>opera</strong></span> <span class='ocrx_word' id='word_1_36' title='bbox 1519 736 1812 793; x_wconf 86' lang='lat' dir='ltr'><strong>manifesta</strong></span> <span class='ocrx_word' id='word_1_37' title='bbox 1854 736 1910 790; x_wconf 90' lang='lat' dir='ltr'><strong>in</strong></span> 
     </span>
    </p>
   </div>
   <div class='ocr_carea' id='block_1_7' title="bbox 321 830 1911 913">
    <p class='ocr_par' dir='ltr' id='par_1_7' title="bbox 321 830 1911 913">
     <span class='ocr_line' id='line_1_7' title="bbox 321 830 1911 913; baseline -0.008 -15"><span class='ocrx_word' id='word_1_38' title='bbox 321 842 642 913; x_wconf 75' lang='lat' dir='ltr'><strong>semetipsis</strong></span> <span class='ocrx_word' id='word_1_39' title='bbox 696 842 755 896; x_wconf 91' lang='lat' dir='ltr'><strong>in</strong></span> <span class='ocrx_word' id='word_1_40' title='bbox 812 840 1016 911; x_wconf 89' lang='lat' dir='ltr'><strong>quibus</strong></span> <span class='ocrx_word' id='word_1_41' title='bbox 1079 843 1389 908; x_wconf 87' lang='lat' dir='ltr'><strong>purgantur</strong></span> <span class='ocrx_word' id='word_1_42' title='bbox 1438 833 1507 889; x_wconf 90' lang='lat' dir='ltr'><strong>ab</strong></span> <span class='ocrx_word' id='word_1_43' title='bbox 1563 830 1911 887; x_wconf 86' lang='lat' dir='ltr'><strong>immunditia</strong></span> 
     </span>
    </p>
   </div>
   <div class='ocr_carea' id='block_1_8' title="bbox 322 926 1911 997">
    <p class='ocr_par' dir='ltr' id='par_1_8' title="bbox 322 926 1911 997">
     <span class='ocr_line' id='line_1_8' title="bbox 322 926 1911 997; baseline -0.006 -8"><span class='ocrx_word' id='word_1_44' title='bbox 322 935 527 990; x_wconf 88' lang='lat' dir='ltr'><strong>carnis.</strong></span> <span class='ocrx_word' id='word_1_45' title='bbox 555 933 919 989; x_wconf 89' lang='lat' dir='ltr'><strong>Conversatio</strong></span> <span class='ocrx_word' id='word_1_46' title='bbox 953 947 1088 988; x_wconf 91' lang='lat' dir='ltr'><strong>vero</strong></span> <span class='ocrx_word' id='word_1_47' title='bbox 1127 928 1296 986; x_wconf 88' lang='lat' dir='ltr'><strong>animi</strong></span> <span class='ocrx_word' id='word_1_48' title='bbox 1326 935 1411 983; x_wconf 91' lang='lat' dir='ltr'><strong>est</strong></span> <span class='ocrx_word' id='word_1_49' title='bbox 1442 927 1691 997; x_wconf 85' lang='lat' dir='ltr'><strong>operatio</strong></span> <span class='ocrx_word' id='word_1_50' title='bbox 1723 926 1911 981; x_wconf 88' lang='lat' dir='ltr'><strong>cordis</strong></span> 
     </span>
    </p>
   </div>
   <div class='ocr_carea' id='block_1_9' title="bbox 319 1015 1913 1090">
    <p class='ocr_par' dir='ltr' id='par_1_9' title="bbox 319 1015 1913 1090">
     <span class='ocr_line' id='line_1_9' title="bbox 319 1015 1913 1090; baseline -0.003 -17"><span class='ocrx_word' id='word_1_51' title='bbox 319 1037 443 1090; x_wconf 75' lang='lat' dir='ltr'><strong>qua:</strong></span> <span class='ocrx_word' id='word_1_52' title='bbox 480 1021 541 1077; x_wconf 92' lang='lat' dir='ltr'><strong>ﬁt</strong></span> <span class='ocrx_word' id='word_1_53' title='bbox 594 1023 939 1076; x_wconf 88' lang='lat' dir='ltr'><strong>incessanter</strong></span> <span class='ocrx_word' id='word_1_54' title='bbox 994 1020 1052 1075; x_wconf 91' lang='lat' dir='ltr'><strong>in</strong></span> <span class='ocrx_word' id='word_1_55' title='bbox 1110 1016 1414 1074; x_wconf 87' lang='lat' dir='ltr'><strong>solitudine</strong></span> <span class='ocrx_word' id='word_1_56' title='bbox 1439 1015 1672 1087; x_wconf 90' lang='lat' dir='ltr'><strong>judicii,</strong></span> <span class='ocrx_word' id='word_1_57' title='bbox 1701 1015 1913 1071; x_wconf 84' lang='lat' dir='ltr'><strong>scilicet</strong></span> 
     </span>
    </p>
   </div>
   <div class='ocr_carea' id='block_1_10' title="bbox 318 1105 1913 1183">
    <p class='ocr_par' dir='ltr' id='par_1_10' title="bbox 318 1105 1913 1183">
     <span class='ocr_line' id='line_1_10' title="bbox 318 1105 1913 1183; baseline -0.003 -18"><span class='ocrx_word' id='word_1_58' title='bbox 318 1112 549 1182; x_wconf 82' lang='lat' dir='ltr'><strong>justitiae</strong></span> <span class='ocrx_word' id='word_1_59' title='bbox 586 1118 643 1166; x_wconf 90' lang='lat' dir='ltr'><strong>et</strong></span> <span class='ocrx_word' id='word_1_60' title='bbox 667 1110 1006 1183; x_wconf 89' lang='lat' dir='ltr'><strong>judiciornm</strong></span> <span class='ocrx_word' id='word_1_61' title='bbox 1037 1109 1179 1181; x_wconf 85' lang='lat' dir='ltr'><strong>ejus,</strong></span> <span class='ocrx_word' id='word_1_62' title='bbox 1212 1107 1393 1163; x_wconf 87' lang='lat' dir='ltr'><strong>oratio</strong></span> <span class='ocrx_word' id='word_1_63' title='bbox 1438 1105 1766 1162; x_wconf 88' lang='lat' dir='ltr'><strong>indeﬁciens</strong></span> <span class='ocrx_word' id='word_1_64' title='bbox 1792 1120 1913 1160; x_wconf 91' lang='lat' dir='ltr'><strong>cor-</strong></span> 
     </span>
    </p>
   </div>
   <div class='ocr_carea' id='block_1_11' title="bbox 322 1195 1913 1270">
    <p class='ocr_par' dir='ltr' id='par_1_11' title="bbox 322 1195 1913 1270">
     <span class='ocr_line' id='line_1_11' title="bbox 322 1195 1913 1270; baseline -0.002 -16"><span class='ocrx_word' id='word_1_65' title='bbox 322 1201 431 1266; x_wconf 90' lang='lat' dir='ltr'><strong>dis,</strong></span> <span class='ocrx_word' id='word_1_66' title='bbox 463 1199 842 1255; x_wconf 87' lang='lat' dir='ltr'><strong>consideratio</strong></span> <span class='ocrx_word' id='word_1_67' title='bbox 872 1197 1308 1270; x_wconf 87' lang='lat' dir='ltr'><strong>dispensationis</strong></span> <span class='ocrx_word' id='word_1_68' title='bbox 1331 1207 1389 1254; x_wconf 90' lang='lat' dir='ltr'><strong>et</strong></span> <span class='ocrx_word' id='word_1_69' title='bbox 1419 1212 1575 1252; x_wconf 68' lang='lat' dir='ltr'><strong>curm</strong></span> <span class='ocrx_word' id='word_1_70' title='bbox 1604 1196 1698 1251; x_wconf 90' lang='lat' dir='ltr'><strong>Dei</strong></span> <span class='ocrx_word' id='word_1_71' title='bbox 1722 1195 1779 1250; x_wconf 92' lang='lat' dir='ltr'><strong>in</strong></span> <span class='ocrx_word' id='word_1_72' title='bbox 1806 1196 1913 1251; x_wconf 89' lang='lat' dir='ltr'><strong>hoc</strong></span> 
     </span>
    </p>
   </div>
   <div class='ocr_carea' id='block_1_12' title="bbox 320 1288 1912 1361">
    <p class='ocr_par' dir='ltr' id='par_1_12' title="bbox 320 1288 1912 1361">
     <span class='ocr_line' id='line_1_12' title="bbox 320 1288 1912 1361; baseline -0.002 -16"><span class='ocrx_word' id='word_1_73' title='bbox 320 1291 532 1346; x_wconf 86' lang='lat' dir='ltr'><strong>mundo</strong></span> <span class='ocrx_word' id='word_1_74' title='bbox 562 1291 819 1347; x_wconf 87' lang='lat' dir='ltr'><strong>similiter</strong></span> <span class='ocrx_word' id='word_1_75' title='bbox 850 1290 993 1347; x_wconf 78' lang='lat' dir='ltr'><strong>facta</strong></span> <span class='ocrx_word' id='word_1_76' title='bbox 1027 1289 1396 1361; x_wconf 90' lang='lat' dir='ltr'><strong>spiritualiter</strong></span> <span class='ocrx_word' id='word_1_77' title='bbox 1431 1296 1487 1343; x_wconf 89' lang='lat' dir='ltr'><strong>et</strong></span> <span class='ocrx_word' id='word_1_78' title='bbox 1519 1288 1782 1353; x_wconf 85' lang='lat' dir='ltr'><strong>totaliter,</strong></span> <span class='ocrx_word' id='word_1_79' title='bbox 1808 1302 1912 1342; x_wconf 88' lang='lat' dir='ltr'><strong>nec</strong></span> 
     </span>
    </p>
   </div>
   <div class='ocr_carea' id='block_1_13' title="bbox 321 1375 1912 1447">
    <p class='ocr_par' dir='ltr' id='par_1_13' title="bbox 321 1375 1912 1447">
     <span class='ocr_line' id='line_1_13' title="bbox 321 1375 1912 1447; baseline -0.004 -11"><span class='ocrx_word' id='word_1_80' title='bbox 321 1396 434 1436; x_wconf 91' lang='lat' dir='ltr'><strong>non</strong></span> <span class='ocrx_word' id='word_1_81' title='bbox 478 1388 536 1435; x_wconf 89' lang='lat' dir='ltr'><strong>et</strong></span> <span class='ocrx_word' id='word_1_82' title='bbox 578 1396 774 1436; x_wconf 90' lang='lat' dir='ltr'><strong>cavere</strong></span> <span class='ocrx_word' id='word_1_83' title='bbox 808 1395 840 1434; x_wconf 91' lang='lat' dir='ltr'><strong>a</strong></span> <span class='ocrx_word' id='word_1_84' title='bbox 872 1378 1031 1435; x_wconf 86' lang='lat' dir='ltr'><strong>vitiis</strong></span> <span class='ocrx_word' id='word_1_85' title='bbox 1060 1379 1344 1445; x_wconf 83' lang='lat' dir='ltr'><strong>collectis;</strong></span> <span class='ocrx_word' id='word_1_86' title='bbox 1378 1394 1448 1433; x_wconf 90' lang='lat' dir='ltr'><strong>ne</strong></span> <span class='ocrx_word' id='word_1_87' title='bbox 1490 1383 1748 1432; x_wconf 87' lang='lat' dir='ltr'><strong>occurrat</strong></span> <span class='ocrx_word' id='word_1_88' title='bbox 1777 1375 1912 1447; x_wconf 90' lang='lat' dir='ltr'><strong>quid</strong></span> 
     </span>
    </p>
   </div>
   <div class='ocr_carea' id='block_1_14' title="bbox 318 1467 1912 1541">
    <p class='ocr_par' dir='ltr' id='par_1_14' title="bbox 318 1467 1912 1541">
     <span class='ocr_line' id='line_1_14' title="bbox 318 1467 1912 1541; baseline -0.001 -16"><span class='ocrx_word' id='word_1_89' title='bbox 318 1486 389 1525; x_wconf 82' lang='lat' dir='ltr'><strong>ex</strong></span> <span class='ocrx_word' id='word_1_90' title='bbox 416 1470 498 1525; x_wconf 90' lang='lat' dir='ltr'><strong>eis</strong></span> <span class='ocrx_word' id='word_1_91' title='bbox 529 1470 586 1525; x_wconf 92' lang='lat' dir='ltr'><strong>in</strong></span> <span class='ocrx_word' id='word_1_92' title='bbox 618 1469 845 1541; x_wconf 75' lang='lat' dir='ltr'><strong>regione</strong></span> <span class='ocrx_word' id='word_1_93' title='bbox 876 1470 1094 1525; x_wconf 83' lang='lat' dir='ltr'><strong>occulta</strong></span> <span class='ocrx_word' id='word_1_94' title='bbox 1121 1476 1178 1524; x_wconf 88' lang='lat' dir='ltr'><strong>et</strong></span> <span class='ocrx_word' id='word_1_95' title='bbox 1203 1467 1478 1540; x_wconf 90' lang='lat' dir='ltr'><strong>spirituali</strong></span> <span class='ocrx_word' id='word_1_96' title='bbox 1502 1487 1514 1521; x_wconf 87' lang='lat'>:</span> <span class='ocrx_word' id='word_1_97' title='bbox 1535 1468 1640 1523; x_wconf 92' lang='lat' dir='ltr'><strong>hoc</strong></span> <span class='ocrx_word' id='word_1_98' title='bbox 1661 1475 1747 1523; x_wconf 91' lang='lat' dir='ltr'><strong>est</strong></span> <span class='ocrx_word' id='word_1_99' title='bbox 1773 1483 1912 1537; x_wconf 90' lang='lat' dir='ltr'><strong>opus</strong></span> 
     </span>
    </p>
   </div>
   <div class='ocr_carea' id='block_1_15' title="bbox 320 1558 1627 1633">
    <p class='ocr_par' dir='ltr' id='par_1_15' title="bbox 320 1558 1627 1633">
     <span class='ocr_line' id='line_1_15' title="bbox 320 1558 1627 1633; baseline -0.003 -17"><span class='ocrx_word' id='word_1_100' title='bbox 320 1562 529 1630; x_wconf 92' lang='lat' dir='ltr'><strong>cordis,</strong></span> <span class='ocrx_word' id='word_1_101' title='bbox 557 1562 705 1633; x_wconf 90' lang='lat' dir='ltr'><strong>quod</strong></span> <span class='ocrx_word' id='word_1_102' title='bbox 729 1570 891 1617; x_wconf 89' lang='lat' dir='ltr'><strong>vocat</strong></span> <span class='ocrx_word' id='word_1_103' title='bbox 921 1559 1405 1617; x_wconf 88' lang='lat' dir='ltr'><strong>conversationem</strong></span> <span class='ocrx_word' id='word_1_104' title='bbox 1436 1558 1627 1614; x_wconf 89' lang='lat' dir='ltr'><strong>animi.</strong></span> 
     </span>
    </p>
   </div>
   <div class='ocr_carea' id='block_1_16' title="bbox 902 1694 1325 1754">
    <p class='ocr_par' dir='ltr' id='par_1_16' title="bbox 902 1694 1325 1754">
     <span class='ocr_line' id='line_1_16' title="bbox 902 1694 1325 1754; baseline -0.014 -1"><span class='ocrx_word' id='word_1_105' title='bbox 902 1695 1130 1754; x_wconf 81' lang='lat' dir='ltr'><strong>CAPUT</strong></span> <span class='ocrx_word' id='word_1_106' title='bbox 1162 1694 1325 1749; x_wconf 76' lang='lat' dir='ltr'><strong>XLV.</strong></span> 
     </span>
    </p>
   </div>
   <div class='ocr_carea' id='block_1_17' title="bbox 643 1808 1617 1883">
    <p class='ocr_par' dir='ltr' id='par_1_17' title="bbox 643 1808 1617 1883">
     <span class='ocr_line' id='line_1_17' title="bbox 643 1808 1617 1883; baseline -0.004 -17"><span class='ocrx_word' id='word_1_107' title='bbox 643 1812 721 1866; x_wconf 87' lang='lat' dir='ltr'><strong>De</strong></span> <span class='ocrx_word' id='word_1_108' title='bbox 748 1811 1199 1883; x_wconf 78' lang='lat' dir='ltr'><strong>contemplatione</strong></span> <span class='ocrx_word' id='word_1_109' title='bbox 1232 1808 1617 1863; x_wconf 80' lang='lat' dir='ltr'><strong>materialium.</strong></span> 
     </span>
    </p>
   </div>
   <div class='ocr_carea' id='block_1_18' title="bbox 2013 642 3595 717">
    <p class='ocr_par' dir='ltr' id='par_1_18' title="bbox 2013 642 3595 717">
     <span class='ocr_line' id='line_1_18' title="bbox 2013 642 3595 717; baseline 0.009 -22"><span class='ocrx_word' id='word_1_110' title='bbox 2013 657 2114 711; x_wconf 89' lang='lat' dir='ltr'><strong>per</strong></span> <span class='ocrx_word' id='word_1_111' title='bbox 2148 649 2319 696; x_wconf 90' lang='lat' dir='ltr'><strong>totam</strong></span> <span class='ocrx_word' id='word_1_112' title='bbox 2361 642 2531 697; x_wconf 88' lang='lat' dir='ltr'><strong>vitam</strong></span> <span class='ocrx_word' id='word_1_113' title='bbox 2582 643 2828 699; x_wconf 92' lang='lat' dir='ltr'><strong>hominis</strong></span> <span class='ocrx_word' id='word_1_114' title='bbox 2876 646 3207 715; x_wconf 90' lang='lat' dir='ltr'><strong>promissum</strong></span> <span class='ocrx_word' id='word_1_115' title='bbox 3255 661 3423 717; x_wconf 86' lang='lat' dir='ltr'><strong>esset,</strong></span> <span class='ocrx_word' id='word_1_116' title='bbox 3481 669 3595 709; x_wconf 89' lang='lat' dir='ltr'><strong>non</strong></span> 
     </span>
    </p>
   </div>
   <div class='ocr_carea' id='block_1_19' title="bbox 2014 732 3596 812">
    <p class='ocr_par' dir='ltr' id='par_1_19' title="bbox 2014 732 3596 812">
     <span class='ocr_line' id='line_1_19' title="bbox 2014 732 3596 812; baseline 0.008 -26"><span class='ocrx_word' id='word_1_117' title='bbox 2014 732 2248 788; x_wconf 83' lang='lat' dir='ltr'><strong>haberet</strong></span> <span class='ocrx_word' id='word_1_118' title='bbox 2277 733 2429 789; x_wconf 89' lang='lat' dir='ltr'><strong>exire</strong></span> <span class='ocrx_word' id='word_1_119' title='bbox 2456 749 2487 789; x_wconf 91' lang='lat' dir='ltr'><strong>a</strong></span> <span class='ocrx_word' id='word_1_120' title='bbox 2517 735 2983 807; x_wconf 88' lang='lat' dir='ltr'><strong>contemplatione</strong></span> <span class='ocrx_word' id='word_1_121' title='bbox 3029 752 3223 793; x_wconf 91' lang='lat' dir='ltr'><strong>eorum</strong></span> <span class='ocrx_word' id='word_1_122' title='bbox 3254 756 3268 794; x_wconf 91' lang='lat'><strong>:</strong></span> <span class='ocrx_word' id='word_1_123' title='bbox 3306 751 3362 795; x_wconf 91' lang='lat' dir='ltr'><strong>et</strong></span> <span class='ocrx_word' id='word_1_124' title='bbox 3389 754 3596 812; x_wconf 88' lang='lat' dir='ltr'><strong>quanto</strong></span> 
     </span>
    </p>
   </div>
   <div class='ocr_carea' id='block_1_20' title="bbox 2012 824 3596 895">
    <p class='ocr_par' dir='ltr' id='par_1_20' title="bbox 2012 824 3596 895">
     <span class='ocr_line' id='line_1_20' title="bbox 2012 824 3596 895; baseline 0.008 -17"><span class='ocrx_word' id='word_1_125' title='bbox 2012 824 2199 895; x_wconf 90' lang='lat' dir='ltr'><strong>potius</strong></span> <span class='ocrx_word' id='word_1_126' title='bbox 2249 826 2618 892; x_wconf 91' lang='lat' dir='ltr'><strong>ostendimus,</strong></span> <span class='ocrx_word' id='word_1_127' title='bbox 2654 828 2750 883; x_wconf 92' lang='lat' dir='ltr'><strong>ubi</strong></span> <span class='ocrx_word' id='word_1_128' title='bbox 2780 829 2898 884; x_wconf 86' lang='lat' dir='ltr'><strong>haec</strong></span> <span class='ocrx_word' id='word_1_129' title='bbox 2931 830 3118 884; x_wconf 88' lang='lat' dir='ltr'><strong>omnia</strong></span> <span class='ocrx_word' id='word_1_130' title='bbox 3150 847 3259 886; x_wconf 92' lang='lat' dir='ltr'><strong>non</strong></span> <span class='ocrx_word' id='word_1_131' title='bbox 3295 843 3442 889; x_wconf 90' lang='lat' dir='ltr'><strong>sunt.</strong></span> <span class='ocrx_word' id='word_1_132' title='bbox 3471 833 3596 891; x_wconf 85' lang='lat' dir='ltr'><strong>Vir-</strong></span> 
     </span>
    </p>
   </div>
   <div class='ocr_carea' id='block_1_21' title="bbox 2014 922 3596 989">
    <p class='ocr_par' dir='ltr' id='par_1_21' title="bbox 2014 922 3596 989">
     <span class='ocr_line' id='line_1_21' title="bbox 2014 922 3596 989; baseline 0.004 -14"><span class='ocrx_word' id='word_1_133' title='bbox 2014 928 2106 975; x_wconf 90' lang='lat' dir='ltr'><strong>tus</strong></span> <span class='ocrx_word' id='word_1_134' title='bbox 2133 930 2317 977; x_wconf 90' lang='lat' dir='ltr'><strong>autem</strong></span> <span class='ocrx_word' id='word_1_135' title='bbox 2354 922 2446 978; x_wconf 90' lang='lat' dir='ltr'><strong>illa</strong></span> <span class='ocrx_word' id='word_1_136' title='bbox 2479 922 2767 979; x_wconf 89' lang='lat' dir='ltr'><strong>indeﬁnita</strong></span> <span class='ocrx_word' id='word_1_137' title='bbox 2801 931 2906 989; x_wconf 88' lang='lat' dir='ltr'><strong>est,</strong></span> <span class='ocrx_word' id='word_1_138' title='bbox 2938 933 2995 979; x_wconf 89' lang='lat' dir='ltr'><strong>et</strong></span> <span class='ocrx_word' id='word_1_139' title='bbox 3030 924 3242 980; x_wconf 90' lang='lat' dir='ltr'><strong>eisdem</strong></span> <span class='ocrx_word' id='word_1_140' title='bbox 3272 926 3439 981; x_wconf 87' lang='lat' dir='ltr'><strong>rebus</strong></span> <span class='ocrx_word' id='word_1_141' title='bbox 3468 927 3596 982; x_wconf 82' lang='lat' dir='ltr'><strong>sub-</strong></span> 
     </span>
    </p>
   </div>
   <div class='ocr_carea' id='block_1_22' title="bbox 2014 1013 3598 1088">
    <p class='ocr_par' dir='ltr' id='par_1_22' title="bbox 2014 1013 3598 1088">
     <span class='ocr_line' id='line_1_22' title="bbox 2014 1013 3598 1088; baseline 0.004 -22"><span class='ocrx_word' id='word_1_142' title='bbox 2014 1013 2351 1068; x_wconf 88' lang='lat' dir='ltr'><strong>stantialiter</strong></span> <span class='ocrx_word' id='word_1_143' title='bbox 2399 1013 2611 1069; x_wconf 90' lang='lat' dir='ltr'><strong>erimus</strong></span> <span class='ocrx_word' id='word_1_144' title='bbox 2642 1014 2787 1068; x_wconf 90' lang='lat' dir='ltr'><strong>intra</strong></span> <span class='ocrx_word' id='word_1_145' title='bbox 2825 1013 3142 1087; x_wconf 81' lang='lat' dir='ltr'><strong>imperiales</strong></span> <span class='ocrx_word' id='word_1_146' title='bbox 3174 1016 3348 1081; x_wconf 88' lang='lat' dir='ltr'><strong>aulas,</strong></span> <span class='ocrx_word' id='word_1_147' title='bbox 3374 1017 3419 1071; x_wconf 89' lang='lat' dir='ltr'><strong>si</strong></span> <span class='ocrx_word' id='word_1_148' title='bbox 3448 1017 3598 1088; x_wconf 81' lang='lat' dir='ltr'><strong>digni</strong></span> 
     </span>
    </p>
   </div>
   <div class='ocr_carea' id='block_1_23' title="bbox 2012 1103 3602 1179">
    <p class='ocr_par' dir='ltr' id='par_1_23' title="bbox 2012 1103 3602 1179">
     <span class='ocr_line' id='line_1_23' title="bbox 2012 1103 3602 1179; baseline 0.004 -21"><span class='ocrx_word' id='word_1_149' title='bbox 2012 1103 2279 1159; x_wconf 82' lang='lat' dir='ltr'><strong>fuerimus</strong></span> <span class='ocrx_word' id='word_1_150' title='bbox 2313 1121 2416 1175; x_wconf 89' lang='lat' dir='ltr'><strong>pro</strong></span> <span class='ocrx_word' id='word_1_151' title='bbox 2461 1108 2886 1161; x_wconf 86' lang='lat' dir='ltr'><strong>conversatione</strong></span> <span class='ocrx_word' id='word_1_152' title='bbox 2925 1116 3133 1162; x_wconf 90' lang='lat' dir='ltr'><strong>nostra.</strong></span> <span class='ocrx_word' id='word_1_153' title='bbox 3181 1107 3469 1174; x_wconf 89' lang='lat' dir='ltr'><strong>Quomodo</strong></span> <span class='ocrx_word' id='word_1_154' title='bbox 3503 1125 3602 1179; x_wconf 91' lang='lat' dir='ltr'><strong>po-</strong></span> 
     </span>
    </p>
   </div>
   <div class='ocr_carea' id='block_1_24' title="bbox 2014 1193 3601 1269">
    <p class='ocr_par' dir='ltr' id='par_1_24' title="bbox 2014 1193 3601 1269">
     <span class='ocr_line' id='line_1_24' title="bbox 2014 1193 3601 1269; baseline 0.003 -22"><span class='ocrx_word' id='word_1_155' title='bbox 2014 1201 2123 1249; x_wconf 88' lang='lat' dir='ltr'><strong>test</strong></span> <span class='ocrx_word' id='word_1_156' title='bbox 2167 1210 2298 1265; x_wconf 90' lang='lat' dir='ltr'><strong>ergo</strong></span> <span class='ocrx_word' id='word_1_157' title='bbox 2341 1194 2544 1265; x_wconf 84' lang='lat' dir='ltr'><strong>aliquis</strong></span> <span class='ocrx_word' id='word_1_158' title='bbox 2592 1193 2647 1247; x_wconf 90' lang='lat' dir='ltr'><strong>in</strong></span> <span class='ocrx_word' id='word_1_159' title='bbox 2698 1203 2912 1250; x_wconf 91' lang='lat' dir='ltr'><strong>tantum</strong></span> <span class='ocrx_word' id='word_1_160' title='bbox 2960 1197 3111 1251; x_wconf 86' lang='lat' dir='ltr'><strong>exire</strong></span> <span class='ocrx_word' id='word_1_161' title='bbox 3150 1202 3207 1251; x_wconf 91' lang='lat' dir='ltr'><strong>et</strong></span> <span class='ocrx_word' id='word_1_162' title='bbox 3244 1197 3493 1269; x_wconf 86' lang='lat' dir='ltr'><strong>elongari</strong></span> <span class='ocrx_word' id='word_1_163' title='bbox 3530 1198 3601 1252; x_wconf 90' lang='lat' dir='ltr'><strong>ah</strong></span> 
     </span>
    </p>
   </div>
   <div class='ocr_carea' id='block_1_25' title="bbox 2016 1283 3599 1357">
    <p class='ocr_par' dir='ltr' id='par_1_25' title="bbox 2016 1283 3599 1357">
     <span class='ocr_line' id='line_1_25' title="bbox 2016 1283 3599 1357; baseline 0.004 -20"><span class='ocrx_word' id='word_1_164' title='bbox 2016 1283 2105 1338; x_wconf 90' lang='lat' dir='ltr'><strong>illa</strong></span> <span class='ocrx_word' id='word_1_165' title='bbox 2160 1285 2402 1339; x_wconf 90' lang='lat' dir='ltr'><strong>mirabili</strong></span> <span class='ocrx_word' id='word_1_166' title='bbox 2434 1293 2491 1340; x_wconf 90' lang='lat' dir='ltr'><strong>et</strong></span> <span class='ocrx_word' id='word_1_167' title='bbox 2520 1285 2707 1340; x_wconf 89' lang='lat' dir='ltr'><strong>divina</strong></span> <span class='ocrx_word' id='word_1_168' title='bbox 2747 1288 3212 1357; x_wconf 83' lang='lat' dir='ltr'><strong>contemplatione</strong></span> <span class='ocrx_word' id='word_1_169' title='bbox 3255 1296 3311 1343; x_wconf 90' lang='lat' dir='ltr'><strong>et</strong></span> <span class='ocrx_word' id='word_1_170' title='bbox 3350 1289 3405 1343; x_wconf 91' lang='lat' dir='ltr'><strong>in</strong></span> <span class='ocrx_word' id='word_1_171' title='bbox 3434 1290 3599 1345; x_wconf 88' lang='lat' dir='ltr'><strong>aliam</strong></span> 
     </span>
    </p>
   </div>
   <div class='ocr_carea' id='block_1_26' title="bbox 2013 1375 3599 1452">
    <p class='ocr_par' dir='ltr' id='par_1_26' title="bbox 2013 1375 3599 1452">
     <span class='ocr_line' id='line_1_26' title="bbox 2013 1375 3599 1452; baseline 0.004 -23"><span class='ocrx_word' id='word_1_172' title='bbox 2013 1390 2128 1429; x_wconf 90' lang='lat' dir='ltr'><strong>rem</strong></span> <span class='ocrx_word' id='word_1_173' title='bbox 2178 1375 2466 1431; x_wconf 87' lang='lat' dir='ltr'><strong>incidere?</strong></span> <span class='ocrx_word' id='word_1_174' title='bbox 2507 1376 2598 1431; x_wconf 74' lang='lat' dir='ltr'><strong>Va:</strong></span> <span class='ocrx_word' id='word_1_175' title='bbox 2652 1376 2849 1432; x_wconf 88' lang='lat' dir='ltr'><strong>nobis!</strong></span> <span class='ocrx_word' id='word_1_176' title='bbox 2884 1378 3012 1447; x_wconf 89' lang='lat' dir='ltr'><strong>quia</strong></span> <span class='ocrx_word' id='word_1_177' title='bbox 3055 1394 3164 1433; x_wconf 90' lang='lat' dir='ltr'><strong>non</strong></span> <span class='ocrx_word' id='word_1_178' title='bbox 3215 1382 3599 1452; x_wconf 76' lang='lat' dir='ltr'><strong>cognoscimus</strong></span> 
     </span>
    </p>
   </div>
   <div class='ocr_carea' id='block_1_27' title="bbox 2013 1467 3598 1537">
    <p class='ocr_par' dir='ltr' id='par_1_27' title="bbox 2013 1467 3598 1537">
     <span class='ocr_line' id='line_1_27' title="bbox 2013 1467 3598 1537; baseline 0.005 -18"><span class='ocrx_word' id='word_1_179' title='bbox 2013 1475 2224 1532; x_wconf 91' lang='lat' dir='ltr'><strong>nostra,</strong></span> <span class='ocrx_word' id='word_1_180' title='bbox 2288 1482 2469 1537; x_wconf 89' lang='lat' dir='ltr'><strong>neque</strong></span> <span class='ocrx_word' id='word_1_181' title='bbox 2539 1467 2607 1521; x_wconf 90' lang='lat' dir='ltr'><strong>ad</strong></span> <span class='ocrx_word' id='word_1_182' title='bbox 2663 1484 2829 1537; x_wconf 89' lang='lat' dir='ltr'><strong>quam</strong></span> <span class='ocrx_word' id='word_1_183' title='bbox 2880 1469 3361 1526; x_wconf 86' lang='lat' dir='ltr'><strong>conversationem</strong></span> <span class='ocrx_word' id='word_1_184' title='bbox 3416 1470 3598 1527; x_wconf 80' lang='lat' dir='ltr'><strong>vocati</strong></span> 
     </span>
    </p>
   </div>
   <div class='ocr_carea' id='block_1_28' title="bbox 2013 1557 3596 1629">
    <p class='ocr_par' dir='ltr' id='par_1_28' title="bbox 2013 1557 3596 1629">
     <span class='ocr_line' id='line_1_28' title="bbox 2013 1557 3596 1629; baseline 0.003 -18"><span class='ocrx_word' id='word_1_185' title='bbox 2013 1572 2206 1612; x_wconf 90' lang='lat' dir='ltr'><strong>sumus</strong></span> <span class='ocrx_word' id='word_1_186' title='bbox 2255 1574 2267 1610; x_wconf 94' lang='lat'>:</span> <span class='ocrx_word' id='word_1_187' title='bbox 2305 1557 2402 1612; x_wconf 93' lang='lat' dir='ltr'><strong>sed</strong></span> <span class='ocrx_word' id='word_1_188' title='bbox 2431 1557 2575 1612; x_wconf 91' lang='lat' dir='ltr'><strong>viam</strong></span> <span class='ocrx_word' id='word_1_189' title='bbox 2612 1558 2778 1629; x_wconf 85' lang='lat' dir='ltr'><strong>hujus</strong></span> <span class='ocrx_word' id='word_1_190' title='bbox 2808 1559 3167 1627; x_wconf 88' lang='lat' dir='ltr'><strong>inﬁrmitatis,</strong></span> <span class='ocrx_word' id='word_1_191' title='bbox 3199 1570 3257 1616; x_wconf 90' lang='lat' dir='ltr'><strong>et</strong></span> <span class='ocrx_word' id='word_1_192' title='bbox 3280 1570 3484 1617; x_wconf 88' lang='lat' dir='ltr'><strong>statum</strong></span> <span class='ocrx_word' id='word_1_193' title='bbox 3517 1563 3596 1616; x_wconf 83' lang='lat' dir='ltr'><strong>vi-</strong></span> 
     </span>
    </p>
   </div>
   <div class='ocr_carea' id='block_1_29' title="bbox 2014 1650 3600 1724">
    <p class='ocr_par' dir='ltr' id='par_1_29' title="bbox 2014 1650 3600 1724">
     <span class='ocr_line' id='line_1_29' title="bbox 2014 1650 3600 1724; baseline 0.005 -21"><span class='ocrx_word' id='word_1_194' title='bbox 2014 1658 2080 1704; x_wconf 75' lang='lat' dir='ltr'><strong>tm</strong></span> <span class='ocrx_word' id='word_1_195' title='bbox 2122 1660 2177 1705; x_wconf 87' lang='lat' dir='ltr'><strong>et</strong></span> <span class='ocrx_word' id='word_1_196' title='bbox 2226 1650 2613 1706; x_wconf 88' lang='lat' dir='ltr'><strong>tribulationes</strong></span> <span class='ocrx_word' id='word_1_197' title='bbox 2654 1652 2844 1707; x_wconf 88' lang='lat' dir='ltr'><strong>mundi</strong></span> <span class='ocrx_word' id='word_1_198' title='bbox 2892 1660 2948 1707; x_wconf 90' lang='lat' dir='ltr'><strong>et</strong></span> <span class='ocrx_word' id='word_1_199' title='bbox 2997 1654 3175 1724; x_wconf 89' lang='lat' dir='ltr'><strong>ipsum</strong></span> <span class='ocrx_word' id='word_1_200' title='bbox 3226 1655 3494 1711; x_wconf 90' lang='lat' dir='ltr'><strong>mundum</strong></span> <span class='ocrx_word' id='word_1_201' title='bbox 3543 1665 3600 1712; x_wconf 89' lang='lat' dir='ltr'><strong>et</strong></span> 
     </span>
    </p>
   </div>
   <div class='ocr_carea' id='block_1_30' title="bbox 2014 1741 3599 1817">
    <p class='ocr_par' dir='ltr' id='par_1_30' title="bbox 2014 1741 3599 1817">
     <span class='ocr_line' id='line_1_30' title="bbox 2014 1741 3599 1817; baseline 0.006 -23"><span class='ocrx_word' id='word_1_202' title='bbox 2014 1741 2282 1795; x_wconf 88' lang='lat' dir='ltr'><strong>malitiam</strong></span> <span class='ocrx_word' id='word_1_203' title='bbox 2343 1742 2500 1813; x_wconf 88' lang='lat' dir='ltr'><strong>ejus,</strong></span> <span class='ocrx_word' id='word_1_204' title='bbox 2564 1750 2623 1797; x_wconf 88' lang='lat' dir='ltr'><strong>et</strong></span> <span class='ocrx_word' id='word_1_205' title='bbox 2681 1744 2900 1813; x_wconf 87' lang='lat' dir='ltr'><strong>quietes</strong></span> <span class='ocrx_word' id='word_1_206' title='bbox 2944 1746 3065 1816; x_wconf 89' lang='lat' dir='ltr'><strong>ejus</strong></span> <span class='ocrx_word' id='word_1_207' title='bbox 3118 1755 3439 1817; x_wconf 76' lang='lat' dir='ltr'><strong>reputemus</strong></span> <span class='ocrx_word' id='word_1_208' title='bbox 3494 1748 3599 1803; x_wconf 83' lang='lat' dir='ltr'><strong>ali-</strong></span> 
     </span>
    </p>
   </div>
   <div class='ocr_carea' id='block_1_31' title="bbox 2015 1832 2166 1902">
    <p class='ocr_par' dir='ltr' id='par_1_31' title="bbox 2015 1832 2166 1902">
     <span class='ocr_line' id='line_1_31' title="bbox 2015 1832 2166 1902; baseline 0.013 -18"><span class='ocrx_word' id='word_1_209' title='bbox 2015 1832 2166 1902; x_wconf 91' lang='lat' dir='ltr'><strong>quid.</strong></span> 
     </span>
    </p>
   </div>
   <div class='ocr_carea' id='block_1_32' title="bbox 395 1913 3587 2001">
    <p class='ocr_par' dir='ltr' id='par_1_32' title="bbox 395 1913 3587 2001">
     <span class='ocr_line' id='line_1_32' title="bbox 395 1913 3587 2001; baseline 0.003 -22"><span class='ocrx_word' id='word_1_210' title='bbox 395 1924 453 1979; x_wconf 92' lang='lat' dir='ltr'><strong>In</strong></span> <span class='ocrx_word' id='word_1_211' title='bbox 489 1939 657 1995; x_wconf 89' lang='lat' dir='ltr'><strong>opere</strong></span> <span class='ocrx_word' id='word_1_212' title='bbox 696 1924 1138 1980; x_wconf 87' lang='lat' dir='ltr'><strong>conversationis</strong></span> <span class='ocrx_word' id='word_1_213' title='bbox 1165 1922 1313 1994; x_wconf 91' lang='lat' dir='ltr'><strong>quod</strong></span> <span class='ocrx_word' id='word_1_214' title='bbox 1343 1930 1578 1977; x_wconf 89' lang='lat' dir='ltr'><strong>vocatur</strong></span> <span class='ocrx_word' id='word_1_215' title='bbox 1606 1930 1764 1976; x_wconf 91' lang='lat' dir='ltr'><strong>actus</strong></span> <span class='ocrx_word' id='word_1_216' title='bbox 1792 1920 1913 1975; x_wconf 86' lang='lat' dir='ltr'><strong>ani-</strong></span> <span class='ocrx_word' id='word_1_217' title='bbox 1945 1913 1985 1968; x_wconf 84' lang='grc' dir='ltr'><strong><em>Β</em></strong></span> <span class='ocrx_word' id='word_1_218' title='bbox 2086 1923 2214 1989; x_wconf 89' lang='lat' dir='ltr'><strong>Sed,</strong></span> <span class='ocrx_word' id='word_1_219' title='bbox 2239 1939 2271 1978; x_wconf 93' lang='grc' dir='ltr'>ο</span> <span class='ocrx_word' id='word_1_220' title='bbox 2309 1922 2548 1991; x_wconf 88' lang='lat' dir='ltr'><strong>Christe,</strong></span> <span class='ocrx_word' id='word_1_221' title='bbox 2581 1925 2674 1996; x_wconf 91' lang='lat' dir='ltr'><strong>qui</strong></span> <span class='ocrx_word' id='word_1_222' title='bbox 2713 1926 2864 1983; x_wconf 90' lang='lat' dir='ltr'><strong>solus</strong></span> <span class='ocrx_word' id='word_1_223' title='bbox 2890 1936 3085 1999; x_wconf 90' lang='lat' dir='ltr'><strong>potens</strong></span> <span class='ocrx_word' id='word_1_224' title='bbox 3113 1944 3194 1994; x_wconf 88' lang='lat' dir='ltr'><strong>es,</strong></span> <span class='ocrx_word' id='word_1_225' title='bbox 3225 1931 3385 2001; x_wconf 89' lang='lat' dir='ltr'><strong>cujus</strong></span> <span class='ocrx_word' id='word_1_226' title='bbox 3414 1946 3587 1988; x_wconf 86' lang='lat' dir='ltr'><strong>susce-</strong></span> 
     </span>
    </p>
   </div>
   <div class='ocr_carea' id='block_1_33' title="bbox 322 2013 1910 2085">
    <p class='ocr_par' dir='ltr' id='par_1_33' title="bbox 322 2013 1910 2085">
     <span class='ocr_line' id='line_1_33' title="bbox 322 2013 1910 2085; baseline -0.002 -15"><span class='ocrx_word' id='word_1_227' title='bbox 322 2032 446 2078; x_wconf 80' lang='lat' dir='ltr'><strong>mae,</strong></span> <span class='ocrx_word' id='word_1_228' title='bbox 485 2016 813 2071; x_wconf 90' lang='lat' dir='ltr'><strong>humiliatur</strong></span> <span class='ocrx_word' id='word_1_229' title='bbox 850 2031 968 2081; x_wconf 91' lang='lat' dir='ltr'><strong>cor,</strong></span> <span class='ocrx_word' id='word_1_230' title='bbox 1015 2025 1073 2071; x_wconf 90' lang='lat' dir='ltr'><strong>et</strong></span> <span class='ocrx_word' id='word_1_231' title='bbox 1102 2022 1394 2085; x_wconf 90' lang='lat' dir='ltr'><strong>separatur</strong></span> <span class='ocrx_word' id='word_1_232' title='bbox 1445 2028 1475 2067; x_wconf 92' lang='lat' dir='ltr'><strong>a</strong></span> <span class='ocrx_word' id='word_1_233' title='bbox 1518 2013 1910 2068; x_wconf 89' lang='lat' dir='ltr'><strong>communione</strong></span> 
     </span>
    </p>
   </div>
   <div class='ocr_carea' id='block_1_34' title="bbox 322 2106 1911 2178">
    <p class='ocr_par' dir='ltr' id='par_1_34' title="bbox 322 2106 1911 2178">
     <span class='ocr_line' id='line_1_34' title="bbox 322 2106 1911 2178; baseline -0.001 -15"><span class='ocrx_word' id='word_1_234' title='bbox 322 2109 569 2164; x_wconf 69' lang='lat' dir='ltr'><strong>confusa:</strong></span> <span class='ocrx_word' id='word_1_235' title='bbox 614 2108 759 2171; x_wconf 80' lang='lat' dir='ltr'><strong>vitae,</strong></span> <span class='ocrx_word' id='word_1_236' title='bbox 796 2124 919 2178; x_wconf 65' lang='lat' dir='ltr'><strong>quae</strong></span> <span class='ocrx_word' id='word_1_237' title='bbox 967 2114 1053 2162; x_wconf 79' lang='lat' dir='ltr'><strong>est</strong></span> <span class='ocrx_word' id='word_1_238' title='bbox 1104 2114 1298 2161; x_wconf 90' lang='lat' dir='ltr'><strong>contra</strong></span> <span class='ocrx_word' id='word_1_239' title='bbox 1340 2113 1671 2160; x_wconf 88' lang='lat' dir='ltr'><strong>creaturam.</strong></span> <span class='ocrx_word' id='word_1_240' title='bbox 1706 2106 1785 2160; x_wconf 86' lang='lat' dir='ltr'><strong>Ex</strong></span> <span class='ocrx_word' id='word_1_241' title='bbox 1824 2106 1911 2161; x_wconf 92' lang='lat' dir='ltr'><strong>his</strong></span> 
     </span>
    </p>
   </div>
   <div class='ocr_carea' id='block_1_35' title="bbox 322 2197 1912 2272">
    <p class='ocr_par' dir='ltr' id='par_1_35' title="bbox 322 2197 1912 2272">
     <span class='ocr_line' id='line_1_35' title="bbox 322 2197 1912 2272; baseline -0.003 -17"><span class='ocrx_word' id='word_1_242' title='bbox 322 2202 520 2271; x_wconf 88' lang='lat' dir='ltr'><strong>incipit</strong></span> <span class='ocrx_word' id='word_1_243' title='bbox 540 2200 836 2272; x_wconf 84' lang='lat' dir='ltr'><strong>aliquando</strong></span> <span class='ocrx_word' id='word_1_244' title='bbox 854 2200 1065 2254; x_wconf 88' lang='lat' dir='ltr'><strong>moveri</strong></span> <span class='ocrx_word' id='word_1_245' title='bbox 1085 2198 1154 2255; x_wconf 88' lang='lat' dir='ltr'><strong>ad</strong></span> <span class='ocrx_word' id='word_1_246' title='bbox 1177 2197 1598 2269; x_wconf 87' lang='lat' dir='ltr'><strong>intelligendum</strong></span> <span class='ocrx_word' id='word_1_247' title='bbox 1615 2206 1672 2253; x_wconf 90' lang='lat' dir='ltr'><strong>et</strong></span> <span class='ocrx_word' id='word_1_248' title='bbox 1693 2197 1912 2252; x_wconf 85' lang='lat' dir='ltr'><strong>intuen-</strong></span> 
     </span>
    </p>
   </div>
   <div class='ocr_carea' id='block_1_36' title="bbox 322 2289 1912 2363">
    <p class='ocr_par' dir='ltr' id='par_1_36' title="bbox 322 2289 1912 2363">
     <span class='ocr_line' id='line_1_36' title="bbox 322 2289 1912 2363; baseline -0.001 -17"><span class='ocrx_word' id='word_1_249' title='bbox 322 2293 457 2347; x_wconf 91' lang='lat' dir='ltr'><strong>dum</strong></span> <span class='ocrx_word' id='word_1_250' title='bbox 486 2292 541 2347; x_wconf 90' lang='lat' dir='ltr'><strong>in</strong></span> <span class='ocrx_word' id='word_1_251' title='bbox 564 2292 1033 2363; x_wconf 89' lang='lat' dir='ltr'><strong>contemplatione</strong></span> <span class='ocrx_word' id='word_1_252' title='bbox 1059 2289 1400 2344; x_wconf 91' lang='lat' dir='ltr'><strong>naturalium</strong></span> <span class='ocrx_word' id='word_1_253' title='bbox 1429 2304 1551 2358; x_wconf 66' lang='lat' dir='ltr'><strong>qua:</strong></span> <span class='ocrx_word' id='word_1_254' title='bbox 1579 2298 1761 2344; x_wconf 89' lang='lat' dir='ltr'><strong>creata</strong></span> <span class='ocrx_word' id='word_1_255' title='bbox 1785 2298 1912 2344; x_wconf 91' lang='lat' dir='ltr'><strong>sunt</strong></span> 
     </span>
    </p>
   </div>
   <div class='ocr_carea' id='block_1_37' title="bbox 322 2378 1911 2454">
    <p class='ocr_par' dir='ltr' id='par_1_37' title="bbox 322 2378 1911 2454">
     <span class='ocr_line' id='line_1_37' title="bbox 322 2378 1911 2454; baseline -0.003 -16"><span class='ocrx_word' id='word_1_256' title='bbox 322 2384 392 2439; x_wconf 86' lang='lat' dir='ltr'><strong>ad</strong></span> <span class='ocrx_word' id='word_1_257' title='bbox 429 2400 592 2439; x_wconf 88' lang='lat' dir='ltr'><strong>usum</strong></span> <span class='ocrx_word' id='word_1_258' title='bbox 623 2393 681 2439; x_wconf 91' lang='lat' dir='ltr'><strong>et</strong></span> <span class='ocrx_word' id='word_1_259' title='bbox 718 2390 1075 2454; x_wconf 76' lang='lat' dir='ltr'><strong>augmentum</strong></span> <span class='ocrx_word' id='word_1_260' title='bbox 1108 2380 1393 2450; x_wconf 89' lang='lat' dir='ltr'><strong>corporis,</strong></span> <span class='ocrx_word' id='word_1_261' title='bbox 1439 2387 1496 2434; x_wconf 90' lang='lat' dir='ltr'><strong>et</strong></span> <span class='ocrx_word' id='word_1_262' title='bbox 1525 2378 1805 2448; x_wconf 91' lang='lat' dir='ltr'><strong>quomodo</strong></span> <span class='ocrx_word' id='word_1_263' title='bbox 1854 2380 1911 2434; x_wconf 90' lang='lat' dir='ltr'><strong>in</strong></span> 
     </span>
    </p>
   </div>
   <div class='ocr_carea' id='block_1_38' title="bbox 323 2471 1911 2540">
    <p class='ocr_par' dir='ltr' id='par_1_38' title="bbox 323 2471 1911 2540">
     <span class='ocr_line' id='line_1_38' title="bbox 323 2471 1911 2540; baseline -0.004 -11"><span class='ocrx_word' id='word_1_264' title='bbox 323 2476 736 2531; x_wconf 88' lang='lat' dir='ltr'><strong>ministratione</strong></span> <span class='ocrx_word' id='word_1_265' title='bbox 791 2488 985 2530; x_wconf 91' lang='lat' dir='ltr'><strong>eorum</strong></span> <span class='ocrx_word' id='word_1_266' title='bbox 1053 2471 1216 2525; x_wconf 88' lang='lat' dir='ltr'><strong>datur</strong></span> <span class='ocrx_word' id='word_1_267' title='bbox 1265 2472 1444 2525; x_wconf 90' lang='lat' dir='ltr'><strong>virtus</strong></span> <span class='ocrx_word' id='word_1_268' title='bbox 1499 2479 1739 2540; x_wconf 91' lang='lat' dir='ltr'><strong>quatuor</strong></span> <span class='ocrx_word' id='word_1_269' title='bbox 1801 2471 1911 2540; x_wconf 79' lang='lat'><strong>29</strong></span> 
     </span>
    </p>
   </div>
   <div class='ocr_carea' id='block_1_39' title="bbox 321 2564 1910 2638">
    <p class='ocr_par' dir='ltr' id='par_1_39' title="bbox 321 2564 1910 2638">
     <span class='ocr_line' id='line_1_39' title="bbox 321 2564 1910 2638; baseline -0.006 -13"><span class='ocrx_word' id='word_1_270' title='bbox 321 2570 620 2626; x_wconf 89' lang='lat' dir='ltr'><strong>elementis</strong></span> <span class='ocrx_word' id='word_1_271' title='bbox 653 2609 669 2635; x_wconf 95' lang='lat'><strong>,</strong></span> <span class='ocrx_word' id='word_1_272' title='bbox 736 2584 860 2638; x_wconf 66' lang='lat' dir='ltr'><strong>qua:</strong></span> <span class='ocrx_word' id='word_1_273' title='bbox 920 2574 1052 2622; x_wconf 88' lang='lat' dir='ltr'><strong>sunt</strong></span> <span class='ocrx_word' id='word_1_274' title='bbox 1128 2566 1185 2620; x_wconf 90' lang='lat' dir='ltr'><strong>in</strong></span> <span class='ocrx_word' id='word_1_275' title='bbox 1258 2564 1475 2619; x_wconf 90' lang='lat' dir='ltr'><strong>actione</strong></span> <span class='ocrx_word' id='word_1_276' title='bbox 1531 2564 1617 2618; x_wconf 86' lang='lat' dir='ltr'><strong>vel</strong></span> <span class='ocrx_word' id='word_1_277' title='bbox 1669 2564 1727 2617; x_wconf 92' lang='lat' dir='ltr'><strong>in</strong></span> <span class='ocrx_word' id='word_1_278' title='bbox 1782 2579 1910 2618; x_wconf 89' lang='lat' dir='ltr'><strong>cor-</strong></span> 
     </span>
    </p>
   </div>
   <div class='ocr_carea' id='block_1_40' title="bbox 323 2678 480 2734">
    <p class='ocr_par' dir='ltr' id='par_1_40' title="bbox 323 2678 480 2734">
     <span class='ocr_line' id='line_1_40' title="bbox 323 2678 480 2734; baseline 0 -17"><span class='ocrx_word' id='word_1_279' title='bbox 323 2678 480 2734; x_wconf 86' lang='lat' dir='ltr'><strong>pore.</strong></span> 
     </span>
    </p>
   </div>
   <div class='ocr_carea' id='block_1_41' title="bbox 882 2776 1345 2836">
    <p class='ocr_par' dir='ltr' id='par_1_41' title="bbox 882 2776 1345 2836">
     <span class='ocr_line' id='line_1_41' title="bbox 882 2776 1345 2836; baseline -0.006 -2"><span class='ocrx_word' id='word_1_280' title='bbox 882 2777 1109 2836; x_wconf 81' lang='lat' dir='ltr'><strong>CAPUT</strong></span> <span class='ocrx_word' id='word_1_281' title='bbox 1158 2776 1345 2832; x_wconf 79' lang='lat' dir='ltr'><strong>XLVI.</strong></span> 
     </span>
    </p>
   </div>
   <div class='ocr_carea' id='block_1_42' title="bbox 702 2889 1535 2961">
    <p class='ocr_par' dir='ltr' id='par_1_42' title="bbox 702 2889 1535 2961">
     <span class='ocr_line' id='line_1_42' title="bbox 702 2889 1535 2961; baseline -0.001 -14"><span class='ocrx_word' id='word_1_282' title='bbox 702 2892 778 2947; x_wconf 89' lang='lat' dir='ltr'><strong>De</strong></span> <span class='ocrx_word' id='word_1_283' title='bbox 804 2894 1203 2947; x_wconf 76' lang='lat' dir='ltr'><strong>conversatione</strong></span> <span class='ocrx_word' id='word_1_284' title='bbox 1243 2889 1535 2961; x_wconf 77' lang='lat' dir='ltr'><strong>spirituali.</strong></span> 
     </span>
    </p>
   </div>
   <div class='ocr_carea' id='block_1_43' title="bbox 391 3004 1913 3077">
    <p class='ocr_par' dir='ltr' id='par_1_43' title="bbox 391 3004 1913 3077">
     <span class='ocr_line' id='line_1_43' title="bbox 391 3004 1913 3077; baseline -0.003 -11"><span class='ocrx_word' id='word_1_285' title='bbox 391 3007 757 3066; x_wconf 88' lang='lat' dir='ltr'><strong>Conversatio</strong></span> <span class='ocrx_word' id='word_1_286' title='bbox 783 3020 1008 3077; x_wconf 90' lang='lat' dir='ltr'><strong>quoque</strong></span> <span class='ocrx_word' id='word_1_287' title='bbox 1032 3004 1340 3074; x_wconf 90' lang='lat' dir='ltr'><strong>spiritualis</strong></span> <span class='ocrx_word' id='word_1_288' title='bbox 1359 3012 1445 3060; x_wconf 90' lang='lat' dir='ltr'><strong>est</strong></span> <span class='ocrx_word' id='word_1_289' title='bbox 1468 3004 1614 3059; x_wconf 90' lang='lat' dir='ltr'><strong>actio</strong></span> <span class='ocrx_word' id='word_1_290' title='bbox 1637 3004 1756 3060; x_wconf 89' lang='lat' dir='ltr'><strong>sine</strong></span> <span class='ocrx_word' id='word_1_291' title='bbox 1787 3021 1913 3061; x_wconf 79' lang='lat' dir='ltr'><strong>sen~</strong></span> 
     </span>
    </p>
   </div>
   <div class='ocr_carea' id='block_1_44' title="bbox 321 3098 1908 3170">
    <p class='ocr_par' dir='ltr' id='par_1_44' title="bbox 321 3098 1908 3170">
     <span class='ocr_line' id='line_1_44' title="bbox 321 3098 1908 3170; baseline -0.003 -11"><span class='ocrx_word' id='word_1_292' title='bbox 321 3102 501 3167; x_wconf 89' lang='lat' dir='ltr'><strong>sibus,</strong></span> <span class='ocrx_word' id='word_1_293' title='bbox 562 3110 619 3157; x_wconf 91' lang='lat' dir='ltr'><strong>et</strong></span> <span class='ocrx_word' id='word_1_294' title='bbox 668 3101 785 3155; x_wconf 78' lang='lat' dir='ltr'><strong>haec</strong></span> <span class='ocrx_word' id='word_1_295' title='bbox 824 3108 931 3165; x_wconf 91' lang='lat' dir='ltr'><strong>est,</strong></span> <span class='ocrx_word' id='word_1_296' title='bbox 986 3114 1152 3170; x_wconf 88' lang='lat' dir='ltr'><strong>quam</strong></span> <span class='ocrx_word' id='word_1_297' title='bbox 1206 3098 1625 3170; x_wconf 88' lang='lat' dir='ltr'><strong>descripserunt</strong></span> <span class='ocrx_word' id='word_1_298' title='bbox 1676 3101 1908 3167; x_wconf 89' lang='lat' dir='ltr'><strong>Patres;</strong></span> 
     </span>
    </p>
   </div>
   <div class='ocr_carea' id='block_1_45' title="bbox 321 3184 1913 3265">
    <p class='ocr_par' dir='ltr' id='par_1_45' title="bbox 321 3184 1913 3265">
     <span class='ocr_line' id='line_1_45' title="bbox 321 3184 1913 3265; baseline -0.001 -16"><span class='ocrx_word' id='word_1_299' title='bbox 321 3184 487 3265; x_wconf 89' lang='lat' dir='ltr'><strong>quam</strong></span> <span class='ocrx_word' id='word_1_300' title='bbox 522 3209 648 3248; x_wconf 91' lang='lat' dir='ltr'><strong>cum</strong></span> <span class='ocrx_word' id='word_1_301' title='bbox 682 3201 897 3247; x_wconf 89' lang='lat' dir='ltr'><strong>mentes</strong></span> <span class='ocrx_word' id='word_1_302' title='bbox 935 3199 1256 3247; x_wconf 90' lang='lat' dir='ltr'><strong>sanctorum</strong></span> <span class='ocrx_word' id='word_1_303' title='bbox 1288 3191 1623 3261; x_wconf 87' lang='lat' dir='ltr'><strong>suscipiunt,</strong></span> <span class='ocrx_word' id='word_1_304' title='bbox 1656 3192 1913 3249; x_wconf 87' lang='lat' dir='ltr'><strong>substan-</strong></span> 
     </span>
    </p>
   </div>
   <div class='ocr_carea' id='block_1_46' title="bbox 324 3284 1908 3357">
    <p class='ocr_par' dir='ltr' id='par_1_46' title="bbox 324 3284 1908 3357">
     <span class='ocr_line' id='line_1_46' title="bbox 324 3284 1908 3357; baseline 0 -15"><span class='ocrx_word' id='word_1_305' title='bbox 324 3289 474 3342; x_wconf 91' lang='lat' dir='ltr'><strong>tialis</strong></span> <span class='ocrx_word' id='word_1_306' title='bbox 512 3295 773 3357; x_wconf 89' lang='lat' dir='ltr'><strong>aspectus</strong></span> <span class='ocrx_word' id='word_1_307' title='bbox 822 3293 879 3340; x_wconf 91' lang='lat' dir='ltr'><strong>et</strong></span> <span class='ocrx_word' id='word_1_308' title='bbox 911 3284 1188 3356; x_wconf 80' lang='lat' dir='ltr'><strong>pinguedo</strong></span> <span class='ocrx_word' id='word_1_309' title='bbox 1220 3285 1476 3354; x_wconf 89' lang='lat' dir='ltr'><strong>corporis</strong></span> <span class='ocrx_word' id='word_1_310' title='bbox 1507 3286 1798 3351; x_wconf 91' lang='lat' dir='ltr'><strong>tolluntur,</strong></span> <span class='ocrx_word' id='word_1_311' title='bbox 1843 3302 1908 3342; x_wconf 90' lang='lat' dir='ltr'><strong>ac</strong></span> 
     </span>
    </p>
   </div>
   <div class='ocr_carea' id='block_1_47' title="bbox 323 3376 1907 3448">
    <p class='ocr_par' dir='ltr' id='par_1_47' title="bbox 323 3376 1907 3448">
     <span class='ocr_line' id='line_1_47' title="bbox 323 3376 1907 3448; baseline 0 -15"><span class='ocrx_word' id='word_1_312' title='bbox 323 3379 530 3434; x_wconf 86' lang='lat' dir='ltr'><strong>deinde</strong></span> <span class='ocrx_word' id='word_1_313' title='bbox 565 3386 823 3448; x_wconf 90' lang='lat' dir='ltr'><strong>aspectus</strong></span> <span class='ocrx_word' id='word_1_314' title='bbox 866 3376 925 3431; x_wconf 90' lang='lat' dir='ltr'><strong>ﬁt</strong></span> <span class='ocrx_word' id='word_1_315' title='bbox 957 3376 1346 3447; x_wconf 90' lang='lat' dir='ltr'><strong>intelligibilis.</strong></span> <span class='ocrx_word' id='word_1_316' title='bbox 1384 3376 1684 3447; x_wconf 84' lang='lat' dir='ltr'><strong>Aspectum</strong></span> <span class='ocrx_word' id='word_1_317' title='bbox 1720 3387 1907 3433; x_wconf 90' lang='lat' dir='ltr'><strong>autem</strong></span> 
     </span>
    </p>
   </div>
   <div class='ocr_carea' id='block_1_48' title="bbox 322 3467 1910 3537">
    <p class='ocr_par' dir='ltr' id='par_1_48' title="bbox 322 3467 1910 3537">
     <span class='ocr_line' id='line_1_48' title="bbox 322 3467 1910 3537; baseline -0.002 -11"><span class='ocrx_word' id='word_1_318' title='bbox 322 3469 749 3526; x_wconf 89' lang='lat' dir='ltr'><strong>substantialem</strong></span> <span class='ocrx_word' id='word_1_319' title='bbox 790 3477 955 3523; x_wconf 88' lang='lat' dir='ltr'><strong>vocat</strong></span> <span class='ocrx_word' id='word_1_320' title='bbox 991 3468 1301 3522; x_wconf 90' lang='lat' dir='ltr'><strong>orationem</strong></span> <span class='ocrx_word' id='word_1_321' title='bbox 1342 3467 1537 3537; x_wconf 57' lang='lat' dir='ltr'><strong>prima;</strong></span> <span class='ocrx_word' id='word_1_322' title='bbox 1576 3475 1811 3534; x_wconf 69' lang='lat' dir='ltr'><strong>naturae,</strong></span> <span class='ocrx_word' id='word_1_323' title='bbox 1850 3476 1910 3523; x_wconf 91' lang='lat' dir='ltr'><strong>et</strong></span> 
     </span>
    </p>
   </div>
   <div class='ocr_carea' id='block_1_49' title="bbox 322 3557 1909 3630">
    <p class='ocr_par' dir='ltr' id='par_1_49' title="bbox 322 3557 1909 3630">
     <span class='ocr_line' id='line_1_49' title="bbox 322 3557 1909 3630; baseline -0.002 -13"><span class='ocrx_word' id='word_1_324' title='bbox 322 3577 391 3618; x_wconf 88' lang='lat' dir='ltr'><strong>ex</strong></span> <span class='ocrx_word' id='word_1_325' title='bbox 437 3562 547 3616; x_wconf 88' lang='lat' dir='ltr'><strong>hoc</strong></span> <span class='ocrx_word' id='word_1_326' title='bbox 590 3568 818 3630; x_wconf 89' lang='lat' dir='ltr'><strong>aspectu</strong></span> <span class='ocrx_word' id='word_1_327' title='bbox 866 3557 1220 3614; x_wconf 89' lang='lat' dir='ltr'><strong>substantiali</strong></span> <span class='ocrx_word' id='word_1_328' title='bbox 1273 3557 1479 3614; x_wconf 88' lang='lat' dir='ltr'><strong>dehinc</strong></span> <span class='ocrx_word' id='word_1_329' title='bbox 1528 3558 1691 3614; x_wconf 81' lang='lat' dir='ltr'><strong>facile</strong></span> <span class='ocrx_word' id='word_1_330' title='bbox 1729 3570 1909 3614; x_wconf 88' lang='lat' dir='ltr'><strong>trans-</strong></span> 
     </span>
    </p>
   </div>
   <div class='ocr_carea' id='block_1_50' title="bbox 323 3647 1910 3721">
    <p class='ocr_par' dir='ltr' id='par_1_50' title="bbox 323 3647 1910 3721">
     <span class='ocr_line' id='line_1_50' title="bbox 323 3647 1910 3721; baseline -0.002 -14"><span class='ocrx_word' id='word_1_331' title='bbox 323 3649 517 3707; x_wconf 90' lang='lat' dir='ltr'><strong>cendit</strong></span> <span class='ocrx_word' id='word_1_332' title='bbox 537 3649 604 3704; x_wconf 89' lang='lat' dir='ltr'><strong>ad</strong></span> <span class='ocrx_word' id='word_1_333' title='bbox 627 3648 967 3721; x_wconf 78' lang='lat' dir='ltr'><strong>agnitionem</strong></span> <span class='ocrx_word' id='word_1_334' title='bbox 1010 3647 1268 3703; x_wconf 70' lang='lat' dir='ltr'><strong>solitariae</strong></span> <span class='ocrx_word' id='word_1_335' title='bbox 1302 3648 1759 3715; x_wconf 87' lang='lat' dir='ltr'><strong>conversationis,</strong></span> <span class='ocrx_word' id='word_1_336' title='bbox 1786 3664 1910 3718; x_wconf 67' lang='lat' dir='ltr'><strong>quae</strong></span> 
     </span>
    </p>
   </div>
   <div class='ocr_carea' id='block_1_51' title="bbox 323 3736 1908 3808">
    <p class='ocr_par' dir='ltr' id='par_1_51' title="bbox 323 3736 1908 3808">
     <span class='ocr_line' id='line_1_51' title="bbox 323 3736 1908 3808; baseline -0.002 -12"><span class='ocrx_word' id='word_1_337' title='bbox 323 3749 412 3796; x_wconf 89' lang='lat' dir='ltr'><strong>est</strong></span> <span class='ocrx_word' id='word_1_338' title='bbox 444 3739 502 3794; x_wconf 92' lang='lat' dir='ltr'><strong>in</strong></span> <span class='ocrx_word' id='word_1_339' title='bbox 534 3739 883 3808; x_wconf 80' lang='lat' dir='ltr'><strong>expositione</strong></span> <span class='ocrx_word' id='word_1_340' title='bbox 906 3737 1199 3792; x_wconf 84' lang='lat' dir='ltr'><strong>manifesta</strong></span> <span class='ocrx_word' id='word_1_341' title='bbox 1226 3736 1746 3793; x_wconf 88' lang='lat' dir='ltr'><strong>misericordiarum</strong></span> <span class='ocrx_word' id='word_1_342' title='bbox 1797 3740 1908 3793; x_wconf 92' lang='lat' dir='ltr'><strong>Do-</strong></span> 
     </span>
    </p>
   </div>
   <div class='ocr_carea' id='block_1_52' title="bbox 325 3828 1905 3901">
    <p class='ocr_par' dir='ltr' id='par_1_52' title="bbox 325 3828 1905 3901">
     <span class='ocr_line' id='line_1_52' title="bbox 325 3828 1905 3901; baseline -0.002 -15"><span class='ocrx_word' id='word_1_343' title='bbox 325 3832 485 3886; x_wconf 86' lang='lat' dir='ltr'><strong>mini.</strong></span> <span class='ocrx_word' id='word_1_344' title='bbox 530 3830 631 3887; x_wconf 84' lang='lat' dir='ltr'><strong>IIic</strong></span> <span class='ocrx_word' id='word_1_345' title='bbox 662 3838 748 3886; x_wconf 88' lang='lat' dir='ltr'><strong>est</strong></span> <span class='ocrx_word' id='word_1_346' title='bbox 794 3846 1025 3901; x_wconf 87' lang='lat' dir='ltr'><strong>magnus</strong></span> <span class='ocrx_word' id='word_1_347' title='bbox 1053 3838 1229 3884; x_wconf 91' lang='lat' dir='ltr'><strong>status</strong></span> <span class='ocrx_word' id='word_1_348' title='bbox 1266 3828 1581 3884; x_wconf 78' lang='lat' dir='ltr'><strong>futurorum</strong></span> <span class='ocrx_word' id='word_1_349' title='bbox 1611 3829 1905 3895; x_wconf 87' lang='lat' dir='ltr'><strong>bonorum,</strong></span> 
     </span>
    </p>
   </div>
   <div class='ocr_carea' id='block_1_53' title="bbox 324 3921 1906 3996">
    <p class='ocr_par' dir='ltr' id='par_1_53' title="bbox 324 3921 1906 3996">
     <span class='ocr_line' id='line_1_53' title="bbox 324 3921 1906 3996; baseline -0.003 -17"><span class='ocrx_word' id='word_1_350' title='bbox 324 3923 422 3996; x_wconf 88' lang='lat' dir='ltr'><strong>qui</strong></span> <span class='ocrx_word' id='word_1_351' title='bbox 455 3924 621 3978; x_wconf 84' lang='lat' dir='ltr'><strong>datur</strong></span> <span class='ocrx_word' id='word_1_352' title='bbox 653 3923 709 3978; x_wconf 93' lang='lat' dir='ltr'><strong>in</strong></span> <span class='ocrx_word' id='word_1_353' title='bbox 740 3923 1000 3978; x_wconf 88' lang='lat' dir='ltr'><strong>libertate</strong></span> <span class='ocrx_word' id='word_1_354' title='bbox 1041 3922 1098 3976; x_wconf 92' lang='lat' dir='ltr'><strong>in</strong></span> <span class='ocrx_word' id='word_1_355' title='bbox 1147 3921 1470 3976; x_wconf 88' lang='lat' dir='ltr'><strong>mortalium</strong></span> <span class='ocrx_word' id='word_1_356' title='bbox 1509 3921 1645 3987; x_wconf 87' lang='lat' dir='ltr'><strong>vita,</strong></span> <span class='ocrx_word' id='word_1_357' title='bbox 1678 3922 1735 3975; x_wconf 91' lang='lat' dir='ltr'><strong>in</strong></span> <span class='ocrx_word' id='word_1_358' title='bbox 1770 3936 1906 3975; x_wconf 89' lang='lat' dir='ltr'><strong>con-</strong></span> 
     </span>
    </p>
   </div>
   <div class='ocr_carea' id='block_1_54' title="bbox 322 4012 1908 4085">
    <p class='ocr_par' dir='ltr' id='par_1_54' title="bbox 322 4012 1908 4085">
     <span class='ocr_line' id='line_1_54' title="bbox 322 4012 1908 4085; baseline -0.001 -14"><span class='ocrx_word' id='word_1_359' title='bbox 322 4016 638 4073; x_wconf 88' lang='lat' dir='ltr'><strong>versatione</strong></span> <span class='ocrx_word' id='word_1_360' title='bbox 677 4030 800 4085; x_wconf 79' lang='lat' dir='ltr'><strong>quae</strong></span> <span class='ocrx_word' id='word_1_361' title='bbox 840 4022 927 4070; x_wconf 88' lang='lat' dir='ltr'><strong>est</strong></span> <span class='ocrx_word' id='word_1_362' title='bbox 969 4020 1094 4084; x_wconf 91' lang='lat' dir='ltr'><strong>post</strong></span> <span class='ocrx_word' id='word_1_363' title='bbox 1127 4012 1625 4077; x_wconf 83' lang='lat' dir='ltr'><strong>resurrectionem,</strong></span> <span class='ocrx_word' id='word_1_364' title='bbox 1667 4012 1762 4083; x_wconf 88' lang='lat' dir='ltr'><strong>qui</strong></span> <span class='ocrx_word' id='word_1_365' title='bbox 1796 4028 1908 4070; x_wconf 89' lang='lat' dir='ltr'><strong>non</strong></span> 
     </span>
    </p>
   </div>
   <div class='ocr_carea' id='block_1_55' title="bbox 324 4105 1907 4172">
    <p class='ocr_par' dir='ltr' id='par_1_55' title="bbox 324 4105 1907 4172">
     <span class='ocr_line' id='line_1_55' title="bbox 324 4105 1907 4172; baseline -0.003 -7"><span class='ocrx_word' id='word_1_366' title='bbox 324 4119 508 4165; x_wconf 86' lang='lat' dir='ltr'><strong>cessat</strong></span> <span class='ocrx_word' id='word_1_367' title='bbox 552 4111 608 4164; x_wconf 92' lang='lat' dir='ltr'><strong>in</strong></span> <span class='ocrx_word' id='word_1_368' title='bbox 658 4109 900 4164; x_wconf 89' lang='lat' dir='ltr'><strong>humana</strong></span> <span class='ocrx_word' id='word_1_369' title='bbox 934 4118 1132 4162; x_wconf 88' lang='lat' dir='ltr'><strong>natura</strong></span> <span class='ocrx_word' id='word_1_370' title='bbox 1173 4105 1364 4161; x_wconf 90' lang='lat' dir='ltr'><strong>mirari</strong></span> <span class='ocrx_word' id='word_1_371' title='bbox 1395 4106 1593 4172; x_wconf 89' lang='lat' dir='ltr'><strong>Deum,</strong></span> <span class='ocrx_word' id='word_1_372' title='bbox 1622 4121 1726 4161; x_wconf 90' lang='lat' dir='ltr'><strong>nec</strong></span> <span class='ocrx_word' id='word_1_373' title='bbox 1767 4120 1907 4161; x_wconf 88' lang='lat' dir='ltr'><strong>con-</strong></span> 
     </span>
    </p>
   </div>
   <div class='ocr_carea' id='block_1_56' title="bbox 324 4197 1909 4269">
    <p class='ocr_par' dir='ltr' id='par_1_56' title="bbox 324 4197 1909 4269">
     <span class='ocr_line' id='line_1_56' title="bbox 324 4197 1909 4269; baseline -0.003 -11"><span class='ocrx_word' id='word_1_374' title='bbox 324 4202 536 4258; x_wconf 85' lang='lat' dir='ltr'><strong>siderat</strong></span> <span class='ocrx_word' id='word_1_375' title='bbox 576 4200 807 4256; x_wconf 90' lang='lat' dir='ltr'><strong>omnino</strong></span> <span class='ocrx_word' id='word_1_376' title='bbox 844 4198 978 4269; x_wconf 90' lang='lat' dir='ltr'><strong>quid</strong></span> <span class='ocrx_word' id='word_1_377' title='bbox 1024 4198 1094 4255; x_wconf 88' lang='lat' dir='ltr'><strong>de</strong></span> <span class='ocrx_word' id='word_1_378' title='bbox 1143 4197 1414 4253; x_wconf 88' lang='lat' dir='ltr'><strong>creaturis</strong></span> <span class='ocrx_word' id='word_1_379' title='bbox 1446 4213 1461 4250; x_wconf 90' lang='lat'><strong>:</strong></span> <span class='ocrx_word' id='word_1_380' title='bbox 1496 4211 1626 4250; x_wconf 88' lang='lat' dir='ltr'><strong>nam</strong></span> <span class='ocrx_word' id='word_1_381' title='bbox 1665 4197 1711 4251; x_wconf 92' lang='lat' dir='ltr'><strong>si</strong></span> <span class='ocrx_word' id='word_1_382' title='bbox 1762 4206 1909 4253; x_wconf 86' lang='lat' dir='ltr'><strong>esset</strong></span> 
     </span>
    </p>
   </div>
   <div class='ocr_carea' id='block_1_57' title="bbox 324 4290 1909 4363">
    <p class='ocr_par' dir='ltr' id='par_1_57' title="bbox 324 4290 1909 4363">
     <span class='ocr_line' id='line_1_57' title="bbox 324 4290 1909 4363; baseline -0.001 -15"><span class='ocrx_word' id='word_1_383' title='bbox 324 4293 537 4363; x_wconf 85' lang='lat' dir='ltr'><strong>aliquid</strong></span> <span class='ocrx_word' id='word_1_384' title='bbox 580 4291 946 4347; x_wconf 87' lang='lat' dir='ltr'><strong>substantiaie</strong></span> <span class='ocrx_word' id='word_1_385' title='bbox 1000 4292 1134 4356; x_wconf 88' lang='lat' dir='ltr'><strong>Deo,</strong></span> <span class='ocrx_word' id='word_1_386' title='bbox 1186 4292 1474 4348; x_wconf 87' lang='lat' dir='ltr'><strong>habuisset</strong></span> <span class='ocrx_word' id='word_1_387' title='bbox 1510 4290 1703 4362; x_wconf 87' lang='lat' dir='ltr'><strong>utique</strong></span> <span class='ocrx_word' id='word_1_388' title='bbox 1752 4307 1909 4347; x_wconf 89' lang='lat' dir='ltr'><strong>mens</strong></span> 
     </span>
    </p>
   </div>
   <div class='ocr_carea' id='block_1_58' title="bbox 326 4383 1909 4455">
    <p class='ocr_par' dir='ltr' id='par_1_58' title="bbox 326 4383 1909 4455">
     <span class='ocr_line' id='line_1_58' title="bbox 326 4383 1909 4455; baseline -0.003 -13"><span class='ocrx_word' id='word_1_389' title='bbox 326 4385 649 4442; x_wconf 85' lang='lat' dir='ltr'><strong>memoriam</strong></span> <span class='ocrx_word' id='word_1_390' title='bbox 677 4386 736 4439; x_wconf 90' lang='lat' dir='ltr'><strong>in</strong></span> <span class='ocrx_word' id='word_1_391' title='bbox 766 4384 881 4439; x_wconf 90' lang='lat' dir='ltr'><strong>illo.</strong></span> <span class='ocrx_word' id='word_1_392' title='bbox 911 4383 1069 4451; x_wconf 86' lang='lat' dir='ltr'><strong>Quod</strong></span> <span class='ocrx_word' id='word_1_393' title='bbox 1100 4384 1146 4441; x_wconf 85' lang='lat' dir='ltr'><strong>si</strong></span> <span class='ocrx_word' id='word_1_394' title='bbox 1176 4385 1361 4441; x_wconf 87' lang='lat' dir='ltr'><strong>omnis</strong></span> <span class='ocrx_word' id='word_1_395' title='bbox 1388 4384 1750 4455; x_wconf 83' lang='lat' dir='ltr'><strong>pulchritudo</strong></span> <span class='ocrx_word' id='word_1_396' title='bbox 1783 4384 1909 4439; x_wconf 89' lang='lat' dir='ltr'><strong>illo-</strong></span> 
     </span>
    </p>
   </div>
   <div class='ocr_carea' id='block_1_59' title="bbox 324 4477 1909 4551">
    <p class='ocr_par' dir='ltr' id='par_1_59' title="bbox 324 4477 1909 4551">
     <span class='ocr_line' id='line_1_59' title="bbox 324 4477 1909 4551; baseline -0.001 -16"><span class='ocrx_word' id='word_1_397' title='bbox 324 4496 451 4536; x_wconf 90' lang='lat' dir='ltr'><strong>rum</strong></span> <span class='ocrx_word' id='word_1_398' title='bbox 481 4494 603 4551; x_wconf 62' lang='lat' dir='ltr'><strong>quae</strong></span> <span class='ocrx_word' id='word_1_399' title='bbox 640 4477 736 4534; x_wconf 86' lang='lat' dir='ltr'><strong>ﬁet</strong></span> <span class='ocrx_word' id='word_1_400' title='bbox 762 4478 821 4532; x_wconf 92' lang='lat' dir='ltr'><strong>in</strong></span> <span class='ocrx_word' id='word_1_401' title='bbox 851 4477 1262 4533; x_wconf 89' lang='lat' dir='ltr'><strong>resurrectione</strong></span> <span class='ocrx_word' id='word_1_402' title='bbox 1302 4477 1513 4543; x_wconf 87' lang='lat' dir='ltr'><strong>futura,</strong></span> <span class='ocrx_word' id='word_1_403' title='bbox 1562 4477 1795 4532; x_wconf 82' lang='lat' dir='ltr'><strong>inferior</strong></span> <span class='ocrx_word' id='word_1_404' title='bbox 1823 4486 1909 4533; x_wconf 85' lang='lat' dir='ltr'><strong>est</strong></span> 
     </span>
    </p>
   </div>
   <div class='ocr_carea' id='block_1_60' title="bbox 1936 3252 1983 3312">
    <p class='ocr_par' dir='ltr' id='par_1_60' title="bbox 1936 3252 1983 3312">
     <span class='ocr_line' id='line_1_60' title="bbox 1936 3252 1983 3312; baseline 0 0"><span class='ocrx_word' id='word_1_405' title='bbox 1936 3252 1983 3312; x_wconf 80' lang='grc' dir='ltr'><strong>ϐ</strong></span> 
     </span>
    </p>
   </div>
   <div class='ocr_carea' id='block_1_61' title="bbox 2013 2014 3597 2087">
    <p class='ocr_par' dir='ltr' id='par_1_61' title="bbox 2013 2014 3597 2087">
     <span class='ocr_line' id='line_1_61' title="bbox 2013 2014 3597 2087; baseline 0.006 -19"><span class='ocrx_word' id='word_1_406' title='bbox 2013 2014 2130 2084; x_wconf 92' lang='lat' dir='ltr'><strong>ptio</strong></span> <span class='ocrx_word' id='word_1_407' title='bbox 2167 2025 2255 2071; x_wconf 90' lang='lat' dir='ltr'><strong>est</strong></span> <span class='ocrx_word' id='word_1_408' title='bbox 2280 2017 2424 2087; x_wconf 89' lang='lat' dir='ltr'><strong>apud</strong></span> <span class='ocrx_word' id='word_1_409' title='bbox 2460 2025 2537 2083; x_wconf 88' lang='lat' dir='ltr'><strong>te,</strong></span> <span class='ocrx_word' id='word_1_410' title='bbox 2577 2027 2634 2073; x_wconf 89' lang='lat' dir='ltr'><strong>et</strong></span> <span class='ocrx_word' id='word_1_411' title='bbox 2666 2019 3021 2074; x_wconf 90' lang='lat' dir='ltr'><strong>ascensiones</strong></span> <span class='ocrx_word' id='word_1_412' title='bbox 3063 2019 3119 2074; x_wconf 92' lang='lat' dir='ltr'><strong>in</strong></span> <span class='ocrx_word' id='word_1_413' title='bbox 3152 2020 3319 2077; x_wconf 89' lang='lat' dir='ltr'><strong>corde</strong></span> <span class='ocrx_word' id='word_1_414' title='bbox 3354 2030 3450 2077; x_wconf 86' lang='lat' dir='ltr'><strong>tuo</strong></span> <span class='ocrx_word' id='word_1_415' title='bbox 3481 2023 3597 2079; x_wconf 78' lang='lat' dir='ltr'><strong>dis-</strong></span> 
     </span>
    </p>
   </div>
   <div class='ocr_carea' id='block_1_62' title="bbox 2012 2108 3600 2177">
    <p class='ocr_par' dir='ltr' id='par_1_62' title="bbox 2012 2108 3600 2177">
     <span class='ocr_line' id='line_1_62' title="bbox 2012 2108 3600 2177; baseline 0.007 -17"><span class='ocrx_word' id='word_1_416' title='bbox 2012 2108 2217 2177; x_wconf 90' lang='lat' dir='ltr'><strong>posuit,</strong></span> <span class='ocrx_word' id='word_1_417' title='bbox 2265 2110 2622 2175; x_wconf 89' lang='lat' dir='ltr'><strong>tu,Domine,</strong></span> <span class='ocrx_word' id='word_1_418' title='bbox 2668 2123 2854 2166; x_wconf 88' lang='lat' dir='ltr'><strong>averte</strong></span> <span class='ocrx_word' id='word_1_419' title='bbox 2890 2111 3062 2167; x_wconf 85' lang='lat' dir='ltr'><strong>facies</strong></span> <span class='ocrx_word' id='word_1_420' title='bbox 3098 2120 3315 2169; x_wconf 90' lang='lat' dir='ltr'><strong>nostras</strong></span> <span class='ocrx_word' id='word_1_421' title='bbox 3359 2130 3391 2169; x_wconf 94' lang='lat' dir='ltr'><strong>a</strong></span> <span class='ocrx_word' id='word_1_422' title='bbox 3437 2131 3600 2171; x_wconf 88' lang='lat' dir='ltr'><strong>mun-</strong></span> 
     </span>
    </p>
   </div>
   <div class='ocr_carea' id='block_1_63' title="bbox 2011 2202 3597 2270">
    <p class='ocr_par' dir='ltr' id='par_1_63' title="bbox 2011 2202 3597 2270">
     <span class='ocr_line' id='line_1_63' title="bbox 2011 2202 3597 2270; baseline 0.006 -14"><span class='ocrx_word' id='word_1_423' title='bbox 2011 2202 2168 2258; x_wconf 88' lang='lat' dir='ltr'><strong>danis</strong></span> <span class='ocrx_word' id='word_1_424' title='bbox 2213 2204 2269 2258; x_wconf 89' lang='lat' dir='ltr'><strong>in</strong></span> <span class='ocrx_word' id='word_1_425' title='bbox 2302 2204 2584 2261; x_wconf 88' lang='lat' dir='ltr'><strong>desiderio</strong></span> <span class='ocrx_word' id='word_1_426' title='bbox 2633 2214 2753 2270; x_wconf 90' lang='lat' dir='ltr'><strong>tuo,</strong></span> <span class='ocrx_word' id='word_1_427' title='bbox 2794 2206 2973 2262; x_wconf 88' lang='lat' dir='ltr'><strong>donec</strong></span> <span class='ocrx_word' id='word_1_428' title='bbox 2996 2207 3280 2265; x_wconf 90' lang='lat' dir='ltr'><strong>videamus</strong></span> <span class='ocrx_word' id='word_1_429' title='bbox 3327 2225 3456 2265; x_wconf 90' lang='lat' dir='ltr'><strong>eum</strong></span> <span class='ocrx_word' id='word_1_430' title='bbox 3486 2212 3597 2266; x_wconf 84' lang='lat' dir='ltr'><strong>sic-</strong></span> 
     </span>
    </p>
   </div>
   <div class='ocr_carea' id='block_1_64' title="bbox 2012 2298 3598 2373">
    <p class='ocr_par' dir='ltr' id='par_1_64' title="bbox 2012 2298 3598 2373">
     <span class='ocr_line' id='line_1_64' title="bbox 2012 2298 3598 2373; baseline 0.006 -24"><span class='ocrx_word' id='word_1_431' title='bbox 2012 2304 2073 2349; x_wconf 90' lang='lat' dir='ltr'><strong>ut</strong></span> <span class='ocrx_word' id='word_1_432' title='bbox 2099 2303 2206 2362; x_wconf 89' lang='lat' dir='ltr'><strong>est,</strong></span> <span class='ocrx_word' id='word_1_433' title='bbox 2232 2313 2334 2353; x_wconf 92' lang='lat' dir='ltr'><strong>nec</strong></span> <span class='ocrx_word' id='word_1_434' title='bbox 2394 2298 2688 2354; x_wconf 89' lang='lat' dir='ltr'><strong>credamus</strong></span> <span class='ocrx_word' id='word_1_435' title='bbox 2713 2299 2935 2354; x_wconf 64' lang='lat' dir='ltr'><strong>malitiae</strong></span> <span class='ocrx_word' id='word_1_436' title='bbox 2964 2300 3107 2355; x_wconf 89' lang='lat' dir='ltr'><strong>sicut</strong></span> <span class='ocrx_word' id='word_1_437' title='bbox 3137 2301 3382 2369; x_wconf 85' lang='lat' dir='ltr'><strong>veritati,</strong></span> <span class='ocrx_word' id='word_1_438' title='bbox 3413 2319 3598 2373; x_wconf 90' lang='lat' dir='ltr'><strong>neque</strong></span> 
     </span>
    </p>
   </div>
   <div class='ocr_carea' id='block_1_65' title="bbox 2011 2387 3598 2453">
    <p class='ocr_par' dir='ltr' id='par_1_65' title="bbox 2011 2387 3598 2453">
     <span class='ocr_line' id='line_1_65' title="bbox 2011 2387 3598 2453; baseline 0.008 -12"><span class='ocrx_word' id='word_1_439' title='bbox 2011 2387 2186 2443; x_wconf 85' lang='lat' dir='ltr'><strong>simus</strong></span> <span class='ocrx_word' id='word_1_440' title='bbox 2238 2389 2509 2445; x_wconf 87' lang='lat' dir='ltr'><strong>increduli</strong></span> <span class='ocrx_word' id='word_1_441' title='bbox 2556 2390 2776 2446; x_wconf 89' lang='lat' dir='ltr'><strong>veritati</strong></span> <span class='ocrx_word' id='word_1_442' title='bbox 2824 2391 2966 2447; x_wconf 89' lang='lat' dir='ltr'><strong>sicut</strong></span> <span class='ocrx_word' id='word_1_443' title='bbox 3016 2400 3074 2447; x_wconf 90' lang='lat' dir='ltr'><strong>et</strong></span> <span class='ocrx_word' id='word_1_444' title='bbox 3127 2394 3358 2449; x_wconf 67' lang='lat' dir='ltr'><strong>umbrae.</strong></span> <span class='ocrx_word' id='word_1_445' title='bbox 3391 2395 3598 2453; x_wconf 84' lang='lat' dir='ltr'><strong>Innova</strong></span> 
     </span>
    </p>
   </div>
   <div class='ocr_carea' id='block_1_66' title="bbox 2012 2480 3599 2552">
    <p class='ocr_par' dir='ltr' id='par_1_66' title="bbox 2012 2480 3599 2552">
     <span class='ocr_line' id='line_1_66' title="bbox 2012 2480 3599 2552; baseline 0.006 -19"><span class='ocrx_word' id='word_1_446' title='bbox 2012 2480 2069 2534; x_wconf 93' lang='lat' dir='ltr'><strong>in</strong></span> <span class='ocrx_word' id='word_1_447' title='bbox 2122 2480 2308 2535; x_wconf 90' lang='lat' dir='ltr'><strong>animo</strong></span> <span class='ocrx_word' id='word_1_448' title='bbox 2360 2482 2763 2538; x_wconf 88' lang='lat' dir='ltr'><strong>sollicitudines</strong></span> <span class='ocrx_word' id='word_1_449' title='bbox 2795 2494 2923 2539; x_wconf 90' lang='lat' dir='ltr'><strong>ante</strong></span> <span class='ocrx_word' id='word_1_450' title='bbox 2971 2494 3229 2552; x_wconf 90' lang='lat' dir='ltr'><strong>mortem,</strong></span> <span class='ocrx_word' id='word_1_451' title='bbox 3276 2496 3337 2542; x_wconf 92' lang='lat' dir='ltr'><strong>ut</strong></span> <span class='ocrx_word' id='word_1_452' title='bbox 3373 2487 3428 2542; x_wconf 93' lang='lat' dir='ltr'><strong>in</strong></span> <span class='ocrx_word' id='word_1_453' title='bbox 3458 2488 3599 2545; x_wconf 87' lang='lat' dir='ltr'><strong>hora</strong></span> 
     </span>
    </p>
   </div>
   <div class='ocr_carea' id='block_1_67' title="bbox 2011 2572 3625 2650">
    <p class='ocr_par' dir='ltr' id='par_1_67' title="bbox 2011 2572 3625 2650">
     <span class='ocr_line' id='line_1_67' title="bbox 2011 2572 3625 2650; baseline 0.006 -23"><span class='ocrx_word' id='word_1_454' title='bbox 2011 2572 2194 2627; x_wconf 81' lang='lat' dir='ltr'><strong>exitus</strong></span> <span class='ocrx_word' id='word_1_455' title='bbox 2224 2574 2397 2628; x_wconf 91' lang='lat' dir='ltr'><strong>nostri</strong></span> <span class='ocrx_word' id='word_1_456' title='bbox 2429 2588 2846 2647; x_wconf 88' lang='lat' dir='ltr'><strong>cognoscamus,</strong></span> <span class='ocrx_word' id='word_1_457' title='bbox 2876 2576 3155 2645; x_wconf 90' lang='lat' dir='ltr'><strong>quomodo</strong></span> <span class='ocrx_word' id='word_1_458' title='bbox 3175 2576 3285 2632; x_wconf 91' lang='lat' dir='ltr'><strong>sint</strong></span> <span class='ocrx_word' id='word_1_459' title='bbox 3314 2577 3625 2650; x_wconf 69' lang='lat' dir='ltr'><strong>ingressus</strong></span> 
     </span>
    </p>
   </div>
   <div class='ocr_carea' id='block_1_68' title="bbox 2011 2662 3598 2737">
    <p class='ocr_par' dir='ltr' id='par_1_68' title="bbox 2011 2662 3598 2737">
     <span class='ocr_line' id='line_1_68' title="bbox 2011 2662 3598 2737; baseline 0.005 -23"><span class='ocrx_word' id='word_1_460' title='bbox 2011 2662 2191 2715; x_wconf 87' lang='lat' dir='ltr'><strong>nostri</strong></span> <span class='ocrx_word' id='word_1_461' title='bbox 2231 2670 2288 2716; x_wconf 92' lang='lat' dir='ltr'><strong>et</strong></span> <span class='ocrx_word' id='word_1_462' title='bbox 2315 2662 2498 2718; x_wconf 82' lang='lat' dir='ltr'><strong>exitus</strong></span> <span class='ocrx_word' id='word_1_463' title='bbox 2538 2662 2594 2716; x_wconf 92' lang='lat' dir='ltr'><strong>in</strong></span> <span class='ocrx_word' id='word_1_464' title='bbox 2636 2663 2753 2717; x_wconf 82' lang='lat' dir='ltr'><strong>hoc</strong></span> <span class='ocrx_word' id='word_1_465' title='bbox 2810 2663 3041 2729; x_wconf 90' lang='lat' dir='ltr'><strong>mundo,</strong></span> <span class='ocrx_word' id='word_1_466' title='bbox 3093 2680 3386 2735; x_wconf 90' lang='lat' dir='ltr'><strong>quousque</strong></span> <span class='ocrx_word' id='word_1_467' title='bbox 3428 2668 3598 2737; x_wconf 83' lang='lat' dir='ltr'><strong>perﬁ-</strong></span> 
     </span>
    </p>
   </div>
   <div class='ocr_carea' id='block_1_69' title="bbox 2009 2752 3598 2824">
    <p class='ocr_par' dir='ltr' id='par_1_69' title="bbox 2009 2752 3598 2824">
     <span class='ocr_line' id='line_1_69' title="bbox 2009 2752 3598 2824; baseline 0.004 -17"><span class='ocrx_word' id='word_1_468' title='bbox 2009 2752 2222 2807; x_wconf 86' lang='lat' dir='ltr'><strong>ciamus</strong></span> <span class='ocrx_word' id='word_1_469' title='bbox 2260 2768 2401 2824; x_wconf 90' lang='lat' dir='ltr'><strong>opus</strong></span> <span class='ocrx_word' id='word_1_470' title='bbox 2445 2754 2502 2808; x_wconf 91' lang='lat' dir='ltr'><strong>in</strong></span> <span class='ocrx_word' id='word_1_471' title='bbox 2550 2770 2663 2824; x_wconf 90' lang='lat' dir='ltr'><strong>quo</strong></span> <span class='ocrx_word' id='word_1_472' title='bbox 2691 2753 2873 2809; x_wconf 91' lang='lat' dir='ltr'><strong>vocati</strong></span> <span class='ocrx_word' id='word_1_473' title='bbox 2908 2769 3101 2809; x_wconf 89' lang='lat' dir='ltr'><strong>sumus</strong></span> <span class='ocrx_word' id='word_1_474' title='bbox 3148 2755 3452 2811; x_wconf 90' lang='lat' dir='ltr'><strong>secundum</strong></span> <span class='ocrx_word' id='word_1_475' title='bbox 3500 2773 3598 2813; x_wconf 87' lang='lat' dir='ltr'><strong>vo-</strong></span> 
     </span>
    </p>
   </div>
   <div class='ocr_carea' id='block_1_70' title="bbox 2010 2842 3599 2917">
    <p class='ocr_par' dir='ltr' id='par_1_70' title="bbox 2010 2842 3599 2917">
     <span class='ocr_line' id='line_1_70' title="bbox 2010 2842 3599 2917; baseline 0.004 -21"><span class='ocrx_word' id='word_1_476' title='bbox 2010 2842 2279 2899; x_wconf 88' lang='lat' dir='ltr'><strong>luntatem</strong></span> <span class='ocrx_word' id='word_1_477' title='bbox 2322 2853 2471 2898; x_wconf 89' lang='lat' dir='ltr'><strong>tuam</strong></span> <span class='ocrx_word' id='word_1_478' title='bbox 2512 2844 2567 2898; x_wconf 91' lang='lat' dir='ltr'><strong>in</strong></span> <span class='ocrx_word' id='word_1_479' title='bbox 2610 2845 2714 2898; x_wconf 89' lang='lat' dir='ltr'><strong>hac</strong></span> <span class='ocrx_word' id='word_1_480' title='bbox 2742 2845 2855 2899; x_wconf 91' lang='lat' dir='ltr'><strong>vita</strong></span> <span class='ocrx_word' id='word_1_481' title='bbox 2901 2845 3058 2915; x_wconf 89' lang='lat' dir='ltr'><strong>prius</strong></span> <span class='ocrx_word' id='word_1_482' title='bbox 3093 2863 3107 2900; x_wconf 88' lang='lat'><strong>:</strong></span> <span class='ocrx_word' id='word_1_483' title='bbox 3151 2855 3341 2917; x_wconf 89' lang='lat' dir='ltr'><strong>postea</strong></span> <span class='ocrx_word' id='word_1_484' title='bbox 3370 2862 3599 2917; x_wconf 89' lang='lat' dir='ltr'><strong>supera-</strong></span> 
     </span>
    </p>
   </div>
   <div class='ocr_carea' id='block_1_71' title="bbox 2010 2935 3597 3007">
    <p class='ocr_par' dir='ltr' id='par_1_71' title="bbox 2010 2935 3597 3007">
     <span class='ocr_line' id='line_1_71' title="bbox 2010 2935 3597 3007; baseline -0.001 -15"><span class='ocrx_word' id='word_1_485' title='bbox 2010 2937 2195 2992; x_wconf 92' lang='lat' dir='ltr'><strong>bimus</strong></span> <span class='ocrx_word' id='word_1_486' title='bbox 2221 2937 2278 2991; x_wconf 89' lang='lat' dir='ltr'><strong>in</strong></span> <span class='ocrx_word' id='word_1_487' title='bbox 2302 2936 2487 2991; x_wconf 90' lang='lat' dir='ltr'><strong>animo</strong></span> <span class='ocrx_word' id='word_1_488' title='bbox 2506 2936 2722 3006; x_wconf 92' lang='lat' dir='ltr'><strong>repleto</strong></span> <span class='ocrx_word' id='word_1_489' title='bbox 2745 2935 3081 2991; x_wconf 90' lang='lat' dir='ltr'><strong>conﬁdentia</strong></span> <span class='ocrx_word' id='word_1_490' title='bbox 3123 2936 3371 3007; x_wconf 88' lang='lat' dir='ltr'><strong>recipere</strong></span> <span class='ocrx_word' id='word_1_491' title='bbox 3398 2952 3597 3007; x_wconf 83' lang='lat' dir='ltr'><strong>magna</strong></span> 
     </span>
    </p>
   </div>
   <div class='ocr_carea' id='block_1_72' title="bbox 1998 3025 3596 3097">
    <p class='ocr_par' dir='ltr' id='par_1_72' title="bbox 1998 3025 3596 3097">
     <span class='ocr_line' id='line_1_72' title="bbox 1998 3025 3596 3097; baseline 0 -16"><span class='ocrx_word' id='word_1_492' title='bbox 1998 3026 2317 3082; x_wconf 79' lang='lat' dir='ltr'><strong>secundum</strong></span> <span class='ocrx_word' id='word_1_493' title='bbox 2349 3026 2774 3096; x_wconf 88' lang='lat' dir='ltr'><strong>promissionem</strong></span> <span class='ocrx_word' id='word_1_494' title='bbox 2809 3025 3250 3096; x_wconf 88' lang='lat' dir='ltr'><strong>Scripturarum,</strong></span> <span class='ocrx_word' id='word_1_495' title='bbox 3292 3042 3415 3096; x_wconf 68' lang='lat' dir='ltr'><strong>quae</strong></span> <span class='ocrx_word' id='word_1_496' title='bbox 3450 3041 3596 3097; x_wconf 64' lang='lat' dir='ltr'><strong>prae-</strong></span> 
     </span>
    </p>
   </div>
   <div class='ocr_carea' id='block_1_73' title="bbox 2010 3117 3593 3189">
    <p class='ocr_par' dir='ltr' id='par_1_73' title="bbox 2010 3117 3593 3189">
     <span class='ocr_line' id='line_1_73' title="bbox 2010 3117 3593 3189; baseline -0.001 -16"><span class='ocrx_word' id='word_1_497' title='bbox 2010 3118 2231 3189; x_wconf 89' lang='lat' dir='ltr'><strong>paravit</strong></span> <span class='ocrx_word' id='word_1_498' title='bbox 2301 3119 2546 3174; x_wconf 90' lang='lat' dir='ltr'><strong>charitas</strong></span> <span class='ocrx_word' id='word_1_499' title='bbox 2604 3126 2697 3172; x_wconf 89' lang='lat' dir='ltr'><strong>tua</strong></span> <span class='ocrx_word' id='word_1_500' title='bbox 2749 3118 2807 3172; x_wconf 92' lang='lat' dir='ltr'><strong>in</strong></span> <span class='ocrx_word' id='word_1_501' title='bbox 2864 3117 3112 3173; x_wconf 88' lang='lat' dir='ltr'><strong>secunda</strong></span> <span class='ocrx_word' id='word_1_502' title='bbox 3179 3118 3543 3173; x_wconf 88' lang='lat' dir='ltr'><strong>renovatione</strong></span> <span class='ocrx_word' id='word_1_503' title='bbox 3577 3157 3593 3183; x_wconf 92' lang='lat'><strong>,</strong></span> 
     </span>
    </p>
   </div>
   <div class='ocr_carea' id='block_1_74' title="bbox 2012 3209 3594 3282">
    <p class='ocr_par' dir='ltr' id='par_1_74' title="bbox 2012 3209 3594 3282">
     <span class='ocr_line' id='line_1_74' title="bbox 2012 3209 3594 3282; baseline 0.001 -17"><span class='ocrx_word' id='word_1_504' title='bbox 2012 3226 2251 3280; x_wconf 91' lang='lat' dir='ltr'><strong>quorum</strong></span> <span class='ocrx_word' id='word_1_505' title='bbox 2306 3209 2575 3265; x_wconf 90' lang='lat' dir='ltr'><strong>memoria</strong></span> <span class='ocrx_word' id='word_1_506' title='bbox 2637 3217 3005 3265; x_wconf 90' lang='lat' dir='ltr'><strong>conservatur</strong></span> <span class='ocrx_word' id='word_1_507' title='bbox 3072 3210 3131 3265; x_wconf 91' lang='lat' dir='ltr'><strong>in</strong></span> <span class='ocrx_word' id='word_1_508' title='bbox 3180 3209 3289 3265; x_wconf 87' lang='lat' dir='ltr'><strong>ﬁde</strong></span> <span class='ocrx_word' id='word_1_509' title='bbox 3312 3212 3594 3282; x_wconf 78' lang='lat' dir='ltr'><strong>[secreto-</strong></span> 
     </span>
    </p>
   </div>
   <div class='ocr_carea' id='block_1_75' title="bbox 2011 3319 2156 3359">
    <p class='ocr_par' dir='ltr' id='par_1_75' title="bbox 2011 3319 2156 3359">
     <span class='ocr_line' id='line_1_75' title="bbox 2011 3319 2156 3359; baseline 0.014 -3"><span class='ocrx_word' id='word_1_510' title='bbox 2011 3319 2156 3359; x_wconf 92' lang='lat' dir='ltr'><strong>rum.</strong></span> 
     </span>
    </p>
   </div>
   <div class='ocr_carea' id='block_1_76' title="bbox 2558 3410 3045 3470">
    <p class='ocr_par' dir='ltr' id='par_1_76' title="bbox 2558 3410 3045 3470">
     <span class='ocr_line' id='line_1_76' title="bbox 2558 3410 3045 3470; baseline -0.002 -2"><span class='ocrx_word' id='word_1_511' title='bbox 2558 3410 2785 3470; x_wconf 86' lang='lat' dir='ltr'><strong>CAPUT</strong></span> <span class='ocrx_word' id='word_1_512' title='bbox 2834 3410 3045 3469; x_wconf 83' lang='lat' dir='ltr'><strong>XLVII.</strong></span> 
     </span>
    </p>
   </div>
   <div class='ocr_carea' id='block_1_77' title="bbox 2287 3523 3312 3598">
    <p class='ocr_par' dir='ltr' id='par_1_77' title="bbox 2287 3523 3312 3598">
     <span class='ocr_line' id='line_1_77' title="bbox 2287 3523 3312 3598; baseline 0.006 -17"><span class='ocrx_word' id='word_1_513' title='bbox 2287 3523 2367 3581; x_wconf 88' lang='lat' dir='ltr'><strong>De</strong></span> <span class='ocrx_word' id='word_1_514' title='bbox 2404 3526 2668 3581; x_wconf 81' lang='lat' dir='ltr'><strong>munditia</strong></span> <span class='ocrx_word' id='word_1_515' title='bbox 2713 3528 2951 3598; x_wconf 82' lang='lat' dir='ltr'><strong>corporis</strong></span> <span class='ocrx_word' id='word_1_516' title='bbox 2992 3534 3045 3581; x_wconf 89' lang='lat' dir='ltr'><strong>et</strong></span> <span class='ocrx_word' id='word_1_517' title='bbox 3093 3528 3312 3586; x_wconf 71' lang='lat' dir='ltr'><strong>animat.</strong></span> 
     </span>
    </p>
   </div>
   <div class='ocr_carea' id='block_1_78' title="bbox 2081 3636 3594 3711">
    <p class='ocr_par' dir='ltr' id='par_1_78' title="bbox 2081 3636 3594 3711">
     <span class='ocr_line' id='line_1_78' title="bbox 2081 3636 3594 3711; baseline 0.003 -19"><span class='ocrx_word' id='word_1_518' title='bbox 2081 3636 2350 3694; x_wconf 80' lang='lat' dir='ltr'><strong>Munditia</strong></span> <span class='ocrx_word' id='word_1_519' title='bbox 2400 3638 2653 3708; x_wconf 89' lang='lat' dir='ltr'><strong>corporis</strong></span> <span class='ocrx_word' id='word_1_520' title='bbox 2722 3646 2811 3693; x_wconf 88' lang='lat' dir='ltr'><strong>est</strong></span> <span class='ocrx_word' id='word_1_521' title='bbox 2863 3638 3131 3694; x_wconf 87' lang='lat' dir='ltr'><strong>sanctitas</strong></span> <span class='ocrx_word' id='word_1_522' title='bbox 3176 3639 3242 3705; x_wconf 58' lang='grc' dir='ltr'><strong>ἑο</strong></span> <span class='ocrx_word' id='word_1_523' title='bbox 3288 3640 3594 3711; x_wconf 86' lang='lat' dir='ltr'><strong>pollutione</strong></span> 
     </span>
    </p>
   </div>
   <div class='ocr_carea' id='block_1_79' title="bbox 2008 3730 3611 3797">
    <p class='ocr_par' dir='ltr' id='par_1_79' title="bbox 2008 3730 3611 3797">
     <span class='ocr_line' id='line_1_79' title="bbox 2008 3730 3611 3797; baseline 0.002 -12"><span class='ocrx_word' id='word_1_524' title='bbox 2008 3732 2193 3786; x_wconf 90' lang='lat' dir='ltr'><strong>carnis</strong></span> <span class='ocrx_word' id='word_1_525' title='bbox 2236 3749 2251 3786; x_wconf 92' lang='lat'><strong>:</strong></span> <span class='ocrx_word' id='word_1_526' title='bbox 2297 3731 2574 3785; x_wconf 89' lang='lat' dir='ltr'><strong>munditia</strong></span> <span class='ocrx_word' id='word_1_527' title='bbox 2601 3746 2735 3785; x_wconf 92' lang='lat' dir='ltr'><strong>vero</strong></span> <span class='ocrx_word' id='word_1_528' title='bbox 2771 3730 2990 3797; x_wconf 59' lang='lat' dir='ltr'><strong>anima),</strong></span> <span class='ocrx_word' id='word_1_529' title='bbox 3020 3731 3280 3787; x_wconf 86' lang='lat' dir='ltr'><strong>liheratio</strong></span> <span class='ocrx_word' id='word_1_530' title='bbox 3303 3733 3374 3788; x_wconf 92' lang='lat' dir='ltr'><strong>ab</strong></span> <span class='ocrx_word' id='word_1_531' title='bbox 3409 3735 3611 3790; x_wconf 51' lang='lat' dir='ltr'><strong>occul»</strong></span> 
     </span>
    </p>
   </div>
   <div class='ocr_carea' id='block_1_80' title="bbox 2010 3823 3589 3893">
    <p class='ocr_par' dir='ltr' id='par_1_80' title="bbox 2010 3823 3589 3893">
     <span class='ocr_line' id='line_1_80' title="bbox 2010 3823 3589 3893; baseline 0.004 -16"><span class='ocrx_word' id='word_1_532' title='bbox 2010 3824 2083 3878; x_wconf 89' lang='lat' dir='ltr'><strong>tis</strong></span> <span class='ocrx_word' id='word_1_533' title='bbox 2134 3823 2488 3893; x_wconf 88' lang='lat' dir='ltr'><strong>passionibus</strong></span> <span class='ocrx_word' id='word_1_534' title='bbox 2535 3839 2659 3893; x_wconf 67' lang='lat' dir='ltr'><strong>qua:</strong></span> <span class='ocrx_word' id='word_1_535' title='bbox 2706 3824 2912 3879; x_wconf 91' lang='lat' dir='ltr'><strong>sistunt</strong></span> <span class='ocrx_word' id='word_1_536' title='bbox 2958 3824 3015 3879; x_wconf 89' lang='lat' dir='ltr'><strong>in</strong></span> <span class='ocrx_word' id='word_1_537' title='bbox 3070 3825 3281 3881; x_wconf 92' lang='lat' dir='ltr'><strong>animo.</strong></span> <span class='ocrx_word' id='word_1_538' title='bbox 3329 3827 3589 3884; x_wconf 80' lang='lat' dir='ltr'><strong>Munditia</strong></span> 
     </span>
    </p>
   </div>
   <div class='ocr_carea' id='block_1_81' title="bbox 2009 3914 3592 3985">
    <p class='ocr_par' dir='ltr' id='par_1_81' title="bbox 2009 3914 3592 3985">
     <span class='ocr_line' id='line_1_81' title="bbox 2009 3914 3592 3985; baseline 0.004 -16"><span class='ocrx_word' id='word_1_539' title='bbox 2009 3930 2232 3985; x_wconf 87' lang='lat' dir='ltr'><strong>quoque</strong></span> <span class='ocrx_word' id='word_1_540' title='bbox 2285 3914 2488 3969; x_wconf 91' lang='lat' dir='ltr'><strong>mentis</strong></span> <span class='ocrx_word' id='word_1_541' title='bbox 2536 3923 2625 3969; x_wconf 88' lang='lat' dir='ltr'><strong>est</strong></span> <span class='ocrx_word' id='word_1_542' title='bbox 2673 3914 2730 3969; x_wconf 88' lang='lat' dir='ltr'><strong>in</strong></span> <span class='ocrx_word' id='word_1_543' title='bbox 2777 3915 3117 3971; x_wconf 88' lang='lat' dir='ltr'><strong>revelatione</strong></span> <span class='ocrx_word' id='word_1_544' title='bbox 3186 3926 3529 3975; x_wconf 87' lang='lat' dir='ltr'><strong>secretorum</strong></span> <span class='ocrx_word' id='word_1_545' title='bbox 3577 3937 3592 3975; x_wconf 92' lang='lat'><strong>:</strong></span> 
     </span>
    </p>
   </div>
   <div class='ocr_carea' id='block_1_82' title="bbox 2010 4007 3589 4079">
    <p class='ocr_par' dir='ltr' id='par_1_82' title="bbox 2010 4007 3589 4079">
     <span class='ocr_line' id='line_1_82' title="bbox 2010 4007 3589 4079; baseline 0.002 -16"><span class='ocrx_word' id='word_1_546' title='bbox 2010 4016 2279 4079; x_wconf 86' lang='lat' dir='ltr'><strong>purgatur</strong></span> <span class='ocrx_word' id='word_1_547' title='bbox 2318 4007 2471 4062; x_wconf 89' lang='lat' dir='ltr'><strong>enim</strong></span> <span class='ocrx_word' id='word_1_548' title='bbox 2503 4022 2573 4062; x_wconf 80' lang='lat' dir='ltr'><strong>ex</strong></span> <span class='ocrx_word' id='word_1_549' title='bbox 2600 4007 2861 4063; x_wconf 88' lang='lat' dir='ltr'><strong>omnibus</strong></span> <span class='ocrx_word' id='word_1_550' title='bbox 2894 4007 3279 4066; x_wconf 89' lang='lat' dir='ltr'><strong>accidentibus</strong></span> <span class='ocrx_word' id='word_1_551' title='bbox 3327 4026 3589 4066; x_wconf 86' lang='lat' dir='ltr'><strong>sensuum</strong></span> 
     </span>
    </p>
   </div>
   <div class='ocr_carea' id='block_1_83' title="bbox 2008 4100 3589 4171">
    <p class='ocr_par' dir='ltr' id='par_1_83' title="bbox 2008 4100 3589 4171">
     <span class='ocr_line' id='line_1_83' title="bbox 2008 4100 3589 4171; baseline 0.001 -14"><span class='ocrx_word' id='word_1_552' title='bbox 2008 4102 2067 4157; x_wconf 90' lang='lat' dir='ltr'><strong>in</strong></span> <span class='ocrx_word' id='word_1_553' title='bbox 2115 4100 2325 4155; x_wconf 88' lang='lat' dir='ltr'><strong>mundo</strong></span> <span class='ocrx_word' id='word_1_554' title='bbox 2383 4100 2741 4171; x_wconf 90' lang='lat' dir='ltr'><strong>pinguedinis</strong></span> <span class='ocrx_word' id='word_1_555' title='bbox 2788 4116 3008 4156; x_wconf 89' lang='lat' dir='ltr'><strong>eorum.</strong></span> <span class='ocrx_word' id='word_1_556' title='bbox 3060 4101 3196 4157; x_wconf 86' lang='lat' dir='ltr'><strong>Nam</strong></span> <span class='ocrx_word' id='word_1_557' title='bbox 3252 4110 3309 4158; x_wconf 90' lang='lat' dir='ltr'><strong>et</strong></span> <span class='ocrx_word' id='word_1_558' title='bbox 3356 4103 3589 4159; x_wconf 73' lang='lat' dir='ltr'><strong>infantes</strong></span> 
     </span>
    </p>
   </div>
   <div class='ocr_carea' id='block_1_84' title="bbox 2010 4192 3590 4264">
    <p class='ocr_par' dir='ltr' id='par_1_84' title="bbox 2010 4192 3590 4264">
     <span class='ocr_line' id='line_1_84' title="bbox 2010 4192 3590 4264; baseline 0.001 -16"><span class='ocrx_word' id='word_1_559' title='bbox 2010 4193 2188 4264; x_wconf 88' lang='lat' dir='ltr'><strong>parvi,</strong></span> <span class='ocrx_word' id='word_1_560' title='bbox 2242 4192 2435 4248; x_wconf 91' lang='lat' dir='ltr'><strong>mundi</strong></span> <span class='ocrx_word' id='word_1_561' title='bbox 2471 4200 2601 4248; x_wconf 90' lang='lat' dir='ltr'><strong>sunt</strong></span> <span class='ocrx_word' id='word_1_562' title='bbox 2645 4192 2811 4246; x_wconf 88' lang='lat' dir='ltr'><strong>corde</strong></span> <span class='ocrx_word' id='word_1_563' title='bbox 2844 4201 2909 4261; x_wconf 58' lang='lat' dir='ltr'><strong>;et</strong></span> <span class='ocrx_word' id='word_1_564' title='bbox 2934 4192 3261 4248; x_wconf 89' lang='lat' dir='ltr'><strong>innocentes</strong></span> <span class='ocrx_word' id='word_1_565' title='bbox 3296 4195 3503 4260; x_wconf 87' lang='lat' dir='ltr'><strong>anima,</strong></span> <span class='ocrx_word' id='word_1_566' title='bbox 3537 4203 3590 4250; x_wconf 91' lang='lat' dir='ltr'><strong>et</strong></span> 
     </span>
    </p>
   </div>
   <div class='ocr_carea' id='block_1_85' title="bbox 2010 4284 3595 4342">
    <p class='ocr_par' dir='ltr' id='par_1_85' title="bbox 2010 4284 3595 4342">
     <span class='ocr_line' id='line_1_85' title="bbox 2010 4284 3595 4342; baseline -0.001 0"><span class='ocrx_word' id='word_1_567' title='bbox 2010 4301 2176 4342; x_wconf 88' lang='lat' dir='ltr'><strong>nemo</strong></span> <span class='ocrx_word' id='word_1_568' title='bbox 2214 4293 2377 4340; x_wconf 90' lang='lat' dir='ltr'><strong>vocat</strong></span> <span class='ocrx_word' id='word_1_569' title='bbox 2423 4299 2521 4339; x_wconf 91' lang='lat' dir='ltr'><strong>eos</strong></span> <span class='ocrx_word' id='word_1_570' title='bbox 2571 4284 2811 4338; x_wconf 86' lang='lat' dir='ltr'><strong>mundos</strong></span> <span class='ocrx_word' id='word_1_571' title='bbox 2860 4293 3066 4340; x_wconf 90' lang='lat' dir='ltr'><strong>mente.</strong></span> <span class='ocrx_word' id='word_1_572' title='bbox 3118 4284 3389 4340; x_wconf 83' lang='lat' dir='ltr'><strong>Munditia</strong></span> <span class='ocrx_word' id='word_1_573' title='bbox 3441 4285 3595 4340; x_wconf 92' lang='lat' dir='ltr'><strong>enim</strong></span> 
     </span>
    </p>
   </div>
   <div class='ocr_carea' id='block_1_86' title="bbox 2010 4372 3590 4444">
    <p class='ocr_par' dir='ltr' id='par_1_86' title="bbox 2010 4372 3590 4444">
     <span class='ocr_line' id='line_1_86' title="bbox 2010 4372 3590 4444; baseline -0.003 -13"><span class='ocrx_word' id='word_1_574' title='bbox 2010 4375 2215 4432; x_wconf 88' lang='lat' dir='ltr'><strong>mentis</strong></span> <span class='ocrx_word' id='word_1_575' title='bbox 2281 4373 2553 4444; x_wconf 82' lang='lat' dir='ltr'><strong>perfectio</strong></span> <span class='ocrx_word' id='word_1_576' title='bbox 2597 4382 2684 4427; x_wconf 91' lang='lat' dir='ltr'><strong>est</strong></span> <span class='ocrx_word' id='word_1_577' title='bbox 2751 4372 2809 4426; x_wconf 89' lang='lat' dir='ltr'><strong>in</strong></span> <span class='ocrx_word' id='word_1_578' title='bbox 2861 4373 3287 4428; x_wconf 89' lang='lat' dir='ltr'><strong>conversatione</strong></span> <span class='ocrx_word' id='word_1_579' title='bbox 3340 4374 3590 4440; x_wconf 59' lang='lat' dir='ltr'><strong>caelesti,</strong></span> 
     </span>
    </p>
   </div>
   <div class='ocr_carea' id='block_1_87' title="bbox 2012 4464 3587 4535">
    <p class='ocr_par' dir='ltr' id='par_1_87' title="bbox 2012 4464 3587 4535">
     <span class='ocr_line' id='line_1_87' title="bbox 2012 4464 3587 4535; baseline -0.001 -11"><span class='ocrx_word' id='word_1_580' title='bbox 2012 4468 2227 4525; x_wconf 91' lang='lat' dir='ltr'><strong>scilicet</strong></span> <span class='ocrx_word' id='word_1_581' title='bbox 2275 4468 2333 4520; x_wconf 92' lang='lat' dir='ltr'><strong>in</strong></span> <span class='ocrx_word' id='word_1_582' title='bbox 2377 4464 2841 4535; x_wconf 88' lang='lat' dir='ltr'><strong>contemplatione</strong></span> <span class='ocrx_word' id='word_1_583' title='bbox 2868 4480 2990 4533; x_wconf 65' lang='lat' dir='ltr'><strong>quae</strong></span> <span class='ocrx_word' id='word_1_584' title='bbox 3022 4480 3091 4519; x_wconf 84' lang='lat' dir='ltr'><strong>ex</strong></span> <span class='ocrx_word' id='word_1_585' title='bbox 3127 4479 3291 4520; x_wconf 89' lang='lat' dir='ltr'><strong>sensu</strong></span> <span class='ocrx_word' id='word_1_586' title='bbox 3337 4476 3587 4522; x_wconf 83' lang='lat' dir='ltr'><strong>movetur</strong></span> 
     </span>
    </p>
   </div>
   <div class='ocr_carea' id='block_1_88' title="bbox 325 4557 3588 4643">
    <p class='ocr_par' dir='ltr' id='par_1_88' title="bbox 325 4557 3588 4643">
     <span class='ocr_line' id='line_1_88' title="bbox 325 4557 3588 4643; baseline -0.004 -17"><span class='ocrx_word' id='word_1_587' title='bbox 325 4570 745 4643; x_wconf 90' lang='lat' dir='ltr'><strong>pulchritudine</strong></span> <span class='ocrx_word' id='word_1_588' title='bbox 768 4570 932 4642; x_wconf 83' lang='lat' dir='ltr'><strong>ejus,</strong></span> <span class='ocrx_word' id='word_1_589' title='bbox 972 4569 1251 4640; x_wconf 90' lang='lat' dir='ltr'><strong>quomodo</strong></span> <span class='ocrx_word' id='word_1_590' title='bbox 1295 4576 1482 4639; x_wconf 87' lang='lat' dir='ltr'><strong>potest</strong></span> <span class='ocrx_word' id='word_1_591' title='bbox 1510 4568 1713 4638; x_wconf 89' lang='lat' dir='ltr'><strong>aliquis</strong></span> <span class='ocrx_word' id='word_1_592' title='bbox 1757 4569 1909 4624; x_wconf 79' lang='lat' dir='ltr'><strong>exire</strong></span> <span class='ocrx_word' id='word_1_593' title='bbox 1943 4586 1986 4641; x_wconf 77' lang='grc' dir='ltr'><strong>ι)</strong></span> <span class='ocrx_word' id='word_1_594' title='bbox 2016 4561 2071 4617; x_wconf 86' lang='lat' dir='ltr'><strong>in</strong></span> <span class='ocrx_word' id='word_1_595' title='bbox 2118 4561 2323 4615; x_wconf 85' lang='lat' dir='ltr'><strong>virtute</strong></span> <span class='ocrx_word' id='word_1_596' title='bbox 2376 4558 2652 4629; x_wconf 90' lang='lat' dir='ltr'><strong>spirituali</strong></span> <span class='ocrx_word' id='word_1_597' title='bbox 2705 4557 3073 4627; x_wconf 90' lang='lat' dir='ltr'><strong>superborum</strong></span> <span class='ocrx_word' id='word_1_598' title='bbox 3114 4557 3444 4613; x_wconf 90' lang='lat' dir='ltr'><strong>mundorum</strong></span> <span class='ocrx_word' id='word_1_599' title='bbox 3477 4560 3588 4629; x_wconf 70' lang='grc'><strong>(47)</strong></span> 
     </span>
    </p>
   </div>
   <div class='ocr_carea' id='block_1_89' title="bbox 326 4660 1910 4735">
    <p class='ocr_par' dir='ltr' id='par_1_89' title="bbox 326 4660 1910 4735">
     <span class='ocr_line' id='line_1_89' title="bbox 326 4660 1910 4735; baseline -0.002 -16"><span class='ocrx_word' id='word_1_600' title='bbox 326 4665 384 4719; x_wconf 91' lang='lat' dir='ltr'><strong>in</strong></span> <span class='ocrx_word' id='word_1_601' title='bbox 406 4673 633 4735; x_wconf 88' lang='lat' dir='ltr'><strong>aspectu</strong></span> <span class='ocrx_word' id='word_1_602' title='bbox 653 4678 755 4718; x_wconf 89' lang='lat' dir='ltr'><strong>suo</strong></span> <span class='ocrx_word' id='word_1_603' title='bbox 786 4669 939 4717; x_wconf 87' lang='lat' dir='ltr'><strong>extra</strong></span> <span class='ocrx_word' id='word_1_604' title='bbox 965 4660 1438 4731; x_wconf 90' lang='lat' dir='ltr'><strong>pulchritudinem</strong></span> <span class='ocrx_word' id='word_1_605' title='bbox 1459 4660 1749 4728; x_wconf 87' lang='lat' dir='ltr'><strong>Dei?Quid</strong></span> <span class='ocrx_word' id='word_1_606' title='bbox 1778 4675 1910 4731; x_wconf 89' lang='lat' dir='ltr'><strong>ergo</strong></span> 
     </span>
    </p>
   </div>
   <div class='ocr_carea' id='block_1_90' title="bbox 325 4752 1912 4824">
    <p class='ocr_par' dir='ltr' id='par_1_90' title="bbox 325 4752 1912 4824">
     <span class='ocr_line' id='line_1_90' title="bbox 325 4752 1912 4824; baseline -0.001 -14"><span class='ocrx_word' id='word_1_607' title='bbox 325 4771 479 4811; x_wconf 88' lang='lat' dir='ltr'><strong>mors</strong></span> <span class='ocrx_word' id='word_1_608' title='bbox 527 4754 821 4811; x_wconf 85' lang='lat' dir='ltr'><strong>contristat</strong></span> <span class='ocrx_word' id='word_1_609' title='bbox 869 4769 1017 4818; x_wconf 92' lang='lat' dir='ltr'><strong>eum,</strong></span> <span class='ocrx_word' id='word_1_610' title='bbox 1052 4753 1137 4807; x_wconf 89' lang='lat' dir='ltr'><strong>vel</strong></span> <span class='ocrx_word' id='word_1_611' title='bbox 1173 4752 1415 4824; x_wconf 88' lang='lat' dir='ltr'><strong>gravitas</strong></span> <span class='ocrx_word' id='word_1_612' title='bbox 1452 4752 1637 4807; x_wconf 87' lang='lat' dir='ltr'><strong>carnis</strong></span> <span class='ocrx_word' id='word_1_613' title='bbox 1664 4767 1759 4808; x_wconf 87' lang='lat' dir='ltr'><strong>seu</strong></span> <span class='ocrx_word' id='word_1_614' title='bbox 1796 4768 1912 4808; x_wconf 91' lang='lat' dir='ltr'><strong>me-</strong></span> 
     </span>
    </p>
   </div>
   <div class='ocr_carea' id='block_1_91' title="bbox 327 4839 1911 4912">
    <p class='ocr_par' dir='ltr' id='par_1_91' title="bbox 327 4839 1911 4912">
     <span class='ocr_line' id='line_1_91' title="bbox 327 4839 1911 4912; baseline -0.003 -14"><span class='ocrx_word' id='word_1_615' title='bbox 327 4844 504 4898; x_wconf 91' lang='lat' dir='ltr'><strong>moria</strong></span> <span class='ocrx_word' id='word_1_616' title='bbox 527 4841 1066 4912; x_wconf 87' lang='lat' dir='ltr'><strong>consanguineorum</strong></span> <span class='ocrx_word' id='word_1_617' title='bbox 1084 4840 1226 4910; x_wconf 88' lang='lat' dir='ltr'><strong>ejus.</strong></span> <span class='ocrx_word' id='word_1_618' title='bbox 1245 4840 1361 4895; x_wconf 89' lang='lat' dir='ltr'><strong>sive</strong></span> <span class='ocrx_word' id='word_1_619' title='bbox 1382 4841 1684 4895; x_wconf 89' lang='lat' dir='ltr'><strong>necessitas</strong></span> <span class='ocrx_word' id='word_1_620' title='bbox 1702 4839 1911 4894; x_wconf 75' lang='lat' dir='ltr'><strong>naturae</strong></span> 
     </span>
    </p>
   </div>
   <div class='ocr_carea' id='block_1_92' title="bbox 327 4929 1908 4999">
    <p class='ocr_par' dir='ltr' id='par_1_92' title="bbox 327 4929 1908 4999">
     <span class='ocr_line' id='line_1_92' title="bbox 327 4929 1908 4999; baseline -0.004 -10"><span class='ocrx_word' id='word_1_621' title='bbox 327 4949 394 4989; x_wconf 90' lang='lat' dir='ltr'><strong>ac</strong></span> <span class='ocrx_word' id='word_1_622' title='bbox 423 4933 722 4988; x_wconf 86' lang='lat' dir='ltr'><strong>diversitas</strong></span> <span class='ocrx_word' id='word_1_623' title='bbox 752 4932 839 4987; x_wconf 91' lang='lat' dir='ltr'><strong>vel</strong></span> <span class='ocrx_word' id='word_1_624' title='bbox 864 4931 1231 4986; x_wconf 90' lang='lat' dir='ltr'><strong>contrarietas</strong></span> <span class='ocrx_word' id='word_1_625' title='bbox 1252 4944 1347 4985; x_wconf 89' lang='lat' dir='ltr'><strong>seu</strong></span> <span class='ocrx_word' id='word_1_626' title='bbox 1370 4930 1667 4985; x_wconf 89' lang='lat' dir='ltr'><strong>exsultatio</strong></span> <span class='ocrx_word' id='word_1_627' title='bbox 1701 4929 1908 4999; x_wconf 89' lang='lat' dir='ltr'><strong>ignota,</strong></span> 
     </span>
    </p>
   </div>
   <div class='ocr_carea' id='block_1_93' title="bbox 328 5020 1908 5094">
    <p class='ocr_par' dir='ltr' id='par_1_93' title="bbox 328 5020 1908 5094">
     <span class='ocr_line' id='line_1_93' title="bbox 328 5020 1908 5094; baseline -0.004 -15"><span class='ocrx_word' id='word_1_628' title='bbox 328 5040 429 5079; x_wconf 87' lang='lat' dir='ltr'><strong>seu</strong></span> <span class='ocrx_word' id='word_1_629' title='bbox 471 5037 683 5081; x_wconf 72' lang='lat' dir='ltr'><strong>naturae</strong></span> <span class='ocrx_word' id='word_1_630' title='bbox 718 5022 1088 5094; x_wconf 82' lang='lat' dir='ltr'><strong>imperfectio,</strong></span> <span class='ocrx_word' id='word_1_631' title='bbox 1134 5030 1232 5075; x_wconf 90' lang='lat' dir='ltr'><strong>aut</strong></span> <span class='ocrx_word' id='word_1_632' title='bbox 1270 5021 1635 5077; x_wconf 91' lang='lat' dir='ltr'><strong>circumdatio</strong></span> <span class='ocrx_word' id='word_1_633' title='bbox 1662 5020 1908 5075; x_wconf 88' lang='lat' dir='ltr'><strong>elemen-</strong></span> 
     </span>
    </p>
   </div>
   <div class='ocr_carea' id='block_1_94' title="bbox 326 5110 1907 5183">
    <p class='ocr_par' dir='ltr' id='par_1_94' title="bbox 326 5110 1907 5183">
     <span class='ocr_line' id='line_1_94' title="bbox 326 5110 1907 5183; baseline -0.003 -14"><span class='ocrx_word' id='word_1_634' title='bbox 326 5124 538 5179; x_wconf 90' lang='lat' dir='ltr'><strong>torum,</strong></span> <span class='ocrx_word' id='word_1_635' title='bbox 584 5115 673 5170; x_wconf 91' lang='lat' dir='ltr'><strong>vel</strong></span> <span class='ocrx_word' id='word_1_636' title='bbox 726 5129 853 5170; x_wconf 93' lang='lat' dir='ltr'><strong>cum</strong></span> <span class='ocrx_word' id='word_1_637' title='bbox 886 5113 1076 5183; x_wconf 90' lang='lat' dir='ltr'><strong>aliquo</strong></span> <span class='ocrx_word' id='word_1_638' title='bbox 1116 5111 1348 5175; x_wconf 92' lang='lat' dir='ltr'><strong>locutio,</strong></span> <span class='ocrx_word' id='word_1_639' title='bbox 1392 5127 1491 5167; x_wconf 88' lang='lat' dir='ltr'><strong>seu</strong></span> <span class='ocrx_word' id='word_1_640' title='bbox 1533 5110 1723 5166; x_wconf 90' lang='lat' dir='ltr'><strong>acedia</strong></span> <span class='ocrx_word' id='word_1_641' title='bbox 1752 5110 1907 5164; x_wconf 91' lang='lat' dir='ltr'><strong>labo-</strong></span> 
     </span>
    </p>
   </div>
   <div class='ocr_carea' id='block_1_95' title="bbox 325 5200 1905 5266">
    <p class='ocr_par' dir='ltr' id='par_1_95' title="bbox 325 5200 1905 5266">
     <span class='ocr_line' id='line_1_95' title="bbox 325 5200 1905 5266; baseline -0.003 -6"><span class='ocrx_word' id='word_1_642' title='bbox 325 5205 656 5266; x_wconf 89' lang='lat' dir='ltr'><strong>riosissima,</strong></span> <span class='ocrx_word' id='word_1_643' title='bbox 687 5220 785 5259; x_wconf 89' lang='lat' dir='ltr'><strong>seu</strong></span> <span class='ocrx_word' id='word_1_644' title='bbox 834 5201 1150 5259; x_wconf 91' lang='lat' dir='ltr'><strong>sollicitudo</strong></span> <span class='ocrx_word' id='word_1_645' title='bbox 1187 5201 1406 5257; x_wconf 89' lang='lat' dir='ltr'><strong>carnis?</strong></span> <span class='ocrx_word' id='word_1_646' title='bbox 1436 5200 1541 5257; x_wconf 86' lang='lat' dir='ltr'><strong>Sed</strong></span> <span class='ocrx_word' id='word_1_647' title='bbox 1563 5200 1679 5256; x_wconf 66' lang='lat' dir='ltr'><strong>haec</strong></span> <span class='ocrx_word' id='word_1_648' title='bbox 1721 5200 1905 5255; x_wconf 90' lang='lat' dir='ltr'><strong>omnia</strong></span> 
     </span>
    </p>
   </div>
   <div class='ocr_carea' id='block_1_96' title="bbox 325 5290 1906 5365">
    <p class='ocr_par' dir='ltr' id='par_1_96' title="bbox 325 5290 1906 5365">
     <span class='ocr_line' id='line_1_96' title="bbox 325 5290 1906 5365; baseline -0.004 -14"><span class='ocrx_word' id='word_1_649' title='bbox 325 5296 582 5365; x_wconf 81' lang='lat' dir='ltr'><strong>quamvis</strong></span> <span class='ocrx_word' id='word_1_650' title='bbox 631 5296 684 5348; x_wconf 84' lang='lat' dir='ltr'><strong>in</strong></span> <span class='ocrx_word' id='word_1_651' title='bbox 734 5294 841 5350; x_wconf 91' lang='lat' dir='ltr'><strong>hoc</strong></span> <span class='ocrx_word' id='word_1_652' title='bbox 893 5293 1101 5348; x_wconf 90' lang='lat' dir='ltr'><strong>mundo</strong></span> <span class='ocrx_word' id='word_1_653' title='bbox 1137 5291 1291 5357; x_wconf 90' lang='lat' dir='ltr'><strong>ﬁant,</strong></span> <span class='ocrx_word' id='word_1_654' title='bbox 1343 5301 1400 5346; x_wconf 92' lang='lat' dir='ltr'><strong>et</strong></span> <span class='ocrx_word' id='word_1_655' title='bbox 1440 5291 1494 5345; x_wconf 91' lang='lat' dir='ltr'><strong>in</strong></span> <span class='ocrx_word' id='word_1_656' title='bbox 1534 5299 1780 5360; x_wconf 91' lang='lat' dir='ltr'><strong>tempore</strong></span> <span class='ocrx_word' id='word_1_657' title='bbox 1812 5290 1906 5345; x_wconf 92' lang='lat' dir='ltr'><strong>illo</strong></span> 
     </span>
    </p>
   </div>
   <div class='ocr_carea' id='block_1_97' title="bbox 325 5381 1911 5458">
    <p class='ocr_par' dir='ltr' id='par_1_97' title="bbox 325 5381 1911 5458">
     <span class='ocr_line' id='line_1_97' title="bbox 325 5381 1911 5458; baseline -0.004 -15"><span class='ocrx_word' id='word_1_658' title='bbox 325 5387 552 5458; x_wconf 84' lang='lat' dir='ltr'><strong>quando</strong></span> <span class='ocrx_word' id='word_1_659' title='bbox 581 5388 828 5443; x_wconf 90' lang='lat' dir='ltr'><strong>ablatum</strong></span> <span class='ocrx_word' id='word_1_660' title='bbox 855 5386 1023 5441; x_wconf 80' lang='lat' dir='ltr'><strong>fuerit</strong></span> <span class='ocrx_word' id='word_1_661' title='bbox 1050 5386 1302 5441; x_wconf 88' lang='lat' dir='ltr'><strong>velamen</strong></span> <span class='ocrx_word' id='word_1_662' title='bbox 1333 5384 1592 5437; x_wconf 90' lang='lat' dir='ltr'><strong>vitiorum</strong></span> <span class='ocrx_word' id='word_1_663' title='bbox 1629 5383 1697 5437; x_wconf 90' lang='lat' dir='ltr'><strong>ab</strong></span> <span class='ocrx_word' id='word_1_664' title='bbox 1734 5381 1911 5437; x_wconf 90' lang='lat' dir='ltr'><strong>oculis</strong></span> 
     </span>
    </p>
   </div>
   <div class='ocr_carea' id='block_1_98' title="bbox 327 5475 1909 5549">
    <p class='ocr_par' dir='ltr' id='par_1_98' title="bbox 327 5475 1909 5549">
     <span class='ocr_line' id='line_1_98' title="bbox 327 5475 1909 5549; baseline -0.004 -14"><span class='ocrx_word' id='word_1_665' title='bbox 327 5480 523 5547; x_wconf 90' lang='lat' dir='ltr'><strong>animi,</strong></span> <span class='ocrx_word' id='word_1_666' title='bbox 576 5489 634 5535; x_wconf 92' lang='lat' dir='ltr'><strong>et</strong></span> <span class='ocrx_word' id='word_1_667' title='bbox 681 5478 1068 5549; x_wconf 88' lang='lat' dir='ltr'><strong>perspexerint</strong></span> <span class='ocrx_word' id='word_1_668' title='bbox 1101 5477 1169 5532; x_wconf 91' lang='lat' dir='ltr'><strong>ad</strong></span> <span class='ocrx_word' id='word_1_669' title='bbox 1217 5476 1366 5531; x_wconf 91' lang='lat' dir='ltr'><strong>illam</strong></span> <span class='ocrx_word' id='word_1_670' title='bbox 1417 5475 1666 5547; x_wconf 85' lang='lat' dir='ltr'><strong>gloriam,</strong></span> <span class='ocrx_word' id='word_1_671' title='bbox 1723 5475 1909 5529; x_wconf 88' lang='lat' dir='ltr'><strong>statim</strong></span> 
     </span>
    </p>
   </div>
   <div class='ocr_carea' id='block_1_99' title="bbox 326 5566 1905 5639">
    <p class='ocr_par' dir='ltr' id='par_1_99' title="bbox 326 5566 1905 5639">
     <span class='ocr_line' id='line_1_99' title="bbox 326 5566 1905 5639; baseline -0.004 -13"><span class='ocrx_word' id='word_1_672' title='bbox 326 5572 613 5626; x_wconf 73' lang='lat' dir='ltr'><strong>extollitur</strong></span> <span class='ocrx_word' id='word_1_673' title='bbox 636 5571 854 5626; x_wconf 89' lang='lat' dir='ltr'><strong>animus</strong></span> <span class='ocrx_word' id='word_1_674' title='bbox 887 5570 945 5625; x_wconf 90' lang='lat' dir='ltr'><strong>in</strong></span> <span class='ocrx_word' id='word_1_675' title='bbox 979 5567 1452 5639; x_wconf 80' lang='lat' dir='ltr'><strong>obstupefactione</strong></span> <span class='ocrx_word' id='word_1_676' title='bbox 1483 5584 1496 5620; x_wconf 93' lang='lat'><strong>:</strong></span> <span class='ocrx_word' id='word_1_677' title='bbox 1524 5576 1580 5623; x_wconf 88' lang='lat' dir='ltr'><strong>et</strong></span> <span class='ocrx_word' id='word_1_678' title='bbox 1607 5566 1713 5621; x_wconf 90' lang='lat' dir='ltr'><strong>nisi</strong></span> <span class='ocrx_word' id='word_1_679' title='bbox 1740 5581 1905 5636; x_wconf 90' lang='lat' dir='ltr'><strong>quem</strong></span> 
     </span>
    </p>
   </div>
   <div class='ocr_carea' id='block_1_100' title="bbox 333 5658 1911 5733">
    <p class='ocr_par' dir='ltr' id='par_1_100' title="bbox 333 5658 1911 5733">
     <span class='ocr_line' id='line_1_100' title="bbox 333 5658 1911 5733; baseline -0.004 -14"><span class='ocrx_word' id='word_1_680' title='bbox 333 5664 632 5720; x_wconf 87' lang='lat' dir='ltr'><strong>terminum</strong></span> <span class='ocrx_word' id='word_1_681' title='bbox 674 5664 820 5718; x_wconf 91' lang='lat' dir='ltr'><strong>Deus</strong></span> <span class='ocrx_word' id='word_1_682' title='bbox 860 5661 1045 5733; x_wconf 87' lang='lat' dir='ltr'><strong>posuit</strong></span> <span class='ocrx_word' id='word_1_683' title='bbox 1087 5662 1196 5733; x_wconf 73' lang='grc'><strong>(46)</strong></span> <span class='ocrx_word' id='word_1_684' title='bbox 1229 5660 1285 5714; x_wconf 92' lang='lat' dir='ltr'><strong>in</strong></span> <span class='ocrx_word' id='word_1_685' title='bbox 1330 5660 1436 5715; x_wconf 91' lang='lat' dir='ltr'><strong>hac</strong></span> <span class='ocrx_word' id='word_1_686' title='bbox 1460 5659 1568 5714; x_wconf 89' lang='lat' dir='ltr'><strong>vita</strong></span> <span class='ocrx_word' id='word_1_687' title='bbox 1609 5674 1775 5728; x_wconf 91' lang='lat' dir='ltr'><strong>super</strong></span> <span class='ocrx_word' id='word_1_688' title='bbox 1804 5658 1911 5713; x_wconf 85' lang='lat' dir='ltr'><strong>hu-</strong></span> 
     </span>
    </p>
   </div>
   <div class='ocr_carea' id='block_1_101' title="bbox 403 5795 1889 5942">
    <p class='ocr_par' dir='ltr' id='par_1_101' title="bbox 403 5795 1889 5942">
     <span class='ocr_line' id='line_1_101' title="bbox 426 5795 1889 5867; baseline -0.003 -15"><span class='ocrx_word' id='word_1_689' title='bbox 426 5798 518 5865; x_wconf 69' lang='grc'><strong>46)</strong></span> <span class='ocrx_word' id='word_1_690' title='bbox 540 5797 971 5867; x_wconf 75' lang='lat' dir='ltr'><strong>Quem—posuit.</strong></span> <span class='ocrx_word' id='word_1_691' title='bbox 997 5795 1174 5850; x_wconf 62' lang='lat' dir='ltr'><strong>&#39;Forte</strong></span> <span class='ocrx_word' id='word_1_692' title='bbox 1198 5838 1212 5860; x_wconf 85' lang='lat'><strong>,</strong></span> <span class='ocrx_word' id='word_1_693' title='bbox 1242 5796 1800 5866; x_wconf 77' lang='lat' dir='ltr'><strong>aliquem—posuerit.</strong></span> <span class='ocrx_word' id='word_1_694' title='bbox 1864 5829 1889 5848; x_wconf 74' lang='grc' dir='ltr'><strong>ι</strong></span> 
     </span>
     <span class='ocr_line' id='line_1_102' title="bbox 403 5800 1889 5942; baseline -0.005 -18"><span class='ocrx_word' id='word_1_695' title='bbox 403 5800 518 5942; x_wconf 50' lang='grc' dir='ltr'><strong>ξω)</strong></span> <span class='ocrx_word' id='word_1_696' title='bbox 550 5870 886 5924; x_wconf 72' lang='lat' dir='ltr'><strong>Mandorum.</strong></span> <span class='ocrx_word' id='word_1_697' title='bbox 916 5866 1060 5921; x_wconf 82' lang='lat' dir='ltr'><strong>Edit.</strong></span> <span class='ocrx_word' id='word_1_698' title='bbox 1113 5867 1282 5921; x_wconf 84' lang='lat' dir='ltr'><strong>Paris.</strong></span> <span class='ocrx_word' id='word_1_699' title='bbox 1316 5867 1451 5922; x_wconf 70' lang='grc'><strong>1644</strong></span> <span class='ocrx_word' id='word_1_700' title='bbox 1507 5866 1889 5922; x_wconf 68' lang='grc' dir='ltr'><strong>ηιαηάαιοηιηι</strong></span> 
     </span>
    </p>
   </div>
   <div class='ocr_carea' id='block_1_102' title="bbox 2012 4649 3587 4721">
    <p class='ocr_par' dir='ltr' id='par_1_102' title="bbox 2012 4649 3587 4721">
     <span class='ocr_line' id='line_1_103' title="bbox 2012 4649 3587 4721; baseline 0 -14"><span class='ocrx_word' id='word_1_701' title='bbox 2012 4651 2528 4717; x_wconf 89' lang='lat' dir='ltr'><strong>innumerabilium,</strong></span> <span class='ocrx_word' id='word_1_702' title='bbox 2565 4666 2801 4721; x_wconf 65' lang='lat' dir='ltr'><strong>quorum</strong></span> <span class='ocrx_word' id='word_1_703' title='bbox 2831 4649 3176 4704; x_wconf 88' lang='lat' dir='ltr'><strong>conversatio</strong></span> <span class='ocrx_word' id='word_1_704' title='bbox 3197 4649 3374 4706; x_wconf 90' lang='lat' dir='ltr'><strong>divisa</strong></span> <span class='ocrx_word' id='word_1_705' title='bbox 3403 4660 3488 4707; x_wconf 88' lang='lat' dir='ltr'><strong>est</strong></span> <span class='ocrx_word' id='word_1_706' title='bbox 3520 4652 3587 4707; x_wconf 86' lang='lat' dir='ltr'><strong>ab</strong></span> 
     </span>
    </p>
   </div>
   <div class='ocr_carea' id='block_1_103' title="bbox 2010 4740 3587 4812">
    <p class='ocr_par' dir='ltr' id='par_1_103' title="bbox 2010 4740 3587 4812">
     <span class='ocr_line' id='line_1_104' title="bbox 2010 4740 3587 4812; baseline -0.001 -13"><span class='ocrx_word' id='word_1_707' title='bbox 2010 4745 2244 4800; x_wconf 88' lang='lat' dir='ltr'><strong>invicem</strong></span> <span class='ocrx_word' id='word_1_708' title='bbox 2292 4744 2483 4799; x_wconf 87' lang='lat' dir='ltr'><strong>subtili</strong></span> <span class='ocrx_word' id='word_1_709' title='bbox 2522 4752 2580 4798; x_wconf 90' lang='lat' dir='ltr'><strong>et</strong></span> <span class='ocrx_word' id='word_1_710' title='bbox 2618 4741 2883 4797; x_wconf 86' lang='lat' dir='ltr'><strong>invisibili</strong></span> <span class='ocrx_word' id='word_1_711' title='bbox 2923 4740 3188 4812; x_wconf 83' lang='lat' dir='ltr'><strong>mysterio</strong></span> <span class='ocrx_word' id='word_1_712' title='bbox 3215 4740 3462 4811; x_wconf 90' lang='lat' dir='ltr'><strong>ipsorum</strong></span> <span class='ocrx_word' id='word_1_713' title='bbox 3490 4759 3587 4798; x_wconf 85' lang='lat' dir='ltr'><strong>ex-</strong></span> 
     </span>
    </p>
   </div>
   <div class='ocr_carea' id='block_1_104' title="bbox 2010 4834 3586 4892">
    <p class='ocr_par' dir='ltr' id='par_1_104' title="bbox 2010 4834 3586 4892">
     <span class='ocr_line' id='line_1_105' title="bbox 2010 4834 3586 4892; baseline -0.003 -1"><span class='ocrx_word' id='word_1_714' title='bbox 2010 4837 2327 4892; x_wconf 88' lang='lat' dir='ltr'><strong>sistentium</strong></span> <span class='ocrx_word' id='word_1_715' title='bbox 2353 4837 2408 4891; x_wconf 90' lang='lat' dir='ltr'><strong>in</strong></span> <span class='ocrx_word' id='word_1_716' title='bbox 2438 4836 2745 4891; x_wconf 88' lang='lat' dir='ltr'><strong>intentione</strong></span> <span class='ocrx_word' id='word_1_717' title='bbox 2763 4834 3080 4888; x_wconf 91' lang='lat' dir='ltr'><strong>divinarum</strong></span> <span class='ocrx_word' id='word_1_718' title='bbox 3108 4834 3507 4889; x_wconf 89' lang='lat' dir='ltr'><strong>revelationum</strong></span> <span class='ocrx_word' id='word_1_719' title='bbox 3535 4842 3586 4889; x_wconf 90' lang='lat' dir='ltr'><strong>ct</strong></span> 
     </span>
    </p>
   </div>
   <div class='ocr_carea' id='block_1_105' title="bbox 2008 4926 3587 4997">
    <p class='ocr_par' dir='ltr' id='par_1_105' title="bbox 2008 4926 3587 4997">
     <span class='ocr_line' id='line_1_106' title="bbox 2008 4926 3587 4997; baseline -0.001 -15"><span class='ocrx_word' id='word_1_720' title='bbox 2008 4927 2412 4982; x_wconf 88' lang='lat' dir='ltr'><strong>contrariarum</strong></span> <span class='ocrx_word' id='word_1_721' title='bbox 2451 4927 2694 4996; x_wconf 87' lang='lat' dir='ltr'><strong>ipsarum</strong></span> <span class='ocrx_word' id='word_1_722' title='bbox 2741 4927 2797 4980; x_wconf 92' lang='lat' dir='ltr'><strong>in</strong></span> <span class='ocrx_word' id='word_1_723' title='bbox 2839 4926 2988 4980; x_wconf 88' lang='lat' dir='ltr'><strong>omni</strong></span> <span class='ocrx_word' id='word_1_724' title='bbox 3046 4926 3202 4980; x_wconf 91' lang='lat' dir='ltr'><strong>hora.</strong></span> <span class='ocrx_word' id='word_1_725' title='bbox 3249 4926 3368 4997; x_wconf 88' lang='lat' dir='ltr'><strong>Ipse</strong></span> <span class='ocrx_word' id='word_1_726' title='bbox 3399 4936 3587 4982; x_wconf 87' lang='lat' dir='ltr'><strong>autem</strong></span> 
     </span>
    </p>
   </div>
   <div class='ocr_carea' id='block_1_106' title="bbox 2010 5016 3585 5085">
    <p class='ocr_par' dir='ltr' id='par_1_106' title="bbox 2010 5016 3585 5085">
     <span class='ocr_line' id='line_1_107' title="bbox 2010 5016 3585 5085; baseline -0.001 -11"><span class='ocrx_word' id='word_1_727' title='bbox 2010 5020 2156 5074; x_wconf 90' lang='lat' dir='ltr'><strong>Deus</strong></span> <span class='ocrx_word' id='word_1_728' title='bbox 2206 5028 2397 5074; x_wconf 89' lang='lat' dir='ltr'><strong>noster</strong></span> <span class='ocrx_word' id='word_1_729' title='bbox 2446 5033 2548 5074; x_wconf 91' lang='lat' dir='ltr'><strong>nos</strong></span> <span class='ocrx_word' id='word_1_730' title='bbox 2604 5017 2773 5071; x_wconf 79' lang='lat' dir='ltr'><strong>faciat</strong></span> <span class='ocrx_word' id='word_1_731' title='bbox 2832 5032 3052 5085; x_wconf 88' lang='lat' dir='ltr'><strong>semper</strong></span> <span class='ocrx_word' id='word_1_732' title='bbox 3103 5016 3292 5071; x_wconf 89' lang='lat' dir='ltr'><strong>videre</strong></span> <span class='ocrx_word' id='word_1_733' title='bbox 3342 5032 3472 5072; x_wconf 89' lang='lat' dir='ltr'><strong>eum</strong></span> <span class='ocrx_word' id='word_1_734' title='bbox 3528 5017 3585 5072; x_wconf 84' lang='lat' dir='ltr'><strong>in</strong></span> 
     </span>
    </p>
   </div>
   <div class='ocr_carea' id='block_1_107' title="bbox 2009 5106 3585 5178">
    <p class='ocr_par' dir='ltr' id='par_1_107' title="bbox 2009 5106 3585 5178">
     <span class='ocr_line' id='line_1_108' title="bbox 2009 5106 3585 5178; baseline 0 -14"><span class='ocrx_word' id='word_1_735' title='bbox 2009 5109 2261 5165; x_wconf 89' lang='lat' dir='ltr'><strong>nuditate</strong></span> <span class='ocrx_word' id='word_1_736' title='bbox 2307 5109 2529 5176; x_wconf 85' lang='lat' dir='ltr'><strong>mentis,</strong></span> <span class='ocrx_word' id='word_1_737' title='bbox 2578 5116 2635 5165; x_wconf 89' lang='lat' dir='ltr'><strong>et</strong></span> <span class='ocrx_word' id='word_1_738' title='bbox 2678 5116 2867 5178; x_wconf 88' lang='lat' dir='ltr'><strong>postea</strong></span> <span class='ocrx_word' id='word_1_739' title='bbox 2918 5107 3233 5161; x_wconf 88' lang='lat' dir='ltr'><strong>immediate</strong></span> <span class='ocrx_word' id='word_1_740' title='bbox 3285 5107 3340 5161; x_wconf 92' lang='lat' dir='ltr'><strong>in</strong></span> <span class='ocrx_word' id='word_1_741' title='bbox 3377 5106 3585 5177; x_wconf 89' lang='lat' dir='ltr'><strong>Spiritu</strong></span> 
     </span>
    </p>
   </div>
   <div class='ocr_carea' id='block_1_108' title="bbox 2010 5198 3585 5269">
    <p class='ocr_par' dir='ltr' id='par_1_108' title="bbox 2010 5198 3585 5269">
     <span class='ocr_line' id='line_1_109' title="bbox 2010 5198 3585 5269; baseline -0.003 -11"><span class='ocrx_word' id='word_1_742' title='bbox 2010 5211 2203 5258; x_wconf 90' lang='lat' dir='ltr'><strong>sancto</strong></span> <span class='ocrx_word' id='word_1_743' title='bbox 2235 5202 2289 5257; x_wconf 88' lang='lat' dir='ltr'><strong>in</strong></span> <span class='ocrx_word' id='word_1_744' title='bbox 2322 5202 2518 5258; x_wconf 63' lang='lat' dir='ltr'><strong>saecula</strong></span> <span class='ocrx_word' id='word_1_745' title='bbox 2547 5202 2874 5256; x_wconf 78' lang='lat' dir='ltr'><strong>saeculorum</strong></span> <span class='ocrx_word' id='word_1_746' title='bbox 2900 5215 2914 5253; x_wconf 89' lang='lat'><strong>:</strong></span> <span class='ocrx_word' id='word_1_747' title='bbox 2940 5198 3031 5254; x_wconf 92' lang='lat' dir='ltr'><strong>cui</strong></span> <span class='ocrx_word' id='word_1_748' title='bbox 3060 5198 3131 5254; x_wconf 90' lang='lat' dir='ltr'><strong>sit</strong></span> <span class='ocrx_word' id='word_1_749' title='bbox 3163 5198 3358 5269; x_wconf 89' lang='lat' dir='ltr'><strong>gloria.</strong></span> <span class='ocrx_word' id='word_1_750' title='bbox 3387 5202 3585 5257; x_wconf 83' lang='lat' dir='ltr'><strong>Amen.</strong></span> 
     </span>
    </p>
   </div>
   <div class='ocr_carea' id='block_1_109' title="bbox 2554 5332 3059 5390">
    <p class='ocr_par' dir='ltr' id='par_1_109' title="bbox 2554 5332 3059 5390">
     <span class='ocr_line' id='line_1_110' title="bbox 2554 5332 3059 5390; baseline -0.004 -1"><span class='ocrx_word' id='word_1_751' title='bbox 2554 5333 2780 5390; x_wconf 86' lang='lat' dir='ltr'><strong>CAPUT</strong></span> <span class='ocrx_word' id='word_1_752' title='bbox 2825 5332 3059 5388; x_wconf 80' lang='lat' dir='ltr'><strong>XLVIII.</strong></span> 
     </span>
    </p>
   </div>
   <div class='ocr_carea' id='block_1_110' title="bbox 2466 5446 3119 5501">
    <p class='ocr_par' dir='ltr' id='par_1_110' title="bbox 2466 5446 3119 5501">
     <span class='ocr_line' id='line_1_111' title="bbox 2466 5446 3119 5501; baseline 0 0"><span class='ocrx_word' id='word_1_753' title='bbox 2466 5446 2546 5501; x_wconf 86' lang='lat' dir='ltr'><strong>De</strong></span> <span class='ocrx_word' id='word_1_754' title='bbox 2593 5448 2725 5501; x_wconf 79' lang='lat' dir='ltr'><strong>ostio</strong></span> <span class='ocrx_word' id='word_1_755' title='bbox 2772 5453 3119 5501; x_wconf 75' lang='lat' dir='ltr'><strong>secretorum.</strong></span> 
     </span>
    </p>
   </div>
   <div class='ocr_carea' id='block_1_111' title="bbox 2078 5559 3583 5632">
    <p class='ocr_par' dir='ltr' id='par_1_111' title="bbox 2078 5559 3583 5632">
     <span class='ocr_line' id='line_1_112' title="bbox 2078 5559 3583 5632; baseline -0.002 -15"><span class='ocrx_word' id='word_1_756' title='bbox 2078 5562 2240 5618; x_wconf 88' lang='lat' dir='ltr'><strong>Fides</strong></span> <span class='ocrx_word' id='word_1_757' title='bbox 2275 5571 2361 5617; x_wconf 89' lang='lat' dir='ltr'><strong>est</strong></span> <span class='ocrx_word' id='word_1_758' title='bbox 2404 5563 2608 5617; x_wconf 89' lang='lat' dir='ltr'><strong>ostium</strong></span> <span class='ocrx_word' id='word_1_759' title='bbox 2661 5570 3026 5617; x_wconf 83' lang='lat' dir='ltr'><strong>secretorum.</strong></span> <span class='ocrx_word' id='word_1_760' title='bbox 3062 5562 3199 5618; x_wconf 87' lang='lat' dir='ltr'><strong>Nam</strong></span> <span class='ocrx_word' id='word_1_761' title='bbox 3230 5559 3583 5632; x_wconf 86' lang='lat' dir='ltr'><strong>quemadmo-</strong></span> 
     </span>
    </p>
   </div>
   <div class='ocr_carea' id='block_1_112' title="bbox 2010 5654 3581 5725">
    <p class='ocr_par' dir='ltr' id='par_1_112' title="bbox 2010 5654 3581 5725">
     <span class='ocr_line' id='line_1_113' title="bbox 2010 5654 3581 5725; baseline -0.001 -14"><span class='ocrx_word' id='word_1_762' title='bbox 2010 5656 2140 5711; x_wconf 91' lang='lat' dir='ltr'><strong>dum</strong></span> <span class='ocrx_word' id='word_1_763' title='bbox 2193 5655 2510 5725; x_wconf 90' lang='lat' dir='ltr'><strong>corporales</strong></span> <span class='ocrx_word' id='word_1_764' title='bbox 2562 5654 2731 5721; x_wconf 92' lang='lat' dir='ltr'><strong>oculi,</strong></span> <span class='ocrx_word' id='word_1_765' title='bbox 2766 5655 3224 5712; x_wconf 87' lang='lat' dir='ltr'><strong>substantialibus</strong></span> <span class='ocrx_word' id='word_1_766' title='bbox 3265 5655 3467 5722; x_wconf 85' lang='lat' dir='ltr'><strong>rebus,</strong></span> <span class='ocrx_word' id='word_1_767' title='bbox 3504 5654 3581 5709; x_wconf 83' lang='lat' dir='ltr'><strong>sic</strong></span> 
     </span>
    </p>
   </div>
   <div class='ocr_carea' id='block_1_113' title="bbox 428 5860 2903 5942">
    <p class='ocr_par' dir='ltr' id='par_1_113' title="bbox 428 5860 2903 5942">
     <span class='ocr_line' id='line_1_114' title="bbox 428 5860 2903 5942; baseline -0.002 -19"><span class='ocrx_word' id='word_1_768' title='bbox 428 5860 518 5942; x_wconf 75' lang='grc'><strong>47)</strong></span> <span class='ocrx_word' id='word_1_769' title='bbox 548 5860 886 5924; x_wconf 50' lang='lat' dir='ltr'><strong>Manlianum.</strong></span> <span class='ocrx_word' id='word_1_770' title='bbox 916 5866 1060 5921; x_wconf 82' lang='lat' dir='ltr'><strong>Edit.</strong></span> <span class='ocrx_word' id='word_1_771' title='bbox 1113 5867 1282 5921; x_wconf 84' lang='lat' dir='ltr'><strong>Paris.</strong></span> <span class='ocrx_word' id='word_1_772' title='bbox 1316 5860 1451 5922; x_wconf 61' lang='lat' dir='ltr'><strong>I654</strong></span> <span class='ocrx_word' id='word_1_773' title='bbox 1507 5860 1901 5922; x_wconf 70' lang='lat' dir='ltr'><strong>mandatorum.</strong></span> <span class='ocrx_word' id='word_1_774' title='bbox 1937 5866 2007 5923; x_wconf 79' lang='lat' dir='ltr'><strong>At</strong></span> <span class='ocrx_word' id='word_1_775' title='bbox 2040 5863 2293 5938; x_wconf 86' lang='lat' dir='ltr'><strong>Lugdun.</strong></span> <span class='ocrx_word' id='word_1_776' title='bbox 2331 5863 2490 5931; x_wconf 70' lang='lat'><strong>{677,</strong></span> <span class='ocrx_word' id='word_1_777' title='bbox 2522 5869 2583 5919; x_wconf 84' lang='lat' dir='ltr'><strong>ut</strong></span> <span class='ocrx_word' id='word_1_778' title='bbox 2619 5860 2677 5918; x_wconf 87' lang='lat' dir='ltr'><strong>in</strong></span> <span class='ocrx_word' id='word_1_779' title='bbox 2703 5871 2903 5919; x_wconf 81' lang='lat' dir='ltr'><strong>textu.‘</strong></span> 
     </span>
    </p>
   </div>
   <div class='ocr_carea' id='block_1_114' title="bbox 579 5958 1373 6024">
    <p class='ocr_par' dir='ltr' id='par_1_114' title="bbox 579 5958 1373 6024">
     <span class='ocr_line' id='line_1_115' title="bbox 579 5958 1373 6024; baseline -0.003 0"><span class='ocrx_word' id='word_1_780' title='bbox 579 5963 855 6024; x_wconf 69' lang='grc' dir='ltr'><strong>Ρηιιοι.</strong></span> <span class='ocrx_word' id='word_1_781' title='bbox 902 5961 1023 6022; x_wconf 78' lang='lat' dir='ltr'><strong>Gn.</strong></span> <span class='ocrx_word' id='word_1_782' title='bbox 1064 5958 1373 6022; x_wconf 78' lang='lat' dir='ltr'><strong>LXXXVI.</strong></span> 
     </span>
    </p>
   </div>
   <div class='ocr_carea' id='block_1_115' title="bbox 3103 5950 3185 6013">
    <p class='ocr_par' dir='ltr' id='par_1_115' title="bbox 3103 5950 3185 6013">
     <span class='ocr_line' id='line_1_116' title="bbox 3103 5950 3185 6013; baseline 0 0"><span class='ocrx_word' id='word_1_783' title='bbox 3103 5950 3185 6013; x_wconf 85' lang='lat'><strong>28</strong></span> 
     </span>
    </p>
   </div>
  </div>
