  <div class='ocr_page' id='page_1' title='image "/cluster/home/n/w/nwhite01/storage/ocr_20150623/86:1/hvd.32044019208909/445.png"; bbox 0 0 4112 6538; ppageno 0'>
   <div class='ocr_carea' id='block_1_1' title="bbox 481 469 588 535">
    <p class='ocr_par' dir='ltr' id='par_1_1' title="bbox 481 469 588 535">
     <span class='ocr_line' id='line_1_1' title="bbox 481 469 588 535; baseline -0.009 -1"><span class='ocrx_word' id='word_1_1' title='bbox 481 469 588 535; x_wconf 83' lang='lat'><strong>875</strong></span> 
     </span>
    </p>
   </div>
   <div class='ocr_carea' id='block_1_2' title="bbox 1861 455 2420 522">
    <p class='ocr_par' dir='ltr' id='par_1_2' title="bbox 1861 455 2420 522">
     <span class='ocr_line' id='line_1_2' title="bbox 1861 455 2420 522; baseline -0.007 -1"><span class='ocrx_word' id='word_1_2' title='bbox 1861 458 1922 522; x_wconf 92' lang='lat' dir='ltr'><strong>S.</strong></span> <span class='ocrx_word' id='word_1_3' title='bbox 1962 455 2208 520; x_wconf 86' lang='lat' dir='ltr'><strong>ISAACI</strong></span> <span class='ocrx_word' id='word_1_4' title='bbox 2248 457 2420 518; x_wconf 86' lang='lat' dir='ltr'><strong>SYRI</strong></span> 
     </span>
    </p>
   </div>
   <div class='ocr_carea' id='block_1_3' title="bbox 3654 457 3765 523">
    <p class='ocr_par' dir='ltr' id='par_1_3' title="bbox 3654 457 3765 523">
     <span class='ocr_line' id='line_1_3' title="bbox 3654 457 3765 523; baseline 0.009 -1"><span class='ocrx_word' id='word_1_5' title='bbox 3654 457 3765 523; x_wconf 86' lang='lat'><strong>876</strong></span> 
     </span>
    </p>
   </div>
   <div class='ocr_carea' id='block_1_4' title="bbox 480 567 3763 649">
    <p class='ocr_par' dir='ltr' id='par_1_4' title="bbox 480 567 3763 649">
     <span class='ocr_line' id='line_1_4' title="bbox 480 567 3763 649; baseline -0.003 -7"><span class='ocrx_word' id='word_1_6' title='bbox 480 595 567 642; x_wconf 87' lang='lat' dir='ltr'><strong>cst</strong></span> <span class='ocrx_word' id='word_1_7' title='bbox 613 578 776 649; x_wconf 89' lang='lat' dir='ltr'><strong>ﬁdes,</strong></span> <span class='ocrx_word' id='word_1_8' title='bbox 829 572 1012 638; x_wconf 85' lang='lat' dir='ltr'><strong>oculis</strong></span> <span class='ocrx_word' id='word_1_9' title='bbox 1052 575 1292 635; x_wconf 78' lang='lat' dir='ltr'><strong>occultis</strong></span> <span class='ocrx_word' id='word_1_10' title='bbox 1338 582 1396 632; x_wconf 88' lang='lat' dir='ltr'><strong>et</strong></span> <span class='ocrx_word' id='word_1_11' title='bbox 1457 573 1906 646; x_wconf 86' lang='lat' dir='ltr'><strong>iutelligibilibus</strong></span> <span class='ocrx_word' id='word_1_12' title='bbox 1954 572 2348 634; x_wconf 78' lang='lat' dir='ltr'><strong>the-Avitum</strong></span> <span class='ocrx_word' id='word_1_13' title='bbox 2393 585 2462 626; x_wconf 80' lang='lat' dir='ltr'><strong>ex</strong></span> <span class='ocrx_word' id='word_1_14' title='bbox 2506 569 2619 624; x_wconf 90' lang='lat' dir='ltr'><strong>Dco</strong></span> <span class='ocrx_word' id='word_1_15' title='bbox 2663 567 2980 636; x_wconf 82' lang='lat' dir='ltr'><strong>fructificat,</strong></span> <span class='ocrx_word' id='word_1_16' title='bbox 3016 570 3112 640; x_wconf 85' lang='lat' dir='ltr'><strong>qui</strong></span> <span class='ocrx_word' id='word_1_17' title='bbox 3159 569 3215 625; x_wconf 90' lang='lat' dir='ltr'><strong>in</strong></span> <span class='ocrx_word' id='word_1_18' title='bbox 3260 569 3532 629; x_wconf 81' lang='lat' dir='ltr'><strong>charitate</strong></span> <span class='ocrx_word' id='word_1_19' title='bbox 3585 573 3763 644; x_wconf 87' lang='lat' dir='ltr'><strong>vivit;</strong></span> 
     </span>
    </p>
   </div>
   <div class='ocr_carea' id='block_1_5' title="bbox 481 668 2076 736">
    <p class='ocr_par' dir='ltr' id='par_1_5' title="bbox 481 668 2076 736">
     <span class='ocr_line' id='line_1_5' title="bbox 481 668 2076 736; baseline -0.006 -3"><span class='ocrx_word' id='word_1_20' title='bbox 481 690 704 733; x_wconf 83' lang='lat' dir='ltr'><strong>saurus.</strong></span> <span class='ocrx_word' id='word_1_21' title='bbox 753 673 958 730; x_wconf 84' lang='lat' dir='ltr'><strong>Oculos</strong></span> <span class='ocrx_word' id='word_1_22' title='bbox 985 672 1126 728; x_wconf 90' lang='lat' dir='ltr'><strong>duos</strong></span> <span class='ocrx_word' id='word_1_23' title='bbox 1156 669 1428 726; x_wconf 85' lang='lat' dir='ltr'><strong>habemus</strong></span> <span class='ocrx_word' id='word_1_24' title='bbox 1454 669 1673 736; x_wconf 60' lang='lat' dir='ltr'><strong>animae,</strong></span> <span class='ocrx_word' id='word_1_25' title='bbox 1714 669 1860 724; x_wconf 88' lang='lat' dir='ltr'><strong>sicut</strong></span> <span class='ocrx_word' id='word_1_26' title='bbox 1881 668 2076 723; x_wconf 91' lang='lat' dir='ltr'><strong>dicunt</strong></span> 
     </span>
    </p>
   </div>
   <div class='ocr_carea' id='block_1_6' title="bbox 484 761 2074 837">
    <p class='ocr_par' dir='ltr' id='par_1_6' title="bbox 484 761 2074 837">
     <span class='ocr_line' id='line_1_6' title="bbox 484 761 2074 837; baseline -0.007 -11"><span class='ocrx_word' id='word_1_27' title='bbox 484 770 702 837; x_wconf 77' lang='lat' dir='ltr'><strong>Patres,</strong></span> <span class='ocrx_word' id='word_1_28' title='bbox 739 767 897 824; x_wconf 90' lang='lat' dir='ltr'><strong>velut</strong></span> <span class='ocrx_word' id='word_1_29' title='bbox 928 765 1072 822; x_wconf 92' lang='lat' dir='ltr'><strong>duos</strong></span> <span class='ocrx_word' id='word_1_30' title='bbox 1099 763 1291 820; x_wconf 92' lang='lat' dir='ltr'><strong>oculos</strong></span> <span class='ocrx_word' id='word_1_31' title='bbox 1331 762 1626 834; x_wconf 88' lang='lat' dir='ltr'><strong>corporis;</strong></span> <span class='ocrx_word' id='word_1_32' title='bbox 1656 777 1762 818; x_wconf 88' lang='lat' dir='ltr'><strong>nec</strong></span> <span class='ocrx_word' id='word_1_33' title='bbox 1801 769 1887 818; x_wconf 90' lang='lat' dir='ltr'><strong>est</strong></span> <span class='ocrx_word' id='word_1_34' title='bbox 1926 761 2074 816; x_wconf 89' lang='lat' dir='ltr'><strong>idem</strong></span> 
     </span>
    </p>
   </div>
   <div class='ocr_carea' id='block_1_7' title="bbox 486 854 2074 932">
    <p class='ocr_par' dir='ltr' id='par_1_7' title="bbox 486 854 2074 932">
     <span class='ocr_line' id='line_1_7' title="bbox 486 854 2074 932; baseline -0.007 -13"><span class='ocrx_word' id='word_1_35' title='bbox 486 878 623 919; x_wconf 89' lang='lat' dir='ltr'><strong>usus</strong></span> <span class='ocrx_word' id='word_1_36' title='bbox 655 869 918 932; x_wconf 88' lang='lat' dir='ltr'><strong>aspectus</strong></span> <span class='ocrx_word' id='word_1_37' title='bbox 959 858 1017 914; x_wconf 88' lang='lat' dir='ltr'><strong>in</strong></span> <span class='ocrx_word' id='word_1_38' title='bbox 1053 866 1312 928; x_wconf 87' lang='lat' dir='ltr'><strong>utroque.</strong></span> <span class='ocrx_word' id='word_1_39' title='bbox 1356 857 1418 911; x_wconf 90' lang='lat' dir='ltr'><strong>ln</strong></span> <span class='ocrx_word' id='word_1_40' title='bbox 1465 871 1580 912; x_wconf 92' lang='lat' dir='ltr'><strong>uno</strong></span> <span class='ocrx_word' id='word_1_41' title='bbox 1618 855 1768 912; x_wconf 89' lang='lat' dir='ltr'><strong>enim</strong></span> <span class='ocrx_word' id='word_1_42' title='bbox 1800 855 1961 910; x_wconf 90' lang='lat' dir='ltr'><strong>oculo</strong></span> <span class='ocrx_word' id='word_1_43' title='bbox 1987 854 2074 909; x_wconf 90' lang='lat' dir='ltr'><strong>in-</strong></span> 
     </span>
    </p>
   </div>
   <div class='ocr_carea' id='block_1_8' title="bbox 487 947 2072 1022">
    <p class='ocr_par' dir='ltr' id='par_1_8' title="bbox 487 947 2072 1022">
     <span class='ocr_line' id='line_1_8' title="bbox 487 947 2072 1022; baseline -0.007 -10"><span class='ocrx_word' id='word_1_44' title='bbox 487 965 712 1012; x_wconf 89' lang='lat' dir='ltr'><strong>tuemur</strong></span> <span class='ocrx_word' id='word_1_45' title='bbox 732 953 951 1009; x_wconf 90' lang='lat' dir='ltr'><strong>occulta</strong></span> <span class='ocrx_word' id='word_1_46' title='bbox 980 950 1166 1022; x_wconf 63' lang='lat' dir='ltr'><strong>gloria:</strong></span> <span class='ocrx_word' id='word_1_47' title='bbox 1190 950 1309 1016; x_wconf 87' lang='lat' dir='ltr'><strong>Dei,</strong></span> <span class='ocrx_word' id='word_1_48' title='bbox 1339 966 1463 1019; x_wconf 69' lang='lat' dir='ltr'><strong>qua:</strong></span> <span class='ocrx_word' id='word_1_49' title='bbox 1494 949 1712 1005; x_wconf 90' lang='lat' dir='ltr'><strong>occulta</strong></span> <span class='ocrx_word' id='word_1_50' title='bbox 1741 948 1799 1003; x_wconf 91' lang='lat' dir='ltr'><strong>in</strong></span> <span class='ocrx_word' id='word_1_51' title='bbox 1825 947 2072 1002; x_wconf 89' lang='lat' dir='ltr'><strong>naturis:</strong></span> 
     </span>
    </p>
   </div>
   <div class='ocr_carea' id='block_1_9' title="bbox 487 1040 2076 1116">
    <p class='ocr_par' dir='ltr' id='par_1_9' title="bbox 487 1040 2076 1116">
     <span class='ocr_line' id='line_1_9' title="bbox 487 1040 2076 1116; baseline -0.006 -12"><span class='ocrx_word' id='word_1_52' title='bbox 487 1048 703 1105; x_wconf 87' lang='lat' dir='ltr'><strong>scilicet</strong></span> <span class='ocrx_word' id='word_1_53' title='bbox 731 1045 1040 1116; x_wconf 83' lang='lat' dir='ltr'><strong>potentiam</strong></span> <span class='ocrx_word' id='word_1_54' title='bbox 1083 1044 1228 1114; x_wconf 84' lang='lat' dir='ltr'><strong>ejus,</strong></span> <span class='ocrx_word' id='word_1_55' title='bbox 1276 1042 1608 1112; x_wconf 82' lang='lat' dir='ltr'><strong>sapientiam</strong></span> <span class='ocrx_word' id='word_1_56' title='bbox 1651 1041 1843 1111; x_wconf 90' lang='lat' dir='ltr'><strong>ipsius,</strong></span> <span class='ocrx_word' id='word_1_57' title='bbox 1872 1049 1930 1096; x_wconf 90' lang='lat' dir='ltr'><strong>et</strong></span> <span class='ocrx_word' id='word_1_58' title='bbox 1962 1040 2076 1095; x_wconf 88' lang='lat' dir='ltr'><strong>dis-</strong></span> 
     </span>
    </p>
   </div>
   <div class='ocr_carea' id='block_1_10' title="bbox 488 1133 2077 1213">
    <p class='ocr_par' dir='ltr' id='par_1_10' title="bbox 488 1133 2077 1213">
     <span class='ocr_line' id='line_1_10' title="bbox 488 1133 2077 1213; baseline -0.007 -16"><span class='ocrx_word' id='word_1_59' title='bbox 488 1141 870 1213; x_wconf 88' lang='lat' dir='ltr'><strong>pensationem</strong></span> <span class='ocrx_word' id='word_1_60' title='bbox 919 1135 1170 1208; x_wconf 90' lang='lat' dir='ltr'><strong>ejusdem</strong></span> <span class='ocrx_word' id='word_1_61' title='bbox 1220 1144 1551 1190; x_wconf 79' lang='lat' dir='ltr'><strong>coaeternam</strong></span> <span class='ocrx_word' id='word_1_62' title='bbox 1598 1133 1743 1188; x_wconf 90' lang='lat' dir='ltr'><strong>circa</strong></span> <span class='ocrx_word' id='word_1_63' title='bbox 1802 1147 1924 1197; x_wconf 90' lang='lat' dir='ltr'><strong>nos,</strong></span> <span class='ocrx_word' id='word_1_64' title='bbox 1956 1147 2077 1202; x_wconf 82' lang='lat' dir='ltr'><strong>quae</strong></span> 
     </span>
    </p>
   </div>
   <div class='ocr_carea' id='block_1_11' title="bbox 488 1226 2077 1305">
    <p class='ocr_par' dir='ltr' id='par_1_11' title="bbox 488 1226 2077 1305">
     <span class='ocr_line' id='line_1_11' title="bbox 488 1226 2077 1305; baseline -0.005 -15"><span class='ocrx_word' id='word_1_65' title='bbox 488 1230 988 1305; x_wconf 90' lang='lat' dir='ltr'><strong>comprehenditur</strong></span> <span class='ocrx_word' id='word_1_66' title='bbox 1043 1244 1113 1284; x_wconf 84' lang='lat' dir='ltr'><strong>ex</strong></span> <span class='ocrx_word' id='word_1_67' title='bbox 1175 1226 1558 1298; x_wconf 82' lang='lat' dir='ltr'><strong>magnitudine</strong></span> <span class='ocrx_word' id='word_1_68' title='bbox 1625 1226 1909 1298; x_wconf 84' lang='lat' dir='ltr'><strong>regiminis</strong></span> <span class='ocrx_word' id='word_1_69' title='bbox 1955 1226 2077 1298; x_wconf 87' lang='lat' dir='ltr'><strong>ejus</strong></span> 
     </span>
    </p>
   </div>
   <div class='ocr_carea' id='block_1_12' title="bbox 487 1317 2079 1397">
    <p class='ocr_par' dir='ltr' id='par_1_12' title="bbox 487 1317 2079 1397">
     <span class='ocr_line' id='line_1_12' title="bbox 487 1317 2079 1397; baseline -0.007 -15"><span class='ocrx_word' id='word_1_70' title='bbox 487 1325 635 1397; x_wconf 91' lang='lat' dir='ltr'><strong>apud</strong></span> <span class='ocrx_word' id='word_1_71' title='bbox 664 1340 768 1380; x_wconf 90' lang='lat' dir='ltr'><strong>nos</strong></span> <span class='ocrx_word' id='word_1_72' title='bbox 799 1340 814 1377; x_wconf 92' lang='lat'><strong>:</strong></span> <span class='ocrx_word' id='word_1_73' title='bbox 853 1329 911 1377; x_wconf 91' lang='lat' dir='ltr'><strong>et</strong></span> <span class='ocrx_word' id='word_1_74' title='bbox 957 1320 1014 1375; x_wconf 91' lang='lat' dir='ltr'><strong>in</strong></span> <span class='ocrx_word' id='word_1_75' title='bbox 1045 1320 1155 1374; x_wconf 89' lang='lat' dir='ltr'><strong>hoc</strong></span> <span class='ocrx_word' id='word_1_76' title='bbox 1203 1317 1368 1374; x_wconf 91' lang='lat' dir='ltr'><strong>oculo</strong></span> <span class='ocrx_word' id='word_1_77' title='bbox 1398 1317 1652 1372; x_wconf 71' lang='lat' dir='ltr'><strong>caelestes</strong></span> <span class='ocrx_word' id='word_1_78' title='bbox 1695 1317 1920 1372; x_wconf 90' lang='lat' dir='ltr'><strong>ordines</strong></span> <span class='ocrx_word' id='word_1_79' title='bbox 1945 1331 2079 1372; x_wconf 92' lang='lat' dir='ltr'><strong>con-</strong></span> 
     </span>
    </p>
   </div>
   <div class='ocr_carea' id='block_1_13' title="bbox 485 1408 2078 1480">
    <p class='ocr_par' dir='ltr' id='par_1_13' title="bbox 485 1408 2078 1480">
     <span class='ocr_line' id='line_1_13' title="bbox 485 1408 2078 1480; baseline -0.008 -4"><span class='ocrx_word' id='word_1_80' title='bbox 485 1433 680 1476; x_wconf 89' lang='lat' dir='ltr'><strong>servos</strong></span> <span class='ocrx_word' id='word_1_81' title='bbox 713 1424 936 1472; x_wconf 89' lang='lat' dir='ltr'><strong>nostros</strong></span> <span class='ocrx_word' id='word_1_82' title='bbox 975 1411 1234 1467; x_wconf 83' lang='lat' dir='ltr'><strong>videmus</strong></span> <span class='ocrx_word' id='word_1_83' title='bbox 1267 1428 1281 1464; x_wconf 87' lang='lat'><strong>:</strong></span> <span class='ocrx_word' id='word_1_84' title='bbox 1309 1409 1367 1464; x_wconf 93' lang='lat' dir='ltr'><strong>in</strong></span> <span class='ocrx_word' id='word_1_85' title='bbox 1409 1409 1571 1464; x_wconf 92' lang='lat' dir='ltr'><strong>oculo</strong></span> <span class='ocrx_word' id='word_1_86' title='bbox 1598 1408 1708 1464; x_wconf 90' lang='lat' dir='ltr'><strong>alio</strong></span> <span class='ocrx_word' id='word_1_87' title='bbox 1738 1409 2078 1480; x_wconf 88' lang='lat' dir='ltr'><strong>contempla-</strong></span> 
     </span>
    </p>
   </div>
   <div class='ocr_carea' id='block_1_14' title="bbox 486 1499 2078 1581">
    <p class='ocr_par' dir='ltr' id='par_1_14' title="bbox 486 1499 2078 1581">
     <span class='ocr_line' id='line_1_14' title="bbox 486 1499 2078 1581; baseline -0.008 -13"><span class='ocrx_word' id='word_1_88' title='bbox 486 1527 614 1567; x_wconf 91' lang='lat' dir='ltr'><strong>mur</strong></span> <span class='ocrx_word' id='word_1_89' title='bbox 653 1507 885 1581; x_wconf 79' lang='lat' dir='ltr'><strong>gloriam</strong></span> <span class='ocrx_word' id='word_1_90' title='bbox 917 1513 1132 1559; x_wconf 76' lang='lat' dir='ltr'><strong>naturae</strong></span> <span class='ocrx_word' id='word_1_91' title='bbox 1178 1503 1300 1574; x_wconf 87' lang='lat' dir='ltr'><strong>ejus</strong></span> <span class='ocrx_word' id='word_1_92' title='bbox 1331 1510 1556 1566; x_wconf 64' lang='lat' dir='ltr'><strong>sanctae,</strong></span> <span class='ocrx_word' id='word_1_93' title='bbox 1599 1501 1707 1556; x_wconf 88' lang='lat' dir='ltr'><strong>hoc</strong></span> <span class='ocrx_word' id='word_1_94' title='bbox 1753 1509 1860 1566; x_wconf 92' lang='lat' dir='ltr'><strong>est,</strong></span> <span class='ocrx_word' id='word_1_95' title='bbox 1900 1499 2078 1571; x_wconf 89' lang='lat' dir='ltr'><strong>ipsius</strong></span> 
     </span>
    </p>
   </div>
   <div class='ocr_carea' id='block_1_15' title="bbox 486 1591 2077 1669">
    <p class='ocr_par' dir='ltr' id='par_1_15' title="bbox 486 1591 2077 1669">
     <span class='ocr_line' id='line_1_15' title="bbox 486 1591 2077 1669; baseline -0.008 -11"><span class='ocrx_word' id='word_1_96' title='bbox 486 1602 610 1666; x_wconf 90' lang='lat' dir='ltr'><strong>Dei,</strong></span> <span class='ocrx_word' id='word_1_97' title='bbox 636 1595 1048 1669; x_wconf 89' lang='lat' dir='ltr'><strong>beneplacitum</strong></span> <span class='ocrx_word' id='word_1_98' title='bbox 1077 1592 1301 1664; x_wconf 87' lang='lat' dir='ltr'><strong>quando</strong></span> <span class='ocrx_word' id='word_1_99' title='bbox 1321 1591 1490 1648; x_wconf 87' lang='lat' dir='ltr'><strong>fuerit</strong></span> <span class='ocrx_word' id='word_1_100' title='bbox 1517 1593 1654 1658; x_wconf 90' lang='lat' dir='ltr'><strong>Deo,</strong></span> <span class='ocrx_word' id='word_1_101' title='bbox 1684 1591 1947 1647; x_wconf 89' lang='lat' dir='ltr'><strong>inducere</strong></span> <span class='ocrx_word' id='word_1_102' title='bbox 1974 1606 2077 1646; x_wconf 91' lang='lat' dir='ltr'><strong>nos</strong></span> 
     </span>
    </p>
   </div>
   <div class='ocr_carea' id='block_1_16' title="bbox 487 1682 2076 1760">
    <p class='ocr_par' dir='ltr' id='par_1_16' title="bbox 487 1682 2076 1760">
     <span class='ocr_line' id='line_1_16' title="bbox 487 1682 2076 1760; baseline -0.007 -9"><span class='ocrx_word' id='word_1_103' title='bbox 487 1697 544 1750; x_wconf 91' lang='lat' dir='ltr'><strong>in</strong></span> <span class='ocrx_word' id='word_1_104' title='bbox 597 1701 813 1750; x_wconf 85' lang='lat' dir='ltr'><strong>secreta</strong></span> <span class='ocrx_word' id='word_1_105' title='bbox 863 1687 1196 1760; x_wconf 78' lang='lat' dir='ltr'><strong>Spiritualia,</strong></span> <span class='ocrx_word' id='word_1_106' title='bbox 1256 1693 1314 1741; x_wconf 90' lang='lat' dir='ltr'><strong>et</strong></span> <span class='ocrx_word' id='word_1_107' title='bbox 1356 1700 1511 1740; x_wconf 89' lang='lat' dir='ltr'><strong>mare</strong></span> <span class='ocrx_word' id='word_1_108' title='bbox 1568 1683 1699 1740; x_wconf 93' lang='lat' dir='ltr'><strong>ﬁdei</strong></span> <span class='ocrx_word' id='word_1_109' title='bbox 1743 1682 1963 1755; x_wconf 88' lang='lat' dir='ltr'><strong>aperire</strong></span> <span class='ocrx_word' id='word_1_110' title='bbox 2018 1684 2076 1740; x_wconf 90' lang='lat' dir='ltr'><strong>in</strong></span> 
     </span>
    </p>
   </div>
   <div class='ocr_carea' id='block_1_17' title="bbox 484 1775 2076 1848">
    <p class='ocr_par' dir='ltr' id='par_1_17' title="bbox 484 1775 2076 1848">
     <span class='ocr_line' id='line_1_17' title="bbox 484 1775 2076 1848; baseline -0.006 -8"><span class='ocrx_word' id='word_1_111' title='bbox 484 1785 673 1841; x_wconf 84' lang='lat' dir='ltr'><strong>animo</strong></span> <span class='ocrx_word' id='word_1_112' title='bbox 716 1789 929 1837; x_wconf 88' lang='lat' dir='ltr'><strong>nostro.</strong></span> <span class='ocrx_word' id='word_1_113' title='bbox 965 1778 1156 1836; x_wconf 87' lang='lat' dir='ltr'><strong>Gratia</strong></span> <span class='ocrx_word' id='word_1_114' title='bbox 1189 1783 1316 1848; x_wconf 90' lang='lat' dir='ltr'><strong>post</strong></span> <span class='ocrx_word' id='word_1_115' title='bbox 1342 1775 1573 1848; x_wconf 79' lang='lat' dir='ltr'><strong>gratiam</strong></span> <span class='ocrx_word' id='word_1_116' title='bbox 1611 1776 1738 1832; x_wconf 89' lang='lat' dir='ltr'><strong>data</strong></span> <span class='ocrx_word' id='word_1_117' title='bbox 1765 1785 1852 1833; x_wconf 90' lang='lat' dir='ltr'><strong>est</strong></span> <span class='ocrx_word' id='word_1_118' title='bbox 1894 1776 2076 1832; x_wconf 89' lang='lat' dir='ltr'><strong>homi-</strong></span> 
     </span>
    </p>
   </div>
   <div class='ocr_carea' id='block_1_18' title="bbox 482 1868 2075 1944">
    <p class='ocr_par' dir='ltr' id='par_1_18' title="bbox 482 1868 2075 1944">
     <span class='ocr_line' id='line_1_18' title="bbox 482 1868 2075 1944; baseline -0.006 -11"><span class='ocrx_word' id='word_1_119' title='bbox 482 1877 692 1942; x_wconf 78' lang='lat' dir='ltr'><strong>nibus;</strong></span> <span class='ocrx_word' id='word_1_120' title='bbox 745 1871 1076 1944; x_wconf 86' lang='lat' dir='ltr'><strong>poenitentia</strong></span> <span class='ocrx_word' id='word_1_121' title='bbox 1117 1870 1240 1942; x_wconf 88' lang='lat' dir='ltr'><strong>ejus</strong></span> <span class='ocrx_word' id='word_1_122' title='bbox 1288 1875 1377 1924; x_wconf 90' lang='lat' dir='ltr'><strong>est</strong></span> <span class='ocrx_word' id='word_1_123' title='bbox 1426 1868 1776 1942; x_wconf 86' lang='lat' dir='ltr'><strong>regeneratio</strong></span> <span class='ocrx_word' id='word_1_124' title='bbox 1833 1869 2075 1924; x_wconf 85' lang='lat' dir='ltr'><strong>secunda</strong></span> 
     </span>
    </p>
   </div>
   <div class='ocr_carea' id='block_1_19' title="bbox 484 1959 2078 2033">
    <p class='ocr_par' dir='ltr' id='par_1_19' title="bbox 484 1959 2078 2033">
     <span class='ocr_line' id='line_1_19' title="bbox 484 1959 2078 2033; baseline -0.006 -9"><span class='ocrx_word' id='word_1_125' title='bbox 484 1985 555 2024; x_wconf 80' lang='lat' dir='ltr'><strong>ex</strong></span> <span class='ocrx_word' id='word_1_126' title='bbox 598 1967 734 2032; x_wconf 90' lang='lat' dir='ltr'><strong>Deo,</strong></span> <span class='ocrx_word' id='word_1_127' title='bbox 784 1973 842 2021; x_wconf 92' lang='lat' dir='ltr'><strong>et</strong></span> <span class='ocrx_word' id='word_1_128' title='bbox 872 1964 1044 2020; x_wconf 90' lang='lat' dir='ltr'><strong>arrha</strong></span> <span class='ocrx_word' id='word_1_129' title='bbox 1093 1977 1262 2033; x_wconf 89' lang='lat' dir='ltr'><strong>quam</strong></span> <span class='ocrx_word' id='word_1_130' title='bbox 1319 1975 1389 2015; x_wconf 85' lang='lat' dir='ltr'><strong>ex</strong></span> <span class='ocrx_word' id='word_1_131' title='bbox 1415 1959 1523 2015; x_wconf 90' lang='lat' dir='ltr'><strong>ﬁde</strong></span> <span class='ocrx_word' id='word_1_132' title='bbox 1573 1960 1922 2032; x_wconf 90' lang='lat' dir='ltr'><strong>recepimus,</strong></span> <span class='ocrx_word' id='word_1_133' title='bbox 1978 1975 2078 2031; x_wconf 90' lang='lat' dir='ltr'><strong>per</strong></span> 
     </span>
    </p>
   </div>
   <div class='ocr_carea' id='block_1_20' title="bbox 484 2051 2080 2131">
    <p class='ocr_par' dir='ltr' id='par_1_20' title="bbox 484 2051 2080 2131">
     <span class='ocr_line' id='line_1_20' title="bbox 484 2051 2080 2131; baseline -0.005 -16"><span class='ocrx_word' id='word_1_134' title='bbox 484 2056 875 2131; x_wconf 75' lang='lat' dir='ltr'><strong>pmnitentiam</strong></span> <span class='ocrx_word' id='word_1_135' title='bbox 923 2053 1242 2125; x_wconf 88' lang='lat' dir='ltr'><strong>recepimus</strong></span> <span class='ocrx_word' id='word_1_136' title='bbox 1291 2051 1502 2108; x_wconf 90' lang='lat' dir='ltr'><strong>donum</strong></span> <span class='ocrx_word' id='word_1_137' title='bbox 1544 2052 1688 2124; x_wconf 87' lang='lat' dir='ltr'><strong>ejus.</strong></span> <span class='ocrx_word' id='word_1_138' title='bbox 1745 2052 2080 2108; x_wconf 70' lang='lat' dir='ltr'><strong>Pmnitentia</strong></span> 
     </span>
    </p>
   </div>
   <div class='ocr_carea' id='block_1_21' title="bbox 486 2148 2081 2226">
    <p class='ocr_par' dir='ltr' id='par_1_21' title="bbox 486 2148 2081 2226">
     <span class='ocr_line' id='line_1_21' title="bbox 486 2148 2081 2226; baseline -0.008 -14"><span class='ocrx_word' id='word_1_139' title='bbox 486 2164 574 2212; x_wconf 89' lang='lat' dir='ltr'><strong>est</strong></span> <span class='ocrx_word' id='word_1_140' title='bbox 598 2161 760 2226; x_wconf 90' lang='lat' dir='ltr'><strong>porta</strong></span> <span class='ocrx_word' id='word_1_141' title='bbox 787 2148 1211 2213; x_wconf 67' lang='lat' dir='ltr'><strong>misericordiae,</strong></span> <span class='ocrx_word' id='word_1_142' title='bbox 1241 2163 1366 2217; x_wconf 83' lang='lat' dir='ltr'><strong>quae</strong></span> <span class='ocrx_word' id='word_1_143' title='bbox 1398 2151 1590 2217; x_wconf 89' lang='lat' dir='ltr'><strong>aperta</strong></span> <span class='ocrx_word' id='word_1_144' title='bbox 1626 2151 1712 2201; x_wconf 88' lang='lat' dir='ltr'><strong>est</strong></span> <span class='ocrx_word' id='word_1_145' title='bbox 1743 2160 2081 2216; x_wconf 87' lang='lat' dir='ltr'><strong>persequen-</strong></span> 
     </span>
    </p>
   </div>
   <div class='ocr_carea' id='block_1_22' title="bbox 488 2235 2080 2309">
    <p class='ocr_par' dir='ltr' id='par_1_22' title="bbox 488 2235 2080 2309">
     <span class='ocr_line' id='line_1_22' title="bbox 488 2235 2080 2309; baseline -0.008 -7"><span class='ocrx_word' id='word_1_146' title='bbox 488 2247 642 2302; x_wconf 87' lang='lat' dir='ltr'><strong>tibus</strong></span> <span class='ocrx_word' id='word_1_147' title='bbox 675 2259 822 2300; x_wconf 89' lang='lat' dir='ltr'><strong>eam.</strong></span> <span class='ocrx_word' id='word_1_148' title='bbox 859 2243 966 2298; x_wconf 90' lang='lat' dir='ltr'><strong>Per</strong></span> <span class='ocrx_word' id='word_1_149' title='bbox 1001 2241 1148 2294; x_wconf 91' lang='lat' dir='ltr'><strong>hanc</strong></span> <span class='ocrx_word' id='word_1_150' title='bbox 1178 2247 1394 2309; x_wconf 89' lang='lat' dir='ltr'><strong>portam</strong></span> <span class='ocrx_word' id='word_1_151' title='bbox 1434 2236 1708 2293; x_wconf 90' lang='lat' dir='ltr'><strong>intramus</strong></span> <span class='ocrx_word' id='word_1_152' title='bbox 1729 2235 1798 2291; x_wconf 92' lang='lat' dir='ltr'><strong>ad</strong></span> <span class='ocrx_word' id='word_1_153' title='bbox 1838 2236 2080 2291; x_wconf 86' lang='lat' dir='ltr'><strong>divinam</strong></span> 
     </span>
    </p>
   </div>
   <div class='ocr_carea' id='block_1_23' title="bbox 483 2328 2080 2402">
    <p class='ocr_par' dir='ltr' id='par_1_23' title="bbox 483 2328 2080 2402">
     <span class='ocr_line' id='line_1_23' title="bbox 483 2328 2080 2402; baseline -0.004 -10"><span class='ocrx_word' id='word_1_154' title='bbox 483 2334 960 2400; x_wconf 81' lang='lat' dir='ltr'><strong>misericordiam,</strong></span> <span class='ocrx_word' id='word_1_155' title='bbox 996 2340 1053 2387; x_wconf 89' lang='lat' dir='ltr'><strong>et</strong></span> <span class='ocrx_word' id='word_1_156' title='bbox 1092 2331 1302 2402; x_wconf 84' lang='lat' dir='ltr'><strong>absque</strong></span> <span class='ocrx_word' id='word_1_157' title='bbox 1352 2328 1580 2385; x_wconf 87' lang='lat' dir='ltr'><strong>introitu</strong></span> <span class='ocrx_word' id='word_1_158' title='bbox 1631 2329 1726 2384; x_wconf 93' lang='lat' dir='ltr'><strong>illo</strong></span> <span class='ocrx_word' id='word_1_159' title='bbox 1761 2344 1873 2385; x_wconf 89' lang='lat' dir='ltr'><strong>non</strong></span> <span class='ocrx_word' id='word_1_160' title='bbox 1922 2329 2080 2385; x_wconf 89' lang='lat' dir='ltr'><strong>inve-</strong></span> 
     </span>
    </p>
   </div>
   <div class='ocr_carea' id='block_1_24' title="bbox 465 2423 2082 2494">
    <p class='ocr_par' dir='ltr' id='par_1_24' title="bbox 465 2423 2082 2494">
     <span class='ocr_line' id='line_1_24' title="bbox 465 2423 2082 2494; baseline -0.005 -10"><span class='ocrx_word' id='word_1_161' title='bbox 465 2425 678 2484; x_wconf 66' lang='lat' dir='ltr'><strong>nimus</strong></span> <span class='ocrx_word' id='word_1_162' title='bbox 701 2423 1170 2490; x_wconf 88' lang='lat' dir='ltr'><strong>misericordiam;</strong></span> <span class='ocrx_word' id='word_1_163' title='bbox 1193 2423 1322 2494; x_wconf 89' lang='lat' dir='ltr'><strong>quia</strong></span> <span class='ocrx_word' id='word_1_164' title='bbox 1344 2438 1525 2477; x_wconf 89' lang='lat' dir='ltr'><strong>omnes</strong></span> <span class='ocrx_word' id='word_1_165' title='bbox 1541 2429 1906 2493; x_wconf 78' lang='lat' dir='ltr'><strong>peccaverunt,</strong></span> <span class='ocrx_word' id='word_1_166' title='bbox 1926 2423 2082 2493; x_wconf 84' lang='lat' dir='ltr'><strong>juxta</strong></span> 
     </span>
    </p>
   </div>
   <div class='ocr_carea' id='block_1_25' title="bbox 491 2515 2082 2589">
    <p class='ocr_par' dir='ltr' id='par_1_25' title="bbox 491 2515 2082 2589">
     <span class='ocr_line' id='line_1_25' title="bbox 491 2515 2082 2589; baseline -0.005 -12"><span class='ocrx_word' id='word_1_167' title='bbox 491 2521 738 2578; x_wconf 86' lang='lat' dir='ltr'><strong>divinam</strong></span> <span class='ocrx_word' id='word_1_168' title='bbox 780 2519 1146 2589; x_wconf 84' lang='lat' dir='ltr'><strong>Scripturatn,</strong></span> <span class='ocrx_word' id='word_1_169' title='bbox 1183 2515 1472 2588; x_wconf 77' lang='lat' dir='ltr'><strong>justiﬁcati</strong></span> <span class='ocrx_word' id='word_1_170' title='bbox 1503 2516 1672 2587; x_wconf 82' lang='lat' dir='ltr'><strong>gratis</strong></span> <span class='ocrx_word' id='word_1_171' title='bbox 1718 2531 1813 2586; x_wconf 83' lang='lat' dir='ltr'><strong>per</strong></span> <span class='ocrx_word' id='word_1_172' title='bbox 1846 2516 2082 2586; x_wconf 81' lang='lat' dir='ltr'><strong>gratiam</strong></span> 
     </span>
    </p>
   </div>
   <div class='ocr_carea' id='block_1_26' title="bbox 491 2603 2084 2683">
    <p class='ocr_par' dir='ltr' id='par_1_26' title="bbox 491 2603 2084 2683">
     <span class='ocr_line' id='line_1_26' title="bbox 491 2603 2084 2683; baseline -0.008 -13"><span class='ocrx_word' id='word_1_173' title='bbox 491 2613 608 2683; x_wconf 84' lang='lat' dir='ltr'><strong>ejus</strong></span> <span class='ocrx_word' id='word_1_174' title='bbox 641 2611 686 2643; x_wconf 78' lang='lat'><strong>&quot;</strong></span> <span class='ocrx_word' id='word_1_175' title='bbox 715 2628 730 2665; x_wconf 89' lang='lat'>:</span> <span class='ocrx_word' id='word_1_176' title='bbox 759 2618 817 2666; x_wconf 89' lang='lat' dir='ltr'><strong>et</strong></span> <span class='ocrx_word' id='word_1_177' title='bbox 838 2609 1016 2664; x_wconf 90' lang='lat' dir='ltr'><strong>oritur</strong></span> <span class='ocrx_word' id='word_1_178' title='bbox 1053 2605 1110 2661; x_wconf 91' lang='lat' dir='ltr'><strong>in</strong></span> <span class='ocrx_word' id='word_1_179' title='bbox 1149 2605 1316 2662; x_wconf 90' lang='lat' dir='ltr'><strong>corde</strong></span> <span class='ocrx_word' id='word_1_180' title='bbox 1349 2621 1380 2660; x_wconf 88' lang='lat' dir='ltr'><strong>a</strong></span> <span class='ocrx_word' id='word_1_181' title='bbox 1404 2603 1514 2661; x_wconf 88' lang='lat' dir='ltr'><strong>ﬁde</strong></span> <span class='ocrx_word' id='word_1_182' title='bbox 1559 2611 1616 2660; x_wconf 92' lang='lat' dir='ltr'><strong>et</strong></span> <span class='ocrx_word' id='word_1_183' title='bbox 1648 2603 1865 2660; x_wconf 89' lang='lat' dir='ltr'><strong>timore.</strong></span> <span class='ocrx_word' id='word_1_184' title='bbox 1895 2603 2084 2659; x_wconf 85' lang='lat' dir='ltr'><strong>Timor</strong></span> 
     </span>
    </p>
   </div>
   <div class='ocr_carea' id='block_1_27' title="bbox 469 2701 2085 2774">
    <p class='ocr_par' dir='ltr' id='par_1_27' title="bbox 469 2701 2085 2774">
     <span class='ocr_line' id='line_1_27' title="bbox 469 2701 2085 2774; baseline -0.002 -12"><span class='ocrx_word' id='word_1_185' title='bbox 469 2715 680 2762; x_wconf 81' lang='lat' dir='ltr'><strong>autem</strong></span> <span class='ocrx_word' id='word_1_186' title='bbox 716 2715 803 2761; x_wconf 91' lang='lat' dir='ltr'><strong>est</strong></span> <span class='ocrx_word' id='word_1_187' title='bbox 830 2703 1062 2759; x_wconf 87' lang='lat' dir='ltr'><strong>baculus</strong></span> <span class='ocrx_word' id='word_1_188' title='bbox 1095 2701 1422 2774; x_wconf 79' lang='lat' dir='ltr'><strong>spiritualis,</strong></span> <span class='ocrx_word' id='word_1_189' title='bbox 1469 2717 1576 2757; x_wconf 92' lang='lat' dir='ltr'><strong>nos</strong></span> <span class='ocrx_word' id='word_1_190' title='bbox 1604 2701 1922 2773; x_wconf 75' lang='lat' dir='ltr'><strong>gubernans</strong></span> <span class='ocrx_word' id='word_1_191' title='bbox 1948 2718 2085 2772; x_wconf 91' lang='lat' dir='ltr'><strong>quo-</strong></span> 
     </span>
    </p>
   </div>
   <div class='ocr_carea' id='block_1_28' title="bbox 481 2792 2084 2868">
    <p class='ocr_par' dir='ltr' id='par_1_28' title="bbox 481 2792 2084 2868">
     <span class='ocr_line' id='line_1_28' title="bbox 481 2792 2084 2868; baseline -0.004 -14"><span class='ocrx_word' id='word_1_192' title='bbox 481 2812 668 2868; x_wconf 72' lang='lat' dir='ltr'><strong>usque</strong></span> <span class='ocrx_word' id='word_1_193' title='bbox 713 2796 1104 2867; x_wconf 82' lang='lat' dir='ltr'><strong>perveniamus</strong></span> <span class='ocrx_word' id='word_1_194' title='bbox 1144 2793 1215 2848; x_wconf 88' lang='lat' dir='ltr'><strong>ad</strong></span> <span class='ocrx_word' id='word_1_195' title='bbox 1251 2792 1569 2864; x_wconf 89' lang='lat' dir='ltr'><strong>paradisum</strong></span> <span class='ocrx_word' id='word_1_196' title='bbox 1604 2793 1950 2863; x_wconf 91' lang='lat' dir='ltr'><strong>spiritualem</strong></span> <span class='ocrx_word' id='word_1_197' title='bbox 1980 2793 2084 2848; x_wconf 88' lang='lat' dir='ltr'><strong>bo-</strong></span> 
     </span>
    </p>
   </div>
   <div class='ocr_carea' id='block_1_29' title="bbox 484 2886 2086 2958">
    <p class='ocr_par' dir='ltr' id='par_1_29' title="bbox 484 2886 2086 2958">
     <span class='ocr_line' id='line_1_29' title="bbox 484 2886 2086 2958; baseline -0.002 -11"><span class='ocrx_word' id='word_1_198' title='bbox 484 2906 728 2956; x_wconf 72' lang='lat' dir='ltr'><strong>norum;</strong></span> <span class='ocrx_word' id='word_1_199' title='bbox 769 2897 829 2946; x_wconf 89' lang='lat' dir='ltr'><strong>et</strong></span> <span class='ocrx_word' id='word_1_200' title='bbox 872 2903 1000 2944; x_wconf 89' lang='lat' dir='ltr'><strong>cum</strong></span> <span class='ocrx_word' id='word_1_201' title='bbox 1049 2887 1128 2942; x_wconf 93' lang='lat' dir='ltr'><strong>ibi</strong></span> <span class='ocrx_word' id='word_1_202' title='bbox 1169 2886 1536 2958; x_wconf 87' lang='lat' dir='ltr'><strong>applicamus,</strong></span> <span class='ocrx_word' id='word_1_203' title='bbox 1595 2886 1824 2942; x_wconf 87' lang='lat' dir='ltr'><strong>dimittit</strong></span> <span class='ocrx_word' id='word_1_204' title='bbox 1882 2901 1986 2942; x_wconf 92' lang='lat' dir='ltr'><strong>nos</strong></span> <span class='ocrx_word' id='word_1_205' title='bbox 2023 2896 2086 2943; x_wconf 91' lang='lat' dir='ltr'><strong>ut</strong></span> 
     </span>
    </p>
   </div>
   <div class='ocr_carea' id='block_1_30' title="bbox 485 2980 2112 3051">
    <p class='ocr_par' dir='ltr' id='par_1_30' title="bbox 485 2980 2112 3051">
     <span class='ocr_line' id='line_1_30' title="bbox 485 2980 2112 3051; baseline -0.002 -11"><span class='ocrx_word' id='word_1_206' title='bbox 485 2990 862 3040; x_wconf 75' lang='lat' dir='ltr'><strong>revertamur.</strong></span> <span class='ocrx_word' id='word_1_207' title='bbox 899 2981 1202 3037; x_wconf 88' lang='lat' dir='ltr'><strong>Paradisus</strong></span> <span class='ocrx_word' id='word_1_208' title='bbox 1235 2987 1324 3035; x_wconf 88' lang='lat' dir='ltr'><strong>est</strong></span> <span class='ocrx_word' id='word_1_209' title='bbox 1352 2980 1596 3035; x_wconf 87' lang='lat' dir='ltr'><strong>charitas</strong></span> <span class='ocrx_word' id='word_1_210' title='bbox 1620 2980 1740 3046; x_wconf 88' lang='lat' dir='ltr'><strong>Dei,</strong></span> <span class='ocrx_word' id='word_1_211' title='bbox 1776 2980 1833 3035; x_wconf 91' lang='lat' dir='ltr'><strong>in</strong></span> <span class='ocrx_word' id='word_1_212' title='bbox 1867 2996 1977 3051; x_wconf 93' lang='lat' dir='ltr'><strong>qua</strong></span> <span class='ocrx_word' id='word_1_213' title='bbox 2000 2990 2112 3036; x_wconf 92' lang='lat' dir='ltr'><strong>est-</strong></span> 
     </span>
    </p>
   </div>
   <div class='ocr_carea' id='block_1_31' title="bbox 491 3071 2088 3139">
    <p class='ocr_par' dir='ltr' id='par_1_31' title="bbox 491 3071 2088 3139">
     <span class='ocr_line' id='line_1_31' title="bbox 491 3071 2088 3139; baseline -0.002 -7"><span class='ocrx_word' id='word_1_214' title='bbox 491 3074 792 3138; x_wconf 87' lang='lat' dir='ltr'><strong>delectatio</strong></span> <span class='ocrx_word' id='word_1_215' title='bbox 840 3080 1174 3130; x_wconf 86' lang='lat' dir='ltr'><strong>cunctarum</strong></span> <span class='ocrx_word' id='word_1_216' title='bbox 1228 3071 1678 3139; x_wconf 86' lang='lat' dir='ltr'><strong>beatitudinum,</strong></span> <span class='ocrx_word' id='word_1_217' title='bbox 1735 3072 1832 3128; x_wconf 91' lang='lat' dir='ltr'><strong>ubi</strong></span> <span class='ocrx_word' id='word_1_218' title='bbox 1889 3073 2088 3129; x_wconf 90' lang='lat' dir='ltr'><strong>beatus</strong></span> 
     </span>
    </p>
   </div>
   <div class='ocr_carea' id='block_1_32' title="bbox 490 3163 2087 3236">
    <p class='ocr_par' dir='ltr' id='par_1_32' title="bbox 490 3163 2087 3236">
     <span class='ocr_line' id='line_1_32' title="bbox 490 3163 2087 3236; baseline -0.001 -14"><span class='ocrx_word' id='word_1_219' title='bbox 490 3166 700 3222; x_wconf 84' lang='lat' dir='ltr'><strong>Paulus</strong></span> <span class='ocrx_word' id='word_1_220' title='bbox 752 3163 1006 3220; x_wconf 82' lang='lat' dir='ltr'><strong>nutritus</strong></span> <span class='ocrx_word' id='word_1_221' title='bbox 1032 3171 1134 3219; x_wconf 87' lang='lat' dir='ltr'><strong>est</strong></span> <span class='ocrx_word' id='word_1_222' title='bbox 1167 3163 1303 3219; x_wconf 81' lang='lat' dir='ltr'><strong>cibo</strong></span> <span class='ocrx_word' id='word_1_223' title='bbox 1333 3178 1502 3234; x_wconf 89' lang='lat' dir='ltr'><strong>supra</strong></span> <span class='ocrx_word' id='word_1_224' title='bbox 1543 3173 1798 3220; x_wconf 88' lang='lat' dir='ltr'><strong>naturam</strong></span> <span class='ocrx_word' id='word_1_225' title='bbox 1830 3182 1843 3218; x_wconf 90' lang='lat'><strong>:</strong></span> <span class='ocrx_word' id='word_1_226' title='bbox 1877 3180 1946 3220; x_wconf 82' lang='lat' dir='ltr'><strong>ex</strong></span> <span class='ocrx_word' id='word_1_227' title='bbox 1976 3180 2087 3236; x_wconf 91' lang='lat' dir='ltr'><strong>quo</strong></span> 
     </span>
    </p>
   </div>
   <div class='ocr_carea' id='block_1_33' title="bbox 2175 663 3766 728">
    <p class='ocr_par' dir='ltr' id='par_1_33' title="bbox 2175 663 3766 728">
     <span class='ocr_line' id='line_1_33' title="bbox 2175 663 3766 728; baseline 0.004 -7"><span class='ocrx_word' id='word_1_228' title='bbox 2175 674 2233 722; x_wconf 91' lang='lat' dir='ltr'><strong>et</strong></span> <span class='ocrx_word' id='word_1_229' title='bbox 2276 667 2333 721; x_wconf 91' lang='lat' dir='ltr'><strong>in</strong></span> <span class='ocrx_word' id='word_1_230' title='bbox 2377 666 2485 721; x_wconf 92' lang='lat' dir='ltr'><strong>hoc</strong></span> <span class='ocrx_word' id='word_1_231' title='bbox 2535 663 2745 720; x_wconf 90' lang='lat' dir='ltr'><strong>mundo</strong></span> <span class='ocrx_word' id='word_1_232' title='bbox 2773 665 3049 720; x_wconf 83' lang='lat' dir='ltr'><strong>exsistens</strong></span> <span class='ocrx_word' id='word_1_233' title='bbox 3095 665 3252 720; x_wconf 91' lang='lat' dir='ltr'><strong>illum</strong></span> <span class='ocrx_word' id='word_1_234' title='bbox 3281 683 3465 723; x_wconf 78' lang='lat' dir='ltr'><strong>aerem</strong></span> <span class='ocrx_word' id='word_1_235' title='bbox 3502 684 3766 728; x_wconf 88' lang='lat' dir='ltr'><strong>resurre-</strong></span> 
     </span>
    </p>
   </div>
   <div class='ocr_carea' id='block_1_34' title="bbox 2177 756 3769 834">
    <p class='ocr_par' dir='ltr' id='par_1_34' title="bbox 2177 756 3769 834">
     <span class='ocr_line' id='line_1_34' title="bbox 2177 756 3769 834; baseline 0.001 -18"><span class='ocrx_word' id='word_1_236' title='bbox 2177 758 2381 816; x_wconf 93' lang='lat' dir='ltr'><strong>ctionis</strong></span> <span class='ocrx_word' id='word_1_237' title='bbox 2420 757 2726 825; x_wconf 88' lang='lat' dir='ltr'><strong>odoratur;</strong></span> <span class='ocrx_word' id='word_1_238' title='bbox 2755 756 2830 811; x_wconf 88' lang='lat' dir='ltr'><strong>ita</strong></span> <span class='ocrx_word' id='word_1_239' title='bbox 2853 757 2961 812; x_wconf 89' lang='lat' dir='ltr'><strong>isto</strong></span> <span class='ocrx_word' id='word_1_240' title='bbox 2982 772 3221 828; x_wconf 84' lang='lat' dir='ltr'><strong>namque</strong></span> <span class='ocrx_word' id='word_1_241' title='bbox 3251 758 3601 816; x_wconf 88' lang='lat' dir='ltr'><strong>delectantur</strong></span> <span class='ocrx_word' id='word_1_242' title='bbox 3630 761 3769 834; x_wconf 89' lang='lat' dir='ltr'><strong>justi</strong></span> 
     </span>
    </p>
   </div>
   <div class='ocr_carea' id='block_1_35' title="bbox 2178 847 3771 922">
    <p class='ocr_par' dir='ltr' id='par_1_35' title="bbox 2178 847 3771 922">
     <span class='ocr_line' id='line_1_35' title="bbox 2178 847 3771 922; baseline 0 -17"><span class='ocrx_word' id='word_1_243' title='bbox 2178 851 2234 905; x_wconf 91' lang='lat' dir='ltr'><strong>in</strong></span> <span class='ocrx_word' id='word_1_244' title='bbox 2276 848 2707 906; x_wconf 89' lang='lat' dir='ltr'><strong>resurrectione.</strong></span> <span class='ocrx_word' id='word_1_245' title='bbox 2761 847 3014 903; x_wconf 88' lang='lat' dir='ltr'><strong>Charitas</strong></span> <span class='ocrx_word' id='word_1_246' title='bbox 3050 856 3136 903; x_wconf 90' lang='lat' dir='ltr'><strong>est</strong></span> <span class='ocrx_word' id='word_1_247' title='bbox 3173 865 3404 920; x_wconf 83' lang='lat' dir='ltr'><strong>regnum</strong></span> <span class='ocrx_word' id='word_1_248' title='bbox 3453 851 3600 920; x_wconf 88' lang='lat' dir='ltr'><strong>quod</strong></span> <span class='ocrx_word' id='word_1_249' title='bbox 3633 867 3771 922; x_wconf 91' lang='lat' dir='ltr'><strong>per-</strong></span> 
     </span>
    </p>
   </div>
   <div class='ocr_carea' id='block_1_36' title="bbox 2178 939 3773 1014">
    <p class='ocr_par' dir='ltr' id='par_1_36' title="bbox 2178 939 3773 1014">
     <span class='ocr_line' id='line_1_36' title="bbox 2178 939 3773 1014; baseline 0.001 -16"><span class='ocrx_word' id='word_1_250' title='bbox 2178 943 2328 999; x_wconf 83' lang='lat' dir='ltr'><strong>misit</strong></span> <span class='ocrx_word' id='word_1_251' title='bbox 2368 942 2478 1012; x_wconf 75' lang='grc'><strong>(48)</strong></span> <span class='ocrx_word' id='word_1_252' title='bbox 2530 942 2678 997; x_wconf 89' lang='lat' dir='ltr'><strong>Deus</strong></span> <span class='ocrx_word' id='word_1_253' title='bbox 2713 939 2991 1012; x_wconf 85' lang='lat' dir='ltr'><strong>figuratim</strong></span> <span class='ocrx_word' id='word_1_254' title='bbox 3025 940 3114 995; x_wconf 91' lang='lat' dir='ltr'><strong>vel</strong></span> <span class='ocrx_word' id='word_1_255' title='bbox 3167 940 3456 1011; x_wconf 87' lang='lat' dir='ltr'><strong>ﬁgurative</strong></span> <span class='ocrx_word' id='word_1_256' title='bbox 3501 943 3773 1014; x_wconf 89' lang='lat' dir='ltr'><strong>apostolis</strong></span> 
     </span>
    </p>
   </div>
   <div class='ocr_carea' id='block_1_37' title="bbox 2179 1029 3774 1102">
    <p class='ocr_par' dir='ltr' id='par_1_37' title="bbox 2179 1029 3774 1102">
     <span class='ocr_line' id='line_1_37' title="bbox 2179 1029 3774 1102; baseline 0.001 -13"><span class='ocrx_word' id='word_1_257' title='bbox 2179 1033 2476 1089; x_wconf 88' lang='lat' dir='ltr'><strong>comedere</strong></span> <span class='ocrx_word' id='word_1_258' title='bbox 2527 1032 2585 1086; x_wconf 90' lang='lat' dir='ltr'><strong>in</strong></span> <span class='ocrx_word' id='word_1_259' title='bbox 2627 1045 2799 1102; x_wconf 88' lang='lat' dir='ltr'><strong>regno</strong></span> <span class='ocrx_word' id='word_1_260' title='bbox 2831 1046 2956 1088; x_wconf 92' lang='lat' dir='ltr'><strong>suo.</strong></span> <span class='ocrx_word' id='word_1_261' title='bbox 2991 1029 3134 1097; x_wconf 87' lang='lat' dir='ltr'><strong>Quid</strong></span> <span class='ocrx_word' id='word_1_262' title='bbox 3175 1031 3325 1086; x_wconf 88' lang='lat' dir='ltr'><strong>enim</strong></span> <span class='ocrx_word' id='word_1_263' title='bbox 3358 1034 3665 1090; x_wconf 90' lang='lat' dir='ltr'><strong>comedetis</strong></span> <span class='ocrx_word' id='word_1_264' title='bbox 3712 1045 3774 1090; x_wconf 93' lang='lat' dir='ltr'><strong>et</strong></span> 
     </span>
    </p>
   </div>
   <div class='ocr_carea' id='block_1_38' title="bbox 2177 1121 3772 1195">
    <p class='ocr_par' dir='ltr' id='par_1_38' title="bbox 2177 1121 3772 1195">
     <span class='ocr_line' id='line_1_38' title="bbox 2177 1121 3772 1195; baseline 0.001 -15"><span class='ocrx_word' id='word_1_265' title='bbox 2177 1125 2383 1181; x_wconf 89' lang='lat' dir='ltr'><strong>bibetis</strong></span> <span class='ocrx_word' id='word_1_266' title='bbox 2407 1123 2492 1195; x_wconf 69' lang='grc' dir='ltr'><strong>⁸ἱιι</strong></span> <span class='ocrx_word' id='word_1_267' title='bbox 2541 1138 2732 1179; x_wconf 89' lang='lat' dir='ltr'><strong>mensa</strong></span> <span class='ocrx_word' id='word_1_268' title='bbox 2761 1123 2918 1194; x_wconf 81' lang='lat' dir='ltr'><strong>regni</strong></span> <span class='ocrx_word' id='word_1_269' title='bbox 2956 1123 3109 1178; x_wconf 89' lang='lat' dir='ltr'><strong>mei?</strong></span> <span class='ocrx_word' id='word_1_270' title='bbox 3138 1121 3391 1180; x_wconf 88' lang='lat' dir='ltr'><strong>Charitas</strong></span> <span class='ocrx_word' id='word_1_271' title='bbox 3435 1127 3583 1181; x_wconf 86' lang='lat' dir='ltr'><strong>enim</strong></span> <span class='ocrx_word' id='word_1_272' title='bbox 3617 1126 3772 1183; x_wconf 79' lang='lat' dir='ltr'><strong>suﬁi-</strong></span> 
     </span>
    </p>
   </div>
   <div class='ocr_carea' id='block_1_39' title="bbox 2177 1215 3775 1287">
    <p class='ocr_par' dir='ltr' id='par_1_39' title="bbox 2177 1215 3775 1287">
     <span class='ocr_line' id='line_1_39' title="bbox 2177 1215 3775 1287; baseline -0.001 -12"><span class='ocrx_word' id='word_1_273' title='bbox 2177 1219 2333 1276; x_wconf 87' lang='lat' dir='ltr'><strong>ciens</strong></span> <span class='ocrx_word' id='word_1_274' title='bbox 2364 1226 2451 1274; x_wconf 89' lang='lat' dir='ltr'><strong>est</strong></span> <span class='ocrx_word' id='word_1_275' title='bbox 2483 1216 2700 1272; x_wconf 89' lang='lat' dir='ltr'><strong>nutrire</strong></span> <span class='ocrx_word' id='word_1_276' title='bbox 2731 1215 3016 1270; x_wconf 88' lang='lat' dir='ltr'><strong>hominem</strong></span> <span class='ocrx_word' id='word_1_277' title='bbox 3059 1230 3162 1285; x_wconf 88' lang='lat' dir='ltr'><strong>pro</strong></span> <span class='ocrx_word' id='word_1_278' title='bbox 3188 1215 3316 1271; x_wconf 92' lang='lat' dir='ltr'><strong>cibo</strong></span> <span class='ocrx_word' id='word_1_279' title='bbox 3348 1225 3407 1271; x_wconf 92' lang='lat' dir='ltr'><strong>et</strong></span> <span class='ocrx_word' id='word_1_280' title='bbox 3447 1227 3581 1287; x_wconf 88' lang='lat' dir='ltr'><strong>potu</strong></span> <span class='ocrx_word' id='word_1_281' title='bbox 3616 1236 3630 1273; x_wconf 93' lang='lat'>:</span> <span class='ocrx_word' id='word_1_282' title='bbox 3666 1219 3775 1275; x_wconf 90' lang='lat' dir='ltr'><strong>hoc</strong></span> 
     </span>
    </p>
   </div>
   <div class='ocr_carea' id='block_1_40' title="bbox 2177 1307 3772 1380">
    <p class='ocr_par' dir='ltr' id='par_1_40' title="bbox 2177 1307 3772 1380">
     <span class='ocr_line' id='line_1_40' title="bbox 2177 1307 3772 1380; baseline -0.001 -13"><span class='ocrx_word' id='word_1_283' title='bbox 2177 1321 2262 1368; x_wconf 89' lang='lat' dir='ltr'><strong>est</strong></span> <span class='ocrx_word' id='word_1_284' title='bbox 2308 1311 2500 1366; x_wconf 90' lang='lat' dir='ltr'><strong>vinum</strong></span> <span class='ocrx_word' id='word_1_285' title='bbox 2543 1307 2692 1380; x_wconf 88' lang='lat' dir='ltr'><strong>quod</strong></span> <span class='ocrx_word' id='word_1_286' title='bbox 2725 1307 2971 1364; x_wconf 79' lang='lat' dir='ltr'><strong>laetiﬁcat</strong></span> <span class='ocrx_word' id='word_1_287' title='bbox 3024 1321 3123 1362; x_wconf 90' lang='lat' dir='ltr'><strong>cor</strong></span> <span class='ocrx_word' id='word_1_288' title='bbox 3148 1307 3409 1363; x_wconf 91' lang='lat' dir='ltr'><strong>hominis.</strong></span> <span class='ocrx_word' id='word_1_289' title='bbox 3442 1308 3646 1365; x_wconf 88' lang='lat' dir='ltr'><strong>Beatus</strong></span> <span class='ocrx_word' id='word_1_290' title='bbox 3675 1311 3772 1380; x_wconf 88' lang='lat' dir='ltr'><strong>qui</strong></span> 
     </span>
    </p>
   </div>
   <div class='ocr_carea' id='block_1_41' title="bbox 2177 1400 3773 1474">
    <p class='ocr_par' dir='ltr' id='par_1_41' title="bbox 2177 1400 3773 1474">
     <span class='ocr_line' id='line_1_41' title="bbox 2177 1400 3773 1474; baseline 0 -15"><span class='ocrx_word' id='word_1_291' title='bbox 2177 1404 2324 1460; x_wconf 87' lang='lat' dir='ltr'><strong>bibit</strong></span> <span class='ocrx_word' id='word_1_292' title='bbox 2376 1420 2445 1460; x_wconf 85' lang='lat' dir='ltr'><strong>ex</strong></span> <span class='ocrx_word' id='word_1_293' title='bbox 2494 1405 2628 1458; x_wconf 91' lang='lat' dir='ltr'><strong>vino</strong></span> <span class='ocrx_word' id='word_1_294' title='bbox 2675 1403 2833 1457; x_wconf 90' lang='lat' dir='ltr'><strong>isto:</strong></span> <span class='ocrx_word' id='word_1_295' title='bbox 2886 1416 2956 1457; x_wconf 80' lang='lat' dir='ltr'><strong>ex</strong></span> <span class='ocrx_word' id='word_1_296' title='bbox 3004 1400 3113 1457; x_wconf 87' lang='lat' dir='ltr'><strong>hoc</strong></span> <span class='ocrx_word' id='word_1_297' title='bbox 3158 1401 3427 1457; x_wconf 88' lang='lat' dir='ltr'><strong>biberunt</strong></span> <span class='ocrx_word' id='word_1_298' title='bbox 3478 1403 3773 1474; x_wconf 86' lang='lat' dir='ltr'><strong>impudici,</strong></span> 
     </span>
    </p>
   </div>
   <div class='ocr_carea' id='block_1_42' title="bbox 2176 1493 3772 1569">
    <p class='ocr_par' dir='ltr' id='par_1_42' title="bbox 2176 1493 3772 1569">
     <span class='ocr_line' id='line_1_42' title="bbox 2176 1493 3772 1569; baseline -0.002 -14"><span class='ocrx_word' id='word_1_299' title='bbox 2176 1508 2234 1555; x_wconf 88' lang='lat' dir='ltr'><strong>et</strong></span> <span class='ocrx_word' id='word_1_300' title='bbox 2259 1497 2394 1554; x_wconf 88' lang='lat' dir='ltr'><strong>facti</strong></span> <span class='ocrx_word' id='word_1_301' title='bbox 2435 1507 2565 1553; x_wconf 86' lang='lat' dir='ltr'><strong>sunt</strong></span> <span class='ocrx_word' id='word_1_302' title='bbox 2589 1494 2780 1568; x_wconf 91' lang='lat' dir='ltr'><strong>pudici</strong></span> <span class='ocrx_word' id='word_1_303' title='bbox 2817 1512 2830 1547; x_wconf 92' lang='lat'><strong>:</strong></span> <span class='ocrx_word' id='word_1_304' title='bbox 2867 1503 2924 1550; x_wconf 89' lang='lat' dir='ltr'><strong>et</strong></span> <span class='ocrx_word' id='word_1_305' title='bbox 2951 1493 3119 1561; x_wconf 90' lang='lat' dir='ltr'><strong>ebrii,</strong></span> <span class='ocrx_word' id='word_1_306' title='bbox 3151 1502 3208 1549; x_wconf 90' lang='lat' dir='ltr'><strong>et</strong></span> <span class='ocrx_word' id='word_1_307' title='bbox 3239 1494 3369 1550; x_wconf 84' lang='lat' dir='ltr'><strong>facti</strong></span> <span class='ocrx_word' id='word_1_308' title='bbox 3409 1507 3540 1550; x_wconf 88' lang='lat' dir='ltr'><strong>sunt</strong></span> <span class='ocrx_word' id='word_1_309' title='bbox 3569 1498 3772 1569; x_wconf 88' lang='lat' dir='ltr'><strong>jejuni.</strong></span> 
     </span>
    </p>
   </div>
   <div class='ocr_carea' id='block_1_43' title="bbox 2177 1593 3777 1667">
    <p class='ocr_par' dir='ltr' id='par_1_43' title="bbox 2177 1593 3777 1667">
     <span class='ocr_line' id='line_1_43' title="bbox 2177 1593 3777 1667; baseline 0 -16"><span class='ocrx_word' id='word_1_310' title='bbox 2177 1611 2279 1652; x_wconf 89' lang='lat' dir='ltr'><strong>seu</strong></span> <span class='ocrx_word' id='word_1_311' title='bbox 2309 1595 2651 1667; x_wconf 87' lang='lat' dir='ltr'><strong>jejunatores</strong></span> <span class='ocrx_word' id='word_1_312' title='bbox 2688 1610 2702 1647; x_wconf 88' lang='lat'><strong>:</strong></span> <span class='ocrx_word' id='word_1_313' title='bbox 2735 1602 2793 1648; x_wconf 88' lang='lat' dir='ltr'><strong>et</strong></span> <span class='ocrx_word' id='word_1_314' title='bbox 2816 1600 3160 1663; x_wconf 88' lang='lat' dir='ltr'><strong>peccatores,</strong></span> <span class='ocrx_word' id='word_1_315' title='bbox 3199 1604 3256 1648; x_wconf 92' lang='lat' dir='ltr'><strong>et</strong></span> <span class='ocrx_word' id='word_1_316' title='bbox 3299 1593 3456 1648; x_wconf 87' lang='lat' dir='ltr'><strong>obliti</strong></span> <span class='ocrx_word' id='word_1_317' title='bbox 3497 1605 3629 1650; x_wconf 89' lang='lat' dir='ltr'><strong>sunt</strong></span> <span class='ocrx_word' id='word_1_318' title='bbox 3657 1597 3777 1651; x_wconf 89' lang='lat' dir='ltr'><strong>vias</strong></span> 
     </span>
    </p>
   </div>
   <div class='ocr_carea' id='block_1_44' title="bbox 2178 1683 3776 1758">
    <p class='ocr_par' dir='ltr' id='par_1_44' title="bbox 2178 1683 3776 1758">
     <span class='ocr_line' id='line_1_44' title="bbox 2178 1683 3776 1758; baseline 0 -16"><span class='ocrx_word' id='word_1_319' title='bbox 2178 1686 2592 1742; x_wconf 68' lang='lat' dir='ltr'><strong>offensionum:</strong></span> <span class='ocrx_word' id='word_1_320' title='bbox 2635 1691 2692 1740; x_wconf 90' lang='lat' dir='ltr'><strong>et</strong></span> <span class='ocrx_word' id='word_1_321' title='bbox 2737 1683 2960 1749; x_wconf 87' lang='lat' dir='ltr'><strong>divites,</strong></span> <span class='ocrx_word' id='word_1_322' title='bbox 3001 1691 3060 1738; x_wconf 91' lang='lat' dir='ltr'><strong>et</strong></span> <span class='ocrx_word' id='word_1_323' title='bbox 3097 1683 3430 1740; x_wconf 83' lang='lat' dir='ltr'><strong>afl‘ectarunt</strong></span> <span class='ocrx_word' id='word_1_324' title='bbox 3469 1697 3776 1758; x_wconf 87' lang='lat' dir='ltr'><strong>pauperta-</strong></span> 
     </span>
    </p>
   </div>
   <div class='ocr_carea' id='block_1_45' title="bbox 2179 1775 3774 1849">
    <p class='ocr_par' dir='ltr' id='par_1_45' title="bbox 2179 1775 3774 1849">
     <span class='ocr_line' id='line_1_45' title="bbox 2179 1775 3774 1849; baseline 0.002 -17"><span class='ocrx_word' id='word_1_325' title='bbox 2179 1787 2332 1842; x_wconf 86' lang='lat' dir='ltr'><strong>tem;</strong></span> <span class='ocrx_word' id='word_1_326' title='bbox 2365 1786 2424 1833; x_wconf 89' lang='lat' dir='ltr'><strong>et</strong></span> <span class='ocrx_word' id='word_1_327' title='bbox 2460 1791 2756 1847; x_wconf 86' lang='lat' dir='ltr'><strong>pauperes,</strong></span> <span class='ocrx_word' id='word_1_328' title='bbox 2804 1786 2862 1832; x_wconf 90' lang='lat' dir='ltr'><strong>et</strong></span> <span class='ocrx_word' id='word_1_329' title='bbox 2893 1775 3053 1831; x_wconf 78' lang='lat' dir='ltr'><strong>dilati</strong></span> <span class='ocrx_word' id='word_1_330' title='bbox 3095 1785 3225 1832; x_wconf 90' lang='lat' dir='ltr'><strong>sunt</strong></span> <span class='ocrx_word' id='word_1_331' title='bbox 3265 1792 3394 1848; x_wconf 84' lang='lat' dir='ltr'><strong>spe;</strong></span> <span class='ocrx_word' id='word_1_332' title='bbox 3439 1789 3494 1834; x_wconf 87' lang='lat' dir='ltr'><strong>et</strong></span> <span class='ocrx_word' id='word_1_333' title='bbox 3526 1778 3774 1849; x_wconf 82' lang='lat' dir='ltr'><strong>fragiles,</strong></span> 
     </span>
    </p>
   </div>
   <div class='ocr_carea' id='block_1_46' title="bbox 2180 1865 3779 1933">
    <p class='ocr_par' dir='ltr' id='par_1_46' title="bbox 2180 1865 3779 1933">
     <span class='ocr_line' id='line_1_46' title="bbox 2180 1865 3779 1933; baseline 0.001 -9"><span class='ocrx_word' id='word_1_334' title='bbox 2180 1876 2237 1924; x_wconf 90' lang='lat' dir='ltr'><strong>et</strong></span> <span class='ocrx_word' id='word_1_335' title='bbox 2279 1867 2408 1924; x_wconf 88' lang='lat' dir='ltr'><strong>facti</strong></span> <span class='ocrx_word' id='word_1_336' title='bbox 2462 1875 2594 1923; x_wconf 88' lang='lat' dir='ltr'><strong>sunt</strong></span> <span class='ocrx_word' id='word_1_337' title='bbox 2646 1867 2902 1933; x_wconf 90' lang='lat' dir='ltr'><strong>robusti;</strong></span> <span class='ocrx_word' id='word_1_338' title='bbox 2938 1876 2996 1922; x_wconf 92' lang='lat' dir='ltr'><strong>et</strong></span> <span class='ocrx_word' id='word_1_339' title='bbox 3020 1865 3226 1932; x_wconf 66' lang='lat' dir='ltr'><strong>idiotaa,</strong></span> <span class='ocrx_word' id='word_1_340' title='bbox 3272 1877 3332 1924; x_wconf 86' lang='lat' dir='ltr'><strong>et</strong></span> <span class='ocrx_word' id='word_1_341' title='bbox 3361 1867 3492 1924; x_wconf 85' lang='lat' dir='ltr'><strong>facti</strong></span> <span class='ocrx_word' id='word_1_342' title='bbox 3525 1879 3657 1925; x_wconf 90' lang='lat' dir='ltr'><strong>sunt</strong></span> <span class='ocrx_word' id='word_1_343' title='bbox 3687 1884 3779 1925; x_wconf 85' lang='lat' dir='ltr'><strong>sa-</strong></span> 
     </span>
    </p>
   </div>
   <div class='ocr_carea' id='block_1_47' title="bbox 2182 1959 3778 2035">
    <p class='ocr_par' dir='ltr' id='par_1_47' title="bbox 2182 1959 3778 2035">
     <span class='ocr_line' id='line_1_47' title="bbox 2182 1959 3778 2035; baseline 0.004 -21"><span class='ocrx_word' id='word_1_344' title='bbox 2182 1960 2421 2032; x_wconf 89' lang='lat' dir='ltr'><strong>pientes.</strong></span> <span class='ocrx_word' id='word_1_345' title='bbox 2483 1959 2640 2016; x_wconf 92' lang='lat' dir='ltr'><strong>Sicut</strong></span> <span class='ocrx_word' id='word_1_346' title='bbox 2675 1959 3020 2030; x_wconf 90' lang='lat' dir='ltr'><strong>impossibile</strong></span> <span class='ocrx_word' id='word_1_347' title='bbox 3075 1968 3162 2016; x_wconf 89' lang='lat' dir='ltr'><strong>est</strong></span> <span class='ocrx_word' id='word_1_348' title='bbox 3219 1961 3458 2018; x_wconf 90' lang='lat' dir='ltr'><strong>transire</strong></span> <span class='ocrx_word' id='word_1_349' title='bbox 3513 1978 3778 2035; x_wconf 87' lang='lat' dir='ltr'><strong>magnum</strong></span> 
     </span>
    </p>
   </div>
   <div class='ocr_carea' id='block_1_48' title="bbox 2179 2053 3780 2125">
    <p class='ocr_par' dir='ltr' id='par_1_48' title="bbox 2179 2053 3780 2125">
     <span class='ocr_line' id='line_1_48' title="bbox 2179 2053 3780 2125; baseline 0.002 -16"><span class='ocrx_word' id='word_1_350' title='bbox 2179 2070 2332 2110; x_wconf 89' lang='lat' dir='ltr'><strong>mare</strong></span> <span class='ocrx_word' id='word_1_351' title='bbox 2358 2054 2478 2110; x_wconf 89' lang='lat' dir='ltr'><strong>sine</strong></span> <span class='ocrx_word' id='word_1_352' title='bbox 2513 2053 2664 2119; x_wconf 88' lang='lat' dir='ltr'><strong>navi,</strong></span> <span class='ocrx_word' id='word_1_353' title='bbox 2706 2054 2823 2110; x_wconf 90' lang='lat' dir='ltr'><strong>sive</strong></span> <span class='ocrx_word' id='word_1_354' title='bbox 2858 2054 3116 2120; x_wconf 87' lang='lat' dir='ltr'><strong>vasculo,</strong></span> <span class='ocrx_word' id='word_1_355' title='bbox 3171 2054 3253 2111; x_wconf 92' lang='lat' dir='ltr'><strong>sic</strong></span> <span class='ocrx_word' id='word_1_356' title='bbox 3293 2071 3406 2110; x_wconf 92' lang='lat' dir='ltr'><strong>non</strong></span> <span class='ocrx_word' id='word_1_357' title='bbox 3453 2066 3638 2125; x_wconf 90' lang='lat' dir='ltr'><strong>potest</strong></span> <span class='ocrx_word' id='word_1_358' title='bbox 3669 2058 3780 2112; x_wconf 90' lang='lat' dir='ltr'><strong>ali-</strong></span> 
     </span>
    </p>
   </div>
   <div class='ocr_carea' id='block_1_49' title="bbox 2179 2131 3780 2218">
    <p class='ocr_par' dir='ltr' id='par_1_49' title="bbox 2179 2131 3780 2218">
     <span class='ocr_line' id='line_1_49' title="bbox 2179 2131 3780 2218; baseline 0.002 -15"><span class='ocrx_word' id='word_1_359' title='bbox 2179 2149 2306 2218; x_wconf 84' lang='lat' dir='ltr'><strong>quis</strong></span> <span class='ocrx_word' id='word_1_360' title='bbox 2334 2147 2454 2204; x_wconf 90' lang='lat' dir='ltr'><strong>sine</strong></span> <span class='ocrx_word' id='word_1_361' title='bbox 2492 2148 2691 2204; x_wconf 89' lang='lat' dir='ltr'><strong>timore</strong></span> <span class='ocrx_word' id='word_1_362' title='bbox 2737 2131 3111 2204; x_wconf 29' lang='lat' dir='ltr'><strong>transfretare-</strong></span> <span class='ocrx_word' id='word_1_363' title='bbox 3130 2148 3200 2203; x_wconf 91' lang='lat' dir='ltr'><strong>ad</strong></span> <span class='ocrx_word' id='word_1_364' title='bbox 3243 2148 3594 2204; x_wconf 85' lang='lat' dir='ltr'><strong>charitatem.</strong></span> <span class='ocrx_word' id='word_1_365' title='bbox 3626 2151 3780 2208; x_wconf 77' lang='lat' dir='ltr'><strong>Mare</strong></span> 
     </span>
    </p>
   </div>
   <div class='ocr_carea' id='block_1_50' title="bbox 2180 2239 3780 2310">
    <p class='ocr_par' dir='ltr' id='par_1_50' title="bbox 2180 2239 3780 2310">
     <span class='ocr_line' id='line_1_50' title="bbox 2180 2239 3780 2310; baseline 0.002 -16"><span class='ocrx_word' id='word_1_366' title='bbox 2180 2239 2416 2296; x_wconf 79' lang='lat' dir='ltr'><strong>fetidum</strong></span> <span class='ocrx_word' id='word_1_367' title='bbox 2447 2239 2596 2310; x_wconf 93' lang='lat' dir='ltr'><strong>quod</strong></span> <span class='ocrx_word' id='word_1_368' title='bbox 2621 2247 2889 2294; x_wconf 90' lang='lat' dir='ltr'><strong>statutum</strong></span> <span class='ocrx_word' id='word_1_369' title='bbox 2919 2247 3006 2294; x_wconf 90' lang='lat' dir='ltr'><strong>est</strong></span> <span class='ocrx_word' id='word_1_370' title='bbox 3035 2239 3181 2293; x_wconf 89' lang='lat' dir='ltr'><strong>inter</strong></span> <span class='ocrx_word' id='word_1_371' title='bbox 3205 2254 3306 2295; x_wconf 92' lang='lat' dir='ltr'><strong>nos</strong></span> <span class='ocrx_word' id='word_1_372' title='bbox 3332 2248 3390 2294; x_wconf 90' lang='lat' dir='ltr'><strong>et</strong></span> <span class='ocrx_word' id='word_1_373' title='bbox 3421 2239 3780 2308; x_wconf 86' lang='lat' dir='ltr'><strong>charitatem,</strong></span> 
     </span>
    </p>
   </div>
   <div class='ocr_carea' id='block_1_51' title="bbox 2181 2331 3784 2405">
    <p class='ocr_par' dir='ltr' id='par_1_51' title="bbox 2181 2331 3784 2405">
     <span class='ocr_line' id='line_1_51' title="bbox 2181 2331 3784 2405; baseline 0.001 -17"><span class='ocrx_word' id='word_1_374' title='bbox 2181 2333 2476 2405; x_wconf 85' lang='lat' dir='ltr'><strong>intelliges.</strong></span> <span class='ocrx_word' id='word_1_375' title='bbox 2504 2331 2828 2388; x_wconf 87' lang='lat' dir='ltr'><strong>Paradisum</strong></span> <span class='ocrx_word' id='word_1_376' title='bbox 2842 2347 2969 2388; x_wconf 93' lang='lat' dir='ltr'><strong>cum</strong></span> <span class='ocrx_word' id='word_1_377' title='bbox 2986 2333 3213 2388; x_wconf 90' lang='lat' dir='ltr'><strong>vasculo</strong></span> <span class='ocrx_word' id='word_1_378' title='bbox 3232 2332 3578 2404; x_wconf 75' lang='lat' dir='ltr'><strong>poenitentiae</strong></span> <span class='ocrx_word' id='word_1_379' title='bbox 3597 2342 3784 2389; x_wconf 81' lang='lat' dir='ltr'><strong>trans-</strong></span> 
     </span>
    </p>
   </div>
   <div class='ocr_carea' id='block_1_52' title="bbox 2181 2422 3784 2496">
    <p class='ocr_par' dir='ltr' id='par_1_52' title="bbox 2181 2422 3784 2496">
     <span class='ocr_line' id='line_1_52' title="bbox 2181 2422 3784 2496; baseline 0.001 -18"><span class='ocrx_word' id='word_1_380' title='bbox 2181 2422 2386 2479; x_wconf 87' lang='lat' dir='ltr'><strong>fretare</strong></span> <span class='ocrx_word' id='word_1_381' title='bbox 2445 2439 2766 2494; x_wconf 91' lang='lat' dir='ltr'><strong>possumus,</strong></span> <span class='ocrx_word' id='word_1_382' title='bbox 2833 2423 3108 2480; x_wconf 82' lang='lat' dir='ltr'><strong>habentes</strong></span> <span class='ocrx_word' id='word_1_383' title='bbox 3159 2440 3262 2494; x_wconf 91' lang='lat' dir='ltr'><strong>pro</strong></span> <span class='ocrx_word' id='word_1_384' title='bbox 3321 2425 3662 2496; x_wconf 87' lang='lat' dir='ltr'><strong>remigatore</strong></span> <span class='ocrx_word' id='word_1_385' title='bbox 3703 2425 3784 2480; x_wconf 91' lang='lat' dir='ltr'><strong>ti-</strong></span> 
     </span>
    </p>
   </div>
   <div class='ocr_carea' id='block_1_53' title="bbox 2183 2515 3783 2588">
    <p class='ocr_par' dir='ltr' id='par_1_53' title="bbox 2183 2515 3783 2588">
     <span class='ocr_line' id='line_1_53' title="bbox 2183 2515 3783 2588; baseline 0.003 -20"><span class='ocrx_word' id='word_1_386' title='bbox 2183 2530 2448 2580; x_wconf 88' lang='lat' dir='ltr'><strong>morem;</strong></span> <span class='ocrx_word' id='word_1_387' title='bbox 2512 2515 2664 2586; x_wconf 92' lang='lat' dir='ltr'><strong>quod</strong></span> <span class='ocrx_word' id='word_1_388' title='bbox 2725 2515 2771 2570; x_wconf 92' lang='lat' dir='ltr'><strong>si</strong></span> <span class='ocrx_word' id='word_1_389' title='bbox 2829 2515 2922 2570; x_wconf 91' lang='lat' dir='ltr'><strong>isti</strong></span> <span class='ocrx_word' id='word_1_390' title='bbox 2973 2515 3341 2588; x_wconf 89' lang='lat' dir='ltr'><strong>remigatores</strong></span> <span class='ocrx_word' id='word_1_391' title='bbox 3389 2516 3610 2573; x_wconf 92' lang='lat' dir='ltr'><strong>timoris</strong></span> <span class='ocrx_word' id='word_1_392' title='bbox 3665 2534 3783 2573; x_wconf 88' lang='lat' dir='ltr'><strong>non</strong></span> 
     </span>
    </p>
   </div>
   <div class='ocr_carea' id='block_1_54' title="bbox 2183 2608 3784 2681">
    <p class='ocr_par' dir='ltr' id='par_1_54' title="bbox 2183 2608 3784 2681">
     <span class='ocr_line' id='line_1_54' title="bbox 2183 2608 3784 2681; baseline 0.002 -18"><span class='ocrx_word' id='word_1_393' title='bbox 2183 2609 2495 2679; x_wconf 88' lang='lat' dir='ltr'><strong>gubernant</strong></span> <span class='ocrx_word' id='word_1_394' title='bbox 2522 2609 2665 2664; x_wconf 90' lang='lat' dir='ltr'><strong>hanc</strong></span> <span class='ocrx_word' id='word_1_395' title='bbox 2690 2624 2888 2665; x_wconf 90' lang='lat' dir='ltr'><strong>navem</strong></span> <span class='ocrx_word' id='word_1_396' title='bbox 2918 2608 3261 2679; x_wconf 58' lang='lat' dir='ltr'><strong>poenitentiae</strong></span> <span class='ocrx_word' id='word_1_397' title='bbox 3289 2626 3415 2666; x_wconf 90' lang='lat' dir='ltr'><strong>cum</strong></span> <span class='ocrx_word' id='word_1_398' title='bbox 3455 2626 3564 2681; x_wconf 92' lang='lat' dir='ltr'><strong>qua</strong></span> <span class='ocrx_word' id='word_1_399' title='bbox 3595 2619 3784 2666; x_wconf 88' lang='lat' dir='ltr'><strong>trans-</strong></span> 
     </span>
    </p>
   </div>
   <div class='ocr_carea' id='block_1_55' title="bbox 2186 2701 3786 2774">
    <p class='ocr_par' dir='ltr' id='par_1_55' title="bbox 2186 2701 3786 2774">
     <span class='ocr_line' id='line_1_55' title="bbox 2186 2701 3786 2774; baseline 0.002 -19"><span class='ocrx_word' id='word_1_400' title='bbox 2186 2701 2332 2756; x_wconf 90' lang='lat' dir='ltr'><strong>imus</strong></span> <span class='ocrx_word' id='word_1_401' title='bbox 2375 2716 2527 2756; x_wconf 89' lang='lat' dir='ltr'><strong>mare</strong></span> <span class='ocrx_word' id='word_1_402' title='bbox 2567 2701 2734 2774; x_wconf 91' lang='lat' dir='ltr'><strong>hujus</strong></span> <span class='ocrx_word' id='word_1_403' title='bbox 2781 2701 2973 2757; x_wconf 89' lang='lat' dir='ltr'><strong>mundi</strong></span> <span class='ocrx_word' id='word_1_404' title='bbox 3016 2702 3086 2758; x_wconf 94' lang='lat' dir='ltr'><strong>ad</strong></span> <span class='ocrx_word' id='word_1_405' title='bbox 3118 2702 3337 2769; x_wconf 62' lang='lat' dir='ltr'><strong>Deum,</strong></span> <span class='ocrx_word' id='word_1_406' title='bbox 3367 2703 3786 2774; x_wconf 88' lang='lat' dir='ltr'><strong>submergimur</strong></span> 
     </span>
    </p>
   </div>
   <div class='ocr_carea' id='block_1_56' title="bbox 2185 2793 3785 2862">
    <p class='ocr_par' dir='ltr' id='par_1_56' title="bbox 2185 2793 3785 2862">
     <span class='ocr_line' id='line_1_56' title="bbox 2185 2793 3785 2862; baseline 0.001 -12"><span class='ocrx_word' id='word_1_407' title='bbox 2185 2795 2242 2850; x_wconf 90' lang='lat' dir='ltr'><strong>in</strong></span> <span class='ocrx_word' id='word_1_408' title='bbox 2283 2793 2458 2850; x_wconf 87' lang='lat' dir='ltr'><strong>fetido</strong></span> <span class='ocrx_word' id='word_1_409' title='bbox 2497 2795 2658 2850; x_wconf 82' lang='lat' dir='ltr'><strong>mari.</strong></span> <span class='ocrx_word' id='word_1_410' title='bbox 2699 2795 3035 2850; x_wconf 74' lang='lat' dir='ltr'><strong>Ptenitentia</strong></span> <span class='ocrx_word' id='word_1_411' title='bbox 3080 2801 3167 2852; x_wconf 89' lang='lat' dir='ltr'><strong>est</strong></span> <span class='ocrx_word' id='word_1_412' title='bbox 3214 2796 3394 2862; x_wconf 89' lang='lat' dir='ltr'><strong>navis,</strong></span> <span class='ocrx_word' id='word_1_413' title='bbox 3436 2797 3602 2852; x_wconf 92' lang='lat' dir='ltr'><strong>timor</strong></span> <span class='ocrx_word' id='word_1_414' title='bbox 3645 2812 3785 2852; x_wconf 89' lang='lat' dir='ltr'><strong>vero</strong></span> 
     </span>
    </p>
   </div>
   <div class='ocr_carea' id='block_1_57' title="bbox 2187 2886 3786 2959">
    <p class='ocr_par' dir='ltr' id='par_1_57' title="bbox 2187 2886 3786 2959">
     <span class='ocr_line' id='line_1_57' title="bbox 2187 2886 3786 2959; baseline 0.001 -18"><span class='ocrx_word' id='word_1_415' title='bbox 2187 2887 2528 2959; x_wconf 89' lang='lat' dir='ltr'><strong>gubernator</strong></span> <span class='ocrx_word' id='word_1_416' title='bbox 2575 2887 2720 2958; x_wconf 91' lang='lat' dir='ltr'><strong>ejus,</strong></span> <span class='ocrx_word' id='word_1_417' title='bbox 2767 2886 3012 2943; x_wconf 90' lang='lat' dir='ltr'><strong>charitas</strong></span> <span class='ocrx_word' id='word_1_418' title='bbox 3055 2897 3253 2958; x_wconf 89' lang='lat' dir='ltr'><strong>portus</strong></span> <span class='ocrx_word' id='word_1_419' title='bbox 3305 2886 3532 2943; x_wconf 87' lang='lat' dir='ltr'><strong>divinus</strong></span> <span class='ocrx_word' id='word_1_420' title='bbox 3570 2906 3584 2942; x_wconf 92' lang='lat'>:</span> <span class='ocrx_word' id='word_1_421' title='bbox 3646 2887 3786 2946; x_wconf 85' lang='lat' dir='ltr'><strong>facit</strong></span> 
     </span>
    </p>
   </div>
   <div class='ocr_carea' id='block_1_58' title="bbox 2185 2977 3786 3051">
    <p class='ocr_par' dir='ltr' id='par_1_58' title="bbox 2185 2977 3786 3051">
     <span class='ocr_line' id='line_1_58' title="bbox 2185 2977 3786 3051; baseline -0.001 -16"><span class='ocrx_word' id='word_1_422' title='bbox 2185 2994 2318 3051; x_wconf 87' lang='lat' dir='ltr'><strong>ergo</strong></span> <span class='ocrx_word' id='word_1_423' title='bbox 2379 2978 2547 3034; x_wconf 90' lang='lat' dir='ltr'><strong>timor</strong></span> <span class='ocrx_word' id='word_1_424' title='bbox 2599 2993 2704 3032; x_wconf 92' lang='lat' dir='ltr'><strong>nos</strong></span> <span class='ocrx_word' id='word_1_425' title='bbox 2751 2978 2946 3034; x_wconf 89' lang='lat' dir='ltr'><strong>sedere</strong></span> <span class='ocrx_word' id='word_1_426' title='bbox 2995 2977 3053 3033; x_wconf 92' lang='lat' dir='ltr'><strong>in</strong></span> <span class='ocrx_word' id='word_1_427' title='bbox 3109 2978 3238 3033; x_wconf 89' lang='lat' dir='ltr'><strong>navi</strong></span> <span class='ocrx_word' id='word_1_428' title='bbox 3289 2979 3676 3048; x_wconf 66' lang='lat' dir='ltr'><strong>poenitentiae,</strong></span> <span class='ocrx_word' id='word_1_429' title='bbox 3722 2988 3786 3035; x_wconf 94' lang='lat' dir='ltr'><strong>et</strong></span> 
     </span>
    </p>
   </div>
   <div class='ocr_carea' id='block_1_59' title="bbox 2189 3069 3785 3142">
    <p class='ocr_par' dir='ltr' id='par_1_59' title="bbox 2189 3069 3785 3142">
     <span class='ocr_line' id='line_1_59' title="bbox 2189 3069 3785 3142; baseline 0 -15"><span class='ocrx_word' id='word_1_430' title='bbox 2189 3071 2509 3127; x_wconf 85' lang='lat' dir='ltr'><strong>transfretat</strong></span> <span class='ocrx_word' id='word_1_431' title='bbox 2551 3085 2656 3126; x_wconf 91' lang='lat' dir='ltr'><strong>nos</strong></span> <span class='ocrx_word' id='word_1_432' title='bbox 2685 3085 2837 3124; x_wconf 90' lang='lat' dir='ltr'><strong>mare</strong></span> <span class='ocrx_word' id='word_1_433' title='bbox 2867 3069 3060 3125; x_wconf 90' lang='lat' dir='ltr'><strong>mundi</strong></span> <span class='ocrx_word' id='word_1_434' title='bbox 3084 3069 3340 3137; x_wconf 83' lang='lat' dir='ltr'><strong>fetidum,</strong></span> <span class='ocrx_word' id='word_1_435' title='bbox 3377 3079 3436 3126; x_wconf 92' lang='lat' dir='ltr'><strong>et</strong></span> <span class='ocrx_word' id='word_1_436' title='bbox 3458 3070 3528 3126; x_wconf 91' lang='lat' dir='ltr'><strong>ad</strong></span> <span class='ocrx_word' id='word_1_437' title='bbox 3558 3081 3785 3142; x_wconf 84' lang='lat' dir='ltr'><strong>portum</strong></span> 
     </span>
    </p>
   </div>
   <div class='ocr_carea' id='block_1_60' title="bbox 2188 3162 3785 3236">
    <p class='ocr_par' dir='ltr' id='par_1_60' title="bbox 2188 3162 3785 3236">
     <span class='ocr_line' id='line_1_60' title="bbox 2188 3162 3785 3236; baseline 0.001 -17"><span class='ocrx_word' id='word_1_438' title='bbox 2188 3163 2443 3219; x_wconf 91' lang='lat' dir='ltr'><strong>divinum</strong></span> <span class='ocrx_word' id='word_1_439' title='bbox 2481 3162 2576 3234; x_wconf 90' lang='lat' dir='ltr'><strong>qui</strong></span> <span class='ocrx_word' id='word_1_440' title='bbox 2604 3169 2692 3236; x_wconf 88' lang='lat' dir='ltr'><strong>est</strong></span> <span class='ocrx_word' id='word_1_441' title='bbox 2731 3162 2998 3228; x_wconf 88' lang='lat' dir='ltr'><strong>charitas,</strong></span> <span class='ocrx_word' id='word_1_442' title='bbox 3047 3163 3306 3234; x_wconf 90' lang='lat' dir='ltr'><strong>perducit</strong></span> <span class='ocrx_word' id='word_1_443' title='bbox 3351 3180 3477 3230; x_wconf 90' lang='lat' dir='ltr'><strong>nos,</strong></span> <span class='ocrx_word' id='word_1_444' title='bbox 3523 3165 3592 3220; x_wconf 92' lang='lat' dir='ltr'><strong>ad</strong></span> <span class='ocrx_word' id='word_1_445' title='bbox 3617 3181 3785 3235; x_wconf 86' lang='lat' dir='ltr'><strong>quem</strong></span> 
     </span>
    </p>
   </div>
   <div class='ocr_carea' id='block_1_61' title="bbox 493 3255 3786 3331">
    <p class='ocr_par' dir='ltr' id='par_1_61' title="bbox 493 3255 3786 3331">
     <span class='ocr_line' id='line_1_61' title="bbox 493 3255 3786 3331; baseline 0 -18"><span class='ocrx_word' id='word_1_446' title='bbox 493 3256 738 3330; x_wconf 86' lang='lat' dir='ltr'><strong>gustavit</strong></span> <span class='ocrx_word' id='word_1_447' title='bbox 785 3255 848 3311; x_wconf 88' lang='lat' dir='ltr'><strong>in</strong></span> <span class='ocrx_word' id='word_1_448' title='bbox 893 3255 1103 3326; x_wconf 87' lang='lat' dir='ltr'><strong>lignum</strong></span> <span class='ocrx_word' id='word_1_449' title='bbox 1136 3255 1282 3313; x_wconf 84' lang='lat' dir='ltr'><strong>vitae.</strong></span> <span class='ocrx_word' id='word_1_450' title='bbox 1330 3256 1587 3312; x_wconf 88' lang='lat' dir='ltr'><strong>clamavit</strong></span> <span class='ocrx_word' id='word_1_451' title='bbox 1627 3256 2086 3313; x_wconf 84' lang='lat' dir='ltr'><strong>dicens:0culus</strong></span> <span class='ocrx_word' id='word_1_452' title='bbox 2113 3271 2156 3331; x_wconf 73' lang='grc' dir='ltr'>ο</span> <span class='ocrx_word' id='word_1_453' title='bbox 2189 3255 2500 3326; x_wconf 88' lang='lat' dir='ltr'><strong>respiciunt</strong></span> <span class='ocrx_word' id='word_1_454' title='bbox 2547 3270 2740 3311; x_wconf 83' lang='lat' dir='ltr'><strong>omnes</strong></span> <span class='ocrx_word' id='word_1_455' title='bbox 2787 3255 2886 3324; x_wconf 85' lang='lat' dir='ltr'><strong>qui</strong></span> <span class='ocrx_word' id='word_1_456' title='bbox 2933 3255 3190 3310; x_wconf 86' lang='lat' dir='ltr'><strong>laborant</strong></span> <span class='ocrx_word' id='word_1_457' title='bbox 3221 3264 3280 3312; x_wconf 90' lang='lat' dir='ltr'><strong>et</strong></span> <span class='ocrx_word' id='word_1_458' title='bbox 3327 3257 3670 3313; x_wconf 87' lang='lat' dir='ltr'><strong>tribulantur</strong></span> <span class='ocrx_word' id='word_1_459' title='bbox 3725 3258 3786 3313; x_wconf 85' lang='lat' dir='ltr'><strong>in</strong></span> 
     </span>
    </p>
   </div>
   <div class='ocr_carea' id='block_1_62' title="bbox 494 3347 2087 3416">
    <p class='ocr_par' dir='ltr' id='par_1_62' title="bbox 494 3347 2087 3416">
     <span class='ocr_line' id='line_1_62' title="bbox 494 3347 2087 3416; baseline 0.001 -13"><span class='ocrx_word' id='word_1_460' title='bbox 494 3365 600 3403; x_wconf 84' lang='lat' dir='ltr'><strong>non</strong></span> <span class='ocrx_word' id='word_1_461' title='bbox 659 3347 813 3416; x_wconf 80' lang='lat' dir='ltr'><strong>uidit,</strong></span> <span class='ocrx_word' id='word_1_462' title='bbox 869 3362 964 3401; x_wconf 87' lang='lat' dir='ltr'><strong>nec</strong></span> <span class='ocrx_word' id='word_1_463' title='bbox 1007 3347 1157 3401; x_wconf 81' lang='lat' dir='ltr'><strong>auris</strong></span> <span class='ocrx_word' id='word_1_464' title='bbox 1203 3347 1426 3412; x_wconf 82' lang='lat' dir='ltr'><strong>audivit,</strong></span> <span class='ocrx_word' id='word_1_465' title='bbox 1482 3363 1576 3400; x_wconf 88' lang='lat' dir='ltr'><strong>nec</strong></span> <span class='ocrx_word' id='word_1_466' title='bbox 1629 3349 1685 3401; x_wconf 86' lang='lat' dir='ltr'><strong>in</strong></span> <span class='ocrx_word' id='word_1_467' title='bbox 1730 3364 1822 3402; x_wconf 87' lang='lat' dir='ltr'><strong>cor</strong></span> <span class='ocrx_word' id='word_1_468' title='bbox 1860 3349 2087 3404; x_wconf 83' lang='lat' dir='ltr'><strong>hominis</strong></span> 
     </span>
    </p>
   </div>
   <div class='ocr_carea' id='block_1_63' title="bbox 491 3442 2013 3515">
    <p class='ocr_par' dir='ltr' id='par_1_63' title="bbox 491 3442 2013 3515">
     <span class='ocr_line' id='line_1_63' title="bbox 491 3442 2013 3515; baseline -0.003 -12"><span class='ocrx_word' id='word_1_469' title='bbox 491 3446 731 3503; x_wconf 75' lang='lat' dir='ltr'><strong>ascendit</strong></span> <span class='ocrx_word' id='word_1_470' title='bbox 779 3461 898 3504; x_wconf 66' lang='lat' dir='ltr'><strong>aute</strong></span> <span class='ocrx_word' id='word_1_471' title='bbox 943 3445 1267 3515; x_wconf 71' lang='lat' dir='ltr'><strong>praeparavit</strong></span> <span class='ocrx_word' id='word_1_472' title='bbox 1313 3442 1454 3498; x_wconf 88' lang='lat' dir='ltr'><strong>Deus</strong></span> <span class='ocrx_word' id='word_1_473' title='bbox 1483 3443 1825 3512; x_wconf 77' lang='lat' dir='ltr'><strong>diligentibus</strong></span> <span class='ocrx_word' id='word_1_474' title='bbox 1857 3460 1914 3499; x_wconf 87' lang='lat' dir='ltr'><strong>se</strong></span> <span class='ocrx_word' id='word_1_475' title='bbox 1945 3444 2013 3498; x_wconf 78' lang='grc'><strong>⁸⁸.</strong></span> 
     </span>
    </p>
   </div>
   <div class='ocr_carea' id='block_1_64' title="bbox 565 3535 2089 3607">
    <p class='ocr_par' dir='ltr' id='par_1_64' title="bbox 565 3535 2089 3607">
     <span class='ocr_line' id='line_1_64' title="bbox 565 3535 2089 3607; baseline 0 -15"><span class='ocrx_word' id='word_1_476' title='bbox 565 3537 642 3592; x_wconf 89' lang='lat' dir='ltr'><strong>De</strong></span> <span class='ocrx_word' id='word_1_477' title='bbox 683 3537 793 3593; x_wconf 90' lang='lat' dir='ltr'><strong>hoc</strong></span> <span class='ocrx_word' id='word_1_478' title='bbox 849 3536 998 3592; x_wconf 88' lang='lat' dir='ltr'><strong>bono</strong></span> <span class='ocrx_word' id='word_1_479' title='bbox 1037 3535 1144 3592; x_wconf 89' lang='lat' dir='ltr'><strong>fuit</strong></span> <span class='ocrx_word' id='word_1_480' title='bbox 1187 3535 1506 3607; x_wconf 89' lang='lat' dir='ltr'><strong>prohibitus</strong></span> <span class='ocrx_word' id='word_1_481' title='bbox 1551 3537 1747 3603; x_wconf 86' lang='lat' dir='ltr'><strong>Adam,</strong></span> <span class='ocrx_word' id='word_1_482' title='bbox 1793 3551 1904 3592; x_wconf 88' lang='lat' dir='ltr'><strong>non</strong></span> <span class='ocrx_word' id='word_1_483' title='bbox 1956 3551 2089 3593; x_wconf 92' lang='lat' dir='ltr'><strong>con-</strong></span> 
     </span>
    </p>
   </div>
   <div class='ocr_carea' id='block_1_65' title="bbox 493 3628 2084 3700">
    <p class='ocr_par' dir='ltr' id='par_1_65' title="bbox 493 3628 2084 3700">
     <span class='ocr_line' id='line_1_65' title="bbox 493 3628 2084 3700; baseline -0.002 -14"><span class='ocrx_word' id='word_1_484' title='bbox 493 3629 681 3686; x_wconf 88' lang='lat' dir='ltr'><strong>silium</strong></span> <span class='ocrx_word' id='word_1_485' title='bbox 728 3628 958 3686; x_wconf 87' lang='lat' dir='ltr'><strong>diaboli.</strong></span> <span class='ocrx_word' id='word_1_486' title='bbox 999 3629 1237 3700; x_wconf 85' lang='lat' dir='ltr'><strong>Lignum</strong></span> <span class='ocrx_word' id='word_1_487' title='bbox 1283 3629 1412 3684; x_wconf 61' lang='lat' dir='ltr'><strong>vitae</strong></span> <span class='ocrx_word' id='word_1_488' title='bbox 1455 3639 1542 3685; x_wconf 90' lang='lat' dir='ltr'><strong>est</strong></span> <span class='ocrx_word' id='word_1_489' title='bbox 1588 3629 1832 3685; x_wconf 89' lang='lat' dir='ltr'><strong>charitas</strong></span> <span class='ocrx_word' id='word_1_490' title='bbox 1867 3645 1935 3685; x_wconf 85' lang='lat' dir='ltr'><strong>ex</strong></span> <span class='ocrx_word' id='word_1_491' title='bbox 1977 3645 2084 3700; x_wconf 89' lang='lat' dir='ltr'><strong>qua</strong></span> 
     </span>
    </p>
   </div>
   <div class='ocr_carea' id='block_1_66' title="bbox 492 3721 2088 3794">
    <p class='ocr_par' dir='ltr' id='par_1_66' title="bbox 492 3721 2088 3794">
     <span class='ocr_line' id='line_1_66' title="bbox 492 3721 2088 3794; baseline -0.001 -15"><span class='ocrx_word' id='word_1_492' title='bbox 492 3723 704 3780; x_wconf 71' lang='lat' dir='ltr'><strong>excidit</strong></span> <span class='ocrx_word' id='word_1_493' title='bbox 756 3723 956 3790; x_wconf 86' lang='lat' dir='ltr'><strong>Adam,</strong></span> <span class='ocrx_word' id='word_1_494' title='bbox 1004 3730 1062 3778; x_wconf 89' lang='lat' dir='ltr'><strong>et</strong></span> <span class='ocrx_word' id='word_1_495' title='bbox 1090 3722 1328 3778; x_wconf 89' lang='lat' dir='ltr'><strong>ulterius</strong></span> <span class='ocrx_word' id='word_1_496' title='bbox 1364 3738 1477 3778; x_wconf 87' lang='lat' dir='ltr'><strong>non</strong></span> <span class='ocrx_word' id='word_1_497' title='bbox 1503 3722 1752 3778; x_wconf 90' lang='lat' dir='ltr'><strong>occurrit</strong></span> <span class='ocrx_word' id='word_1_498' title='bbox 1801 3721 1908 3777; x_wconf 89' lang='lat' dir='ltr'><strong>sibi</strong></span> <span class='ocrx_word' id='word_1_499' title='bbox 1953 3737 2088 3794; x_wconf 86' lang='lat' dir='ltr'><strong>gau-</strong></span> 
     </span>
    </p>
   </div>
   <div class='ocr_carea' id='block_1_67' title="bbox 493 3817 2083 3889">
    <p class='ocr_par' dir='ltr' id='par_1_67' title="bbox 493 3817 2083 3889">
     <span class='ocr_line' id='line_1_67' title="bbox 493 3817 2083 3889; baseline -0.003 -14"><span class='ocrx_word' id='word_1_500' title='bbox 493 3819 672 3884; x_wconf 89' lang='lat' dir='ltr'><strong>dium,</strong></span> <span class='ocrx_word' id='word_1_501' title='bbox 716 3819 815 3875; x_wconf 91' lang='lat' dir='ltr'><strong>sed</strong></span> <span class='ocrx_word' id='word_1_502' title='bbox 853 3819 909 3873; x_wconf 90' lang='lat' dir='ltr'><strong>in</strong></span> <span class='ocrx_word' id='word_1_503' title='bbox 969 3825 1116 3874; x_wconf 89' lang='lat' dir='ltr'><strong>terra</strong></span> <span class='ocrx_word' id='word_1_504' title='bbox 1145 3821 1432 3889; x_wconf 89' lang='lat' dir='ltr'><strong>spinarum</strong></span> <span class='ocrx_word' id='word_1_505' title='bbox 1461 3825 1724 3889; x_wconf 85' lang='lat' dir='ltr'><strong>operatur</strong></span> <span class='ocrx_word' id='word_1_506' title='bbox 1757 3825 1814 3873; x_wconf 88' lang='lat' dir='ltr'><strong>et</strong></span> <span class='ocrx_word' id='word_1_507' title='bbox 1848 3817 2083 3872; x_wconf 87' lang='lat' dir='ltr'><strong>laborat.</strong></span> 
     </span>
    </p>
   </div>
   <div class='ocr_carea' id='block_1_68' title="bbox 491 3909 2087 3981">
    <p class='ocr_par' dir='ltr' id='par_1_68' title="bbox 491 3909 2087 3981">
     <span class='ocr_line' id='line_1_68' title="bbox 491 3909 2087 3981; baseline -0.003 -13"><span class='ocrx_word' id='word_1_508' title='bbox 491 3913 598 3979; x_wconf 89' lang='lat' dir='ltr'><strong>Qui</strong></span> <span class='ocrx_word' id='word_1_509' title='bbox 641 3913 711 3968; x_wconf 89' lang='lat' dir='ltr'><strong>de</strong></span> <span class='ocrx_word' id='word_1_510' title='bbox 733 3911 1006 3967; x_wconf 88' lang='lat' dir='ltr'><strong>charitate</strong></span> <span class='ocrx_word' id='word_1_511' title='bbox 1048 3910 1148 3967; x_wconf 90' lang='lat' dir='ltr'><strong>Dei</strong></span> <span class='ocrx_word' id='word_1_512' title='bbox 1175 3910 1413 3981; x_wconf 89' lang='lat' dir='ltr'><strong>separati</strong></span> <span class='ocrx_word' id='word_1_513' title='bbox 1447 3918 1596 3976; x_wconf 89' lang='lat' dir='ltr'><strong>sunt,</strong></span> <span class='ocrx_word' id='word_1_514' title='bbox 1635 3924 1836 3980; x_wconf 88' lang='lat' dir='ltr'><strong>panem</strong></span> <span class='ocrx_word' id='word_1_515' title='bbox 1865 3909 2087 3964; x_wconf 88' lang='lat' dir='ltr'><strong>sudoris</strong></span> 
     </span>
    </p>
   </div>
   <div class='ocr_carea' id='block_1_69' title="bbox 478 4001 2087 4072">
    <p class='ocr_par' dir='ltr' id='par_1_69' title="bbox 478 4001 2087 4072">
     <span class='ocr_line' id='line_1_69' title="bbox 478 4001 2087 4072; baseline -0.001 -15"><span class='ocrx_word' id='word_1_516' title='bbox 478 4003 800 4059; x_wconf 74' lang='lat' dir='ltr'><strong>comedunt</strong></span> <span class='ocrx_word' id='word_1_517' title='bbox 849 4003 908 4058; x_wconf 93' lang='lat' dir='ltr'><strong>in</strong></span> <span class='ocrx_word' id='word_1_518' title='bbox 954 4002 1218 4072; x_wconf 87' lang='lat' dir='ltr'><strong>operibus</strong></span> <span class='ocrx_word' id='word_1_519' title='bbox 1275 4001 1411 4065; x_wconf 90' lang='lat' dir='ltr'><strong>suis.</strong></span> <span class='ocrx_word' id='word_1_520' title='bbox 1449 4016 1767 4072; x_wconf 87' lang='lat' dir='ltr'><strong>quanquam</strong></span> <span class='ocrx_word' id='word_1_521' title='bbox 1817 4001 1874 4056; x_wconf 91' lang='lat' dir='ltr'><strong>in</strong></span> <span class='ocrx_word' id='word_1_522' title='bbox 1921 4002 2087 4057; x_wconf 88' lang='lat' dir='ltr'><strong>recti-</strong></span> 
     </span>
    </p>
   </div>
   <div class='ocr_carea' id='block_1_70' title="bbox 491 4093 2088 4167">
    <p class='ocr_par' dir='ltr' id='par_1_70' title="bbox 491 4093 2088 4167">
     <span class='ocr_line' id='line_1_70' title="bbox 491 4093 2088 4167; baseline -0.001 -16"><span class='ocrx_word' id='word_1_523' title='bbox 491 4095 688 4151; x_wconf 82' lang='lat' dir='ltr'><strong>tudine</strong></span> <span class='ocrx_word' id='word_1_524' title='bbox 741 4095 851 4167; x_wconf 81' lang='lat'><strong>30</strong></span> <span class='ocrx_word' id='word_1_525' title='bbox 880 4095 1185 4158; x_wconf 90' lang='lat' dir='ltr'><strong>ambulent,</strong></span> <span class='ocrx_word' id='word_1_526' title='bbox 1223 4110 1388 4165; x_wconf 88' lang='lat' dir='ltr'><strong>quem</strong></span> <span class='ocrx_word' id='word_1_527' title='bbox 1419 4093 1794 4164; x_wconf 89' lang='lat' dir='ltr'><strong>protoplastus</strong></span> <span class='ocrx_word' id='word_1_528' title='bbox 1821 4093 1973 4150; x_wconf 82' lang='lat' dir='ltr'><strong>visus</strong></span> <span class='ocrx_word' id='word_1_529' title='bbox 2003 4103 2088 4149; x_wconf 91' lang='lat' dir='ltr'><strong>est</strong></span> 
     </span>
    </p>
   </div>
   <div class='ocr_carea' id='block_1_71' title="bbox 492 4186 2086 4261">
    <p class='ocr_par' dir='ltr' id='par_1_71' title="bbox 492 4186 2086 4261">
     <span class='ocr_line' id='line_1_71' title="bbox 492 4186 2086 4261; baseline -0.001 -18"><span class='ocrx_word' id='word_1_530' title='bbox 492 4188 786 4245; x_wconf 76' lang='lat' dir='ltr'><strong>mmedere</strong></span> <span class='ocrx_word' id='word_1_531' title='bbox 834 4197 959 4261; x_wconf 92' lang='lat' dir='ltr'><strong>post</strong></span> <span class='ocrx_word' id='word_1_532' title='bbox 983 4202 1266 4244; x_wconf 80' lang='lat' dir='ltr'><strong>occasum.</strong></span> <span class='ocrx_word' id='word_1_533' title='bbox 1299 4188 1487 4243; x_wconf 91' lang='lat' dir='ltr'><strong>Donec</strong></span> <span class='ocrx_word' id='word_1_534' title='bbox 1523 4187 1871 4243; x_wconf 86' lang='lat' dir='ltr'><strong>inveniamus</strong></span> <span class='ocrx_word' id='word_1_535' title='bbox 1903 4186 2086 4242; x_wconf 84' lang='lat' dir='ltr'><strong>chari-</strong></span> 
     </span>
    </p>
   </div>
   <div class='ocr_carea' id='block_1_72' title="bbox 494 4279 2087 4350">
    <p class='ocr_par' dir='ltr' id='par_1_72' title="bbox 494 4279 2087 4350">
     <span class='ocr_line' id='line_1_72' title="bbox 494 4279 2087 4350; baseline -0.003 -13"><span class='ocrx_word' id='word_1_536' title='bbox 494 4294 687 4349; x_wconf 86' lang='lat' dir='ltr'><strong>tatem,</strong></span> <span class='ocrx_word' id='word_1_537' title='bbox 728 4283 796 4338; x_wconf 85' lang='lat' dir='ltr'><strong>in</strong></span> <span class='ocrx_word' id='word_1_538' title='bbox 829 4290 977 4337; x_wconf 88' lang='lat' dir='ltr'><strong>terra</strong></span> <span class='ocrx_word' id='word_1_539' title='bbox 1021 4280 1307 4350; x_wconf 88' lang='lat' dir='ltr'><strong>spinarum</strong></span> <span class='ocrx_word' id='word_1_540' title='bbox 1356 4288 1444 4335; x_wconf 91' lang='lat' dir='ltr'><strong>est</strong></span> <span class='ocrx_word' id='word_1_541' title='bbox 1496 4279 1749 4350; x_wconf 87' lang='lat' dir='ltr'><strong>operatio</strong></span> <span class='ocrx_word' id='word_1_542' title='bbox 1788 4286 1978 4334; x_wconf 91' lang='lat' dir='ltr'><strong>nostra</strong></span> <span class='ocrx_word' id='word_1_543' title='bbox 2030 4287 2087 4333; x_wconf 90' lang='lat' dir='ltr'><strong>et</strong></span> 
     </span>
    </p>
   </div>
   <div class='ocr_carea' id='block_1_73' title="bbox 461 4370 2085 4446">
    <p class='ocr_par' dir='ltr' id='par_1_73' title="bbox 461 4370 2085 4446">
     <span class='ocr_line' id='line_1_73' title="bbox 461 4370 2085 4446; baseline -0.001 -18"><span class='ocrx_word' id='word_1_544' title='bbox 461 4370 468 4427; x_wconf 61' lang='grc' dir='ltr'><em>θ</em></span> <span class='ocrx_word' id='word_1_545' title='bbox 497 4376 645 4431; x_wconf 90' lang='lat' dir='ltr'><strong>inter</strong></span> <span class='ocrx_word' id='word_1_546' title='bbox 693 4374 881 4446; x_wconf 84' lang='lat' dir='ltr'><strong>spinas</strong></span> <span class='ocrx_word' id='word_1_547' title='bbox 921 4371 1260 4429; x_wconf 89' lang='lat' dir='ltr'><strong>seminamus</strong></span> <span class='ocrx_word' id='word_1_548' title='bbox 1312 4381 1370 4427; x_wconf 87' lang='lat' dir='ltr'><strong>et</strong></span> <span class='ocrx_word' id='word_1_549' title='bbox 1403 4371 1689 4437; x_wconf 90' lang='lat' dir='ltr'><strong>metimus,</strong></span> <span class='ocrx_word' id='word_1_550' title='bbox 1716 4371 1970 4442; x_wconf 83' lang='lat' dir='ltr'><strong>quamvis</strong></span> <span class='ocrx_word' id='word_1_551' title='bbox 1994 4385 2085 4426; x_wconf 87' lang='lat' dir='ltr'><strong>se-</strong></span> 
     </span>
    </p>
   </div>
   <div class='ocr_carea' id='block_1_74' title="bbox 395 4447 2084 4532">
    <p class='ocr_par' dir='ltr' id='par_1_74' title="bbox 395 4447 2084 4532">
     <span class='ocr_line' id='line_1_74' title="bbox 395 4447 2084 4532; baseline -0.002 -10"><span class='ocrx_word' id='word_1_552' title='bbox 395 4447 400 4452; x_wconf 21' lang='lat'>.</span> <span class='ocrx_word' id='word_1_553' title='bbox 495 4477 628 4522; x_wconf 84' lang='lat' dir='ltr'><strong>men</strong></span> <span class='ocrx_word' id='word_1_554' title='bbox 659 4473 911 4521; x_wconf 90' lang='lat' dir='ltr'><strong>nostrum</strong></span> <span class='ocrx_word' id='word_1_555' title='bbox 943 4462 1048 4518; x_wconf 85' lang='lat' dir='ltr'><strong>fuit</strong></span> <span class='ocrx_word' id='word_1_556' title='bbox 1073 4477 1260 4518; x_wconf 89' lang='lat' dir='ltr'><strong>semen</strong></span> <span class='ocrx_word' id='word_1_557' title='bbox 1300 4461 1549 4532; x_wconf 68' lang='lat' dir='ltr'><strong>iustitiae,</strong></span> <span class='ocrx_word' id='word_1_558' title='bbox 1581 4471 1638 4518; x_wconf 91' lang='lat' dir='ltr'><strong>et</strong></span> <span class='ocrx_word' id='word_1_559' title='bbox 1670 4463 1727 4516; x_wconf 90' lang='lat' dir='ltr'><strong>in</strong></span> <span class='ocrx_word' id='word_1_560' title='bbox 1757 4461 1909 4517; x_wconf 92' lang='lat' dir='ltr'><strong>omni</strong></span> <span class='ocrx_word' id='word_1_561' title='bbox 1949 4461 2084 4518; x_wconf 84' lang='lat' dir='ltr'><strong>hora</strong></span> 
     </span>
    </p>
   </div>
   <div class='ocr_carea' id='block_1_75' title="bbox 495 4554 2086 4632">
    <p class='ocr_par' dir='ltr' id='par_1_75' title="bbox 495 4554 2086 4632">
     <span class='ocr_line' id='line_1_75' title="bbox 495 4554 2086 4632; baseline -0.003 -17"><span class='ocrx_word' id='word_1_562' title='bbox 495 4560 801 4632; x_wconf 84' lang='lat' dir='ltr'><strong>pungimur</strong></span> <span class='ocrx_word' id='word_1_563' title='bbox 851 4557 923 4612; x_wconf 88' lang='lat' dir='ltr'><strong>ab</strong></span> <span class='ocrx_word' id='word_1_564' title='bbox 968 4556 1086 4623; x_wconf 89' lang='lat' dir='ltr'><strong>eis;</strong></span> <span class='ocrx_word' id='word_1_565' title='bbox 1153 4564 1210 4612; x_wconf 90' lang='lat' dir='ltr'><strong>et</strong></span> <span class='ocrx_word' id='word_1_566' title='bbox 1267 4564 1762 4626; x_wconf 90' lang='lat' dir='ltr'><strong>quantumcunque</strong></span> <span class='ocrx_word' id='word_1_567' title='bbox 1818 4554 2086 4627; x_wconf 80' lang='lat' dir='ltr'><strong>juStilice-</strong></span> 
     </span>
    </p>
   </div>
   <div class='ocr_carea' id='block_1_76' title="bbox 493 4647 2084 4718">
    <p class='ocr_par' dir='ltr' id='par_1_76' title="bbox 493 4647 2084 4718">
     <span class='ocr_line' id='line_1_76' title="bbox 493 4647 2084 4718; baseline -0.003 -12"><span class='ocrx_word' id='word_1_568' title='bbox 493 4667 644 4716; x_wconf 92' lang='lat' dir='ltr'><strong>mur,</strong></span> <span class='ocrx_word' id='word_1_569' title='bbox 683 4650 740 4705; x_wconf 91' lang='lat' dir='ltr'><strong>in</strong></span> <span class='ocrx_word' id='word_1_570' title='bbox 787 4649 992 4705; x_wconf 87' lang='lat' dir='ltr'><strong>sudore</strong></span> <span class='ocrx_word' id='word_1_571' title='bbox 1022 4647 1263 4704; x_wconf 88' lang='lat' dir='ltr'><strong>vivimus</strong></span> <span class='ocrx_word' id='word_1_572' title='bbox 1291 4648 1479 4703; x_wconf 89' lang='lat' dir='ltr'><strong>vultus</strong></span> <span class='ocrx_word' id='word_1_573' title='bbox 1525 4647 1743 4713; x_wconf 89' lang='lat' dir='ltr'><strong>nostri;</strong></span> <span class='ocrx_word' id='word_1_574' title='bbox 1774 4655 1831 4702; x_wconf 89' lang='lat' dir='ltr'><strong>et</strong></span> <span class='ocrx_word' id='word_1_575' title='bbox 1861 4647 2084 4718; x_wconf 89' lang='lat' dir='ltr'><strong>quando</strong></span> 
     </span>
    </p>
   </div>
   <div class='ocr_carea' id='block_1_77' title="bbox 496 4741 2084 4810">
    <p class='ocr_par' dir='ltr' id='par_1_77' title="bbox 496 4741 2084 4810">
     <span class='ocr_line' id='line_1_77' title="bbox 496 4741 2084 4810; baseline 0 -11"><span class='ocrx_word' id='word_1_576' title='bbox 496 4744 813 4799; x_wconf 87' lang='lat' dir='ltr'><strong>invenimus</strong></span> <span class='ocrx_word' id='word_1_577' title='bbox 867 4742 1217 4806; x_wconf 87' lang='lat' dir='ltr'><strong>charitatem,</strong></span> <span class='ocrx_word' id='word_1_578' title='bbox 1272 4755 1416 4810; x_wconf 87' lang='lat' dir='ltr'><strong>pane</strong></span> <span class='ocrx_word' id='word_1_579' title='bbox 1451 4741 1664 4796; x_wconf 63' lang='lat' dir='ltr'><strong>coalesti</strong></span> <span class='ocrx_word' id='word_1_580' title='bbox 1699 4741 1976 4797; x_wconf 89' lang='lat' dir='ltr'><strong>vescimur</strong></span> <span class='ocrx_word' id='word_1_581' title='bbox 2027 4753 2084 4799; x_wconf 90' lang='lat' dir='ltr'><strong>et</strong></span> 
     </span>
    </p>
   </div>
   <div class='ocr_carea' id='block_1_78' title="bbox 493 4833 2081 4907">
    <p class='ocr_par' dir='ltr' id='par_1_78' title="bbox 493 4833 2081 4907">
     <span class='ocr_line' id='line_1_78' title="bbox 493 4833 2081 4907; baseline 0.001 -17"><span class='ocrx_word' id='word_1_582' title='bbox 493 4834 876 4891; x_wconf 86' lang='lat' dir='ltr'><strong>conlortamur</strong></span> <span class='ocrx_word' id='word_1_583' title='bbox 913 4835 1035 4890; x_wconf 86' lang='lat' dir='ltr'><strong>sine</strong></span> <span class='ocrx_word' id='word_1_584' title='bbox 1061 4849 1227 4904; x_wconf 90' lang='lat' dir='ltr'><strong>opere</strong></span> <span class='ocrx_word' id='word_1_585' title='bbox 1280 4843 1339 4888; x_wconf 89' lang='lat' dir='ltr'><strong>et</strong></span> <span class='ocrx_word' id='word_1_586' title='bbox 1381 4833 1590 4888; x_wconf 88' lang='lat' dir='ltr'><strong>labore.</strong></span> <span class='ocrx_word' id='word_1_587' title='bbox 1641 4833 1896 4892; x_wconf 62' lang='lat' dir='ltr'><strong>Caelestis</strong></span> <span class='ocrx_word' id='word_1_588' title='bbox 1927 4838 2081 4907; x_wconf 85' lang='lat' dir='ltr'><strong>panis</strong></span> 
     </span>
    </p>
   </div>
   <div class='ocr_carea' id='block_1_79' title="bbox 495 4924 2082 4998">
    <p class='ocr_par' dir='ltr' id='par_1_79' title="bbox 495 4924 2082 4998">
     <span class='ocr_line' id='line_1_79' title="bbox 495 4924 2082 4998; baseline -0.001 -15"><span class='ocrx_word' id='word_1_589' title='bbox 495 4937 573 4983; x_wconf 88' lang='lat' dir='ltr'><strong>est</strong></span> <span class='ocrx_word' id='word_1_590' title='bbox 603 4927 881 4990; x_wconf 85' lang='lat' dir='ltr'><strong>Christus,</strong></span> <span class='ocrx_word' id='word_1_591' title='bbox 914 4928 1005 4998; x_wconf 87' lang='lat' dir='ltr'><strong>qui</strong></span> <span class='ocrx_word' id='word_1_592' title='bbox 1047 4927 1111 4980; x_wconf 88' lang='lat' dir='ltr'><strong>de</strong></span> <span class='ocrx_word' id='word_1_593' title='bbox 1161 4924 1288 4980; x_wconf 75' lang='lat' dir='ltr'><strong>cmlo</strong></span> <span class='ocrx_word' id='word_1_594' title='bbox 1324 4924 1592 4979; x_wconf 82' lang='lat' dir='ltr'><strong>descendit</strong></span> <span class='ocrx_word' id='word_1_595' title='bbox 1615 4933 1664 4980; x_wconf 84' lang='lat' dir='ltr'><strong>et</strong></span> <span class='ocrx_word' id='word_1_596' title='bbox 1697 4926 1864 4981; x_wconf 82' lang='lat' dir='ltr'><strong>vitam</strong></span> <span class='ocrx_word' id='word_1_597' title='bbox 1901 4928 2082 4984; x_wconf 79' lang='lat' dir='ltr'><strong>tribuit</strong></span> 
     </span>
    </p>
   </div>
   <div class='ocr_carea' id='block_1_80' title="bbox 494 5017 2083 5090">
    <p class='ocr_par' dir='ltr' id='par_1_80' title="bbox 494 5017 2083 5090">
     <span class='ocr_line' id='line_1_80' title="bbox 494 5017 2083 5090; baseline 0.001 -15"><span class='ocrx_word' id='word_1_598' title='bbox 494 5022 694 5076; x_wconf 86' lang='lat' dir='ltr'><strong>mundo</strong></span> <span class='ocrx_word' id='word_1_599' title='bbox 735 5021 803 5075; x_wconf 78' lang='lat'><strong>&quot;.</strong></span> <span class='ocrx_word' id='word_1_600' title='bbox 835 5019 936 5076; x_wconf 85' lang='lat' dir='ltr'><strong>Hic</strong></span> <span class='ocrx_word' id='word_1_601' title='bbox 972 5027 1058 5074; x_wconf 90' lang='lat' dir='ltr'><strong>est</strong></span> <span class='ocrx_word' id='word_1_602' title='bbox 1101 5018 1260 5073; x_wconf 89' lang='lat' dir='ltr'><strong>cibus</strong></span> <span class='ocrx_word' id='word_1_603' title='bbox 1285 5017 1630 5090; x_wconf 87' lang='lat' dir='ltr'><strong>angelorum.</strong></span> <span class='ocrx_word' id='word_1_604' title='bbox 1677 5017 1785 5088; x_wconf 86' lang='lat' dir='ltr'><strong>Qui</strong></span> <span class='ocrx_word' id='word_1_605' title='bbox 1835 5020 2083 5077; x_wconf 87' lang='lat' dir='ltr'><strong>charita-</strong></span> 
     </span>
    </p>
   </div>
   <div class='ocr_carea' id='block_1_81' title="bbox 494 5109 2083 5186">
    <p class='ocr_par' dir='ltr' id='par_1_81' title="bbox 494 5109 2083 5186">
     <span class='ocr_line' id='line_1_81' title="bbox 494 5109 2083 5186; baseline 0.001 -17"><span class='ocrx_word' id='word_1_606' title='bbox 494 5125 608 5171; x_wconf 90' lang='lat' dir='ltr'><strong>tem</strong></span> <span class='ocrx_word' id='word_1_607' title='bbox 667 5112 900 5177; x_wconf 88' lang='lat' dir='ltr'><strong>invenit,</strong></span> <span class='ocrx_word' id='word_1_608' title='bbox 955 5109 1241 5167; x_wconf 87' lang='lat' dir='ltr'><strong>Christum</strong></span> <span class='ocrx_word' id='word_1_609' title='bbox 1295 5112 1594 5169; x_wconf 88' lang='lat' dir='ltr'><strong>manducat</strong></span> <span class='ocrx_word' id='word_1_610' title='bbox 1639 5113 1697 5168; x_wconf 92' lang='lat' dir='ltr'><strong>in</strong></span> <span class='ocrx_word' id='word_1_611' title='bbox 1747 5129 2083 5186; x_wconf 89' lang='lat' dir='ltr'><strong>unaquaque</strong></span> 
     </span>
    </p>
   </div>
   <div class='ocr_carea' id='block_1_82' title="bbox 493 5203 2083 5272">
    <p class='ocr_par' dir='ltr' id='par_1_82' title="bbox 493 5203 2083 5272">
     <span class='ocr_line' id='line_1_82' title="bbox 493 5203 2083 5272; baseline 0.001 -10"><span class='ocrx_word' id='word_1_612' title='bbox 493 5207 655 5272; x_wconf 85' lang='lat' dir='ltr'><strong>hora,</strong></span> <span class='ocrx_word' id='word_1_613' title='bbox 689 5213 747 5262; x_wconf 90' lang='lat' dir='ltr'><strong>et</strong></span> <span class='ocrx_word' id='word_1_614' title='bbox 784 5203 846 5260; x_wconf 85' lang='lat' dir='ltr'><strong>fit</strong></span> <span class='ocrx_word' id='word_1_615' title='bbox 877 5203 1227 5261; x_wconf 87' lang='lat' dir='ltr'><strong>immortalis.</strong></span> <span class='ocrx_word' id='word_1_616' title='bbox 1281 5205 1372 5261; x_wconf 85' lang='lat' dir='ltr'><strong>Ait</strong></span> <span class='ocrx_word' id='word_1_617' title='bbox 1405 5207 1553 5262; x_wconf 90' lang='lat' dir='ltr'><strong>enim</strong></span> <span class='ocrx_word' id='word_1_618' title='bbox 1584 5224 1598 5261; x_wconf 90' lang='lat'><strong>:</strong></span> <span class='ocrx_word' id='word_1_619' title='bbox 1655 5205 1760 5272; x_wconf 84' lang='lat' dir='ltr'><strong>Qui</strong></span> <span class='ocrx_word' id='word_1_620' title='bbox 1801 5209 2083 5264; x_wconf 85' lang='lat' dir='ltr'><strong>comederit</strong></span> 
     </span>
    </p>
   </div>
   <div class='ocr_carea' id='block_1_83' title="bbox 485 5298 2078 5372">
    <p class='ocr_par' dir='ltr' id='par_1_83' title="bbox 485 5298 2078 5372">
     <span class='ocr_line' id='line_1_83' title="bbox 485 5298 2078 5372; baseline 0.001 -18"><span class='ocrx_word' id='word_1_621' title='bbox 485 5315 686 5372; x_wconf 71' lang='lat' dir='ltr'><strong>panem</strong></span> <span class='ocrx_word' id='word_1_622' title='bbox 731 5314 888 5370; x_wconf 85' lang='lat' dir='ltr'><strong>quem</strong></span> <span class='ocrx_word' id='word_1_623' title='bbox 921 5313 1014 5370; x_wconf 85' lang='lat' dir='ltr'><strong>ego</strong></span> <span class='ocrx_word' id='word_1_624' title='bbox 1043 5298 1235 5354; x_wconf 86' lang='lat' dir='ltr'><strong>dedero</strong></span> <span class='ocrx_word' id='word_1_625' title='bbox 1281 5301 1350 5362; x_wconf 85' lang='lat' dir='ltr'><strong>ei.</strong></span> <span class='ocrx_word' id='word_1_626' title='bbox 1393 5307 1628 5354; x_wconf 90' lang='lat' dir='ltr'><strong>mortem</strong></span> <span class='ocrx_word' id='word_1_627' title='bbox 1663 5314 1775 5354; x_wconf 90' lang='lat' dir='ltr'><strong>non</strong></span> <span class='ocrx_word' id='word_1_628' title='bbox 1809 5301 2078 5370; x_wconf 83' lang='lat' dir='ltr'><strong>gustabit,</strong></span> 
     </span>
    </p>
   </div>
   <div class='ocr_carea' id='block_1_84' title="bbox 491 5390 2083 5461">
    <p class='ocr_par' dir='ltr' id='par_1_84' title="bbox 491 5390 2083 5461">
     <span class='ocr_line' id='line_1_84' title="bbox 491 5390 2083 5461; baseline 0.001 -13"><span class='ocrx_word' id='word_1_629' title='bbox 491 5392 578 5448; x_wconf 88' lang='lat' dir='ltr'><strong>vel</strong></span> <span class='ocrx_word' id='word_1_630' title='bbox 617 5393 752 5448; x_wconf 75' lang='lat' dir='ltr'><strong>vivet</strong></span> <span class='ocrx_word' id='word_1_631' title='bbox 783 5393 839 5447; x_wconf 86' lang='lat' dir='ltr'><strong>in</strong></span> <span class='ocrx_word' id='word_1_632' title='bbox 873 5401 1130 5447; x_wconf 64' lang='lat' dir='ltr'><strong>internum</strong></span> <span class='ocrx_word' id='word_1_633' title='bbox 1159 5391 1227 5444; x_wconf 80' lang='grc' dir='ltr'><strong>⁷ο.</strong></span> <span class='ocrx_word' id='word_1_634' title='bbox 1260 5390 1460 5445; x_wconf 89' lang='lat' dir='ltr'><strong>Beatus</strong></span> <span class='ocrx_word' id='word_1_635' title='bbox 1488 5399 1674 5446; x_wconf 89' lang='lat' dir='ltr'><strong>autem</strong></span> <span class='ocrx_word' id='word_1_636' title='bbox 1712 5391 1806 5461; x_wconf 93' lang='lat' dir='ltr'><strong>qui</strong></span> <span class='ocrx_word' id='word_1_637' title='bbox 1836 5393 2083 5450; x_wconf 89' lang='lat' dir='ltr'><strong>comedit</strong></span> 
     </span>
    </p>
   </div>
   <div class='ocr_carea' id='block_1_85' title="bbox 490 5480 2080 5556">
    <p class='ocr_par' dir='ltr' id='par_1_85' title="bbox 490 5480 2080 5556">
     <span class='ocr_line' id='line_1_85' title="bbox 490 5480 2080 5556; baseline -0.001 -15"><span class='ocrx_word' id='word_1_638' title='bbox 490 5483 563 5541; x_wconf 81' lang='lat' dir='ltr'><strong>de</strong></span> <span class='ocrx_word' id='word_1_639' title='bbox 612 5501 754 5556; x_wconf 91' lang='lat' dir='ltr'><strong>pane</strong></span> <span class='ocrx_word' id='word_1_640' title='bbox 800 5484 1108 5545; x_wconf 89' lang='lat' dir='ltr'><strong>charitatis.</strong></span> <span class='ocrx_word' id='word_1_641' title='bbox 1157 5483 1252 5552; x_wconf 86' lang='lat' dir='ltr'><strong>qui</strong></span> <span class='ocrx_word' id='word_1_642' title='bbox 1302 5491 1390 5537; x_wconf 90' lang='lat' dir='ltr'><strong>est</strong></span> <span class='ocrx_word' id='word_1_643' title='bbox 1425 5480 1680 5539; x_wconf 87' lang='lat' dir='ltr'><strong>Christus</strong></span> <span class='ocrx_word' id='word_1_644' title='bbox 1724 5501 1737 5537; x_wconf 89' lang='lat'><strong>:</strong></span> <span class='ocrx_word' id='word_1_645' title='bbox 1792 5483 2080 5540; x_wconf 90' lang='lat' dir='ltr'><strong>Christum</strong></span> 
     </span>
    </p>
   </div>
   <div class='ocr_carea' id='block_1_86' title="bbox 491 5573 2082 5644">
    <p class='ocr_par' dir='ltr' id='par_1_86' title="bbox 491 5573 2082 5644">
     <span class='ocr_line' id='line_1_86' title="bbox 491 5573 2082 5644; baseline -0.001 -12"><span class='ocrx_word' id='word_1_646' title='bbox 491 5575 641 5633; x_wconf 81' lang='lat' dir='ltr'><strong>enim</strong></span> <span class='ocrx_word' id='word_1_647' title='bbox 692 5574 933 5631; x_wconf 84' lang='lat' dir='ltr'><strong>comedit</strong></span> <span class='ocrx_word' id='word_1_648' title='bbox 980 5573 1077 5644; x_wconf 90' lang='lat' dir='ltr'><strong>qui</strong></span> <span class='ocrx_word' id='word_1_649' title='bbox 1111 5582 1194 5628; x_wconf 91' lang='lat' dir='ltr'><strong>est</strong></span> <span class='ocrx_word' id='word_1_650' title='bbox 1229 5573 1476 5628; x_wconf 91' lang='lat' dir='ltr'><strong>omnium</strong></span> <span class='ocrx_word' id='word_1_651' title='bbox 1526 5574 1694 5629; x_wconf 89' lang='lat' dir='ltr'><strong>Deus.</strong></span> <span class='ocrx_word' id='word_1_652' title='bbox 1735 5574 1803 5628; x_wconf 87' lang='lat' dir='ltr'><strong>Et</strong></span> <span class='ocrx_word' id='word_1_653' title='bbox 1843 5584 2082 5631; x_wconf 91' lang='lat' dir='ltr'><strong>testatur</strong></span> 
     </span>
    </p>
   </div>
   <div class='ocr_carea' id='block_1_87' title="bbox 492 5663 2081 5739">
    <p class='ocr_par' dir='ltr' id='par_1_87' title="bbox 492 5663 2081 5739">
     <span class='ocr_line' id='line_1_87' title="bbox 492 5663 2081 5739; baseline 0.003 -20"><span class='ocrx_word' id='word_1_654' title='bbox 492 5663 689 5720; x_wconf 89' lang='lat' dir='ltr'><strong>beatus</strong></span> <span class='ocrx_word' id='word_1_655' title='bbox 713 5665 952 5721; x_wconf 81' lang='lat' dir='ltr'><strong>Joannes</strong></span> <span class='ocrx_word' id='word_1_656' title='bbox 981 5664 1173 5721; x_wconf 81' lang='lat' dir='ltr'><strong>dicens</strong></span> <span class='ocrx_word' id='word_1_657' title='bbox 1210 5683 1221 5719; x_wconf 90' lang='lat'><strong>:</strong></span> <span class='ocrx_word' id='word_1_658' title='bbox 1263 5664 1404 5719; x_wconf 88' lang='lat' dir='ltr'><strong>Deus</strong></span> <span class='ocrx_word' id='word_1_659' title='bbox 1443 5667 1678 5720; x_wconf 83' lang='lat' dir='ltr'><strong>charitas</strong></span> <span class='ocrx_word' id='word_1_660' title='bbox 1707 5674 1783 5720; x_wconf 86' lang='lat' dir='ltr'><strong>est</strong></span> <span class='ocrx_word' id='word_1_661' title='bbox 1809 5668 1875 5720; x_wconf 76' lang='grc'><strong>⁷³.</strong></span> <span class='ocrx_word' id='word_1_662' title='bbox 1908 5667 2081 5739; x_wconf 82' lang='lat' dir='ltr'><strong>Igitur</strong></span> 
     </span>
    </p>
   </div>
   <div class='ocr_carea' id='block_1_88' title="bbox 2189 3346 3784 3419">
    <p class='ocr_par' dir='ltr' id='par_1_88' title="bbox 2189 3346 3784 3419">
     <span class='ocr_line' id='line_1_88' title="bbox 2189 3346 3784 3419; baseline 0 -16"><span class='ocrx_word' id='word_1_663' title='bbox 2189 3347 2541 3419; x_wconf 65' lang='lat' dir='ltr'><strong>poenitentia.</strong></span> <span class='ocrx_word' id='word_1_664' title='bbox 2589 3346 2840 3416; x_wconf 89' lang='lat' dir='ltr'><strong>Cumque</strong></span> <span class='ocrx_word' id='word_1_665' title='bbox 2899 3347 3262 3418; x_wconf 82' lang='lat' dir='ltr'><strong>pervenimus</strong></span> <span class='ocrx_word' id='word_1_666' title='bbox 3307 3347 3374 3402; x_wconf 89' lang='lat' dir='ltr'><strong>ad</strong></span> <span class='ocrx_word' id='word_1_667' title='bbox 3425 3347 3784 3414; x_wconf 85' lang='lat' dir='ltr'><strong>charitatem,</strong></span> 
     </span>
    </p>
   </div>
   <div class='ocr_carea' id='block_1_89' title="bbox 2188 3439 3788 3511">
    <p class='ocr_par' dir='ltr' id='par_1_89' title="bbox 2188 3439 3788 3511">
     <span class='ocr_line' id='line_1_89' title="bbox 2188 3439 3788 3511; baseline 0 -14"><span class='ocrx_word' id='word_1_668' title='bbox 2188 3439 2549 3511; x_wconf 89' lang='lat' dir='ltr'><strong>pervenimus</strong></span> <span class='ocrx_word' id='word_1_669' title='bbox 2574 3439 2642 3494; x_wconf 88' lang='lat' dir='ltr'><strong>ad</strong></span> <span class='ocrx_word' id='word_1_670' title='bbox 2674 3440 2871 3505; x_wconf 91' lang='lat' dir='ltr'><strong>Deum,</strong></span> <span class='ocrx_word' id='word_1_671' title='bbox 2903 3451 2961 3496; x_wconf 90' lang='lat' dir='ltr'><strong>et</strong></span> <span class='ocrx_word' id='word_1_672' title='bbox 2996 3440 3085 3496; x_wconf 90' lang='lat' dir='ltr'><strong>via</strong></span> <span class='ocrx_word' id='word_1_673' title='bbox 3123 3449 3315 3496; x_wconf 88' lang='lat' dir='ltr'><strong>nostra</strong></span> <span class='ocrx_word' id='word_1_674' title='bbox 3361 3440 3689 3511; x_wconf 85' lang='lat' dir='ltr'><strong>perﬁcitur;</strong></span> <span class='ocrx_word' id='word_1_675' title='bbox 3726 3452 3788 3497; x_wconf 90' lang='lat' dir='ltr'><strong>et</strong></span> 
     </span>
    </p>
   </div>
   <div class='ocr_carea' id='block_1_90' title="bbox 2192 3530 3785 3603">
    <p class='ocr_par' dir='ltr' id='par_1_90' title="bbox 2192 3530 3785 3603">
     <span class='ocr_line' id='line_1_90' title="bbox 2192 3530 3785 3603; baseline 0.002 -15"><span class='ocrx_word' id='word_1_676' title='bbox 2192 3531 2322 3588; x_wconf 90' lang='lat' dir='ltr'><strong>inde</strong></span> <span class='ocrx_word' id='word_1_677' title='bbox 2368 3531 2672 3587; x_wconf 89' lang='lat' dir='ltr'><strong>transimus</strong></span> <span class='ocrx_word' id='word_1_678' title='bbox 2714 3530 2952 3587; x_wconf 88' lang='lat' dir='ltr'><strong>insulam</strong></span> <span class='ocrx_word' id='word_1_679' title='bbox 3003 3549 3128 3603; x_wconf 74' lang='lat' dir='ltr'><strong>qua:</strong></span> <span class='ocrx_word' id='word_1_680' title='bbox 3167 3543 3253 3589; x_wconf 81' lang='lat' dir='ltr'><strong>est</strong></span> <span class='ocrx_word' id='word_1_681' title='bbox 3304 3536 3451 3590; x_wconf 88' lang='lat' dir='ltr'><strong>ultra</strong></span> <span class='ocrx_word' id='word_1_682' title='bbox 3486 3535 3785 3603; x_wconf 86' lang='lat' dir='ltr'><strong>mundum,</strong></span> 
     </span>
    </p>
   </div>
   <div class='ocr_carea' id='block_1_91' title="bbox 2191 3623 3788 3695">
    <p class='ocr_par' dir='ltr' id='par_1_91' title="bbox 2191 3623 3788 3695">
     <span class='ocr_line' id='line_1_91' title="bbox 2191 3623 3788 3695; baseline 0.001 -14"><span class='ocrx_word' id='word_1_683' title='bbox 2191 3624 2288 3681; x_wconf 90' lang='lat' dir='ltr'><strong>ubi</strong></span> <span class='ocrx_word' id='word_1_684' title='bbox 2325 3624 2514 3691; x_wconf 83' lang='lat' dir='ltr'><strong>Pater,</strong></span> <span class='ocrx_word' id='word_1_685' title='bbox 2555 3632 2614 3678; x_wconf 92' lang='lat' dir='ltr'><strong>et</strong></span> <span class='ocrx_word' id='word_1_686' title='bbox 2645 3623 2842 3690; x_wconf 81' lang='lat' dir='ltr'><strong>Filius,</strong></span> <span class='ocrx_word' id='word_1_687' title='bbox 2891 3632 2948 3679; x_wconf 92' lang='lat' dir='ltr'><strong>et</strong></span> <span class='ocrx_word' id='word_1_688' title='bbox 2973 3623 3216 3695; x_wconf 90' lang='lat' dir='ltr'><strong>Spiritus</strong></span> <span class='ocrx_word' id='word_1_689' title='bbox 3241 3635 3469 3683; x_wconf 87' lang='lat' dir='ltr'><strong>sanctus</strong></span> <span class='ocrx_word' id='word_1_690' title='bbox 3506 3627 3641 3683; x_wconf 83' lang='lat' dir='ltr'><strong>facit</strong></span> <span class='ocrx_word' id='word_1_691' title='bbox 3676 3642 3788 3683; x_wconf 91' lang='lat' dir='ltr'><strong>nos</strong></span> 
     </span>
    </p>
   </div>
   <div class='ocr_carea' id='block_1_92' title="bbox 2188 3715 3785 3789">
    <p class='ocr_par' dir='ltr' id='par_1_92' title="bbox 2188 3715 3785 3789">
     <span class='ocr_line' id='line_1_92' title="bbox 2188 3715 3785 3789; baseline 0.001 -16"><span class='ocrx_word' id='word_1_692' title='bbox 2188 3717 2386 3789; x_wconf 84' lang='lat' dir='ltr'><strong>dignos</strong></span> <span class='ocrx_word' id='word_1_693' title='bbox 2431 3715 2605 3788; x_wconf 88' lang='lat' dir='ltr'><strong>gloria</strong></span> <span class='ocrx_word' id='word_1_694' title='bbox 2638 3731 2738 3772; x_wconf 90' lang='lat' dir='ltr'><strong>sua</strong></span> <span class='ocrx_word' id='word_1_695' title='bbox 2781 3716 3168 3788; x_wconf 89' lang='lat' dir='ltr'><strong>charitateque</strong></span> <span class='ocrx_word' id='word_1_696' title='bbox 3211 3733 3313 3788; x_wconf 88' lang='lat' dir='ltr'><strong>per</strong></span> <span class='ocrx_word' id='word_1_697' title='bbox 3342 3719 3598 3775; x_wconf 91' lang='lat' dir='ltr'><strong>timorem</strong></span> <span class='ocrx_word' id='word_1_698' title='bbox 3637 3737 3653 3775; x_wconf 89' lang='lat'><strong>:</strong></span> <span class='ocrx_word' id='word_1_699' title='bbox 3691 3719 3785 3776; x_wconf 92' lang='lat' dir='ltr'><strong>cui</strong></span> 
     </span>
    </p>
   </div>
   <div class='ocr_carea' id='block_1_93' title="bbox 2188 3808 3352 3878">
    <p class='ocr_par' dir='ltr' id='par_1_93' title="bbox 2188 3808 3352 3878">
     <span class='ocr_line' id='line_1_93' title="bbox 2188 3808 3352 3878; baseline -0.001 -15"><span class='ocrx_word' id='word_1_700' title='bbox 2188 3810 2366 3878; x_wconf 80' lang='lat' dir='ltr'><strong>gloria</strong></span> <span class='ocrx_word' id='word_1_701' title='bbox 2411 3809 2466 3864; x_wconf 92' lang='lat' dir='ltr'><strong>in</strong></span> <span class='ocrx_word' id='word_1_702' title='bbox 2509 3808 2713 3864; x_wconf 66' lang='lat' dir='ltr'><strong>sazcula</strong></span> <span class='ocrx_word' id='word_1_703' title='bbox 2761 3809 3116 3864; x_wconf 63' lang='lat' dir='ltr'><strong>saeculorum.</strong></span> <span class='ocrx_word' id='word_1_704' title='bbox 3154 3810 3352 3866; x_wconf 80' lang='lat' dir='ltr'><strong>Amen.</strong></span> 
     </span>
    </p>
   </div>
   <div class='ocr_carea' id='block_1_94' title="bbox 2759 3922 3214 3982">
    <p class='ocr_par' dir='ltr' id='par_1_94' title="bbox 2759 3922 3214 3982">
     <span class='ocr_line' id='line_1_94' title="bbox 2759 3922 3214 3982; baseline 0.007 -3"><span class='ocrx_word' id='word_1_705' title='bbox 2759 3922 2988 3981; x_wconf 84' lang='lat' dir='ltr'><strong>CAPUT</strong></span> <span class='ocrx_word' id='word_1_706' title='bbox 3019 3923 3214 3982; x_wconf 80' lang='lat' dir='ltr'><strong>XLIX.</strong></span> 
     </span>
    </p>
   </div>
   <div class='ocr_carea' id='block_1_95' title="bbox 2188 4033 3787 4109">
    <p class='ocr_par' dir='ltr' id='par_1_95' title="bbox 2188 4033 3787 4109">
     <span class='ocr_line' id='line_1_95' title="bbox 2188 4033 3787 4109; baseline -0.001 -16"><span class='ocrx_word' id='word_1_707' title='bbox 2188 4039 2267 4093; x_wconf 87' lang='lat' dir='ltr'><strong>De</strong></span> <span class='ocrx_word' id='word_1_708' title='bbox 2313 4037 2796 4109; x_wconf 68' lang='lat' dir='ltr'><strong>duplicisricntia,</strong></span> <span class='ocrx_word' id='word_1_709' title='bbox 2824 4034 3041 4089; x_wconf 77' lang='lat' dir='ltr'><strong>scilicet</strong></span> <span class='ocrx_word' id='word_1_710' title='bbox 3083 4033 3344 4109; x_wconf 66' lang='lat' dir='ltr'><strong>naturali,</strong></span> <span class='ocrx_word' id='word_1_711' title='bbox 3375 4039 3426 4087; x_wconf 86' lang='lat' dir='ltr'><strong>et</strong></span> <span class='ocrx_word' id='word_1_712' title='bbox 3468 4049 3586 4104; x_wconf 80' lang='lat' dir='ltr'><strong>qua:</strong></span> <span class='ocrx_word' id='word_1_713' title='bbox 3613 4044 3690 4090; x_wconf 83' lang='lat' dir='ltr'><strong>est</strong></span> <span class='ocrx_word' id='word_1_714' title='bbox 3719 4051 3787 4090; x_wconf 68' lang='lat' dir='ltr'><strong>ex</strong></span> 
     </span>
    </p>
   </div>
   <div class='ocr_carea' id='block_1_96' title="bbox 2506 4104 3462 4176">
    <p class='ocr_par' dir='ltr' id='par_1_96' title="bbox 2506 4104 3462 4176">
     <span class='ocr_line' id='line_1_96' title="bbox 2506 4104 3462 4176; baseline -0.003 -15"><span class='ocrx_word' id='word_1_715' title='bbox 2506 4107 2633 4176; x_wconf 78' lang='lat' dir='ltr'><strong>ﬁde,</strong></span> <span class='ocrx_word' id='word_1_716' title='bbox 2677 4116 2726 4160; x_wconf 88' lang='lat' dir='ltr'><strong>et</strong></span> <span class='ocrx_word' id='word_1_717' title='bbox 2763 4106 2828 4159; x_wconf 86' lang='lat' dir='ltr'><strong>de</strong></span> <span class='ocrx_word' id='word_1_718' title='bbox 2868 4121 3119 4159; x_wconf 86' lang='lat' dir='ltr'><strong>mensura</strong></span> <span class='ocrx_word' id='word_1_719' title='bbox 3169 4104 3462 4175; x_wconf 84' lang='lat' dir='ltr'><strong>utriusque.</strong></span> 
     </span>
    </p>
   </div>
   <div class='ocr_carea' id='block_1_97' title="bbox 2259 4195 3783 4270">
    <p class='ocr_par' dir='ltr' id='par_1_97' title="bbox 2259 4195 3783 4270">
     <span class='ocr_line' id='line_1_97' title="bbox 2259 4195 3783 4270; baseline -0.004 -12"><span class='ocrx_word' id='word_1_720' title='bbox 2259 4203 2356 4258; x_wconf 87' lang='lat' dir='ltr'><strong>Est</strong></span> <span class='ocrx_word' id='word_1_721' title='bbox 2391 4200 2624 4257; x_wconf 90' lang='lat' dir='ltr'><strong>scientia</strong></span> <span class='ocrx_word' id='word_1_722' title='bbox 2673 4198 2992 4270; x_wconf 69' lang='lat' dir='ltr'><strong>prazcedens</strong></span> <span class='ocrx_word' id='word_1_723' title='bbox 3024 4196 3431 4263; x_wconf 88' lang='lat' dir='ltr'><strong>credulitatem,</strong></span> <span class='ocrx_word' id='word_1_724' title='bbox 3460 4205 3519 4253; x_wconf 89' lang='lat' dir='ltr'><strong>et</strong></span> <span class='ocrx_word' id='word_1_725' title='bbox 3547 4195 3783 4254; x_wconf 83' lang='lat' dir='ltr'><strong>scientia</strong></span> 
     </span>
    </p>
   </div>
   <div class='ocr_carea' id='block_1_98' title="bbox 2187 4289 3782 4367">
    <p class='ocr_par' dir='ltr' id='par_1_98' title="bbox 2187 4289 3782 4367">
     <span class='ocr_line' id='line_1_98' title="bbox 2187 4289 3782 4367; baseline -0.003 -16"><span class='ocrx_word' id='word_1_726' title='bbox 2187 4312 2310 4367; x_wconf 67' lang='lat' dir='ltr'><strong>quae</strong></span> <span class='ocrx_word' id='word_1_727' title='bbox 2343 4294 2594 4350; x_wconf 89' lang='lat' dir='ltr'><strong>nascitur</strong></span> <span class='ocrx_word' id='word_1_728' title='bbox 2621 4307 2688 4347; x_wconf 83' lang='lat' dir='ltr'><strong>ex</strong></span> <span class='ocrx_word' id='word_1_729' title='bbox 2715 4290 3066 4346; x_wconf 90' lang='lat' dir='ltr'><strong>credulitate.</strong></span> <span class='ocrx_word' id='word_1_730' title='bbox 3102 4289 3347 4346; x_wconf 90' lang='lat' dir='ltr'><strong>Scientia</strong></span> <span class='ocrx_word' id='word_1_731' title='bbox 3383 4289 3610 4361; x_wconf 90' lang='lat' dir='ltr'><strong>quidem</strong></span> <span class='ocrx_word' id='word_1_732' title='bbox 3636 4307 3782 4362; x_wconf 73' lang='lat' dir='ltr'><strong>prae-</strong></span> 
     </span>
    </p>
   </div>
   <div class='ocr_carea' id='block_1_99' title="bbox 2188 4383 3784 4451">
    <p class='ocr_par' dir='ltr' id='par_1_99' title="bbox 2188 4383 3784 4451">
     <span class='ocr_line' id='line_1_99' title="bbox 2188 4383 3784 4451; baseline -0.003 -7"><span class='ocrx_word' id='word_1_733' title='bbox 2188 4387 2338 4444; x_wconf 92' lang='lat' dir='ltr'><strong>cedit</strong></span> <span class='ocrx_word' id='word_1_734' title='bbox 2384 4385 2773 4442; x_wconf 91' lang='lat' dir='ltr'><strong>credulitatem</strong></span> <span class='ocrx_word' id='word_1_735' title='bbox 2823 4384 2882 4439; x_wconf 91' lang='lat' dir='ltr'><strong>in</strong></span> <span class='ocrx_word' id='word_1_736' title='bbox 2938 4383 3326 4451; x_wconf 90' lang='lat' dir='ltr'><strong>naturalibus;</strong></span> <span class='ocrx_word' id='word_1_737' title='bbox 3363 4383 3598 4444; x_wconf 87' lang='lat' dir='ltr'><strong>scientia</strong></span> <span class='ocrx_word' id='word_1_738' title='bbox 3645 4399 3784 4440; x_wconf 90' lang='lat' dir='ltr'><strong>vero</strong></span> 
     </span>
    </p>
   </div>
   <div class='ocr_carea' id='block_1_100' title="bbox 2187 4478 3780 4553">
    <p class='ocr_par' dir='ltr' id='par_1_100' title="bbox 2187 4478 3780 4553">
     <span class='ocr_line' id='line_1_100' title="bbox 2187 4478 3780 4553; baseline -0.001 -17"><span class='ocrx_word' id='word_1_739' title='bbox 2187 4497 2310 4553; x_wconf 70' lang='lat' dir='ltr'><strong>quas</strong></span> <span class='ocrx_word' id='word_1_740' title='bbox 2335 4479 2583 4536; x_wconf 87' lang='lat' dir='ltr'><strong>nascitur</strong></span> <span class='ocrx_word' id='word_1_741' title='bbox 2601 4495 2670 4535; x_wconf 82' lang='lat' dir='ltr'><strong>ex</strong></span> <span class='ocrx_word' id='word_1_742' title='bbox 2697 4478 3046 4548; x_wconf 88' lang='lat' dir='ltr'><strong>credulitate,</strong></span> <span class='ocrx_word' id='word_1_743' title='bbox 3074 4487 3160 4535; x_wconf 91' lang='lat' dir='ltr'><strong>est</strong></span> <span class='ocrx_word' id='word_1_744' title='bbox 3183 4479 3415 4535; x_wconf 88' lang='lat' dir='ltr'><strong>scientia</strong></span> <span class='ocrx_word' id='word_1_745' title='bbox 3449 4480 3780 4551; x_wconf 89' lang='lat' dir='ltr'><strong>spiritualis.</strong></span> 
     </span>
    </p>
   </div>
   <div class='ocr_carea' id='block_1_101' title="bbox 2189 4572 3784 4644">
    <p class='ocr_par' dir='ltr' id='par_1_101' title="bbox 2189 4572 3784 4644">
     <span class='ocr_line' id='line_1_101' title="bbox 2189 4572 3784 4644; baseline -0.002 -13"><span class='ocrx_word' id='word_1_746' title='bbox 2189 4573 2430 4631; x_wconf 88' lang='lat' dir='ltr'><strong>Scientia</strong></span> <span class='ocrx_word' id='word_1_747' title='bbox 2461 4573 2851 4639; x_wconf 74' lang='lat' dir='ltr'><strong>naturalis‘est,</strong></span> <span class='ocrx_word' id='word_1_748' title='bbox 2883 4588 3007 4644; x_wconf 68' lang='lat' dir='ltr'><strong>quae</strong></span> <span class='ocrx_word' id='word_1_749' title='bbox 3034 4572 3533 4629; x_wconf 89' lang='lat' dir='ltr'><strong>discernitbonum</strong></span> <span class='ocrx_word' id='word_1_750' title='bbox 3558 4588 3590 4628; x_wconf 92' lang='lat' dir='ltr'><strong>a</strong></span> <span class='ocrx_word' id='word_1_751' title='bbox 3613 4573 3784 4638; x_wconf 88' lang='lat' dir='ltr'><strong>malo,</strong></span> 
     </span>
    </p>
   </div>
   <div class='ocr_carea' id='block_1_102' title="bbox 2190 4653 3782 4735">
    <p class='ocr_par' dir='ltr' id='par_1_102' title="bbox 2190 4653 3782 4735">
     <span class='ocr_line' id='line_1_102' title="bbox 2190 4653 3782 4735; baseline -0.001 -14"><span class='ocrx_word' id='word_1_752' title='bbox 2190 4674 2248 4722; x_wconf 89' lang='lat' dir='ltr'><strong>et</strong></span> <span class='ocrx_word' id='word_1_753' title='bbox 2287 4653 2516 4720; x_wconf 77' lang='lat' dir='ltr'><strong>vocatur</strong></span> <span class='ocrx_word' id='word_1_754' title='bbox 2553 4664 2816 4720; x_wconf 87' lang='lat' dir='ltr'><strong>discretio</strong></span> <span class='ocrx_word' id='word_1_755' title='bbox 2851 4663 3137 4729; x_wconf 89' lang='lat' dir='ltr'><strong>naturalis,</strong></span> <span class='ocrx_word' id='word_1_756' title='bbox 3171 4665 3227 4718; x_wconf 92' lang='lat' dir='ltr'><strong>in</strong></span> <span class='ocrx_word' id='word_1_757' title='bbox 3251 4679 3360 4735; x_wconf 90' lang='lat' dir='ltr'><strong>qua</strong></span> <span class='ocrx_word' id='word_1_758' title='bbox 3388 4663 3647 4719; x_wconf 87' lang='lat' dir='ltr'><strong>novimus</strong></span> <span class='ocrx_word' id='word_1_759' title='bbox 3678 4664 3782 4720; x_wconf 86' lang='lat' dir='ltr'><strong>bo-</strong></span> 
     </span>
    </p>
   </div>
   <div class='ocr_carea' id='block_1_103' title="bbox 2191 4753 3778 4821">
    <p class='ocr_par' dir='ltr' id='par_1_103' title="bbox 2191 4753 3778 4821">
     <span class='ocr_line' id='line_1_103' title="bbox 2191 4753 3778 4821; baseline -0.001 -9"><span class='ocrx_word' id='word_1_760' title='bbox 2191 4773 2350 4821; x_wconf 85' lang='lat' dir='ltr'><strong>num,</strong></span> <span class='ocrx_word' id='word_1_761' title='bbox 2395 4765 2452 4812; x_wconf 90' lang='lat' dir='ltr'><strong>et</strong></span> <span class='ocrx_word' id='word_1_762' title='bbox 2498 4755 2868 4810; x_wconf 88' lang='lat' dir='ltr'><strong>discernimus</strong></span> <span class='ocrx_word' id='word_1_763' title='bbox 2915 4753 3122 4810; x_wconf 91' lang='lat' dir='ltr'><strong>bonum</strong></span> <span class='ocrx_word' id='word_1_764' title='bbox 3172 4771 3204 4811; x_wconf 90' lang='lat' dir='ltr'><strong>a</strong></span> <span class='ocrx_word' id='word_1_765' title='bbox 3252 4755 3420 4811; x_wconf 91' lang='lat' dir='ltr'><strong>malo.</strong></span> <span class='ocrx_word' id='word_1_766' title='bbox 3476 4755 3778 4819; x_wconf 87' lang='lat' dir='ltr'><strong>Naturalis,</strong></span> 
     </span>
    </p>
   </div>
   <div class='ocr_carea' id='block_1_104' title="bbox 2191 4845 3777 4919">
    <p class='ocr_par' dir='ltr' id='par_1_104' title="bbox 2191 4845 3777 4919">
     <span class='ocr_line' id='line_1_104' title="bbox 2191 4845 3777 4919; baseline -0.003 -15"><span class='ocrx_word' id='word_1_767' title='bbox 2191 4849 2402 4919; x_wconf 89' lang='lat' dir='ltr'><strong>absque</strong></span> <span class='ocrx_word' id='word_1_768' title='bbox 2453 4846 2788 4901; x_wconf 90' lang='lat' dir='ltr'><strong>documento</strong></span> <span class='ocrx_word' id='word_1_769' title='bbox 2831 4845 2977 4902; x_wconf 87' lang='lat' dir='ltr'><strong>hanc</strong></span> <span class='ocrx_word' id='word_1_770' title='bbox 3031 4846 3215 4918; x_wconf 92' lang='lat' dir='ltr'><strong>posuit</strong></span> <span class='ocrx_word' id='word_1_771' title='bbox 3268 4847 3415 4902; x_wconf 91' lang='lat' dir='ltr'><strong>Deus</strong></span> <span class='ocrx_word' id='word_1_772' title='bbox 3444 4846 3501 4901; x_wconf 93' lang='lat' dir='ltr'><strong>in</strong></span> <span class='ocrx_word' id='word_1_773' title='bbox 3534 4846 3777 4901; x_wconf 91' lang='lat' dir='ltr'><strong>naturali</strong></span> 
     </span>
    </p>
   </div>
   <div class='ocr_carea' id='block_1_105' title="bbox 2193 4937 3778 5008">
    <p class='ocr_par' dir='ltr' id='par_1_105' title="bbox 2193 4937 3778 5008">
     <span class='ocr_line' id='line_1_105' title="bbox 2193 4937 3778 5008; baseline -0.001 -12"><span class='ocrx_word' id='word_1_774' title='bbox 2193 4949 2412 5004; x_wconf 89' lang='lat' dir='ltr'><strong>natura,</strong></span> <span class='ocrx_word' id='word_1_775' title='bbox 2457 4946 2514 4994; x_wconf 91' lang='lat' dir='ltr'><strong>et</strong></span> <span class='ocrx_word' id='word_1_776' title='bbox 2548 4953 2579 4993; x_wconf 89' lang='lat' dir='ltr'><strong>a</strong></span> <span class='ocrx_word' id='word_1_777' title='bbox 2611 4938 2944 4994; x_wconf 87' lang='lat' dir='ltr'><strong>documento</strong></span> <span class='ocrx_word' id='word_1_778' title='bbox 2977 4937 3417 4994; x_wconf 88' lang='lat' dir='ltr'><strong>additamentum</strong></span> <span class='ocrx_word' id='word_1_779' title='bbox 3448 4937 3694 5008; x_wconf 89' lang='lat' dir='ltr'><strong>suscepit</strong></span> <span class='ocrx_word' id='word_1_780' title='bbox 3720 4948 3778 4994; x_wconf 89' lang='lat' dir='ltr'><strong>et</strong></span> 
     </span>
    </p>
   </div>
   <div class='ocr_carea' id='block_1_106' title="bbox 2191 5028 3774 5103">
    <p class='ocr_par' dir='ltr' id='par_1_106' title="bbox 2191 5028 3774 5103">
     <span class='ocr_line' id='line_1_106' title="bbox 2191 5028 3774 5103; baseline -0.001 -17"><span class='ocrx_word' id='word_1_781' title='bbox 2191 5038 2571 5103; x_wconf 87' lang='lat' dir='ltr'><strong>augmentum,</strong></span> <span class='ocrx_word' id='word_1_782' title='bbox 2621 5045 2724 5084; x_wconf 90' lang='lat' dir='ltr'><strong>nec</strong></span> <span class='ocrx_word' id='word_1_783' title='bbox 2751 5037 2838 5085; x_wconf 88' lang='lat' dir='ltr'><strong>est</strong></span> <span class='ocrx_word' id='word_1_784' title='bbox 2876 5029 3074 5100; x_wconf 90' lang='lat' dir='ltr'><strong>aliquis</strong></span> <span class='ocrx_word' id='word_1_785' title='bbox 3116 5029 3210 5101; x_wconf 86' lang='lat' dir='ltr'><strong>qui</strong></span> <span class='ocrx_word' id='word_1_786' title='bbox 3245 5029 3390 5085; x_wconf 90' lang='lat' dir='ltr'><strong>hanc</strong></span> <span class='ocrx_word' id='word_1_787' title='bbox 3415 5043 3527 5084; x_wconf 91' lang='lat' dir='ltr'><strong>non</strong></span> <span class='ocrx_word' id='word_1_788' title='bbox 3550 5028 3774 5085; x_wconf 86' lang='lat' dir='ltr'><strong>habeat.</strong></span> 
     </span>
    </p>
   </div>
   <div class='ocr_carea' id='block_1_107' title="bbox 2193 5120 3780 5180">
    <p class='ocr_par' dir='ltr' id='par_1_107' title="bbox 2193 5120 3780 5180">
     <span class='ocr_line' id='line_1_107' title="bbox 2193 5120 3780 5180; baseline -0.003 0"><span class='ocrx_word' id='word_1_789' title='bbox 2193 5124 2320 5180; x_wconf 83' lang='lat' dir='ltr'><strong>llaec</strong></span> <span class='ocrx_word' id='word_1_790' title='bbox 2353 5131 2536 5177; x_wconf 89' lang='lat' dir='ltr'><strong>autem</strong></span> <span class='ocrx_word' id='word_1_791' title='bbox 2577 5120 2759 5176; x_wconf 89' lang='lat' dir='ltr'><strong>virtus</strong></span> <span class='ocrx_word' id='word_1_792' title='bbox 2797 5121 3068 5177; x_wconf 88' lang='lat' dir='ltr'><strong>naturalis</strong></span> <span class='ocrx_word' id='word_1_793' title='bbox 3097 5121 3362 5177; x_wconf 90' lang='lat' dir='ltr'><strong>discretio</strong></span> <span class='ocrx_word' id='word_1_794' title='bbox 3413 5131 3500 5177; x_wconf 90' lang='lat' dir='ltr'><strong>est</strong></span> <span class='ocrx_word' id='word_1_795' title='bbox 3537 5121 3672 5177; x_wconf 92' lang='lat' dir='ltr'><strong>boni</strong></span> <span class='ocrx_word' id='word_1_796' title='bbox 3723 5130 3780 5176; x_wconf 90' lang='lat' dir='ltr'><strong>et</strong></span> 
     </span>
    </p>
   </div>
   <div class='ocr_carea' id='block_1_108' title="bbox 2194 5211 3780 5284">
    <p class='ocr_par' dir='ltr' id='par_1_108' title="bbox 2194 5211 3780 5284">
     <span class='ocr_line' id='line_1_108' title="bbox 2194 5211 3780 5284; baseline -0.003 -14"><span class='ocrx_word' id='word_1_797' title='bbox 2194 5215 2321 5270; x_wconf 90' lang='lat' dir='ltr'><strong>mali</strong></span> <span class='ocrx_word' id='word_1_798' title='bbox 2365 5227 2490 5284; x_wconf 82' lang='lat' dir='ltr'><strong>quae</strong></span> <span class='ocrx_word' id='word_1_799' title='bbox 2537 5220 2832 5266; x_wconf 88' lang='lat' dir='ltr'><strong>moventur</strong></span> <span class='ocrx_word' id='word_1_800' title='bbox 2889 5211 3232 5268; x_wconf 90' lang='lat' dir='ltr'><strong>incessanter</strong></span> <span class='ocrx_word' id='word_1_801' title='bbox 3282 5213 3340 5268; x_wconf 90' lang='lat' dir='ltr'><strong>iu</strong></span> <span class='ocrx_word' id='word_1_802' title='bbox 3396 5211 3545 5284; x_wconf 89' lang='lat' dir='ltr'><strong>ipsa;</strong></span> <span class='ocrx_word' id='word_1_803' title='bbox 3579 5219 3638 5268; x_wconf 91' lang='lat' dir='ltr'><strong>et</strong></span> <span class='ocrx_word' id='word_1_804' title='bbox 3683 5211 3780 5282; x_wconf 91' lang='lat' dir='ltr'><strong>qui</strong></span> 
     </span>
    </p>
   </div>
   <div class='ocr_carea' id='block_1_109' title="bbox 2192 5301 3778 5378">
    <p class='ocr_par' dir='ltr' id='par_1_109' title="bbox 2192 5301 3778 5378">
     <span class='ocr_line' id='line_1_109' title="bbox 2192 5301 3778 5378; baseline -0.002 -18"><span class='ocrx_word' id='word_1_805' title='bbox 2192 5305 2394 5378; x_wconf 87' lang='lat' dir='ltr'><strong>privati</strong></span> <span class='ocrx_word' id='word_1_806' title='bbox 2422 5313 2550 5360; x_wconf 90' lang='lat' dir='ltr'><strong>sunt</strong></span> <span class='ocrx_word' id='word_1_807' title='bbox 2569 5318 2654 5367; x_wconf 90' lang='lat' dir='ltr'><strong>ea,</strong></span> <span class='ocrx_word' id='word_1_808' title='bbox 2682 5301 2917 5358; x_wconf 89' lang='lat' dir='ltr'><strong>inferius</strong></span> <span class='ocrx_word' id='word_1_809' title='bbox 2941 5304 3180 5359; x_wconf 88' lang='lat' dir='ltr'><strong>naturali</strong></span> <span class='ocrx_word' id='word_1_810' title='bbox 3208 5313 3407 5359; x_wconf 89' lang='lat' dir='ltr'><strong>natura</strong></span> <span class='ocrx_word' id='word_1_811' title='bbox 3429 5303 3778 5369; x_wconf 89' lang='lat' dir='ltr'><strong>subsistunt;</strong></span> 
     </span>
    </p>
   </div>
   <div class='ocr_carea' id='block_1_110' title="bbox 2190 5395 3780 5468">
    <p class='ocr_par' dir='ltr' id='par_1_110' title="bbox 2190 5395 3780 5468">
     <span class='ocr_line' id='line_1_110' title="bbox 2190 5395 3780 5468; baseline -0.001 -15"><span class='ocrx_word' id='word_1_812' title='bbox 2190 5407 2248 5454; x_wconf 89' lang='lat' dir='ltr'><strong>et</strong></span> <span class='ocrx_word' id='word_1_813' title='bbox 2275 5397 2372 5468; x_wconf 91' lang='lat' dir='ltr'><strong>qui</strong></span> <span class='ocrx_word' id='word_1_814' title='bbox 2393 5396 2601 5451; x_wconf 88' lang='lat' dir='ltr'><strong>habent</strong></span> <span class='ocrx_word' id='word_1_815' title='bbox 2616 5410 2736 5449; x_wconf 91' lang='lat' dir='ltr'><strong>eam</strong></span> <span class='ocrx_word' id='word_1_816' title='bbox 2759 5395 2814 5449; x_wconf 92' lang='lat' dir='ltr'><strong>in</strong></span> <span class='ocrx_word' id='word_1_817' title='bbox 2830 5405 2981 5450; x_wconf 91' lang='lat' dir='ltr'><strong>motu</strong></span> <span class='ocrx_word' id='word_1_818' title='bbox 2999 5397 3258 5462; x_wconf 90' lang='lat' dir='ltr'><strong>naturali,</strong></span> <span class='ocrx_word' id='word_1_819' title='bbox 3277 5407 3429 5453; x_wconf 88' lang='lat' dir='ltr'><strong>recte</strong></span> <span class='ocrx_word' id='word_1_820' title='bbox 3444 5397 3780 5460; x_wconf 88' lang='lat' dir='ltr'><strong>consistunt,</strong></span> 
     </span>
    </p>
   </div>
   <div class='ocr_carea' id='block_1_111' title="bbox 2191 5487 3782 5558">
    <p class='ocr_par' dir='ltr' id='par_1_111' title="bbox 2191 5487 3782 5558">
     <span class='ocr_line' id='line_1_111' title="bbox 2191 5487 3782 5558; baseline -0.001 -14"><span class='ocrx_word' id='word_1_821' title='bbox 2191 5505 2296 5545; x_wconf 90' lang='lat' dir='ltr'><strong>nec</strong></span> <span class='ocrx_word' id='word_1_822' title='bbox 2342 5488 2550 5544; x_wconf 88' lang='lat' dir='ltr'><strong>habent</strong></span> <span class='ocrx_word' id='word_1_823' title='bbox 2592 5487 2834 5557; x_wconf 90' lang='lat' dir='ltr'><strong>aliquam</strong></span> <span class='ocrx_word' id='word_1_824' title='bbox 2871 5487 3253 5544; x_wconf 92' lang='lat' dir='ltr'><strong>confusionem</strong></span> <span class='ocrx_word' id='word_1_825' title='bbox 3292 5489 3348 5544; x_wconf 91' lang='lat' dir='ltr'><strong>in</strong></span> <span class='ocrx_word' id='word_1_826' title='bbox 3379 5489 3469 5544; x_wconf 88' lang='lat' dir='ltr'><strong>his</strong></span> <span class='ocrx_word' id='word_1_827' title='bbox 3494 5503 3618 5558; x_wconf 74' lang='lat' dir='ltr'><strong>qua:</strong></span> <span class='ocrx_word' id='word_1_828' title='bbox 3643 5505 3782 5545; x_wconf 91' lang='lat' dir='ltr'><strong>con-</strong></span> 
     </span>
    </p>
   </div>
   <div class='ocr_carea' id='block_1_112' title="bbox 2195 5580 3779 5638">
    <p class='ocr_par' dir='ltr' id='par_1_112' title="bbox 2195 5580 3779 5638">
     <span class='ocr_line' id='line_1_112' title="bbox 2195 5580 3779 5638; baseline 0 -4"><span class='ocrx_word' id='word_1_829' title='bbox 2195 5581 2320 5636; x_wconf 90' lang='lat' dir='ltr'><strong>tulit</strong></span> <span class='ocrx_word' id='word_1_830' title='bbox 2342 5581 2488 5635; x_wconf 91' lang='lat' dir='ltr'><strong>Deus</strong></span> <span class='ocrx_word' id='word_1_831' title='bbox 2521 5588 2735 5634; x_wconf 66' lang='lat' dir='ltr'><strong>natura:</strong></span> <span class='ocrx_word' id='word_1_832' title='bbox 2760 5580 2829 5634; x_wconf 86' lang='lat' dir='ltr'><strong>ad</strong></span> <span class='ocrx_word' id='word_1_833' title='bbox 2863 5580 3130 5635; x_wconf 91' lang='lat' dir='ltr'><strong>honorem</strong></span> <span class='ocrx_word' id='word_1_834' title='bbox 3162 5581 3496 5636; x_wconf 89' lang='lat' dir='ltr'><strong>naturalium</strong></span> <span class='ocrx_word' id='word_1_835' title='bbox 3525 5596 3779 5638; x_wconf 80' lang='lat' dir='ltr'><strong>suorum.</strong></span> 
     </span>
    </p>
   </div>
   <div class='ocr_carea' id='block_1_113' title="bbox 2188 5671 3781 5748">
    <p class='ocr_par' dir='ltr' id='par_1_113' title="bbox 2188 5671 3781 5748">
     <span class='ocr_line' id='line_1_113' title="bbox 2188 5671 3781 5748; baseline 0.001 -20"><span class='ocrx_word' id='word_1_836' title='bbox 2188 5672 2318 5728; x_wconf 88' lang='lat' dir='ltr'><strong>Illos</strong></span> <span class='ocrx_word' id='word_1_837' title='bbox 2348 5686 2483 5726; x_wconf 90' lang='lat' dir='ltr'><strong>vero</strong></span> <span class='ocrx_word' id='word_1_838' title='bbox 2513 5671 2608 5741; x_wconf 91' lang='lat' dir='ltr'><strong>qui</strong></span> <span class='ocrx_word' id='word_1_839' title='bbox 2660 5671 2804 5728; x_wconf 89' lang='lat' dir='ltr'><strong>hanc</strong></span> <span class='ocrx_word' id='word_1_840' title='bbox 2855 5672 3192 5744; x_wconf 82' lang='lat' dir='ltr'><strong>agnitionem</strong></span> <span class='ocrx_word' id='word_1_841' title='bbox 3235 5675 3604 5745; x_wconf 90' lang='lat' dir='ltr'><strong>perdiderunt</strong></span> <span class='ocrx_word' id='word_1_842' title='bbox 3657 5690 3781 5748; x_wconf 74' lang='lat' dir='ltr'><strong>qua:</strong></span> 
     </span>
    </p>
   </div>
   <div class='ocr_carea' id='block_1_114' title="bbox 564 5801 2082 5883">
    <p class='ocr_par' dir='ltr' id='par_1_114' title="bbox 564 5801 2074 5871">
     <span class='ocr_line' id='line_1_114' title="bbox 564 5801 2074 5871; baseline 0.007 -16"><span class='ocrx_word' id='word_1_843' title='bbox 564 5801 610 5834; x_wconf 83' lang='lat'><strong>&quot;</strong></span> <span class='ocrx_word' id='word_1_844' title='bbox 660 5801 815 5856; x_wconf 79' lang='lat' dir='ltr'><strong>Rom.</strong></span> <span class='ocrx_word' id='word_1_845' title='bbox 862 5817 942 5871; x_wconf 86' lang='grc' dir='ltr'>ιιι,</span> <span class='ocrx_word' id='word_1_846' title='bbox 990 5801 1083 5868; x_wconf 74' lang='grc'><strong>25,</strong></span> <span class='ocrx_word' id='word_1_847' title='bbox 1132 5803 1222 5857; x_wconf 68' lang='lat'><strong>24.</strong></span> <span class='ocrx_word' id='word_1_848' title='bbox 1303 5802 1348 5836; x_wconf 79' lang='grc'><strong>⁸⁸</strong></span> <span class='ocrx_word' id='word_1_849' title='bbox 1394 5803 1414 5856; x_wconf 90' lang='lat' dir='ltr'><strong>l</strong></span> <span class='ocrx_word' id='word_1_850' title='bbox 1456 5801 1586 5858; x_wconf 87' lang='lat' dir='ltr'><strong>Cor.</strong></span> <span class='ocrx_word' id='word_1_851' title='bbox 1631 5818 1690 5868; x_wconf 86' lang='grc' dir='ltr'>ιι,</span> <span class='ocrx_word' id='word_1_852' title='bbox 1722 5805 1777 5860; x_wconf 87' lang='lat'><strong>9.</strong></span> <span class='ocrx_word' id='word_1_853' title='bbox 1856 5808 1901 5840; x_wconf 74' lang='grc'><strong>⁸³</strong></span> <span class='ocrx_word' id='word_1_854' title='bbox 1935 5807 2074 5865; x_wconf 84' lang='lat' dir='ltr'><strong>Joan</strong></span> 
     </span>
    </p>
   </div>
   <div class='ocr_carea' id='block_1_115' title="bbox 2184 5801 3389 5883">
    <p class='ocr_par' dir='ltr' id='par_1_115' title="bbox 2184 5806 3389 5883">
     <span class='ocr_line' id='line_1_115' title="bbox 2184 5806 3389 5883; baseline 0.003 -17"><span class='ocrx_word' id='word_1_855' title='bbox 2184 5827 2221 5880; x_wconf 95' lang='lat' dir='ltr'><strong>I,</strong></span> <span class='ocrx_word' id='word_1_856' title='bbox 2271 5809 2360 5866; x_wconf 78' lang='grc'><strong>55.</strong></span> <span class='ocrx_word' id='word_1_857' title='bbox 2437 5811 2494 5883; x_wconf 78' lang='lat'><strong>&#39;°_</strong></span> <span class='ocrx_word' id='word_1_858' title='bbox 2534 5806 2673 5864; x_wconf 83' lang='lat' dir='ltr'><strong>ibid.</strong></span> <span class='ocrx_word' id='word_1_859' title='bbox 2709 5809 2800 5866; x_wconf 76' lang='grc'><strong>52.</strong></span> <span class='ocrx_word' id='word_1_860' title='bbox 2869 5813 2913 5844; x_wconf 76' lang='grc'><strong>⁷⁸</strong></span> <span class='ocrx_word' id='word_1_861' title='bbox 2967 5812 3176 5871; x_wconf 83' lang='lat' dir='ltr'><strong>lJoan.</strong></span> <span class='ocrx_word' id='word_1_862' title='bbox 3220 5831 3294 5882; x_wconf 82' lang='lat' dir='ltr'><strong>tv,</strong></span> <span class='ocrx_word' id='word_1_863' title='bbox 3341 5815 3389 5872; x_wconf 89' lang='lat'><strong>8.</strong></span> 
     </span>
    </p>
   </div>
   <div class='ocr_carea' id='block_1_116' title="bbox 564 5914 1859 5990">
    <p class='ocr_par' dir='ltr' id='par_1_116' title="bbox 564 5914 1859 5990">
     <span class='ocr_line' id='line_1_116' title="bbox 564 5914 1859 5990; baseline 0.001 -20"><span class='ocrx_word' id='word_1_864' title='bbox 564 5914 676 5982; x_wconf 70' lang='lat'><strong>(48)</strong></span> <span class='ocrx_word' id='word_1_865' title='bbox 700 5914 969 5970; x_wconf 85' lang='lat' dir='ltr'><strong>Permisit.</strong></span> <span class='ocrx_word' id='word_1_866' title='bbox 998 5914 1315 5986; x_wconf 87' lang='lat' dir='ltr'><strong>Legendum</strong></span> <span class='ocrx_word' id='word_1_867' title='bbox 1344 5915 1563 5974; x_wconf 87' lang='lat' dir='ltr'><strong>videtur</strong></span> <span class='ocrx_word' id='word_1_868' title='bbox 1594 5920 1859 5990; x_wconf 70' lang='lat' dir='ltr'><strong>promisit,</strong></span> 
     </span>
    </p>
   </div>
  </div>
