4112 6540
318 440 426 505 877

1379 442 1613 501 LIBER
1654 442 1751 500 DE
1790 441 2241 505 CONTEMPTU
2278 446 2545 508 MUNDI.

3480 453 3587 518 873

320 551 592 609 discernit
624 550 831 607 bonum
882 566 912 606 a
947 552 1112 616 malo,
1159 559 1216 607 et
1244 550 1390 606 inter
1430 552 1554 607 illos
1603 552 1697 623 qui
1727 552 1911 622 perdi-
1937 555 1984 612 Α
2013 554 2282 622 studium,
2324 559 2492 613 etiam
2523 563 2709 619 omnia
2757 562 3067 620 communis
3106 566 3231 622 vitae
3264 578 3321 624 et
3345 572 3585 627 solitudo

328 647 524 700 ierunt
544 660 688 710 eam,
722 644 1037 699 assimilavit
1060 645 1423 715 insipientibus
1446 645 1704 714 jumenlis
1729 661 1833 698 non
1856 647 1901 676 "

318 735 659 790 habentibus
694 736 963 790 rationem
990 751 1093 790 nec
1126 736 1542 792 discretionem.
1574 737 1636 791 in
1658 737 1761 792 hac
1796 737 1902 791 im-

318 828 584 899 possibile
622 838 707 883 est
757 829 1006 883 invenire
1037 829 1182 883 viam
1224 829 1320 884 Dei
1373 840 1429 884 et
1464 829 1708 885 scientiae
1738 840 1902 885 natu-

319 923 490 987 ralis;
544 930 601 976 et
644 921 762 976 haec
801 920 1064 991 praecedit
1108 921 1511 976 credulitatem.
1566 920 1692 976 Haec
1735 923 1903 977 etiam

319 1014 539 1069 ductrix
579 1024 664 1069 est
695 1014 764 1068 ad
800 1015 993 1079 Deum,
1037 1014 1168 1084 quia
1198 1014 1253 1068 in
1289 1028 1357 1068 eo
1394 1014 1777 1084 cognoscimus
1804 1013 1904 1068 bo-

318 1125 456 1163 num
506 1124 536 1164 a
580 1108 745 1162 malo.
789 1107 941 1162 Hanc
974 1107 1222 1176 recipere
1251 1106 1637 1161 credulitatem
1671 1114 1904 1161 testatur

321 1202 512 1269 utique
536 1200 712 1254 virtus
729 1209 958 1264 naturae,
981 1199 1129 1269 quod
1150 1198 1343 1253 deceat
1369 1198 1648 1253 hominem
1675 1198 1904 1254 credere

322 1293 400 1345 illi
436 1293 531 1361 qui
567 1291 821 1361 perducit
855 1290 923 1345 ad
956 1288 1294 1346 Creatorem.
1330 1290 1456 1345 Haec
1488 1290 1672 1345 omnia
1700 1298 1757 1345 et
1784 1305 1905 1345 cre-

322 1384 455 1439 dere
497 1382 607 1454 (49)
651 1384 835 1439 verbis
865 1383 1249 1438 mandatorum
1301 1399 1496 1438 eorum
1525 1391 1582 1438 et
1627 1382 1808 1438 facere
1839 1399 1905 1438 ea

321 1495 447 1549 quae
477 1494 544 1532 ex
576 1477 903 1532 credulitate
933 1486 1259 1531 nascuntur.

394 1567 673 1624 Naturalis
711 1583 845 1623 vero
898 1568 1130 1623 scientia
1169 1583 1291 1638 quae
1338 1576 1423 1624 est
1462 1567 1725 1623 discretio
1773 1566 1903 1621 boni

323 1670 385 1715 et
430 1662 580 1725 mali,
616 1676 737 1732 quae
777 1677 843 1716 ex
905 1661 1018 1715 Deo
1064 1668 1149 1716 est
1203 1659 1458 1730 imposita
1511 1672 1745 1727 naturae,
1802 1676 1905 1716 nec

323 1755 571 1827 suggerit
604 1754 763 1810 nobis
794 1769 915 1824 quae
944 1752 1141 1808 debeat
1176 1752 1402 1808 credere
1430 1754 1544 1809 Deo
1573 1754 1667 1824 qui
1696 1754 1905 1824 produ-

326 1849 405 1904 cit
447 1847 652 1902 omnia.
688 1847 757 1901 Et
800 1846 1100 1901 credulitas
1150 1846 1282 1901 facit
1326 1847 1381 1900 in
1419 1846 1581 1903 nobis
1615 1847 1901 1915 timorem;

326 1948 384 1993 et
429 1939 594 1992 timor
639 1936 919 2007 compellit
965 1952 1066 1991 nos
1118 1938 1391 2007 poenitere
1440 1952 1504 1992 ac
1553 1938 1808 2008 operari;
1852 1946 1909 1993 et

330 2031 478 2085 Deus
510 2037 594 2083 est
624 2028 782 2082 dator
822 2029 1122 2098 spiritualis
1174 2030 1419 2085 scientia:
1450 2030 1735 2085 hominum
1789 2047 1911 2101 qua:

326 2130 414 2175 est
459 2120 740 2191 perceptio
781 2130 1144 2187 secretorum,
1185 2138 1307 2191 quae
1363 2123 1508 2192 parit
1555 2122 1719 2178 fidem
1766 2139 1910 2179 verae

326 2213 832 2284 contemplationis.
880 2213 1126 2269 Diximus
1182 2224 1240 2269 et
1291 2230 1403 2269 non
1454 2215 1801 2285 simpliciter,
1844 2231 1911 2271 ex

328 2309 655 2366 credulitate
700 2316 913 2362 tantum
945 2307 1092 2362 nuda
1126 2306 1373 2362 nascitur
1402 2307 1706 2377 spiritualis
1727 2308 1911 2365 scien-

331 2403 427 2467 tia,
466 2403 610 2458 sicut
629 2401 768 2457 dixit
788 2410 1011 2457 sanctus
1024 2400 1263 2455 Joannes
1286 2399 1727 2472 Chrysostomus.
1754 2400 1911 2467 Quod

328 2495 552 2566 quando
600 2494 725 2566 quis
778 2493 1100 2564 acquisierit
1132 2494 1476 2548 voluntatem
1527 2492 1792 2562 sequendi
1839 2494 1911 2548 ti-

330 2602 540 2643 morem
591 2586 688 2641 Dei
732 2596 788 2642 et
835 2594 1106 2641 secretam
1147 2586 1519 2656 prudentiam,
1561 2588 1672 2643 cito
1718 2589 1913 2659 recipit

330 2679 727 2735 revelationem
761 2686 1123 2743 secretorum,
1150 2679 1205 2734 id
1227 2689 1331 2742 est,
1363 2680 1702 2750 spiritualem
1733 2681 1912 2736 scien-

332 2771 467 2825 tiam
506 2770 767 2826 hominis.
813 2770 1002 2824 Timor
1039 2779 1224 2824 autem
1279 2770 1375 2824 Dei
1419 2770 1565 2840 parit
1616 2770 1759 2825 hanc
1802 2772 1913 2841 spi-

332 2866 591 2922 ritualem
642 2863 928 2920 scientiam
960 2882 972 2916 :
1016 2863 1145 2933 quia
1189 2863 1244 2917 in
1282 2873 1480 2917 natura
1519 2878 1630 2917 non
1667 2871 1750 2918 est
1777 2863 1912 2934 adji-

331 2961 508 3024 ciens,
551 2960 703 3015 nasci
742 2974 854 3013 non
889 2965 1070 3028 potest
1111 2974 1125 3009 :
1156 2955 1253 3011 sed
1278 2955 1657 3011 accidentatur
1681 2956 1911 3011 scientia

333 3053 471 3117 haec,
524 3051 655 3106 dum
692 3050 753 3104 ﬁt
784 3049 1031 3119 operatio
1068 3048 1123 3102 in
1166 3049 1360 3103 timore
1393 3048 1526 3114 Dei;
1578 3058 1633 3103 et
1674 3049 1909 3114 invenis,

333 3146 464 3215 quia
484 3142 805 3214 poenitentia
833 3150 889 3197 et
918 3140 1149 3197 scientia
1179 3139 1483 3210 spiritualis
1509 3140 1627 3195 haec
1658 3150 1764 3197 est.
1787 3142 1914 3197 Haec

334 3237 608 3308 siquidem
638 3250 802 3306 quam
834 3233 1093 3297 diximus,
1121 3233 1269 3302 quod
1300 3232 1420 3303 ejus
1445 3232 1669 3287 arrham
1704 3235 1915 3303 recepi-

334 3346 461 3386 mus
500 3330 557 3385 in
614 3328 962 3399 baptismate,
1003 3324 1384 3396 paenitentiam
1418 3341 1547 3381 vero
1576 3326 1906 3397 recepimus,

333 3424 544 3477 donum
589 3421 735 3491 ejus;
785 3427 841 3475 et
900 3417 1106 3473 donum
1165 3432 1386 3487 quoque
1454 3417 1600 3487 quod
1673 3417 1914 3473 diximus

334 3514 559 3587 quando
583 3529 681 3583 per
704 3511 1082 3582 paenitentiam
1115 3509 1446 3578 recepimus,
1474 3521 1559 3565 est
1587 3511 1704 3566 hinc
1728 3511 1912 3566 scien-

339 3609 435 3672 tia,
460 3662 465 3667 ,
486 3603 769 3675 spirituale
802 3602 1009 3657 donum
1036 3600 1270 3667 scilicet,
1306 3601 1455 3671 quod
1478 3617 1577 3672 per
1611 3600 1911 3657 efﬁcaciam

334 3698 553 3759 timoris
589 3695 684 3751 Dei
738 3694 923 3750 datur.

961 3805 1185 3863 CAPUT
1228 3805 1292 3862 L.

796 3900 874 3954 De
900 3901 1119 3955 scientia
1169 3897 1456 3969 spirituali.

411 4016 729 4088 Spiritualis
775 4013 1007 4069 scientia
1054 4020 1137 4066 est
1189 4011 1533 4066 occultorum
1586 4009 1911 4081 perceptio:

338 4121 395 4166 et
441 4108 661 4180 quando
709 4108 835 4177 quis
884 4104 1201 4176 hujusmodi
1258 4103 1557 4158 invisibilia
1590 4144 1605 4168 ,
1656 4112 1713 4159 et
1758 4102 1916 4158 valde

341 4207 668 4270 superacuta
699 4196 947 4260 assumit,
987 4212 1055 4249 ex
1082 4195 1169 4250 his
1202 4194 1503 4265 spiritualis
1546 4195 1789 4250 scientia:
1819 4209 1917 4249 no-

342 4306 468 4345 men
508 4289 754 4343 nascitur
796 4287 852 4341 in
902 4286 1074 4355 ipsius
1122 4285 1499 4355 perceptione,
1529 4294 1586 4341 et
1621 4286 1917 4341 credulitas

339 4381 447 4435 alia
489 4395 613 4450 quae
654 4362 766 4433 non
801 4384 889 4432 est
926 4376 1200 4433 contraria
1242 4377 1451 4445 primae,
1476 4376 1572 4431 sed
1606 4376 1916 4432 certiﬁcans

340 4472 727 4527 credulitatem
772 4470 918 4523 illam
951 4482 1072 4537 quae
1098 4476 1202 4533 est,
1237 4475 1293 4522 et
1323 4468 1511 4522 vocavi
1545 4482 1663 4521 eam
1718 4468 1918 4522 credu-

2010 644 2315 702 divinitatis
2335 650 2475 719 ejus,
2519 650 2712 719 petitio
2745 666 2868 706 cum
2902 655 3108 723 gemitu
3138 672 3168 710 a
3202 659 3314 713 Deo
3344 660 3585 717 intrandi

2009 738 2079 792 ad
2116 749 2331 808 portam
2362 741 2465 811 31
2509 743 2691 808 istam,
2721 760 2843 814 quae
2866 757 2950 801 est
2983 749 3164 803 omnis
3187 759 3399 806 natura:
3430 753 3588 808 istius

2010 840 2310 903 conceptus
2366 835 2577 899 mundi,
2625 844 2681 890 et
2723 839 2957 893 multum
3010 856 3110 910 pro
3162 842 3370 897 virtute
3408 855 3590 900 certa-

2011 940 2159 979 men.

2081 1016 2207 1072 Haec
2239 1018 2423 1074 omnia
2458 1019 2817 1075 inveniuntur
2846 1021 2901 1075 in
2934 1024 3160 1079 scientia
3202 1027 3438 1081 naturali
3472 1046 3484 1081 :
3511 1027 3588 1082 fa-

2012 1107 2120 1163 ciat
2149 1124 2281 1180 ergo
2303 1111 2651 1167 collationem
2680 1113 2747 1168 de
2784 1114 3160 1183 spiritualibus
3190 1120 3451 1188 operibus
3477 1122 3593 1177 suis

1953 1260 1964 1275 ,
2010 1210 2067 1257 et
2094 1201 2230 1269 ista;
2260 1211 2316 1258 et
2355 1218 2479 1259 cum
2511 1206 2766 1261 inventus
2800 1207 2966 1263 fuerit
3000 1209 3055 1263 in
3098 1209 3237 1277 istis,
3275 1213 3333 1266 in
3373 1214 3459 1268 via
3492 1231 3590 1269 na-

2013 1294 2178 1348 turali
2204 1294 2477 1361 ambulet;
2509 1305 2564 1351 et
2584 1298 2805 1367 quando
2827 1299 2895 1354 de
2921 1301 3008 1355 his
3032 1301 3200 1357 fuerit
3222 1304 3418 1368 elatus,
3446 1317 3502 1361 et
3521 1308 3591 1362 ad

2012 1388 2338 1443 charitatem
2370 1391 2622 1459 pervenit
2676 1393 2947 1448 extollens
2991 1409 3158 1464 supra
3201 1406 3477 1467 naturam,
3535 1411 3593 1457 et

2012 1482 2223 1536 recedit
2251 1482 2320 1537 ab
2351 1499 2417 1538 eo
2442 1492 2721 1539 certamen
2751 1492 2808 1537 et
2845 1486 3008 1542 timor
3037 1490 3094 1543 et
3122 1490 3277 1544 labor
3305 1502 3361 1547 et
3402 1492 3594 1564 fatiga-

2014 1573 2092 1627 tio
2134 1589 2255 1644 quae
2296 1577 2549 1633 consistit
2595 1579 2649 1635 in
2686 1582 2919 1637 cunctis.
2962 1583 3089 1638 Haec
3132 1592 3262 1638 sunt
3304 1586 3592 1654 sequentia

2013 1664 2297 1720 scientiam
2336 1671 2665 1735 naturalem,
2696 1686 2753 1728 et
2786 1674 2903 1731 haec
2944 1675 3136 1731 eadem
3178 1676 3492 1734 invenimus
3534 1680 3591 1733 in

2014 1757 2196 1822 nobis,
2229 1761 2449 1828 quando
2480 1764 2785 1820 revelamus
2814 1782 2934 1821 eam
2966 1769 3251 1824 voluntate
3282 1779 3469 1824 nostra
3496 1788 3593 1825 vo-

2014 1846 2303 1919 luptuosa;
2326 1860 2384 1906 et
2407 1853 2462 1907 in
2494 1854 2582 1909 his
2601 1856 2765 1911 donis
2786 1860 3151 1930 pertingimus
3174 1861 3241 1916 ad
3268 1863 3589 1917 charitatem

2011 1956 2134 2010 quae
2163 1957 2265 1998 nos
2298 1943 2500 1999 liberat
2542 1946 2610 2001 ab
2635 1950 2893 2006 omnibus
2938 1951 3045 2006 his.
3089 1952 3169 2007 Ex
3217 1968 3384 2024 supra
3428 1955 3591 2011 dictis

2011 2049 2142 2105 ergo
2167 2036 2601 2094 consolationem
2630 2040 2791 2097 faciat
2819 2045 2963 2112 quis,
3002 2054 3059 2100 et
3091 2058 3467 2116 perscrutetur
3505 2065 3592 2103 se-

2011 2126 2305 2197 metipsum
2351 2130 2407 2184 in
2474 2133 2676 2201 quibus
2708 2135 2972 2203 ambulat,
3005 2146 3188 2192 utrum
3234 2139 3290 2193 in
3323 2140 3431 2195 illis
3470 2158 3592 2211 quae

2012 2230 2143 2276 sunt
2176 2229 2367 2277 contra
2393 2234 2671 2283 naturam.
2697 2227 2777 2281 Ex
2806 2228 2985 2284 modis
3018 2231 3259 2299 perfecte
3290 2234 3589 2302 praedictis,

2012 2310 2123 2366 cito
2145 2312 2269 2381 quis
2312 2313 2561 2370 invenire
2590 2325 2769 2386 potest
2799 2320 3044 2389 regimen
3089 2322 3257 2378 totius
3299 2324 3400 2379 viae
3443 2339 3589 2391 sum;

2012 2412 2223 2459 etcum
2264 2421 2375 2460 non
2418 2406 2585 2463 fuerit
2614 2408 2870 2466 inventus
2903 2411 2959 2466 in
2999 2412 3086 2469 his
3127 2429 3250 2483 quae
3288 2417 3590 2473 secundum

2012 2506 2263 2551 naturam
2296 2497 2441 2554 dicta
2482 2510 2611 2555 sunt
2656 2516 2687 2555 a
2729 2502 2891 2557 nobis
2915 2519 3038 2574 qua:
3079 2506 3445 2575 distinximus,
3491 2526 3619 2577 nec,

2013 2596 2096 2641 est
2130 2587 2187 2642 in
2222 2589 2453 2659 his-quae
2478 2600 2608 2646 sunt
2633 2609 2825 2663 supra;
2852 2596 3202 2654 manifestum
3230 2609 3335 2667 est,
3366 2603 3512 2671 quod
3539 2603 3593 2658 in

2015 2679 2123 2734 illis
2148 2696 2270 2750 quae
2295 2690 2483 2739 contra
2509 2694 2758 2741 naturam
2790 2697 2938 2753 sunt,
2967 2690 3222 2749 detectis.

2627 2799 2851 2856 CAPUT
2892 2802 2976 2858 Li.

2540 2890 2619 2943 De
2664 2895 3059 2950 tentationibus.

2082 2996 2203 3053 Non
2237 3008 2321 3054 est
2354 3000 2499 3055 enim
2528 3004 2760 3058 tentatio
2792 3004 2935 3061 bona
2970 3022 3090 3077 quae
3117 3020 3228 3063 non
3269 3009 3329 3065 ﬁt
3358 3025 3388 3065 a
3420 3014 3591 3082 gratia

2015 3089 2201 3146 divina
2240 3092 2516 3150 incidente
2556 3095 2612 3148 in
2658 3098 2845 3163 corde,
2874 3115 2978 3155 nec
3006 3102 3265 3171 cogitatio
3295 3104 3436 3158 mala
3463 3121 3594 3175 pro-

2016 3183 2221 3251 pinqua
2244 3191 2328 3237 est
2352 3184 2570 3251 animm,
2596 3184 2701 3241 nisi
2736 3187 2804 3241 ad
2847 3189 3205 3245 tentationem
3233 3202 3289 3247 et
3313 3193 3595 3262 probatio-

1943 3254 1986 3314 θ
2018 3289 2165 3329 nem.
2195 3274 2370 3329 Homo
2399 3277 2494 3346 qui
2526 3279 2778 3347 pervenit
2820 3279 2888 3333 ad
2939 3280 3275 3352 agnitionem
3324 3298 3594 3339 mensurae

2016 3366 2373 3433 inﬁrmitatis,
2402 3368 2495 3423 hic
2523 3370 2593 3424 ad
2621 3370 2949 3427 humilitatis
2971 3373 3365 3443 perfectionem
3398 3392 3596 3447 perve-

2015 3460 2117 3514 nit.
2179 3458 2282 3525 Qui
2334 3461 2593 3516 conducit
2656 3462 2991 3519 charismata
3049 3466 3146 3520 Dei
3205 3467 3274 3521 ad
3309 3468 3589 3524 hominem

2014 3553 2196 3607 cordis
2227 3562 2283 3608 et
2311 3553 2457 3623 quod
2496 3553 2564 3608 ad
2590 3553 2995 3609 indeﬁcientem
3022 3558 3369 3626 negationem
3403 3575 3593 3614 move-

2015 3650 2128 3706 tur,
2161 3644 2254 3712 qui
2289 3645 2547 3699 conducit
2590 3646 2945 3699 tentationem
2989 3648 3057 3701 ad
3093 3649 3352 3714 animam,
3384 3651 3594 3721 cogita-

2017 3745 2106 3789 tus
2122 3744 2205 3790 est
2220 3738 2673 3792 murmurationis
2689 3738 2781 3807 qui
2808 3750 3059 3813 movetur
3079 3756 3296 3811 semper
3314 3743 3368 3796 in
3388 3744 3554 3798 corde
3575 3763 3589 3798 :

2016 3841 2207 3882 omnes
2233 3826 2576 3884 inﬁrmitates
2598 3829 2838 3885 hominis
2864 3832 3101 3887 sustinet
3123 3833 3286 3899 Deus,
3315 3834 3593 3891 hominem

2016 3928 2454 3975 murmurantem
2510 3937 2621 3975 non
2671 3923 2909 3978 sustinet
2959 3925 3066 3979 nisi
3122 3927 3362 3997 corrigat
3406 3945 3419 3981 :
3467 3943 3593 3983 cum

2016 4010 2198 4065 anima
2228 4010 2375 4065 enim
2417 4013 2565 4066 omni
2601 4023 2751 4069 caret
2798 4013 3198 4072 illuminatione
3243 4017 3507 4082 scientiae,
3540 4019 3595 4073 in

2018 4102 2332 4174 hujusmodi
2382 4105 2683 4158 tentatione
2732 4104 3034 4160 invenitur.
3082 4105 3156 4161 Os
3198 4122 3335 4161 vero
3380 4122 3598 4178 semper

2016 4195 2247 4250 laudans
2297 4195 2490 4259 Deum,
2544 4196 2984 4252 benedictionem
3036 4199 3233 4268 accipit
3282 4214 3312 4253 a
3356 4201 3487 4265 Deo,
3543 4210 3599 4254 ct

2018 4300 2377 4356 perseverans
2412 4285 2466 4340 in
2501 4286 2812 4341 actionibus
2840 4289 3163 4358 gratiarum,
3197 4290 3253 4344 in
3282 4290 3460 4360 ipsum
3502 4307 3598 4345 su-

2019 4378 2272 4448 pervenit
2304 4395 2317 4432 :
2346 4378 2575 4449 gratiam
2620 4381 2909 4449 praecurrit
2953 4382 3256 4449 humilitas,
3290 4395 3347 4439 et
3390 4385 3599 4455 cogita-

2021 4470 2226 4525 tionem
2254 4470 2518 4540 prtecedit
2539 4472 2807 4539 operatio.
2833 4470 2936 4537 Qui
2960 4475 3229 4542 superbit,
3259 4477 3314 4526 in
3347 4474 3599 4543 blasphe-

340 4563 549 4619 litatem
592 4556 1075 4628 contemplationis
1108 4573 1123 4610 :
1157 4571 1331 4625 usque
1382 4556 1514 4609 illuc
1558 4563 1643 4610 est
1671 4556 1912 4620 auditus,
1948 4586 1991 4642 ο
2021 4561 2131 4613 mia
2165 4559 2361 4615 cadere
2402 4560 2761 4629 permittitur,
2797 4569 2853 4614 et
2882 4563 2977 4630 qui
3020 4562 3089 4616 de
3124 4565 3441 4632 operatione
3487 4566 3596 4617 vir—

338 4662 597 4726 aspectus
630 4667 765 4708 vero
814 4650 1021 4705 certior
1052 4658 1137 4704 est
1166 4648 1377 4702 auditu.
1413 4647 1541 4703 Haec
1579 4663 1707 4718 ergo
1731 4649 1915 4704 omnia

339 4764 407 4803 ex
435 4748 528 4802 illa
565 4745 796 4801 scientia
826 4743 1177 4797 discernente
1211 4738 1417 4792 bonum
1447 4754 1478 4793 a
1510 4740 1654 4793 malo
1686 4754 1807 4808 quae
1833 4747 1919 4793 est

341 4840 398 4893 in
450 4846 668 4899 natura,
713 4840 1052 4897 nascuntur;
1093 4839 1150 4885 et
1205 4845 1395 4885 semen
1442 4830 1648 4885 bonum
1700 4830 1919 4885 virtutis

340 4939 447 4995 est,
495 4929 643 5000 quod
681 4932 794 4997 jam
836 4926 1046 4980 dictum
1089 4930 1195 4979 est.
1229 4921 1457 4988 Quando
1485 4936 1617 4975 vero
1646 4922 1788 4976 hanc
1819 4937 1919 4975 na-

341 5022 575 5078 turalem
594 5019 875 5075 scientiam
902 5015 1329 5071 revelaverimus
1352 5012 1407 5067 in
1428 5014 1709 5067 voluntate
1730 5022 1917 5068 nostra

338 5116 695 5185 voluptuosa,
742 5127 809 5167 ex
855 5109 1115 5164 omnibus
1156 5107 1244 5162 his
1291 5105 1452 5161 bonis
1491 5106 1709 5161 excedit
1753 5105 1862 5177 (50)
1897 5122 1913 5158 π

342 5209 598 5278 sequitur
649 5218 779 5273 ergo
823 5202 968 5257 hanc
1014 5200 1301 5257 scientiam
1353 5199 1612 5253 continua
1661 5199 1912 5264 scientia,

341 5298 609 5355 memoria
660 5295 873 5361 mortis,
927 5292 1251 5349 indeﬁciens
1303 5290 1615 5345 sollicitudo
1665 5290 1913 5360 quaedam

342 5398 682 5446 tormentum
732 5387 1027 5450 exsistens,
1095 5398 1270 5453 usque
1315 5381 1385 5436 ad
1428 5381 1635 5435 exitum
1686 5381 1851 5435 istum
1893 5397 1908 5435 :

342 5490 466 5554 post
492 5482 635 5536 hanc
677 5479 952 5534 tristitiam
978 5487 1035 5533 et
1065 5475 1404 5541 mmstitiam,
1440 5474 1605 5531 timor
1639 5474 1761 5539 Dei;
1794 5490 1915 5545 quae

341 5584 427 5632 est
454 5592 485 5629 a
520 5583 716 5629 natura
742 5572 965 5627 tristitia
1004 5585 1106 5640 pro
1132 5568 1407 5639 prioribus
1429 5568 1668 5639 peccatis
1714 5567 1915 5624 decens

414 5688 461 5719 "
502 5688 647 5743 Psal.
700 5700 883 5752 vatn,
938 5684 1024 5747 15,
1057 5683 1147 5737 21.

417 5809 529 5879 (69)
558 5807 627 5879 Et
653 5806 795 5861 cred.
827 5805 1010 5879 Forte,
1036 5803 1276 5879 estfred.

418 5872 530 5955 (50')
562 5878 800 5933 Excedit.
841 5874 950 5941 AL,
976 5872 1197 5926 accedis.

2021 4658 2201 4703 tutum
2224 4649 2526 4717 extollitur,
2550 4657 2606 4704 et
2627 4648 2719 4718 qui
2743 4650 2915 4704 Deum
2941 4666 3055 4719 prae
3078 4652 3255 4707 oculis
3278 4668 3388 4706 non
3411 4654 3596 4716 habet,

2016 4750 2207 4796 contra
2239 4742 2410 4795 Deum
2439 4741 2525 4795 vel
2575 4750 2768 4796 contra
2800 4743 3107 4811 proximum
3139 4759 3355 4813 semper
3386 4756 3596 4814 pensat,

2018 4832 2074 4886 in
2103 4830 2520 4886 fornicationem
2547 4830 2890 4900 permittitur
2916 4832 3133 4897 cadere,
3157 4842 3212 4887 et
3236 4834 3302 4887 de
3330 4835 3599 4903 sapientia

2017 4924 2264 4977 elevatur
2297 4921 2431 4993 (51),
2464 4922 2787 4975 tenebrosus
2819 4922 3141 4992 ignorantiae
3173 4924 3399 4995 laqueos
3423 4926 3599 4995 patie-

2022 5026 2133 5071 tur.
2167 5012 2272 5079 Qui
2319 5013 2530 5084 ignorat
2579 5028 2798 5067 omnem
2843 5014 3124 5069 hominem
3171 5017 3436 5071 memoria
3471 5019 3597 5083 Dei,

2022 5110 2285 5165 auxilium
2322 5110 2533 5165 invenit
2563 5109 2632 5165 ab
2664 5111 2813 5164 omni
2843 5110 3066 5166 homine
3102 5111 3157 5165 in
3201 5112 3418 5166 occulto
3445 5113 3598 5166 vultu

2024 5202 2142 5256 Dei.
2178 5200 2281 5268 Qui
2312 5216 2369 5255 se
2396 5200 2585 5272 objicit
2626 5216 2727 5271 pro
2756 5201 2954 5273 injuria
2991 5202 3282 5272 patienter,
3311 5204 3483 5258 Deum
3512 5205 3599 5259 in-

2022 5293 2209 5347 veniet
2256 5292 2635 5346 auxiliatorem
2685 5291 2809 5345 sibi.
2842 5292 2946 5359 Qui
2979 5308 3080 5362 pro
3127 5293 3332 5348 malitia
3373 5294 3597 5350 fratrem

2024 5400 2183 5441 suum
2219 5393 2462 5448 accusat,
2497 5384 2667 5438 Deum
2718 5384 2960 5438 inveniet
2998 5396 3370 5441 accusatorem
3413 5403 3596 5443 suum.

2023 5475 2127 5543 Qui
2148 5475 2363 5529 occulte
2386 5475 2696 5545 proximum
2719 5476 2967 5546 corrigit,
2989 5477 3251 5532 malitiam
3272 5479 3390 5548 ejus
3411 5480 3596 5534 sentit.

2022 5569 2127 5638 Qui
2154 5584 2288 5624 vero
2314 5569 2369 5623 in
2395 5579 2671 5624 conventu
2711 5577 2935 5625 accusat
2962 5569 3181 5641 delicta,
3209 5572 3440 5629 vulnera
3468 5588 3595 5629 exs.

2098 5802 2210 5874 (5|)
2246 5801 2521 5857 Eleuatur.
2552 5801 2631 5857 An
2669 5800 2948 5856 elevatus?
