4112 6544
453 458 560 521 879

1822 446 1882 507 S.
1923 443 2172 505 ISAACI
2207 441 2381 503 SYRI

3557 435 3732 499 .880

454 563 667 621 cerbat.
686 557 790 628 Qui
819 556 1037 613 occulte
1059 555 1286 629 corrigit
1313 553 1538 612 fratrem
1572 566 1756 618 suum,
1782 550 2040 606 affectum
2074 558 2115 610 Α
2145 548 2210 604 ad
2259 547 2570 612 scientiam,
2602 555 2658 603 et
2690 557 2940 618 protectn
2974 547 3332 603 scientiarum
3362 543 3604 616 proficit,
3631 543 3736 599 do-

456 655 744 712 charitatis
772 651 1019 708 ostendit
1053 667 1067 705 :
1099 650 1311 705 amicus
1337 649 1394 704 in
1429 647 1647 704 occulto
1677 644 2040 715 redarguens,

456 749 679 820 sapiens
720 743 970 800 medicus
999 752 1103 799 est.
1133 741 1359 814 Signum
1393 737 1792 812 eompassionis
1818 743 1905 792 est
1946 734 2047 790 de-

460 841 561 898 biti
593 837 934 909 indulgentia
965 853 980 891 :
1010 843 1068 890 et
1099 834 1317 906 signum
1348 833 1502 888 malae
1535 828 1894 903 operationis,
1927 827 2047 883 cul-

459 931 614 1003 panti
645 927 1049 986 contradicere.
1079 925 1185 993 Qui
1222 923 1290 980 ad
1336 923 1629 980 sanitatem
1664 917 2044 991 reprehendit,

462 1025 518 1079 in
545 1022 817 1079 charitate
840 1018 1072 1091 corrigit
1101 1035 1116 1072 :
1152 1017 1246 1089 qui
1284 1025 1466 1072 autem
1496 1013 1698 1085 quaerit
1719 1010 2046 1074 vindictam,

463 1115 518 1170 in
563 1115 748 1168 animo
788 1111 908 1168 sine
941 1107 1231 1166 charitate.
1261 1106 1409 1162 Deus
1443 1104 1499 1161 in
1525 1103 1794 1160 charitate
1823 1098 2052 1171 corrigit

463 1220 576 1260 non
610 1200 904 1266 ulciscens,
929 1199 1025 1255 sed
1050 1198 1250 1269 quaerit
1279 1204 1337 1251 ut
1361 1201 1588 1250 sanetur
1615 1191 1793 1262 imago
1823 1186 1964 1262 ejus,
1993 1196 2052 1244 et
2101 1196 2104 1198 ‘

463 1296 534 1353 ad
563 1305 784 1365 tempus
811 1307 924 1348 non
952 1297 1136 1346 servat
1172 1288 1308 1343 iram
1337 1300 1512 1356 usque
1541 1302 1558 1340 :
1584 1284 1677 1339 hic
1701 1281 1899 1337 modus
1920 1280 2053 1336 elia-

463 1387 644 1444 ritatis
667 1401 735 1442 ex
775 1381 1112 1440 rectitudine
1146 1387 1252 1444 est,
1280 1388 1337 1433 et
1370 1376 1645 1432 malitiose
1685 1372 1754 1428 ad
1798 1385 2052 1428 commu-

466 1479 802 1537 nicationem
832 1491 944 1531 non
970 1473 1230 1530 declinat.
1260 1472 1452 1527 Justus
1489 1467 1709 1539 sapiens
1742 1461 1940 1522 similis
1969 1473 2054 1520 est

467 1575 581 1628 Deo
607 1589 622 1626 :
648 1586 757 1625 non
801 1567 1029 1638 corrigit
1063 1566 1338 1622 ulciscens
1367 1561 1655 1625 malitiam,
1700 1560 1797 1615 sed
1831 1564 1893 1613 ut
1924 1573 2054 1613 cor-

467 1675 654 1721 rectus
695 1660 988 1732 dirigatur,
1016 1665 1078 1713 ut
1110 1655 1295 1712 eaateri
1324 1661 1575 1710 caveant.
1608 1650 1893 1708 Correctio
1921 1649 2056 1706 huic

467 1751 799 1813 correctioni
829 1767 942 1806 non
969 1759 1054 1806 est
1080 1747 1388 1804 dissimilis.
1419 1745 1525 1813 Qui
1566 1759 1698 1801 vero
1744 1744 1801 1799 in
1831 1742 2054 1799 fortitu-

466 1848 597 1905 dine
625 1862 738 1902 suae
779 1843 1026 1900 scientia:
1057 1840 1339 1897 admirans
1378 1839 1436 1894 in
1475 1837 1940 1908 contemplatione
1967 1835 2054 1891 di-

464 1941 612 1998 vina:
651 1936 920 2004 scientiae,
966 1933 1374 2005 contemplatur
1405 1929 1841 2003 magnitudinem
1874 1927 2058 1984 carnis

469 2030 853 2104 inquisitione,
883 2044 914 2084 a
941 2027 1147 2082 virtute
1175 2040 1287 2081 non
1317 2024 1553 2090 derivat,
1578 2032 1636 2080 et
1667 2024 1723 2079 in
1759 2021 1924 2078 corde
1955 2036 2057 2076 suo

468 2125 739 2182 elevatur.
771 2120 878 2189 Qui
921 2119 1110 2190 dirigit
1141 2127 1384 2174 mentem
1417 2131 1573 2173 suam
1604 2116 1672 2171 ad
1710 2114 1932 2187 dignam
1959 2114 2056 2169 Dei

471 2215 922 2280 retributionem,
953 2213 1072 2284 ipse
1099 2211 1167 2268 ad
1198 2210 1532 2282 profundum
1575 2207 1904 2265 humilitatis
1932 2222 2058 2262 cor-

470 2324 608 2381 pore
633 2317 690 2364 et
711 2307 896 2362 anima
923 2303 1210 2361 descendit
1236 2303 1293 2358 in
1320 2303 1738 2358 conversatione
1762 2315 1860 2356 sua
1889 2317 1903 2354 :
1931 2314 2058 2354 cum

471 2411 609 2454 vero
658 2395 906 2452 scientiae
950 2394 1235 2466 proximus
1266 2400 1415 2448 totus
1443 2390 1753 2447 elevatione
1787 2390 2056 2456 elevatur,

473 2499 532 2549 et
572 2497 1066 2561 quantumcunque
1111 2486 1359 2542 elevatus
1403 2483 1601 2551 fuerit,
1653 2482 1904 2539 ascensio
1948 2497 2061 2538 sua:

474 2583 721 2641 scientiae
753 2597 863 2637 non
889 2578 1198 2652 perficitur,
1233 2577 1411 2634 donec
1450 2575 1637 2648 gloria:
1669 2574 1929 2631 saeculum
1961 2589 2062 2644 per

475 2691 536 2732 se
578 2681 878 2746 quaeratur.
924 2670 1203 2737 Quantum
1254 2668 1383 2739 quis
1419 2666 1636 2738 prolicit
1676 2664 1822 2736 apud
1865 2664 2058 2730 Deum,

477 2774 693 2823 tantum
727 2765 849 2836 ejus
879 2761 1127 2832 vestigiis
1153 2759 1488 2826 adhaerebit;
1512 2765 1569 2814 et
1595 2758 1652 2813 in
1684 2756 1928 2813 secundo
1956 2771 2060 2812 sae-

475 2859 604 2916 culo
636 2855 834 2912 faciem
864 2851 1109 2909 ostendit
1150 2850 1253 2918 illi,
1280 2867 1391 2906 non
1422 2849 1572 2922 quod
1605 2858 1692 2906 est
1720 2866 1735 2904 :
1760 2849 1890 2920 quia
1927 2848 2062 2920 justi

477 2953 534 3008 in
557 2947 760 3007 saeculo
784 2947 950 3004 etiam
976 2944 1138 3001 fidem
1161 2943 1260 2999 Dei
1294 2943 1349 2998 in
1373 2941 1662 3014 aenigmate
1689 2939 2060 3011 conspiciunt,

478 3043 535 3100 in
573 3041 766 3098 futuro
805 3053 938 3096 vero
979 3034 1480 3093 manifestationem
1521 3031 1774 3090 veritatis
1811 3039 2064 3089 contem-

476 3135 722 3209 plantur.

550 3223 695 3296 lgnis
720 3222 776 3277 in
805 3219 968 3276 siccis
987 3218 1153 3292 lignis
1171 3231 1436 3272 accensus
1450 3213 1726 3271 dillicilius
1745 3214 2064 3285 exstingue-

479 3326 592 3373 tur.
618 3315 688 3370 Et
711 3312 859 3368 calor
881 3309 979 3366 Dei
1006 3309 1102 3380 qui
1129 3307 1190 3363 ﬁt
1215 3315 1270 3363 et
1299 3305 1497 3362 incidit
1523 3304 1591 3361 ad
1616 3321 1713 3362 cor
1739 3305 2066 3361 renuntians

480 3405 704 3468 saeculo,
729 3403 851 3476 ejus
880 3400 1072 3472 ignitio
1097 3413 1209 3454 non
1240 3397 1630 3470 exstinguitur,
1657 3405 1714 3452 et
1741 3404 1826 3451 est
1855 3394 2066 3451 acutior

482 3499 628 3570 igne.
659 3495 757 3554 Vel
787 3494 978 3550 vinum
1007 3490 1256 3547 membra
1277 3489 1594 3561 subjectans
1617 3488 1894 3553 omnibus,
1924 3487 2068 3543 obli-

480 3589 702 3644 vionem
741 3583 957 3641 inducit
997 3579 1322 3638 fortitudine
1365 3594 1496 3647 sua;
1535 3586 1594 3635 et
1632 3594 1759 3635 cum
1801 3577 2069 3635 memoria

482 3679 581 3737 Dei
634 3693 797 3734 usum
850 3684 1001 3732 tenet
1044 3674 1103 3730 in
1149 3682 1354 3739 mente,
1395 3670 1694 3728 visibilium
1745 3670 2070 3726 memoriam

484 3774 628 3830 tollit
652 3789 683 3828 a
714 3770 902 3828 corde.
935 3768 1088 3825 Mens
1119 3769 1242 3839 quae
1278 3765 1490 3822 invenit
1530 3764 1857 3836 sapientiam
1903 3763 2070 3835 spiri-

483 3873 594 3926 tus,
611 3860 809 3917 similis
837 3868 921 3916 est
951 3858 1030 3913 illi
1051 3857 1147 3929 qui
1175 3857 1488 3913 naviculam
1518 3865 1766 3927 paratam
1794 3855 1862 3911 ad
1891 3863 2070 3912 trans-

485 3949 799 4006 fretandum
833 3947 1074 4016 invenit;
1104 3955 1161 4003 et
1188 3963 1315 4004 cum
1345 3946 1502 4003 sedet
1558 3945 1614 4001 in
1644 3961 1730 4011 ea,
1765 3946 2074 4002 transducit

485 4043 554 4098 de
603 4041 739 4096 mari
779 4039 991 4105 mundi,
1025 4049 1084 4096 et
1127 4038 1261 4095 facit
1308 4037 1574 4109 applicari
1625 4037 1860 4093 insulam
1901 4037 2074 4093 futuri

486 4132 672 4190 saeculi
699 4151 714 4187 :
741 4133 822 4188 sic
847 4140 934 4187 est
965 4146 1161 4188 sensus
1202 4129 1375 4185 futuri
1406 4129 1592 4185 saaculi
1623 4128 1679 4184 in
1708 4130 1816 4184 hoc
1844 4129 2072 4197 mundo,

487 4227 632 4282 sicut
671 4223 925 4279 navicula
961 4237 1130 4294 parva
1164 4221 1221 4276 in
1264 4220 1434 4287 mari;
1463 4229 1520 4276 et
1543 4219 1637 4290 qui
1668 4207 2078 4291 appropinquat

487 4315 592 4380 illi,
626 4328 738 4369 non
769 4312 1006 4368 ulterius
1029 4311 1246 4367 laborat
1271 4310 1328 4365 in
1358 4308 1619 4366 ﬂuctibus
1643 4310 1947 4380 phantasia:
1973 4311 2077 4366 hu-

373 4423 376 4430 ·
456 4409 575 4489 Ijus
607 4404 822 4460 mundi.
852 4403 1174 4476 Negotiator
1207 4410 1356 4458 sorte
1387 4417 1486 4458 sua
1521 4401 1674 4457 ﬁnita
1707 4411 1965 4474 properat
1996 4403 2076 4460 ire

2126 1212 2255 1252 -nec
2304 1197 2552 1252 inveniat
2596 1196 2950 1268 margaritam

2145 657 2250 696 nec
2303 641 2604 697 descendat
2654 641 2723 697 de
2765 640 2904 695 mari
2939 651 2996 697 et
3047 641 3115 696 ad
3159 639 3505 695 sanctitatem
3546 651 3736 692 veram

2145 734 2433 804 perveniat
2465 734 2555 788 via
2600 749 2720 798 sua,
2755 734 2811 788 in
2843 749 2950 804 qua
2999 733 3316 788 habitantes
3355 746 3467 786 non
3497 729 3740 799 amplius

2147 827 2524 898 negotiantur,
2551 827 2644 882 sed
2668 826 3047 896 unusquisque
3069 825 3125 880 in
3147 824 3262 880 suis
3281 823 3498 879 deliciis
3521 822 3742 892 requie-

2149 920 2274 976 scit.
2311 919 2514 975 Beatus
2541 919 2707 974 homo
2736 920 2897 991 cujus
2919 918 3009 973 via
3036 933 3147 973 non
3172 925 3258 972 est
3285 915 3515 972 confusa
3549 916 3606 971 in
3637 914 3743 969 hoc

2149 1013 2358 1069 mundo
2392 1029 2608 1085 magno,
2638 1013 2692 1069 id
2723 1017 2829 1080 est,
2867 1013 2924 1068 in
2955 1011 3091 1068 mari
3127 1027 3347 1083 magno.
3374 1009 3512 1066 Cum
3538 1008 3745 1081 gaudio

2149 1105 2219 1160 ad
2247 1113 2470 1178 portum
2497 1105 2593 1176 qui
2627 1113 2780 1160 natat
2809 1104 3010 1170 nudus,
3050 1104 3321 1176 mergitur
3361 1103 3418 1158 in
3453 1103 3616 1167 mari,
3643 1102 3744 1158 do-
3786 1101 3795 1178 ξ

2996 1213 3010 1251 :
3060 1204 3119 1252 et
3164 1196 3390 1266 sapiens
3433 1194 3746 1250 monachus

2151 1289 2337 1345 nudus
2369 1289 2716 1360 perambulat
2745 1289 2803 1344 in
2829 1287 2936 1344 hac
2962 1289 3096 1353 vita,
3130 1288 3309 1344 donec
3349 1287 3596 1344 inveniat
3638 1288 3746 1344 sibi

2153 1381 2551 1437 monachorum
2583 1381 2938 1451 margaritam
2970 1379 3158 1436 Jesum
3187 1377 3506 1444 Christum;
3535 1387 3746 1433 etcum

2155 1474 2432 1531 invenerit
2479 1474 2682 1544 ipsum,
2725 1488 2836 1527 non
2883 1473 3120 1544 amplius
3163 1472 3409 1542 possidet
3445 1486 3570 1528 cum
3625 1474 3750 1541 ipso

2154 1563 2380 1637 aliquod
2414 1575 2658 1620 antrum.
2686 1565 2976 1636 Margarita
3010 1565 3064 1619 in
3101 1562 3481 1635 penetralibus
3502 1550 3747 1620 custodi-

2157 1670 2250 1716 tur
2277 1677 2290 1712 :
2318 1665 2376 1714 et
2398 1659 2654 1728 voluptas
2694 1657 2948 1711 monachi
2988 1656 3138 1711 intus
3173 1654 3498 1725 quietudine
3523 1669 3750 1711 conser-

2157 1761 2338 1807 vatur.
2357 1751 2417 1805 ln
2434 1748 2858 1821 congregatione
2871 1757 2928 1804 et
2943 1747 3299 1803 multitudine
3319 1748 3476 1818 virgo
3498 1747 3748 1802 macula-

2160 1853 2281 1899 tur:
2302 1849 2359 1898 et
2383 1856 2541 1897 mens
2565 1840 2820 1895 monachi
2861 1840 3162 1894 multorum
3191 1839 3472 1894 locutione
3488 1839 3753 1894 violatur.

2087 1911 2130 1967 Β
2226 1935 2357 1991 Avis
2389 1935 2458 1989 ab
2487 1933 2640 1990 omni
2671 1933 2794 1988 loco
2823 1931 3001 1988 currit
3028 1931 3095 1986 ad
3125 1931 3317 1986 nidum
3349 1947 3534 1997 suum,
3567 1939 3630 1986 ut
3658 1947 3746 2002 pa-

2158 2036 2276 2083 scat
2321 2025 2503 2097 pullos
2551 2038 2714 2091 suos;
2750 2033 2808 2080 et
2839 2024 3146 2080 monachus
3175 2023 3448 2080 discretus
3477 2024 3754 2079 accelerat

2157 2114 2227 2169 ad
2257 2113 2634 2169 habitaculum
2679 2127 2864 2179 suum,
2895 2122 2956 2168 ut
2982 2114 3037 2168 in
3073 2129 3131 2168 se
3163 2113 3282 2184 ipso
3312 2113 3478 2169 faciat
3507 2113 3756 2169 fructum

2158 2205 2302 2260 vitae.
2357 2205 2598 2276 Serpens
2650 2220 2776 2260 cum
2830 2214 3036 2262 tactum
3103 2205 3272 2261 fuerit
3325 2213 3502 2262 totum
3551 2221 3758 2276 corpus

2158 2298 2298 2370 ejus,
2349 2297 2592 2354 custodit
2625 2305 2791 2367 caput
2822 2313 2837 2351 :
2867 2306 2924 2354 et
2957 2298 3262 2354 monachus
3304 2299 3374 2354 ab
3422 2299 3575 2354 omni
3611 2299 3762 2353 malo

2160 2390 2325 2447 fidem
2357 2405 2534 2456 suam,
2569 2405 2692 2462 quae
2723 2389 3059 2461 principium
3107 2397 3193 2445 est
3220 2389 3348 2445 vita:
3396 2405 3530 2447 suae.
3567 2389 3764 2446 Nubes

2160 2481 2341 2553 operit
2373 2481 2544 2538 solem
2575 2490 2670 2538 :et
2700 2482 2873 2537 multa
2899 2480 3068 2537 verba
3099 2481 3360 2552 operiunt
3392 2481 3632 2537 animam
3667 2481 3762 2536 in-

2161 2573 2457 2644 cipicntem
2510 2571 2814 2628 illuminari
2866 2572 2923 2628 in
2963 2573 3429 2643 contemplatione
3463 2572 3760 2629 orationis.

2161 2665 2438 2722 Herodius
2469 2665 2778 2723 secundum
2824 2663 2970 2721 dicta
3012 2664 3326 2734 sapientum
3361 2674 3494 2722 tunc
3518 2666 3766 2722 exsultat

2162 2759 2220 2814 et
2243 2759 2481 2822 laetatur,
2513 2757 2735 2828 quando
2760 2764 2845 2812 est
2877 2757 2934 2811 in
2960 2756 3184 2812 deserto
3217 2772 3232 2810 :
3268 2763 3325 2811 et
3351 2757 3536 2812 anima
3570 2765 3766 2813 nostra

2166 2858 2296 2907 tunc
2338 2848 2600 2922 gaudium
2644 2848 2848 2920 accipit
2878 2849 3125 2914 cmleste,
3160 2862 3288 2903 cum
3320 2849 3668 2920 clongaverit
3699 2865 3768 2906 se

2164 2942 2234 3000 ab
2256 2943 2363 3014 32
2397 2941 2678 3008 omnibus,
2699 2948 2756 2997 et
2783 2941 2998 2997 vadens
3020 2940 3233 2996 habitat
3265 2941 3322 2996 in
3349 2940 3574 3012 regione
3596 2941 3766 3012 quie-

2167 3034 2260 3100 tis,
2296 3043 2354 3090 et
2377 3041 2658 3104 exspectat
2691 3041 2907 3103 tempus
2939 3031 3122 3087 exitus
3148 3031 3258 3088 sui.
3299 3030 3514 3088 Dicitur
3543 3031 3613 3088 de
3655 3030 3766 3106 Sy-

2166 3140 2300 3181 rene
2353 3123 2502 3196 quod
2567 3125 2798 3180 audiens
2863 3137 3058 3179 vocem
3111 3122 3288 3193 ipsius
3344 3123 3764 3193 modulationis,

2092 3250 2134 3310 α
2167 3216 2379 3288 proprii
2421 3215 2773 3272 obliviscitur
2822 3215 3062 3281 itineris,
3114 3223 3172 3270 et
3223 3223 3421 3272 cantus
3465 3217 3770 3275 dulcedine

2167 3318 2361 3380 captus
2393 3308 2874 3375 eadensmoritur;
2909 3307 2990 3364 sic
3010 3316 3066 3364 et
3094 3323 3185 3364 res
3219 3308 3436 3377 animae,
3472 3324 3600 3364 cum
3632 3323 3767 3379 per-

2167 3401 2388 3457 venerit
2412 3401 2468 3456 in
2495 3400 2668 3471 ipsam
2701 3399 2940 3456 dulcedo
2966 3399 3208 3456 cmlestis
3241 3415 3355 3471 prae
3383 3401 3770 3457 modulatione

2169 3476 2781 3550 suavitatis’verborum
2809 3492 2926 3557 Dei,
2953 3508 3077 3564 qua!
3103 3493 3423 3549 subintrant
3444 3509 3570 3550 cum
3595 3509 3765 3550 sensu

2170 3584 2552 3652 intellectum;
2585 3585 2667 3640 sic
2693 3593 2805 3640 tota
2829 3584 2966 3640 abiit
2993 3593 3119 3655 post
3147 3584 3342 3656 ipsam,
3379 3593 3442 3642 ut
3465 3586 3767 3644 oblivisca-

2171 3686 2263 3733 tur
2296 3677 2471 3748 ipsius
2498 3676 2624 3732 vitae
2671 3676 3007 3746 temporalis,
3037 3684 3095 3732 et
3135 3677 3386 3733 destruat
3417 3693 3623 3750 corpus
3664 3679 3768 3736 de-

2170 3769 2563 3826 lectationibus
2609 3767 2746 3833 suis,
2781 3775 2838 3822 et
2881 3767 3157 3823 exaltatur
3205 3768 3274 3824 ad
3323 3769 3499 3825 Deum
3547 3770 3618 3827 de
3652 3771 3771 3828 vita

2172 3877 2292 3918 sua.
2328 3861 2512 3916 Arbor
2541 3859 2648 3915 nisi
2678 3858 2932 3931 projiciat
2959 3859 3091 3915 folia
3123 3861 3330 3931 priora,
3362 3878 3475 3918 non
3509 3863 3773 3934 producit

2174 3964 2426 4012 recentes
2451 3968 2636 4009 ramos
2664 3970 2679 4007 :
2709 3962 2767 4009 et
2790 3953 3095 4010 monachus
3129 3954 3236 4010 nisi
3271 3956 3426 4027 prius
3451 3956 3712 4029 projieiat
3736 3973 3772 4014 a

2175 4046 2342 4102 corde
2369 4061 2470 4100 suo
2500 4044 2819 4100 memoriam
2851 4044 3118 4115 priorum,
3147 4060 3258 4101 non
3285 4046 3545 4117 producit
3574 4063 3772 4104 recen-

2177 4146 2261 4192 tes
2290 4152 2472 4192 ramos
2505 4144 2563 4192 et
2595 4135 2810 4192 fructus
2838 4136 2893 4191 in
2922 4135 3146 4192 Christo
3177 4137 3330 4193 Jesu.
3360 4137 3625 4194 Ventrem
3662 4138 3771 4193 im-

2176 4229 2404 4299 pinguat
2426 4227 2643 4283 fructus
2677 4245 2692 4283 :
2724 4235 2782 4284 ct
2813 4227 3131 4285 sollicitudo
3171 4229 3269 4286 Dei
3303 4228 3519 4286 fructus
3547 4230 3769 4286 animat.

2175 4319 2344 4376 Canis
2383 4319 2480 4390 qui
2524 4319 2686 4392 lingit
2720 4320 2927 4384 ulcera,
2957 4320 3118 4391 prius
3148 4321 3469 4392 sanguinem
3513 4321 3676 4386 bibit,
3713 4331 3773 4378 et

2177 4420 2572 4468 nocumentum
2596 4427 2710 4468 non
2741 4411 2910 4468 sentit
2934 4422 3162 4484 propter
3187 4413 3539 4470 dulcedinem
3562 4430 3688 4486 qua:
3711 4413 3773 4468 fit

488 4495 714 4550 domum
745 4507 922 4559 suam,
949 4499 1008 4548 et
1039 4489 1348 4546 monachus
1382 4489 1606 4546 residuo
1631 4490 1759 4546 vitae
1791 4506 1904 4547 suae
1928 4491 2066 4548 futu-

2178 4505 2247 4561 ad
2283 4505 2478 4560 horam
2509 4523 2522 4560 :
2549 4504 2630 4560 sic
2649 4513 2707 4560 et
2727 4505 3034 4563 monachus
3071 4521 3266 4562 vanam
3308 4506 3540 4578 gloriam
3572 4507 3775 4561 bibens

489 4603 612 4643 rum
646 4585 909 4643 saaculum
943 4583 1258 4652 desiderat;
1291 4583 1554 4654 quoniam
1598 4583 1831 4640 redemit
1861 4594 2066 4658 tempus

2179 4597 2458 4670 propriam
2494 4597 2664 4652 vitam
2700 4598 3000 4665 consumit,
3037 4607 3094 4654 et
3125 4612 3238 4653 non
3270 4598 3442 4653 sentit
3465 4614 3773 4654 nocumen-

489 4693 673 4744 suum,
698 4684 756 4733 et
770 4675 989 4732 arrham
1020 4675 1219 4747 recipit
1246 4691 1422 4732 suam.
1449 4675 1703 4744 Quandiu
1725 4687 1811 4733 est
1833 4678 2066 4751 negotia-

2178 4700 2317 4756 tum,
2349 4699 2579 4762 propter
2605 4689 2956 4747 dulcedinem
2983 4705 3106 4762 quae
3138 4689 3209 4746 ad
3255 4689 3450 4747 horam
3492 4690 3554 4746 lit
3581 4690 3776 4763 gloriae

493 4769 570 4824 tio
605 4768 662 4823 in
691 4767 853 4836 mari,
882 4767 1048 4822 timor
1075 4766 1323 4838 possidet
1350 4777 1594 4823 mentem
1626 4783 1806 4836 suam,
1841 4785 1911 4826 ne
1940 4770 2080 4828 forte

491 4859 694 4917 fluctus
723 4866 954 4932 surgant
998 4858 1057 4914 in
1089 4873 1239 4924 eum,
1269 4867 1327 4914 et
1369 4859 1757 4932 submergatur
1787 4877 1916 4932 spes
1948 4878 2081 4933 ope-

493 4954 723 5011 rationis
749 4968 881 5009 suae.
913 4952 984 5007 Et
1013 4951 1318 5008 monachus
1345 4952 1592 5023 quandiu
1623 4959 1710 5008 est
1757 4952 1812 5008 in
1851 4953 2077 5022 mundo,

497 5047 661 5102 timor
688 5045 898 5101 detinet
929 5043 1409 5100 conversationem
1437 5059 1615 5111 suam,
1641 5059 1712 5100 ne
1732 5043 1876 5101 forte
1901 5045 2082 5102 insur-

495 5146 586 5210 gat
614 5139 670 5192 in
699 5154 826 5193 eum
851 5137 1052 5204 hiems,
1083 5144 1140 5192 et
1172 5136 1389 5194 amittat
1414 5136 1562 5207 quod
1587 5145 1674 5193 est
1695 5148 1975 5209 operatus.

567 5229 887 5300 Negotiator
933 5236 1120 5285 autem
1173 5237 1229 5284 et
1269 5228 1579 5284 monachus
1618 5229 1840 5300 inspicit
1887 5230 2080 5286 horam

499 5323 724 5388 mortis;
754 5329 922 5376 nauta
952 5321 1396 5378 consideratione
1425 5321 1615 5393 dirigit
1652 5337 1851 5378 navem
1894 5338 2080 5392 suam;

499 5422 557 5470 et
596 5411 902 5468 monachus
937 5412 1245 5469 orationem
1282 5411 1529 5484 respicit,
1565 5412 1696 5483 quia
1729 5413 1954 5486 corrigit
1999 5430 2086 5471 se-

500 5514 616 5560 met
642 5505 822 5576 ipsum
865 5512 921 5560 et
952 5504 1141 5577 dirigit
1181 5503 1326 5560 viam
1361 5519 1516 5561 suam
1546 5505 1615 5560 ad
1644 5506 2084 5578 qualemcunque

500 5606 722 5669 portum
762 5597 943 5653 tendit
986 5601 1331 5654 conversatio
1366 5614 1484 5654 sua.
1519 5590 1821 5655 Monachus
1865 5601 1921 5655 in
1965 5582 2095 5656 ora?

501 5687 653 5742 tione
685 5695 816 5776 quae
839 5687 901 5743 fit
932 5703 1032 5758 per
1060 5688 1275 5755 horam,
1309 5690 1451 5745 vidit
1486 5690 1721 5747 insulam
1748 5691 1804 5746 in
1834 5707 1942 5762 qua
1967 5691 2088 5746 alli-

502 5777 653 5850 gabit
685 5778 997 5834 naviculam
1027 5794 1205 5845 suam,
1237 5787 1297 5836 et
1328 5779 1460 5836 inde
1493 5781 1691 5838 transit
1715 5781 1782 5836 ad
1809 5781 1973 5837 aliam
2003 5782 2088 5837 in-

501 5869 702 5927 sulam.
739 5869 867 5928 llaec
891 5880 976 5928 est
995 5871 1084 5928 via
1112 5872 1369 5930 monachi
1398 5873 1735 5932 transeuntis
1758 5874 1826 5934 dc
1853 5875 2086 5933 scientia

2177 4784 2479 4842 saecularis.

2782 4915 3009 4974 CAPUT
3048 4914 3162 4971 Lll.

2609 5031 2683 5085 De
2712 5016 3027 5092 abstinentia
3048 5028 3340 5100 spirituali.

2255 5145 2526 5200 Dixerunt
2570 5142 2763 5199 Patres
2801 5158 2815 5197 :
2853 5140 2916 5196 ln
2951 5141 3192 5195 animam
3227 5139 3478 5212 gulosam
3513 5139 3648 5195 vitia
3684 5155 3776 5195 re-

2179 5243 2497 5301 vertuntur,
2526 5249 2650 5304 quae
2678 5232 2834 5304 prius
2880 5232 3126 5304 subjecta
3162 5231 3383 5287 fuerant
3422 5240 3479 5287 et
3523 5233 3777 5302 expulsa.

2180 5325 2371 5382 Nubes
2417 5339 2587 5395 parva
2631 5325 2880 5396 cooperit
2914 5323 3186 5380 circulum
3231 5324 3388 5388 solis,
3433 5331 3491 5380 et
3532 5324 3614 5380 sol
3647 5339 3777 5379 eum

2183 5412 2330 5468 nube
2375 5411 2524 5467 fovet
2556 5412 2812 5478 multum,
2858 5421 2915 5468 et
2963 5413 3224 5469 mmstitia
3264 5413 3480 5470 modica
3529 5415 3782 5485 cooperit

2184 5503 2428 5558 animam
2458 5503 2542 5558 :si
2580 5512 2762 5559 tamen
2810 5505 2932 5576 ejus
2978 5505 3242 5576 gaudium
3274 5505 3492 5562 exsistit
3519 5522 3780 5578 magnum

2183 5598 2370 5653 verbis
2392 5598 2783 5670 mysteriorum
2808 5599 3009 5655 divina:
3029 5599 3330 5672 Scriptura:
3362 5601 3482 5658 sine
3508 5603 3781 5673 petitione

2185 5700 2242 5747 et
2263 5690 2515 5746 oratione
2536 5699 2593 5748 et
2616 5691 2893 5764 adjutorio
2915 5693 3034 5760 Dei,
3059 5709 3165 5749 nec
3187 5695 3499 5765 appropies,
3525 5695 3623 5751 sed
3647 5695 3737 5752 dic
3762 5714 3778 5752 :

2185 5783 2440 5848 Domine,
2465 5782 2535 5838 da
2569 5784 2705 5840 mihi
2739 5800 2936 5843 sensus
2951 5786 3198 5853 virtutis,
3221 5795 3279 5844 et
3299 5803 3422 5859 quae
3445 5787 3503 5843 in
3533 5789 3653 5861 ipsa
3671 5799 3781 5849 est.

2188 5874 2408 5932 Clavem
2434 5875 2778 5936 intellectum
2804 5878 3104 5938 verborum
3131 5895 3392 5938 verorum
3420 5898 3543 5952 qua:
3565 5895 3698 5944 sunt
3723 5885 3783 5941 in
