4102 6548
330 491 435 560 881

1382 496 1612 556 LIBER
1652 493 1749 555 DE
1789 490 2242 552 CONTEMI’TU
2284 493 2563 556 MUNDI.

3494 503 3600 567 882

324 613 530 670 divinis
582 613 883 686 Scripturis
932 614 1236 670 orationem
1287 615 1545 670 existima
1595 627 1738 668 esse.
1778 610 1915 666 Cum
1946 611 1993 669 Α
2020 608 2373 664 exsistentem
2397 611 2453 666 in
2480 609 2837 667 tabernaculo
2865 626 2986 678 suo,
3013 611 3239 669 divitem
3260 629 3390 669 vero
3418 612 3474 669 in
3498 617 3603 671 mi-

322 707 571 762 volueris
619 706 1064 778 appropinquare
1108 709 1221 762 Deo
1273 706 1441 763 corde
1492 715 1608 771 tuo,
1661 706 1815 775 prius
1862 707 1917 761 in

325 796 726 866 temporalibus
760 797 991 852 ostende
1022 797 1270 853 laborem
1320 807 1497 852 tuum.
1530 797 1607 852 Ea
1638 797 1726 852 his
1769 796 1918 851 enim

324 888 662 959 principium
693 889 1070 945 conversionis
1100 898 1185 945 est
1216 908 1229 944 :
1264 891 1495 944 multum
1528 889 1678 944 enim
1714 903 1919 959 appro-

324 983 559 1053 pinquat
605 997 702 1038 cor
752 983 887 1049 Deo,
938 983 992 1037 in
1043 984 1420 1040 subtractione
1467 984 1814 1040 necessitatis
1860 982 1918 1038 in

323 1074 665 1129 abstinentia
698 1075 864 1130 unius
893 1074 1153 1146 specialis
1192 1076 1325 1141 cibi,
1358 1085 1415 1133 et
1449 1078 1704 1148 sequitur
1731 1076 1917 1148 operi-

326 1165 455 1230 bus,
481 1175 541 1221 et
572 1166 837 1222 Dominus
869 1181 937 1221 ex
979 1166 1087 1221 hoc
1118 1167 1250 1223 facit
1287 1168 1705 1223 fundamentum
1737 1168 1921 1223 humi-

328 1258 527 1313 litatis.
573 1258 841 1314 Existima
892 1259 1251 1325 otiositatem,
1301 1261 1636 1331 principium
1682 1252 1947 1316 obtene-'

322 1349 599 1405 brationis
618 1348 835 1405 animae.
862 1350 1003 1406 Sunt
1022 1351 1511 1407 obtenebrationes
1544 1360 1730 1406 autem
1751 1366 1919 1421 super

328 1438 741 1496 tenebrationes
770 1440 1155 1496 collocutionis
1186 1456 1504 1496 sermonum
1550 1441 1916 1508 smeularium,

328 1531 571 1609 primum
615 1531 834 1587 occasio
883 1532 1113 1588 secundi
1160 1541 1219 1588 et
1263 1532 1568 1589 secundum
1616 1533 1802 1605 primi.
1851 1533 1921 1589 Et

330 1623 496 1678 utiles
540 1637 828 1679 sermones
873 1623 993 1679 sine
1028 1639 1288 1681 mensura
1337 1626 1551 1696 probati
1586 1625 1919 1681 obtenebra-

328 1714 539 1770 tionem
565 1715 732 1771 etiam
759 1715 973 1772 faciunt
1005 1734 1020 1772 :
1050 1716 1348 1774 vilificatur
1376 1719 1525 1774 enim
1556 1719 1739 1774 anima
1774 1719 1921 1774 mul-

329 1805 571 1862 titudine
600 1807 1051 1876 collocutionum,
1079 1810 1331 1879 quamvis
1358 1811 1685 1881 praeparatio
1708 1812 1829 1883 ejus
1848 1811 1921 1867 sit

330 1895 389 1950 in
413 1895 609 1951 timore
632 1896 750 1951 Dei.
778 1894 1173 1951 Obtenebratio
1198 1896 1395 1951 animae
1416 1913 1485 1952 ex
1509 1896 1918 1952 inordinatione

329 1988 769 2044 conversationis
799 1987 861 2044 fit
886 2003 1165 2053 mensura,
1193 1995 1250 2043 et
1278 1995 1493 2058 tempus
1531 1988 1587 2043 in
1620 2002 1916 2044 conversa-

332 2080 486 2136 tione
530 2078 807 2135 illuminat
849 2088 1093 2135 mentem
1138 2086 1195 2136 et
1239 2080 1624 2137 confusionem
1667 2081 1914 2150 expellit.

326 2170 596 2227 Confusio
626 2170 830 2226 mentis
854 2185 978 2241 qua:
1009 2178 1095 2227 est
1122 2170 1191 2227 ab
1232 2170 1661 2238 inordinatione,
1690 2171 1919 2228 obtene—

329 2261 640 2316 hrationem
676 2261 809 2317 facit
841 2262 897 2317 in
928 2262 1131 2329 anima,
1159 2272 1217 2319 et
1242 2262 1625 2320 obtenebratio
1654 2263 1919 2319 turbatio-

328 2368 482 2407 nem.
514 2353 623 2408 Pax
646 2368 713 2409 ex
740 2353 1091 2410 ordinatione
1115 2353 1195 2419 ﬁt,
1220 2362 1277 2410 et
1304 2354 1398 2410 lux
1423 2369 1491 2409 ex
1518 2370 1651 2425 pace
1673 2356 1921 2411 nascitur

331 2443 388 2497 in
421 2444 627 2507 anima,
671 2452 728 2499 et
761 2460 828 2499 ex
873 2445 999 2502 luce
1030 2454 1087 2502 et
1118 2461 1252 2517 pace
1287 2446 1420 2519 (52).
1456 2447 1693 2504 Mundus
1722 2464 1820 2504 aer
1862 2449 1919 2504 in

330 2541 577 2589 mentem
629 2535 934 2592 secundum
994 2552 1311 2595 mensuram
1365 2541 1923 2613 appropinquationis

328 2621 520 2679 cordis
545 2623 616 2680 ad
662 2626 1012 2696 sapientiam,
1043 2629 1126 2684 sic
1172 2630 1405 2701 suscipit
1446 2632 1679 2704 gratiam
1717 2648 1750 2687 a
1784 2635 1918 2690 Deo.

332 2713 607 2772 Discretio
639 2717 923 2788 sapientia:
964 2721 1391 2792 occupationum
1439 2725 1671 2795 spiritus
1705 2735 1790 2781 est
1822 2742 1921 2781 ex-

330 2809 862 2879 tramundanarum;
895 2813 1042 2870 sicut
1069 2815 1243 2871 sentis
1274 2816 1329 2871 in
1354 2816 1537 2873 anima
1565 2826 1677 2885 tua,
1706 2820 1835 2889 quia
1864 2819 1922 2875 in

328 2898 603 2969 sapientia
658 2902 889 2973 spiritus
949 2904 1235 2962 silentium
1285 2915 1437 2964 tenet
1484 2908 1541 2965 in
1594 2910 1799 2966 anima.
1859 2912 1921 2967 ln

331 2989 605 3060 sapientia
628 3003 814 3050 autem
844 2996 1036 3052 mundi
1063 2996 1188 3055 fons
1208 3000 1589 3072 occupationis
1616 3011 1773 3059 actus
1796 3013 1881 3060 est
1908 3020 1924 3059 :

332 3090 459 3152 post
488 3084 867 3143 inventionem
912 3097 1101 3146 autem
1134 3091 1325 3163 prima:
1372 3094 1676 3164 sapientiae,
1728 3098 1923 3169 imple-

2019 698 2266 754 nisteriis
2294 700 2425 754 Deo.
2457 700 2607 757 Visio
2656 702 3003 758 saecularium
3047 704 3426 761 confusionem
3474 706 3605 763 facit

2019 791 2237 854 animae,
2273 807 2387 846 rem
2432 793 2715 849 mentitam
2760 804 2985 865 pr0pter
3014 811 3155 866 opus
3190 796 3285 852 Dei
3321 799 3599 868 equidem.

2022 881 2401 953 Spiritualium
2435 882 2667 939 fratrum
2708 886 2929 941 assidua
2958 887 3167 944 locutio
3210 900 3394 954 nocet,
3428 905 3601 945 saecu-

2020 974 2221 1029 larium
2260 984 2444 1031 autem
2494 985 2551 1032 et
2599 977 2716 1034 sola
2765 978 3006 1034 exterior
3053 979 3193 1035 visio
3225 981 3604 1051 operationem

2021 1066 2365 1137 corporalem
2400 1068 2647 1138 impedit.
2681 1069 2783 1136 Qui
2814 1071 2934 1125 vult
2964 1086 3031 1126 ex
3062 1081 3219 1142 parte
3253 1073 3456 1128 mentis
3479 1074 3604 1130 viu-

2021 1160 2266 1216 demiare
2288 1160 2570 1231 gaudium,
2595 1171 2679 1219 est
2704 1163 2760 1218 in
2783 1164 3107 1234 operatione
3127 1164 3601 1232 absconditorum,

2021 1261 2078 1309 et
2123 1252 2274 1308 vices
2320 1252 2439 1308 sine
2484 1253 2697 1310 visione
2746 1256 2975 1311 turbant
3022 1256 3271 1327 requiem
3320 1256 3605 1314 cordisze

2022 1359 2312 1413 converso,
2358 1346 2710 1402 mortificatio
2758 1363 2926 1419 super
2972 1349 3295 1419 operatione
3340 1364 3603 1405 sensuum

2021 1451 2134 1492 non
2181 1437 2455 1492 firmatur.
2496 1437 2811 1508 Corporalis
2856 1439 3145 1495 conversio
3196 1439 3602 1510 evigilationem

2017 1544 2284 1586 sensuum
2316 1530 2513 1600 quaerit
2542 1548 2555 1585 :
2584 1532 2929 1587 conversatio
2973 1542 3159 1588 autem
3212 1532 3456 1588 scientiae
3485 1546 3602 1586 ενι-

2016 1623 2338 1695 gilationem
2370 1623 2570 1680 cordis.
2602 1622 2758 1680 Sicut
2796 1623 2851 1678 in
2879 1634 3072 1679 natura
3096 1624 3292 1679 melior
3314 1633 3400 1679 est
3422 1624 3603 1677 anima

2021 1728 2279 1784 corpore,
2315 1723 2372 1770 et
2400 1714 2543 1771 sicut
2566 1714 2855 1787 plasmatio
2880 1716 3145 1785 pmvenit
3172 1716 3565 1771 animationem
3584 1757 3600 1782 ,

2022 1804 2104 1861 sic
2129 1815 2186 1863 et
2214 1807 2521 1877 corporalia
2554 1822 2741 1863 coram
2781 1822 2849 1863 eo
2878 1823 3017 1878 opus
3045 1809 3260 1863 anima.
3294 1808 3485 1879 Magna
3518 1817 3605 1865 est

2025 1899 2223 1966 virtus,
2254 1915 2421 1969 parva
2443 1901 2791 1957 conversatio
2815 1916 3179 1973 perseverans
3207 1919 3220 1957 :
3248 1910 3461 1974 petram
3495 1901 3603 1958 du-

2022 2005 2139 2046 ram
2169 1992 2362 2048 volvit.
2454 2012 2457 2013 ν

2092 2082 2323 2151 Quando
2366 2083 2561 2155 incipit
2607 2084 2663 2139 in
2710 2093 2764 2142 te
2808 2086 3111 2157 spiritualis
3155 2086 3322 2141 homo
3353 2100 3602 2159 surgere,

2022 2176 2375 2232 mortificatio
2402 2192 2471 2232 ex
2500 2176 2818 2234 hominibus
2844 2178 3067 2249 evigilet
3099 2178 3155 2232 in
3189 2186 3263 2243 te,
3293 2186 3350 2232 et
3394 2176 3606 2232 ferveat

2022 2271 2080 2327 in
2110 2270 2310 2343 gaudio
2338 2271 2520 2326 anima
2551 2281 2644 2327 tua
2678 2287 2928 2343 supernae
2964 2271 3324 2328 similitudine
3364 2271 3603 2327 creatioo

2022 2363 2131 2427 nis,
2161 2371 2219 2418 et
2264 2378 2374 2418 non
2422 2363 2785 2435 paciﬁcantur
2819 2365 3181 2437 cogitationes
3224 2378 3326 2435 pro
3362 2363 3605 2419 delecta-

2023 2455 2173 2509 tione
2205 2454 2390 2511 cordis
2415 2456 2516 2512 tui.
2549 2457 2619 2512 Et
2642 2456 2864 2529 quando
2890 2457 3085 2528 incipit
3116 2456 3355 2514 mundus
3379 2469 3605 2527 surgere

2022 2544 2080 2600 in
2117 2553 2193 2612 te,
2224 2550 2514 2618 occupatio
2545 2551 2747 2606 mentis
2781 2560 2887 2607 tua:
2935 2550 3358 2622 multiplicatur,
3384 2557 3443 2605 et
3472 2563 3608 2617 pru-

2022 2636 2209 2693 dentia
2263 2640 2542 2696 saecularis
2590 2650 2647 2697 et
2697 2641 3008 2697 inordinata
3051 2660 3066 2697 :
3109 2642 3369 2698 saeculum
3418 2648 3603 2695 autem

2022 2743 2161 2784 voco
2194 2729 2328 2785 vitia
2360 2747 2482 2802 quae
2516 2734 2666 2803 pavit
2705 2735 3033 2805 occupatio;
3061 2743 3119 2791 et
3157 2732 3378 2805 quando
3404 2747 3602 2789 conce-

2022 2829 2116 2892 pta
2166 2820 2374 2877 fuerint
2426 2833 2483 2879 et
2528 2825 2791 2894 perfecta,
2841 2825 3203 2897 perﬁciuntur
3252 2834 3495 2896 peccata,
3546 2832 3609 2881 et,

2023 2912 2363 2971 interficiunt
2390 2915 2692 2972 hominem.
2728 2917 2819 2974 Sic
2863 2933 2976 2973 non
3028 2916 3168 2973 flunt
3195 2917 3331 2972 vitia
3365 2916 3482 2971 sine
3510 2930 3607 2971 oc-

2022 3006 2315 3077 cupatione
2366 3008 2601 3075 mentis,
2640 3024 2741 3064 nec
2790 3009 3192 3066 consummatio
3224 3007 3435 3079 peccati
3483 3007 3605 3062 sine

2023 3100 2373 3171 multiloquio
2394 3100 2676 3156 vitiorum.
2701 3100 2840 3157 Cum
2866 3102 3288 3171 remultiplicata
3316 3099 3483 3155 fuerit
3508 3113 3605 3170 pa-

332 3174 481 3231 veris
502 3175 813 3235 humilitate
840 3181 1013 3238 multa
1040 3192 1098 3238 et
1133 3186 1558 3245 mansuetudine
1588 3198 1646 3245 et
1680 3205 1813 3261 pace
1837 3206 1926 3247 re-
2025 3192 2219 3249 tientia
2249 3192 2304 3248 in
2335 3192 2624 3249 animabus
2647 3193 2874 3260 nostris,
2894 3193 3110 3264 signum
3137 3201 3240 3255 est,
3267 3190 3414 3263 quod
3446 3205 3603 3247 recc-

333 3275 537 3334 gnante
563 3281 730 3338 super
772 3284 964 3327 omnes
995 3272 1356 3345 cogitationes
1383 3286 1536 3346 tuas;
1571 3287 1628 3335 et
1672 3282 1918 3339 membra
1948 3297 1992 3356 ο
2026 3282 2207 3353 pimus
2237 3283 2293 3338 in
2335 3284 2552 3339 occulto
2593 3284 2825 3355 gratiam
2872 3284 3284 3341 consolationis.
3315 3282 3605 3340 Fortitudo

336 3366 431 3413 tua
460 3361 760 3419 cessabunt
799 3373 857 3420 et
892 3367 1247 3436 requiescent
1288 3386 1357 3425 ex
1390 3372 1706 3431 turbatione
1739 3384 1797 3431 et
1834 3376 1920 3432 in-

334 3450 681 3519 quietudine.
714 3452 845 3510 Post
889 3455 1265 3514 inventionem
1294 3468 1480 3518 autem
1515 3464 1799 3534 sapientiae
1826 3481 1918 3523 se-

337 3541 554 3607 cundae,
586 3543 643 3599 id
691 3554 796 3611 est,
845 3548 1156 3617 mundanae,
1207 3554 1457 3622 possides
1500 3557 1816 3627 superbiam
1861 3559 1919 3615 in

337 3645 503 3687 sensu
538 3640 655 3699 tuo,
690 3643 747 3691 et
783 3638 1143 3709 cogitationes
1175 3642 1487 3702 immundas
1522 3646 1836 3705 indicibiles
1865 3656 1922 3705 et

337 3723 710 3782 turbationem
746 3729 1080 3801 intellectus,
1113 3735 1543 3793 dominationem
1584 3748 1641 3795 et
1680 3740 1922 3797 obdura-

337 3815 543 3871 tionem
573 3834 838 3875 sensuum
871 3831 929 3879 et
961 3825 1312 3884 levationem.
1349 3829 1469 3885 Non
1498 3832 1778 3889 existimes
1818 3834 1951 3890 ho-'

338 3908 543 3964 minem
591 3912 648 3966 in
694 3914 944 3971 oratione
993 3916 1323 3976 fiducialiter
1368 3937 1530 3993 agere
1567 3938 1752 3981 coram
1782 3925 1917 3991 Deo,

339 4004 736 4073 temporalibus
770 4007 1067 4080 obligatus.

405 4094 605 4151 Anima
641 4097 989 4157 fraudulenta
1020 4102 1381 4161 defraudatur
1415 4107 1683 4178 sapientia
1710 4126 1725 4165 :
1749 4110 1918 4167 mise-

341 4187 516 4245 ricors
546 4198 730 4246 autem
773 4193 1041 4263 sapientia
1086 4205 1143 4253 et
1185 4199 1383 4269 spiritu
1422 4200 1734 4272 adjuvatur.
1766 4202 1921 4261 Sicut

338 4279 520 4335 oleum
550 4283 901 4352 splendorem
932 4286 1217 4358 lampadis,
1254 4291 1335 4346 sic
1363 4292 1711 4366 eleemosyna
1742 4297 1920 4352 nutrit

337 4371 533 4427 anima:
564 4375 957 4445 cognitionem.
1004 4378 1188 4437 Clavis
1237 4382 1421 4438 cordis
1467 4384 1781 4441 divinorum
1814 4387 1915 4442 do-

336 4476 534 4517 norum
557 4463 614 4520 in
638 4466 907 4524 cbaritate
934 4472 1310 4539 proximorum
1336 4474 1517 4540 datur,
1532 4484 1587 4532 et
1612 4478 1914 4535 secundum

337 4569 652 4612 mensuram
682 4558 974 4617 solutionis
1002 4563 1187 4620 cordis
1213 4580 1281 4620 ex
1310 4566 1542 4623 vinculis
1570 4569 1753 4625 cordis
1784 4586 1915 4641 ape-

2019 3373 2317 3445 patientiaa,
2350 3372 2551 3430 fortior
2581 3383 2668 3431 est
2694 3375 3017 3445 passionum
3048 3375 3365 3432 cadentium
3393 3373 3450 3429 in
3475 3388 3604 3430 cor-

2020 3481 2154 3537 pore
2181 3481 2196 3521 :
2221 3466 2333 3522 vita
2371 3466 2428 3523 in
2452 3467 2565 3523 Deo
2594 3466 2807 3523 directa
2833 3483 3096 3524 sensuum
3126 3485 3139 3521 :
3171 3466 3393 3539 quando
3415 3474 3603 3522 autem

2021 3555 2225 3611 vixerit
2270 3571 2389 3624 cor,
2430 3557 2637 3614 cadunt
2669 3573 2883 3615 sensus.
2939 3558 3292 3615 Resurrectio
3338 3571 3601 3614 sensuum

2019 3654 2106 3702 est
2127 3648 2481 3704 mortificatio
2504 3650 2690 3706 cordis
2714 3665 2744 3704 a
2780 3651 2893 3706 Deo
2917 3666 2983 3707 ex
3010 3650 3311 3705 virtutibus
3340 3667 3353 3704 :
3380 3648 3603 3719 quando

2021 3738 2140 3793 sine
2169 3739 2394 3796 homine
2434 3740 2592 3805 fiunt,
2620 3757 2731 3796 non
2775 3742 2972 3812 recipit
2995 3741 3334 3797 conscientia
3372 3739 3603 3796 rectitu-

2021 3827 2227 3883 dinem.
2258 3828 2448 3885 Virtus
2476 3845 2599 3901 qua:
2622 3845 2721 3899 per
2752 3831 2890 3886 alios
2922 3838 3202 3901 operatur,
3234 3844 3357 3900 qua:
3388 3828 3601 3885 scilicet

2020 3917 2167 3973 valet
2207 3919 2473 3975 mundare
2516 3919 2755 3975 animam
2788 3937 2803 3971 :
2834 3919 2900 3976 ad
2936 3920 3248 3975 mercedem
3281 3919 3429 3975 enim
3460 3933 3602 3989 opus

2020 4003 2321 4059 aestimatur
2347 4013 2405 4061 et
2439 4005 2655 4077 perficit
2687 4007 2981 4075 virtutem;
3017 4017 3316 4079 utrumque
3340 4015 3398 4064 et
3436 4022 3601 4063 mun-

2022 4093 2213 4150 ditiam
2256 4095 2390 4153 facit
2417 4114 2431 4152 :
2456 4107 2681 4169 propter
2723 4098 2830 4155 hoc
2869 4114 3064 4170 sapere
3094 4100 3291 4170 primo,
3318 4109 3376 4156 et
3399 4114 3600 4156 secun-

2020 4189 2153 4245 dum
2177 4191 2440 4261 quaeritur
2463 4202 2661 4262 prxeter
2690 4193 3120 4250 sollicitudinem
3149 4209 3272 4264 quc
3296 4194 3351 4248 in
3378 4193 3485 4250 hoc
3511 4206 3601 4249 re-

2020 4282 2291 4353 linquitur
2316 4284 2547 4355 aliquid,
2579 4283 2904 4343 manifestus
2930 4287 3148 4343 animus
3172 4302 3203 4341 a
3237 4286 3378 4354 Deo;
3403 4301 3602 4343 secun-

2021 4373 2153 4430 dum
2193 4382 2378 4431 autem
2415 4383 2472 4431 et
2499 4376 2681 4432 locum
2709 4378 2873 4448 primi
2900 4377 3232 4447 adimpletur
3263 4376 3383 4432 sine
3408 4365 3602 4447 oper'a-

2022 4466 2171 4523 tione
2197 4469 2338 4540 ejus.
2374 4469 2617 4540 Requies
2641 4481 2697 4526 et
2727 4470 2975 4527 otiositas
3002 4478 3083 4525 est
3113 4468 3350 4540 perditio
3378 4467 3597 4531 animae,

2021 4567 2077 4614 et
2121 4574 2315 4630 magna
2360 4576 2525 4630 quam
2571 4561 2848 4616 daemones
2882 4570 3112 4631 possunt
3139 4574 3360 4615 nocere.
3388 4558 3599 4629 Corpus

339 4646 480 4701 ritur
504 4662 689 4705 coram
722 4651 842 4721 ipso
870 4653 1075 4709 ostium
1104 4657 1451 4728 cognitionis.
1486 4660 1774 4718 Transitus
1798 4665 1917 4720 ani-

2021 4650 2297 4706 infirmum
2342 4652 2390 4707 si
2444 4668 2610 4722 supra
2650 4652 2914 4708 virtutem
2958 4668 3113 4707 suam
3160 4650 3375 4721 operari
3423 4649 3595 4721 cogis,

338 4752 440 4793 ma:
464 4754 495 4793 a
525 4741 731 4797 mundo
757 4743 813 4798 in
843 4745 1133 4811 mundum,
1164 4752 1439 4819 susceptio
1470 4751 1782 4811 intellectus
1807 4763 1912 4812 est.

336 4828 509 4895 Quam
538 4832 771 4902 pulchra
805 4845 863 4892 et
893 4837 1187 4897 laudabilis
1219 4850 1304 4897 est
1331 4844 1555 4902 dilectio
1577 4850 1834 4918 proximi,
1868 4850 1913 4906 si

334 4933 448 4973 non
472 4921 789 4980 sollicitudo
820 4927 940 4998 ejus
969 4931 1222 4986 extrahat
1254 4948 1355 4990 nos
1396 4951 1427 4990 a
1457 4936 1755 4994 dilectione
1792 4940 1911 4996 Dei.

332 5008 508 5074 Quam
558 5014 806 5082 speciosa
852 5027 937 5073 est
985 5021 1283 5079 collocutio
1333 5026 1635 5095 spiritualis
1679 5028 1913 5087 fratrum

335 5109 675 5169 nostrorum,
702 5106 747 5162 si
782 5123 1075 5177 possumus
1104 5115 1405 5182 custodire,
1436 5133 1561 5173 cum
1594 5120 1708 5188 dat,
1742 5122 1913 5178 collo-

334 5194 615 5252 cutionem
663 5199 783 5256 Dei.
826 5203 972 5274 Ergo
1017 5205 1222 5263 bonum
1283 5216 1369 5265 est
1417 5227 1617 5269 nomen
1667 5223 1847 5271 tacere
1896 5234 1910 5270 :

333 5287 532 5355 probet
569 5291 727 5349 bonae
768 5297 1110 5366 operationis
1151 5303 1267 5359 sive
1314 5304 1443 5360 boni
1477 5307 1661 5377 operis
1692 5317 1748 5364 et
1777 5325 1913 5365 con-

330 5380 606 5438 versionis
638 5388 980 5445 occasionem
1028 5392 1406 5451 indeﬁcienter
1432 5397 1499 5451 ad
1530 5397 1721 5453 Deum.
1766 5399 1913 5456 Con-

330 5466 479 5522 fusio
502 5471 651 5526 enim
681 5478 909 5533 secundi
934 5496 1001 5536 ex
1035 5484 1329 5541 stabilitate
1355 5487 1541 5556 primi.
1569 5489 1692 5544 Non
1715 5490 1914 5546 suflicit

332 5566 519 5616 autem
550 5579 707 5622 mens
733 5570 800 5625 ad
844 5571 983 5628 duas
1021 5576 1415 5637 collocutiones
1445 5598 1459 5634 :
1485 5597 1657 5637 unum
1700 5593 1911 5639 tantum

332 5650 502 5709 habet
529 5658 918 5718 collocutorem
940 5668 1297 5725 constitutum
1325 5682 1381 5728 et
1409 5673 1690 5730 timentem
1717 5675 1910 5745 Deum,

329 5750 389 5795 et
432 5755 607 5803 semet
641 5749 821 5822 ipsum
858 5757 1291 5828 custodientem;
1339 5779 1636 5836 pauperem
1689 5767 1911 5837 quidem

2016 4742 2527 4800 obtenehrationem
2574 4744 2813 4815 imponis
2855 4744 3073 4809 animae,
3120 4752 3177 4800 et
3215 4741 3595 4798 confusionem

2015 4834 2191 4905 magis
2222 4835 2629 4906 superinducis.
2657 4836 2871 4907 Corpus
2902 4853 3032 4892 vero
3056 4836 3197 4891 forte
3238 4834 3285 4890 si
3328 4832 3596 4889 otiositati

2014 4937 2072 4984 et
2104 4928 2315 4999 requiei
2350 4928 2595 4994 dederis,
2623 4929 2806 4984 omnis
2847 4928 3054 4984 malitia
3094 4927 3292 4983 animae
3324 4926 3598 4982 habitabit

2015 5020 2071 5077 in
2101 5036 2188 5076 eo.
2220 5021 2288 5077 Et
2317 5021 2410 5090 qui
2439 5021 2644 5076 bonum
2676 5020 2976 5084 desiderat,
3012 5020 3108 5076 sed
3138 5020 3341 5090 tepide,
3373 5027 3431 5075 et
3459 5019 3596 5075 illud

2016 5112 2220 5167 bonum
2252 5127 2283 5166 a
2312 5110 2495 5182 seipso
2524 5109 2686 5166 tollit.
2716 5108 2854 5165 Cum
2901 5109 3081 5164 anima
3127 5107 3396 5164 inebriata
3428 5106 3597 5163 fuerit

2016 5201 2072 5257 in
2102 5202 2302 5273 gaudio
2331 5202 2449 5273 spei
2476 5217 2729 5273 superna;
2773 5200 2977 5256 laetitia:
3019 5200 3138 5267 Dei,
3181 5198 3502 5255 insensibile
3534 5196 3596 5253 fit

2015 5311 2219 5367 corpus
2257 5297 2378 5368 ejus
2420 5295 2488 5351 ad
2532 5294 2970 5357 tribulationem,
3024 5293 3275 5364 quamvis
3302 5292 3407 5362 33
3442 5290 3596 5345 infir-

2015 5406 2165 5445 mum
2200 5390 2289 5445 sit.
2326 5390 2575 5446 Sustinet
2602 5388 2751 5444 cnim
2795 5387 2997 5459 duplex
3043 5402 3223 5442 onus:
3253 5384 3464 5440 scilicet
3506 5382 3592 5437 in-

2016 5481 2294 5537 firmitatis
2311 5490 2368 5537 et
2390 5479 2784 5535 tribulationis.
2806 5478 2877 5533 Et
2902 5493 3011 5535 non
3035 5476 3310 5549 intelligit,
3342 5473 3437 5531 sed
3461 5489 3595 5537 con-

2016 5576 2251 5647 cupiscit
2277 5575 2333 5630 in
2363 5573 2579 5630 deliciis
2599 5573 2816 5628 animae.

2088 5669 2144 5725 Si
2176 5668 2513 5725 custodieris
2538 5667 2783 5739 linguam
2815 5676 2988 5732 tuam,
3013 5680 3047 5721 ο
3076 5664 3269 5730 frater,
3296 5660 3462 5717 datur
3488 5656 3591 5716 tibi
3658 5678 3663 5683 ι

2018 5763 2191 5835 gratia
2231 5778 2260 5816 a
2307 5763 2420 5817 Deo
2460 5760 2905 5831 compunctionis
2950 5757 3165 5824 cordis,
3207 5764 3270 5811 ut
3314 5754 3369 5809 in
3413 5754 3590 5825 ipsam

406 5926 518 5995 (5'2)
573 5929 646 5983 Et
706 5949 769 5987 ea:
829 5933 942 5991 luce
996 5946 1044 5993 et
1076 5957 1223 5998 vace.
1286 5944 1472 6013 Forte,
1511 5956 1561 6001 et
1625 5965 1689 6004 ει
1731 5948 1843 6005 luce
1892 5966 2022 6017 pax.
