4102 6534
506 516 614 582 883

1868 509 1929 568 S.
1972 508 2218 570 ISAACI
2257 511 2432 572 SYRI

3673 491 3786 559 884

507 632 751 688 animam
773 638 926 684 tuam
951 625 1147 688 intres,
1177 629 1234 678 et
1256 621 1310 677 in
1335 620 1442 676 hoc
1471 620 1523 675 in
1549 620 1811 691 gaudium
1834 620 2087 691 Spiritus.
2120 625 2161 682 Α
2194 633 2251 678 et
2288 622 2495 679 Christi
2538 622 2634 693 qui
2675 621 2824 676 hunc
2854 617 3098 674 donavit.
3137 613 3216 671 Ne
3249 611 3514 684 respicias
3540 610 3694 678 loca,
3723 611 3782 666 in

509 725 568 780 Si
608 723 799 793 lingua
847 729 942 775 tua
976 727 1028 773 te
1059 716 1295 780 vicerit,
1339 714 1503 770 crede
1550 713 1687 767 mihi
1723 713 1778 767 in
1811 712 1917 766 hoc
1948 711 2098 782 quod

509 818 637 872 dico
681 813 804 882 tibi,
834 825 1139 882 numquam
1175 808 1382 878 poteris
1406 807 1630 862 exsilire
1663 821 1694 859 a
1727 803 1997 860 tenebris.
2039 803 2097 859 Si

507 924 618 963 non
661 905 837 960 habes
871 918 969 959 cor
997 900 1267 956 mundum
1291 939 1305 964 ,
1353 899 1546 954 saltem
1580 897 1722 952 habe
1771 911 1868 951 cor
1899 911 2100 966 purga-

510 1009 664 1062 tum,
711 999 856 1052 sicut
897 995 1096 1050 beatus
1141 993 1515 1062 Hieronymus
1541 988 1700 1044 dixit.
1735 986 1872 1044 Cum
1912 987 2102 1042 volue-

511 1092 588 1145 ris
637 1089 879 1159 aliquem
924 1085 1226 1141 admonere
1273 1083 1344 1138 ad
1393 1083 1632 1144 bonum,
1673 1079 1830 1150 prius
1877 1078 1946 1134 da
1991 1077 2099 1134 sibi

511 1182 761 1254 quietem
805 1178 1191 1250 corporalem,
1221 1185 1279 1230 et
1323 1174 1536 1230 honora
1567 1187 1694 1228 eum
1741 1171 1796 1224 in
1841 1183 2099 1224 sermone

514 1273 823 1330 charitatis.
864 1271 954 1327 Nil
1004 1269 1086 1324 sic
1119 1265 1485 1323 verecundari
1530 1264 1663 1319 facit
1714 1262 1996 1318 hominem
2043 1268 2100 1315 et

514 1358 847 1416 commutari
879 1373 910 1413 a
935 1356 1148 1412 malitia
1182 1371 1281 1411 sua
1311 1355 1378 1408 ad
1414 1352 1667 1415 meliora,
1703 1351 1851 1407 sicut
1880 1359 1937 1415 et
1971 1364 2100 1406 cor-

514 1452 734 1521 poralia
764 1451 908 1506 bona
939 1457 996 1504 et
1040 1449 1220 1503 honor
1265 1461 1433 1517 quem
1481 1445 1587 1499 sibi
1630 1443 1784 1499 videt
1821 1440 2098 1500 exhiberi.

515 1545 795 1610 Quantum
829 1555 1058 1612 agonem
1091 1538 1417 1610 aggreditur
1441 1537 1566 1607 quis
1589 1550 1691 1606 pro
1717 1536 1854 1600 Deo,
1884 1540 2100 1588 tantum

516 1636 672 1691 cordi
719 1636 839 1706 ejus
898 1634 952 1687 in
1011 1631 1266 1686 oratione
1327 1628 1639 1685 ﬁducialius
1689 1634 1975 1698 operatur.
2031 1625 2102 1680 Et

516 1735 783 1798 quantum
813 1741 842 1780 a
882 1724 1072 1779 multis
1101 1729 1428 1792 occupatur,
1463 1725 1677 1774 tantum
1709 1717 1972 1773 fundatur
1999 1714 2099 1770 ad-

513 1816 726 1886 iutorio
769 1815 886 1870 Dei.
924 1814 1004 1868 Ne
1031 1811 1293 1876 tristeris,
1323 1824 1428 1865 nec
1465 1807 1820 1864 conturberis
1849 1807 1905 1861 in
1948 1805 2098 1861 cale-

517 1905 858 1962 factionibus
886 1903 1137 1974 corporis
1164 1919 1177 1954 :
1211 1915 1362 1955 mors
1399 1898 1548 1954 enim
1578 1897 1813 1968 accipiet
1844 1910 1941 1951 eas
1972 1910 2004 1951 a
2042 1903 2097 1950 te

516 1996 780 2066 perfecte.
827 1994 908 2049 Ne
955 1960 1151 2047 timeas
1184 1997 1454 2054 mortem,
1497 1987 1628 2058 quia
1671 1960 1817 2042 Deus
1859 1994 1913 2040 te
1963 1983 2098 2040 fecit
2131 1960 2172 2014 Β

519 2105 688 2160 super
721 2093 957 2142 mortem
966 2123 982 2139 .

1105 2215 1333 2275 CAPUT
1372 2215 1512 2271 LIII.

873 2337 950 2392 De
972 2336 1253 2392 sobrietate
1283 2342 1333 2387 et
1364 2329 1709 2386 continentia.

592 2455 694 2511 Hic
717 2461 805 2510 est
833 2467 968 2523 ergo
996 2450 1220 2506 sobrius
1250 2459 1307 2504 et
1342 2449 1454 2502 Deo
1481 2442 1757 2507 amabilis,
1789 2455 1900 2495 non
1933 2436 2105 2508 respi-

528 2564 652 2605 cere
680 2545 858 2601 oculis
905 2543 1038 2597 hinc
1085 2539 1236 2606 inde,
1271 2539 1366 2594 sed
1399 2550 1617 2606 semper
1669 2540 1796 2587 ante
1822 2546 1881 2586 se
1925 2529 2104 2583 otiosa

511 2641 694 2695 verba
744 2636 929 2707 loqui,
982 2635 1078 2690 sed
1124 2642 1338 2686 tantum
1386 2626 1721 2685 necessaria.
1757 2619 2106 2678 Indumentis

529 2733 727 2788 vilibus
769 2737 1086 2786 contectum
1125 2740 1248 2781 esse
1287 2725 1354 2779 ad
1391 2721 1781 2778 necessitatem
1828 2713 2104 2785 corporis,

499 2856 503 2860 τ
529 2833 584 2881 et
613 2824 694 2880 sic
724 2822 864 2879 cibis
903 2820 970 2875 ad
996 2817 1458 2874 sustentationem
1487 2810 1736 2883 corporis
1767 2809 1870 2874 uti,
1899 2816 1962 2862 ut
1993 2820 2106 2860 non

529 2913 950 2988 gastrimargiae,
990 2920 1050 2966 et
1095 2909 1431 2981 participare
1476 2893 1673 2976 p'arum
1721 2902 1789 2958 de
1824 2898 2104 2962 omnibus,

529 3020 583 3066 et
613 3025 722 3064 non
757 3009 876 3063 haec
909 3004 1209 3076 reprobare
1240 3009 1297 3057 et
1331 3001 1448 3055 hazc
1484 2999 1718 3070 eligere,
1751 3009 1855 3050 nec
1882 2991 2110 3062 impleat

530 3117 595 3156 ex
646 3100 784 3170 ipsis
826 3105 1118 3154 ventrem:
1150 3095 1327 3164 major
1371 3099 1458 3146 est
1505 3090 1656 3145 enim
1701 3087 1853 3143 omni
1902 3085 2108 3140 virtute

531 3191 818 3256 discretio,
839 3191 1032 3245 vinum
1063 3194 1291 3258 propter
1323 3183 1435 3254 (5'5)
1465 3180 1839 3236 infirmitatem
1873 3185 1930 3234 et
1957 3175 2110 3232 debi-

2199 714 2403 784 quibus
2447 692 2772 767 abscondita
2795 716 2926 764 sunt
2958 721 3088 761 vasa
3123 703 3284 758 amici
3317 701 3422 757 tui.
3454 698 3592 754 Cum
3624 707 3782 753 tran-
3822 692 3834 758 ξ

2199 803 2473 874 quillitate
2499 801 2650 872 aperi
2675 800 2876 855 ostium
2902 793 3138 867 proximi
3169 794 3271 858 tui,
3305 802 3362 848 et
3394 789 3591 846 claude
3628 787 3784 844 simi-
3819 775 3831 816 ί

2198 895 2347 951 liter.
2383 894 2504 949 Non
2533 892 2720 947 subito
2758 890 2826 945 ad
2861 889 3102 958 aliquem
3133 885 3398 947 introeas,
3431 881 3528 938 sed
3557 881 3786 951 pulsans

2203 995 2265 1042 ut
2308 995 2593 1049 externus,
2619 981 2926 1053 permissus
2966 978 3282 1049 ingredere.
3323 974 3405 1030 Ne
3435 973 3512 1028 sis
3537 973 3697 1027 velox
3725 971 3782 1025 in

2199 1093 2394 1152 gressu
2423 1085 2518 1132 tuo
2543 1086 2741 1144 praeter
2770 1086 2993 1127 causam
3039 1067 3409 1124 necessariam
3444 1073 3496 1118 te
3532 1064 3784 1134 compel-

2199 1171 2427 1225 lentem.
2461 1168 2593 1224 Esto
2630 1165 2889 1222 omnibus
2933 1161 3199 1217 obediens
3243 1157 3299 1212 in
3347 1156 3499 1211 omni
3532 1165 3784 1225 tempore

2198 1271 2402 1335 praeter
2444 1275 2642 1316 avaros
2688 1267 2746 1314 et
2795 1264 3071 1313 amatores
3101 1271 3114 1306 :
3143 1249 3551 1323 possessionem
3596 1256 3781 1302 autem

2199 1371 2311 1411 non
2354 1355 2636 1424 sequeris,
2664 1361 2728 1406 ut
2772 1365 2882 1404 non
2929 1347 3024 1401 ﬁat
3054 1359 3195 1414 opus
3236 1341 3592 1397 diabolicum.
3627 1339 3782 1393 Man-

2199 1455 2355 1502 suete
2389 1459 2513 1499 cum
2547 1439 2808 1496 omnibus
2855 1444 3058 1495 tracta,
3099 1440 3155 1486 et
3191 1444 3316 1485 cum
3362 1427 3691 1489 sobrietate,
3725 1433 3784 1479 et

2199 1539 2490 1594 honestate
2543 1546 2740 1589 omnes
2793 1527 3014 1598 aspice,
3065 1531 3123 1579 et
3181 1538 3248 1576 ne
3304 1520 3537 1590 impleas
3590 1517 3783 1571 oculos

2200 1637 2327 1682 tuos
2381 1633 2609 1695 aspectu
2661 1621 2898 1691 alicujus
2948 1616 3029 1672 rei
3080 1612 3370 1669 ambulans
3429 1610 3486 1664 in
3538 1609 3648 1663 via.
3700 1607 3782 1663 Ne

2199 1717 2504 1790 praavenias
2554 1713 2816 1784 majorem
2865 1717 2938 1765 te.
2996 1707 3056 1763 Si
3103 1713 3288 1761 autem
3335 1700 3637 1757 tardaverit
3686 1713 3781 1754 so-

2199 1812 2321 1866 cius
2355 1817 2485 1864 tuus
2522 1821 2716 1879 parum
2755 1805 2885 1860 dum
2915 1798 3289 1873 progrederis,
3319 1803 3574 1866 exspecta
3606 1808 3734 1849 eum
3762 1807 3778 1844 :

2203 1903 2296 1976 qui
2328 1901 2475 1958 enim
2526 1901 2634 1955 hoc
2666 1912 2779 1952 non
2811 1895 2972 1962 facit,
3002 1893 3272 1963 insipiens
3299 1900 3403 1945 est.
3436 1885 3669 1954 Quando
3701 1885 3785 1940 lo-

2203 1997 2395 2068 quitur
2434 1993 2619 2050 socius
2646 1989 2916 2054 obvianti,
2958 1993 3214 2058 exspecta
3242 1998 3391 2039 eum.
3418 1981 3598 2037 Sanus
3633 1977 3784 2033 dicat

2203 2088 2529 2145 infirmanti.
2580 2087 2723 2141 Ante
2783 2091 3002 2152 tempus
3049 2077 3320 2134 faciamus
3371 2072 3780 2128 necessitatem.

2201 2179 2281 2234 Ne
2319 2191 2518 2248 arguas
2554 2175 2793 2244 aliquem
2825 2171 2882 2224 in
2911 2169 3094 2238 aliquo
3123 2163 3370 2219 delicto:
3411 2158 3509 2216 sed
3550 2157 3786 2226 teipsum

2204 2273 2258 2327 in
2291 2269 2552 2326 omnibus
2582 2266 2793 2324 aestima
2839 2259 3171 2332 culpabilem
3216 2265 3274 2310 et
3315 2252 3502 2308 delicti
3537 2263 3786 2305 causam.

2203 2360 2378 2417 Omne
2424 2373 2565 2429 opus
2611 2354 2721 2409 vile
2751 2366 2876 2407 cum
2923 2345 3073 2404 omni
3107 2340 3421 2400 humilitate
3461 2337 3646 2393 facere
3673 2349 3786 2388 non

2205 2467 2448 2509 recuses.

2276 2543 2337 2599 Si
2366 2548 2592 2597 coactus
2633 2536 2806 2593 fueris
2845 2533 3062 2598 ridere,
3101 2543 3212 2584 non
3259 2527 3563 2596 appareant
3591 2517 3791 2574 dentes

2211 2637 2314 2692 tui.
2347 2632 2680 2703 Compulsus
2719 2626 2872 2697 loqui
2909 2638 3036 2680 cum
3078 2620 3336 2679 muliere,
3366 2621 3557 2670 averte
3589 2608 3788 2665 faciem

2208 2737 2357 2784 tuam
2387 2741 2418 2780 a
2449 2702 2662 2779 visione
2691 2720 2834 2789 ejus,
2865 2723 2922 2770 et
2947 2715 3028 2770 sic
3055 2727 3180 2766 cum
3209 2724 3274 2765 ea
3305 2709 3558 2775 loquere.
3587 2702 3631 2755 Δ
3665 2713 3790 2753 mo-

2206 2818 2451 2876 nialibus
2476 2815 2625 2886 fuge,
2655 2812 2801 2866 sicut
2826 2807 2896 2862 ab
2923 2805 3048 2876 igne
3084 2810 3140 2857 et
3165 2801 3366 2870 laqueo
3391 2792 3630 2886 diaboli;
3663 2789 3791 2860 fuge

2208 2881 2579 2967 obviationem
2627 2914 2819 2956 earum
2847 2904 2904 2952 et
2943 2889 3368 2950 collocutionem
3409 2892 3466 2938 et
3495 2881 3790 2942 visionem,

2208 3016 2279 3056 ne
2311 2999 2562 3056 colorent
2584 3009 2680 3050 cor
2708 3000 2865 3046 tuum
2912 2984 3170 3042 sordibus
3206 2981 3469 3036 vitiorum
3496 2993 3511 3041 ;
3540 2971 3796 3043 quamvis

2210 3093 2322 3148 sint
2381 3101 2602 3144 sorores
2660 3092 2770 3138 tua:
2825 3075 3130 3135 secundum
3185 3083 3408 3126 carnem
3437 3107 3453 3132 ,
3520 3065 3665 3118 sicut
3721 3058 3794 3114 ab

2209 3181 2490 3241 extraneis
2529 3189 2582 3234 te
2617 3172 2854 3231 custodi.
2894 3171 2940 3226 A
2973 3165 3173 3223 fiducia
3203 3164 3468 3234 juvenum
3497 3165 3555 3211 et
3581 3154 3795 3209 allocu-

531 3281 744 3335 litatem
802 3293 914 3333 non
974 3289 1217 3332 sumere.
1290 3273 1410 3327 Non
1475 3269 1808 3341 praescindas
1874 3267 2106 3323 verbum

2213 3280 2362 3334 tione
2394 3273 2520 3344 fuge
2541 3311 2557 3338 ,
2601 3269 2745 3324 sicut
2776 3265 2846 3320 ab
2892 3259 3132 3317 amicitia
3173 3251 3400 3309 diaboli.
3436 3249 3618 3306 Unum
3652 3243 3796 3298 habe

533 3370 836 3440 loquentis.
867 3369 981 3424 Nec
1003 3368 1148 3423 sicut
1177 3365 1436 3420 indoctus
1456 3361 1818 3432 respondeas,
1843 3359 1941 3415 sed
1964 3357 2110 3414 sicut

534 3462 780 3534 prudens
809 3461 1011 3517 tacitus
1041 3469 1183 3516 esto.
1235 3457 1562 3526 Ubicunque
1607 3455 1867 3508 inventus
1911 3451 2107 3516 fueris,

536 3553 807 3608 minorem
839 3560 892 3607 te
938 3552 1118 3621 ipsum
1149 3548 1359 3605 aestima
1391 3554 1449 3602 et
1475 3560 1696 3601 servum
1723 3537 1955 3598 fra'trum
1988 3551 2112 3596 tuo-

535 3663 682 3703 rum.
724 3646 806 3701 Nc
857 3643 1106 3700 denudes
1152 3641 1362 3712 aliquid
1412 3648 1634 3695 tuorum
1690 3652 1874 3692 coram
1925 3635 2111 3706 aliquo

535 3740 910 3797 membrorum
947 3744 1191 3800 tuorum,
1222 3748 1328 3789 nec
1366 3731 1660 3805 appropies
1697 3726 1916 3798 corpori
1947 3726 2114 3781 alicu-

536 3835 625 3905 jus
667 3839 869 3902 praeter
906 3827 1255 3884 necessitatis
1295 3838 1540 3888 causam,
1590 3836 1694 3876 nec
1740 3818 1961 3888 corpori
2018 3827 2113 3871 tuo

539 3923 829 3994 permittas
858 3922 1100 3991 aliquem
1125 3917 1572 3989 appropinquare
1593 3957 1608 3979 ,
1640 3913 1770 3974 nisi,
1799 3921 1860 3966 ut
1874 3910 2009 3974 dixi,
2044 3909 2114 3964 de

541 4031 707 4072 causa
736 4012 1074 4069 rationabili.
1099 4011 1324 4066 Declina
1353 4025 1384 4063 a
1416 4007 1617 4062 fiducia
1651 4005 1947 4060 mulierum
1972 4004 2117 4059 sicut

538 4119 570 4159 a
603 4111 780 4156 morte
810 4119 824 4155 :
854 4115 1019 4170 posce
1062 4098 1310 4152 sobrium
1342 4095 1594 4150 ordinem
1635 4103 1695 4150 et
1731 4101 2010 4157 sanctum,
2045 4107 2116 4146 ne

540 4198 832 4268 elongetur
853 4192 889 4248 Ἃ
919 4202 973 4248 te
1009 4192 1187 4246 virtus
1217 4205 1339 4260 quae
1370 4197 1424 4244 te
1458 4187 1722 4243 custodit.
1764 4187 1822 4241 In
1867 4201 2118 4257 quocun-

541 4305 649 4360 que
672 4289 796 4341 loco
811 4283 1129 4346 dormieris,
1152 4282 1199 4337 si
1219 4280 1480 4351 possibile
1506 4289 1612 4343 est,
1631 4279 1818 4333 nullus
1841 4288 1894 4333 te
1910 4278 2115 4333 videat.

543 4380 812 4452 Spiritum
863 4391 1048 4432 coram
1093 4375 1280 4445 aliquo
1301 4389 1412 4428 non
1455 4372 1720 4443 projicias
1750 4389 1763 4424 :
1791 4371 1836 4425 si
1868 4370 2120 4426 evenerit

543 4471 645 4526 tibi
676 4470 844 4527 tussis
873 4467 1088 4524 sedenti
1119 4465 1189 4521 ad
1224 4479 1503 4530 mensam,
1543 4473 1697 4518 verte
1739 4461 1938 4517 faciem
1970 4470 2119 4516 tuam

543 4573 716 4628 retro,
741 4569 797 4618 et
822 4561 985 4618 tussi.

2217 3340 2613 3426 collocutorem
2664 3370 2721 3415 et
2775 3359 3092 3412 consortem
3143 3346 3431 3401 timentem
3479 3340 3678 3400 Deum,
3737 3342 3798 3388 et

2217 3468 2392 3518 semet
2447 3459 2626 3529 ipsum
2689 3448 3092 3507 custodientem
3135 3458 3150 3496 :
3201 3449 3503 3510 pauperem
3569 3428 3797 3529 quidem

2217 3517 2573 3609 t-xsistentem
2620 3545 2676 3599 in
2715 3534 3078 3596 tabernaculo
3125 3544 3260 3594 suo,
3296 3524 3524 3582 divitem
3558 3533 3693 3575 vero
3737 3517 3799 3572 in

2219 3640 2544 3701 ministeriis
2559 3635 2678 3694 Dei.
2702 3633 2785 3688 Ab
2807 3627 3069 3686 omnibus
3088 3618 3368 3678 absconde
3388 3611 3654 3687 mysteria
3680 3619 3797 3672 tua,

2218 3744 2274 3790 et
2299 3743 2421 3789 tuas
2447 3724 2798 3800 operationes
2835 3731 3015 3775 serva.
3049 3712 3130 3769 Ne
3159 3709 3355 3765 sedeas
3387 3716 3574 3759 coram
3608 3697 3801 3771 aliquo

2154 3811 2169 3823 ’
2220 3789 2341 3882 sine
2368 3789 2562 3878 habitu
2593 3826 2710 3881 tuo,
2741 3818 2938 3885 praeter
2964 3802 3374 3862 necessitatem.
3409 3794 3548 3851 Cum
3586 3789 3804 3847 sobrie-

2221 3928 2332 3974 tate
2372 3913 2440 3970 ad
2483 3881 2795 3966 necessaria
2826 3912 2920 3957 tua
2945 3896 3212 3970 egredere
3245 3890 3392 3946 sicut
3418 3881 3803 3941 verecnndans

2223 4006 2574 4066 custodiente
2603 4011 2656 4056 te
2689 3996 2904 4068 angelo,
2929 4002 2987 4047 et
3013 3989 3270 4044 timorem
3307 3981 3406 4037 Dei
3437 3975 3662 4048 perfice.
3691 3970 3806 4027 Me-

2223 4101 2330 4156 lius
2349 4105 2436 4152 est
2463 4093 2564 4150 tibi
2601 4087 2891 4147 comedere
2916 4093 3192 4138 venenum
3240 4071 3608 4132 mortiferum,
3633 4077 3804 4135 quam

2224 4205 2351 4247 cum
2379 4185 2613 4243 muliere
2635 4178 2951 4242 comedere,
2987 4169 3242 4243 quamvis
3277 4165 3350 4222 sit
3379 4168 3559 4217 mater
3590 4165 3686 4211 tua
3713 4153 3806 4209 vel

2225 4297 2384 4339 soror
2413 4288 2529 4334 tua.
2564 4273 2760 4330 Melius
2797 4277 2883 4326 est
2924 4264 3177 4322 habitare
3213 4272 3338 4316 cum
3371 4255 3612 4311 dracone
3636 4261 3807 4319 quam

2227 4373 2472 4431 dormire
2513 4383 2638 4425 cum
2667 4365 2878 4434 aliquo,
2907 4368 2965 4416 et
2989 4353 3262 4427 cooperiri
3290 4364 3414 4405 cum
3435 4361 3524 4410 eo,
3552 4339 3810 4414 quamvis

2227 4470 2302 4526 sit
2343 4465 2444 4522 tibi
2489 4463 2662 4519 frater
2689 4432 2993 4514 secundum
3033 4461 3278 4505 carnem.
3333 4441 3390 4497 Si
3435 4437 3638 4495 dixerit
3679 4432 3806 4496 tibi,

2229 4560 2355 4633 quis
2396 4557 2575 4628 major
2623 4562 2700 4617 te,
2749 4549 2851 4605 tibi
2887 4539 3193 4600 ambulanti
3242 4538 3298 4591 in
3346 4534 3544 4588 itinere
3584 4545 3600 4582 :
3637 4523 3806 4588 Veni,

614 4656 752 4712 Cum
783 4654 1083 4710 sobrietate
1115 4650 1345 4708 comede
1377 4658 1434 4706 et
1461 4649 1613 4715 bibe,
1636 4647 1780 4704 sicut
1801 4647 1961 4702 decet
1981 4645 2124 4702 ﬁlios
2155 4652 2200 4707 ι)
2229 4624 2527 4726 ῥεαιιειηιίε
2559 4664 2574 4702 ε
2603 4645 2718 4700 noli
2758 4655 2878 4697 esse
2919 4633 3245 4692 inobediens
3271 4628 3347 4684 ei.
3388 4624 3446 4680 Si
3469 4629 3653 4677 autem
3693 4630 3808 4671 ηοῐι

544 4749 663 4804 Dei.
707 4748 786 4803 Ne
816 4747 1083 4802 extendas
1111 4759 1336 4800 manum
1373 4751 1522 4798 tuam
1562 4749 1624 4796 ut
1653 4740 1894 4810 accipias
1925 4755 1956 4794 a
1986 4755 2121 4794 con-

546 4849 738 4911 spcctu
776 4840 850 4895 ita
882 4853 1065 4894 coram
1102 4837 1310 4906 aliquo,
1345 4834 1482 4905 quid
1519 4833 1756 4904 proximi
1793 4832 1874 4886 tui
1903 4832 2123 4886 invere-

547 4930 728 4987 cunde
755 4931 840 4985 vel
874 4935 1334 4999 prmeumptuose.
1383 4925 1442 4981 Si
1474 4934 1658 4980 autem
1704 4923 1912 4980 sederit
1941 4931 2124 4979 tecum

547 5032 866 5086 extraneus,
900 5020 1135 5075 admone
1165 5034 1292 5073 eum
1336 5017 1506 5073 semel
1532 5024 1590 5073 et
1616 5015 1702 5071 bis
1746 5024 1806 5071 ut
1833 5015 2122 5085 comedat;

547 5123 604 5169 et
628 5113 883 5168 ordinate
912 5127 1087 5182 ponas
1121 5121 1174 5168 te
1202 5111 1272 5166 ad
1300 5123 1567 5176 mensam,
1612 5124 1724 5164 non
1769 5109 2124 5178 turbulente;

545 5216 606 5261 et
650 5214 847 5260 ornate
882 5205 1077 5260 sedeas
1124 5213 1181 5259 et
1224 5204 1481 5270 honeste,
1523 5219 1634 5258 non
1672 5202 1962 5258 denudans
1993 5203 2128 5273 quid

547 5297 923 5352 membrorum
968 5305 1214 5353 tuorum.
1261 5296 1397 5352 Cum
1431 5295 1663 5357 oscitas,
1693 5295 1850 5366 operi
1879 5310 1941 5350 os
1971 5303 2128 5350 tuum

546 5403 620 5444 ne
648 5388 926 5456 videaris;
961 5390 1168 5444 retines
1199 5389 1346 5444 enim
1377 5388 1746 5458 aspirationes
1775 5386 2054 5442 transiens
2083 5387 2128 5442 si

547 5491 726 5553 potes.
778 5481 835 5537 Si
887 5482 1185 5538 intraveris
1225 5483 1579 5553 praeceptoris
1632 5484 1709 5537 tui
1761 5482 1986 5546 cellam,
2033 5491 2130 5535 aut

551 5574 715 5629 amici
749 5582 844 5628 aut
891 5573 1170 5644 discipuli,
1203 5590 1334 5629 cave
1365 5590 1436 5629 ne
1463 5574 1653 5628 videas
1683 5572 1892 5644 aliquid
1935 5573 2030 5627 ibi.
2071 5571 2126 5627 Si

549 5681 664 5720 non
689 5681 822 5721 vero
855 5666 1025 5721 fueris
1053 5676 1302 5729 coactus,
1337 5666 1443 5720 hoc
1482 5680 1592 5720 non
1625 5665 1814 5720 facias.
1843 5664 1981 5731 Quia
2032 5662 2127 5733 qui

551 5758 610 5814 in
649 5759 738 5815 his
783 5759 1038 5816 assiduus
1069 5771 1175 5826 cst,
1209 5760 1422 5816 alienus
1450 5767 1536 5814 est
1577 5756 1868 5813 monastici
1909 5755 2131 5811 habitus

638 5946 751 6016 (ὃὸ)
812 5946 997 6003 Vinum
1039 5954 1267 6015 propter.
1332 5942 1514 6004 Forte,
1582 5943 1758 5995 riuum
1819 5936 1924 5993 nisi
1968 5947 2197 6008 propter.

2229 4709 2451 4808 dixerit,
2480 4740 2666 4810 lingua
2705 4732 2930 4804 quidem
2963 4737 3104 4790 tace,
3131 4721 3298 4779 corde
3321 4732 3456 4774 vero
3485 4715 3657 4770 Deum
3692 4709 3811 4780 glo-

2231 4838 2407 4894 rilica.
2449 4807 2586 4889 Non.
2610 4827 2838 4884 resistas
2883 4820 3050 4878 alicui
3083 4831 3185 4888 pro
3220 4813 3430 4882 aliquo,
3464 4820 3569 4861 nec
3600 4807 3806 4864 certes,

2232 4944 2336 4985 nec
2374 4921 2681 4986 mentiaris,
2722 4931 2829 4973 nec
2857 4914 3011 4986 jurcs
3048 4924 3150 4980 per
3178 4917 3382 4961 nomen
3426 4897 3545 4954 Dei.
3573 4891 3809 4962 Despice

2229 5022 2487 5092 teipsum,
2521 5023 2580 5070 et
2624 4985 2761 5067 alios
2802 5023 2914 5062 non
2943 5001 3234 5074 despicias.
3265 4993 3528 5066 injuriam
3569 4985 3806 5046 sustine,

2229 5122 2286 5170 et
2307 5075 2417 5166 lalii
2454 5105 2715 5180 injuriam
2743 5115 2856 5156 non
2897 5109 3112 5167 eroges.
3143 5089 3339 5146 Melius
3377 5093 3460 5140 est
3497 5075 3810 5148 corporalia

2230 5200 2513 5272 corrumpi
2557 5211 2683 5253 cum
2737 5204 3004 5262 corpore,
3056 5199 3220 5257 quam
3277 5175 3632 5236 damnificare
3673 5168 3810 5240 quid

2231 5260 2553 5350 animae-In
2590 5285 2800 5360 judicio
2838 5260 2964 5338 cum
3011 5278 3198 5348 aliquo
3238 5287 3350 5328 non
3390 5271 3670 5326 introeas,
3709 5260 3810 5317 sed

2234 5387 2446 5443 sustine
2484 5380 2887 5438 condemnatus
2922 5374 3010 5429 vel
3039 5362 3476 5426 condemnabilis
3515 5357 3810 5414 exsistens.

2234 5480 2314 5535 Ne
2350 5476 2547 5546 diligas
2572 5473 2767 5528 animae
2807 5477 2914 5523 tua:
2954 5464 3085 5537 quid
3114 5460 3395 5522 saeculare,
3424 5453 3520 5510 sed
3553 5447 3816 5507 subditus

2233 5579 2354 5626 esto
2401 5541 2640 5622 ducibus
2692 5569 2750 5618 et
2802 5557 3186 5631 principibus,
3234 5559 3292 5607 et
3343 5565 3373 5603 a
3420 5541 3814 5615 conjunctione

2236 5665 2480 5734 ipsorum
2520 5667 2573 5715 te
2613 5657 2795 5727 ipsum
2833 5651 3090 5707 abstine:
3127 5648 3243 5718 ipsa
3272 5654 3511 5711 namque
3543 5636 3815 5704 illaquea-

2237 5720 2315 5808 tio
2344 5759 2427 5807 est
2456 5720 2760 5821 illaqueans
2799 5741 3228 5815 negligentiores
3254 5737 3307 5792 in
3332 5730 3721 5806 perditionem.
3767 5720 3816 5779 0
