4112 6534
325 437 438 525 8έὲ
1264 516 1271 523 .
1607 479 1706 541 DE
1744 481 2403 548 COGITATION‘IBUS.
2476 496 2479 499 >
3505 487 3621 553 886

329 569 549 667 gulose,
578 569 674 667 qui
700 573 978 667 propriam
1022 578 1227 646 quaeris
1250 594 1446 637 curare
1484 585 1691 655 gulam,
1726 588 1927 645 melius
1954 598 1999 654 Α
2026 594 2167 649 tium
2186 610 2258 649 ne
2279 604 2550 661 transeas,
2574 602 2635 650 ut
2659 608 2772 649 non
2794 594 3092 667 impleatur
3110 610 3206 651 cor
3228 605 3385 649 tuum
3403 594 3615 663 furore,

329 671 418 715 est
448 659 557 766 ubi.
592 662 815 766 ξηίέιετθ
956 676 1213 766 ,νθηίτθω
1263 680 1418 766 ιξιιιιη
1447 676 1721 735 carbones
1761 680 1926 751 ignis,
2026 695 2084 743 et
2124 686 2290 742 detur
2318 687 2516 742 animae
2537 659 2649 742 tuae
2675 659 2891 743 erroris
2911 686 3245 742 obscuritas.
3277 686 3360 741 Ne
3396 659 3618 742 habites

330 768 499 849 quam
530 753 836 811 frixaturas
859 757 1093 815 divitum
1124 770 1183 816 et
1213 763 1548 836 principum.
1576 769 1930 841 Superfunde
2028 791 2153 831 cum
2182 776 2420 847 superbo
2449 813 2466 840 ,
2499 784 2561 830 ut
2594 776 2743 832 enim
2777 777 2954 834 sancti
2984 786 3174 833 sancta
3221 777 3472 849 Operatio
3513 793 3615 832 au-

333 844 437 898 tihi
476 860 696 916 semper
718 863 880 903 omne
911 851 1095 906 oleum
1138 855 1559 926 misericordiae,
1585 870 1641 916 et
1678 871 1802 919 esto
1830 864 1930 919 ob-

329 951 563 991 servans
595 946 646 993 te
686 940 758 994 ab
807 941 1087 997 omnibus.
1135 946 1182 999 A
1230 948 1586 1020 multiloquio
1635 960 1689 1007 te
1740 953 1923 1024 ipsum

330 1030 553 1085 custodi
590 1048 605 1085 :
641 1030 779 1086 illud
812 1032 962 1087 enim
1004 1037 1308 1109 exstinguit
1339 1042 1413 1111 {in
1445 1043 1617 1101 corde
1650 1045 1928 1102 motiones

332 1123 740 1180 intellectuales
788 1140 820 1179 a
878 1125 991 1180 Deo
1041 1128 1400 1197 pullulantes.
1443 1135 1595 1208 Fuge
1648 1135 1927 1191 dominari

332 1229 463 1268 cum
495 1216 738 1285 praelatis
770 1215 1054 1282 Ecclesiae,
1092 1233 1157 1274 ac
1189 1235 1317 1276 cum
1350 1225 1495 1294 aliis,
1524 1227 1671 1282 sicut
1699 1242 1733 1282 a
1763 1227 1925 1283 leone

335 1306 557 1364 audaci.
591 1307 660 1362 Et
689 1307 744 1371 in
764 1308 967 1379 plateis
992 1308 1391 1372 iracundorum
1417 1326 1514 1374 aut
1543 1333 1925 1391 compugnan-

2027 867 2239 923 feratur
2284 868 2355 923 ab
2408 868 2590 924 anima
2641 877 2768 936 tua,
2818 876 2876 925 et
2918 868 3189 925 eﬂiciatur
3236 868 3617 924 habitaculum

2033 955 2283 1009 omnium
2316 954 2597 1012 vitiorum.
2632 954 2741 1013 Has
2782 956 3158 1028 depositiones
3192 957 3239 1013 si
3285 958 3615 1023 servaveris,

2031 1060 2066 1100 o
2100 1046 2288 1112 homo,
2316 1054 2374 1102 et
2393 1047 2730 1104 custodieris
2753 1058 2807 1104 te
2837 1048 3021 1120 ipsum
3045 1048 3103 1105 in
3131 1048 3493 1106 meditatione
3518 1051 3617 1113 Dei

2031 1135 2092 1191 in
2116 1134 2353 1192 veritate
2370 1177 2386 1203 ,
2410 1136 2627 1194 videbit
2664 1136 2850 1193 anima
2874 1148 2968 1194 tua
2991 1137 3048 1194 in
3081 1146 3258 1195 semet
3281 1138 3399 1209 ipsa
3424 1139 3616 1196 lumen

2030 1235 2087 1282 et
2115 1226 2172 1282 in
2207 1228 2471 1284 saeculum
2501 1243 2613 1283 non
2648 1227 3037 1285 tenebrescet:
3066 1229 3171 1301 ipsi
3204 1229 3385 1287 honor
3413 1238 3472 1288 et
3496 1231 3615 1303 glo-

2032 1318 2112 1375 ria
2143 1319 2200 1374 in
2236 1320 2457 1377 saecula.
2487 1320 2686 1378 Amen;

351 1506 3575 1539 mm

1464 1669 1797 1760 ΙΣΑΑΚ
1849 1675 2079 1761 ΤΟΥ
2135 1672 2496 1760 ΣΥΡΟΥ

1201 1890 1209 1899 ’
1257 1869 1653 1999 ΠΕΡΙ
1765 1861 2703 2004 ΛΟΓΙΣΜΩΝ.

1615 2259 1992 2353 ISAACI
2084 2263 2356 2355 SYRI

1145 2473 1343 2601 DE
1445 2474 2848 2611 COGITATIONIBUS.

1478 2713 1664 2785 (Pera.
1696 2714 1910 2773 Possm.
1943 2716 2201 2775 Thesaur.
2236 2737 2344 2775 asc.
2378 2716 2527 2787 508.)

437 3042 502 3096 Ἥ
526 3041 739 3113 κίνησις
762 3044 873 3100 τῶν
893 3045 1174 3117 λογισμῶν
1195 3045 1301 3100 ὑπὸ
1321 3047 1607 3119 τεσσάρων
1631 3046 1824 3103 αἰτιῶν
1844 3045 1934 3116 γί-
1967 3055 2009 3112 Β

356 3150 506 3190 νεται
553 3135 633 3208 τῷ
682 3137 979 3209 ἀνθρώπῳ.
1045 3139 1273 3210 Πρῶτον
1322 3140 1422 3210 μὲν
1474 3142 1540 3196 ὲκ
1581 3142 1678 3196 τοῦ
1711 3138 1945 3211 φυσικοῦ

359 3224 667 3298 θελήματος
699 3229 800 3300 τῆς
831 3230 1061 3301 σαρκός.
1097 3231 1385 3303 Δεύτερον,
1423 3233 1485 3286 ὲκ
1514 3234 1614 3305 τῆς
1643 3231 1947 3303 φαντασίας

355 3317 463 3371 τῶν
510 3318 816 3390 αἰσθήσεων
865 3321 975 3375 τῶν
1017 3322 1112 3377 τοῦ
1152 3324 1362 3396 κόσμου
1406 3325 1753 3397 πραγμάτων
1799 3326 1947 3396 άπερ

355 3406 544 3467 ἀκούει
592 3411 688 3463 καὶ⁹
730 3409 941 3481 βλέπει.
998 3412 1226 3484 Τρίτον,
1264 3415 1329 3468 ἐκ
1358 3413 1468 3468 τῶν
1496 3414 1820 3486 προλήψεων
1852 3414 1949 3469 καὶ

357 3503 457 3570 τῆς
501 3501 751 3572 κλήσεως
800 3504 902 3572 τῆς
944 3503 1127 3575 ψυχῆς
1174 3497 1252 3560 ὧν
1290 3505 1406 3575 ἔχει
1448 3507 1590 3561 κατὰ
1628 3506 1791 3561 νοῢν’
1854 3506 1948 3560 τὲ-

358 3609 557 3663 ταρτον
580 3633 597 3656 ,
642 3595 708 3647 ἐκ
738 3595 849 3648 τῶν
881 3596 1199 3666 προσϐολῶν
1225 3597 1335 3651 τῶν
1357 3597 1626 3669 δαιμόνων
1651 3598 1951 3671 πολεμούν-

360 3701 469 3741 των
498 3686 647 3754 ἡμᾶς
682 3688 762 3750 είς
793 3688 975 3743 πάντα
1005 3688 1077 3743 τά
1105 3689 1256 3756 πάθη
1287 3689 1377 3743 διὰ
1410 3690 1521 3745 τῶν
1550 3692 1836 3757 τεσσάρων
1863 3691 1949 3745 αἰ-

363 3775 495 3832 τιῶν
539 3770 614 3830 ὧν
650 3777 989 3849 προείπομεν
1009 3794 1025 3810 °
1081 3780 1177 3834 ἐπὶ
1204 3782 1365 3836 τοῦτο
1390 3824 1404 3850 ,
1455 3782 1562 3847 ἓως
1589 3782 1685 3836 τοῦ
1715 3781 1948 3837 θανάτου

368 3868 430 3924 οὐ
472 3867 702 3922 δύναται
745 3868 1034 3941 ἅνθρωπος
1090 3872 1164 3944 μὴ
1201 3872 1347 3944 ἔχειν
1380 3873 1679 3943 λογισμοὺς
1725 3874 1818 3927 καὶ
1850 3873 1951 3927 πύ-

364 3959 528 4031 λεμον
552 3977 567 3991 ·
627 3961 752 4015 ὅσον
802 3962 955 4016 ἐστὶν
1000 3965 1060 4018 ὲν
1097 3968 1166 4038 τῇ
1205 3966 1319 4037 ζωῇ
1359 3966 1461 4036 τῆς
1492 3966 1695 4037 σαρκὸς
1721 3967 1949 4037 ταύτης.

367 4052 428 4105 Ei
471 4050 580 4122 γάρ
636 4051 744 4124 πρὸ
794 4053 1125 4125 ἀπαλλαγῆς
1177 4054 1274 4109 τοῦ
1322 4055 1531 4125 κόσμου
1581 4054 1677 4111 καὶ
1718 4054 1951 4111 Θανάτου

366 4143 638 4213 ὲνδέχεται
656 4143 1038 4216 ἀπαλλαγῆναι
1057 4146 1184 4216 μίαν
1206 4145 1315 4199 τῶν
1332 4145 1615 4215 τεσσάρων
1628 4145 1815 4200 αίτιῶν
1827 4143 1952 4200 τού-

373 4252 502 4300 των,
534 4235 722 4306 κρίνον
755 4234 842 4292 σύ.
895 4238 957 4290 Ei
984 4237 1043 4291 δὲ
1071 4238 1274 4292 ἄτοπόν
1305 4239 1453 4291 ἐστιν
1486 4236 1736 4308 ἐννοῆσαί
1762 4254 1816 4290 τι
1846 4236 1953 4291 τῶν

371 4327 652 4383 τοιούτων
684 4329 874 4399 ἐπειδὴ
898 4329 1119 4400 ὲπιδεής
1142 4332 1259 4384 ἐστι
1280 4329 1489 4384 τούτων
1513 4331 1546 4401 ή
1573 4329 1737 4400 φύσις
1757 4329 1948 4401 ἡμῶνο

371 4415 553 4473 λοιπὸν
601 4420 673 4474 τὰ
713 4421 863 4491 πάθη
899 4419 1175 4474 κινοῦνται
1222 4422 1281 4473 ὲν
1311 4421 1478 4473 παντὶ
1508 4418 1948 4492 σωμαφοροῦντι,
1977 4402 2027 4467 C

371 4510 581 4565 θελοντι
604 4549 619 4573 ,
672 4514 767 4565 καὶ
813 4512 1104 4583 ἡγουμένῳ
1130 4528 1144 4541 ·
1204 4511 1298 4566 καὶ
1339 4511 1430 4566 διὰ
1463 4510 1625 4565 τοῦτο
1658 4512 1959 4579 ἀναγκαῖον

376 4602 901 4674 παραφυλάττεσθαι
933 4603 1111 4657 πάντα
1139 4602 1427 4674 ἄνθρωπον
1473 4602 1572 4674 οὐχ
1597 4602 1656 4656 ἓν
1682 4602 1825 4671 λέγω
1850 4602 1959 4656 πά-

375 4694 497 4762 θος,
551 4696 671 4750 οὐδὲ
719 4695 845 4750 δύου
903 4695 1040 4751 ἀλλὰ
1088 4695 1340 4762 πλείονα,
1385 4694 1461 4759 ὡς
1500 4694 1955 4767 σωμαφοροῦντα.

374 4787 438 4841 Oi
470 4787 578 4859 γὰρ
612 4790 937 4861 νικήσαντες
965 4787 1036 4842 τὰ
1061 4787 1209 4858 πάθη
1240 4789 1329 4842 διὰ
1359 4788 1471 4843 τῶν
1497 4787 1710 4860 ἀρετῶν
1731 4830 1746 4855 ,
1781 4789 1831 4841 εί
1862 4788 1960 4842 καὶ⁸

376 4879 719 4950 ἐνοχλοῦνται
756 4881 861 4934 ὑπὸ
888 4881 1000 4934 τῶν
1030 4880 1338 4951 λογισμῶν,
1374 4880 1469 4934 καὶ
1501 4880 1820 4951 προσϐολῶν
1849 4880 1962 4933 τῶν

374 4972 659 5044 τεσσάρων
700 4973 924 5037 αἰτιῶν,
976 4972 1094 5026 ἀλλ’
1126 4973 1225 5042 οὐχ
1272 4971 1571 5042 ἡττῶνται·
1628 4972 1744 5026 ἀλλ’
1775 4972 1959 5043 ἔχουσι

374 5066 659 5136 δυνάμεις,
712 5066 805 5119 καὶ
835 5065 1145 5137 ἁρπάζεται
1179 5067 1206 5119 ὁ
1236 5062 1363 5128 νοῦς
1390 5064 1570 5118 αὐτῶν
1600 5065 1679 5128 εἰς
1701 5065 1959 5135 δυνάμεις

377 5157 591 5223 ἀγαθὰς
641 5157 736 5211 καὶ
782 5157 938 5221 θείας
983 5158 1077 5210 τοῦ
1123 5155 1594 5225 ἐπισκεπτομένου
1643 5157 1741 5228 τὴν
1783 5156 1959 5227 ψυχὴν

378 5246 547 5299 αὐτοῦ
579 5247 635 5298 ὲν
666 5248 814 5319 πάσῃ
840 5248 984 5319 ὥρᾳ,
1020 5247 1374 5320 εὐφραίνεται
1405 5248 1439 5318 ὴ
1468 5246 1615 5320 ψυχὴ
1645 5247 1742 5301 καὶ
1767 5248 1965 5319 καρδία

383 5341 448 5391 ἐν
481 5335 601 5396 ταῖς
638 5335 1049 5408 ἀποκαλύψεσι,
1104 5337 1199 5390 καὶ
1246 5339 1274 5391 ὁ
1316 5338 1567 5406 συνάγων
1600 5336 1701 5408 τὴν
1730 5336 1965 5409 θεωρίαν

381 5426 548 5480 αὺτοῦ
578 5427 779 5482 ἔσωθεν
812 5432 870 5483 ὲν
896 5429 1083 5501 ἑαυτῷ
1115 5429 1312 5502 θεωρεῖ
1340 5429 1440 5501 τὴν
1471 5428 1647 5501 αὐγὴν
1673 5428 1768 5483 τοῦ
1794 5428 1965 5484 Πνεύ-

391 5535 558 5588 ματος
608 5519 733 5590 ἥτις
780 5522 1103 5591 ἐϐδελύξατο
1155 5522 1568 5594 μετεωρισμὸν,
1631 5523 1829 5593 θεωρεῖ
1875 5522 1967 5575 τὸν

392 5611 664 5683 Δεσπότην
703 5613 868 5668 αὐτοῦ
918 5615 1122 5671 ἔσωθεν
1160 5617 1262 5687 τῆς
1301 5615 1465 5669 αὑτοῦ
1502 5616 1755 5688 καρδίας.
1792 5615 1851 5668 '0
1881 5615 1969 5668 θέε

386 5705 498 5758 λων
546 5703 672 5759 ἰδεῖν
718 5706 811 5760 τὸν
853 5707 1058 5780 Κύριον
1108 5710 1419 5780 μηχανᾶται
1457 5708 1757 5781 καθαρίσαι
1798 5707 1966 5760 αὐτοῦ

391 5795 488 5866 τὴν
513 5797 743 5868 καρδίαν
775 5799 832 5850 ὲν
860 5800 1193 5869 ἀδιαλείπτῳ
1225 5800 1423 5870 μνήμῃ,
1439 5798 1575 5853 Θεοῦ
1597 5816 1610 5829 ·
1666 5800 1763 5852 καὶ
1791 5797 1964 5862 οὕτως

390 5887 452 5941 ιν
492 5890 558 5960 τῇ
600 5889 952 5962 λαμπρότητι
992 5891 1089 5963 τῆς
1118 5888 1355 5957 διανοίας
1380 5890 1545 5945 αὐτοῦ
1580 5893 1635 5946 ὲν
1670 5891 1817 5962 πάσῃ
1848 5889 1968 5962 ὥρᾳ

2101 3049 2270 3106 Motio
2303 3049 2703 3121 cogitationum
2742 3060 2773 3101 e
2807 3053 3051 3117 quatuor
3095 3042 3282 3099 causis
3309 3041 3493 3097 oritur
3526 3041 3628 3097 ho-

2046 3143 2204 3198 mini.
2228 3144 2477 3200 Primum
2501 3141 2728 3213 quidem
2756 3155 2787 3197 e
2816 3138 3059 3195 naturali
3083 3137 3369 3192 voluntate
3401 3133 3627 3198 carnis;

2044 3234 2248 3291 deinde
2278 3252 2345 3292 ex
2386 3233 2777 3306 imaginatione
2812 3246 2914 3302 per
2958 3244 3156 3287 sensus
3178 3230 3395 3297 ingesta
3437 3240 3629 3280 rerum

2045 3327 2237 3382 mundi
2259 3343 2398 3398 quas
2444 3326 2601 3382 audit
2643 3333 2699 3381 et
2728 3330 2942 3395 spectat
2969 3337 2986 3388 ;
3023 3320 3191 3377 tertio
3216 3334 3285 3374 ex
3314 3316 3631 3387 anticipatis

2045 3419 2427 3491 opinionibus,
2475 3427 2535 3474 et
2567 3434 2635 3474 ex
2671 3414 2960 3471 vocatione
3010 3412 3230 3476 animae,
3282 3424 3421 3479 quas
3464 3407 3633 3462 habet

2046 3527 2159 3582 pra:
2185 3522 2406 3577 mente;
2432 3518 2633 3581 quarto
2665 3525 2735 3564 ex
2763 3506 3071 3563 insultihus
3096 3504 3411 3559 daemonum
3445 3500 3631 3569 impu-

2047 3604 2336 3675 gnantium
2387 3618 2518 3668 nos,
2580 3613 2638 3657 et
2678 3601 2861 3656 valide
2908 3594 3314 3668 impellentium
3366 3593 3425 3648 in
3454 3591 3628 3658 vitia,

2049 3692 2437 3762 utentiumque
2474 3692 2543 3747 ad
2583 3691 2691 3746 hoc
2716 3688 2936 3745 cunctis
2979 3685 3384 3757 cogitationum
3419 3681 3632 3751 specie-

2048 3780 2156 3838 bus
2184 3796 2216 3836 e
2238 3781 2620 3851 quadruplici,
2658 3778 2807 3849 quod
2843 3776 3205 3849 exposuimus
3224 3814 3239 3838 ,
3273 3786 3478 3844 genere
3508 3784 3633 3841 pro-

2049 3874 2252 3945 gnatis.
2281 3873 2516 3942 Propter
2539 3872 2645 3926 hoc
2666 3870 2789 3925 ﬁeri
2809 3885 2918 3925 non
2942 3874 3147 3939 potest,
3172 3874 3235 3920 ut
3255 3865 3427 3919 homo
3446 3870 3632 3925 natus,

2050 3962 2233 4034 quoad
2285 3962 2577 4027 moriatur,
2626 3975 2819 4031 pacem
2866 3958 3071 4013 habeat
3121 3972 3152 4010 a
3188 3954 3340 4010 bello
3370 3952 3480 4023 ipsi
3538 3966 3636 4022 per

2052 4055 2416 4129 cogitationes
2446 4054 2600 4108 illato
2624 4094 2638 4118 ,
2675 4057 3063 4122 perpetuoque
3118 4044 3418 4102 inferendo
3450 4044 3637 4099 donec

2053 4142 2107 4198 in
2140 4143 2245 4197 hac
2277 4157 2442 4197 carne
2472 4140 2644 4196 vivet.
2687 4139 2769 4194 An
2805 4139 2958 4194 enim
3000 4145 3129 4196 ante
3173 4136 3311 4197 hinc
3354 4133 3637 4205 migratio-

2054 4250 2179 4291 nem
2210 4244 2267 4290 et
2300 4243 2535 4289 mortem
2574 4232 2691 4288 ﬁeri
2722 4232 2899 4302 possit
2929 4238 2989 4284 ut
3035 4229 3334 4299 quisquam
3393 4225 3640 4298 perfecte

2052 4328 2626 4397 libereturaquatuor
2654 4322 3001 4381 enumeratis
3028 4321 3425 4393 cogitationum
3452 4326 3640 4373 scatu-

2056 4421 2330 4493 riginibus
2354 4460 2367 4485 ,
2423 4431 2479 4474 tu
2522 4419 2732 4489 judica.
2762 4417 2819 4473 Si
2859 4425 3046 4471 autem
3082 4427 3245 4469 nemo
3266 4412 3519 4483 prudens
3550 4410 3640 4463 in-

2059 4513 2265 4569 ducere
2289 4514 2346 4568 in
2378 4512 2625 4567 animum
2662 4510 2715 4564 id
2744 4511 2962 4579 'queat,
3003 4507 3200 4576 utique
3249 4521 3375 4561 eum
3416 4503 3638 4565 videat,

2058 4620 2219 4676 egere
2250 4603 2480 4659 omnino
2507 4612 2761 4655 naturam
2786 4607 3036 4654 nostram
3063 4606 3125 4652 ut
3151 4597 3339 4661 duret,
3369 4596 3460 4649 his
3479 4592 3638 4663 quasi

2060 4704 2297 4767 quatuor
2338 4692 2672 4757 elementis,
2727 4704 2963 4760 esseque
3013 4703 3249 4763 prorsus
3296 4699 3527 4740 necesse
3577 4691 3641 4738 ut

2061 4786 2510 4858 perturbationes
2544 4800 2612 4838 ex
2642 4783 2711 4838 iis
2733 4782 3008 4839 oriundas
3042 4781 3288 4851 patiatur
3317 4778 3640 4849 quicunque

2063 4894 2266 4949 corpus
2294 4878 2593 4936 humanum
2616 4873 3059 4946 gestat,arbitrii
3082 4887 3315 4941 compos
3356 4878 3413 4925 et
3434 4869 3640 4939 puber;

2062 4978 2293 5040 propter
2322 4969 2430 5023 hoc
2460 4978 2547 5021 est
2576 4965 2955 5021 necessarium
2987 4962 3283 5033 invigilare
3312 4960 3519 5015 acriter
3553 4958 3640 5013 sui

2064 5059 2329 5115 custodia:
2358 5071 2815 5128 unumquemque
2848 5055 3157 5119 hominem,
3200 5061 3262 5107 ut
3307 5067 3367 5106 se
3408 5066 3643 5122 praeser-

2065 5162 2178 5217 vet,
2200 5168 2312 5209 non
2342 5151 2467 5206 dico
2501 5151 2572 5204 ab
2592 5164 2705 5204 uno
2737 5154 2835 5204 aut
2872 5162 2902 5202 a
2932 5146 3174 5211 duobus,
3207 5143 3307 5200 sed
3333 5159 3361 5197 a
3387 5142 3643 5213 pluribus

2064 5243 2216 5300 vitiis
2243 5242 2448 5313 quibus
2492 5256 2562 5297 eo
2617 5240 2739 5311 ipso
2781 5245 2868 5293 est
2897 5237 3174 5293 obnoxius
3200 5275 3214 5301 ,
3250 5234 3399 5305 quod
3432 5246 3642 5306 corpus

2066 5335 2292 5391 habeat.
2326 5333 2430 5401 Qui
2455 5333 2605 5388 enim
2624 5332 2761 5387 vilia
2784 5347 2885 5403 per
2927 5332 3166 5385 virtutes
3197 5329 3333 5399 ipsis
3359 5327 3645 5400 oppositas

2068 5430 2343 5493 vicerunt,
2371 5427 2477 5483 etsi
2511 5425 2825 5481 molestiam
2872 5424 3191 5495 patiuntur,
3228 5438 3261 5477 a
3291 5419 3646 5493 cogitationi-

2067 5523 2173 5578 bus
2203 5536 2341 5591 quas
2370 5528 2607 5590 quatuor
2646 5518 2873 5573 indicati
2901 5516 3085 5572 fontes
3113 5514 3456 5586 producunt,
3481 5522 3540 5571 et
3573 5513 3643 5569 ab

2068 5626 2161 5666 eas
2182 5610 2387 5665 secutis
2410 5608 2741 5681 impulsibus
2766 5609 2819 5664 in
2841 5609 3045 5663 malum
3071 5624 3083 5661 :
3108 5622 3222 5663 non
3262 5615 3448 5662 tamen
3481 5618 3646 5676 supe-

2072 5713 2288 5769 rantur,
2334 5700 2432 5757 sed
2469 5700 2661 5755 invicti
2690 5701 3015 5770 praevalent,
3043 5698 3269 5754 subnixi
3301 5696 3478 5768 copiis
3502 5695 3646 5750 invi-

2074 5795 2178 5850 ctis
2209 5793 2400 5867 gratiae
2451 5793 2684 5860 divinae,
2718 5809 2952 5864 quarum
3003 5807 3109 5863 ope
3138 5790 3415 5861 abripitur
3448 5800 3644 5842 eorum

2080 5902 2237 5943 mens
2266 5886 2321 5941 in
2357 5885 2612 5944 salubres
2658 5900 2856 5942 sensus
2886 5885 2982 5941 Dei
3012 5884 3211 5940 animae
3247 5882 3496 5955 ipsorum
3516 5875 3646 5939 inti-
