4112 6564
511 470 615 536 891
1719 464 1988 525 SANCTI
2031 459 2558 524 BARSANUPHII
3705 449 3842 517 892

516 578 682 642 Bibl.
736 599 901 642 nova
947 599 1092 640 mss.
1141 598 1206 658 p.
1251 577 1363 653 92;
1404 578 1753 638 Parcenesis
1802 578 1886 639 ad
1929 576 2328 656 discipulum,
2361 573 2850 654 .ineipitzl‘épuw
2875 599 2960 646 τις
2983 581 3270 654 διέτριϐεν.
3349 567 3654 632 Lambec.
3705 566 3836 640 IV,

516 701 578 761 p.
611 679 720 742 136
749 685 850 760 [p.
882 679 998 741 312
1030 679 1194 742 K011.
1225 680 1290 740 in
1320 679 1462 741 cod.
1503 677 1611 739 152
1641 695 1706 738 η.
1744 675 1870 754 11].
1908 680 1993 741 De
2022 675 2458 757 Barsanuphio
2489 674 2838 738 meminere
2865 674 3164 754 Evagrius
3189 673 3293 750 IV,
3336 671 3446 748 32;
3475 668 3840 753 Nicepho-

517 797 619 842 rus
655 781 848 853 XVII,
877 779 952 840 22
971 797 988 854 ;
1022 777 1442 858 Martyrolog.
1473 780 1651 839 Rom.
1681 794 1752 838 x1
1787 777 1983 858 April.

998 1230 1349 1365 ΤΟΥ
1419 1227 1948 1366 ΑΓΙΟΥ
2018 1225 3307 1364 ΒΑΡΣΑΝΟΥΦΙΟΥ

1501 1500 1620 1556 Em
1663 1504 2114 1561 ΑΥΡΕΛΙΑΝΟΥ
2157 1507 2560 1562 ΕΠΙσΣΚΟΠΟΥ
2594 1507 2632 1560 Γ
2635 1507 2815 1562 ΑΖΗΣ

1689 1720 2619 1844 ΔΙΔΑΣΚΑΛΙΑ

2058 1967 2235 2027 ΠΕΡΙ

529 2151 755 2240 ΤΩΝ
831 2151 1480 2250 ΩΡΙΓΕΝΟΥΣ,
1546 2155 2084 2244 ΕΥΑΓΡΙΟΥ
2137 2158 2334 2244 ΚΑΙ
2407 2154 2918 2251 ΔΙΔΥΜΟΥ
2989 2163 3849 2275 ΦΡΟΝΗΜΑἸῺΝο.

1295 2597 1861 2729 SANCTI
1957 2601 3033 2737 BARSANUPHII

1459 2872 1602 2934 SUB
1646 2874 2115 2956 AURELIANO
2171 2875 2558 2944 EPISCOPO
2611 2883 2847 2946 GAZJE

1853 3038 2529 3195 DOCTRINA‘

597 3354 931 3446 CIRCA
995 3353 1668 3448 OPINIONES
1737 3353 2358 3483 ORIGENIS,
2428 3363 2921 3458 EVAGRII
3000 3367 3153 3459 ET
3223 3369 3717 3466 DIDYMI.

1185 3612 1268 3656 EX
1305 3613 1528 3657 CODICE
1563 3613 1859 3668 CCLXXXI,
1899 3614 2328 3659 BIBLIOTHECIE
2369 3616 2782 3662 COISLINIANE
2815 3620 2958 3666 PAG.

1443 3802 1728 3871 (GALLAND.
1764 3803 1868 3857 νει.
1904 3802 2129 3859 Patrum
2160 3805 2408 3862 Biblioth.
2459 3815 2497 3862 t.
2530 3807 2624 3875 XI,
2655 3823 2711 3879 p.
2745 3808 2892 3882 592)

1125 4125 1507 4196 Interrogatio.

592 4260 785 4316 Frater
815 4259 1040 4330 quidam
1075 4259 1440 4330 interrogavit
1491 4265 1741 4314 sanctum
1780 4272 1968 4313 senem
2012 4258 2111 4314 ab-

535 4357 715 4410 batem
745 4353 1186 4423 Barsanuphium
1240 4353 1330 4407 his
1366 4352 1556 4406 verbis
1596 4371 1608 4405 :
1638 4351 1873 4417 Nescio,
1926 4352 2108 4415 Pater,

532 4464 642 4518 quo
672 4455 836 4517 pacto
863 4444 1161 4500 inciderim
1195 4444 1251 4498 in
1281 4443 1461 4498 libros
1485 4442 1741 4514 Origenis
1787 4451 1844 4498 et
1870 4442 2108 4514 Didymi,

533 4547 591 4593 et
621 4538 674 4592 in
711 4537 974 4594 Gnostica
1004 4535 1262 4608 Evagrii,
1294 4550 1400 4589 nec
1432 4550 1545 4588 non
1571 4533 1626 4588 in
1654 4535 1778 4605 ejus
1803 4533 2112 4604 disciplinae

535 4633 810 4686 iusmuta.
864 4631 1066 4684 Dicunt
1126 4636 1311 4682 autem
1370 4625 1660 4681 hominum
1724 4627 1942 4681 animas
1997 4642 2111 4682 non

534 4723 704 4778 fuisse
732 4731 943 4777 creatas
969 4737 1094 4776 cum
1126 4719 1491 4790 corporibus;
1522 4717 1618 4773 sed
1657 4718 1793 4789 ipsis
1821 4718 2113 4788 prase'xsti-

537 4814 688 4880 tisse,
723 4813 1010 4884 nudasque
1043 4811 1443 4883 intelligentias
1485 4809 1681 4874 fuisse,
1717 4809 1771 4864 id
1795 4818 1907 4877 est,
1930 4810 2114 4865 ineor-

535 4923 765 4978 poreas;
795 4907 1161 4974 similiterque
1213 4903 1441 4973 angelos
1475 4902 1654 4958 nudas
1711 4902 2115 4973 intelligentias

535 5001 704 5056 fuisse
741 5041 756 5066 ,
812 4999 1201 5067 daemonasque
1265 4996 1395 5051 item
1448 4995 1625 5052 nudas
1679 4995 2111 5068 intelligentias;

535 5101 700 5163 atque
761 5090 1016 5145 homines
1067 5089 1184 5142 sive
1237 5087 1528 5141 hominum
1575 5086 1788 5141 animas
1835 5086 1903 5140 ad
1949 5087 2117 5159 hujus

535 5183 788 5254 corporis
825 5178 1264 5254 (animationem)
1295 5178 1586 5234 damnatas
1639 5177 1855 5244 fuisse;
1888 5180 2117 5251 angelos

537 5291 670 5331 vero
698 5275 822 5331 ideo
855 5273 1080 5344 angelos
1103 5271 1278 5327 factos
1303 5287 1447 5338 esse,
1468 5270 1615 5341 quod
1649 5286 1770 5326 sese
1820 5287 2116 5327 conserva-

539 5373 754 5435 verint;
784 5369 1062 5425 daemonas
1095 5385 1164 5424 ex
1203 5369 1377 5423 multa
1420 5368 1671 5438 nequitia
1709 5369 1849 5422 tales
1880 5368 2114 5423 eﬂ‘ectos

535 5447 682 5519 esse.
714 5461 948 5532 Aliaque
976 5462 1118 5518 bene
1152 5463 1322 5516 multa
1350 5462 1554 5516 similia
1583 5461 1779 5516 dicunt
1816 5460 1919 5515 illi.
1949 5461 2116 5516 Item-

535 5567 646 5624 que
683 5553 842 5628 aiunt
873 5552 992 5608 fore
1035 5561 1094 5607 ut
1123 5553 1372 5608 futurum
1413 5553 1548 5608 illud
1577 5553 1909 5624 supplicium
1949 5552 2112 5606 linem

539 5645 772 5710 habeat;
803 5645 1044 5715 itemque
1072 5644 1322 5699 futurum
1356 5661 1501 5710 esse,
1527 5653 1588 5700 ut
1621 5645 1891 5704 homines,
1924 5643 2109 5715 angeli

539 5748 597 5793 et
635 5738 919 5796 daemones
959 5745 1333 5804 reverlantur,
1358 5748 1420 5794 ut
1456 5740 1614 5810 prius
1642 5748 1822 5806 erant,
1846 5739 2010 5795 nuda:
2036 5738 2116 5793 inc

543 5829 900 5895 lelligentim;
937 5829 1084 5893 quod
1120 5838 1317 5887 vocant
1347 5832 1906 5888 restitutionem.Cum
1947 5830 2116 5902 igitur

2145 4128 2184 4182 Β

2841 4125 3176 4198 Ἐρώτησις.

2295 4261 2548 4331 Ἀδελφδς
2601 4263 2859 4335 ἠρώτησε
2909 4265 3000 4319 τὸν
3049 4265 3208 4335 ἅγιον
3238 4265 3474 4337 γέροντα
3499 4263 3593 4320 τὸν
3616 4267 3797 4322 ἀὸεᾶν

2210 4355 2620 4426 Βαρσανούφιον
2648 4354 2862 4424 λέγων·
2901 4357 3015 4410 Οὐκ
3070 4353 3210 4422 οῖδα,
3266 4357 3474 4430 Πάτερ,
3522 4359 3643 4423 πῶς
3708 4360 3796 4412 ὲν-

2211 4445 2383 4498 ἐπεσα
2414 4446 2492 4508 εἰς
2512 4444 2582 4498 τὰ
2607 4444 2790 4516 βιϐλία
2816 4445 2910 4500 τοῦ
2944 4447 3255 4518 Ὠριγένους
3290 4449 3386 4503 καὶ
3417 4449 3677 4520 Διδύμου,
3703 4450 3798 4503 καὶ⁵

2211 4537 2291 4601 εἰς
2314 4538 2384 4592 τὰ
2415 4539 2694 4607 γνωστικὰ
2722 4539 3021 4610 Εὐαγρίου,
3059 4542 3156 4594 καὶ
3177 4543 3259 4605 εἰς
3293 4541 3362 4596 τὰ
3390 4542 3499 4596 τῶν
3527 4541 3797 4613 μαθημά-

2211 4647 2318 4682 των
2347 4629 2537 4685 αὑτοῦ.
2574 4632 2686 4685 Καὶ
2711 4630 2965 4700 λέγουσιν
2996 4633 3079 4686 ὅτι
3133 4633 3234 4686 οὐκ
3279 4632 3798 4706 ὲδημιουργήθησαν

2212 4723 2268 4776 αἱ
2299 4722 2407 4776 τῶν
2441 4722 2756 4796 ἀνθρώπων
2781 4721 2954 4793 ψυχαὶ
2987 4723 3125 4794 μετὰ
3156 4723 3268 4778 τῶν
3303 4725 3600 4796 σωμάτων,
3658 4723 3797 4780 ἀλλὰ

2214 4815 2573 4886 προϋπῆρχον
2621 4815 2802 4870 αὐτῶν
2836 4816 2958 4879 νόες
3006 4815 3210 4885 γυμνοὶ
3246 4815 3426 4879 οὖσαι,
3486 4815 3797 4882 τουτέστιν,

2216 4906 2500 4977 ἀσώματοι
2520 4923 2535 4937 ο
2564 4908 2764 4979 ὁμοίως
2793 4907 2890 4962 καὶ
2917 4909 2966 4960 οἱ
3001 4907 3224 4977 ἄγγελοι
3251 4908 3371 4972 νόες
3399 4909 3600 4980 γυμνοὶ
3630 4905 3796 4980 ἦσαν,

2216 5000 2312 5054 καὶ
2340 5001 2389 5054 οι
2413 5000 2666 5072 δαίμονες
2683 5001 2800 5066 νόες
2824 5018 2892 5070 γυ
2903 5001 3024 5071 μνοὶ
3046 4997 3186 5073 ἦσαν
3209 5017 3222 5032 ·
3260 5000 3353 5054 καὶ
3378 5003 3426 5054 οἱ
3465 4999 3565 5072 μὲν
3595 5001 3797 5073 ἄνθρω-

2219 5111 2309 5146 ποι
2337 5093 2709 5165 παραϐάντες.
2733 5092 3208 5164 κατεδικάσθησαν
3235 5094 3316 5156 εἰς
3336 5092 3398 5147 τὸ
3427 5092 3588 5164 σῶμα
3615 5092 3798 5148 τοῦτο’

2215 5187 2264 5238 οἱ
2293 5185 2352 5240 δὲ
2377 5185 2595 5254 ἄγγελοι
2632 5186 2923 5254 γεγόνασιν
2970 5185 3214 5254 ἄγγελοι,
3271 5185 3612 5255 τηρήσαντες
3667 5187 3799 5238 ἑαυ-

2215 5279 2374 5337 τούς·
2415 5276 2465 5328 οἱ
2501 5275 2556 5328 δὲ
2597 5275 2854 5346 δαίμονες
2903 5275 3013 5329 ἀπὸ
3044 5274 3253 5346 πολλῆς
3286 5273 3510 5338 κακίας,
3563 5273 3796 5328 τοιοῦτοι

2218 5369 2528 5438 γεγόνασιν.
2558 5369 2669 5423 Καὶ
2691 5370 2800 5439 ὅσῳ
2829 5367 2966 5421 ἄλλα
2993 5367 3212 5436 λέγουσι
3243 5365 3492 5430 τοιαῦτα,
3517 5368 3611 5421 καὶ
3633 5365 3799 5422 πάλιν

2216 5461 2299 5515 ὅτι
2328 5460 2408 5513 δεῖ
2441 5460 2741 5529 μέλλουσαν
2778 5459 3001 5513 κόλασιν
3032 5459 3187 5522 τέλος
3219 5459 3406 5514 λαϐεῖν
3427 5475 3442 5490 ·
3505 5460 3600 5512 καὶ
3639 5458 3798 5529 ἐχου-

2219 5570 2304 5606 σιν
2334 5555 2382 5606 οἱ
2414 5552 2692 5623 ἄνθρωποι
2722 5553 2816 5606 καὶ
2837 5554 2886 5605 οἱ
2913 5552 3136 5621 ἄγγελοι
3163 5552 3258 5607 καὶ
3279 5553 3328 5606 οἱ
3355 5551 3609 5622 δαίμονες
3631 5551 3798 5603 ἐπαν-

2216 5644 2393 5697 ελθεῖν
2420 5638 2487 5716 ἧς
2523 5643 2607 5716 (F.
2642 5643 2738 5714 ὡς)
2775 5645 3020 5715 ὑπῆρχον
3051 5645 3171 5707 vos;
3217 5643 3440 5715 γυμνοὶ,
3484 5643 3513 5696 ὃ
3547 5641 3798 5711 λέγουσιν

2218 5737 2739 5793 ἀποκατάστασιν.
2805 5736 2962 5790 Ἐπεὶ
2997 5736 3113 5804 οὖν.
3143 5735 3386 5790 θλίϐεται
3433 5737 3467 5806 ἠ
3511 5734 3658 5805 ψυχή
3692 5750 3798 5804 μου

2219 5828 2536 5900 ἐμπεσοῦσα
2565 5830 2645 5893 εἰς
2666 5827 2944 5899 διψυχξαν,
2979 5829 3029 5882 εἰ
3055 5827 3232 5902 ἀληθῆ
3252 5825 3430 5884 ταῦτά
3460 5828 3618 5894 εἰσιν,
3645 5824 3679 5895 ἢ
3708 5823 3795 5879 οὔ·
