4112 6524
314 449 421 513 893

1767 454 2170 519 DOCTRINA.

3487 470 3594 536 894

311 571 510 643 δέομαί
545 589 663 640 σου,
716 569 975 639 δέσποτα,
1012 567 1188 633 δεῖξόν
1239 585 1330 638 μοι
1369 568 1471 638 τὴν
1500 568 1785 640 ἀλήθειαν,
1818 571 1895 624 ἵνα

2007 574 2196 628 animo
2230 576 2548 645 perturber,
2582 586 2753 650 atque
2784 579 2841 634 in
2875 579 3109 636 dubium
3137 579 3432 637 inciderim
3454 598 3590 639 num

314 668 495 732 οὓτως
524 668 791 739 κρατσήσω
828 668 927 719 καὶ
963 664 1038 736 μὴ
1076 663 1391 734 ἀπόλωμαι.
1445 665 1555 716 Kal
1594 664 1703 736 γάρ
1756 665 1911 719 οὐδὲν

313 762 531 814 τούτων
562 760 783 833 εἴρηται
815 762 873 813 ἐν
907 763 975 830 τῇ
1005 760 1127 831 θείᾳ
1158 760 1375 830 Γραφῇ,
1401 758 1590 830 ὥσπερ
1622 760 1717 813 καὶ
1745 760 1912 827 αὐτὸς

327 853 620 924 Ὦριγένης
641 851 1049 907 διαϐεϐαιοῦται
1072 854 1133 906 ἐν
1162 852 1239 923 τῷ
1261 851 1429 905 αὑτοῦ
1464 852 1781 923 ἐξηγητικῷ
1808 854 1909 923 τῆς

231 998 254 1008 ,,
314 945 459 1015 πρὸς
492 947 656 999 Τίτον
695 944 1043 1014 Ἐπιστολῆς,
1095 943 1171 1016 μὴ
1230 938 1371 999 εἶναι
1411 944 1521 997 τῶν
1569 945 1905 1022 ἀποστόλων,

316 1037 459 1107 μηδὲ
513 1036 617 1107 τῆς
662 1036 998 1107 Ἐκκλησίας
1032 1036 1355 1107 παράδοσιν,
1386 1037 1447 1091 τό
1468 1053 1483 1067 ο
1518 1036 1908 1108 πρεσϐυτέραν

313 1125 458 1181 εἶναι
485 1130 584 1197 τὴν
613 1128 793 1199 ψυχὴν
823 1129 927 1199 τῆς
959 1128 1055 1182 τοῦ
1110 1128 1367 1199 σώματος
1417 1131 1788 1201 κατασκευῆς,
1831 1131 1909 1195 ὡς

312 1224 599 1293 αἱρετικὸν
637 1223 1065 1295 χαρακτηρίζων
1116 1223 1207 1278 τὸν
1250 1224 1425 1279 ταῦτα
1454 1224 1705 1293 λέγοντα.
1744 1225 1906 1279 Ἀλλά

235 1312 280 1330 ”’
314 1316 415 1369 καὶ
448 1316 718 1387 Εὐάγριος
751 1318 1024 1388 μαρτυρεῖ
1049 1317 1107 1369 ἐν
1130 1319 1245 1380 τοῖς
1272 1319 1596 1384 γνωστικοῖς
1622 1316 1788 1372 αὑτοῦ
1820 1334 1906 1369 κε-

314 1406 597 1473 φαλαίοις,
662 1408 745 1461 ὅτι
780 1408 912 1479 περὶ
947 1407 1156 1461 τούτων
1199 1408 1376 1471 οὐδεὶς
1423 1408 1723 1478 ἐμήνυσεν,
1782 1408 1905 1461 οὐδὲ

312 1500 452 1552 αὐτὸ
477 1500 538 1553 τὸ
562 1500 788 1569 Πνεῦμα
844 1501 1171 1572 ἐξηγήσατο.
1234 1500 1388 1571 Ἔχει
1421 1502 1529 1573 γὰρ
1600 1504 1659 1555 ἐν
1694 1502 1772 1573 τῷ
1815 1502 1906 1568 ἐξ·

310 1592 539 1661 ηκοστῷ
557 1593 803 1663 τετάρτῳ
820 1592 1104 1663 κεφαλαίῳ
1122 1592 1225 1661 τῆς
1243 1592 1503 1664 δευτέρας
1518 1591 1906 1659 Ἑκατοντάδος

314 1682 431 1734 τῶν
466 1666 1023 1735 αύτοῦΓνωστικῶν’
1072 1702 1089 1733 ι
1127 1682 1264 1753 Περὶ
1310 1682 1409 1752 μὲν
1458 1682 1569 1736 τῶν
1619 1683 1904 1755 προτέρων

312 1774 343 1824 6
378 1772 635 1843 μηνύσων
658 1772 853 1837 οὐδεὶς,
885 1772 1015 1842 περὶ
1041 1772 1097 1825 δὲ
1128 1773 1237 1825 τῶν
1262 1772 1532 1844 δευτέρων
1560 1776 1590 1827 6
1622 1775 1679 1827 ἐν
1700 1774 1903 1847 Χωρὴϐ

315 1863 653 1933 ἐξηγήσατο.
684 1884 701 1915 ι
738 1864 849 1916 Kal
877 1863 1045 1917 πάλιν
1075 1866 1134 1917 ἐν
1158 1862 1237 1933 τῷ
1273 1863 1553 1935 ἑξηκοστῷ
1586 1864 1793 1936 ἐννάτῳ
1818 1883 1903 1918 κε-

314 1953 534 2025 φαλαίῳ
560 1954 661 2025 τῆς
684 1954 857 2023 αὐτῆς
886 1955 1276 2018 Ἐκατοντάδος
1314 1956 1413 2026 τῆς
1438 1955 1701 2027 δευτέρας
1725 1955 1898 2021 οὕτως

314 2045 507 2115 φησὶν,
553 2046 635 2098 ὅτι
672 2065 692 2097 ι
753 2046 827 2098 Τὸ
881 2043 1112 2115 Πνεῦμα
1162 2044 1224 2098 τὸ
1267 2044 1423 2113 ἅγιον
1450 2046 1511 2099 ού
1538 2046 1640 2117 τήν
1674 2046 1899 2118 πρώτην

313 2137 427 2189 τῶν
450 2136 688 2205 λογικῶν
709 2136 998 2207 διαίρεσιν,
1029 2135 1152 2191 οὐδὲ
1182 2137 1284 2207 τὴν
1315 2136 1543 2209 πρώτην
1567 2138 1758 2191 οὐσίαν
1789 2138 1900 2191 τῶν

315 2230 592 2298 σωμάτων
622 2229 951 2299 ἐξηγήσατο.
988 2247 1007 2280 ι
1046 2229 1181 2300 Περὶ
1233 2228 1291 2283 δὲ
1320 2229 1416 2283 τοῦ
1458 2230 1534 2302 μὴ
1570 2225 1711 2284 εἶναι
1755 2233 1895 2285 ἀπο-

314 2318 676 2383 κατάστασιν,
734 2319 870 2389 μηδέ
902 2320 1059 2383 τέλος
1112 2321 1409 2386 κολάσεως,
1447 2322 1610 2385 αὐτὸς
1638 2325 1667 2376 6
1692 2322 1896 2395 Κύριος

316 2410 663 2480 ἐφανέρωσεν
688 2410 746 2462 ἐν
774 2410 854 2480 τῷ
897 2412 1217 2485 Εὐαγγελίῳ
1248 2414 1418 2467 εἰπών
1442 2430 1458 2447 ο
1506 2416 1897 2472 Ἆπελεύσον-

317 2519 411 2555 ται
441 2506 528 2568 είς
557 2504 817 2557 κόλασιν
840 2504 1111 2559 αἰώνιονο
1154 2508 1264 2559 Kal
1296 2508 1459 2561 πάλιν
1479 2526 1493 2539 ·
1537 2509 1600 2562 '0
1645 2509 1897 2577 σκώληξ

314 2592 517 2647 αὐτῶν
543 2596 615 2648 οὐ
638 2592 912 2661 τελευτᾷ,
941 2596 1039 2649 καί
1071 2595 1137 2650 τὸ
1159 2595 1278 2665 πῦρ
1307 2600 1378 2652 οὐ
1406 2598 1754 2653 σϐέννυται.
1787 2600 1895 2653 Πό-

317 2686 411 2737 θεν
444 2681 558 2750 οὗν,
587 2687 848 2751 δέσποτα,
886 2688 1021 2758 μηδέ
1047 2688 1158 2742 τῶν
1191 2690 1508 2745 ἀποστόλων
1533 2693 1895 2763 παραδεδοκό-

315 2794 446 2841 των,
470 2778 604 2847 μηδὲ
625 2778 721 2832 τοῦ
738 2780 895 2847 ἀγίου
914 2780 1053 2834 Πνεύ
1063 2798 1233 2851 ματος
1253 2782 1687 2855 ἐξηγησαμένου,
1710 2786 1896 2850 καθὼς

315 2870 469 2922 αὐτοὶ
493 2871 910 2943 ἐμαρτύρησαν,
947 2874 1043 2927 καὶ
1075 2873 1185 2927 τῶν
1237 2875 1584 2943 Εὐαγγελίων
1634 2878 1895 2941 ἐναντίως

316 2961 573 3030 ἐχόντων,
611 2964 786 3017 ταῦτα
830 2964 1110 3032 ἐξέθεντος
1164 2966 1396 3035 Ποίησον
1450 2963 1542 3022 οὖν
1591 2968 1739 3034 ἔλεος
1804 2970 1895 3023 εύ-

317 3052 676 3123 σπλαγχνίας,
735 3056 933 3127 πάτερ,
971 3058 1111 3128 μετά
1172 3059 1271 3128 τῆς
1322 3059 1611 3125 ἀσθενείας
1642 3079 1769 3133 μου,
1800 3062 1894 3117 καὶ

315 3143 631 3214 φανέρωσόν
672 3162 763 3216 μοι
790 3147 843 3199 τί
869 3148 978 3201 είσι
1006 3147 1077 3202 τὰ
1102 3148 1348 3219 δόγματα
1378 3149 1569 3206 ταῦτα.

920 3263 1287 3331 Ἀπόκρισις.

395 3369 644 3439 Ἀδελφὲ,
670 3370 795 3424 οὐαὶ
824 3370 921 3423 καὶ
943 3372 1138 3425 ἀλαλαὶ
1166 3372 1243 3443 τῷ
1282 3375 1431 3440 γένει
1462 3376 1638 3446 ἡμῶν.
1688 3376 1753 3431 Τί
1790 3377 1896 3448 ἀφ-

314 3463 553 3533 ήκαμεν,
580 3462 674 3515 καὶ
700 3460 753 3514 τί
784 3462 1098 3533 ἐρευνῶμεν
1124 3481 1138 3529 ;
1162 3465 1256 3529 Είς
1283 3468 1412 3519 ποῖα
1442 3467 1753 3538 ἀμελοῦμεν
1798 3470 1895 3523 καὶ

311 3556 394 3617 είς
424 3557 553 3607 ποῖα
586 3554 983 3622 σπουδάζομεν,
1032 3558 1110 3618 είς
1148 3560 1275 3609 ποῖα
1327 3558 1749 3629 ἀμϐλυνόμεθα;
1783 3561 1894 3627 Τὰς

311 3645 530 3709 εύθείας
557 3646 710 3709 ὁδοὺς
746 3647 1043 3717 ἀφήκαμεν
1073 3649 1167 3700 καὶ
1190 3651 1270 3712 είς
1290 3648 1389 3712 τὰς
1418 3650 1636 3713 σκολιὰς
1666 3650 1894 3723 θέλομεν

314 3735 549 3806 βαδίσαι,
582 3735 672 3791 ἵνα
710 3736 974 3809 πληρωθῇ
1010 3740 1089 3802 είς
1117 3740 1262 3809 ἡμᾶς
1307 3741 1335 3792 6
1388 3741 1665 3811 Γραφικὸς
1711 3742 1891 3812 λόγος,

311 3829 408 3881 τό·
455 3829 597 3881 Οὐαὶ
649 3828 773 3895 τοῖς
826 3828 1231 3885 καταλιποῦσι
1281 3831 1388 3898 τὰς
1433 3835 1673 3901 εὐθείας
1710 3835 1893 3902 ὁδοὺς

310 3920 420 3975 τοῦ
446 3920 814 3990 ,πορευθῆναι
863 3925 952 3988 είς
999 3923 1179 3989 ὀδοὺς
1218 3926 1493 3993 σκολιάς.
1554 3928 1711 3981 Μετά
1763 3927 1895 4000 ἀλη-

312 4013 485 4080 θείας,
525 4013 739 4083 ἀδελφὲ,
775 4014 965 4084 ἀφῆκά
1000 4033 1103 4086 μου
1125 4016 1187 4068 τὸ
1220 4016 1439 4082 πένθος,
1466 4019 1560 4071 καὶ
1593 4019 1775 4073 πενθῶ
1807 4037 1888 4075 σε.

311 4105 424 4158 Ποῦ
457 4104 754 4172 ἐνέπεσας;
795 4106 907 4159 Kal
954 4107 1045 4160 τὸν
1094 4092 1371 4179 κλαυθμὸν
1422 4111 1514 4165 τὸν
1551 4112 1682 4183 περὶ
1713 4114 1893 4184 ἀμαρ-

307 4196 443 4250 τιῶν
477 4214 603 4268 μου,
636 4199 732 4252 καὶ
777 4198 946 4253 κλαίω
1001 4217 1061 4253 σε
1094 4200 1170 4265 ὡς
1223 4202 1353 4256 ίδιον
1402 4203 1613 4257 τέκνον.
1656 4206 1891 4277 Οὐρανοὶ

309 4290 621 4359 φρίττουσι,
671 4290 727 4342 τί
778 4290 1330 4361 πολυπραγμονοῦσιν
1386 4293 1702 4364 ἄνθρωπον
1751 4294 1889 4364 ήγῆ

308 4382 534 4447 σείεται,
580 4382 699 4445 πῶς
754 4381 1058 4453 ἐξιχνιάσαι
1118 4382 1334 4437 θέλουσι
1384 4384 1453 4438 τά
1499 4385 1885 4455 ἀκατάληπτα.

306 4470 499 4525 Ταῦτα
540 4472 809 4541 Ἐλλήνων
843 4471 952 4524 είσὶ
984 4472 1234 4542 δόγματα
1255 4514 1269 4539 ,
1301 4473 1475 4528 ταῦτα
1507 4474 1889 4545 ματαιολογίαι

1916 3253 1966 3318 C

2014 667 2133 722 haec
2166 683 2297 723 vera
2325 668 2459 735 sint,
2480 687 2584 727 nec
2616 688 2716 739 ne,
2742 688 2878 743 rogo
2902 683 2975 739 te,
3007 674 3267 741 domine,
3302 675 3590 734 veritatem

2010 760 2149 815 mihi
2180 761 2452 827 declares,
2481 771 2546 817 ut
2570 764 2653 818 sic
2682 764 2876 819 ﬁrmus
2899 766 3200 821 consistam
3226 775 3284 821 et
3317 781 3429 821 non
3459 782 3591 838 per-

2008 866 2150 907 eam.
2188 853 2407 907 Etenim
2442 854 2641 909 horum
2676 856 2815 910 nihil
2842 857 2897 910 in
2936 873 3091 913 sacra
3128 858 3419 929 Scriptura
3447 858 3559 913 dioi

2011 950 2123 1007 tur,
2156 944 2628 1012 quemadmodum
2675 956 2734 1002 et
2767 947 3035 1019 Origenes
3065 948 3299 1004 aﬂirmat
3332 951 3388 1005 in
3430 951 3564 1007 Com

2010 1035 2282 1089 mentario
2308 1052 2409 1090 suo
2432 1036 2487 1091 in
2516 1038 2820 1108 Epistolam
2860 1040 2926 1093 ad
2964 1040 3173 1106 Titum,
3210 1058 3321 1097 non
3364 1053 3590 1113 aposto-

2006 1126 2214 1191 lorum,
2240 1143 2352 1182 non
2384 1129 2649 1185 Ecclesiae
2676 1131 3031 1187 traditionem
3067 1134 3201 1189 illud
3219 1150 3363 1201 esse,
3390 1151 3590 1205 nempe

2006 1217 2250 1273 animam
2282 1221 2532 1291 corporis
2552 1221 2887 1279 formatione
2914 1225 3194 1279 seniorem
3222 1241 3346 1282 esse
3365 1268 3379 1293 ,
3411 1227 3591 1282 haere-

2006 1309 2178 1364 ticum
2213 1311 2572 1368 subindicans
2601 1330 2724 1369 esse
2748 1332 2875 1370 eum
2908 1316 3003 1385 qui
3047 1317 3167 1373 haec
3191 1318 3413 1374 dixerit.
3443 1318 3590 1385 Quin

2006 1406 2063 1453 et
2092 1400 2365 1469 Evagrius
2386 1402 2502 1471 ipse
2531 1403 2862 1459 testiﬁcatur
2903 1405 2958 1458 in
2986 1404 3263 1461 Gnosticis
3292 1407 3409 1461 suis
3436 1408 3589 1478 capi-

2006 1492 2160 1557 tulis,
2180 1493 2249 1547 de
2277 1493 2367 1570 his
2393 1495 2669 1550 neminem
2693 1496 2918 1551 eﬂatum
2941 1513 3087 1564 esse,
3111 1515 3293 1569 neque
3314 1499 3585 1570 Spiritum

2004 1568 2447 1639 sanctumiillud
2494 1586 2823 1642 declarasse.
2870 1589 3091 1644 Etenim
3134 1568 3585 1663 inisexagesimo

2003 1684 2204 1743 quarto
2235 1676 2479 1745 capitulo
2512 1677 2767 1733 secundae
2796 1678 3188 1735 Hecatontadis
3208 1719 3222 1743 ,
3255 1697 3354 1736 seu
3383 1681 3587 1738 Cente-

2002 1765 2149 1821 narii
2180 1765 2573 1822 Gnosticorum
2598 1769 2719 1839 ejus
2745 1787 2757 1823 :
2794 1788 2811 1820 ι
2849 1764 2928 1824 ne
2947 1771 3145 1841 primis
3165 1786 3330 1828 nemo
3351 1772 3583 1842 indicat,

2005 1859 2074 1914 de
2101 1859 2362 1914 secundis
2389 1859 2480 1916 ille
2504 1861 2599 1931 qui
2640 1860 2697 1915 in
2726 1860 2946 1917 Choreb
2976 1863 3197 1921 locutus
3219 1875 3326 1932 est,
3350 1881 3583 1923 enarra-

2001 1950 2101 2005 vit.
2141 1970 2160 2003 »
2193 1950 2272 2006 Ac
2301 1968 2494 2007 rursus
2526 1953 2579 2007 in
2608 1953 2950 2024 sexagesimo
2982 1970 3128 2010 nono
3154 1958 3399 2027 capitulo
3427 1959 3580 2030 ejus-

2001 2042 2128 2097 dem
2171 2043 2431 2099 secundze
2476 2043 2902 2111 Hecatontadis,
2970 2046 3052 2100 sic
3096 2046 3233 2117 aitj:
3273 2067 3292 2100 ι
3340 2048 3582 2119 Spiritus

2002 2141 2250 2198 sanctus,
2285 2149 2467 2203 neque
2495 2133 2728 2203 primam
2761 2135 3178 2190 rationabilium
3220 2137 3577 2204 divisionem,

2001 2239 2185 2294 neque
2212 2223 2457 2294 primam‘
2482 2239 2777 2294 corporum
2810 2226 3176 2280 substantiam
3210 2228 3509 2283 enarravit.
3551 2247 3572 2281 ι

2003 2313 2160 2380 Quod
2194 2321 2379 2368 autem
2410 2329 2521 2368 non
2563 2312 2750 2368 futura
2787 2313 2860 2369 sit
2886 2315 3193 2381 restitutio,
3219 2332 3401 2387 neque
3451 2317 3581 2373 linis

1998 2405 2426 2476 suppliciorum,
2453 2405 2570 2475 ipse
2592 2406 2859 2461 Dominus
2878 2406 2935 2461 in
2957 2407 3259 2479 Evangelio
3279 2408 3581 2464 declaravit

1998 2495 2088 2551 his
2114 2495 2303 2550 verbis
2335 2489 2525 2549 :Ibitnt
2548 2496 2602 2548 in
2632 2494 2953 2567 supplicium
2985 2505 3242 2551 wternum
3266 2496 3305 2552 ί.
3338 2498 3418 2553 Ac
3456 2513 3581 2551 rur-

1998 2600 2120 2641 sum
2151 2602 2166 2640 :
2200 2585 2397 2639 Vermis
2428 2600 2613 2638 eorum
2658 2600 2763 2638 non
2802 2587 3049 2651 moritur,
3085 2592 3135 2638 et
3169 2587 3304 2656 ignis
3335 2603 3439 2641 non
3484 2602 3579 2641 ea:-

1996 2678 2338 2747 stinguitur'.
2362 2676 2521 2733 Unde
2542 2676 2728 2747 igitur,
2753 2676 2999 2742 domine,
3023 2693 3205 2748 neque
3230 2678 3580 2734 tradentibus

1996 2769 2295 2840 apostolis,
2326 2785 2506 2840 neque
2540 2769 2754 2840 Spiritu
2787 2778 2977 2825 sancto
2999 2779 3283 2837 narrante,
3314 2771 3581 2842 quemad-

1997 2860 2225 2915 modum
2256 2868 2314 2916 et
2334 2861 2438 2931 ipsi
2469 2860 2747 2916 testiﬁcati
2776 2868 2928 2927 sunt,
2957 2861 3069 2916 imo
3099 2861 3414 2933 Evangeliis
3438 2877 3576 2918 con-

1998 2954 2167 3007 traria
2200 2952 2574 3017 habentibus,
2619 2952 2738 3008 haec
2773 2962 2959 3009 tamen
2990 2955 3066 3008 ita
3104 2954 3185 3008 illi
3230 2954 3579 3024 exposuere?

1995 3046 2151 3111 Mihi,
2174 3054 2353 3116 pater,
2374 3044 2775 3100 misericordiae
2789 3045 3005 3100 viscera
3023 3046 3247 3112 exhibe,
3271 3054 3328 3101 et
3355 3045 3577 3101 declare

1996 3136 2130 3207 quid
2158 3137 2264 3193 sibi
2299 3137 2474 3193 velint
2502 3136 2618 3193 haec
2642 3137 2920 3208 dogmata.

2630 3252 2937 3324 Responsio.

2068 3362 2263 3418 Frater
2289 3404 2305 3429 ,
2353 3379 2433 3417 va:
2478 3374 2535 3418 et
2568 3364 2767 3418 iterum
2812 3380 2895 3419 va:
2938 3365 3128 3436 generi
3160 3375 3372 3421 nostro.
3431 3364 3576 3433 Quid

1996 3457 2224 3513 missum
2264 3458 2518 3523 facimus,
2552 3465 2608 3511 et
2636 3458 2770 3527 quid
2797 3458 3148 3514 scrutamur?
3185 3458 3316 3525 Quae
3349 3459 3550 3529 negligi

1996 3566 2139 3614 mus,
2176 3558 2233 3604 et
2265 3550 2334 3604 de
2358 3550 2562 3619 quibus
2591 3565 2870 3616 curamus,
2908 3550 2963 3603 in
2990 3551 3193 3619 quibus
3222 3566 3323 3605 nos
3346 3550 3577 3606 hebetes

1995 3642 2320 3699 reddimus?
2374 3643 2574 3699 Rectus
2627 3644 2745 3698 vias
2796 3644 3141 3711 dimisimus,
3188 3652 3246 3700 et
3301 3652 3577 3700 tortuosas

1994 3750 2288 3805 peragrare
2314 3736 2591 3800 volumus,
2635 3743 2695 3788 ut
2726 3736 3020 3805 impleatur
3051 3736 3106 3789 in
3139 3736 3299 3791 nobis
3321 3736 3575 3807 Scriptu-

1994 3841 2068 3880 ra:
2094 3841 2278 3880 sermo
2311 3826 2401 3881 ille
2433 3844 2447 3882 :
2486 3826 2573 3881 Va!
2607 3825 2715 3880 illis
2753 3828 2840 3897 qui
2872 3826 3198 3898 reliquerunt
3234 3830 3346 3883 vias
3380 3838 3571 3893 rectas,

1994 3928 2050 3972 ut
2072 3918 2407 3973 ambularent
2436 3921 2491 3973 in
2518 3921 2613 3973 viis
2637 3920 2859 3991 obliquis
2888 3920 2927 3976 ³.
2970 3920 3029 3975 In
3069 3921 3149 3977 rei
3183 3923 3438 3987 veritate,
3468 3922 3576 3976 fra-

1995 4022 2099 4076 ter,
2137 4012 2322 4066 dimisi
2346 4012 2555 4067 luctum
2579 4012 2687 4066 mei
2712 4012 2905 4082 ipsius,
2938 4021 2994 4067 et
3022 4022 3073 4067 te
3094 4014 3206 4083 jam
3242 4014 3425 4083 lugeo.
3456 4012 3575 4079 Quo

1992 4104 2293 4160 decidisti?
2330 4105 2658 4174 Fletumque
2692 4120 2794 4175 pro
2832 4106 3077 4176 peccatis
3105 4105 3244 4160 meis
3274 4104 3572 4169 intermisi,

1992 4214 2057 4253 ac
2101 4206 2154 4253 te
2183 4206 2246 4251 ut
2278 4198 2567 4268 proprium
2601 4198 2773 4253 lilium
2804 4197 3002 4252 deﬂeo.
3044 4196 3152 4267 ipsi
3181 4196 3305 4251 coeli
3342 4196 3577 4265 perhor-

1993 4299 2221 4345 rescunt
2248 4331 2263 4354 ,
2313 4306 2439 4344 cum
2496 4291 2624 4344 talia
2668 4288 2923 4344 homines
2961 4290 3181 4344 curiose
3212 4296 3570 4355 scrutantur;

1993 4391 2140 4437 terra
2191 4391 2609 4448 commovetur,
2651 4382 2783 4436 dum
2819 4382 2898 4435 illi
2955 4381 3286 4452 perquirunt
3338 4397 3403 4435 ea
3452 4396 3574 4451 quae

1993 4472 2392 4544 comprehendi
2424 4482 2729 4543 nequeunt.
2778 4473 2906 4527 Haec
2956 4473 3245 4543 gentilium
3295 4480 3425 4527 sunt
3470 4471 3572 4526 do-

307 4564 448 4615 εἰσὶν
479 4563 784 4634 ἀνθρώπων
804 4564 1071 4635 οἰομένων
1101 4582 1156 4618 τι
1185 4560 1345 4631 εἶναι,
1373 4565 1546 4619 ταῦτα
1570 4566 1639 4619 τά
1665 4568 1888 4637 ῥήματά

1997 4575 2197 4638 gmata,
2232 4565 2350 4620 hac
2382 4565 2560 4620 iutilia
2583 4565 2729 4620 dicta
2762 4574 2890 4620 sunt
2923 4565 3209 4619 hominum
3239 4565 3333 4633 qui
3371 4579 3428 4619 se
3466 4564 3571 4618 ali-

308 4658 448 4709 είσιν
492 4656 679 4727 ἀργῶν
722 4656 1048 4728 ἀνθρώπων,
1076 4658 1251 4711 ταῦτα
1293 4659 1648 4730 ἐγέννησενή
1683 4660 1885 4730 πλάνη.

306 4747 449 4815 Φησὶ
481 4747 590 4817 γάρ
609 4761 622 4775 ·
656 4747 1003 4814 Φάσκοντες
1022 4744 1174 4802 εἶναι
1207 4748 1411 4817 σοφοὶ,
1433 4740 1886 4818 ἐμωράνθησαν.

306 4837 421 4891 Kal
464 4837 515 4889 εί
577 4836 737 4907 θέλῃς
791 4839 1003 4907 μαθεῖν,
1040 4839 1297 4908 πρόσχες.
1354 4838 1520 4907 Λέγει
1581 4840 1609 4892 6
1679 4841 1887 4913 Κύριος

306 4928 467 4999 ήμῶν
510 4928 718 4998 Ἰησοῦς
772 4930 1029 5000 Χριστὸς,
1060 4931 1121 4983 τὸ
1174 4931 1291 5000 φῶς
1337 4933 1580 5002 ήμῶν,ὁ
1634 4934 1888 5004 βασιλεὺς

303 5022 338 5088 ή
349 5020 465 5090 μῶν
486 5036 502 5050 ·
525 5021 678 5075 -Ἀπὸ
740 5020 860 5075 τῶν
920 5022 1165 5090 καρπῶν
1216 5022 1417 5077 αὐτῶν
1476 5025 1888 5095 ἐπιγνώσεσθε

304 5114 552 5179 αὐτούς.
594 5113 790 5177 Ποίους
839 5110 933 5166 οὖν
988 5117 1236 5185 καρποὺς
1286 5115 1509 5187 ἔχουσι;
1565 5119 1836 5188 φυσίωσιν
1868 5162 1883 5189 ,

306 5204 681 5270 ἐξουδένωσιν,
704 5204 1002 5275 χαύνωσιν,
1024 5206 1307 5277 ἀμέλειαν,
1339 5204 1698 5282 πρόσκομμα,
1730 5212 1887 5267 ἀλλο-

312 5297 530 5367 τρίωσιν
562 5298 749 5366 νόμου,
779 5298 979 5368 μᾶλλον
1006 5300 1063 5353 δὲ
1102 5300 1197 5354 τοῦ
1221 5302 1515 5372 νομοθέτου
1549 5303 1707 5373 Θεοῦ,
1733 5306 1887 5379 οίκη-

308 5388 490 5457 τήριον
533 5387 801 5457 δαιμόνων
831 5390 925 5443 xal
956 5392 1050 5444 τοῦ
1108 5394 1354 5464 ἀρχηγοῦ
1398 5396 1580 5450 αύτῶν
1610 5397 1880 5454 διαϐόλου.

303 5476 489 5531 Ταῦτα
512 5478 615 5530 οὐκ
639 5478 864 5545 ἄγουσιν
892 5482 971 5543 είς
997 5481 1113 5549 φῶς
1141 5485 1268 5545 τοὺς
1293 5485 1473 5549 αὐτοῖς
1501 5489 1878 5555 πιστεύοντας,

302 5567 417 5621 ἀλλ’
442 5571 523 5633 είς
561 5569 621 5622 τὸ
650 5572 874 5635 σκότος’
901 5574 1075 5627 ταῦτα
1105 5577 1184 5638 είς
1215 5578 1678 5653 σκληροκαρδίανο
1710 5582 1881 5637 ταῦτα

308 5669 384 5723 εις
417 5661 703 5751 προκοπὴν
728 5663 869 5717 κατά
901 5665 1036 5719 Θεὸν
1067 5667 1166 5720 οὐκ
1207 5668 1454 5751 ἄγουσιν,
1480 5673 1595 5725 ἀλλ’
1626 5676 1706 5738 είς
1745 5693 1883 5747 προ-

1992 4657 2127 4728 quid
2164 4672 2287 4711 esse
2313 4656 2680 4722 arbitrantur,
2718 4656 2834 4711 haac
2858 4656 3049 4727 genuit
3097 4671 3277 4710 error.
3305 4655 3396 4709 Ait
3420 4656 3568 4710 enim

1992 4752 2013 4821 (
2035 4750 2352 4820 Scriptura)
2385 4767 2397 4803 :
2430 4749 2673 4803 Dicentes
2711 4765 2766 4802 se
2791 4750 3054 4819 sapientes
3081 4764 3191 4802 esse
3217 4789 3232 4814 ,
3266 4748 3416 4801 stulti
3441 4748 3571 4817 facti

1989 4850 2111 4897 sunt
2134 4843 2175 4896 ⁸.
2210 4843 2288 4897 Ac
2315 4841 2359 4896 si
2392 4840 2607 4895 discere
2658 4840 2817 4905 velis,
2851 4839 3252 4895 animadverte.
3304 4837 3572 4892 Dominus

1992 4944 2180 4991 noster
2204 4935 2365 4989 Jesus
2387 4931 2665 4995 Christus,
2703 4931 2799 4984 lux
2828 4939 3014 4985 nostra
3034 4939 3090 4985 et
3118 4946 3214 4985 rex
3246 4937 3436 4984 noster
3460 4928 3568 4983 ait:

1992 5026 2077 5081 Ea:
2106 5027 2357 5097 fructibus
2386 5041 2570 5079 eorum
2614 5024 2931 5093 cognoscetis
2959 5038 3044 5075 eos
3073 5023 3115 5076 ⁵.
3167 5021 3236 5075 At
3262 5019 3569 5091 cuiusmodi

1986 5118 2200 5173 fructus
2228 5118 2435 5173 habent
2462 5116 2579 5171 illi?
2610 5125 2905 5181 tumorem,
2946 5123 3349 5184 contemptum,
3388 5110 3570 5166 molli-

1986 5211 2119 5265 tiem
2144 5248 2159 5273 ,
2204 5209 2473 5264 incuriam
2498 5250 2513 5273 ,
2550 5206 2950 5263 oﬂendiculum
2972 5247 2987 5271 ,
3039 5204 3503 5260 abalienationcm
3536 5218 3568 5257 a

1984 5304 2136 5375 lege,
2195 5302 2306 5357 imo
2355 5302 2539 5372 potius
2595 5318 2625 5357 a
2659 5300 2976 5373 lcgislatore
3013 5300 3163 5364 Deo,
3222 5296 3568 5352 domicilium

1992 5398 2301 5453 daemonum
2324 5411 2627 5465 eorumque
2653 5394 2919 5465 principis
2945 5393 3173 5448 diaboli.
3208 5391 3333 5446 Haac
3353 5405 3450 5445 eos
3474 5388 3569 5458 qui

1993 5489 2132 5560 ipsis
2162 5488 2322 5543 ﬁdem
2354 5488 2579 5548 habent,
2609 5502 2720 5540 non
2753 5487 2809 5541 in
2840 5486 3044 5549 lucem,
3079 5483 3175 5539 sed
3208 5483 3264 5538 in
3310 5480 3570 5536 tenebras

1992 5580 2311 5644 deducunt;
2342 5579 2459 5632 hmo
2494 5594 2603 5632 non
2634 5579 2700 5632 ad
2724 5579 2820 5634 Dei
2860 5578 3118 5631 timorem
3156 5574 3439 5644 instigant,
3469 5570 3568 5625 sed

1988 5673 2055 5727 ad
2085 5672 2347 5727 duritiam
2379 5670 2561 5725 cordis
2598 5689 2609 5724 :
2643 5670 2758 5725 lucc
2783 5685 2893 5725 non
2931 5669 2998 5723 ad
3030 5667 3340 5739 profectum
3368 5678 3570 5719 secun-

308 5750 483 5820 κοπὴν
548 5752 750 5822 μᾶλλον
810 5756 911 5825 τὴν
953 5758 1095 5811 κατά
1132 5757 1380 5814 διάϐολον
1406 5750 1618 5817 ’ταῦτα
1644 5765 1752 5818 ἀπὸ
1782 5767 1876 5820 τοῦ

1997 5767 2117 5821 dum
2141 5766 2313 5820 Deum
2351 5772 2555 5835 agunt,
2584 5763 2680 5819 sed
2718 5761 2987 5834 magisad
3019 5759 3327 5832 profectum
3362 5770 3565 5812 secun-

376 5888 391 5918 ³
424 5887 617 5946 Matth.
645 5908 768 5947 xxv.
802 5893 887 5949 46.
915 5897 934 5927 ³
958 5894 1121 5951 Marc.
1148 5913 1221 5959 ix.
1252 5899 1335 5955 l5.
1372 5901 1455 5957 4'24,
1484 5902 1569 5956 é".
1647 5902 1666 5933 ³
1699 5901 1902 5958 Jcrem.
1932 5918 2082 5962 xvul.
2114 5902 2196 5957 l5.
2274 5899 2294 5932 ⁸
2325 5901 2486 5958 Rom.
2514 5900 2663 5970 1,9,2.
2741 5900 2761 5933 ⁸
2810 5897 3005 5954 Matth.
3038 5912 3133 5963 vn,
3175 5894 3264 5951 '16-
