4102 6534
264 466 377 533 897
1717 454 2120 516 DOCTRINA.
3441 461 3542 522 ινδ

903 575 1233 645 Ἐρώτησις.
1887 573 1932 628 Α

1887 573 1932 628 Α
2586 568 2958 639 Interrogatio.

369 696 412 748 0
442 694 606 759 αὐτὸς
655 692 885 763 ἀδελφὸς
932 689 1186 761 ἠρώτησε
1232 683 1395 739 αὑτὸν
1440 682 1672 754 γέροντα
1704 698 1717 711 ·
1758 681 1861 733 οὐκ

2033 675 2397 745 ldemifrater
2436 677 2801 750 interrogavit
2828 694 3062 735 senem;
3106 679 3228 736 Non
3275 680 3544 743 debemus

264 783 561 856 ὀφείλομεν
586 780 684 840 οῦν
717 780 1123 852 ἀναγινώσκειν
1153 777 1249 830 καὶ
1284 775 1354 829 τὰ
1382 773 1679 844 Εὐαγρίου.

1219 777 1249 828 gl
1284 775 1354 829 τὰ
1382 773 1679 844 Εὐαγρίου.
1961 782 2095 838 ergo
2125 766 2345 839 Evagrii
2376 768 2583 840 scripta
2610 770 2839 841 legere?

882 892 1251 961 Ἀπόκρισις.

2609 880 2912 953 Responsio.

341 1012 424 1064 Ta
451 1011 551 1081 μὲν
576 1010 830 1081 δόγματα
858 1008 926 1061 τὰ.
950 1005 1177 1060 τοιαῦτα
1214 1002 1290 1075 μὴ
1330 1001 1514 1073 δέχου.
1557 998 1859 1067 ’Δναγίνω-

2034 994 2300 1066 Dogmata
2328 994 2646 1066 hujusmodi
2676 1011 2746 1051 ne
2781 997 3043 1067 accipias.
3080 998 3227 1071 Lege
3267 1006 3450 1055 tamen
3493 1001 3538 1055 si

268 1120 371 1157 σκε
398 1103 455 1155 δὲ
498 1102 665 1155 αὐτοῦ
684 1103 733 1154 εί
758 1100 921 1171 θέλῃς
944 1098 1015 1152 τὰ
1034 1095 1172 1168 πρὸς
1191 1094 1461 1164 ὠφέλειαν
1483 1091 1690 1161 ψυχῆς,
1721 1090 1863 1144 κατὰ

1962 1085 2104 1141 velis
2127 1101 2195 1142 ex
2216 1087 2339 1158 ejus
2368 1087 2591 1158 scriptis
2617 1104 2682 1144 ea
2706 1105 2829 1159 quae
2846 1090 2914 1144 ad
2934 1091 3131 1146 anima:
3152 1092 3385 1147 salutem
3414 1108 3540 1163 spe-

267 1200 371 1263 την
427 1192 753 1264 παραδολὴν
813 1190 914 1261 τὴν
972 1190 1031 1242 ὲν
1078 1186 1157 1257 τῷ
1213 1183 1531 1254 Εὑαγγελίῳ
1586 1180 1717 1252 περὶ
1760 1179 1861 1249 τῆς

1963 1180 2151 1236 ctant,
2190 1174 2496 1229 secundum
2532 1176 2853 1246 parabolam
2902 1194 3120 1248 sagenae
3168 1196 3293 1250 quas
3348 1190 3435 1236 est
3485 1182 3541 1237 in

271 1288 522 1359 σαγήνης
548 1286 625 1350 ὡς
654 1285 997 1355 γέγραπται,
1028 1283 1112 1336 ὅτι
1138 1279 1207 1334 τὰ
1239 1279 1340 1350 μὲν
1374 1276 1517 1331 καλὰ
1554 1276 1634 1339 εἰς
1664 1274 1862 1342 ἀγγεῖα

1964 1263 2266 1336 Evangelia
2292 1267 2434 1333 ,‘ubi
2488 1269 2690 1340 legitur
2715 1310 2731 1335 ,
2790 1285 2912 1340 qua:
2945 1270 3090 1326 bona
3121 1281 3278 1327 erant
3328 1273 3383 1327 in
3414 1289 3542 1327 vasa

270 1355 491 1442 ισάλὸν,
522 1377 593 1431 τὰ
648 1376 706 1430 δι
769 1374 958 1449 σαπρὰ
1019 1373 1125 1438 ιξω
1166 1370 1419 1445 ιρριψαν.
1447 1367 1635 1431 Οὕτως
1671 1366 1861 1420 καὶσὺ

1965 1355 2235 1426 immissa,
2262 1375 2385 1429 quae
2414 1375 2549 1416 vero
2582 1362 2750 1428 mala,
2781 1362 3029 1433 projecta
3062 1363 3254 1420 fuisse.
3292 1365 3373 1420 Ita
3399 1375 3455 1421 et
3484 1372 3541 1420 tu

273 1470 408 1542 ποίη
417 1486 531 1522 σον.
887 1446 897 1449 ἡ

887 1446 897 1449 '
1965 1446 2150 1503 facito.

902 1579 1241 1649 Ἐρώτησις.
1263 1579 1274 1616 ‘

2597 1568 2972 1639 Interrogatio.

362 1696 422 1749 '0
447 1694 612 1757 αὐτὸς
656 1694 887 1764 ἀδελφὸς
938 1696 967 1747 6
1018 1692 1191 1747 ταῦτα
1230 1690 1534 1762 ἐρωτήσας,
1599 1689 1864 1761 διεκρίνε-

2036 1680 2087 1737 ls
2112 1682 2230 1753 ipse
2260 1682 2431 1739 frater
2453 1686 2549 1755 qui
2587 1686 3059 1757 interrogaverat,
3095 1688 3239 1758 apud
3281 1703 3340 1744 se
3380 1690 3541 1744 dubi-

271 1804 335 1840 ἰο
364 1787 421 1839 ὲν
450 1785 629 1856 ἑαυτῷ
652 1784 1081 1855 ἐνθυμούμενος,
1112 1783 1207 1837 καὶ
1232 1782 1425 1852 λέγων·
1452 1782 1693 1850 καὶπῶς
1717 1796 1863 1844 τινες

1966 1775 2137 1839 tabat,
2183 1784 2241 1830 et
2273 1776 2388 1832 haec
2422 1778 2677 1834 volvebat
2716 1780 2900 1833 animo
2933 1798 2944 1833 :
2973 1780 3087 1835 Cur
3116 1780 3341 1850 quidam
3368 1798 3434 1837 ex
3472 1782 3539 1837 iis

270 1878 384 1931 τῶν
423 1876 518 1930 νῦν
546 1877 799 1949 πατέρων
822 1876 1069 1947 δέχονται
1119 1876 1279 1941 αὐτὰ,
1314 1875 1407 1929 καὶ
1447 1874 1645 1944 ἔχομεν
1665 1872 1863 1935 αὐτοὺς

1917 1926 1933 1949 ,
1966 1868 2061 1937 qui
2087 1884 2236 1923 nunc
2253 1869 2526 1924 exsistunt
2556 1871 2811 1925 Patribus
2850 1872 2965 1927 hmc
2993 1873 3194 1942 scripta
3219 1873 3537 1939 admittunt,

270 1976 357 2030 δτι
378 1974 535 2029 καλοὶ
559 1974 785 2045 μοναχοί
804 1976 912 2027 εἱσι
930 1972 1293 2045 προσέχοντες
1311 1972 1564 2035 έαυτοίςς
1591 1969 1701 2023 Kal
1721 1967 1861 2039 μετὰ

1919 1963 1937 1979 ’
1964 1967 2021 2014 et
2055 1974 2154 2014 eos
2198 1969 2380 2015 tamen
2416 1977 2518 2031 pro
2562 1963 2851 2017 monachis
2885 1964 3074 2033 probis
3114 1965 3402 2031 habemus,
3444 1967 3539 2036 qui

272 2071 514 2141 ἡμέρας,
550 2068 750 2139 συνέὸη
786 2067 878 2120 τὸν
902 2066 1069 2120 αὑτὸν
1105 2064 1334 2134 ἀδελφὸν
1369 2063 1593 2134 αἰτῆσαι
1623 2060 1714 2114 τὸν
1764 2059 1862 2129 μέ-

1963 2051 2068 2106 sibi
2102 2051 2237 2122 ipsis
2272 2054 2596 2107 attendant?
2622 2053 2949 2125 Elapsisque
2970 2055 3167 2111 diebus
3193 2057 3444 2127 contigit,
3481 2068 3540 2113 ut

273 2140 380 2229 γαν
396 2140 641 2231 γέροντα
667 2157 932 2224 εὔξασθαι
964 2158 1103 2230 ὑπὲρ
1135 2156 1304 2211 αὐτοῦ
1325 2195 1339 2219 ,
1368 2155 1467 2210 καὶ
1500 2155 1621 2208 τότε
1659 2152 1862 2224 ἐδήλωο

1962 2140 2160 2196 eodem
2190 2140 2363 2197 fratre
2395 2157 2653 2213 magnum
2681 2143 2835 2197 illum
2862 2157 3047 2199 senem
3076 2155 3305 2216 rogante
3333 2156 3394 2202 ut
3438 2162 3540 2217 pro

276 2270 372 2308 σεν
406 2252 556 2322 αὐτῷ
588 2253 616 2305 6
646 2252 825 2323 γέρων
865 2250 961 2320 ἀφ’
994 2250 1190 2305 ἑαυτοῦ
1223 2249 1353 2321 περὶ
1380 2249 1481 2319 τῆς
1507 2246 1861 2317 ἐνθυμήσεως

1964 2243 2023 2283 se
2056 2239 2265 2293 oraret,
2293 2238 2426 2285 tunc
2447 2244 2616 2286 senex
2636 2246 2703 2285 ex
2732 2232 2915 2302 seipso
2936 2234 3327 2304 cogitationem
3356 2237 3539 2292 cordis

272 2345 375 2415 τῆς
401 2319 631 2415 καρδίας
662 2319 854 2408 αῦτοῦ,
886 2319 1029 2397 ὥστε
1070 2319 1353 2413 θαυμάσαι
1378 2341 1474 2394 καὶ
1513 2338 1861 2409 ἐκπλαγῆναι

1965 2320 2051 2375 ειιί
2081 2319 2184 2389 ipsi
2220 2320 2516 2385 indicaret,
2556 2320 2634 2377 ita
2666 2333 2727 2379 ut
2761 2324 2936 2381 frater
2966 2327 3057 2381 ille
3086 2326 3453 2385 admiratione
3484 2342 3541 2385 ct

273 2414 368 2488 τδν
398 2414 647 2503 ἀδελφόν.
1493 2497 1499 2503 ,

1965 2417 2192 2480 stupore
2214 2421 2509 2480 correptus
2532 2414 2628 2468 sit.

645 2550 981 2616 Ἀπόκρισις
1017 2548 1505 2615 Βαρσανουφιου.

1481 2562 1505 2596 .,
2414 2527 2700 2600 Responsio
2724 2529 3101 2603 Barsanuphii.

387 2660 591 2729 Επειδὴ
626 2656 786 2726 εἶπας
818 2664 913 2717 καὶ
958 2664 1332 2736 ἐνεθυμήθης·
1367 2666 1485 2731 ὃτι,
1522 2665 1611 2721 διὰ
1649 2666 1703 2720 τί
1732 2683 1874 2734 τινες
1963 2728 2000 2736 _

2034 2635 2173 2704 Quia
2202 2646 2386 2693 tecum
2430 2640 2618 2695 dixisti
2664 2650 2719 2696 et
2752 2643 3026 2713 cogitaSti.
3057 2644 3171 2700 Cur
3198 2646 3422 2715 quidam
3471 2664 3535 2703 er

288 2752 395 2805 τῶν
425 2728 684 2821 Πατάρων
716 2752 959 2824 δέχονται
992 2753 1062 2807 τὰ
1404 2728 1697 2828 Εῦαγρίου,
1734 2728 1873 2831 [καί]

1963 2728 2223 2785 Patribus
2253 2731 2515 2786 Gnostica
2560 2733 2779 2804 Evagrii
2840 2736 3150 2806 recipiunt,
3204 2748 3262 2793 et
3311 2742 3534 2810 quidam

287 2862 429 2908 τινες
461 2818 684 2915 ἀδελφοὶ
712 2818 1123 2916 γνωστικοί
1155 2849 1403 2919 δέχονται
1442 2818 1602 2913 αὐτα,
1647 2818 1745 2903 καί
1770 2818 1873 2905 οὐκ

1960 2818 2159 2875 fratres
2195 2830 2386 2892 utpote
2428 2821 2674 2879 Gnostici
2710 2825 2900 2879 eadem
2932 2827 3049 2897 ipsa
3085 2830 3404 2895 admittunt,
3441 2850 3537 2889 ne-

288 2926 582 3010 ἐδεήθησαν
605 2912 706 2993 τοῦ
729 2912 864 2994 Θεοῦ
889 2942 939 2994 εί
962 2942 1138 3013 ἀληθῆ
1167 2912 1296 3006 εισι,
1320 2944 1415 2997 καὶ
1436 2943 1651 3014 ἀφῆκεν
1678 2946 1707 2998 6
1738 2943 1874 3018 Θεὸς

1960 2926 2067 2981 que
2085 2912 2256 2966 Deum
2289 2914 2497 2983 precati
2522 2924 2651 2969 sunt
2680 2925 2739 2969 ut
2765 2917 3076 2975 ediscerent
3101 2937 3233 2975 num
3266 2922 3381 2977 haec
3407 2940 3534 2979 vera

281 3003 479 3095 αὐτοὺς
518 3031 648 3103 περὶ
692 3031 883 3086 τούτου
925 3034 983 3086 ἐν
1117 3003 1226 3107 ίδίᾳ
1256 3003 1437 3089 αὐτῶν
1691 3052 1706 3068 ο
1751 3003 1878 3090 ἀλλῆ

1959 3003 2091 3067 sint,
2125 3003 2378 3074 Deusque
2408 3004 2529 3060 illos
2557 3006 2611 3059 in
2640 3006 2756 3075 ipsa
2786 3022 2884 3061 sua
2912 3011 3062 3078 gnosi
3089 3011 3203 3065 sive
3223 3012 3535 3081 cognitione

280 3123 429 3188 ὅμως
456 3094 738 3195 οὕτε-ἐμόν
768 3125 938 3191 ἐστιν,
987 3094 1112 3181 οὔτε
1173 3094 1267 3182 σὺν
1311 3094 1491 3181 ταῦτα
1510 3124 1717 3195 ζητεῖν,
1754 3126 1870 3182 ἀλλ’

1960 3094 2231 3163 reliquit?
2262 3110 2364 3165 ego
2391 3097 2757 3151 nihilominus
2786 3098 2912 3153 dico
2948 3100 3068 3165 tibi,
3104 3116 3286 3170 neque
3329 3118 3534 3171 meum,

280 3199 525 3268 δκαιρδς
574 3189 737 3271 ἡμῶν
783 3189 933 3254 ἐστιν
977 3201 1206 3273 ὲρευνᾷν
1251 3202 1321 3256 τὰ
1361 3189 1537 3274 πάθη⁷
1562 3189 1718 3275 ήμῶν
1759 3202 1855 3257 τοῦ
1884 3254 1900 3275 Α

1914 3254 1927 3274 ι
1959 3202 2140 3257 neque
2180 3198 2333 3242 tuum
2363 3204 2488 3245 esse
2520 3189 2637 3245 haec
2662 3191 3022 3261 perquirere;
3052 3192 3148 3247 sed
3175 3201 3392 3264 tempus
3414 3211 3534 3251 esse

391 3252 445 3298 ,ι
503 3252 522 3262 υ
584 3252 631 3271 ⁷11
670 3252 725 3253 ”’
794 3252 835 3253 ”
889 3252 897 3254 '
984 3252 1196 3273 'F"'i"
1264 3252 1320 3256 "'
1370 3252 1511 3274 """l
1566 3252 1711 3275 ἸΓ“⁷
1771 3252 1899 3310 ⁷⁷’⁴

279 3286 515 3343 κλαυσαι
536 3292 632 3345 καὶ
660 3291 951 3362 πενθῆσαι.

1916 3254 1928 3309 ³
1962 3288 2024 3335 ιιι
2046 3252 2405 3353 aegritudines
2434 3252 3046 3354 nostras-exploremus,
3067 3295 3128 3341 ut
3154 3300 3251 3341 eas
3278 3252 3536 3358 liacrymis

1958 3379 2014 3427 et
2044 3373 2199 3428 luctu
2231 3388 2512 3429 curemus.

291 3482 607 3552 Ἐρώτησις
648 3485 756 3562 τοῦ
799 3486 988 3562 αὐτοῦ
1026 3488 1123 3562 zeal
1149 3488 1369 3562 ἐτέρων
1399 3490 1682 3561 ἀδελφῶν
1707 3494 1859 3562 πρὸς

1957 3485 2311 3559 Interrogatio
2338 3486 2572 3558 ejusdem
2599 3486 2932 3555 aliorumque
2951 3489 3183 3557 fratrum
3211 3491 3280 3545 a‘d
3300 3493 3537 3548 eumdem

634 3556 743 3608 τὸν
767 3557 957 3611 αὑτὸν
990 3560 1187 3627 μέγαν
1228 3556 1499 3629 γέροντα.
1551 3556 1567 3561 ⁷
1747 3556 1764 3562 ⁷
1838 3556 1850 3561 ’
2171 3556 2185 3559 ⁷

1496 3556 1567 3615 ,⁷
1747 3556 1764 3562 ⁷
1838 3556 1850 3561 ’
2171 3556 2185 3559 ⁷
2360 3556 2371 3558 ⁷
2499 3574 2753 3628 magnum
2786 3556 2983 3612 senem.
3108 3577 3116 3587 ·

350 3664 466 3718 Οὐκ
518 3666 758 3731 ὀκνοῦσι,
789 3669 986 3737 πάτερ,
1017 3670 1067 3724 oi
1113 3671 1291 3725 ταῦτα
1322 3673 1646 3743 φρονοῦντες
1679 3675 1859 3745 λέγειν

2028 3667 2131 3735 Qui
2161 3667 2278 3723 hzec
2311 3668 2582 3733 sentiunt,
2614 3678 2793 3739 pater,
2824 3669 3009 3724 dicere
3042 3660 3151 3725 nun
3177 3670 3434 3727 dubitant
3469 3674 3538 3728 de

279 3756 409 3826 περὶ
445 3756 541 3811 τοῦ
591 3759 746 3826 ἁγίου
787 3760 1093 3832 Γρηγορίου
1123 3761 1217 3815 τοῦ
1261 3763 1617 3831 Ναζιανζῶν,
1649 3766 1731 3820 δτι
1763 3770 1858 3821 καὶ

1959 3769 2148 3815 sancto
2172 3759 2441 3829 Gregorio
2461 3759 2833 3823 Nazianzeno,
2860 3759 3010 3829 quod
3041 3768 3097 3814 et
3140 3760 3255 3829 ipse
3279 3764 3538 3830 praeexsi-

278 3850 443 3914 αὐτὸς
465 3851 739 3904 ἐκτίθεται
764 3854 892 3923 περὶ
914 3854 1012 3924 τῆς
1037 3853 1436 3926 προῢπάρξεως
1466 3858 1525 3909 ὲν
1558 3860 1670 3921 τοῖς
1690 3859 1855 3913 αὐτοῦ

1958 3851 2216 3906 stentiam
2252 3859 2461 3904 astruat
2498 3851 2552 3905 in
2588 3850 2814 3920 scriptis
2835 3850 3187 3921 suis,nempe
3211 3851 3264 3905 in
3282 3850 3536 3909 Oratione

280 3942 676 4013 συγγράμμασι
726 3947 842 4009 τοῖς
892 3944 1040 4017 αὐτῷ
1092 3946 1337 4017 ῥηθεῖσιν
1400 3947 1459 4000 έν
1505 3966 1564 4002 τε
1610 3953 1722 4014 τοῖς
1761 3952 1855 4006 τοῦ

1957 3943 2026 3997 de
2058 3943 2237 3997 Natali
2267 3941 2483 3997 Domini
2509 3950 2565 3997 et
2590 3942 2643 3995 in
2680 3940 2940 3997 Oratione
2972 3941 3041 3995 de
3069 3942 3357 4007 Paschate,
3383 3959 3536 4014 qure-

279 4035 485 4106 Κυρίου
516 4036 817 4104 γενεθλίοις
846 4038 943 4091 καὶ
969 4038 1027 4091 ὲν
1059 4040 1125 4111 τῇ
1157 4036 1253 4091 τοῦ
1295 4039 1489 4111 Πάσχα
1522 4041 1728 4114 ἡμέρᾳ,
1765 4044 1859 4116 έρ·

1957 4035 2082 4091 dam
2110 4036 2230 4105 ejus
2246 4035 2392 4089 dicta
2412 4050 2477 4089 ex
2495 4034 2663 4089 animi
2686 4034 2771 4089 sui
2791 4033 3062 4088 sententia
3085 4033 3532 4104 interpretantes,

282 4125 611 4197 μηνεύοντές
640 4143 765 4180 τινα
793 4128 935 4199 ῥητὰ
960 4128 1100 4182 κατὰ
1130 4130 1232 4200 τὴν
1257 4130 1438 4183 αὐτῶν
1467 4134 1697 4205 καρδίαν
1716 4176 1730 4200 ,
1760 4139 1857 4192 καὶ

1956 4138 2015 4183 et
2054 4135 2546 4199 przetercurrentes
2574 4142 2639 4181 ea
2691 4141 2814 4196 qua:
2849 4126 2923 4180 ibi
2967 4126 3035 4181 de
3072 4126 3250 4196 prima
3294 4128 3535 4184 hominis

279 4219 722 4290 παρατρέχοντες
767 4220 836 4273 τὰ
886 4221 1007 4273 ἐκεῖ
1050 4222 1237 4291 σαφῶς
1280 4224 1547 4293 εἰρημένα
1576 4228 1706 4299 περὶ
1755 4230 1856 4299 τῆς

1957 4235 2059 4276 nec
2086 4235 2195 4275 non
2222 4220 2419 4275 anima:
2441 4228 2495 4274 et
2518 4218 2771 4290 corporis
2787 4220 3069 4275 creatione
3094 4220 3398 4275 secundum
3434 4221 3536 4275 Ec-

278 4308 504 4381 πρώτης
533 4309 629 4364 τοῦ
662 4311 955 4381 ἀνθρώπου
1002 4311 1399 4385 δημιουργίας,
1428 4317 1527 4388 τῆς
1579 4336 1637 4373 τε
1686 4320 1854 4375 αὑτοῦ

1956 4313 2141 4367 clesiae
2179 4312 2535 4367 traditionem
2572 4311 2854 4366 dicuntur.
2906 4310 2996 4366 Sic
3039 4311 3185 4365 enim
3238 4311 3484 4381 loquitur
3519 4331 3532 4367 :

274 4400 456 4470 ψυχῆς
493 4401 589 4455 καὶ
640 4402 736 4455 τοῦ
772 4400 1029 4472 σώματος
1070 4406 1210 4459 κατὰ
1253 4406 1351 4478 τὴν
1390 4409 1488 4479 τῆς
1527 4410 1855 4482 Ἐκκλησίας

1964 4419 1981 4450 ι
2005 4398 2121 4453 Hoc
2135 4400 2431 4455 ostendere
2449 4400 2640 4454 volens
2653 4400 2892 4455 Verbum
2911 4399 3117 4470 cpifex,
3137 4401 3337 4456 animal
3364 4419 3534 4456 uuum

276 4494 597 4564 παράδοσιν.
630 4494 794 4563 Λέγει
828 4496 940 4566 γὰρ
974 4495 1182 4561 οῦτωςο
1217 4516 1237 4549 ι
1271 4499 1444 4552 Τοῦτο
1473 4500 1529 4554 δὲ
1572 4501 1855 4573 βουληθεὶς

1956 4506 2025 4546 ex
2060 4500 2318 4561 utraque,
2355 4491 2561 4546 visibili
2612 4507 2811 4561 nempe
2846 4500 3011 4561 atque
3043 4492 3308 4549 invisibili
3339 4494 3534 4549 hatura

276 4586 307 4637 6
331 4585 585 4655 τεχνίτης
615 4585 988 4653 ἐπιδείξασθαι
1026 4588 1218 4653 Λόγος,
1246 4589 1385 4653 ζῶον
1420 4591 1479 4645 ἒν
1522 4593 1580 4659 ἐξ
1615 4594 1854 4663 ἀμφοτέ-
1884 4606 1896 4662 ]

1912 4609 1927 4660 ι
1956 4592 2097 4649 erat,
2128 4583 2408 4639 hominem
2434 4584 2644 4639 scilicet
2671 4600 2683 4636 :
2714 4592 2878 4653 atque
2908 4598 2975 4637 ex
3002 4583 3229 4637 materia
3251 4584 3362 4653 jam
3388 4600 3532 4653 prae-

277 4693 387 4749 puw
403 4677 636 4747 ἀοράτου
659 4677 803 4746 λέγω
831 4680 924 4731 καὶ
952 4679 1155 4751 ὁρατῆς
1181 4680 1394 4749 φύσεως
1416 4682 1739 4755 δημιουργεῖ
1761 4685 1853 4738 τὸν

1955 4676 2257 4731 exsistente
2280 4692 2512 4747 corpore
2540 4684 2844 4746 assumpto,
2865 4692 2931 4730 ex
2963 4690 3020 4731 se
3046 4676 3164 4745 ipso
3194 4675 3378 4729 statim
3412 4676 3533 4729 ani-

275 4769 567 4841 ἄνθρωπον
598 4785 613 4801 ο
651 4771 747 4823 καὶ
776 4771 926 4841 παρὰ
957 4770 1055 4840 μὲν
1079 4769 1181 4839 τῆς
1220 4770 1351 4841 ὕλης
1383 4772 1565 4827 λαὸὼν
1600 4775 1662 4828 τὸ
1693 4775 1854 4847 σῶμα

1956 4782 2101 4821 mam
2135 4768 2357 4832 indidit,
2398 4783 2561 4837 quam
2594 4768 2800 4821 scimus
2825 4783 2950 4822 esse
2988 4767 3385 4837 intelligentem
3412 4766 3533 4820 ani-

274 4860 375 4931 ήδη
408 4860 859 4932 προῦποστάσης,
903 4861 1035 4930 παρ’
1066 4861 1265 4915 ἑαυτοῦ
1310 4862 1367 4915 δὲ
1421 4862 1566 4934 ζωὴν
1614 4864 1794 4932 εὐθὺς,
1824 4864 1854 4919 δ

1956 4874 2100 4913 mam
2133 4868 2189 4915 et
2217 4860 2511 4932 imaginem
2547 4861 2667 4916 Dei.
2699 4878 2717 4911 ι
2757 4860 2826 4914 Et
2873 4858 2928 4913 in
2975 4858 3337 4929 sequentibus
3362 4860 3534 4913 multa

273 4952 338 5024 δὴ
355 4954 549 5024 νοερὰν
568 4953 747 5023 ψυχὴν
763 4952 860 5005 καὶ
878 4954 1065 5006 είκόνα
1088 4952 1224 5006 Θεοῦ
1255 4950 1396 5009 οἶδεν
1410 4958 1438 5009 6
1464 4955 1640 5025 λόγος.
1660 4959 1770 5013 Kal
1794 4960 1853 5013 ὲν

1954 4952 2161 5022 passim
2201 4953 2479 5022 reperias,
2509 4967 2631 5022 quae
2674 4952 2852 5022 palam
2898 4965 3001 5005 nec
3047 4950 3283 5005 obscure
3322 4952 3536 5020 profert

274 5044 387 5105 τοῖς
429 5041 626 5112 ἑφεξῆς
663 5042 720 5095 δὲ
771 5041 1035 5106 πολλάκις
1070 5042 1283 5116 εὑρήσῃ
1330 5045 1519 5122 σαφῶς
1554 5046 1648 5100 καὶ
1676 5049 1851 5119 ἀναμ-

1953 5043 2022 5098 de
2050 5044 2275 5099 homine
2296 5058 2363 5099 ex
2391 5044 2803 5115 praeexsistente
2829 5043 3057 5097 materia
3078 5052 3135 5098 et
3158 5042 3341 5098 anima
3364 5059 3395 5098 a
3421 5045 3534 5099 Deo

273 5134 509 5205 φιὸόλως
559 5134 709 5203 αὐτῷ
743 5135 1009 5205 εἰρημένα
1040 5136 1171 5205 περὶ
1199 5136 1294 5190 τοῦ
1334 5137 1628 5208 ἀνθρώπου
1666 5140 1759 5194 τοῦ
1787 5144 1853 5197 ὲκ

1952 5135 2126 5190 indita
2157 5135 2398 5191 formato
2426 5154 2440 5203 ;
2471 5136 2563 5190 ubi
2595 5135 2785 5190 multis
2825 5134 3085 5191 laudibus
3106 5135 3406 5191 humanam
3434 5151 3532 5191 or-

270 5225 373 5294 τῆς
406 5224 870 5295 προῦπαρχούσης
897 5224 1029 5296 ὕλης
1052 5227 1148 5279 καὶ
1176 5225 1278 5295 τῆς
1305 5228 1410 5281 ὑπὸ
1442 5228 1539 5283 τοῦ
1589 5230 1726 5285 Θεοῦ
1763 5233 1852 5287 δο-

1952 5235 2047 5282 nat
2077 5237 2329 5283 naturam
2352 5270 2366 5294 ,
2416 5238 2473 5284 et
2503 5228 2710 5283 donum
2750 5229 2861 5283 Deo
2911 5228 3137 5299 dignum
3168 5238 3347 5295 vocat,
3384 5230 3532 5300 quod

272 5316 461 5387 θείσης
478 5317 655 5387 ψυχῆς
680 5316 1255 5381 κατασκευασθέντος·
1305 5320 1365 5372 ὲν
1398 5316 1479 5385 οἷς
1542 5322 1637 5376 καὶ
1680 5324 1851 5378 πολλὰ

1955 5334 2063 5373 una
2086 5333 2288 5390 corpus
2313 5328 2369 5375 et
2396 5320 2578 5374 anima
2603 5320 2838 5375 salutem
2871 5328 3282 5390 consequantur
3309 5338 3323 5373 :
3351 5336 3532 5390 neque

273 5410 613 5481 ἐγκωμιάζει
639 5409 738 5481 τὴν
765 5408 860 5463 τοῦ
889 5409 1180 5480 ἀνθρώπου
1204 5410 1386 5482 φύσιν,
1421 5413 1516 5468 καὶ
1544 5415 1690 5482 ἄξιον
1711 5416 1849 5473 Θεοῦ

1950 5428 2085 5467 vero
2136 5413 2231 5473 ait,
2290 5424 2351 5468 ut
2410 5414 2489 5468 illi
2519 5414 2811 5484 jaCtitant,
2866 5398 3104 5468 animam
3160 5413 3534 5470 damnationis

268 5500 442 5572 δῶρον
495 5502 653 5555 καλεῖ
683 5501 744 5556 τὸ
774 5500 1015 5572 σωθῆναι
1062 5502 1123 5556 τὸ
1179 5502 1341 5576 σῶμα
1399 5506 1498 5561 καὶ
1537 5506 1638 5578 τὴν
1671 5508 1850 5582 ψυχήν

1950 5520 2114 5561 causa
2180 5506 2401 5575 corpori
2439 5505 2714 5576 alligatam
2766 5505 2982 5567 fuisse,
3050 5515 3111 5560 ut
3163 5521 3357 5561 eorum
3408 5521 3532 5576 quae

269 5591 549 5664 ἐνδεθῆναι
576 5593 655 5664 τῷ
688 5591 923 5665 σώματι,
942 5593 1085 5664 ὑπὲρ
1110 5595 1220 5650 τῶν
1247 5597 1382 5669 αὑτῇ
1412 5602 1851 5674 προημαρτημέο

1949 5598 2109 5668 prius
2133 5606 2479 5668 peccaverat,
2512 5614 2704 5668 pmnas
2729 5599 2905 5653 daret.
2942 5599 2998 5653 ln
3034 5599 3157 5653 aliis
3186 5615 3407 5669 quoque
3437 5615 3533 5652 vs-

269 5701 379 5738 νων
401 5688 843 5758 τιμωρουμένην.
871 5686 983 5739 Kal
1005 5689 1062 5741 ὲν
1085 5687 1267 5753 ἄλλοις
1299 5689 1355 5743 δὲ
1382 5691 1547 5745 αὐτοῦ
1569 5692 1849 5766 διαφόροις

1953 5692 2051 5747 riis
2090 5690 2239 5745 illius
2272 5691 2518 5761 scriptis,
2550 5708 2749 5761 scopus
2801 5695 2921 5763 ejus
2967 5693 3408 5764 deprehenditur
3458 5692 3529 5747 ab

271 5773 723 5843 συγγράμμασιν,
750 5776 779 5827 6
815 5773 1017 5838 σκοπὸς
1066 5775 1233 5829 αὐτοῦ
1291 5780 1617 5850 φανεροῦται
1656 5784 1848 5838 τούτου

1950 5785 2058 5839 hoc
2094 5784 2349 5854 dogmate
2384 5786 2607 5853 penitus
2632 5786 2845 5840 alienus
2872 5796 3037 5856 atque
3065 5802 3257 5857 purus.
3279 5787 3526 5855 Itemque

258 5864 554 5949 ⁸παντελῶς
587 5865 939 5937 καθαριεύειν
966 5867 1061 5922 τοῦ
1091 5867 1383 5940 δόγματος.
1418 5873 1528 5928 Kal
1573 5876 1704 5948 περὶ
1751 5878 1847 5932 τοῦ

1952 5876 2253 5947 gestientes
2285 5873 2548 5931 eﬂ‘utiunt
2576 5885 2827 5933 sanctum
2861 5877 3188 5950 Gregorium
3219 5878 3395 5936 sancti
3420 5877 3525 5934 ita.
