4112 6548
577 428 686 493 899

1819 418 2087 478 SANCTl
2129 393 2653 476 BARSANUPIIII

3763 429 3881 494 900

577 545 688 602 sllii
714 543 944 599 fratrem
993 540 1048 596 id
1083 542 1264 612 ipsum
1293 538 1520 603 dixisse,
1554 552 1619 592 ac
1665 535 2164 607 praeexsistentiam

2273 532 2428 601 ἁγίου
2462 534 2768 606 Γρηγορίου
2816 535 2914 590 τοῦ
2954 535 3191 608 ἀδελφοῦ
3227 537 3326 594 τοῦ
3372 540 3533 610 ἁγίου
3573 543 3875 599 Bai-tision

578 637 861 700 docuisse,
889 635 1013 706 eius
1055 634 1205 688 dicta
1235 631 1484 702 qumdam
1507 644 1676 700 prave
1712 629 2164 696 interpretantes.

578 729 701 799 Ipse
735 737 918 782 tamen
945 726 1092 780 clare
1128 723 1408 778 tricesimo
1433 721 1615 791 capite
1647 717 1834 789 operis
1857 717 1942 773 sui
1967 719 2035 773 de
2063 717 2168 771 bo-

581 819 846 883 minibus,
871 813 1322 887 praeessistentias
1341 811 1540 882 dogma
1561 817 1842 881 oppugnat
1866 817 1923 864 et
1945 808 2165 872 evertit,

581 907 1053 981 quemadmodum
1091 915 1147 960 et
1176 905 1376 959 beatus
1415 902 1587 958 David
1613 943 1628 967 ,
1685 917 1790 957 nec
1839 917 1951 956 non
1989 899 2166 956 sancti

580 1003 843 1068 Joannes,
865 1000 1538 1068 Athanasius,omnesque
1566 996 1658 1050 alii
1683 995 1777 1066 qui
1804 994 2064 1050 Ecclesiae
2085 994 2170 1048 lu-

582 1095 819 1150 minaria
879 1093 1248 1160 doctoresque
1295 1099 1444 1144 sunt.
1502 1089 1582 1143 De
1638 1087 1991 1142 restitutione
2033 1099 2168 1140 vero

582 1202 773 1260 aperte
822 1186 1073 1256 loquitur
1103 1185 1246 1239 idem
1292 1181 1596 1254 Gregorius
1625 1181 1943 1251 Nyssenus;
1973 1193 2168 1233 verum

583 1295 695 1336 non
730 1279 799 1334 de
830 1278 935 1332 hac
957 1293 1122 1348 quam
1158 1277 1262 1346 ipsi
1298 1276 1634 1346 praedicant,
1673 1289 1875 1344 nempe
1914 1279 2168 1328 cessante

583 1370 859 1443 supplicio
882 1369 1001 1424 fore
1033 1378 1092 1423 ut
1124 1369 1290 1422 homo
1320 1367 1648 1422 restituatur
1675 1366 1728 1420 in
1751 1365 1805 1420 id
1841 1365 1987 1436 quod
2013 1365 2170 1434 prius

505 1513 514 1520 ,
582 1474 723 1530 erat,
759 1463 972 1520 scilicet
996 1463 1051 1517 in
1078 1476 1244 1531 puras
1271 1459 1681 1530 intelligentias.
1712 1459 1783 1512 At
1819 1473 2166 1528 nequaquam

583 1556 720 1612 dicit
747 1555 838 1610 ille
864 1562 1208 1609 cessaturum
1247 1566 1311 1606 ac
1338 1551 1502 1606 finem
1527 1551 1848 1606 habiturum
1879 1566 2000 1606 esse
2039 1567 2170 1621 sup-

582 1648 831 1719 plicium.
865 1647 965 1702 Dic
997 1661 1150 1718 ergo,
1183 1656 1360 1715 pater,
1391 1660 1491 1700 cur
1517 1644 1641 1698 talis
1666 1643 1834 1698 homo
1864 1659 1977 1698 non
2017 1652 2168 1699 recte

581 1743 864 1812 loquatur,
908 1749 1093 1810 utpar
1118 1747 1268 1795 esset
1291 1747 1542 1792 sanctum
1587 1737 1790 1801 virum,
1834 1737 1927 1807 qui
1955 1736 2166 1807 Spiritu

2269 623 2672 709 ἐπιχαίρουσιν,
2712 625 2795 679 ὅτι
2847 627 2910 679 τὸ
2960 627 3093 680 αὐτὸ
3133 624 3255 683 εἶπε
3305 633 3399 684 καὶ
3430 631 3579 700 λέγει
3608 636 3877 700 uiaret-.9;

2271 717 2642 788 προῦπαρξιν,
2671 719 3187 790 παρερμηνεύοντες
3220 721 3314 774 καί⁵
3347 723 3515 776 αὐτοῦ
3542 726 3686 794 ῥητά
3719 741 3869 779 τινα.

2269 808 2443 873 Αὐτὸς
2469 809 2527 863 δὲ
2554 810 2744 881 σαφῶς
2771 813 2830 864 ὲν
2857 811 2936 882 τῷ
2957 813 3269 884 τριακοστῷ
3296 815 3578 886 κεφαλαίῳ
3601 820 3705 886 τῆς
3735 819 3872 888 περὶ

2268 899 2378 954 τῶν
2403 902 2712 975 ἀνθρώπων
2733 904 2902 960 αὑτοῦ
2925 906 3340 976 πραγματείας,
3368 907 3601 978 μάχεται
3624 910 3747 980 ίσχυ
3758 910 3870 980 ρῶς

2269 993 2446 1066 τούτῳ
2495 996 2598 1067 τῆς
2659 1000 3062 1072 προϋπάρξεως
3123 1000 3356 1071 δόγματι
3417 1003 3515 1056 καὶ
3563 1005 3869 1075 ἀνατρέπει

2269 1087 2426 1152 αὐτὸ,
2455 1087 2593 1142 καθὸ
2646 1093 2742 1145 καὶ
2775 1093 2804 1144 ὀ
2838 1093 3111 1164 μακάριος
3171 1093 3338 1147 Δαυὶδ
3382 1095 3479 1148 καὶ
3526 1095 3576 1147 oi
3609 1098 3742 1166 περὶ
3773 1097 3870 1150 τὸν

2271 1178 2425 1247 ἅγιον
2465 1180 2720 1253 Ἰωάννην
2745 1184 2840 1237 καὶ
2883 1183 3206 1239 Ἀθανάσιον
3231 1186 3328 1239 καὶ
3365 1186 3416 1238 οί
3448 1185 3627 1240 λοιποὶ
3659 1189 3869 1253 πάντες

2268 1272 2368 1342 τῆς
2401 1273 2730 1345 Ἐκκλησίας
2783 1277 3072 1348 φωστῆρες
3119 1277 3214 1331 καὶ
3257 1277 3589 1332 διδάσκαλοι.
3623 1280 3759 1350 Περὶ
3808 1281 3868 1332 δὲ

2270 1366 2777 1432 ἀποκαταστάσεως
2809 1369 3003 1440 σαφῶς
3033 1369 3187 1438 λέγει
3231 1372 3260 1424 ὁ
3310 1371 3475 1436 αὐτὸς
3510 1373 3815 1444 Γρηγόριος
3838 1374 3871 1424 ὀ

2269 1457 2496 1531 Νύσσης
2521 1470 2537 1486 ⁸
2575 1459 2690 1513 ἀλλ’
2720 1461 2782 1514 ού
2807 1462 2938 1533 περὶ
2970 1462 3177 1532 ταύτης
3202 1457 3266 1534 ἦς
3295 1464 3450 1518 αὐτοὶ
3481 1464 3751 1534 λέγουσιν,
3781 1466 3870 1518 ὃτι

2273 1552 2592 1621 παυομένης
2619 1552 2717 1622 τῆς
2737 1553 3014 1618 κολάσεως
3039 1554 3224 1624 μέλλει
3250 1556 3279 1608 ὁ
3308 1556 3601 1626 ἄνθρωπος
3617 1556 3870 1610 ἀποκαθ-

2274 1642 2492 1696 ίσασθαι
2523 1646 2605 1707 είς
2633 1644 2769 1718 ὅπερ
2812 1645 2872 1710 ἐξ
2921 1646 3100 1718 ἀρχῆς
3133 1642 3202 1718 ἦν
3231 1685 3246 1712 ,
3277 1649 3358 1710 είς
3388 1646 3662 1718 καθαροὺς
3710 1648 3864 1710 νόας.

2284 1735 2424 1788 Ἀλλ’
2456 1736 2518 1788 ού
2556 1735 2713 1790 τοῦτο
2735 1736 2906 1806 λέγει,
2931 1739 3014 1792 ὃτι
3033 1737 3326 1811 παύεται-Ι]
3355 1739 3578 1806 κόλασις
3607 1740 3871 1804 καὶτέλος

582 1841 774 1889 sancto
815 1831 1035 1886 atilante
1077 1829 1228 1900 loqui
1302 1829 1564 1900 dignatus
1603 1828 1696 1884 sit.
1751 1828 1971 1884 Etenim
2020 1829 2166 1884 circa

2273 1826 2559 1900 λαμϐάνει.
2590 1828 2728 1883 Εἰπὲ
2749 1831 2862 1896 οῦν,
2899 1831 3092 1903 πάτερ,
3127 1831 3216 1886 διὰ
3236 1833 3289 1886 τί
3309 1832 3551 1896 τοιοῦτος
3573 1832 3870 1905 ἄνθρωπος

581 1923 901 1996 paradisum
937 1939 1160 1994 quoque
1192 1921 1535 1978 dissentiunt
1565 1921 1790 1990 quidam
1821 1936 1890 1975 ex
1914 1921 2169 1991 patribus

2273 1919 2374 1972 οὐκ
2413 1919 2588 1986 ὀρθῶς
2617 1919 2789 1989 λέγει,
2818 1921 3002 1986 καθὼς
3054 1923 3330 1994 ἐνδέχεται
3366 1924 3536 1996 ἄνδρα
3583 1924 3741 1992 ἁγιον
3770 1925 3872 1977 καὶ

579 2027 639 2075 et
657 2017 1003 2082 doctoribus,
1031 2017 1163 2071 dum
1180 2015 1340 2070 aiunt
1362 2014 1520 2069 illum
1543 2029 1658 2070 non
1677 2029 1801 2069 esse
1819 2015 2164 2081 sensibilem,

581 2109 679 2166 sed
727 2108 1158 2180 intelligibilem.
1187 2109 1248 2162 ln
1273 2107 1398 2162 aliis
1422 2121 1645 2177 quoque
1684 2106 1987 2177 Scriptura:
2011 2106 2167 2177 capi-

585 2203 717 2258 tulis
744 2201 1042 2272 quamdam
1077 2200 1478 2256 dissonantiam
1524 2199 1929 2270 reperire'est.
1979 2199 2168 2254 Indica

581 2296 720 2354 illud
746 2311 878 2368 ergo
912 2295 1096 2362 nobis,
1129 2303 1305 2367 pater,
1342 2303 1457 2351 uta
1484 2295 1646 2351 vobis
1670 2293 1967 2350 illuminati
1993 2292 2167 2365 glori-

583 2389 810 2446 ﬁcemus
838 2389 1032 2454 Deum,
1055 2397 1114 2443 et
1138 2387 1412 2462 judicium
1441 2403 1556 2444 non
1581 2386 1828 2443 feramus
1861 2386 1917 2441 in
1945 2394 2168 2442 sanctos

581 2481 774 2538 Patres
798 2490 1040 2538 nostros.

1029 2770 1317 2842 Responsio
1347 2769 1728 2841 Barsanuphii.

653 2889 966 2946 Benedictus
979 2888 1118 2968 Deus
1142 2897 1190 2941 et
1202 2887 1367 2942 Pater
1384 2886 1599 2940 Domini
1616 2884 1784 2940 nostri
1797 2883 1924 2940 Iesu
1949 2883 2164 2950 Christi,

580 2984 672 3054 qui
706 2981 968 3037 benedixit
998 2997 1091 3034 nos
1121 2981 1176 3034 in
1225 2979 1368 3033 omni
1405 2978 1762 3033 benedictione
1796 2976 2068 3048 spirituali
2110 2977 2168 3030 in

580 3074 872 3130 caelestibus
900 3075 953 3128 in
988 3071 1216 3128 Christo.
1261 3071 1428 3126 Amen
1445 3071 1488 3124 ".
1542 3070 1768 3125 Fratres
1791 3109 1807 3134 ,
1854 3079 2168 3140 opportune

580 3167 767 3222 dicere
802 3180 1026 3236 possum
1075 3179 1203 3219 cum
1231 3162 1496 3233 Apostolo
1523 3180 1536 3216 :
1564 3161 1760 3217 Factus
1792 3179 1912 3218 sum
1947 3163 2164 3228 stultus,

2268 2009 2572 2077 ἀξιωθέντα
2593 2011 2775 2064 λαλεῖν
2805 2014 2870 2065 ὲκ
2893 2013 3212 2084 Πνεύματος
3263 2015 3442 2084 ἁγίου,
3504 2015 3598 2068 καὶ
3621 2014 3734 2084 γὰρ
3765 2015 3870 2067 καὶ

2271 2103 2402 2173 περὶ
2441 2103 2536 2156 τοῦ
2570 2105 2904 2175 παραδείσου
2933 2105 3264 2175 διαφωνοῦσι
3288 2125 3433 2171 τινες
3461 2107 3570 2159 τῶν
3603 2108 3869 2178 πατέρων

2269 2193 2369 2248 καὶ
2406 2193 2765 2257 διδασκάλων,
2812 2195 2888 2267 μὴ
2940 2196 3194 2265 λέγοντες
3233 2197 3397 2250 αὑτὸν
3430 2196 3691 2267 αἰσθητὸν
3726 2197 3869 2251 ἀλλὰ

2268 2286 2483 2357 νοητόν.
2517 2289 2630 2342 Καὶ
2663 2289 2721 2342 ὲν
2753 2288 2936 2354 ἄλλοις
2959 2289 3280 2360 κεφαλαίοις
3317 2291 3419 2360 τῆς
3461 2291 3687 2362 Γραφῆς
3715 2290 3869 2344 ἔστιν

2268 2379 2452 2452 εὑρεῖν
2481 2397 2643 2434 τινων
2676 2381 2994 2450 διαφωνίαν.
3029 2382 3338 2452 Σαφήνισον
3353 2381 3446 2435 οῦν
3475 2383 3630 2453 ἡμῖν,
3663 2381 3867 2435 δέσπο-

2267 2489 2359 2538 τα,
2391 2471 2577 2537 τοῦτο,
2611 2472 3066 2544 παρακαλοῦμεν,
3109 2472 3199 2526 ἶνα
3224 2472 3357 2542 παρ’
3383 2471 3536 2542 ὑμῶν
3560 2470 3866 2541 φωτισθέν-

2268 2582 2381 2630 τες,
2405 2564 2722 2636 δοξάσωμεν
2754 2565 2848 2619 τδν
2882 2565 3038 2630 Θεὸν,
3075 2565 3172 2619 καὶ
3217 2563 3294 2635 μὴ
3327 2563 3737 2635 διακρινώμεθα
3779 2566 3863 2628 είς

2267 2655 2395 2720 τοὺς
2425 2655 2616 2723 ἁγίους
2645 2654 2806 2727 ήμῶν
2837 2655 3111 2728 Πατέρας.

2636 2770 2976 2840 Ἀπόκρισις
3007 2772 3498 2840 Βαρσανουεριου.

2341 2887 2708 2971 Εὐλογητὸς.
2743 2889 2779 2942 ὁ
2839 2885 2985 2953 Θεὸς
3050 2885 3154 2940 καί
3211 2886 3417 2954 Πατὴρ
3469 2885 3578 2940 τοῦ
3634 2885 3865 2954 Κυρίου

2270 2981 2438 3052 ἡμῶν
2497 2979 2694 3048 Ἰησοῦ
2741 2979 3042 3048 Χριστοῦ,
3097 2981 3130 3032 ό
3187 2977 3537 3048 εὐλογήσας
3579 2977 3742 3047 ἡμᾶς
3793 2979 3867 3032 ὲν

2269 3074 2440 3142 πάσῃ
2464 3073 2716 3142 εὐλογίᾳ
2753 3071 3131 3141 πνευματικῇ
3183 3070 3255 3125 ἐν
3306 3071 3431 3138 τοῖς
3477 3070 3865 3138 ἐπουρανίοις

2271 3167 2342 3222 ἐν
2373 3165 2632 3234 Χριστῷ.
2679 3163 2890 3234 Ἀμήν.
2925 3164 3196 3232 Ἀδελφοὶ,
3224 3163 3483 3237 εὕκαιρον
3514 3165 3690 3216 εἰπεῖν
3723 3162 3869 3232 μετὰ

581 3275 672 3314 vos
704 3272 786 3310 me
825 3255 1068 3326 coegistis
1090 3252 1132 3306 ⁸.
1165 3251 1385 3306 Etenim
1427 3260 1658 3320 propter
1680 3265 1780 3305 vos
1825 3265 1994 3320 cogor
2041 3266 2166 3322 qua:

2273 3256 2368 3311 τοῦ
2416 3253 2776 3309 Ἀπόστολυυο
2822 3257 3056 3326 Γέγονα
3090 3255 3318 3326 ἄφρων,
3350 3256 3520 3326 ὑμεῖς
3545 3273 3623 3324 με
3662 3257 3862 3326 ἠναγ-

546 3368 552 3376 ·
583 3359 902 3403 mensuram
925 3350 1192 3412 superant
1219 3355 1396 3394 meam
1424 3338 1683 3402 scrutari,
1707 3347 1764 3392 et
1786 3353 1850 3393 ea
1871 3337 2022 3408 loqui
2048 3354 2170 3406 qua:

583 3455 699 3494 non
725 3451 978 3508 magnam
999 3433 1198 3490 anima:
1214 3432 1510 3487 utilitatem
1543 3429 1854 3496 conferant,
1897 3430 2000 3485 nisi
2028 3429 2171 3485 forte

585 3534 760 3604 ipsam
801 3529 1029 3586 laedant.
1071 3526 1398 3581 Dimisimus
1446 3523 1678 3580 Paulum
1723 3523 2035 3593 apostolum
2084 3523 2172 3578 di-

583 3634 803 3682 centem
833 3641 846 3678 :
881 3621 1064 3678 Omnis
1091 3621 1175 3675 ira
1205 3627 1254 3673 et
1275 3617 1424 3689 furor
1459 3624 1507 3670 et
1534 3615 1738 3671 clamor
1761 3623 1810 3669 et
1845 3615 2172 3687 blasphemia

585 3720 810 3776 tollatur
832 3736 864 3773 a
887 3716 1028 3773 vobis
1051 3731 1169 3769 cum
1193 3713 1338 3767 omni
1358 3709 1568 3766 malitia
1589 3711 1631 3765 ’.
1664 3710 1778 3782 Ego
1806 3717 1991 3764 autem
2021 3709 2168 3777 dico,

585 3829 713 3870 cum
743 3810 1051 3868 voracitate
1091 3815 1148 3863 et
1174 3802 1544 3861 fornicatione
1591 3812 1650 3859 et
1693 3803 1928 3860 avaritia
1952 3813 2008 3860 et
2037 3804 2170 3859 reli-

585 3906 714 3978 quis
767 3904 939 3960 animi
975 3900 1217 3965 morbis,
1273 3897 1342 3953 de
1385 3897 1590 3968 quibus
1628 3895 2011 3952 indesinenter
2038 3895 2172 3952 ﬂere

584 4001 886 4070 lugereque
915 4009 1019 4050 nos
1051 3999 1274 4063 oportet
1301 3989 1392 4044 die
1422 4005 1488 4043 ac
1509 3998 1694 4052 nocte,
1729 3996 1790 4041 ut
1821 3987 1876 4041 vi
1901 3987 2172 4058 laeryma-

585 4104 710 4144 rum
732 4087 934 4140 horum
963 4082 1214 4138 omnium
1244 4079 1443 4135 sordes
1469 4079 1787 4143 abluantur,
1809 4087 1867 4132 et
1894 4077 2175 4148 possimus

583 4197 653 4236 ex
684 4176 990 4248 inquinatis
1033 4173 1160 4244 puri
1194 4171 1453 4236 evadere,
1500 4185 1568 4224 ex
1597 4169 1986 4239 peccatoribus
2013 4168 2173 4240 justi,

584 4289 653 4328 ex
684 4269 921 4326 mortuis
946 4267 1219 4322 viventes.
1251 4262 1596 4319 Exercitatio
1613 4271 1798 4316 autem
1825 4271 2014 4315 nostra
2047 4276 2175 4315 ver-

585 4374 742 4422 satur
771 4364 921 4419 circa
957 4375 1128 4415 unum
1162 4366 1377 4414 tantum
1406 4357 1680 4420 verbum,
1732 4354 1802 4410 de
1847 4369 1960 4425 quo
1999 4353 2175 4408 ratio-

586 4478 714 4518 nem
743 4456 1021 4513 reddituri
1069 4469 1285 4510 sumus.
1333 4451 1480 4506 Dicit
1509 4450 1659 4504 enim
1691 4465 1706 4502 :
1739 4448 1814 4503 Tu
1854 4447 2037 4501 reddes
2056 4447 2176 4500 uni-

585 4556 774 4617 cuique
795 4551 959 4622 juxta
989 4563 1152 4619 Opera
1175 4563 1273 4600 sua
1298 4545 1340 4574 ¹⁰
1366 4561 1381 4610 ;
1409 4552 1466 4599 et
1496 4543 1700 4597 iterum
1731 4557 1745 4596 :
1779 4540 1888 4595 Nos
1945 4538 2173 4609 manife-

2270 3349 2520 3404 κάσατε.
2583 3348 2694 3402 Καὶ
2744 3348 2856 3422 γὰρ
2890 3349 3282 3420 ἀναγκάζομαι
3325 3349 3393 3402 δι’
3425 3349 3568 3418 ὑμᾶς
3610 3347 3678 3402 τὰ
3721 3349 3868 3418 ὑπὲρ

2275 3442 2454 3515 μέτρά
2509 3458 2610 3512 μου
2665 3444 2914 3514 ὲρευνᾷν,
2951 3442 3047 3496 καὶ
3089 3443 3274 3495 λαλεῖν
3311 3443 3382 3495 τὰ
3421 3442 3496 3512 μὴ
3541 3439 3868 3510 ὠφελοῦντα

2271 3535 2417 3589 πάνυ
2455 3533 2556 3605 τὴν
2594 3533 2794 3606 ψυχὴν,
2829 3537 2878 3588 εἰ
2911 3535 2988 3606 μὴ
3029 3537 3124 3588 καὶ
3175 3533 3504 3605 βλάπτοντα.
3543 3535 3870 3604 Ἀφήκαμεν

2271 3625 2488 3681 Παῦλον
2540 3625 2635 3678 τὸν
2691 3625 2996 3680 ἀπόστολον
3029 3625 3300 3694 λέγοντα·
3349 3626 3527 3680 Πᾶσα
3576 3626 3726 3696 ὀργὴ
3760 3626 3868 3678 καί

2272 3721 2460 3791 θυμὸς
2515 3717 2611 3774 καί
2659 3717 2891 3789 κραυγὴ
2937 3719 3035 3772 καί
3085 3719 3459 3788 ,βλασφημία
3492 3719 3731 3788 ἀρθήτω
3762 3719 3869 3789 ἀφ’

2271 3810 2446 3882 ὑμῶν
2467 3809 2591 3865 σὺν
2633 3809 2804 3878 πάσῃ
2835 3809 3040 3875 κακίᾳ.
3079 3808 3223 3877 Ἐγὼ
3255 3809 3313 3862 δὲ
3339 3809 3505 3878 λέγω,
3546 3809 3647 3862 σὺν
3673 3812 3739 3880 τῇ
3770 3827 3873 3876 γαο

2277 3901 2618 3975 στριμαργίᾳ
2665 3901 2759 3954 καὶ
2793 3899 3025 3972 πορνείᾳ
3075 3901 3172 3953 καὶ
3217 3899 3556 3972 φιλαργυρίᾳ
3604 3902 3700 3954 καὶ
3751 3904 3872 3963 τοῖς

2275 3995 2484 4058 λοιποῖς
2517 3992 2738 4058 πάθεσι,
2777 3991 2908 4062 περὶ
2954 3984 3029 4046 ὧν
3084 3991 3380 4062 ὀφείλομεν
3428 3991 3650 4046 πενθεῖν
3693 3992 3873 4044 νύκτα

2274 4090 2371 4143 καὶ
2417 4087 2634 4159 ἡμέραν
2676 4087 2771 4141 καὶ
2819 4086 3033 4140 κλαίειν
3065 4085 3453 4150 ἀδιαλείπτως,
3493 4086 3582 4139 ἵνα
3633 4086 3724 4142 διὰ
3771 4085 3873 4138 τοῦ

2275 4181 2388 4235 τῶν
2417 4178 2670 4250 δακρύων
2701 4178 2962 4250 πλήθους,
2986 4181 3014 4232 ὁ
3045 4178 3217 4250 ῥύπος
3240 4177 3448 4232 τούτων
3470 4177 3607 4231 ὃλων
3635 4177 3877 4230 ἐκπλυν-

2277 4276 2368 4345 θῇ,
2403 4273 2498 4326 καὶ
2535 4270 2858 4341 δυνηθῶμεν
2893 4271 3148 4340 γενέσθαι
3198 4272 3264 4324 ὲκ
3303 4271 3569 4345 ῥυπαρῶν
3608 4269 3873 4340 καθαροὶ,

2277 4343 2343 4431 es
2369 4361 2716 4434 ἁμαρτωλῶν
2747 4363 2980 4428 δίκαιοι,
3021 4366 3086 4416 ὲκ
3130 4343 3342 4434 νεκρῶν
3388 4343 3608 4426 ζῶντες,
3661 4363 3879 4416 ’Δδολε-

2280 4449 2520 4521 σχοῦμεν
2550 4449 2607 4502 δὲ
2637 4451 2718 4513 είς
2747 4449 2845 4503 ἕνα
2873 4450 3058 4526 λόγον,
3091 4445 3153 4506 οῦ
3191 4453 3465 4522 μέλλομεν
3505 4451 3695 4505 δοῦναι
3723 4454 3872 4506 ἁπο-

2277 4543 2487 4611 λογίαν.
2517 4543 2687 4612 Φησὶν
2719 4541 2848 4613 γὰρ,
2876 4543 2958 4596 ὅτι
2987 4542 3070 4597 Σὺ
3095 4543 3431 4609 ἀποδώσεις
3446 4543 3685 4611 ἑκάστῳ
3715 4546 3874 4600 κατὰ

583 4611 720 4702 stari
758 4611 963 4716 oportet
993 4611 1116 4696 ante
1137 4635 1374 4694 tribunal
1409 4635 1636 4700 Christi,
1681 4642 1738 4687 ut
1776 4633 1973 4703 referat
2010 4648 2170 4686 unus-

2280 4636 2352 4689 τὰ
2391 4635 2537 4703 ἔργα
2569 4611 2809 4688 αὑτοῦ(
2837 4635 2932 4688 καὶ
2981 4635 3166 4689 πάλινο
3209 4637 3294 4689 ὅτι
3331 4636 3435 4690 Δεῖ
3478 4635 3640 4705 ἡμᾶς
3679 4654 3874 4706 φανε-

585 4742 805 4813 quisque
823 4753 941 4808 qua:
957 4751 1043 4806 per
1069 4749 1258 4804 corpus
1275 4732 1402 4803 egit,
1421 4731 1529 4784 sive
1545 4729 1736 4782 bonum
1756 4729 1864 4781 sive
1885 4725 2087 4780 malum
2109 4726 2170 4778 “.

2273 4725 2536 4796 ρωθῆναι
2569 4725 2669 4778 ἐπὶ
2699 4726 2806 4781 τοῦ
2839 4725 3119 4796 βήματος
3156 4727 3266 4782 τοῦ
3305 4729 3587 4798 Χριστοῦ,
3629 4731 3733 4783 ἵνα
3771 4748 3875 4785 κο-

585 4835 793 4888 llorum
834 4845 938 4884 nos
966 4843 1157 4883 curam
1182 4839 1377 4896 gerere
1410 4831 1653 4892 Oportet,
1687 4820 1756 4874 de
1784 4819 1990 4890 quibus
2013 4819 2170 4872 Pater

2273 4819 2530 4888 μίσηται
2569 4817 2831 4885 ἕκαστος
2879 4820 2952 4874 τὰ
3007 4821 3106 4875 διὰ
3143 4821 3250 4876 τοῦ
3311 4822 3586 4892 σώματος
3637 4826 3788 4893 πρὸς
3831 4824 3874 4880 ἀ

584 4935 778 4981 noster
820 4922 1048 4977 Poemcn
1076 4925 1134 4972 et
1167 4917 1264 4988 qui
1283 4923 1409 4986 post
1428 4914 1607 4984 ipsum
1635 4910 1994 4974 exstiterunt,
2021 4909 2170 4964 solli-

2274 4911 2564 4980 ἐπραξεν,
2617 4912 2738 4966 εἴτε
2787 4914 3035 4983 ἀγαθὸν,
3070 4917 3193 4970 εἶτε
3235 4918 3444 4971 κακόν.
3488 4918 3624 4990 Περὶ
3658 4917 3874 4973 τούτων

585 5017 681 5073 citi
717 5015 892 5070 fuere.
925 5011 1053 5068 llam
1090 5005 1409 5064 sollicitudo
1460 5005 1513 5059 id
1547 5003 1691 5075 parit
1739 5011 1802 5057 ut
1840 5017 1952 5056 non
1996 5001 2170 5055 altum

2277 5002 2568 5073 ὀφείλομεν
2603 5005 2930 5069 σπουδάσαι,
2961 5007 3091 5078 περὶ
3129 5001 3205 5062 ὧν
3234 5011 3329 5063 καὶ
3355 5012 3403 5063 oi
3437 5011 3678 5082 πατέρες
3710 5011 3872 5085 ἡμῶν

585 5109 869 5181 sapiamus
893 5148 908 5174 ,
938 5121 1042 5162 nos
1079 5119 1192 5158 non
1242 5099 1422 5171 magni
1459 5097 1746 5162 faciamus,
1781 5095 1880 5150 sed
1914 5105 2170 5166 tanquam

2274 5097 2322 5148 οί
2355 5096 2488 5167 περὶ
2508 5096 2600 5150 τὸν
2628 5097 2803 5152 ἁϋὸἄν
2833 5099 3078 5170 Ποιμένα
3115 5103 3210 5155 καί⁹
3241 5105 3368 5166 τοὺς
3394 5104 3632 5174 καθεξῆς
3663 5105 3872 5158 ἐστ-τού⁸

587 5215 795 5261 terram
828 5212 886 5257 et
922 5201 1168 5256 cinerem
1209 5195 1614 5250 existimemus.
1652 5190 1748 5244 llla
1783 5205 1916 5243 vero
1964 5189 2176 5244 sollici-

587 5296 724 5352 tudo
773 5309 888 5364 prie
919 5308 978 5349 se
1016 5291 1146 5354 fert,
1182 5297 1244 5343 ut
1289 5286 1415 5358 quis
1442 5301 1501 5341 se
1529 5299 1630 5355 pro
1654 5283 1919 5338 Gnostico
1949 5282 2172 5346 habeat,

588 5392 651 5439 ut
683 5392 961 5438 tumorem
997 5377 1220 5442 inferat,
1249 5385 1312 5432 ut
1343 5375 1472 5447 quis
1510 5375 1684 5428 altum
1705 5372 1902 5442 sapiat,
1931 5388 1988 5426 se
2006 5387 2176 5441 seque

587 5475 772 5547 magni
804 5471 1088 5544 quidpiam
1123 5470 1178 5524 in
1213 5469 1472 5524 omnibus
1504 5465 1818 5530 existimet,
1853 5473 1913 5519 ut
1952 5464 2022 5518 ab
2066 5464 2172 5518 liu-

588 5569 822 5625 militate
840 5566 1089 5622 desistat.
1106 5563 1380 5636 Ignoscite
1399 5561 1561 5624 mihi,
1586 5576 1655 5614 an
1682 5574 1793 5614 non
1816 5558 1982 5614 otiosi
2007 5557 2171 5623 estis;

587 5663 825 5732 ideoque
857 5660 923 5714 ad
953 5661 1072 5716 haec
1099 5674 1198 5714 vos
1227 5656 1536 5713 confertis?
1571 5653 1626 5710 Si
1656 5653 1730 5714 ita
1762 5659 1886 5719 est,
1938 5652 2173 5706 descen-

586 5755 702 5811 dite
734 5756 791 5810 in
818 5753 1024 5818 forum,
1080 5751 1257 5806 donec
1286 5748 1473 5805 veniat
1507 5745 1929 5817 paterfamilias,
1975 5753 2029 5798 et
2078 5760 2176 5798 vos

2275 5189 2467 5243 δασαν.
2515 5188 2667 5261 Αῦτη
2723 5192 2757 5262 ἡ
2804 5192 3011 5264 σπουδὴ
3064 5193 3176 5264 ἔχει
3216 5195 3276 5249 τὸ
3308 5197 3636 5268 ἀψήφιστον,
3688 5199 3751 5250 τὸ
3794 5199 3871 5270 μὴ

2279 5283 2501 5352 μετρεῖν
2551 5282 2771 5347 ἑαυτὸν,
2817 5284 2879 5336 τὸ
2915 5284 3062 5355 ἔχειν
3111 5287 3302 5340 ἑαυτὸν
3358 5289 3465 5358 γῆν
3499 5289 3598 5342 καὶ
3644 5291 3867 5345 σποδόν.

2289 5373 2504 5443 Ἐκείνη
2549 5374 2607 5426 δὲ
2656 5377 2690 5444 ἡ
2731 5377 2940 5449 σπουδὴ
2978 5379 3094 5450 ὲχεῖ
3121 5379 3183 5433 τὸ
3219 5380 3363 5450 ἔχειν
3403 5381 3598 5434 ἑαυτὸν
3628 5383 3871 5437 Γνωστι-

2279 5467 2397 5531 κὸν,
2428 5467 2488 5518 τὸ
2519 5467 2708 5537 φέρειν
2739 5471 2817 5535 είς
2846 5473 3134 5541 φυσίωσιν,
3163 5473 3224 5525 τὸ
3251 5473 3512 5542 ψηφίζειν
3538 5475 3754 5544 ἑαυτὸν,
3775 5479 3872 5532 καὶ

2282 5560 2509 5630 μετρεῖν
2543 5561 2601 5612 ὲν
2629 5563 2798 5616 παντὶ
2837 5565 3151 5634 πράγματι,
3193 5565 3256 5619 τὸ
3291 5569 3597 5639 ἀποστῆναι
3634 5570 3735 5640 τῆς
3773 5589 3871 5625 τα·

2280 5654 2739 5723 πεινοφροσύνης.
2773 5657 3174 5729 Συγχωρήσατέ
3220 5677 3333 5730 μοι,
3396 5660 3471 5731 μὴ
3520 5663 3684 5735 ἁργοί
3719 5665 3872 5728 ἐστε,

2280 5745 2375 5797 καὶ
2406 5744 2492 5797 διὰ
2514 5746 2674 5800 τοῦτο
2699 5747 2927 5818 ἔρχεσθε
2956 5751 3036 5814 είς
3067 5751 3244 5805 ταῦτα
3270 5769 3284 5818 ;
3317 5753 3376 5806 Εἰ
3401 5752 3575 5819 οὕτως
3607 5755 3745 5827 ἔχει,
3781 5775 3874 5812 κα-

649 5915 670 5947 '
704 5910 910 5983 prcs.
954 5930 992 5977 ι,
1026 5911 1078 5966 5.
1157 5907 1177 5939 ⁸
1203 5907 1248 5964 ιι
1283 5905 1411 5964 Cor.
1459 5920 1554 5972 xu,
1593 5904 1680 5960 ll.
1758 5903 1779 5935 '
1807 5900 2012 5973 Eplies.
2048 5915 2122 5968 ιγ,
2156 5900 2170 5956 ε

2329 5901 2372 5934 ¹⁰
2399 5901 2542 5959 Psal.
2568 5919 2675 5971 ut,
2706 5903 2790 5959 l5.
2815 5907 2912 5993 __“
2953 5905 2999 5963 ll
3024 5905 3153 5964 Cor.
3187 5925 3241 5974 γ,
3283 5911 3368 5968 10.
