4112 6526
239 441 345 508 901

1274 440 1641 501 EPISTULA
1678 438 1776 499 DE
1816 437 2122 498 DUABUS
2159 437 2519 499 NATURIS.

3414 370 3613 506 902-

237 558 463 613 τέλθετε
505 552 586 620 είς
619 552 718 625 τὴν
754 553 1004 627 ἀγοράν,
1045 554 1151 618 ἓως
1186 552 1319 627 ἔλθῃ
1367 553 1398 606 δ
1437 544 1834 621 οἰκοδεσπότης

1943 550 2217 604 conducat
2243 548 2301 603 in
2330 549 2551 603 vineam
2581 563 2759 604 suam.
2792 549 2849 606 Si
2888 551 2943 605 in
2983 552 3152 608 corde
3177 563 3367 609 vestro
3418 556 3519 611 sti-

243 654 341 709 xal.
364 651 508 724 λάϐῃ
545 650 690 720 ὑμᾶς
723 649 803 712 εἰς
830 648 923 701 τὸν
951 647 1253 719 ἀμπελῶνα
1284 646 1472 701 αὐτοῦ.
1512 646 1575 699 Et
1604 640 1673 717 ἦν
1706 642 1832 697 σκό-

238 745 345 815 λοψ
396 743 525 815 περὶ
570 742 672 812 τῆς
721 741 1085 811 ἀπαντήσεως
1145 740 1367 811 ἐκείνης
1409 742 1468 792 ὲν
1505 740 1572 810 τῇ
1632 736 1836 809 καρδίᾳ

239 834 432 905 ὑμῶν,
471 832 573 887 οὐκ
610 832 786 902 εἴχετε
843 829 1156 902 μνησθῆναι
1204 830 1433 885 τούτων.
1502 827 1835 883 Ἐπελάθετο

237 926 585 997 δπροφήτης
640 926 840 994 φαγεῖν
896 925 989 976 τὸν
1057 924 1224 993 ἄρτον
1277 923 1489 977 αὐτοῦ’
1531 922 1629 977 καὶ
1678 922 1727 975 εί
1759 921 1834 993 μὴ

239 1016 645 1087 ὲσπαταλῶμεν
679 1015 776 1069 καὶ
804 1014 1231 1087 ἡδιαφοροῦμεν,
1271 1016 1372 1069 οὐκ
1399 1016 1466 1071 ἂν
1494 1016 1603 1070 ἀπὸ
1627 1013 1835 1069 τούτων

242 1107 612 1176 ὲνεπίπτομεν
663 1105 745 1168 είς
780 1104 977 1159 ταῦτα.
1023 1106 1139 1159 Οὐκ
1181 1108 1409 1160 ἁπαιτεῖ
1453 1106 1598 1176 ὑμᾶς
1646 1107 1675 1159 ὁ
1703 1105 1838 1170 Θεὸς

244 1198 449 1263 ταῦτα,
495 1195 615 1251 ἀλλ’
647 1196 948 1267 άγιασμδν,
990 1198 1281 1268 κάθαρσιν,
1332 1199 1569 1270 σιωπὴν,
1608 1198 1705 1253 καὶ
1739 1214 1839 1253 τα-

243 1290 529 1344 πείνωσιν.
568 1288 713 1341 ’Λλλ’
748 1288 940 1359 ἐπειδὴ
970 1289 1130 1343 ἐάσαι
1165 1289 1312 1359 ὑμᾶς
1339 1292 1396 1343 ὲν
1420 1290 1705 1360 λογισμοῖς
1736 1290 1838 1344 οὐκ

247 1382 562 1453 ἐϐουλόμην
594 1381 689 1435 καὶ
722 1381 782 1435 τὸ
824 1381 1086 1452 δεηθῆναι
1122 1382 1217 1436 τοῦ
1250 1382 1384 1437 Θεοῦ
1418 1383 1838 1455 πληροφορῆσαί

251 1492 322 1547 με
352 1475 484 1545 περὶ
522 1474 739 1537 τοῦτου,
774 1472 1070 1544 ὲθλιϐόμην
1115 1474 1479 1545 συνεχόμενος
1509 1474 1567 1540 ἐξ
1597 1474 1840 1546 ἀμφοτέ-

252 1584 395 1639 ρων·
437 1564 775 1637 ἐξελεξάμην
825 1565 1029 1636 μᾶλλον
1077 1565 1305 1637 ἐμαυτῷ
1357 1566 1457 1637 τὴν
1507 1566 1709 1637 θλίψιν,
1752 1567 1839 1620 ἵνα

249 1659 398 1728 ὑμᾶς
429 1657 528 1727 τῆς
563 1656 799 1727 θλίψεως
830 1654 1153 1722 ἀναπαύσω,
1189 1656 1557 1728 μνημονεύων
1580 1673 1594 1688 ο
1629 1656 1841 1726 Ἀλλή-

248 1753 383 1809 λων
416 1750 489 1803 τὰ
514 1747 678 1817 βάρη
706 1746 1062 1813 βαστάζετε.
1114 1749 1227 1802 Καὶ
1255 1747 1527 1803 ἀκούσατε
1569 1748 1669 1819 τὴν
1698 1748 1839 1803 κατὰ

251 1841 388 1896 Θεὸν
428 1842 830 1913 πληροφορίαν,
852 1841 951 1912 τὴν
984 1841 1091 1912 πρὸ
1117 1841 1287 1913 τριῶν
1319 1842 1547 1913 ἡμερῶν
1574 1842 1671 1896 τοῦ
1699 1842 1840 1913 γρά-

250 1934 354 2005 ψαι
391 1900 557 2007 ὑμᾶς.
582 1900 987 2006 τηνιὲριίιτησιν
1021 1900 1496 2006 γενομένηνημοι.
1534 1900 1754 1998 Πάντες.
1791 1937 1838 1989 oi
1872 1900 1913 1957 Β

252 2028 498 2099 πατέρες
531 2028 580 2080 oi
627 2026 707 2097 τῷ
747 2026 867 2097 Θεῷ
916 2028 1416 2098 εὐαρεστήσαντες,
1450 2027 1595 2095 ἅγιοι
1625 2027 1721 2081 καὶ
1761 2026 1841 2079 δί-

252 2136 405 2173 καιοι
437 2119 535 2173 καὶ
557 2118 735 2171 δοῦλοι
776 2118 872 2172 τοῦ
909 2118 1045 2172 Θεοῦ
1074 2120 1287 2190 γνήσιοι
1315 2118 1669 2184 εὐξάσθωσαν
1701 2119 1839 2190 ὑπὲρ

253 2213 415 2280 ἐμοῦ.
461 2212 555 2281 Μὴ
592 2212 854 2281 νομίσητε
885 2210 943 2264 δὲ
976 2211 1081 2274 ὅτι,
1112 2210 1215 2264 κᾶν
1254 2210 1419 2280 άγιοι,
1455 2211 1553 2265 ὅλα
1588 2210 1657 2264 τὰ
1698 2210 1837 2283 βάθη

252 2303 351 2357 τοῦ
393 2301 529 2356 Θεοῦ
580 2301 821 2372 γνησίως
860 2299 1211 2370 ἠδυνήθησαν
1250 2298 1598 2352 καταλαϐεῖν.
1642 2298 1702 2353 '0
1731 2297 1843 2370 γὰρ

268 2393 596 2454 ’Δπόστολος
627 2392 776 2460 λέγει
802 2406 816 2421 ⁸
866 2392 961 2444 Ἐκ
985 2390 1207 2460 μέρους
1234 2388 1610 2460 γινώσκομεν
1640 2390 1737 2445 καὶ
1772 2390 1843 2445 ἐκ

253 2488 477 2557 μέρους
496 2484 955 2555 προφητεύομεν
973 2499 988 2514 °
1016 2482 1114 2537 καὶ
1143 2481 1309 2537 πάλιν
1327 2498 1340 2511 ’
1380 2478 1456 2552 ⁷ῼ
1489 2482 1716 2536 δίδοται
1744 2481 1843 2537 διὰ

253 2580 365 2633 τοῦ
410 2580 778 2649 Πνεύματος.
810 2577 891 2630 Τὰ
926 2575 1208 2639 καὶ⁶τάδε,
1241 2577 1337 2628 καὶ
1367 2575 1465 2645 οὐχ
1507 2575 1605 2628 ὅλα
1635 2576 1842 2639 ἐκεῖνος

256 2672 317 2724 ἐν
352 2670 433 2723 ἑνὶ
460 2669 757 2742 ἀνθρώπῳ·
794 2668 933 2723 ἀλλὰ
973 2667 1051 2737 τῷ
1097 2667 1198 2739 μὲν
1231 2667 1423 2731 οὕτως,
1450 2666 1527 2738 τῷ
1564 2667 1619 2721 δὲ
1643 2666 1837 2731 οὕτως.

256 2762 447 2817 Πάντα
481 2762 538 2816 δὲ
563 2763 779 2835 ἐνεργεῖ
807 2761 867 2815 τὸ
896 2760 976 2815 ἓν.
1009 2760 1299 2814 Γινώσκων
1334 2760 1443 2829 γὰρ
1462 2760 1490 2811 ὁ
1519 2759 1842 2823 Ἀπόστολος

256 2853 327 2908 τά
352 2853 449 2908 τοῦ
488 2854 624 2908 Θεοῦ
671 2856 754 2908 ὅτι
792 2852 1159 2924 άκατάληπτά
1188 2853 1358 2917 ἐστιν,
1391 2853 1591 2922 ἓκραξε
1628 2851 1839 2921 λέγων·

262 2948 326 3001 Ὢ
354 2947 551 3015 βάθος
578 2947 853 3002 πλούτου
880 2946 979 3000 καὶ
1003 2947 1227 3015 σοφίας
1247 2944 1345 3001 καὶ
1365 2944 1644 3014 γνώσεως
1675 2944 1845 3011 Θεοῦ,

1938 641 2124 696 mulus
2150 641 2347 695 fuisset
2388 640 2456 695 de
2490 656 2728 697 occursu
2783 642 2933 697 illius
2956 682 2971 707 ,
3020 644 3138 699 han:
3173 661 3519 716 nequaquam

1936 732 2102 788 vobis
2148 732 2204 785 in
2257 740 2500 787 mentem
2531 732 2842 787 venissent.
2890 732 3111 789 Oblitus
3136 744 3225 790 est
3255 737 3524 806 propheta

1938 824 2235 881 comedere
2268 839 2469 895 panem
2501 839 2663 878 suum
2702 841 2716 877 :
2753 840 2817 879 ac
2841 826 2950 880 nisi
2992 826 3048 879 in
3083 826 3297 881 deliciis
3326 827 3526 882 fuisse-

1938 933 2065 973 mus
2094 927 2261 987 atque
2312 916 2369 971 in
2416 916 2688 971 desidiam
2730 917 3145 983 incidissemus,
3174 935 3522 988 nequaquam

1938 1011 2009 1066 ab
2037 1011 2126 1065 his
2150 1012 2206 1065 in
2232 1011 2324 1065 illa
2348 1010 2759 1066 incidissemus.
2782 1012 2904 1066 Non
2930 1012 3046 1066 haec
3070 1013 3278 1082 expetit
3308 1028 3338 1067 a
3367 1014 3525 1067 vobis

1938 1102 2241 1166 Deus,~sed
2283 1102 2779 1157 sanctiﬁcationem
2801 1143 2815 1168 ,
2845 1104 3331 1170 emundationem,
3358 1106 3527 1162 silen-

1940 1196 2080 1251 tium
2111 1203 2169 1251 et
2190 1196 2588 1251 humilitatem.
2615 1196 2724 1251 Sed
2758 1196 2889 1266 quia
2922 1198 3052 1252 nolo
3076 1214 3173 1253 vos
3218 1199 3272 1252 in
3318 1201 3529 1271 cogita-

1940 1288 2190 1343 tionibus
2216 1288 2553 1358 relinquere,
2580 1288 2675 1343 sed
2704 1288 2876 1343 Deum
2899 1300 3158 1359 precatus
3188 1307 3307 1345 sum
3347 1302 3407 1345 ut
3438 1307 3526 1347 me

1940 1381 2011 1437 de
2040 1382 2146 1437 hac
2170 1397 2230 1436 re
2261 1382 2554 1436 certiorem
2591 1381 2820 1447 faceret,
2853 1392 3020 1452 atque
3061 1384 3320 1453 utrinque
3350 1385 3525 1439 mole~

1941 1474 2108 1530 stiam
2142 1490 2341 1545 passus
2378 1490 2522 1537 sum,
2568 1475 2739 1530 malui
2777 1492 3081 1531 arumnam
3118 1478 3412 1547 amplecti,
3465 1486 3527 1532 ut

1939 1580 2042 1620 vos
2067 1564 2138 1621 ab
2178 1581 2244 1620 ea
2268 1566 2585 1634 liberarem,
2618 1568 2769 1623 illius
2797 1566 2931 1621 dicti
2968 1568 3298 1622 recordatus
3331 1585 3343 1620 :
3378 1566 3529 1621 Alter

1942 1657 2163 1713 alterius
2203 1675 2366 1713 onera
2402 1668 2611 1732 portate
2656 1662 2720 1714 ¹¹.
2769 1660 3043 1715 Ctelerum
3090 1659 3279 1714 audite
3330 1659 3463 1728 quid
3496 1673 3528 1712 a

1941 1748 2057 1803 Deo
2083 1749 2416 1818 acceperim,
2449 1750 2631 1804 tribus
2660 1761 2786 1804 ante
2811 1748 3009 1803 diebus
3030 1763 3197 1817 quam
3234 1761 3333 1800 vos
3358 1746 3531 1799 inter-

1944 1840 2289 1911 rogationem
2320 1842 2664 1897 scriberetis.
2699 1842 2890 1896 Patres
2926 1855 3121 1895 onmes
3147 1838 3241 1909 qui
3266 1838 3379 1892 Deo
3408 1836 3529 1906 pla-

1947 1942 2205 2000 cuerunt,
2239 1934 2439 2000 sancti,
2479 1935 2635 2007 justi,
2664 1934 2761 1990 Dei
2793 1934 2939 1990 servi
2979 1933 3098 1989 veri
3128 1947 3229 2003 pro
3270 1947 3359 1986 me
3398 1944 3527 1999 pre-

1948 2034 2168 2081 centur.
2201 2027 2282 2081 Ne
2318 2027 2529 2096 putetis
2567 2036 2750 2081 autem
2790 2042 2888 2082 eos
2917 2026 3047 2080 licet
3074 2032 3315 2088 sanctos,
3342 2023 3529 2077 omnia

1948 2118 2221 2188 profunda
2270 2119 2367 2173 Dei
2412 2134 2542 2173 vere
2570 2118 3046 2189 comprehendere
3079 2116 3346 2187 potu'sse.
3390 2116 3527 2171 Nam

1949 2210 2245 2281 Apostolus
2266 2211 2401 2266 dicit
2434 2229 2447 2265 :
2480 2211 2563 2265 Ex
2587 2219 2741 2282 parte
2769 2212 3156 2281 cognoscimus,
3203 2218 3253 2261 et
3279 2224 3343 2261 ea:
3377 2214 3531 2277 parte

1949 2304 2324 2374 prophetamus
2346 2303 2389 2335 ¹³
2426 2321 2438 2357 :
2463 2319 2528 2358 ac
2554 2319 2777 2358 rursum
2810 2320 2825 2355 :
2857 2302 2955 2357 Cui
2982 2302 3167 2355 datum
3194 2308 3268 2354 est
3287 2316 3381 2370 per
3405 2297 3531 2368 Spi-

1949 2394 2189 2448 ritum“.
2222 2394 2348 2449 Haec
2375 2402 2433 2450 et
2448 2395 2577 2460 alia,
2599 2411 2711 2451 non
2732 2404 2914 2449 tamen
2942 2394 3128 2448 omnia
3154 2392 3249 2447 uni
3277 2390 3529 2456 homini;

1950 2486 2049 2541 sed
2081 2485 2217 2541 huic
2249 2486 2353 2550 sic,
2379 2486 2472 2541 alii
2498 2486 2599 2541 sic.
2634 2485 2829 2540 Omnia
2854 2495 3037 2540 autem
3062 2493 3329 2554 operatur
3359 2497 3529 2538 unus.

1948 2578 2086 2634 Cum
2121 2588 2311 2634 nosset
2336 2579 2638 2650 Apostolus
2669 2576 2765 2633 Dei
2806 2592 3007 2632 arcana
3049 2573 3531 2645 incomprehensi-

1952 2671 2086 2727 bilia
2112 2687 2266 2736 esse,
2327 2671 2603 2726 clamabat
2629 2671 2820 2725 dicens
2848 2687 2861 2723 :
2891 2667 2935 2723 0
2964 2668 3192 2723 altitudo
3222 2668 3533 2725 divitiarum

1947 2766 2226 2836 sapientia:
2262 2774 2311 2818 et
2357 2766 2591 2819 scientia:
2626 2764 2753 2818 Dei!
2788 2780 2949 2833 quam
2987 2757 3531 2832 incomprehensibilia

1948 2865 2072 2910 sunt
2107 2855 2315 2926 judicia
2349 2854 2464 2925 ejus
2490 2894 2505 2919 ,
2542 2864 2590 2908 et
2620 2851 3009 2923 inuestigabiles
3051 2852 3147 2906 via:
3189 2851 3301 2919 ejus
3333 2850 3348 2903 Ι
3404 2847 3533 2914 Quis

1954 2948 2093 3000 enim
2128 2946 2368 3015 cognovit
2398 2953 2627 2999 mentem
2662 2944 2923 2999 Domini?
2950 2950 3046 2998 aut
3072 2942 3187 3013 quis
3215 2942 3258 2973 ¹⁸
3280 2940 3339 2960 “⁶

257 3042 335 3106 ὠς
366 3042 806 3112 ἀνεξερεύνητα
836 3040 908 3096 τὰ
940 3042 1194 3111 κρίματα
1229 3038 1440 3105 αὑτοῦ,
1470 3039 1569 3093 καὶ
1604 3039 2055 3108 ἀνεξιχνίαστοι
2093 3042 2154 3093 al
2187 3038 2315 3093 ὁδοὶ
2349 3038 2574 3104 αὑτοῦ;
2624 3038 2719 3104 Τίς
2770 3037 2882 3107 γὰρ
2923 3039 3077 3105 ἔγνω
3102 3034 3253 3089 νοῦν
3279 3030 3531 3099 Κυρίουί

259 3135 300 3207 ἢ
340 3137 521 3202 τίς.-

337 3256 383 3289 ³⁸
411 3254 591 3313 Galat.
613 3272 689 3322 vr,
726 3255 783 3310 2.
863 3256 907 3289 "
949 3256 969 3310 ι
997 3255 1124 3312 Cor.
1169 3273 1286 3321 xm,
1321 3257 1375 3313 9.
1444 3255 1488 3288 “
1522 3256 1539 3311 l
1570 3256 1697 3312 Cor.
1729 3273 1824 3322 vu,

1994 3257 2037 3288 ¹⁸
2066 3256 2229 3311 Rom.
2270 3271 2346 3319 ιιι,
2377 3255 2467 3317 55,
2494 3253 2585 3307 54.

273 3425 3516 3494 “5

1528 3616 1701 3662 ANNO
1737 3616 1885 3662 SEC.
1915 3615 1982 3657 VI
2017 3613 2313 3659 INCERTO.

936 3772 1915 3910 ΕΥΣΤΑΘΙΟΥ
2024 3766 2872 3907 ΜΟΝΑΧΟΥ

676 4020 1249 4109 ΕΠΙΣΤΟΛΗ
1315 4015 1608 4105 ΠΡΟΣ
1675 4011 2270 4102 ΤΙΜΟΘΕΟΝ
2340 4004 3129 4097 ΣΧΟΛΛΣΤΙΚΟΝ

1264 4201 1429 4257 ΠΕΡΙ
1477 4198 1611 4253 ΔΥΟ
1650 4196 1921 4251 ΦΥΣΕΩΝ
1971 4194 2160 4248 ΚΑΤΑ
2202 4190 2549 4247 ΣΕΥΗΡΟΥ.

534 3720 613 3755 f.‘

1054 4532 1929 4668 EUSTATHII
2049 4527 2778 4658 MONACHI

608 4791 1196 4886 EPISTOLA
1266 4789 1417 4878 AD
1490 4782 2231 4877 TIMOTHEUM
2306 4776 3211 4873 SCHOLASTICUM

1028 4980 1139 5043 DE
1183 4975 1498 5040 DUABUS
1547 4972 1896 5036 NATURIS
1940 4966 2357 5032 ADVERSUS
2395 4963 2793 5027 SEVERUM.

1264 5144 1417 5215 (Anc.
1450 5140 1574 5206 ΜΑι,
1608 5138 1717 5193 Yet.
1750 5135 1948 5207 Script.
1979 5150 2099 5191 nov.
2132 5132 2257 5187 coll.
2281 5131 2396 5197 Vll,
2427 5129 2575 5201 277.)

349 5433 534 5504 Ἀπερ
579 5428 772 5502 πρώην
812 5431 870 5484 ὲν
920 5434 1039 5493 ταῖς
1085 5425 1395 5497 συντυχίαις
1436 5418 1836 5493 συνεζητοῦμεν

2037 5414 2168 5480 Quae
2188 5427 2368 5481 nuper
2406 5408 2460 5464 in
2494 5406 2786 5478 colloquiis
2820 5404 3025 5460 nostris
3053 5404 3535 5474 conquirebamus,

272 5525 449 5582 ταῦτα
495 5497 592 5578 καὶ
625 5497 738 5577 διὰ-
767 5523 1115 5594 γραμμάτων
1143 5519 1243 5572 οὐκ
1273 5516 1499 5587 ὤκνησα
1537 5510 1841 5585 προσδιαλε-

1963 5506 2052 5560 vel
2098 5521 2197 5575 per
2230 5505 2447 5559 litteras
2500 5510 2683 5557 tecum
2716 5500 2921 5571 agitare
2954 5514 3066 5553 non
3107 5497 3377 5561 dubitavi,
3410 5513 3537 5552 cum

276 5620 473 5691 χθῆναι
507 5636 610 5681 σοι,
654 5590 843 5686 ἐπειδη
875 5590 1030 5667 τοῦτο
1061 5613 1355 5675 ἐκέλευσας
1377 5654 1392 5677 ,
1424 5606 1841 5680 φιλαληθέστατι

1960 5602 2079 5671 ipse
2113 5598 2248 5654 illud
2276 5596 2530 5668 jusseris,
2554 5594 2803 5649 veritatis
2825 5591 3197 5647 amantissime
3230 5590 3536 5646 Timolhee.

276 5685 533 5780 ;l‘tti60t:e.
568 5711 630 5763 Οἱ
659 5685 895 5779 Χριστὸν
922 5704 1211 5775 ἀσώματον
1238 5700 1691 5772 ἐπιδεδημηκέναι
1718 5697 1841 5767 τῷδε

1955 5693 2301 5760 Quicumque
2362 5689 2643 5745 Christum
2718 5688 3106 5757 incorporeum
3158 5685 3298 5739 hanc
3368 5686 3539 5739 vitam

272 5777 362 5875 tip-
384 5802 484 5874 βίῳ
530 5777 1019 5874 μυθολδγήσαντες,
1055 5797 1157 5867 τῆς
1206 5795 1509 5866 φαντασίας
1549 5793 1698 5854 ὅντες
1727 5792 1841 5861 ἐρα-

1955 5785 2158 5840 adiisse
2221 5783 2449 5847 tinxere,
2497 5780 2900 5854 phantasmatis
2950 5788 3244 5842 amatores,
3292 5777 3541 5848 proiecto

274 5868 421 5962 σταί,
452 5868 679 5957 εἰκότως
724 5868 853 5963 μίαν
898 5885 1059 5958 φύσιν
1094 5881 1231 5941 εἶναι
1264 5883 1427 5939 αὐτὸν
1467 5879 1841 5951 ἐδογμάτισεν,

1957 5892 2125 5932 unam
2184 5874 2267 5931 illi
2304 5874 2476 5931 fuisse
2527 5881 2783 5929 naturam
2820 5871 3153 5940 docuerunt,
3187 5884 3289 5926 nee
3324 5868 3391 5925 de
3422 5869 3539 5939 ipsa
