4112 6542
563 466 671 531 903

1803 440 2222 507 EUSTATHII
2260 437 2608 501 MONACHI

3736 429 3853 497 904

567 578 860 635 divinitate
909 583 1099 628 sanam
1147 563 1461 622 doctrinam
1496 559 1871 622 retinuerunt,
1916 563 2149 625 excepto

2277 550 2375 604 ιὺδὲ
2408 552 2540 621 περὶ
2570 549 2744 623 αὐτὴν
2780 551 2884 624 μὲν
2912 549 3014 622 τὴν
3048 548 3287 620 θεότητα
3317 546 3677 614 ὑγιαινόντες,
3696 546 3853 617 πλὴν

565 674 795 733 nomine
824 669 1023 728 Christi
1054 683 1072 722 :
1103 663 1206 722 sed
1250 661 1615 719 vehementer
1653 657 1911 713 doctores
1961 653 2154 718 incres

566 779 792 840 pavere,
854 759 1142 818 Christum
1203 755 1262 810 in
1315 766 1482 809 carne
1536 749 1757 806 venisse
1810 751 2148 808 asserentes,

565 836 706 915 duas
753 852 972 911 scilicet
1005 857 1238 904 naturas
1267 843 1573 901 confessos.
1608 841 1747 895 Rem
1777 836 1878 892 tibi
1914 842 2151 891 testetur

566 953 755 1008 Manes
804 947 874 1004 ad
927 943 1143 1002 Addam
1186 939 1483 996 scribens:
1530 955 1549 989 ι
1583 935 1723 990 Dum
1753 931 1965 988 Galilzei
2011 929 2152 984 duas

565 1037 854 1095 Christum
889 1041 1119 1088 naturas
1163 1029 1374 1084 habere
1429 1024 1866 1088 contendebant,
1923 1019 2151 1075 cachin-

569 1145 702 1186 num
726 1126 1086 1187 sustulimus;
1123 1122 1250 1177 illos
1270 1121 1420 1176 enim
1443 1116 1712 1190 fugiebat,
1732 1113 1879 1186 quod
1897 1112 2154 1169 substan-

573 1221 647 1275 tia
688 1215 940 1282 luminis,
983 1227 1111 1269 cum
1147 1209 1256 1266 alia
1296 1206 1533 1263 materia
1578 1220 1692 1260 non
1735 1203 2151 1263 commiscetur,

570 1311 672 1370 sed
713 1309 1015 1383 purissima
1052 1312 1160 1371 est,
1211 1301 1425 1358 nullius
1455 1313 1582 1354 cum
1631 1295 1814 1356 aliena
1844 1291 2156 1349 substantia

573 1405 797 1462 unionis
849 1415 1044 1472 capax,
1099 1393 1319 1453 etiamsi
1364 1391 1498 1447 huic
1552 1389 1837 1446 cohaerere
1873 1385 2153 1443 videatur.

572 1498 771 1557 Christi
822 1508 1028 1550 nomen
1062 1505 1163 1562 per
1193 1487 1431 1543 abusum
1477 1489 1811 1554 usurpatur;
1865 1478 2014 1536 istud
2052 1493 2159 1534 nec

571 1591 816 1663 speciem
863 1587 1032 1642 ullam
1071 1581 1346 1652 designat,
1395 1592 1500 1633 nec
1529 1574 1918 1633 substantiam.
1947 1571 2158 1642 Super-

575 1699 705 1740 num
765 1696 899 1736 vero
946 1679 1135 1733 lumen
1175 1674 1420 1743 seipsum
1471 1685 1597 1726 cum
1650 1667 1768 1724 suis
1806 1665 2158 1731 consocians,

2250 642 2513 712 Χριστόν
2543 643 2820 714 λέγοντες.
2840 643 3330 715 Διελοιδορήσαντο
3343 639 3401 693 δὲ
3425 638 3553 702 τοὺς
3576 637 3710 692 Θεὸν
3733 637 3851 694 Δό-

2253 752 2349 806 γον
2378 737 2438 790 ἐν
2486 737 2654 808 σαρκί
2687 736 3011 806 ἐληλυθέναι
3054 730 3447 812 λέγονταςμῦς
3491 730 3590 784 δύο
3648 732 3854 801 φύσεις

2253 829 2678 902 ὁμολογοῦντας.
2732 831 2844 884 Καὶ
2877 829 3117 884 πειθέτω
3171 844 3233 881 σε
3279 827 3584 897 Μανιχαῐος
3615 827 3854 898 γράφων

2253 923 2394 994 πρὸς
2431 923 2623 978 Ἀδδᾶν
2646 941 2661 958 ο
2701 942 2722 977 ι
2775 924 2898 978 Τῶν
2947 922 3255 977 Γαλιλαίων
3313 920 3410 975 δύο
3463 919 3855 990 ὀνομαζόντων

2220 1049 2222 1051 ›
2255 1017 2452 1085 φύσεις
2501 1015 2648 1086 ἐχειν
2689 1017 2780 1071 τὸν
2809 1016 3073 1088 Χριστὸν,
3125 1013 3337 1069 πλατὺν
3379 1012 3722 1084 κατεχέαμεν
3749 1012 3854 1081 γέ-

2253 1105 2427 1173 λῶτα,
2461 1107 2539 1172 ὼς
2574 1108 2678 1162 οὐκ
2709 1108 2932 1162 εἰδότων
2966 1109 3048 1162 ὃτι
3087 1104 3310 1179 ἡούσία
3340 1103 3438 1158 τοῦ
3479 1104 3658 1174 φωτὸς
3681 1103 3854 1174 ἑτέρα

2253 1200 2320 1254 ού
2361 1199 2620 1272 μίγνυται
2673 1199 2777 1273 ὕλῃ
2803 1240 2820 1267 ,
2869 1199 2986 1256 ἀλλ’
3052 1199 3200 1253 ἐστιν
3247 1197 3562 1269 ἀκραιφνὴς
3586 1239 3601 1262 ,
3645 1197 3854 1267 ἐνωθῆ-

2255 1310 2347 1347 ναι
2398 1293 2566 1366 ἑτέρα
2613 1292 2776 1366 οὐσίᾳ
2833 1293 2908 1365 μὴ
2955 1291 3278 1364 δυναμένη,
3331 1291 3437 1345 κᾶν
3485 1289 3620 1362 δοκῇ
3676 1289 3854 1359 ταύτῃ

2261 1385 2557 1457 συνῆφθαι.
2597 1386 2680 1450 ,Ἦ
2721 1386 2781 1440 δὲ
2828 1384 2925 1440 τοῦ
2966 1385 3232 1454 Χριστοῦ
3285 1383 3633 1456 προσηγορία
3679 1381 3858 1452 ὄνομά

2260 1480 2378 1534 ἐστι
2409 1479 2878 1552 καταχρηστικὸν,
2913 1477 3038 1532 οῦτε
3089 1477 3268 1542 εἴδους
3303 1475 3430 1531 οὔτε
3458 1476 3652 1540 οὐσίας
3682 1475 3860 1545 ὑπάρ-

2261 1591 2358 1645 χον
2390 1573 2754 1646 σημαντικόν.
2784 1573 2859 1628 Τὸ
2897 1572 2956 1626 δὲ
2996 1571 3276 1627 ἀνώτατον
3325 1570 3446 1641 φῶς
3490 1573 3604 1635 τοῖς
3654 1569 3860 1624 ἐαυτοῦ

2265 1665 2704 1738 συνουσιωμένον
2730 1705 2745 1732 ,
2783 1665 2986 1732 ἔδειξεν
3030 1665 3224 1720 ἑαυτὸν
3263 1666 3322 1718 ἐν
3354 1666 3468 1729 τοῖς
3507 1663 3716 1728 ὐλικοῖς
3748 1661 3863 1715 σώ-

575 1773 813 1847 praabuit
841 1786 902 1827 se
925 1781 1126 1838 corpus
1158 1764 1304 1818 inter
1350 1760 1510 1816 rudia
1541 1772 1798 1829 corpora,
1833 1771 1942 1810 una
1977 1754 2159 1825 ipsum

2277 1777 2436 1833 μασιν
2477 1759 2661 1832 σῶμα,
2697 1758 2798 1832 μία
2824 1758 2885 1813 ὃν
2909 1757 3044 1812 αὐτὸ
3069 1757 3237 1828 φύσις
3259 1756 3322 1811 τὸ
3357 1758 3491 1810 πᾶν.
3527 1775 3547 1809 ι
3581 1753 3692 1810 Καὶ
3716 1751 3862 1824 πρὸς

575 1884 673 1940 per
704 1863 890 1922 omnia
913 1868 1133 1918 natura.
1164 1877 1182 1910 ι
1214 1855 1297 1912 Ad
1324 1854 1686 1926 Scytliianum
1709 1865 1930 1922 quoque
1958 1847 2160 1904 similia

2277 1854 2568 1908 Σκυθιανδν
2604 1853 2663 1908 δὲ
2695 1853 2766 1907 τὰ
2801 1853 2968 1924 ὅμοια
3006 1851 3251 1923 γράφει·
3296 1868 3316 1903 ι
3369 1849 3431 1904 '0
3482 1849 3540 1904 δὲ
3578 1847 3676 1902 τοῦ
3720 1847 3862 1902 ἰδίου

575 1914 1076 2028 ἱξψξξῆᾖῇῲ
1107 1914 1339 2008 luminis
1381 1914 1558 2004 [:‘ilius
1587 1914 1870 2018 propriam
1898 1943 2160 1999 substan-

2277 1946 2445 2016 φωτὸς
2483 1946 2617 2010 Υἰὸς
2646 1945 2747 2019 τὴν
2775 1914 2918 2000 ίδίαν
2937 1914 3213 1998 οὐσίαννέν
3241 1943 3319 2014 τῷ
3346 1942 3463 2015 ὄρει
3485 1940 3858 2011 ἐφανέρωσενο

575 2054 708 2110 tiam
750 2052 808 2107 in
847 2055 1040 2104 monte
1093 2041 1401 2109 revelavit;
1439 2055 1553 2096 non
1581 2038 1721 2094 duas
1755 2037 1970 2093 habens
2002 2043 2168 2090 natu-

2277 2037 2328 2092 >ύ
2380 2035 2476 2091 δύο
2525 2037 2667 2109 ἔχων
2712 2037 2930 2109 φύσεις,
2970 2036 3110 2092 ἀλλά
3147 2035 3300 2108 μίαν,
3332 2037 3392 2090 ἐν
3420 2035 3500 2107 τῷ
3529 2033 3716 2107 ὁρατῷ
3761 2033 3864 2088 καὶ

579 2163 687 2211 ras,
737 2143 836 2201 sed
873 2155 1063 2206 unam,
1121 2137 1375 2194 eamdem
1421 2135 1479 2191 in
1509 2132 1740 2189 visibibi
1797 2140 1856 2188 et
1904 2131 1964 2186 in
2016 2127 2164 2183 invi-
2263 2128 2507 2203 ἀοράτῳ.
2548 2148 2568 2182 ι

582 2239 748 2297 tibi“.
785 2256 805 2290 ι

646 2329 805 2386 Talia
873 2325 1217 2396 scripserant
1271 2328 1330 2376 et
1375 2317 1622 2374 Marcion
1681 2322 1739 2372 et
1783 2311 2164 2371 Valentinus:

2337 2319 2581 2377 Τοιαῦτα
2617 2319 2711 2375 καὶ
2753 2317 3024 2391 Μαρκίων
3056 2319 3153 2374 καὶ
3181 2316 3542 2378 Ούαλεντῖνος
3566 2314 3823 2386 ἔγραψαν
3844 2331 3860 2346 ο

585 2435 817 2495 quorum
841 2415 1092 2489 vestigiis
1117 2411 1406 2476 insistens,
1429 2407 1778 2470 Timotheus,
1799 2411 2168 2475 cognomento

2277 2409 2356 2470 οἷα
2379 2413 2867 2484 κατακολουθήσας
2914 2412 3208 2484 Τιμόθεος,
3239 2412 3268 2465 ό
3306 2409 3538 2481 ἐπίκλην
3573 2409 3862 2479 Δῐλουρος,

580 2492 825 2578 Ξιυτυε,
871 2509 930 2564 in
961 2516 1160 2563 octavo
1211 2501 1394 2574 capite
1433 2499 1568 2556 dicit
1599 2516 1616 2555 :
1667 2515 1686 2550 ι
1717 2496 1926 2552 Natura
1959 2492 2167 2549 Christi

2277 2509 2330 2562 ἐν
2367 2507 2446 2578 τῷ
2480 2507 2654 2577 ὀγδόῳ
2689 2504 2975 2577 κεφαλαίῳ
3006 2505 3191 2574 λέγει’
3247 2522 3266 2555 ι
3309 2503 3476 2566 Φύσις
3515 2500 3575 2554 δὲ
3613 2497 3865 2572 Χριστοῦ

585 2623 690 2663 ana
711 2605 830 2662 sola
871 2598 1156 2664 divinitas,
1190 2595 1333 2652 citra
1364 2592 1533 2649 ullam
1560 2587 2054 2646 commutationem
2084 2584 2171 2640 in-

2277 2602 2374 2672 μία
2420 2601 2558 2673 μόνη
2593 2600 2821 2672 θεότης,
2858 2600 2907 2652 εἰ
2955 2599 3050 2654 καὶ
3092 2598 3441 2668 σεσάρκωται
3488 2595 3804 2667 ἀτρέπτως.
3840 2609 3860 2644 ι

582 2709 826 2761 carnata.
859 2717 880 2752 ι
913 2696 1068 2752 Idem
1102 2693 1160 2749 in
1203 2689 1432 2760 scriptis
1479 2685 1746 2743 adversus
1776 2683 2020 2739 Leonem
2059 2680 2172 2736 Ro-

2283 2695 2374 2749 ‘Ev
2409 2694 2468 2750 δὲ
2511 2697 2629 2758 τοῖς
2660 2694 2804 2748 κατά
2845 2693 3078 2757 Λέοντος
3107 2689 3203 2745 τοῦ
3249 2688 3473 2761 Ῥώμης
3515 2687 3866 2759 πατριάρχου

583 2808 808 2852 manum
855 2786 1234 2863 patriarcham
1281 2783 1406 2839 ait:
1451 2779 1620 2836 «Non
1651 2776 1805 2834 enim
1859 2772 2169 2832 substantia

2277 2789 2440 2861 φησίν
2464 2805 2478 2820 ·
2519 2807 2538 2840 ι
2575 2787 2650 2842 υύ
2685 2786 2798 2859 γὰρ
2834 2786 2995 2840 οὐσία
3021 2785 3115 2839 τοῦ
3161 2784 3425 2856 Χριστοῦ,
3465 2782 3588 2836 οὐδὲ
3630 2780 3796 2850 φύσις
3829 2780 3867 2850 η

582 2885 790 2946 Christi
845 2889 944 2940 aut
967 2888 1194 2940 natura,
1221 2890 1354 2933 caro
1389 2874 1534 2946 ejus,
1587 2869 1710 2928 sed'
1735 2865 2171 2940 dispensationis

2277 2879 2411 2954 σὰρξ
2442 2879 2632 2946 αὑτοῦ,
2675 2877 2814 2932 ἀλλὰ
2847 2879 3012 2948 νόμος
3066 2875 3381 2947 οἰκονομίας
3417 2873 3598 2947 ὀρθῶς
3646 2888 3872 2943 πεπρα-

582 2973 1075 3055 (incarnationis)
1129 2971 1295 3036 ritus,
1347 2973 1576 3039 propter
1625 2969 1876 3019 nostram
1934 2959 2171 3015 salutem

2277 2972 2476 3046 γμένος
2506 2973 2594 3026 διὰ
2615 2971 2718 3042 τὴν
2757 2969 2917 3043 ἡμῶν
2942 2969 3275 3040 σωτηρίαν.»
3305 2968 3416 3022 Καὶ
3445 2965 3628 3020 πάλιν·
3661 2983 3680 3016 ι
3713 2965 3778 3018 Εἰ
3809 2964 3870 3018 δὲ

582 3050 793 3144 optime
824 3067 1139 3124 institutus.
1169 3079 1190 3115 ι
1225 3060 1296 3117 Ει
1320 3061 1523 3116 iterum
1552 3074 1567 3110 :
1610 3074 1630 3109 ι
1667 3052 1828 3122 Quod
1847 3051 1895 3108 si
1928 3050 2170 3106 Verbum

2277 3066 2302 3119 ό
2341 3066 2513 3134 Λόγος
2538 3064 2944 3136 κατεργάζεται
2973 3062 3112 3135 ὅπερ
3136 3061 3287 3115 ἐστὶν
3327 3058 3522 3124 αὑτοῦ,
3551 3057 3629 3122 ὡς
3655 3056 3736 3128 τῷ
3761 3057 3872 3128 νέῳ

584 3165 800 3240 Deme“
836 3175 961 3233 (ιιιεε
990 3157 1167 3230 ίβδίυε
1205 3161 1358 3218 sum,
1389 3160 1451 3208 ut
1486 3165 1633 3205 “0V0
1682 3144 1938 3204 Νθδιοτίο
1967 3145 2170 3240 Placet}
2273 3157 2558 3228 Νεστορίῳ
2601 3157 2770 3220 δοκεῖ,
2822 3155 3109 3227 ἀλλότριον
3138 3155 3238 3223 τῆς
3282 3152 3439 3216 θείας
3471 3151 3568 3205 καὶ
3615 3149 3870 3221 ἀκράτου

583 3235 830 3316 alienum
857 3253 965 3310 erit
1007 3249 1214 3306 divina:
1267 3254 1324 3302 et
1353 3241 1764 3315 simplicissime
1807 3245 2022 3294 naturae
2067 3235 2172 3291 sub

2277 3249 2494 3320 φύσεως
2521 3250 2585 3304 τὸ
2611 3248 2881 3321 ὁραθῆναι
2911 3248 3009 3303 καὶ
3030 3245 3448 3318 ψηλαφηθῆναι,
3479 3245 3613 3299 ῐδιον
3639 3243 3700 3298 δὲ
3725 3242 3873 3314 μᾶλ-

583 3357 947 3422 conspectum
987 3350 1046 3401 et
1076 3349 1284 3397 tactum
1316 3336 1540 3401 cadere,
1575 3333 1675 3390 sed
1710 3333 1965 3388 humanae
1989 3328 2172 3400 potius

2277 3342 2368 3396 λον
2417 3345 2520 3410 τῆς
2575 3342 2931 3413 ἀνθρωπίνης
2985 3340 3105 3394 ἐστῖ⁹
3161 3338 3400 3410 φύσεως.
3451 3356 3470 3390 ι
3514 3337 3628 3391 Καὶ
3658 3337 3871 3391 πάλινο

586 3419 802 3503 natura:
846 3437 1157 3512 proprium.
1193 3454 1212 3487 ι
1262 3432 1333 3488 Ει
1365 3444 1560 3484 rursus
1586 3443 1600 3481 :
1631 3445 1650 3478 ι
1680 3422 1992 3482 Ostendent
2012 3419 2172 3476 nobis

2283 3451 2302 3486 ι
2338 3431 2620 3497 Δείξουσιν
2659 3433 2795 3502 ἡμῖν
2821 3430 2873 3484 οἱ
2907 3431 3197 3498 Διφυσῑται
3237 3427 3348 3480 τῶν
3380 3425 3475 3479 δύο
3522 3423 3743 3493 φύσεων
3769 3422 3876 3491 τὴν

588 3534 893 3610 Diphysitre
947 3530 1189 3586 duarum
1244 3532 1572 3580 naturarum
1625 3515 2070 3579 distinctionem,
2115 3520 2179 3568 ut

587 3606 694 3704 ipsi
718 3606 934 3684 dicunt.
971 3642 990 3676 ι
1017 3621 1211 3690 Neque
1233 3617 1388 3680 huic,
1418 3626 1601 3684 neque
1625 3607 1903 3667 haereticis
1929 3606 1983 3663 ei
2002 3619 2180 3676 usque

587 3697 658 3780 ad
713 3719 987 3776 hodierna
1043 3723 1294 3782 tempora
1352 3705 1706 3770 faventibus,
1765 3697 2181 3757 communicant

589 3810 901 3875 Severiani,
932 3803 1243 3877 Acephalos
1271 3815 1370 3857 eos
1399 3805 1682 3855 vocantes.

659 3908 784 3978 Ipse
837 3913 1022 3960 tamen
1074 3898 1317 3954 Severus
1365 3891 1726 3948 Timotheum
1770 3885 2004 3958 suscipit
2047 3884 2181 3941 talia

513 4049 516 4052 .
590 3976 927 4076 professum.
976 3991 1191 4050 Scribit
1227 3988 1378 4046 enim
1413 3985 1484 4041 ad
1510 3983 1784 4040 Niciotem
1818 3981 1878 4036 in
1901 3976 2184 4052 synodicis

592 4095 709 4150 suis
734 4112 747 4145 :
777 4111 796 4143 ι
824 4083 1075 4144 Dioscori
1099 4079 1402 4144 Timothei,
1428 4075 1683 4133 veritatis
1706 4079 2182 4145 propugnatorum

595 4190 828 4243 immoto
862 4180 1002 4253 pede
1029 4185 1202 4249 petra:
1234 4174 1577 4244 innixorum,
1612 4166 1858 4224 horridis
1882 4164 2185 4220 adversan-

595 4282 736 4339 tium
772 4275 1034 4332 lluctibus
1056 4270 1266 4326 frustra
1291 4267 1627 4339 jactatorum
1657 4274 1872 4331 pugnas
1899 4271 2181 4322 revercor,

595 4386 654 4432 et
695 4369 880 4444 magni
923 4365 1088 4423 facio.
1119 4381 1138 4416 ι
1195 4362 1348 4429 Quos
1393 4357 1486 4412 hic
1536 4353 1882 4410 orthodoxus
1924 4347 2187 4406 defendat

598 4440 849 4524 attende.
905 4456 1047 4515 Odio
1097 4453 1156 4508 in
1218 4457 1469 4506 sanctam
1515 4443 1794 4518 synodum
1840 4440 1918 4514 (l)
1975 4449 2182 4503 motus,

598 4549 1063 4618 Phantasianistis
1094 4546 1263 4610 favet,
1293 4551 1350 4599 et
1373 4541 1595 4596 illorum
1615 4534 1854 4592 vocibus
1879 4530 2185 4589 sententias

2277 3525 2564 3605 διαφορὰν,
2591 3523 2667 3588 ὡς
2702 3524 2861 3578 αὑτοὶ
2898 3521 3175 3591 λέγουσιν.
3212 3537 3232 3572 ι
3268 3518 3460 3590 Τούτῳ
3490 3519 3588 3572 καὶ
3619 3517 3740 3580 τοῖς
3770 3513 3873 3569 ἀπ’

2279 3617 2451 3674 αὐτοῦ
2494 3617 2661 3689 μέχρι
2699 3617 2802 3688 τῆς
2852 3615 3098 3688 σήμερον
3126 3612 3191 3666 οὐ
3227 3609 3584 3667 κοινωνοῦσιν
3610 3610 3664 3664 οἰ
3691 3608 3871 3680 Σευη-

2285 3726 2405 3782 ρου,
2441 3709 2754 3780 ἀκεφάλους
2791 3707 2994 3772 αὐτοὺς
3023 3703 3554 3778 προσαγορεύοντες.

2353 3888 2528 3953 Αὐτὸς
2593 3887 2781 3960 μέντοι
2831 3883 3074 3960 Σευῆρος
3121 3884 3450 3956 ἀποδέχεται
3501 3883 3594 3938 τὸν
3645 3883 3878 3939 τοιαῦτα

2285 3983 2552 4056 εἰρηκότα
2588 3980 2878 4053 Τιμόθεον.
2921 3980 3133 4051 Γράφει
3160 3980 3272 4050 γὰρ
3303 3979 3442 4050 πρὸς
3473 3979 3567 4032 τὸν
3591 3975 3877 4048 Νικιὼτην

2284 4077 2344 4130 ἐν
2373 4076 2486 4138 τοῖς
2514 4073 2814 4136 συνοδικοῖς
2848 4071 3039 4126 αὐτοῦ’
3077 4089 3096 4124 ι
3128 4070 3424 4142 Διοσκόρου
3469 4069 3528 4123 δὲ
3564 4070 3661 4123 καὶ
3702 4070 3877 4141 Τιμο-

2287 4166 2433 4233 θέου,
2467 4164 2578 4219 τῶν
2612 4164 2714 4236 τῆς
2746 4165 3006 4237 ἀληθείας
3033 4163 3387 4235 ἀγωνιστῶν,
3422 4163 3532 4218 τῶν
3569 4163 3876 4236 ἀπεριτρὲ-

2286 4275 2438 4323 πτως
2466 4257 2558 4312 τὸν
2595 4257 2735 4312 πόδα
2764 4257 3099 4329 ἐρεισάντων
3129 4259 3224 4312 ἐπὶ
3259 4257 3360 4329 τῆς
3395 4256 3629 4327 πέτρας,
3668 4258 3768 4311 καὶ
3796 4256 3878 4326 τῷ

2287 4349 2437 4422 σάλῳ
2483 4349 2593 4404 τῶν
2657 4350 3176 4422 ἀντιδιατιθεμένων
3237 4348 3717 4423 περικλυσθέντων
3773 4349 3878 4420 μὲν

2288 4443 2616 4516 βιαιότερον,
2645 4443 2710 4497 οὐ
2742 4443 3176 4515 παραρρυέντων
3205 4442 3286 4510 δὲ,
3325 4442 3452 4507 τοὺς
3480 4441 3700 4510 ἀγῶνας
3725 4440 3877 4512 τιμῶ

2287 4537 2385 4592 καὶ
2444 4535 2788 4608 ἀσπάζομαι.
2848 4555 2868 4589 ›
2917 4535 2976 4590 '0
3028 4535 3322 4608 λεγόμενος
3383 4535 3667 4608 ὀρθόδοξος
3721 4535 3878 4598 τίνας

598 4663 819 4713 nostras
845 4642 1130 4717 exprimit,
1149 4637 1440 4696 hominum
1466 4632 1534 4689 ad
1556 4628 1860 4700 exemplar,
1885 4625 1982 4697 qui
2005 4623 2172 4680 simu-

2288 4630 2614 4702 ἀποδέχεται
2669 4601 2908 4700 ιζπρὸσεχε
2933 4642 2952 4661 ο
3001 4630 3031 4683 ὁ
3219 4630 3320 4699 τὴν
3369 4601 3746 4715 ἀντιπάθειαν.
3776 4628 3881 4698 τῆς

599 4745 766 4806 lacris
796 4715 1120 4812 splendidas
1137 4739 1323 4788 vestes
1351 4726 1690 4798 largiuntur,
1706 4728 1765 4777 et
1781 4727 1974 4790 turpes
1994 4715 2183 4772 vultus

600 4805 883 4893 coloribus
929 4829 1222 4883 exornant.
1257 4817 1501 4876 Videsne
1539 4830 1573 4870 a
1623 4810 1833 4883 quibus
1873 4815 1929 4866 ct
1976 4822 2087 4878 qua
2117 4805 2186 4862 de

599 4939 767 4982 causa
811 4934 921 4976 una
965 4924 1169 4972 natura
1217 4907 1525 4980 excogitata
1569 4903 1681 4960 sit?

671 5196 830 5266 Quod
863 5203 1050 5250 autem
1099 5186 1417 5257 orthodoxi}
1438 5187 1632 5242 Patres
1650 5181 1790 5238 duas
1819 5179 2045 5237 Christo
2070 5193 2192 5235 esse

600 5301 832 5347 naturas
883 5284 1259 5350 contendant,
1307 5282 1427 5352 ipse
1474 5284 1712 5334 testatur
1763 5275 2042 5338 Severus;
2075 5271 2194 5326 haec

602 5386 752 5443 enim
799 5382 969 5438 habet
1020 5381 1076 5435 in
1127 5383 1385 5440 tractatu,
1415 5371 1511 5444 qui
1541 5368 1865 5425 inscribitur
1910 5366 2188 5437 Expositio

605 5478 729 5549 ﬁdei
760 5493 779 5532 :
815 5495 834 5527 ι
862 5475 1060 5529 Dicere
1087 5470 1226 5526 duas
1259 5475 1488 5523 naturas
1517 5463 1574 5518 in
1599 5460 1843 5524 Christo,
1870 5459 2052 5514 omnis
2074 5457 2188 5513 cri-

605 5570 773 5627 minis
807 5568 1056 5639 plenum,
1099 5564 1233 5619 licet
1263 5576 1294 5616 a
1341 5557 1625 5632 plerisque
1677 5552 1886 5608 sanctis
1935 5551 2191 5607 Patribus

605 5664 817 5719 dictum
838 5661 932 5716 sit.
971 5679 990 5712 ›
1020 5659 1090 5714 Ει
1111 5657 1276 5728 paulo
1293 5660 1452 5726 post:
1480 5670 1498 5702 ι
1528 5649 1608 5705 Ne
1632 5645 1770 5703 mihi
1806 5645 2009 5702 iterum
2033 5643 2191 5701 dixe-

606 5751 687 5819 ris
731 5752 1002 5827 quosdam
1035 5767 1104 5808 ex
1137 5746 1400 5806 Patribus
1441 5740 1717 5799 vocabulo
1744 5737 1982 5795 duarum
2030 5747 2193 5795 natu-

676 5938 755 6010 (ι)
790 5934 1097 5993 Concilium
1129 5928 1600 5988 Chalcedonense.

2290 4725 2454 4794 ἁγίας
2485 4722 2704 4778 συνόδου
2737 4723 2902 4776 παντὶ
2929 4723 3362 4794 Φαντασιανιστῇ
3389 4721 3880 4794 προσκλινὸμενος,

2289 4820 2320 4872 ό
2349 4819 2472 4880 ταῖς
2503 4817 2730 4870 ἐκείνων
2773 4818 2982 4884 φωναῖς
3014 4814 3116 4879 τὰς
3145 4815 3428 4888 ἡμετέρας
3474 4814 3684 4878 ἐννοίας
3715 4831 3882 4884 περι-

2293 4909 2487 4972 τιθεὶς,
2514 4907 2590 4972 ὡς
2613 4911 2724 4971 τοῖς
2757 4907 2999 4971 εἰδώλοις
3027 4909 3078 4962 οἰ
3111 4907 3210 4972 τὰς
3237 4908 3496 4980 λαμπρὰς
3521 4907 3760 4974 ἐσθῆτας
3787 4907 3884 4961 καὶ

2293 5001 2364 5054 τὰ
2395 4999 2609 5070 ἀκαλλῆ
2643 4998 2916 5070 πρόσωπα
2948 4998 3038 5052 διὰ
3069 4999 3381 5070 χρωμάτων
3415 4995 3880 5061 καλλωπίζοντες·

2293 5091 2469 5160 ἔγνως
2497 5090 2617 5151 ἀπὸ,
2636 5092 2800 5144 τίνων
2829 5091 2924 5144 καὶ
2957 5090 3049 5144 διὰ
3086 5090 3140 5143 τί
3167 5091 3201 5162 ἡ
3236 5090 3334 5161 μία
3365 5088 3527 5158 φύσις
3560 5088 3842 5158 ἐπενοήθη
3868 5102 3883 5151 ;

2365 5181 2491 5236 Ὀτι
2521 5179 2580 5234 δὲ
2603 5180 2654 5234 οἰ
2685 5179 2957 5252 όρθόδοξοι
2981 5180 3124 5234 Πατέ
3137 5197 3226 5252 ρες
3246 5179 3534 5250 εἰρήκασιν
3557 5176 3652 5231 δύο
3688 5175 3887 5247 φύσεις

2299 5271 2440 5330 εἶναι
2496 5275 2590 5329 τὸν
2623 5274 2884 5345 Χριστὸν,
2941 5274 3105 5336 αὐτὸς
3141 5275 3381 5345 Σευῆρος
3417 5274 3705 5343 μαρτυρεῖο
3735 5271 3886 5338 λέγει

2298 5369 2409 5442 γὰρ
2455 5371 2514 5424 ἐν
2543 5367 2624 5440 τῷ
2672 5368 3016 5438 συντάγματι
3054 5366 3221 5422 αὐτοῦ
3258 5366 3337 5439 τῷ
3367 5364 3883 5436 ἐπιγεγραμμένῳο

2309 5463 2596 5526 Ἕκθεσις
2621 5461 2906 5526 πίστεως,
2946 5458 3154 5523 οῦτωςο
3192 5479 3212 5512 ι
3245 5459 3320 5512 Th
3348 5458 3532 5528 λέγειν
3561 5458 3656 5512 δύο
3693 5454 3889 5525 φύσεις

2302 5553 2395 5608 ἐπὶ
2422 5551 2689 5625 Χριστοῦ,
2739 5552 2922 5622 πάσης
2957 5551 3296 5623 κατηγορίας
3331 5550 3653 5622 ἐπίμεστον,
3683 5550 3734 5602 εἰ
3793 5547 3889 5600 καὶ

2302 5647 2411 5702 ὑπὸ
2436 5646 2703 5701 πλειόνων
2748 5645 2922 5714 ἀγίων
2955 5645 3219 5717 Πατέρων
3267 5645 3508 5716 εἴρηται.
3559 5660 3578 5693 ι
3621 5642 3733 5694 Καὶ
3770 5637 3887 5710 μετ’

2299 5741 2490 5811 όλίγα·
2530 5759 2550 5793 ι
2593 5738 2709 5796 Καὶ
2749 5737 2825 5810 μὴ
2869 5735 3034 5792 πάλιν
3085 5736 3246 5811 εἴπῃς
3293 5737 3368 5803 ὡς
3395 5737 3463 5808 τῇ
3493 5732 3639 5800 λέξει
3680 5735 3752 5806 τῇ
3780 5729 3888 5784 τῶν
