4112 6602
375 534 486 600 905

1403 529 1763 588 EPISTOLA
1795 529 1890 586 DE
1933 529 2235 589 DUABUS
2275 530 2633 590 NATURIS.

3519 529 3625 592 906

375 646 470 700 δύο
489 641 704 713 φύσεὼν
734 657 879 703 τινες
905 638 1014 691 τῶν
1042 636 1303 708 Πατέρων
1332 639 1637 708 ἐχρήσαντο
1662 639 1946 707 ’ἐχρήσαν-

2059 652 2233 690 rarum
2280 653 2410 691 usos
2458 653 2618 702 esse;
2655 652 2722 692 eo
2762 639 2907 692 enim
2956 637 3042 692 usi
3071 646 3222 698 sunt.
3279 639 3487 711 absque
3512 645 3626 696 ullo

373 753 436 789 το
453 736 560 804 γὰρ
579 731 935 801 ἀδιαϐλήτως,
966 728 1154 798 ὥσπερ
1185 727 1429 799 εἴπομεν·
1454 728 1592 781 κατά
1615 728 1670 781 δὲ
1698 727 1790 780 τὸν
1824 727 1943 796 χρό-

374 845 463 882 νον
489 824 584 879 τοῦ
607 821 876 894 μακαρίου
909 819 1174 891 Κυρίλλου
1204 819 1304 886 τῆς
1331 819 1484 872 νόσου
1515 819 1624 872 τῶν
1653 817 1948 888 Νεστορίου

376 913 750 984 καινοφωνιῶν
766 911 865 974 τὰς
891 911 1216 982 Ἑκκλησίας
1231 909 1653 981 ἐπινεμομένης,
1673 910 1765 963 ἐπὶ
1787 908 1950 961 πλέον

375 1009 408 1078 ὴ
427 1005 570 1069 λέξις
597 1001 1029 1072 ἀπεδοκιμάσθη.
1045 1020 1061 1052 ι
1085 1001 1194 1055 Καὶ
1219 999 1382 1053 πάλιν
1399 1017 1442 1050 ⁸(
1463 1001 1553 1070 Μὴ
1573 999 1829 1052 δύνασθαι
1852 998 1948 1063 τὰς

374 1098 486 1151 τῶν
518 1096 780 1167 Πατέρων
817 1094 999 1162 φωνὰς
1025 1093 1133 1145 τῶν
1166 1092 1503 1162 ἀδιαὸλήτως
1539 1095 1606 1164 τῇ
1636 1092 1778 1158 λέξει
1810 1109 1948 1162 χρη-

378 1188 626 1259 σαμένων
656 1185 1050 1257 προφέρεσθαι,
1094 1184 1198 1238 κᾶν
1228 1183 1394 1236 αὑτοῦ
1439 1183 1710 1254 Κυρίλλου
1740 1180 1850 1236 εἷεν
1894 1184 1948 1236 αἱ

378 1279 571 1347 φωναί.
609 1297 625 1329 ι
671 1279 826 1330 Πᾶσα
867 1274 1053 1348 σχεδὸν
1089 1274 1241 1346 φωνὴ
1271 1275 1578 1346 δογματικὴ
1618 1277 1949 1346 κακουργεῖ-

380 1371 504 1424 σθαι
538 1370 759 1422 δύναται
787 1367 940 1438 παρά
963 1367 1071 1420 τῶν
1103 1367 1417 1440 αἱρετικῶν,
1447 1366 1561 1419 ἀλλ’
1590 1367 1651 1419 οὐ
1678 1365 1764 1419 διά
1792 1365 1951 1418 τοῦτο

379 1461 593 1522 πάντως
689 1458 918 1512 πάντοτε
959 1457 1164 1522 ταύτας
1191 1455 1604 1526 παραιτούμεθα
1624 1473 1636 1487 ·
1669 1459 1748 1521 είς
1775 1457 1831 1509 δὲ
1860 1456 1949 1510 τὸν

381 1552 580 1604 σκοπὸν
624 1549 718 1604 τοῦ
771 1550 1062 1612 λαλοῦντος
1111 1549 1533 1612 ἀποϐλέποντες,
1567 1549 1709 1602 κατὰ
1746 1548 1808 1602 τὸ
1850 1566 1950 1619 ση-

383 1644 708 1714 μαινομένον
747 1643 781 1714 ἦ
834 1642 1319 1714 παραδεχόμεθαῆ
1357 1639 1724 1710 ἀπωθούμεθα
1756 1641 1949 1702 αὐτάς.

463 1733 654 1803 Ἡμεῖς
681 1729 773 1788 οὖν
801 1735 911 1795 τοῖς
941 1732 1280 1804 ἀδιαϐλήτως
1310 1735 1375 1803 τῇ
1403 1733 1542 1797 λέξει
1586 1732 1951 1802 χρησαμένοις

378 1825 830 1888 ἀκολουθοῦντες,
869 1825 962 1879 δύο
1017 1826 1209 1894 φύσεις
1260 1825 1496 1894 Χριστοῦ
1541 1824 1794 1894 λέγομεν,
1847 1822 1950 1876 κᾶν

381 1919 604 1990 Σευήρῳ
637 1918 819 1988 πάσης
857 1918 1190 1989 κατηγορίας
1238 1917 1533 1987 ὲπίμεστον
1583 1912 1722 1968 εἶναι
1775 1916 1945 1986 δοκῇ·

380 2011 473 2061 καὶ
507 2008 582 2078 μὴ
623 2007 887 2062 δύνασθαι
915 2011 1013 2071 τάς
1045 2008 1157 2060 τῶν
1201 2008 1460 2078 Πατέρων
1511 2007 1695 2076 φωνὰς
1743 2007 1948 2078 προφέ-

385 2100 574 2171 ρεσθαι
606 2101 890 2172 νομοθετεῖ
935 2102 962 2153 ό
1003 2103 1300 2170 συνήγορος
1334 2099 1430 2153 καὶ
1461 2097 1756 2164 ἀντίδικος·
1789 2101 1953 2170 ἀρκεῖ

379 2191 425 2244 δ’
449 2193 577 2262 ἡμῖν
593 2191 832 2261 Σευῆρον
864 2192 1182 2261 μαρτυρεῖν,
1205 2191 1286 2243 ὅτι
1317 2189 1486 2258 ἀγίων
1516 2189 1660 2242 Πατέ
1672 2207 1778 2260 ρων
1803 2190 1951 2242 ἐστὶν

380 2283 412 2352 ἡ
449 2282 556 2336 τῶν
581 2281 673 2336 δύο
705 2282 924 2350 φύσεων
953 2281 1120 2346 λέξις,
1157 2283 1250 2335 καὶ
1281 2281 1542 2335 πλειόνων
1566 2281 1854 2353 Πατέρων·
1888 2281 1949 2334 ού

380 2374 488 2444 γὰρ
517 2373 635 2437 ἑνὸς
681 2373 838 2443 ἢδύο
881 2373 1062 2443 μόνον.
1097 2373 1211 2427 Οὐκ
1259 2372 1515 2444 ἀληθεύει
1567 2368 1660 2426 οὖν
1714 2375 1740 2426 ὁ
1794 2390 1954 2426 συκο-

383 2468 618 2534 φαντῶν,
660 2468 969 2538 αἱρετικοὺς
1021 2467 1433 2536 ἐπινενοηκέναι
1480 2468 1578 2537 τὴν
1609 2465 1783 2532 λέξιν·
1817 2467 1953 2535 ἀλη-

382 2559 529 2612 θεύει
571 2560 628 2611 δὲ
680 2559 882 2630 μᾶλλον
937 2561 966 2612 ὁ
1020 2558 1222 2626 λέγων,
1253 2558 1442 2626 ἁγίους
1478 2559 1617 2611 κατά
1661 2557 1953 2628 αἱρετικῶν

382 2651 694 2720 χρήσασθαι
743 2649 937 2722 ταύτῃ.
984 2649 1180 2718 Ἀγίων
1234 2649 1292 2702 δὲ
1346 2649 1440 2702 καὶ
1498 2648 1711 2701 πολλῶν
1767 2651 1954 2717 φωνὰς

383 2739 691 2805 ἐκϐάλλειν,
726 2739 1046 2804 ἀλαζονικὸν
1085 2739 1200 2808 ἅμα
1245 2739 1340 2792 καὶ¹
1378 2737 1627 2809 μανικόν.
1669 2737 1788 2791 Κᾶν
1819 2754 1955 2808 προ-

384 2835 677 2904 φασίζεται
708 2833 946 2902 Σευῆρος
979 2830 1067 2884 διά
1106 2830 1402 2900 Νεστόριον
1449 2828 1953 2900 ἀποδοκιμασθῆναι

382 2927 484 2996 τὴν
514 2925 659 2991 λέξιν
692 2923 898 2994 ταύτην
918 2941 931 2954 ο
961 2923 1376 2994 ἀπεδοκιμάσθη
1407 2923 1464 2976 δὲ
1508 2922 1639 2993 παρ’
1667 2921 1832 2976 αὑτοῦ
1859 2920 1955 2975 καὶ

383 3017 495 3070 τῶν
545 3016 668 3070 κατ’
714 3014 900 3070 αὐτόν.
948 3013 1006 3068 'O
1043 3015 1152 3084 γὰρ
1211 3013 1479 3083 μακάριος
1509 3004 1784 3081 ’Κύριλλος
1818 3009 1957 3080 μετὰ

383 3107 680 3183 Νεστόριον
733 3106 832 3178 τὴν
890 3106 1027 3178 πρὸς
1079 3105 1336 3173 Εύλόγιον
1379 3103 1594 3174 γράψας
1636 3102 1954 3174 ἒπιστολὴν,

387 3197 766 3268 ἀπελογήσατο
805 3197 862 3250 ὲν
893 3196 1031 3266 αὐτῇ
1067 3193 1194 3265 περὶ
1237 3192 1344 3247 τῶν
1387 3190 1746 3245 Ἀνατολικῶν
1769 3191 1956 3260 λεγόν-

384 3309 495 3345 των
521 3291 611 3344 δύο
640 3290 855 3359 φύσεις.

457 3384 625 3452 Φησὶν
671 3380 734 3435 ’δὲ
783 3380 1021 3450 Σευῆρος
1057 3377 1154 3432 καὶ
1189 3371 1455 3446 ἀλλαχοῦ·
1490 3392 1508 3426 ι
1543 3371 1750 3427 Ϊῐολλαὶ
1783 3373 1959 3443 φωναὶ

388 3475 544 3546 παρὰ
570 3477 679 3537 τοῖς
705 3473 985 3545 Πατράσιν
1013 3469 1352 3539 ἀδιαὸλήτως
1381 3465 1699 3538 λεγόμεναι,
1729 3461 1960 3536 ὕστερον

387 3567 490 3622 οὐκ
510 3566 770 3636 ἀσφαλεῖς
795 3563 1060 3632 ὤφθησαν
1087 3559 1226 3632 μετὰ
1270 3559 1581 3629 Νεστόριον.
1631 3577 1652 3610 ι
1705 3557 1831 3610 Ἐὰν
1869 3551 1962 3610 οὖν

389 3661 485 3714 καὶ
511 3661 674 3730 ἡμεῖς
719 3660 1010 3727 φήσωμεν,
1063 3653 1256 3708 πολλαὶ
1295 3652 1470 3721 φωναὶ
1502 3650 1653 3722 παρά
1694 3651 1805 3712 τοῖς
1848 3650 1961 3702 Πα-

387 3752 583 3824 τράσιν
614 3749 950 3821 ἀδιαῦλήτως
984 3747 1299 3816 λεγόμεναι,
1333 3745 1560 3815 ὕστερον
1583 3743 1682 3796 οὐκ
1703 3740 1963 3810 ἀσφαλεῖς

389 3843 654 3914 ὤφθησαν
707 3841 848 3912 μετὰ
905 3835 1168 3909 Εὐτυχέα,
1202 3839 1254 3891 τί
1311 3838 1372 3890 τὸ
1427 3835 1828 3903 συναγόμενον;
1865 3833 1964 3888 Διά

392 3936 685 4007 Νεστόριον
723 3933 824 4003 μὲν
873 3934 906 4003 ἡ
958 3931 1065 3984 τῶν
1104 3929 1214 3984 δύο
1267 3929 1511 3998 φύσεων
1566 3925 1964 3997 ἐκϐληθήσεται

395 4028 568 4097 φωνὴ,
615 4027 681 4080 δι’
708 4015 959 4097 ¹Εὑτυχέα
1007 4022 1063 4075 δὲ
1098 4023 1132 4093 ὴ
1174 4021 1276 4091 τῆς
1326 4019 1468 4090 μιᾶς
1507 4019 1765 4088 φύσεως.
1797 4007 1865 4070 Et
1907 4016 1964 4068 δὲ

395 4122 566 4191 ἁγίων
610 4119 866 4189 Πατέρων
909 4115 1240 4188 ἀναιρούμεν
1287 4113 1492 4182 φωνὰς,
1534 4109 1624 4164 διὰ
1673 4109 1735 4162 τὸ
1777 4109 1966 4172 κακῶς

394 4215 621 4279 ταύταις
658 4212 968 4285 χρήσασθαι
999 4209 1330 4281 αἱρετικοὺς,
1378 4205 1583 4268 πολλὰς
1626 4205 1720 4258 καὶ
1767 4205 1831 4256 ἐκ
1860 4202 1967 4256 τῶν

397 4310 566 4378 ἁγίων
601 4305 835 4378 Γραφῶν
884 4304 1254 4373 ἀθετήσομεν,
1312 4299 1402 4352 διὰ
1445 4299 1505 4351 τὸ
1541 4296 1739 4378 ὁμοίως
1784 4295 1967 4358 κακῶς

395 4399 702 4474 γρήσασθαι
756 4397 985 4458 ταύταις
1035 4392 1369 4465 αἱρετικούςο
1424 4392 1532 4444 Καὶ
1582 4392 1648 4460 τῇ
1683 4387 1780 4458 μὲν
1815 4388 1966 4456 φωνῇ

394 4493 503 4545 τῶν
533 4490 640 4544 δύο
678 4490 922 4559 φύσεων
953 4485 1252 4556 ἐχρήσαντο
1287 4481 1430 4548 ἅγιοι
1481 4479 1587 4550 πρὸ
1624 4478 1734 4532 τῶν
1764 4480 1970 4547 αἱρετι-

2051 725 2308 790 crimine,
2335 727 2414 779 uti
2438 727 2706 782 diximus:
2730 735 2974 797 tempore
3011 737 3195 783 autem
3234 730 3380 784 beati
3411 731 3624 803 Cyrilli,

2051 832 2174 870 cum
2223 817 2548 871 Nestoriana
2575 820 2746 888 pestis
2774 828 2828 874 et
2858 819 3074 875 novitas
3102 821 3378 878 Eeclesias
3427 824 3629 895 depas-

2051 919 2296 974 ceretur,
2342 911 2674 964 vocabulum
2719 911 2844 977 hoc,
2904 923 2964 966 ut
3012 913 3311 982 plurimum
3362 916 3626 986 rejectum

2051 1008 2136 1054 est
2167 999 2266 1072 (2).
2307 1019 2325 1052 ι
2367 1000 2435 1055 Et
2463 1017 2653 1056 rursus
2687 1019 2700 1055 :
2736 1021 2753 1052 ι
2790 1003 2908 1056 Non
2944 1013 3178 1072 possunt
3215 1005 3437 1060 Patrum
3463 1024 3628 1062 voces

2050 1088 2309 1157 proferri,
2347 1090 2442 1161 qui
2486 1090 2593 1144 hoc
2633 1092 2904 1146 vocabulo
2962 1092 3170 1163 absque
3236 1094 3346 1148 ullo
3395 1097 3628 1152 crimine

2053 1181 2137 1234 usi
2183 1191 2351 1246 sunt,
2401 1181 2616 1237 etiamsi
2659 1198 2823 1237 voces
2853 1184 2960 1238 illa;
3002 1183 3114 1238 sint
3161 1185 3336 1255 ipsius
3368 1186 3575 1258 Cyrilli.
3602 1210 3620 1240 ι

2051 1273 2368 1345 Dogmatico
2441 1275 2555 1328 fere
2610 1275 2809 1344 quovis
2865 1276 3135 1331 vocabulo
3184 1277 3428 1335 haeretici
3474 1281 3626 1336 abuti

2049 1373 2303 1433 possunt,
2362 1365 2456 1419 sed
2511 1381 2621 1419 non
2673 1366 2798 1420 ideo
2851 1367 3077 1421 omnino
3119 1380 3176 1422 et
3230 1369 3436 1440 ubique
3490 1372 3627 1426 illud

2051 1456 2427 1525 repudiamus,
2476 1457 2570 1510 sed
2614 1467 2852 1511 mentem
2877 1459 3156 1527 loquentis
3189 1461 3626 1523 considerantes.

2050 1561 2153 1615 pro
2199 1547 2354 1601 verbi
2397 1547 2798 1616 significatione
2833 1549 2967 1603 illud
3009 1559 3107 1604 aut
3159 1551 3486 1621 retinemus,
3535 1566 3630 1610 aut

2051 1637 2416 1706 explodimus.

2122 1728 2349 1783 Patrum
2385 1730 2552 1800 igitur
2582 1732 2825 1800 vestigiis
2863 1733 3120 1803 ingressi,
3153 1737 3247 1804 qui
3281 1736 3486 1806 absque
3518 1739 3630 1792 ullo

2051 1819 2287 1876 crimine
2333 1822 2438 1876 hoc
2482 1825 2752 1878 vocabulo
2783 1825 2867 1879 usi
2919 1835 3067 1891 sunt,
3123 1826 3261 1882 duas
3301 1828 3358 1882 in
3409 1828 3629 1884 Christo

2051 1923 2279 1968 naturas
2333 1915 2656 1980 asserimus,
2691 1918 2822 1972 licet
2857 1917 2962 1972 hoc
2993 1917 3196 1972 Severo
3226 1920 3450 1988 plenum
3478 1923 3629 1991 peri-

2054 2005 2164 2060 culi
2189 2020 2313 2061 esse
2359 2007 2637 2074 videatur,
2672 2018 2727 2062 et
2757 2010 2982 2063 Patrum
3016 2025 3179 2064 voces
3204 2011 3454 2080 proferre
3481 2022 3631 2067 vetet

2052 2097 2404 2154 adversarius
2427 2099 2590 2154 simul
2615 2109 2672 2156 ct
2693 2101 3012 2157 advocatus.
3041 2101 3250 2157 Suilicit
3270 2104 3428 2159 nobis
3450 2107 3628 2174 ipsum

2053 2189 2319 2244 Severum
2354 2191 2582 2256 testari,
2620 2192 2766 2261 quod
2804 2202 3122 2248 sanctorum
3153 2193 3376 2248 Patrum
3421 2196 3494 2250 sit
3529 2196 3633 2250 hoc

2053 2281 2284 2336 duarum
2309 2290 2631 2337 naturarum
2659 2282 3014 2348 vocabulum,
3032 2293 3089 2338 et
3111 2285 3500 2356 pierorumque
3529 2288 3631 2342 Pa-

2055 2382 2223 2436 trum,
2258 2388 2370 2428 non
2416 2373 2582 2427 unius
2617 2382 2828 2427 tantum
2864 2374 2949 2428 vel
2998 2375 3250 2430 alterius.
3310 2376 3355 2430 A
3401 2377 3632 2432 veritate

2054 2478 2188 2534 ergo
2227 2464 2513 2528 abhorret,
2565 2463 2697 2518 dum
2761 2465 3029 2520 mentitur
3058 2466 3128 2521 ab
3167 2467 3445 2524 haereticis
3494 2469 3632 2524 illud

2053 2553 2225 2609 fuisse
2284 2554 2592 2620 inventum,
2635 2555 2855 2610 veritati
2907 2565 3088 2612 autem
3127 2559 3299 2630 magis
3359 2562 3641 2616 consentit

2055 2644 2266 2708 dicens,
2297 2655 2520 2701 sanctos
2553 2646 2650 2702 illo
2689 2647 2956 2702 adversus
2989 2647 3281 2705 hmreticos
3318 2667 3440 2707 esse
3481 2668 3630 2708 usos.

2055 2737 2125 2790 At
2167 2752 2333 2792 voces
2356 2747 2674 2793 sanctorum
2696 2738 3113 2808 multorumque
3141 2741 3393 2811 rejiccre,
3416 2745 3633 2813 jactan-

2059 2827 2128 2882 tis
2164 2827 2326 2882 simul
2357 2837 2414 2883 et
2459 2829 2659 2884 insani.
2701 2830 2780 2883 Ne
2823 2838 3088 2899 praetexat
3127 2833 3365 2888 Severus
3408 2846 3634 2906 propter

2055 2918 2372 2974 Nestorium
2395 2919 2500 2974 hoc
2520 2920 2849 2975 vocabulum
2874 2921 3245 2991 improbatum
3271 2925 3476 2993 fuisse;
3507 2945 3631 2982 nam

2009 3077 2012 3081 ι
2059 3018 2116 3064 et
2167 3011 2544 3081 improbatum
2587 3019 2673 3066 est
2715 3013 2784 3067 ab
2843 3029 2910 3070 eo
2955 3023 3011 3068 et
3067 3030 3097 3069 a
3135 3015 3448 3073 fautoribus
3490 3021 3630 3091 ejus.

2060 3101 2262 3156 Beatus
2293 3103 2437 3156 enim
2461 3101 2700 3174 Cyrillus
2739 3113 2862 3174 post
2891 3105 3206 3161 Nestorium
3241 3108 3308 3162 ad
3342 3110 3632 3182 Eulogium

2059 3195 2309 3249 scribens
2341 3194 2654 3265 epistolam,
2690 3196 2744 3249 in
2769 3212 2833 3251 ea
2857 3196 3171 3254 Orientales
3203 3199 3452 3257 defendit
3497 3203 3634 3258 duas

1983 3317 2029 3378 α
2058 3296 2190 3341 natu
2200 3303 2286 3342 ras
2317 3295 2646 3342 asserentes.

2135 3378 2279 3433 Dicit
2325 3380 2490 3434 etiam
2544 3380 2680 3434 alias
2724 3379 2962 3438 Severus
3011 3400 3025 3437 :
3082 3401 3100 3434 ι
3146 3383 3330 3440 Multa:
3373 3386 3636 3456 loquendi

2062 3469 2314 3525 formulae
2367 3481 2617 3526 veterum
2672 3472 2896 3528 Patrum
2945 3474 3154 3544 absque
3194 3477 3304 3530 ulla
3355 3479 3518 3534 ullius
3552 3496 3639 3535 re-

2063 3563 2438 3631 prehensione
2507 3574 2807 3634 usurpatae,
2849 3576 2971 3635 post
3001 3567 3317 3622 Nestorium
3359 3586 3471 3626 non
3505 3572 3638 3627 visae

2063 3662 2191 3708 sunt
2211 3655 2448 3724 amplius
2478 3663 2630 3710 tutae.
2664 3676 2682 3708 ›
2718 3658 2788 3712 At
2831 3658 2875 3712 si
2905 3673 3006 3713 nos
3039 3675 3262 3729 quoque
3289 3661 3638 3720 diceremus:

2064 3745 2248 3802 Multae
2294 3762 2459 3802 voces
2493 3747 2703 3817 absque
2753 3748 2988 3805 crimine
3017 3765 3048 3804 a
3074 3750 3328 3808 Patribus
3363 3763 3641 3825 usurpatae

2065 3847 2188 3908 post
2208 3839 2492 3911 Eutychen
2544 3855 2654 3894 non
2697 3840 2936 3910 amplius
2986 3851 3116 3897 tutae
3159 3843 3291 3899 visae
3325 3855 3474 3910 sunt,
3505 3848 3639 3917 quid

2067 3931 2235 3986 inde?
2276 3933 2508 4002 Propter
2567 3933 2884 3988 Nestorium
2940 3935 3268 4004 explodetur
3312 3938 3640 3994 vocabulum

2066 4023 2296 4077 duarum
2343 4031 2684 4089 naturarum,
2721 4033 2947 4094 propter
2980 4025 3267 4097 Eutychen
3313 4029 3641 4085 vocabulum

2067 4116 2222 4168 unius
2254 4123 2484 4169 naturaz.
2522 4116 2677 4182 Quod
2724 4116 2771 4171 si
2831 4125 3149 4172 sanctorum
3199 4119 3422 4174 Patrum
3480 4136 3646 4178 voces

2071 4207 2333 4272 tollimus,
2355 4208 2504 4276 quod
2527 4208 2636 4264 illis
2659 4209 2903 4264 haeretici
2922 4225 3088 4279 prave
3111 4209 3441 4277 abutuntur,
3471 4214 3645 4268 multa

2069 4315 2290 4369 quoque
2309 4299 2386 4372 ‘de
2419 4300 2592 4356 sacris
2618 4300 2921 4372 Scripturis
2952 4299 3277 4364 auferenda,
3304 4303 3434 4372 quia
3470 4312 3526 4358 et
3559 4303 3647 4358 his

2071 4392 2325 4447 similiter
2370 4392 2615 4447 haeretici
2651 4407 2818 4462 prave
2852 4400 3104 4446 utuntur.
3141 4393 3477 4448 Vocabulum
3508 4395 3646 4450 dua-

2072 4501 2191 4539 rum
2221 4493 2539 4538 naturarum
2565 4493 2973 4553 usurpaverunt
2991 4487 3164 4537 sancti
3187 4493 3316 4538 ante
3337 4483 3644 4549 haereticos,

397 4583 532 4650 κῶν,
563 4585 626 4652 τῇ
655 4581 712 4635 δὲ
734 4578 878 4650 μιᾶς
897 4578 1136 4648 φύσεως
1177 4574 1283 4646 πρὸ
1308 4573 1414 4627 τῶν
1447 4571 1811 4642 χρησαμένων
1831 4569 1958 4636 αὐτῇ

2072 4578 2404 4633 vocabulum
2431 4571 2562 4630 vero
2584 4577 2740 4630 unius
2771 4585 2978 4630 natura:
3013 4577 3344 4630 invenerunt
3382 4577 3645 4640 haeretici,

399 4651 656 4746 Πατέρων
681 4713 696 4739 ,
726 4669 948 4742 εὐρετώ⁹
976 4668 1262 4737 γεγόνασιν
1296 4664 1585 4736 αἱρετικοὶ,
1620 4664 1696 4726 ὡς
1720 4663 1958 4730 ἀνωτέρο

2078 4675 2373 4736 antequam
2415 4681 2483 4721 eo
2514 4666 2704 4720 Patres
2751 4665 2836 4718 usi
2873 4663 3004 4729 sint,
3046 4663 3125 4717 uti
3173 4679 3339 4733 supra
3382 4664 3646 4734 scriptum

395 4774 731 4845 γέχραπται.
776 4764 1194 4836 Κατεπλάτυνεν
1235 4760 1292 4812 δὲ
1326 4759 1496 4829 αὐτὴν
1538 4758 1776 4828 μάλιστα
1815 4757 1958 4808 Ἀπο·

2073 4766 2180 4822 est,
2231 4767 2287 4813 et
2321 4758 2455 4812 illud
2487 4755 2822 4828 Apollinaris
2847 4770 3014 4824 opera
3041 4755 3276 4809 maxime
3307 4755 3644 4824 percrebuit.

395 4862 638 4931 λινάριος
658 4859 685 4910 ὁ
714 4857 1045 4927 διμοιρίτης.
1080 4853 1140 4907 Εἰ
1165 4845 1225 4906 δὲ
1254 4852 1342 4905 διὰ
1375 4851 1500 4914 τοὺς
1524 4850 1833 4921 αἱρετικοὺς
1867 4847 1958 4919 χρὶ

2074 4851 2309 4920 Quod'si
2341 4857 2564 4921 propter
2587 4848 2878 4903 haereticos
2908 4847 3337 4900 orthodoxorum
3370 4861 3534 4901 voces
3565 4863 3649 4902 rc-

398 4953 584 5023 φωνὰς
636 4948 935 5022 ὀρθοδόξων
985 4949 1252 5016 ἀναιρεῖν,
1293 4943 1389 4999 καὶ
1455 4943 1530 5014 μὴ
1584 4942 1782 5013 μᾶλλον
1832 4940 1958 4994 κατέ

2072 4944 2350 5017 jiciendaa,
2400 4951 2457 4996 et
2496 4957 2607 4996 non
2650 4940 2839 5010 potius
2895 4939 3164 4994 adversus
3213 4939 3506 4994 haereticos
3563 4941 3649 4994 vi-

399 5042 692 5116 αίρετικῶν
728 5041 955 5106 ταύταις
1004 5041 1126 5094 κατ’
1161 5033 1706 5107 ἀλλήλων’χρᾶσθαι,
1755 5035 1977 5103 ἀναιρε-

399 5137 625 5208 θήσεται
652 5135 742 5189 διά
769 5133 1060 5187 Σαϐέλλιον
1093 5131 1154 5184 τὺ
1197 5131 1543 5200 ὀμοούσιον,
1573 5126 1663 5180 διὰ
1697 5123 1978 5177 Ἀπολινά-

404 5247 520 5300 ριον
541 5229 598 5282 δὲ
629 5228 724 5283 καὶ⁵
752 5228 1020 5298 Εὐνόμιον
1042 5227 1140 5280 καὶ
1167 5226 1386 5294 ’Δρειον
1421 5223 1454 5293 ἡ
1488 5213 1770 5284 Θεοτόκος
1800 5218 1976 5288 φωνή.

402 5321 513 5375 Καὶ
534 5319 713 5384 οὕτως
743 5319 930 5373 λοιπὸν
975 5319 1042 5371 δι’
1079 5314 1478 5378 ἀνακολούθους
1520 5309 1862 5375 ἀκολουθίας,
1898 5309 1978 5373 εἰς

401 5414 718 5484 ὲφευρέσεις
745 5410 1126 5481 καινοφωνιῶν
1154 5406 1701 5486 ἀπασχοληθήσονται
1749 5404 1798 5478 οἱ
1840 5405 1978 5472 Χρι-

403 5503 632 5558 στιανοί.
687 5503 868 5557 Καλὸν
899 5497 992 5556 οὖν
1034 5503 1148 5564 τοῖς
1202 5500 1379 5568 ἁγίοις
1421 5497 1702 5567 Πατράσιν
1749 5494 1977 5549 ἀκολου-

403 5596 632 5660 θοῦντας
658 5597 830 5668 ἡμᾶς,
860 5597 972 5659 τοῖς
1003 5591 1476 5663 ἀντινομοθετοῦσι
1507 5589 1583 5662 μὴ
1604 5589 1906 5643 πείθεσθαι.

474 5691 670 5744 Καίτοι
697 5707 762 5757 γε
786 5689 879 5742 καὶ
903 5686 1058 5740 αὐτοὶ
1085 5685 1230 5738 ἔστιν
1254 5685 1342 5737 ὅτε
1375 5682 1453 5754 τῷ
1483 5683 1693 5752 δυνατῷ
1722 5682 1818 5750 τῆς
1852 5680 1982 5749 ἀλη-

402 5783 556 5847 θείας
607 5782 913 5854 ἡττώμενοι
965 5782 1149 5833 ὲκεῖνα
1191 5776 1578 5849 ὁμολογοῦσιν,
1622 5775 1764 5847 ἅπερ
1804 5775 1979 5844 ἀρνεῖ-

2077 5037 2262 5092 cissim
2301 5034 2631 5104 usurpandae
2670 5039 2899 5094 essent,.
2935 5018 3261 5100 rejiceretur
3297 5038 3528 5100 propter
3555 5031 3651 5087 Sa-

2078 5129 2307 5184 bellium
2346 5125 2674 5182 vocabulum
2707 5122 3203 5187 consubstantialis;
3235 5129 3456 5191 propter
3481 5123 3651 5194 Apol-

2078 5223 2331 5286 linarem,
2359 5218 2689 5275 Eunomium
2717 5225 2774 5271 et
2816 5215 3032 5279 Arium,
3059 5230 3164 5268 vox
3198 5214 3447 5284 Deipara.
3474 5214 3653 5286 Atque

2079 5313 2156 5368 ita
2198 5326 2416 5381 semper
2443 5311 2626 5380 inepta
2659 5305 3078 5376 consequentia,
3113 5304 3259 5359 circa
3291 5304 3650 5374 excogitanda

2079 5421 2220 5461 nova
2279 5403 2547 5458 vocabula
2614 5399 3037 5470 oceupabuntur
3101 5395 3422 5452 Christiani.
3486 5397 3668 5453 Decet.

2082 5498 2249 5569 igitur
2271 5511 2372 5549 nos
2401 5501 2718 5548 sanctorum
2760 5491 2980 5545 Patrum
3003 5487 3316 5542 auctoritati
3342 5484 3651 5542 inservien-

2083 5598 2187 5652 tes,
2244 5585 2656 5642 adversantium
2702 5581 2968 5638 libidines
3014 5594 3297 5650 respuere.

2153 5681 2562 5747 Nonnunquam
2600 5685 2783 5733 tamen
2814 5673 2874 5727 ﬁt
2909 5681 2970 5726 ut
2992 5670 3096 5742 ipsi
3128 5669 3376 5733 veritatis
3410 5668 3465 5722 vi
3498 5667 3651 5729 victi.

2083 5773 2276 5827 eadem
2315 5769 2707 5835 conﬁteantur,
2749 5777 2870 5838 quae
2898 5780 3098 5836 negare
3134 5763 3462 5819 studuerant
3490 5769 3546 5816 et
3573 5774 3656 5813 so-

479 5959 558 6030 (ἓ)
589 5957 790 6014 Eadem
824 5955 1143 6011 referuntur
1193 5953 1260 6008 ab
1277 5951 1566 6006 Anastasio
1610 5950 1838 6016 Sinaita,
1875 5950 1978 6005 Via:
2017 5949 2143 6015 dum,
2181 5964 2300 6018 cap.
2332 5949 2382 6002 7.

729 6051 1000 6112 ΡΑτιιοι..
1045 6049 1164 6108 (in.
1195 6043 1534 6106 LXXXVI.

3257 6029 3334 6089 29
