4112 6596
450 442 550 502 907

1679 431 2096 496 EUSTATHII
2123 432 2468 496 MONACHI

3601 438 3710 502 908

449 553 658 608 lehant.
694 547 818 602 Haec
846 548 993 602 enim
1030 545 1193 601 docet
1229 546 1471 600 Severus
1500 543 1555 597 in
1586 543 1731 597 libro
1766 543 2032 598 adversus

2135 543 2261 596 σθαι
2316 543 2406 595 καὶ
2452 540 2796 595 ἐσπούδασαν
2851 544 2944 596 καί
2990 542 3414 613 ἐνομοθέτησαν
3448 545 3578 600 ὅταν
3605 550 3716 619 γὰρ

362 662 375 669 ν
451 640 982 712 Grammatieum(5)
1015 656 1029 693 :
1070 657 1087 690 ι
1121 639 1203 693 Εη
1249 639 1361 693 duo
1402 637 1779 701 considerare,
1825 636 2031 689 mentis

451 735 718 806 opinione
765 741 979 787 tantum
1025 731 1144 786 fieri
1192 738 1376 801 potest
1422 728 1794 784 dinei-entiam
1832 727 2033 782 distin-

452 826 693 898 guentis,
737 833 799 879 ιιι
845 824 902 879 in
950 823 1212 894 qualitate
1262 822 1508 893 physica.
1550 841 1567 873 ι
1617 822 1687 876 Ει
1746 836 1940 875 rursus
1975 820 2030 873 in

451 920 647 975 eodem
688 918 832 973 libro
866 934 880 971 :
922 935 940 968 ι
973 915 1264 983 Quomodo
1291 912 1849 984 omnisimpudentia:
1880 911 2029 983 pleni

451 1009 711 1064 homines
749 1016 972 1079 negant,
1010 1006 1141 1060 dum
1182 1004 1321 1060 duas
1363 1013 1591 1059 naturas
1640 1012 1915 1067 asserunt,
1973 1017 2032 1058 se

454 1103 592 1157 duas
625 1102 951 1172 hypostases
983 1106 1040 1153 et
1076 1112 1340 1168 personas
1363 1094 1590 1151 dicere?
1618 1094 1852 1162 Quando
1882 1094 2030 1149 enim

454 1194 789 1265 cogitatione
834 1191 1254 1262 distinguuntur
1295 1196 1509 1242 naturae
1549 1196 1644 1241 aut
1685 1187 2028 1257 hypostases,

455 1287 621 1343 simul
654 1285 965 1356 cogitantur
986 1292 1043 1339 et
1063 1295 1348 1353 personae;
1377 1295 1504 1334 nam
1541 1279 1812 1349 quidquid
1834 1280 1904 1333 ab
1926 1280 2033 1333 alio

455 1378 817 1448 distinguitur
859 1376 1113 1447 protinus
1162 1373 1440 1445 propriam
1490 1386 1782 1442 personam
1824 1371 2036 1427 consti-

456 1474 583 1525 tuit.
617 1470 723 1526 Ubi
780 1476 963 1523 autem
1025 1475 1236 1521 natura:
1274 1480 1304 1519 e
1347 1464 1551 1534 quibus
1606 1473 1823 1519 constat
1891 1479 2034 1518 unus

455 1562 712 1618 Christus
743 1561 800 1615 in
821 1559 1217 1629 compositione
1249 1557 1586 1622 subsistunt,
1623 1566 1681 1612 et
1707 1571 1874 1610 unam
1903 1571 2032 1625 per-

457 1654 653 1710 ﬁciunt
698 1652 1021 1724 hypostasin
1063 1658 1121 1705 et
1159 1658 1452 1713 naturam,
1484 1649 1768 1720 Unigeniti
1818 1648 2035 1704 scilicet

454 1746 624 1801 Verbi
650 1743 919 1799 iucarnati
948 1751 1005 1798 et
1038 1741 1408 1807 inhumanati,
1446 1750 1629 1796 cessat
1667 1742 1833 1796 simul
1861 1749 1917 1795 et
1950 1741 2036 1795 hi.

2132 636 2192 687 ὲν
2222 636 2287 704 τῇ
2322 632 2491 703 βίϐλῳ
2539 634 2606 702 τῇ
2666 634 2816 686 κατὰ
2842 632 3235 704 Γραμματικοῧ
3268 634 3504 705 Σευῆρος
3547 636 3714 710 λέγῃ.

2138 742 2158 777 ι
2200 724 2334 777 Ἰδοὺ
2364 723 2426 777 τὸ
2474 724 2573 791 μὲν
2610 724 2706 804 δύο
2756 728 3003 788 σκοπεῖν,
3051 726 3117 795 τῇ
3164 725 3436 798 φαντασίᾳ
3476 728 3571 782 τοῦ
3621 729 3718 783 νοῦ

2137 814 2298 885 μόνον
2327 815 2563 883 ἐφίεται,
2591 804 2965 886 διακρίνοντος
2990 815 3092 888 τὴν
3122 817 3407 890 διαφοράν,
3430 820 3529 890 τὴν
3557 823 3633 886 ὡς
3661 826 3720 877 ὲν

2134 906 2384 976 ποιότητι
2416 910 2643 978 φυσικῇ.
2680 925 2698 958 ι
2726 908 2838 961 Kal
2883 908 3048 963 πάλιν
3088 912 3147 964 ἐν
3192 911 3271 982 τῷ
3312 912 3463 983 αὑτῷ
3493 913 3714 987 βιϐλίῳ’

2139 1017 2158 1053 ι
2204 998 2332 1061 Πῶς
2376 998 2427 1051 οἱ
2473 998 2654 1071 πάσης
2686 1000 2965 1063 ἀναιδείας
2990 1002 3313 1073 ἀνάμεστοι,
3344 1005 3440 1059 δύο
3469 1005 3720 1075 λέγοντες

2134 1089 2352 1159 φύσεις,
2403 1092 2536 1161 φασὶ
2566 1092 2642 1163 μὴ
2687 1091 2869 1160 λέγειν
2899 1093 2994 1147 δύο
3029 1094 3359 1176 ὑποστάσεις
3414 1099 3509 1151 καί⁵
3546 1099 3721 1170 πρόσ-

2133 1200 2289 1248 una;
2339 1184 2422 1237 ὅτι
2486 1185 2582 1238 καὶ
2624 1187 2682 1238 ὲν
2732 1187 2799 1256 τῇ
2855 1186 3069 1258 ἐπινοίᾳ
3128 1188 3541 1262 διαιρουμέναις
3595 1196 3718 1257 ταῖς

2135 1274 2362 1344 φύσεσιν
2395 1275 2564 1347 ἤγουν
2598 1276 2985 1345 ὑποστάσεσιν,
3022 1282 3424 1335 συνεπινοεῖται
3453 1283 3522 1336 τά
3549 1283 3719 1354 πρόσ-

2133 1385 2292 1422 ωπαο
2341 1368 2565 1442 θάτερον
2611 1371 2720 1443 γάρ
2774 1371 3005 1444 θατέρου
3075 1373 3495 1446 διαιρούμενον,
3555 1376 3719 1441 εὐθὺς

2136 1463 2267 1517 ἴδιον
2321 1462 2692 1534 ἐπιγράφεται
2747 1464 3080 1536 πρόσωπον
3131 1466 3190 1519 ὲν
3239 1467 3487 1521 συνθέσει
3521 1467 3579 1521 δὲ
3614 1469 3719 1537 ὑφ-

2137 1555 2460 1626 ισταμέναις
2497 1557 2617 1619 ταῖς
2646 1555 2873 1626 φύσεσιν
2911 1556 2970 1622 ἐξ
3028 1550 3102 1611 ὧν
3134 1546 3169 1612 ὁ⁵
3204 1551 3285 1622 εἷς
3313 1559 3576 1629 Χριστὸς,
3623 1561 3718 1614 καὶ

2137 1648 2268 1717 μίαν
2319 1646 2715 1711 ἀποτελοὺσαις
2767 1648 3070 1703 ὑπόστασιν
3127 1651 3223 1703 καὶ
3267 1649 3430 1720 φύσιν
3467 1651 3567 1723 τὴν
3619 1651 3715 1705 τοῦ

2138 1739 2466 1810 μονογενοῦς
2494 1740 2669 1823 Λόγου
2693 1742 3117 1813 σεσαρκωμένου
3145 1743 3240 1797 καὶ
3267 1743 3720 1817 ὲνανθρωπήσανο

455 1836 649 1890 narius
711 1835 1083 1905 hypostaseon
1140 1846 1620 1902 personarumque
1692 1832 2032 1901 cogitatione

2134 1847 2222 1894 τος
2254 1830 2617 1903 συναπολήγει
2657 1833 2752 1886 καὶ
2790 1834 2823 1905 ἠ
2870 1833 3241 1903 φαντασθεῖσα
3269 1838 3335 1907 τῇ
3364 1836 3579 1908 ἐπινοίᾳ
3605 1835 3717 1890 τῶν

454 1935 756 1997 conceptus
807 1941 1095 1990 numerus,
1146 1925 1202 1979 in
1262 1939 1431 1978 unum
1478 1925 1609 1994 quid
1666 1939 2028 1989 concurrens,

454 2018 510 2072 in
558 2033 724 2072 unam
763 2033 832 2073 ex
877 2016 1145 2071 ambabus
1181 2015 1527 2087 hypostasin,
1578 2030 1642 2070 ac
1684 2016 1884 2069 merito
1909 2032 2030 2086 per-

452 2128 582 2165 aona
600 2117 845 2165 vocatus.
863 2098 995 2164 Nam
1011 2107 1348 2177 impossibile
1369 2113 1454 2161 est
1474 2105 1584 2161 duo
1606 2121 1715 2161 non
1739 2105 1795 2161 in
1818 2105 2032 2161 duabus

453 2203 711 2273 personis
752 2216 1040 2272 apparere.
1078 2219 1099 2251 ι

524 2294 664 2349 Num
701 2293 799 2347 tibi
858 2308 966 2347 non
1009 2291 1230 2346 videtur
1268 2298 1394 2361 post
1419 2288 1899 2360 compositionem,
1943 2289 2029 2343 vel

454 2386 715 2441 unionem
749 2425 764 2450 ,
799 2384 937 2439 duas
982 2390 1209 2438 naturas
1250 2390 1306 2437 et
1337 2397 1633 2453 agnoscere
1659 2391 1717 2436 et
1746 2395 1946 2436 vocare
1974 2379 2031 2435 in

453 2476 697 2540 Christo,
735 2483 792 2531 et
819 2475 919 2529 has
953 2472 1174 2544 quidem
1210 2456 1616 2528 subsistentes?
1656 2469 1803 2538 Quas
1827 2469 2029 2525 distin-

454 2566 572 2636 guit
606 2566 700 2621 ubi
741 2565 881 2630 vult,
925 2572 985 2618 ut
1018 2563 1175 2628 duas,
1208 2570 1264 2617 et
1287 2577 1482 2618 rursus
1512 2562 1569 2616 in
1597 2577 1765 2616 unam
1797 2562 2023 2633 conjunv

453 2661 555 2730 git,
585 2657 740 2728 quasi
766 2665 1091 2727 potestatem
1116 2655 1346 2710 haberet
1367 2664 1423 2709 et
1447 2653 1668 2709 dicendi
1693 2662 1749 2709 et
1768 2652 2029 2708 faciendi.

452 2751 559 2804 Per
579 2748 764 2803 omnia
798 2746 1019 2802 sibimet
1058 2753 1346 2817 repugnat,
1377 2744 1564 2800 omnia
1595 2744 1853 2799 consulto
1899 2758 2029 2814 per-

452 2839 661 2893 turbat.
691 2839 796 2893 Per
816 2853 879 2891 ea
902 2837 1105 2907 quibus
1136 2851 1302 2890 unam
1341 2844 1595 2890 naturam
1636 2834 2025 2890 stabiliendam

452 2930 704 3000 suscipit,
734 2929 872 2985 duas
902 2929 1099 2999 probat
1138 2940 1402 2994 naturas;
1446 2928 1514 2982 ad
1560 2941 1683 2982 eam
1712 2925 1887 2997 ipsam
1930 2927 2029 2982 do-

449 3026 687 3080 ctrinam
719 3022 967 3085 deducit,
989 3029 1053 3076 ut
1102 3021 1179 3076 ita
1222 3020 1452 3085 dixeris,
1510 3035 1674 3090 quam
1727 3019 2027 3076 defendere

451 3125 691 3172 recusat.
745 3115 847 3172 Cui
900 3115 1001 3170 soli
1030 3122 1090 3169 et
1138 3129 1250 3167 non
1278 3112 1438 3167 alteri
1490 3120 1719 3183 propter
1764 3128 1919 3168 suam
1969 3113 2026 3167 in

455 3221 675 3265 terrena
712 3208 980 3279 sapientia
1013 3204 1389 3276 prudentiam,
1426 3204 1554 3258 data
1581 3211 1667 3258 est
1698 3204 1788 3258 illa
1826 3204 2022 3272 gratia,
2050 3235 2096 3294 ο

450 3309 513 3353 ut
546 3298 769 3370 quando
802 3294 1063 3358 voluerit,
1095 3308 1200 3350 una
1231 3302 1426 3349 natura
1457 3302 1772 3359 evanescat,
1807 3303 1865 3348 et
1903 3293 2026 3348 duae

450 3399 771 3464 appareant,
833 3397 891 3446 et
971 3388 1188 3443 duabus
1251 3386 1407 3443 visis.
1480 3402 1675 3442 rursus
1743 3386 1799 3441 in
1863 3400 2025 3439 unam

451 3495 672 3551 coeant,
705 3492 763 3540 et
799 3481 1220 3539 contrahantur.

518 3666 640 3736 Ipse
670 3663 841 3735 igitur
883 3659 1095 3731 primus
1142 3671 1390 3714 omnium
1432 3656 1631 3728 plenus
1673 3644 2028 3727 impudentiae

450 3758 548 3828 qui
579 3756 744 3812 etiam
778 3754 916 3808 duas
932 3761 1159 3807 naturas
1189 3748 1506 3806 confitetur.
1533 3749 1651 3803 Non
1675 3748 1822 3804 enim
1846 3748 1986 3803 dixit
2010 3766 2023 3802 :

450 3847 796 3920 Cogitatione
811 3860 934 3901 cum
945 3843 1318 3914 distinguetur
1331 3848 1548 3905 natura,
1563 3837 1681 3905 sed,
1692 3838 1830 3894 Cum
1842 3838 2030 3894 distin-

452 3947 993 4014 guerenturnaturaa;
1009 3951 1141 4001 non,
1158 3934 1391 4002 Quando
1407 3934 1462 3988 in
1479 3933 1889 4003 comparatione
1898 3932 2029 3988 sub-

451 4034 600 4089 sistit
633 4041 857 4095 natura,
888 4030 1010 4096 sed,
1043 4028 1366 4084 Subsistunt
1392 4034 1625 4081 naturae.
1664 4023 1797 4091 Quae
1838 4031 2026 4078 autem

451 4142 564 4181 non
587 4126 766 4180 solum
800 4130 985 4177 mente
1003 4121 1229 4192 cogitat,
1246 4130 1342 4173 aut
1374 4132 1472 4173 ore
1506 4117 1742 4188 profert,
1758 4117 1854 4172 sed
1883 4117 2024 4172 scri-

446 4219 561 4288 ptis
590 4217 761 4271 etiam
788 4212 1075 4285 exprimit,
1097 4219 1263 4281 atque
1292 4226 1358 4265 ea
1388 4208 1668 4280 octoginta
1703 4217 1759 4262 et
1790 4207 2028 4278 amplius

449 4310 609 4369 annis
638 4318 764 4379 post
796 4305 1133 4363 Nestorium.
1158 4303 1312 4359 Alios
1337 4301 1561 4372 quidem
1588 4306 1738 4354 ve‘tat
1765 4298 1904 4354 duas
1928 4303 2027 4353 na-

402 4427 406 4433 -
449 4414 602 4456 turas
627 4400 835 4462 dicere,
877 4398 995 4469 ipse
1024 4410 1159 4451 vero
1195 4410 1291 4450 eas
1325 4409 1422 4464 per
1451 4391 1640 4448 omnia
1684 4404 1886 4460 negare
1927 4403 2052 4450 ne-V

448 4490 605 4561 quit;
639 4498 696 4546 et
724 4504 863 4560 quas
887 4487 1120 4544 confuso
1173 4494 1230 4541 et
1274 4483 1620 4555 aenigmatico
1661 4480 1825 4558 modo
1855 4480 1911 4535 in
1940 4479 2027 4533 al-

2137 1923 2493 1978 ὑποστάσεων
2531 1924 2626 1978 καὶ
2662 1923 2971 1996 προσώπων
2999 1926 3151 1991 δυὰς,
3185 1928 3268 1990 είς
3302 1928 3362 1981 ἓν
3389 1945 3443 1981 τι
3483 1929 3716 1999 συνδρα-

2137 2013 2316 2085 μοῧσα
2344 2014 2445 2084 τὴν
2474 2013 2533 2080 ἐξ
2577 2015 2780 2084 ἀμφοῖν
2819 2015 2950 2085 μίαν
2990 2015 3306 2082 ὑπόστασιν,
3352 2016 3452 2071 καὶ
3486 2017 3715 2071 ἀκολού-

2133 2107 2242 2167 θως
2262 2104 2320 2158 ἓν
2341 2107 2758 2177 ἐπιγραφομένῃ
2793 2106 2852 2159 τὸ
2889 2107 3235 2175 πρόσωπον.
3270 2108 3352 2162 Τὰ
3379 2108 3491 2180 γὰρ
3516 2108 3610 2162 δύο
3638 2107 3716 2180 μὴ

2062 2218 2063 2221 η
2132 2199 2190 2250 ὲν
2210 2197 2304 2251 δύο
2326 2198 2611 2267 φαίνεσθαι
2646 2199 2992 2270 προσώποις,
3035 2199 3142 2253 τῶν
3178 2200 3456 2254 ἀδυνάτων
3486 2201 3653 2257 ἐστίν.
3689 2221 3708 2253 ι

2201 2284 2330 2361 Ἆρ’
2358 2291 2419 2343 οὑ
2455 2290 2605 2345 δοκεῖ
2634 2307 2719 2343 σοι
2765 2290 2907 2361 μετά
2939 2292 3038 2362 τὴν
3079 2292 3355 2358 σύνθεσιν,
3391 2293 3563 2365 ἤγουν
3581 2294 3718 2347 ἔνω-

2134 2400 2239 2450 σιν,
2266 2382 2361 2438 δύο
2402 2385 2497 2439 καὶ
2534 2385 2734 2438 εἰδέναι
2774 2384 2868 2438 καὶ
2903 2383 3190 2454 ὀνομάζειν
3218 2385 3413 2456 φύσεις
3450 2386 3543 2440 ἐπὶ
3574 2374 3715 2458 Χρι-

2132 2475 2286 2541 στοῦ,
2325 2476 2423 2531 καὶ
2467 2474 2643 2530 ταῦτα
2681 2476 3117 2542 ὲνυποστάτους;
3152 2475 3219 2541 ἃς
3264 2477 3360 2531 καὶ
3400 2476 3600 2550 διαιρεῖ
3624 2479 3715 2532 ὅτε

2133 2568 2385 2641 βούλεται
2417 2570 2498 2635 είς
2532 2568 2648 2638 δύο,
2674 2569 2770 2624 καὶ
2801 2570 3026 2639 συνάγει
3048 2571 3130 2634 είς
3160 2569 3310 2642 μίαν,
3341 2571 3418 2636 ώς
3443 2572 3531 2624 ἐπ’
3565 2569 3718 2637 ἐξου-

2132 2661 2255 2726 σίας
2295 2661 2437 2732 ἔχων
2494 2662 2588 2715 καὶ⁹
2639 2660 2825 2728 λέγειν
2861 2661 2957 2715 καὶ
3004 2661 3292 2735 πράττειν.
3336 2664 3403 2718 ’0
3441 2664 3499 2716 ὲν
3545 2665 3716 2717 πᾶσιν

2130 2753 2310 2825 ἐαυτῷ
2354 2753 2788 2824 ἐναντιούμενος,
2828 2754 2856 2807 δ
2896 2753 2983 2807 διά
3030 2754 3130 2824 τὴν
3184 2753 3533 2827 κατασκευὴν
3582 2757 3717 2809 ἀνα-

2128 2846 2370 2919 τρέπων.
2412 2843 2473 2899 '0
2502 2845 2571 2899 δι’
2599 2838 2674 2900 ὧν
2703 2844 2956 2916 βούλεται
2988 2844 3118 2917 μίαν
3138 2845 3300 2915 φύσιν
3330 2848 3608 2918 συνιστᾷν,
3641 2846 3714 2900 δι’

2131 2939 2313 2994 αὐτῶν
2346 2938 2441 2993 δύο
2487 2938 2681 3008 φύσεις
2723 2936 3040 3009 παριστῶψ
3080 2937 3177 2991 καὶ
3236 2939 3296 2991 ὲν
3366 2937 3557 3017 αὑταῖς
3612 2936 3715 3007 μὲν

2106 3028 2322 3099 στῆναι
2362 3025 2439 3099 μὴ
2473 3026 2824 3098 βουλόμενος,
2856 3027 2931 3090 ὡς
2961 3026 3008 3081 δ’
3038 3026 3105 3081 ἂν
3138 3027 3283 3082 εῐποι
3321 3044 3407 3092 τις
3441 3027 3511 3081 δι’
3532 3026 3715 3081 αὑτῶν

2127 3118 2227 3191 τὴν
2260 3120 2496 3191 πάροδον
2526 3120 2868 3190 ποιούμενος.
2900 3112 2970 3192 ᾯ
2997 3120 3143 3192 μόνῳ
3164 3120 3260 3174 καὶ⁸
3285 3120 3385 3175 οὑκ
3412 3121 3557 3193 ἄλλῳ
3579 3123 3711 3189 τινὶ,

2129 3209 2220 3264 διὰ
2254 3209 2354 3280 τὴν
2397 3208 2709 3281 προσοῦσαν
2739 3209 2892 3282 αὑτῷ
2924 3210 3168 3282 χαμόθεν
3219 3212 3539 3283 οίησίσοφον
3571 3214 3710 3285 ἀρε-

2129 3303 2251 3371 τὴν,
2288 3302 2445 3374 ἐδόθη
2491 3304 2524 3374 ή
2562 3304 2723 3374 χάρις
2766 3304 2932 3375 αὕτη,
2988 3304 3078 3359 ἵνα
3117 3305 3247 3359 ὅταν
3288 3304 3568 3376 βούληται,
3599 3307 3713 3361 διαο

2130 3393 2379 3465 νοίγηται
2422 3391 2575 3464 αὑτῷ
2607 3395 2640 3465 ἡ
2670 3393 2767 3465 μία
2798 3393 2981 3464 φύσις,
3017 3395 3112 3448 καὶ
3142 3395 3511 3466 ἀναφαίνηται
3554 3396 3711 3468 αὑτῷ

2129 3483 2252 3537 δύο·
2283 3483 2380 3537 xal
2414 3483 2554 3554 μετά
2582 3482 2681 3553 τὴν
2710 3484 3017 3552 φαντασίαν
3044 3483 3156 3537 τῶν
3194 3483 3289 3538 δύο
3356 3483 3708 3555 συγκλείεται

2129 3576 2295 3631 πάλιν
2321 3577 2417 3630 καὶ
2447 3576 2741 3644 συνάγεται
2771 3578 2851 3640 είς
2873 3577 3094 3649 ἑαυτήν.

2198 3667 2371 3731 Αὑτδς
2404 3663 2498 3721 οὖν
2550 3666 2660 3739 ἄρα
2708 3666 2926 3737 πρῶτος
2973 3667 3154 3738 πάσης
3200 3666 3477 3732 ἀναιδείας
3502 3668 3710 3740 ἀνάμεο

2132 3774 2278 3821 στος,
2313 3757 2518 3830 ἐπειδὴ,
2543 3756 2638 3810 καὶ
2661 3755 2754 3809 δύο
2784 3756 2977 3827 φύσεις
3011 3756 3287 3828 ὁμολογεῖ.
3315 3756 3390 3811 Οὐ
3410 3752 3531 3831 ’γάρ
3560 3757 3708 3821 εἷπε,

2133 3849 2380 3922 Ἐπινοίᾳ
2408 3848 2796 3920 διαιρουμένης
2823 3849 2924 3919 τῆς
2949 3848 3183 3919 φύσεως.
3204 3848 3362 3913 ἀλλὰ,
3382 3850 3711 3921 Διαιρουμέ-

2132 3961 2251 4008 ναις
2282 3945 2399 4007 ταῖς
2431 3941 2662 4011 φύσεσιν
2685 3942 2808 4000 ’καὶ
2837 3942 2894 3994 ὲν
2917 3943 2984 4013 τῇ
3010 3940 3276 4005 συνθέσει,
3300 3939 3418 4010 οὑχ,
3449 3941 3709 4009 Ὑφιστα-

2131 4036 2302 4107 μένης
2316 4035 2415 4106 τῆς
2429 4034 2666 4105 φύσεως,
2683 4033 2822 4099 ἀλλ’,
2859 4033 3283 4104 ’Υφισταμέναις
3306 4035 3425 4097 ταῖς
3446 4032 3673 4101 φύσεσιν
3690 4049 3709 4064 ο

2129 4126 2226 4180 καὶ
2260 4126 2334 4197 μὴ
2390 4125 2551 4196 μόνον
2587 4125 2807 4180 σκοπῶν
2840 4125 2934 4179 καὶ
2978 4124 3157 4194 λέγων
3194 4124 3415 4189 ταύτας,
3448 4124 3585 4178 ά).λά
3615 4126 3713 4179 καὶ

2132 4219 2426 4290 ἐγγράφως
2458 4218 2911 4290 ἀποτυπούμενος
2934 4233 2947 4248 ·
2978 4219 3077 4272 καὶ
3106 4216 3281 4270 ταῦτα
3318 4215 3458 4285 μετά
3497 4216 3711 4270 Νεστό-

2136 4326 2272 4381 ριον,
2301 4308 2438 4379 μετά
2466 4306 2519 4362 π’
2549 4310 2646 4363 καὶ
2682 4309 2818 4380 πρὸς
2852 4308 2969 4380 ἔτη.
3020 4308 3079 4362 '0
3119 4307 3315 4371 ἄλλους
3342 4306 3443 4378 μιν
3472 4307 3711 4377 ἀποτρέ-

2133 4420 2253 4456 πων
2278 4401 2371 4455 δύο
2404 4394 2824 4472 φύσειξλέγειν,
2860 4401 3028 4465 αὐτὸς
3060 4401 3117 4454 δὲ
3150 4398 3226 4471 μὴ
3247 4399 3548 4471 δυνάμενος
3572 4416 3711 4454 παν-

2132 4493 2305 4557 τελῶς
2334 4492 2540 4558 ταύτας
2566 4492 2887 4564 ἀρνεῖσθαι*
2917 4494 2947 4547 ό
2972 4492 3060 4546 διὰ
3098 4491 3198 4563 μὲν
3234 4490 3346 4544 τῶν
3379 4489 3711 4562 παρατεθει-

445 4582 575 4638 latis
597 4581 789 4637 verbis
818 4581 1102 4637 innuerat.
1151 4578 1206 4633 in
1245 4578 1355 4632 alio
1392 4576 1515 4630 loco
1553 4573 1801 4646 ejusdem
1824 4576 2026 4626 tracta-

2135 4584 2242 4639 σῶν
2279 4585 2445 4639 αὑτοῦ
2490 4583 2691 4650 λέξεων
2735 4583 3108 4656 ἀμυδρότερον
3150 4582 3711 4653 καὶγριφωδέστερον

449 4686 539 4730 tus
570 4675 678 4729 alta
707 4688 843 4729 voce
872 4672 1169 4744 profitetur
1196 4690 1211 4724 :
1251 4689 1270 4721 ι
1299 4668 1481 4724 Nolite
1513 4666 1764 4723 scribere
1801 4664 2028 4721 Chalce-

448 4769 755 4821 donensem
784 4763 1056 4837 synodum
1107 4761 1245 4817 duas
1289 4759 1495 4815 dixisse
1542 4765 1808 4824 naturas;
1864 4756 2028 4826 longe

448 4858 615 4921 absit,
676 4855 775 4910 sed
827 4852 1233 4926 hypostaticam
1289 4850 1555 4906 unionem
1608 4856 1666 4902 et
1712 4838 1907 4902 vocem
1964 4861 2030 4899 ea:

448 4948 652 5002 duabus
711 4946 901 5002 dicere
948 4944 1257 5016 prohibuit.
1293 4961 1311 4994 ι
1372 4941 1432 4997 In
1472 4941 1676 4995 librum
1732 4947 1919 4994 autem
1959 4936 2030 4993 ad

448 5040 722 5110 Sergium,
753 5039 830 5093 ita
849 5038 1129 5108 loquitur:
1164 5054 1181 5088 ‹
1209 5035 1413 5091 Eadem
1437 5033 1604 5106 igitur
1623 5039 1808 5088 mente
1837 5030 2031 5086 incede

447 5139 505 5186 et
532 5130 1092 5203 progredere,eorum
1128 5129 1416 5185 immemor
1440 5143 1563 5198 quae
1589 5136 1761 5194 retro,
1785 5126 1840 5179 in
1857 5139 1926 5180 ea
1947 5124 2031 5178 in-
2083 5169 2086 5172 .

450 5230 636 5275 tentus
654 5238 777 5293 quae
792 5231 940 5287 ante,
959 5229 1016 5277 et
1031 5221 1309 5292 opinionis
1320 5220 1529 5275 oblitus
1558 5218 1809 5289 perditae,
1831 5230 1954 5286 quae
1975 5215 2031 5269 in

451 5328 617 5368 unam
651 5313 914 5370 conducit
954 5329 1020 5369 ea
1061 5328 1093 5369 e
1122 5313 1327 5384 quibus
1367 5311 1626 5367 Christus
1665 5311 1803 5365 citra
1835 5306 2036 5363 confu-

453 5406 665 5461 sionem
699 5414 936 5461 constat.
965 5405 1070 5472 Qui
1103 5406 1254 5459 enim
1302 5420 1453 5459 nunc
1503 5403 1900 5474 preprietatem
1936 5416 2031 5456 na-

454 5507 702 5554 turarum
737 5498 1078 5569 distinguere
1105 5498 1434 5563 contendit,
1464 5511 1495 5551 e
1521 5495 1725 5567 quibus
1754 5502 1840 5550 est
1868 5492 2033 5550 Chri-

451 5601 591 5655 stus,
615 5591 823 5661 absque
856 5589 1228 5646 confusione:
1262 5606 1411 5645 nunc
1448 5604 1579 5644 vero
1610 5588 1666 5643 in
1696 5603 1863 5642 unam
1892 5586 2031 5640 sub-

451 5683 708 5737 stantiam
722 5690 779 5738 et
795 5698 1089 5754 personam
1116 5684 1300 5738 omnia
1327 5682 1611 5752 coniungit
1631 5688 1691 5736 et
1714 5678 2029 5743 confundit,

447 5777 600 5833 visus
609 5787 695 5833 est
708 5793 776 5833 ex
787 5778 1133 5834 confessione
1147 5778 1488 5846 manipulum
1509 5776 1715 5831 atl'erre
1727 5792 1832 5830 non
1844 5774 2033 5828 haben-

440 5880 542 5924 tem
581 5873 713 5926 vires
744 5872 985 5942 utfaciat
1016 5872 1251 5942 farinam
1309 5868 1468 5941 (Osce
1486 5885 1600 5935 rm,
1625 5867 1701 5940 7).
1742 5887 1761 5921 ι
1825 5868 2030 5923 Natura

500 5962 581 6040 (ὅ)
612 5960 874 6021 Joannem
898 5961 1107 6018 scilicet
1142 5961 1554 6016 Caesariensem.

2129 4671 2335 4735 ταύτας
2362 4671 2673 4741 ὁμολογῶν*
2712 4673 2769 4725 ἐν
2802 4671 2859 4725 δὲ
2886 4671 3061 4742 ἑτέρῳ
3084 4671 3234 4740 τόπῳ
3255 4670 3352 4724 τοῦ
3383 4669 3550 4723 αὑτοῦ
3576 4687 3712 4739 συγ-

2094 4764 2479 4836 γράμματος,
2531 4766 2909 4835 φανερώτερον
2953 4761 3126 4833 βοῶν·
3162 4762 3380 4833 ,Μῆτις
3431 4762 3711 4832 ἐγράψατο

2129 4856 2228 4928 τὴν
2250 4859 2317 4911 γὲν
2349 4855 2657 4926 Χαλκηδόνι
2707 4856 2927 4909 σύνοδον
2953 4854 3047 4908 δύο
3076 4853 3269 4925 φύσεις
3310 4854 3571 4908 εἰποῦσαν
3615 4854 3710 4908 τὸν

2130 4948 2406 5020 Χριστόν;
2440 4947 2517 5019 μὴ
2566 4949 2802 5018 γένοιτο·
2850 4947 2968 5001 ἀλλ’
3006 4948 3088 5002 δτι
3116 4946 3215 5019 τὴν
3259 4946 3382 5001 καθ’
3410 4946 3710 5001 ὑπόστασιν

2130 5042 2347 5108 ἕνωσιν,
2379 5041 2475 5094 καὶ
2498 5039 2597 5111 τὴν
2623 5040 2692 5094 ἐκ
2722 5040 2833 5094 δύο
2860 5039 3043 5111 φωνὴν
3070 5041 3249 5093 εἰπεῖν
3276 5038 3657 5109 παρῃτήσατο.
3681 5055 3701 5090 ι

2144 5131 2232 5185 Ἐν
2252 5131 2308 5185 δὲ
2325 5129 2403 5200 τῷ
2428 5129 2564 5202 πρὸς
2584 5128 2835 5201 Σέργιον,
2854 5127 3028 5183 ταῦτά
3046 5144 3213 5199 φησιν
3230 5142 3247 5157 ο
3277 5145 3297 5179 ι
3310 5124 3414 5181 Ἰθι
3427 5126 3607 5181 τοίνυν
3619 5127 3708 5180 διὰ

2131 5226 2231 5297 τῆς
2259 5223 2430 5295 αὐτῆς
2456 5223 2715 5287 διανοίας,
2743 5223 2838 5277 Scal
2869 5223 2952 5287 είς
2975 5221 3218 5275 ἐπίδοσιν
3269 5220 3426 5288 ἄγου,
3471 5218 3580 5272 τῶν
3609 5220 3711 5289 μὲν

2132 5316 2354 5372 ὄπισθεν
2388 5315 2905 5388 ἐπιλανθανόμενος,
2951 5314 3086 5388 πρὸς
3101 5313 3160 5368 δὲ
3176 5313 3247 5368 τὰ
3262 5312 3574 5384 ἔμπροσθεν
3613 5314 3710 5367 ὲκ-

2131 5408 2574 5480 τεινόμενος,καὶ
2587 5408 2688 5479 τῆς
2710 5407 2882 5477 ὲσφαλ
2892 5406 3060 5478 μένης
3086 5405 3245 5477 δόξης
3269 5405 3485 5475 ἐκείνης
3501 5405 3603 5477 τῆς
3628 5406 3710 5468 εἰς

2137 5501 2269 5572 μίαν
2298 5499 2544 5571 ἀγούσης
2572 5499 2643 5553 τὰ
2667 5499 2727 5565 ἐξ
2751 5492 2825 5555 ὧν
2851 5497 3175 5568 ἁσυγχὺτως
3207 5496 3355 5550 ἔστιν
3391 5497 3421 5549 ό
3449 5496 3707 5567 Χριστός.

2132 5592 2409 5664 Φήσαντος
2433 5589 2543 5662 γὰρ
2571 5590 2633 5644 οὑ
2660 5588 3041 5660 συνομολογεῖν
3068 5586 3310 5658 ἰδιότητα
3334 5584 3442 5640 τῶν
3467 5583 3709 5653 φύσεων,

2135 5684 2197 5750 ἐξ
2227 5677 2301 5739 ὧν
2347 5682 2673 5755 ἀσυγχύτως
2712 5681 2862 5735 ἔστιν
2901 5683 2930 5734 ὁ
2973 5680 3228 5751 Χριστὺς,
3280 5678 3377 5732 καὶ
3416 5677 3583 5731 πάλιν
3632 5680 3713 5740 εἰς

2136 5776 2268 5847 μίαν
2308 5775 2498 5829 οὐσίαν
2542 5773 2638 5828 καὶ
2691 5772 2884 5842 ἰδίωμα
2931 5770 2994 5824 τὸ
3041 5770 3152 5823 πᾶν
3182 5765 3597 5845 συναλείφοντος
3622 5766 3715 5819 καὶ

2137 5866 2485 5939 συγχέοντος,
2515 5864 2746 5937 εὑρέθην
2775 5862 3133 5935 κομιζόμενος
3161 5861 3269 5915 ἀπὸ
3297 5860 3397 5930 τῆς
3424 5857 3714 5930 ὁμολογίας
