4112 6526
457 429 559 490 909

1497 423 1860 482 EPISTOLA
1901 425 1996 484 DE
2037 430 2337 488 DUAilUb
2374 428 2731 491 ῢΛιυτηἙ.

454 545 675 615 δράγμα
700 542 787 612 μὴ
828 541 973 609 ἔχον
1001 540 1186 610 ἰσχὺν
1230 537 1478 605 ποιῆσαι
1504 539 1786 606 ἄλευρον.
1812 560 1830 592 ι
1862 540 2017 601 Φύσις

2130 548 2187 593 et
2218 542 2527 597 substantia
2571 543 2657 596 vel
2689 538 2833 609 apud
2868 540 3134 594 Severum
3167 540 3311 596 idem
3362 552 3513 598 sunt.
3569 543 3707 598 Dum

454 638 549 692 καὶ
577 635 734 689 οὐσία
766 634 861 686 καὶ
914 636 1069 703 παρὰ
1132 631 1357 701 Σευήρῳ
1401 630 1596 683 ταυτόν
1644 632 1813 684 ἐστιν.
1858 632 1915 683 Ὀ
1938 627 2032 683 οὖν

454 727 809 799 μεμφόμενος
841 724 936 777 τὸν
974 727 1055 788 είς
1096 725 1227 794 μίαν
1272 724 1458 775 οὐσίαν
1506 724 1624 793 ἦτοι
1692 723 1856 791 φύσιν
1907 742 2033 776 συνο

449 823 651 887 άγοντα
682 819 746 870 τὰ
768 814 827 880 ἐξ
853 810 927 869 ὧν
953 818 981 868 ό
1010 815 1262 885 Χριστὸς,
1284 815 1403 885 οὐχὶ
1432 814 1680 885 φανερῶς
1711 816 2031 885 ἀποδέχεται

448 913 573 974 τοὺς
606 911 701 963 δύο
720 912 815 963 καὶ
836 908 974 978 μετὰ
1001 908 1101 979 τὴν
1131 910 1325 961 ἕνωσιν
1349 908 1743 977 ὁμολογοῦντας
1765 926 1779 975 ἶ

517 1004 629 1056 Kal.
658 1005 715 1054 ὲν
753 1002 829 1071 τῷ
864 1002 1101 1071 δευτέρῳ
1143 1002 1200 1054 δὲ
1238 1001 1384 1072 λόγῳ
1411 1001 1489 1072 τῷ
1521 1002 1659 1072 πρὸς
1700 1002 1861 1057 αὑτὸν
1897 1003 2029 1074 Σέρ-

447 1111 566 1161 γιον
599 1088 774 1164 (οὗτος
806 1092 862 1145 δὲ
886 1089 955 1163 ἦν
979 1092 1367 1163 γραμματικὸς
1389 1092 1840 1163 Εὐτυχιανιστὴς)
1856 1092 2024 1163 λέγει·

452 1206 472 1239 ι
504 1188 628 1250 Πῶς
657 1188 718 1240 οὐ
766 1187 1171 1254 καταγέλαστον
1202 1188 1298 1240 καὶ
1326 1187 1388 1240 τὸ
1416 1187 1595 1255 λέγειν
1623 1187 1716 1241 δύο
1760 1188 2029 1259 ἰδιότητας

446 1276 598 1348 ἤδῦο
630 1277 949 1347 ἐνεργείας;
990 1275 1165 1329 Πολλὰ
1199 1277 1309 1346 γάρ
1348 1277 1463 1328 ἐστι
1498 1276 1591 1329 καὶ
1641 1278 1702 1330 οὐ
1738 1276 1831 1330 δύο
1866 1278 2026 1348 μόνον

447 1367 684 1433 ἑκάστης
717 1365 932 1434 φύσεως
956 1382 968 1395 ·
1001 1359 1109 1418 οἷον
1144 1366 1245 1435 τῆς
1283 1366 1706 1436 ἁνθρωπότητος
1735 1366 1795 1419 τὸ
1834 1368 2024 1433 ἁπτὸν,

446 1460 505 1514 τὸ
538 1460 752 1529 ὁρατὸν,
780 1459 840 1510 τὸ
868 1458 1082 1528 θνητὸν,
1119 1459 1178 1511 τὸ
1212 1458 1537 1513 ὑποκεῖσθαι
1572 1460 1733 1531 πείνῃ
1766 1460 1862 1512 καὶ
1895 1460 2025 1532 δίψῃ

448 1554 538 1607 καὶ
592 1554 705 1613 τοῖς
754 1550 932 1612 ἄλλοις
976 1551 1206 1619 ὁμοίως·
1240 1551 1336 1602 καὶ
1389 1550 1491 1619 τῆς
1536 1549 1684 1612 θείας
1712 1551 1767 1601 δὲ
1807 1550 2025 1618 φύσεως

446 1646 617 1700 πολλὰ
666 1651 735 1697 τὰ
782 1644 907 1708 ἴδια,
935 1643 998 1694 τὸ
1031 1642 1288 1712 ἀόρατον,
1323 1642 1383 1694 το
1413 1644 1639 1712 ἀναφὲς,
1667 1644 1726 1696 τὺ
1780 1623 2023 1713 προοιιῶ-

444 1756 581 1801 νιον,
641 1737 701 1789 τὸ
755 1735 1190 1805 ἀπερίγραπτον.
1222 1726 1466 1805 ’Ὁμοίως
1516 1736 1612 1788 καὶ
1667 1734 1735 1788 τὰ
1791 1736 2022 1807 ἐνεργής

447 1828 794 1899 ματαγπολλὰ
842 1829 934 1879 καὶ
960 1827 1230 1895 διάφορα·
1265 1828 1359 1881 καὶ
1404 1827 1643 1880 τοσαῦτα
1692 1829 1791 1881 ὅσα
1825 1830 1889 1883 ἄν
1934 1848 2018 1892 τις

443 1922 585 1973 είποι
620 1919 849 1990 πράξεις
882 1918 1030 1981 θείας
1062 1936 1120 1970 τε
1146 1918 1241 1971 καὶ
1265 1919 1634 1989 ἀνθρωπίνας.
1663 1940 1680 1970 ι
1717 1920 1846 1975 Ἰδοὺ
1878 1918 2021 1974 οἶδεν

443 2016 537 2067 καὶ
579 2013 720 2083 μετὰ
772 2011 871 2083 τὴν
936 2012 1132 2063 ἕνωσιν
1178 2012 1357 2079 λέγειν
1406 2014 1645 2084 ἑκάστην
1685 2014 1880 2083 φύσιν·
1928 2016 2020 2069 ἐπὶ

446 2107 573 2173 μιᾶς
600 2102 654 2156 δὲ
684 2102 903 2170 φύσεως
939 2102 1145 2169 ὲκάὰτη
1182 2102 1343 2169 φύσις
1387 2102 1447 2154 οὐ
1497 2103 1735 2171 λέγεται,
1772 2104 1889 2158 ἀλλ’
1927 2106 2020 2158 ἐπὶ

442 2198 568 2250 δύο·
603 2198 698 2250 καὶ
728 2197 756 2247 ὁ
786 2195 962 2264 λέγων
995 2196 1087 2248 ἐπὶ
1132 2194 1372 2265 Χριστοῦ
1414 2194 1565 2248 θείαν
1608 2196 1791 2265 φύσιν,
1839 2216 2017 2269 παρα-

439 2288 591 2359 δηλοῖ
634 2287 727 2340 καὶ
758 2286 859 2357 τὴν
888 2285 1466 2356 ἀντιδιαστελλομένην
1518 2288 1866 2359 ἀνθρωπίνην
1916 2290 2014 2359 φύ-

442 2398 528 2434 σιν
561 2379 779 2433 εἰδέναι.
808 2379 918 2432 Καὶ
942 2377 1148 2432 τούτων
1180 2379 1452 2448 ίδιότητας
1479 2382 1573 2433 καί
1609 2382 1889 2454 ἐνεργείας
1917 2400 2019 2451 φη-

443 2474 526 2525 civ
558 2473 587 2524 ὁ
628 2473 686 2524 ὲν
723 2469 938 2533 πολλοῖς
971 2470 1136 2523 αὐτοῦ
1188 2471 2019 2543 συντάγμασινὰναθεματίζων

444 2567 569 2627 τοὺς
599 2564 857 2634 λέγοντας
891 2564 983 2617 ἐπὶ
1016 2561 1255 2634 Χριστοῦ
1286 2562 1554 2631 ἰδιότητας
1584 2565 1680 2616 καὶ
1716 2566 2014 2636 ἐνεργείας.

454 2659 517 2712 Ὀ
553 2658 641 2711 διὰ
667 2657 869 2727 πολλὴν
894 2655 1088 2725 σοφίαν
1118 2655 1299 2725 πάσης
1330 2654 1489 2725 δόξης
1512 2655 1761 2728 μαθητὴς
1793 2658 1885 2712 καὶ
1909 2659 2015 2712 πά-

449 2765 570 2811 cat;
596 2749 920 2818 μαχόμενος,
949 2747 1155 2818 ἑκάστῃ
1183 2745 1237 2798 δὲ
1262 2748 1325 2818 τῇ
1348 2747 1628 2819 ἀντιθέτῳ.

515 3020 640 3082 Τοῖς
663 3019 760 3089 μὲν
782 3018 887 3090 γὰρ
916 3019 1363 3089 Εὑτυχιανισταῖς
1384 3020 1504 3090 ἦτοι
1535 3018 2021 3081 Φαντασιανισταῖς

446 3113 559 3175 τοῖς
605 3112 704 3181 τῆς
746 3111 1075 3180 Ἐκκλησίας
1110 3111 1377 3180 δόγμασιν
1427 3109 1745 3163 ἀνθίστατο·
1779 3108 1939 3178 φύσιν
1963 3109 2019 3163 δὲ

445 3204 607 3271 φύσιν
638 3204 834 3271 λέγων,
872 3204 967 3255 καί
1000 3202 1242 3271 ἑκάστην
1288 3201 1383 3254 καὶ
1430 3200 1581 3255 Θείαν
1611 3202 1707 3255 καὶ
1737 3200 2018 3272 ἀνθρωπί-

2058 1891 2097 1944 Β

2136 631 2305 700 igitur
2333 648 2429 686 eos
2462 634 2700 697 incusat,
2728 631 2822 702 qui
2860 632 2915 684 in
2948 647 3110 685 unam
3150 642 3400 685 naturam
3432 643 3527 688 aut
3578 636 3710 688 sub-

2133 724 2390 777 stantiam
2438 739 2501 777 ea
2541 723 2874 777 contrahunt
2925 736 2954 775 e
2979 721 3182 790 quibus
3208 721 3483 789 Christus,
3522 740 3707 779 nonne

2132 814 2417 867 evidenter
2470 814 2592 867 illos
2640 813 2837 882 probat
2865 812 2958 881 qui
3009 813 3147 867 duas
3179 822 3427 878 naturas,
3462 814 3547 869 vel
3583 825 3707 886 post

2132 907 2395 961 unionem
2428 906 2763 959 confitentur
2795 905 2820 957 ?

2201 999 2342 1053 Dicit
2403 999 2568 1051 etiam
2618 999 2671 1051 in
2733 1000 2976 1052 secunda
3030 999 3282 1055 oratione
3329 1001 3396 1056 ad
3445 1002 3703 1057 eumdem

2134 1089 2389 1162 Sergium
2442 1090 2556 1161 (hic
2602 1099 2723 1144 erat
2778 1091 3169 1161 grammaticus
3218 1093 3701 1164 Eutychianista):

2137 1201 2155 1233 ι
2186 1182 2291 1249 Qui
2321 1197 2429 1238 non
2467 1181 2761 1235 ridiculum
2797 1182 2985 1237 dicere
3031 1182 3168 1236 duas
3202 1184 3573 1253 proprietates
3610 1194 3706 1238 aut

2128 1276 2267 1330 duas
2301 1276 2690 1345 operationes?
2750 1276 2931 1329 Multae
2977 1276 3122 1329 enim
3156 1287 3306 1340 sunt,
3340 1287 3396 1332 et
3428 1293 3537 1331 non
3585 1276 3706 1330 dua:

2128 1376 2342 1422 tantum
2376 1368 2645 1438 cujusque
2671 1378 2918 1429 naturae;
2978 1368 3050 1421 ita
3098 1366 3340 1424 hominis
3369 1378 3453 1425 est
3485 1370 3589 1425 sub
3623 1379 3706 1425 ta-

2135 1468 2285 1513 ctum
2327 1466 2383 1513 et
2414 1460 2516 1513 sub
2547 1469 2901 1529 conspectum
2933 1460 3131 1515 cadere
3158 1479 3171 1526 ;
3198 1461 3363 1515 morti
3405 1463 3702 1517 obnoxium

2126 1565 2269 1614 esse,
2306 1566 2369 1605 ae
2403 1551 2534 1604 fami
2571 1560 2627 1603 et
2675 1552 2787 1615 siti,
2824 1561 2879 1605 et
2926 1562 3125 1609 cmtera
3179 1553 3409 1623 hujusce
3462 1556 3703 1625 generis.

2125 1642 2441 1697 Divinitatis
2468 1659 2687 1713 quoque
2738 1645 2923 1697 multm
2954 1644 3353 1713 proprietates,
3399 1661 3523 1699 nam
3566 1644 3706 1699 invi-

2124 1733 2320 1797 sibilis,
2355 1734 2639 1797 inlactilis,
2668 1745 2895 1799 aeterna,
2950 1734 3449 1807 incircumscripta.
3489 1737 3704 1791 Pariter

2122 1834 2179 1879 et
2210 1826 2439 1881 eil‘ectus
2477 1841 2698 1896 quoque
2730 1834 2858 1881 sunt
2906 1827 3184 1882 innumeri
3217 1828 3476 1893 ac'varii,
3516 1839 3571 1884 et
3624 1838 3703 1883 tot

2130 1917 2402 1982 invenies,
2445 1928 2579 1987 quot
2609 1928 2765 1972 actus
2811 1919 3129 1973 hominibus
3173 1929 3267 1974 aut
3292 1920 3421 1975 Deo.
3456 1922 3701 1977 tribuere

2128 2009 2360 2078 poteris.
2392 2028 2409 2060 ι
2443 2010 2522 2063 En
2556 2010 2641 2065 vel
2678 2017 2803 2079 post
2841 2010 3101 2065 unionem
3136 2024 3426 2083 utramque
3449 2023 3699 2068 naturam

2128 2100 2315 2155 dicere
2345 2116 2453 2154 non
2483 2101 2736 2166 dubitat;
2773 2101 2840 2154 ad
2875 2117 3038 2155 unam
3073 2119 3205 2157 vero
3251 2113 3501 2158 naturam
3546 2113 3700 2158 utra-

2127 2208 2235 2263 que
2255 2202 2447 2247 natura
2465 2209 2573 2247 non
2604 2192 2863 2257 refertur,
2886 2194 2980 2247 sed
3002 2194 3065 2247 ad
3091 2196 3228 2249 duas
3254 2212 3265 2247 ε
3288 2196 3381 2265 qui
3406 2197 3459 2248 in
3480 2196 3701 2251 Christo

2128 2283 2372 2340 divinam
2454 2293 2707 2339 naturam
2764 2284 3054 2356 praedicat,
3114 2286 3319 2340 iudicat
3364 2302 3422 2341 se
3478 2303 3699 2357 quoque

2126 2376 2431 2446 oppositam
2496 2376 2621 2430 huic
2698 2376 2993 2430 humanam
3048 2384 3301 2432 naturam
3377 2395 3697 2449 agnoscere.

2126 2464 2398 2536 Loquitur
2428 2466 2592 2520 etiam
2626 2466 2693 2520 de
2726 2467 2952 2521 istarum
2978 2469 3409 2538 proprietatibus
3428 2478 3483 2524 et
3508 2485 3703 2540 opera-

2127 2559 2376 2615 tionibus
2404 2561 2497 2630 qni
2534 2562 2588 2614 in
2639 2560 2825 2615 multis
2872 2562 3197 2617 tractatibus
3248 2578 3343 2617 eos
3377 2565 3700 2620 anathema-

2126 2650 2257 2705 tizat
2307 2651 2401 2722 qui
2441 2652 2497 2705 in
2539 2650 2764 2706 Christo
2818 2651 3189 2721 proprietates
3231 2660 3287 2707 et
3348 2656 3702 2725 operationes

2127 2744 2486 2800 confitentur.
2557 2742 2649 2799 Sic
2675 2750 2902 2813 propter
2934 2758 3202 2797 summam
3240 2745 3563 2816 sapientiam
3599 2746 3700 2801 do-

2128 2836 2338 2890 ctrinas
2369 2850 2562 2889 omnes
2592 2833 2755 2888 simul
2789 2832 3034 2887 defendit
3066 2843 3121 2889 et
3164 2834 3469 2908 impugnat,
3504 2838 3587 2892 vel
3619 2839 3702 2894 di-

2125 2929 2475 2983 versissimas
2507 2930 2651 2984 inter
2676 2944 2756 2984 se.

2198 3020 2631 3091 Eutychianistis
2651 3022 2797 3075 enim
2835 3031 2929 3077 aut
2956 3022 3416 3080 Phantasiauistis
3442 3026 3700 3081 Ecclesiae

2126 3110 2382 3182 dogmata
2430 3111 2660 3181 objicit,
2715 3122 2970 3167 naturam
3017 3129 3241 3179 vocans,
3292 3123 3348 3169 et
3407 3124 3699 3185 utramque

2125 3203 2412 3259 confessus
2450 3202 2692 3258 divinam
2734 3214 2791 3259 et
2837 3204 3159 3270 humanam,
3211 3215 3268 3261 et
3314 3207 3511 3263 harum
3566 3222 3700 3278 pro-

443 3314 563 3367 νην,
594 3297 689 3349 καί⁴
717 3295 921 3348 τούτων
953 3296 1222 3365 ἰδιότητας
1258 3295 1352 3347 καὶ
1382 3294 1681 3366 ἐνεργείας.
1722 3294 1852 3347 Ὅτε
1873 3294 1929 3347 δὲ
1955 3300 2017 3365 τῇ

2126 3297 2390 3369 prietates
2417 3304 2472 3351 et
2501 3296 2869 3365 operationes.
2920 3297 3152 3363 Quando
3206 3306 3390 3354 autem
3439 3300 3699 3355 Ecclesia:

456 3390 753 3461 Ἐκκλησία
816 3390 1091 3458 μάχεται,
1160 3387 1550 3458 ἀναθεματίζει
1605 3387 1819 3453 ταῦτα,
1879 3389 2017 3459 ᾶπερ

2123 3390 2469 3455 adversatur,
2515 3388 2706 3444 eadem
2754 3393 2980 3444 damnat
3029 3407 3152 3461 qua:
3217 3405 3411 3448 contra
3462 3394 3697 3465 phanta-

444 3483 586 3535 κατὰ
633 3483 729 3551 τῆς
776 3480 1078 3548 φαντασίας
1121 3480 1487 3550 προεϐάλετο·
1538 3483 1648 3545 τοῖς
1700 3480 1756 3533 δὲ
1807 3481 2017 3552 ἐκείνης

2123 3490 2359 3537 smatum
2388 3480 2633 3536 fautores
2654 3492 3121 3551 propugnaverat,
3150 3492 3207 3538 et
3238 3485 3307 3538 ab
3338 3485 3471 3555 ipsis
3498 3486 3699 3540 adver-

444 3576 789 3636 συστατικοῖς
820 3575 1219 3644 ἐπιχειρήμασι
1256 3572 1525 3645 κέχρηται
1564 3574 1706 3626 κατὰ
1754 3574 1851 3643 τῆς
1886 3574 2019 3645 ἁλη-

442 3668 618 3731 θείας,
660 3667 744 3719 ἵνα
834 3669 862 3719 ό
891 3666 1185 3734 λεγόμενος
1208 3666 1692 3736 δοξοκαθαιρέτης,
1725 3666 1753 3718 ὁ
1778 3667 1872 3718 καὶ
1895 3657 2021 3719 ἑαν-

441 3762 520 3831 τῷ
565 3763 659 3815 καὶ
702 3762 836 3813 πᾶσι
870 3762 982 3823 τοῖς
1029 3759 1205 3823 ἁγίοις
1239 3758 1487 3829 Πατράσι
1526 3758 1835 3829 μαχόμενος
1857 3776 1870 3789 ·
1904 3760 2021 3822 πῶς

443 3855 554 3923 γὰρ
584 3855 643 3905 οὗ
705 3854 942 3921 μάχεται
990 3852 1102 3912 τοῖς
1138 3850 1418 3918 Πατρὰσιν
1448 3852 1476 3903 ὁ
1503 3850 1673 3902 εἰπὼν
1703 3852 1762 3902 ὲν
1794 3853 1861 3921 τῇ
1897 3851 2020 3903 Ἑκ-

444 3948 605 4001 θέσει
635 3946 742 4013 τῆς
778 3946 1035 4009 πίστεως
1091 3942 1278 4007 αὑτοῦ,
1314 3945 1395 3996 ὅτι
1434 3945 1719 4014 είρήκασιν
1772 3945 1820 3996 οί
1872 3944 2018 4013 ἆγιοι

444 4040 685 4109 Πατέρες
707 4038 799 4092 δύο
827 4022 1053 4105 φύσεις
1098 4035 1185 4089 Ἐν
1212 4035 1269 4087 δὲ
1293 4038 1358 4106 τῇ
1402 4037 1649 4106 συνοδικῇ
1692 4036 1861 4090 αὑτοῦ
1894 4038 2018 4089 ἑπι-

444 4130 607 4200 στολῇ
643 4132 707 4199 τῇ
754 4127 890 4199 πρὸς
932 4126 1027 4179 τὸν
1058 4124 1338 4209 Νικιιώτην
1372 4125 2017 4197 ἁναθεματίζωνίαὺτοὺς

441 4226 496 4276 ὲν
526 4222 603 4290 τῷ
638 4220 898 4290 γράφειν·
943 4237 961 4268 ι
994 4216 1494 4288 Ἀναθεματίζομεν
1517 4216 1608 4270 οὖν
1646 4219 1771 4281 τοὺς
1803 4218 1896 4270 δύο
1927 4218 2015 4271 λέ-

438 4330 635 4381 γοντας
677 4313 709 4382 ἢ
749 4312 1000 4373 εἰπόντας
1033 4311 1225 4378 φύσεις
1259 4309 1399 4380 μετὰ
1428 4311 1527 4379 τὴν
1579 4311 1857 4381 ἄφραστον
1882 4309 2015 4364 ’ἐνω-

440 4424 528 4458 σιν
582 4406 671 4458 τὸν
700 4404 796 4457 ἕνα
833 4403 1041 4475 Κύριον
1076 4402 1235 4473 ἡμῶν
1252 4402 1459 4472 Ἰησοῦν
1484 4402 1773 4473 Χριστόν.»
1796 4402 1893 4456 Διὰ
1916 4400 2010 4455 τοῦ

437 4499 757 4561 εἰπόντας,
821 4496 944 4555 τοὺς
1012 4495 1197 4563 ἁγίους
1276 4494 1525 4565 Πατέρας
1587 4493 2009 4564 ἀναθεμάτισεν,

2122 3589 2217 3629 sus
2248 3573 2539 3628 veritatem
2578 3590 2730 3628 arma
2756 3584 3060 3638 mutuatur,
3105 3586 3165 3629 ut
3208 3575 3279 3629 sit
3310 3593 3441 3632 vere
3473 3577 3697 3648 dogma-

2122 3676 2236 3722 tum
2263 3683 2507 3731 eversor,
2541 3666 2764 3721 sibimet
2792 3678 2847 3721 et
2880 3668 3087 3721 sanctis
3120 3668 3377 3723 Patrihus
3421 3686 3693 3740 pugnans.

2119 3758 2222 3826 Qui
2260 3758 2409 3813 enim
2454 3757 2711 3813 Patribus
2753 3774 2862 3813 non
2901 3759 3290 3815 adversaretur
3333 3762 3427 3831 qui
3473 3761 3529 3816 in
3585 3762 3697 3816 Ea:-

2120 3856 2374 3925 positione
2404 3854 2526 3923 ﬁdei
2553 3870 2664 3909 sua:
2694 3852 2856 3919 dixit,
2888 3871 2918 3909 a
2954 3855 3161 3911 sanctis
3191 3858 3448 3913 Patribus
3483 3860 3697 3929 agnitas

2118 3965 2240 4005 esse
2284 3949 2420 4003 duas
2452 3960 2679 4003 naturas
2709 3990 2723 4013 ,
2762 3950 2817 4002 in
2850 3950 3113 4020 synodica
3153 3967 3288 4006 vero
3330 3952 3575 4023 Epistola
3625 3956 3693 4009 ad

2117 4042 2371 4105 Nicioten
2400 4057 2501 4097 eos
2540 4042 2973 4097 anathematizat
3008 4043 3303 4099 scribendo
3333 4063 3346 4099 :
3399 4063 3417 4095 ‹
3450 4046 3694 4101 Anathe-

2118 4135 2441 4190 matizamus
2467 4134 2636 4205 igitur
2663 4149 2760 4188 eos
2794 4134 2886 4202 qui
2908 4143 3031 4204 post
3061 4134 3396 4191 ineffabilem
3428 4138 3689 4193 unionem

2118 4241 2288 4279 unum
2329 4226 2624 4280 Dominum
2691 4232 2941 4277 nostrum
2986 4224 3171 4279 Jesum
3218 4224 3499 4281 Christum
3553 4227 3693 4281 duas

2116 4317 2319 4371 habere
2349 4308 2578 4371 nat’uras
2605 4316 2800 4371 dicunt
2845 4324 2940 4369 aut
2975 4315 3281 4370 dixerunt?
3314 4337 3332 4369 ι
3363 4317 3467 4372 Per
3497 4334 3688 4373 vocem

2113 4410 2382 4473 dixerunt,
2434 4418 2652 4463 sanctos
2703 4408 2893 4463 Patres
2922 4407 3368 4473 anathematizat,
3402 4408 3518 4478 qui,
3572 4411 3690 4479 ipso

2112 4508 2371 4562 testante,
2420 4500 2627 4568 absque
2685 4498 2799 4552 ullo
2850 4498 3081 4553 crimine
3138 4499 3408 4553 vocabulo
3457 4503 3686 4553 duarum

435 4591 562 4652 τοὺς
592 4587 930 4657 ἀδιαόλήτως
956 4585 1055 4657 τὴν
1088 4585 1270 4655 φωνὴν
1299 4586 1592 4655 είρηκότας
1614 4577 1758 4638 κατὰ
1775 4586 1874 4653 τὴν
1907 4586 2010 4639 αὖ·

2121 4599 2435 4644 naturarum
2488 4589 2570 4643 usi
2623 4598 2791 4651 sunt;
2851 4602 2960 4641 non
3009 4587 3299 4657 distinguit
3344 4588 3525 4654 enim,
3584 4604 3688 4641 nec

436 4679 529 4731 τοῦ
580 4677 917 4749 μαρτυρίαν·
975 4676 1039 4728 οὗ
1091 4675 1197 4747 γὰρ
1239 4666 1676 4745 προσδιωρίσατο
1728 4674 1822 4727 καὶ
1855 4669 2009 4729 εἶπεν

440 4763 563 4831 τοὺς
595 4766 780 4829 κακῶς
825 4764 1209 4837 χρησαμένους
1257 4766 1325 4834 τῇ
1371 4763 1535 4828 λέξει,
1565 4762 1680 4815 ἀλλ’
1726 4763 2011 4828 ἀπολύτως

436 4862 539 4932 ἔφη
574 4862 697 4924 τοὺς
728 4858 1039 4927 εῖρηκότας
1063 4856 1155 4909 δύο
1186 4854 1397 4924 φύσεις.
1428 4855 1527 4908 Διά
1570 4854 1625 4907 δὲ
1668 4854 1762 4907 τοῦ
1800 4857 2012 4925 λέγον-

438 4973 560 5021 τας,
587 4953 778 5013 ἑαυτὸν
804 4949 1193 5020 ἁναθεματίζει
1212 4965 1226 4980 ·
1268 4944 1421 5000 εἶπεν
1466 4949 1574 5018 γὰρ
1597 4948 1689 5000 καὶ
1718 4948 1903 5012 αὐτὸς.
1935 4949 2011 5011 ὡς

436 5048 940 5118 προαποδέδεικται.

518 5139 981 5208 Ἀξιοθαύμαστος
1022 5136 1078 5189 δὲ
1124 5135 1239 5195 καὶ,
1265 5135 1393 5188 ὅταν
1444 5134 1846 5205 ἀποφαίνηται·
1879 5154 1897 5186 ι
1928 5133 2010 5186 Τὰ

435 5232 545 5302 γὰρ
566 5230 660 5284 δύο
694 5230 769 5300 μὴ
794 5232 852 5282 ὲν
874 5227 970 5281 δύο
997 5225 1309 5297 προσώποις
1340 5225 1647 5294 φαίνεσθαι,
1678 5226 1787 5278 τῶν
1815 5226 2009 5279 eam.

438 5340 542 5377 των
599 5323 810 5376 ἐστίν.»
850 5321 971 5373 Ἵνα
1022 5320 1201 5373 πάντα
1249 5317 1536 5389 παρῶμεν,
1588 5318 1863 5388 πανταχοῦ
1915 5319 2009 5372 δύο

436 5414 626 5483 φύσεις
654 5414 827 5478 λέγων
852 5411 1014 5474 αὐτὸς
1036 5412 1258 5463 σκοπεῖν
1285 5413 1343 5463 ἐν
1372 5410 1447 5480 τῷ
1474 5408 1718 5479 Χριστῷ,
1750 5409 1841 5462 δύο
1867 5411 2005 5464 πάν-

438 5521 544 5566 τως
566 5506 658 5557 καὶ
691 5503 960 5568 πρόσωπα
982 5501 1131 5571 λέγει
1157 5502 1213 5551 ὲν
1246 5498 1415 5568 αὐτῷ,
1442 5498 1585 5552 κατὰ
1603 5501 1700 5569 τὴν
1731 5501 2007 5569 ἀπόφασιν

438 5595 624 5649 αὐτοῦ.
652 5599 762 5649 Καὶ
791 5598 839 5647 εί
880 5597 979 5666 μὲν
1017 5593 1408 5663 φαντασιώδεις
1458 5593 1655 5663 θεωρεῖ
1688 5592 1784 5655 τὰς
1816 5594 2006 5661 φύσεις

437 5690 495 5740 ὲν
524 5686 602 5756 τῷ
620 5687 840 5756 Χριστῷ
870 5688 1179 5750 ἀκολούθως
1201 5684 1548 5756 φαντασιὼδη
1583 5685 1779 5755 θεωρεῖ
1811 5686 1905 5739 καὶ
1937 5687 2005 5738 τὰ

435 5778 706 5847 πρόσωπα
728 5795 741 5807 ·
777 5780 823 5829 εί
853 5777 909 5829 δὲ
937 5778 1212 5840 οὐσιῶδεις
1260 5778 1402 5831 κατά
1449 5776 1731 5847 ἀλήθειαν,
1788 5777 2005 5846 ἀληθῶς

434 5870 777 5925 ἔνυπόστατα
802 5871 897 5924 καὶ
928 5870 994 5922 τὰ
1019 5870 1287 5940 πρόσωπα
1320 5870 1543 5941 θεωρεῖ·
1571 5868 1666 5922 δύο
1696 5864 1789 5926 οὖν
1814 5869 2004 5941 φύσεις

2113 4680 2267 4741 dicit,
2297 4678 2399 4745 Qui
2435 4694 2599 4747 prave
2628 4678 2731 4732 hoc
2772 4677 3043 4731 vocabulo
3075 4677 3158 4730 usi
3200 4687 3362 4741 sunt,
3395 4678 3489 4733 sed
3527 4677 3687 4733 abso-

2111 4773 2247 4837 lute,
2274 4772 2377 4838 Qui
2404 4774 2645 4826 dixerunt
2681 4772 2819 4825 duas
2850 4779 3095 4827 naturas.
3139 4770 3242 4828 Per
3266 4785 3455 4824 vocem
3496 4781 3685 4829 autem

2111 4864 2310 4927 dicunt,
2371 4864 2611 4933 seipsum
2668 4862 2929 4927 damnat;
2980 4877 3104 4920 nam
3136 4869 3192 4915 et
3225 4860 3340 4930 ipse
3395 4862 3684 4919 confessus

2110 4966 2191 5009 est
2216 4953 2354 5007 duas
2382 4963 2627 5015 naturas,
2659 4961 2716 5006 ut
2750 4966 2915 5024 supra
2943 4951 3461 5010 demonstravimus.

2181 5134 2386 5204 Dignus
2408 5141 2493 5188 est
2522 5133 2687 5190 etiam
2720 5131 3081 5189 admiratione
3130 5133 3353 5204 quando
3399 5134 3681 5191 declarat:

2115 5245 2134 5278 ι
2164 5224 2507 5295 lmpossibile
2549 5234 2635 5280 est
2670 5224 2778 5279 duo
2809 5238 2917 5277 non
2948 5223 3002 5277 in
3032 5222 3251 5278 duabus
3293 5224 3549 5294 personis
3583 5240 3682 5294 ap-

2108 5332 2322 5388 parere.
2362 5338 2379 5367 ›
2436 5317 2506 5373 Ut
2534 5316 2717 5372 omnia
2753 5317 3139 5380 concedamus,
3167 5316 3371 5386 ubique
3405 5314 3542 5371 duas
3587 5332 3683 5369 na-

2110 5420 2262 5467 turas
2287 5410 2418 5468 dum
2449 5411 2587 5465 dicit
2614 5425 2673 5464 se
2716 5411 2772 5464 in
2804 5409 3025 5467 Christo
3065 5412 3329 5483 cogitare.
3386 5410 3523 5468 duas
3562 5426 3681 5465 om-

2108 5505 2241 5561 nino
2276 5518 2541 5573 personas
2570 5503 2767 5559 asserit
2796 5504 2851 5557 in
2908 5502 3024 5567 illo,
3067 5503 3222 5573 juxta
3277 5502 3381 5557 hoc
3429 5504 3674 5560 allatum.

2106 5596 2264 5665 Quod
2313 5596 2359 5651 si
2404 5596 2761 5665 imaginarias
2798 5597 2854 5650 in
2891 5594 3110 5651 Christo
3149 5595 3391 5653 admittit
3425 5603 3673 5658 naturas,

2107 5704 2238 5743 sane
2255 5697 2311 5742 et
2336 5687 2687 5759 imaginarias
2711 5688 3063 5744 confitebitur
3085 5703 3349 5760 personas
3374 5704 3391 5752 ;
3421 5687 3463 5742 si
3491 5694 3673 5741 autem

2107 5781 2514 5846 substantiales,
2546 5790 2607 5837 et
2650 5798 2808 5837 veras
2851 5790 3099 5845 naturas,
3141 5798 3270 5837 vere
3311 5783 3676 5839 subsistentes

2109 5871 2399 5942 profitetur
2428 5881 2486 5928 et
2530 5887 2816 5946 personas.
2880 5871 3016 5929 Cum
3070 5872 3236 5946 igitur
3272 5874 3410 5933 duas
3445 5883 3675 5931 naturas
