4102 6540
407 472 508 542 9η
1595 457 2020 558 ‘EUSTATHI
2060 459 2412 523 MONACHI
3559 459 3690 588 912t

407 592 547 650 dicit
577 589 634 645 in
657 585 881 644 Christo
909 589 965 636 et
996 581 1135 635 duas
1164 592 1448 649 personas,
1478 576 1572 646 qui
1609 592 1718 632 non
1751 583 1807 632 ct
1839 576 1978 631 duos
2013 583 2029 638 έ

2090 575 2256 644 λέγων
2301 577 2359 630 ὲν
2405 573 2482 646 τῷ
2514 572 2756 646 Χριστῷ,
2795 572 2888 626 καὶ
2936 572 3031 627 δύο
3072 573 3363 643 πρόσωπα,
3393 575 3510 640 πῶς
3549 572 3691 649 ούχὶῖ

407 681 664 740 Christos
682 673 971 748 loquitur?
1007 668 1482 739 Quemadmodum
1507 683 1641 737 ergo
1676 683 1743 723 ex
1769 667 1986 724 duabus

2090 669 2184 722 καὶ
2227 667 2323 721 δύο
2372 665 2645 738 Χριστοὺς
2689 665 2878 735 λέγει;
2911 666 3122 738 Ὥσπερ
3143 666 3199 720 δὲ
3226 669 3289 720 ὲκ
3317 666 3412 720 δύο
3431 667 3501 737 φύ
3515 658 3691 734 σεωνξ

407 773 645 837 naturis,
680 771 841 825 itaex
868 765 1085 821 duabus
1121 761 1374 832 personis
1398 774 1658 829 expresse
1704 758 1987 813 dicitesse

2090 756 2264 822 οὕτως
2307 757 2399 810 καὶ
2432 759 2498 810 ὲκ
2531 757 2622 810 δύο
2672 755 2980 828 προσώπων
3012 756 3196 827 βητῶς
3229 755 3378 826 λέγει
3408 757 3499 812 τὸν
3524 760 3671 830 ’Χρι-

408 868 694 923 Christum
715 864 772 916 in
800 860 945 916 libro
967 857 1230 912 adversus
1250 853 1669 925 grammaticum
1696 851 1986 917 Joannem,

2091 852 2214 906 στὸν
2236 853 2293 904 ὲν
2316 851 2393 924 τῷ
2424 851 2570 914 κατὰ
2601 849 2696 906 τοῦ
2722 852 3116 922 γραμματικοῦ
3159 852 3408 907 Ἰωάννου
3455 854 3666 928 βιϐλίῳ.

411 969 466 1016 et
516 969 578 1014 ut
635 961 794 1028 putat
839 947 1258 1020 inexpugnabili
1306 946 1544 1001 ratione.
1613 944 1754 999 Hinc
1802 951 1988 998 autem

2090 943 2165 1008 ὡς
2199 945 2256 998 δὲ
2285 943 2498 1015 νομίζει
2536 943 2630 998 καὶ
2652 944 3072 1007 ἀποδεικτικῶς.
3106 945 3276 1000 Τοῦτο
3303 947 3360 1000 δὲ
3381 947 3551 1020 δηλοῖ,
3578 951 3671 1004 καὶ

411 1059 582 1122 patet,
612 1051 682 1104 ab
724 1047 843 1116 ipso
861 1057 1088 1114 quoque
1119 1039 1318 1108 smpius
1349 1036 1481 1103 dici,
1521 1051 1633 1090 non
1675 1050 1798 1092 esse
1826 1042 1988 1089 natu-

2090 1034 2149 1086 τὸ
2168 1033 2349 1102 λέγειν
2385 1034 2548 1089 αὐτὸν
2582 1036 2640 1089 ὲν
2664 1035 2902 1102 πολλοῖς,
2945 1036 3022 1111 μὴ
3066 1033 3208 1092 εἶναι
3249 1037 3413 1107 φύσιν
3457 1042 3670 1112 ἀπρόσ-

415 1158 531 1196 ram
565 1154 688 1210 qua:
711 1150 946 1207 persona
970 1139 1173 1189 careat.
2089 1143 2261 1181 ωπον.

485 1233 597 1288 Nos
644 1244 778 1284 vero
802 1269 817 1293 ,
863 1223 1142 1297 praeterita
1193 1221 1316 1291 ejus
1345 1219 1449 1275 hac
1478 1216 1884 1281 enuntiatione,
1921 1233 1990 1271 ex

2174 1215 2369 1287 Ἡμεῖς
2402 1215 2460 1270 δὲ
2504 1217 2710 1291 ταύτην
2744 1219 2912 1274 αὐτοῦ
2963 1221 3061 1292 τὴν
3093 1223 3371 1293 ἀπόφασιν
3411 1229 3672 1296 παρωσά-

413 1326 630 1381 duabus
671 1320 891 1376 naturis
947 1317 1186 1373 dicimus
1233 1329 1353 1370 esse
1377 1311 1680 1376 Christum,
1721 1311 1865 1365 sicut
1922 1325 1991 1365 ex

2096 1325 2275 1378 μενοι,
2338 1311 2403 1363 ἐκ
2447 1309 2542 1364 δύο
2594 1310 2693 1382 μὲν
2739 1311 2958 1382 φύσεων
2996 1312 3230 1386 λέγομεν
3272 1317 3368 1369 τὸν
3411 1318 3668 1388 Χριστὸν,

412 1415 601 1472 multis
657 1409 921 1467 membris
960 1413 1016 1462 et
1055 1405 1308 1477 partibus
1352 1418 1524 1457 unum
1575 1417 1820 1472 corpus:
1878 1417 1990 1456 non

2092 1399 2283 1471 ὥσπερ
2308 1402 2403 1455 καὶ
2430 1402 2494 1455 ἐκ
2511 1402 2724 1458 πολλῶν
2749 1403 2927 1474 μελῶν
2955 1407 3054 1459 καὶ
3084 1406 3268 1478 μερῶν
3293 1408 3352 1461 τὸ
3375 1408 3432 1461 ἓν
3459 1411 3619 1481 σῶμα
3646 1453 3662 1477 ,

410 1515 598 1562 autem
636 1521 703 1559 ex
729 1503 943 1558 duabus
973 1499 1245 1576 personis.
1277 1495 1461 1565 Longe
1491 1495 1634 1549 absit
1661 1513 1673 1548 :
1701 1510 1822 1563 quae
1842 1494 1990 1548 enim

2091 1493 2212 1563 οὐχὶ
2240 1493 2296 1546 δὲ
2334 1495 2429 1547 καὶ
2475 1495 2540 1548 ἐκ
2566 1495 2659 1548 δύο
2685 1495 3012 1566 προσώπων.
3039 1499 3129 1569 Μὴ
3155 1500 3392 1566 γένοιτοο
3427 1503 3550 1554 ἐπεὶ
3591 1504 3667 1576 μὴ

412 1599 634 1673 propria
705 1593 1017 1652 substantia
1075 1571 1358 1659 nunquam
1431 1586 1826 1648 substiterunt,
1863 1601 1992 1656 pro-

2094 1586 2517 1651 ἰδιοῢποστάτως
2547 1587 2796 1657 ὑπάρξαν
2838 1591 2988 1655 ποτὲ,
3022 1592 3122 1645 ούκ
3149 1592 3217 1646 ἂν
3266 1592 3397 1646 ἴδιον
3439 1571 3669 1667 ἐπιγράλ

411 1693 586 1764 priam
636 1701 929 1759 personam
981 1697 1092 1738 non
1143 1685 1448 1744 assument,
1486 1677 1566 1732 uti
1597 1677 1714 1747 ipse
1753 1673 1992 1730 Severus

2091 1678 2254 1748 ψεται
2288 1679 2604 1748 πρόσωπον,
2651 1679 2727 1744 ὡς
2770 1680 2920 1752 αύτῷ
2963 1683 3189 1756 Σευήρῳ
3212 1685 3390 1741 δοκεῖ’
3429 1709 3447 1740 ι
3477 1691 3669 1742 Ἔστιν

411 1785 614 1839 fatetur
653 1820 667 1834 .
731 1797 749 1830 ι
797 1774 1028 1843 Quando
1086 1788 1157 1827 ex
1207 1770 1423 1826 duabus
1474 1766 1690 1823 naturis
1754 1765 1993 1820 dicimus

2091 1770 2179 1822 ὅτε
2223 1771 2286 1824 ὲκ
2332 1769 2424 1822 δύο
2479 1768 2572 1823 οὖν
2611 1770 2830 1840 φύσεων
2880 1772 3130 1842 λέγοντες
3155 1777 3244 1830 τὸν
3282 1779 3536 1849 Χριστὸν,
3577 1783 3672 1836 καὶ

407 1875 714 1936 Christum,
747 1885 812 1924 ac
844 1868 982 1924 duas
1009 1873 1256 1928 naturas,
1288 1877 1416 1918 eum
1446 1875 1665 1930 quoque
1702 1859 1757 1913 in
1776 1857 1992 1913 duabus
2026 1927 2029 1938 ε

2092 1859 2186 1914 δύο
2213 1859 2426 1929 φύσεις,
2457 1862 2552 1914 καὶ
2588 1862 2645 1914 ὲν
2674 1861 2794 1914 δυσὶ
2820 1862 3018 1932 φύσεσι
3043 1865 3276 1936 λέγομεν
3304 1865 3446 1923 εἶναι
3478 1871 3666 1938 αὐτὸν,

411 1965 622 2021 naturis
650 1977 770 2017 esse
808 1958 1062 2022 dicimus,
1105 1955 1346 2011 Verbum
1378 1952 1445 2006 ab
1480 1950 1631 2006 omni
1662 1948 1988 2004 confusione
2023 1927 2064 1981 Β

410 2068 467 2114 et
490 2052 874 2111 imminutione
905 2050 1148 2104 immune
1184 2052 1488 2100 servantes.
1525 2043 1662 2098 Nam
1699 2041 1745 2095 si
1778 2048 1988 2117 natura:

2090 2048 2264 2120 είγάρ
2289 2048 2704 2104 ἀποτελεστικαί
2725 2053 2830 2104 είσι
2870 2051 2964 2106 τοῦ
3007 2053 3126 2119 ἑνὸς
3163 2056 3456 2128 προσώπου
3486 2062 3543 2115 αἱ
3570 2061 3672 2132 φύ-

411 2161 576 2201 unam
607 2155 900 2214 personam
925 2136 1241 2208 perﬁciunt,
1264 2133 1410 2188 unde
1433 2149 1496 2186 ex
1526 2131 1728 2184 duabus
1762 2129 1987 2196 dicitur,

2092 2155 2223 2201 σεις,
2244 2137 2365 2192 καθ’
2381 2139 2409 2192 ὃ
2430 2139 2523 2193 καὶ
2555 2141 2619 2194 ὲκ
2641 2141 2734 2194 δύο
2759 2141 2995 2211 λέγεται,
3020 2144 3137 2208 πῶς
3157 2146 3277 2216 ούχὶ
3297 2148 3390 2201 καὶ
3409 2150 3542 2204 αὐτὸ
3573 2129 3670 2205 καὶ

410 2239 506 2310 qui
547 2251 657 2291 non
706 2235 886 2304 ipsum
922 2228 1069 2300 quod
1105 2227 1360 2283 efﬁcient.
1395 2243 1414 2276 ι
1447 2225 1574 2279 Haec
1617 2230 1745 2278 sunt
1787 2222 1990 2292 quibus

2090 2228 2150 2281 τὸ
2174 2229 2528 2301 ἀποτέλεσμα
2553 2249 2567 2298 ;
2597 2251 2616 2283 ι
2645 2232 2832 2288 Ταῦτά
2864 2236 2981 2286 ἐστι
3008 2235 3076 2289 τὰ
3095 2235 3155 2302 ἐξ
3177 2232 3506 2312 ὧνβυνέστη
3532 2241 3669 2296 αὐτὸ

411 2336 627 2386 constat
663 2323 811 2397 quod
843 2321 1116 2385 eﬁicitur;
1170 2318 1216 2374 si
1245 2333 1379 2372 vero
1406 2331 1516 2370 non
1553 2315 1630 2370 ita
1657 2330 1715 2370 se
1735 2314 1986 2376 haberet,

2090 2317 2150 2372 τὸ
2169 2320 2513 2393 ἀποτέλεσμα
2533 2338 2548 2354 ο
2581 2326 2630 2378 εί
2659 2323 2716 2377 δὲ
2745 2325 2820 2396 μὴ
2852 2325 2968 2380 ἐστι
2988 2327 3179 2393 ταῦτα,
3209 2331 3320 2402 ἄρα
3339 2349 3403 2402 γε
3427 2332 3504 2399 ὡς
3529 2335 3666 2390 ἄλλα

412 2416 548 2472 illud
579 2422 726 2469 esset
747 2419 806 2468 ut
830 2411 1073 2465 alienum
1107 2406 1165 2462 in
1192 2406 1392 2460 alieno.
1421 2404 1620 2474 Aspice
1649 2404 1989 2475 quotinepta

2090 2412 2147 2463 ἐν
2180 2411 2324 2482 ἄλλῳ
2357 2415 2486 2490 εἰσὶ,
2518 2415 2614 2469 καὶ
2638 2417 2816 2473 τοῦτο.
2851 2418 3048 2473 Σκόπει
3083 2421 3146 2474 σὺ
3185 2421 3252 2475 τὰ
3283 2424 3666 2482 ἀνακύπτοντα

412 2517 468 2564 et
506 2505 747 2562 absurda
779 2503 906 2557 inde
929 2499 1207 2554 oriuntur.
1252 2497 1391 2551 Dum
1419 2511 1516 2550 eos
1565 2495 1989 2550 anathematizat

2090 2501 2265 2572 ἀτοπα
2295 2505 2388 2558 καὶ
2429 2507 2611 2577 μωρά.
2657 2508 2714 2560 Ὀ
2739 2507 2795 2561 δὲ
2822 2509 3237 2582 ἀναθεματίζων
3272 2515 3399 2578 τοὺς
3444 2517 3503 2570 ἐν
3548 2517 3670 2570 δυσὶ

407 2600 508 2670 qui
527 2597 810 2654 Christum
837 2593 896 2648 in
917 2592 1131 2648 duabus
1158 2590 1372 2644 naturis
1399 2589 1593 2643 dicunt
1625 2603 1768 2655 esse,
1803 2603 1988 2643 nonne

2090 2591 2289 2662 φύσεσι
2321 2594 2580 2664 λέγοντας
2610 2591 2749 2651 εἶναι
2783 2599 2877 2653 τὸν
2909 2602 3165 2672 Χριστὸν,
3191 2599 3281 2676 ἄρ’
3314 2606 3436 2677 οὐχὶ
3471 2609 3668 2662 ἑαυτὸν

409 2691 656 2762 seipsum
709 2683 1200 2743 anathematizat?
1266 2681 1400 2736 Nam
1451 2681 1588 2735 duas
1638 2688 1865 2734 naturas
1929 2681 1988 2734 in

2090 2683 2513 2756 ἀναθεματίζει;
2553 2687 2648 2742 δύο
2695 2689 2806 2763 γὰρ
2858 2689 3053 2759 φύσεις
3083 2695 3141 2745 ἐν
3170 2694 3249 2764 τῷ
3296 2695 3519 2768 Χριστῷ
3569 2700 3668 2752 καὶ

402 2783 632 2840 Christo
666 2780 761 2834 ubi
803 2777 1008 2847 cogitat
1052 2785 1109 2830 et
1156 2773 1289 2828 dicit
1329 2780 1385 2828 et
1418 2772 1632 2839 scribit,
1684 2771 1740 2826 in
1771 2771 1988 2826 duabus

2090 2777 2312 2831 σκοπῶν
2359 2779 2453 2832 καὶ
2491 2779 2667 2849 λέγων
2721 2783 2815 2836 καὶ
2869 2784 3123 2855 γράφων,
3173 2787 3230 2838 ὲν
3283 2786 3404 2841 δυσὶ
3435 2788 3666 2858 φύσεσιν

407 2875 625 2933 naturis
654 2887 779 2928 eum
807 2869 1059 2927 conﬁteri
1101 2870 1358 2938 cogitur;
1416 2865 1529 2920 imo
1569 2880 1681 2920 non
1717 2864 1897 2919 solum
1931 2863 1985 2917 in

2090 2868 2458 2937 ἀναγκάζεται
2488 2872 2777 2942 ὁμολογεῖν
2811 2877 2978 2930 αὐτόν
2997 2894 3011 2910 ·
3039 2880 3134 2931 καὶ
3163 2881 3223 2932 ού
3269 2881 3432 2948 μόνον
3454 2885 3512 2937 ὲν
3545 2885 3666 2938 δυσὶ

407 2969 623 3025 duabus
644 2965 881 3029 naturis,
914 2961 1010 3018 sed
1041 2961 1208 3016 etiam
1236 2961 1294 3014 in
1320 2958 1535 3014 duabus
1563 2956 1810 3027 personis
1829 2956 1989 3026 juxta

2090 2962 2342 3030 φύσεσιν,
2372 2962 2508 3018 ἀλλὰ
2534 2966 2630 3019 καὶ
2663 2967 2720 3019 ὲν
2745 2966 2867 3021 δυσὶ
2899 2970 3211 3039 προσώποις
3249 2976 3390 3027 κατὰ
3411 2977 3510 3046 τὴν
3542 2994 3670 3031 καιτ-

405 3059 708 3116 novitatem
739 3071 934 3122 suam;
965 3051 1268 3108 declaravit
1297 3051 1468 3115 enim,
1507 3046 1847 3120 impossibile
1867 3061 1987 3102 esse

2090 3055 2363 3123 νοφωνίαν
2397 3055 2594 3108 αὐτοῦ’
2639 3057 2962 3129 ἀπεφήνατο
2992 3061 3098 3132 γὰρ
3132 3062 3202 3116 τὰ
3243 3064 3337 3118 δύο
3371 3067 3448 3138 μὴ
3480 3069 3539 3121 ὲν
3572 3063 3666 3123 δύο

406 3155 518 3209 duo
548 3167 660 3208 non
685 3151 743 3206 in
771 3147 989 3204 duabus
1011 3143 1265 3215 personis
1294 3155 1580 3212 apparere.

2091 3142 2454 3218 [προσώποις]
2495 3147 2808 3216 φαίνεσθαι,
2843 3152 3106 3208 ἀδύνατον
3133 3155 3290 3213 εἶναι.

475 3239 633 3306 Quod
664 3236 792 3291 siin
838 3248 1092 3290 sermone
1124 3235 1178 3286 in
1203 3231 1559 3285 Nativitatem
1597 3226 1817 3283 veritati
1848 3241 1983 3281 con-
2012 3263 2029 3321 ε

2158 3237 2223 3289 Et
2253 3237 2309 3290 δὲ
2342 3236 2599 3309 ἀληθεύει
2628 3239 2802 3309 λέγων
2833 3246 2892 3296 ὲν
2928 3244 3005 3316 τῷ
3027 3245 3169 3317 λόγῳ
3199 3248 3365 3303 αὑτοῦ
3389 3250 3465 3322 τῷ
3489 3254 3568 3317 είς
3597 3254 3666 3310 τὰ

407 3332 578 3388 sentit
603 3328 953 3384 adversarius
977 3324 1199 3396 quando
1229 3323 1405 3378 dixit:
1441 3342 1457 3374 ι
1491 3321 1646 3388 Quod
1677 3337 1744 3376 ex
1769 3319 1986 3374 duabus
2026 3319 2029 3321 ’

2096 3327 2352 3383 Γενέθλια
2381 3331 2410 3383 ὁ
2433 3330 2948 3406 ὲναντιωματάρης·
2987 3357 3006 3388 ‹
3029 3338 3102 3390 Τὸ
3129 3340 3240 3410 γὰρ
3270 3343 3334 3396 ἐκ
3365 3319 3460 3397 δύο
3502 3346 3668 3400 τινῶν

406 3421 742 3496 quibusdam
800 3419 966 3474 rebus
1002 3423 1443 3486 coagmentatur,
1477 3427 1590 3467 non
1634 3425 1700 3466 ea
1738 3411 1988 3466 continet

2095 3421 2579 3492 συνενηνεγμένον,
2615 3423 2736 3478 οὔτε
2769 3426 2839 3480 τὰ
2867 3427 2926 3494 ἐξ
2953 3424 3027 3483 ὧν
3061 3433 3323 3506 συνετέθη
3344 3436 3614 3506 συνέχεεν,
3640 3455 3661 3488 ι

404 3515 610 3588 quibus
644 3517 880 3573 constat,
913 3527 932 3561 ι
981 3516 1038 3563 et
1066 3505 1285 3577 negavit
1322 3505 1603 3575 integrum
1639 3517 1865 3557 manere
1896 3500 1986 3555 bi-

2092 3507 2190 3560 καὶ
2220 3509 2511 3580 ἑμπαγίως
2540 3512 2720 3582 μένειν
2745 3514 2843 3586 τὴν
2879 3515 3050 3571 δυάδα
3079 3500 3381 3593 ἠρνήσατο,
3414 3500 3530 3588 πῶς
3555 3500 3665 3579 πά-

406 3608 626 3664 narium
655 3607 1016 3668 elementum,
1047 3617 1156 3672 qua
1186 3599 1402 3654 ratione
1434 3613 1630 3654 rursus
1671 3597 1725 3650 in
1763 3594 1984 3650 Christo

2091 3597 2174 3654 λιν
2210 3603 2404 3656 σκοπεῖ
2452 3603 2511 3657 ὲν
2561 3605 2638 3676 τῷ
2691 3607 2913 3679 Χριστῷ
2948 3609 3040 3662 δύο
3095 3611 3310 3680 φύσεις,
3337 3615 3430 3668 καὶ
3460 3617 3666 3682 ταύτας

404 3704 544 3757 duas
566 3710 794 3756 naturas
822 3698 1028 3769 cogitat
1073 3695 1132 3750 in
1156 3691 1557 3764 compositione
1583 3689 1945 3746 subsistentes
1963 3730 1979 3756 ,

2091 3692 2473 3766 ὑφισταμένας
2526 3699 2583 3750 ὲν
2627 3703 2693 3770 τῇ
2735 3699 3022 3769 συνθέσει;
3054 3704 3166 3758 Καὶ
3215 3705 3389 3772 οὕτως
3436 3707 3552 3774 δύο,
3586 3711 3664 3775 ὡς

406 3805 571 3866 atque
615 3793 691 3847 ita
725 3791 888 3854 duas,
931 3798 993 3844 ut
1031 3803 1124 3844 eas
1155 3786 1457 3856 distinguat
1483 3791 1665 3839 mente
1697 3791 1753 3837 et
1777 3783 1982 3852 cogita-

2090 3787 2182 3840 καὶ
2203 3787 2434 3858 διαιρεῖν
2457 3789 2628 3853 αὐτὰς
2654 3790 2729 3863 νῷ
2763 3793 2856 3846 καὶ
2889 3797 3162 3867 φαντασίᾳ
3187 3797 3283 3850 καὶ
3313 3799 3532 3872 ἐπινοίᾳ
3567 3803 3665 3855 καὶ

402 3883 553 3938 tione
582 3889 638 3935 et
667 3880 949 3936 intellectu
976 3884 1032 3932 et
1061 3875 1358 3932 sermone?
1398 3875 1551 3929 Dicat
1588 3873 1749 3928 nobis
1794 3881 1980 3927 utrum

2090 3876 2252 3949 λόγῳ.
2287 3880 2510 3933 Είπάτω
2541 3883 2702 3953 ἡμῖν·
2737 3884 2837 3956 τὴν
2879 3887 3012 3956 μίαν
3059 3888 3222 3957 φύσιν
3249 3890 3468 3962 διαιρεῖ,
3497 3893 3530 3964 ἢ
3563 3895 3663 3958 τὰς

405 3985 570 4029 unam
602 3978 859 4025 naturam
881 3968 1170 4033 discernit,
1216 3982 1287 4020 an
1326 3966 1508 4022 duas?
1539 3981 1611 4021 .ea
1659 3980 1781 4035 qua:
1824 3972 1976 4030 sunt,

2090 3969 2213 4038 Btio;
2257 3971 2327 4025 τὰ
2366 3972 2518 4039 ὄντα,
2551 3975 2584 4046 ἢ
2632 3975 2702 4028 τὰ
2730 3977 2804 4048 μὴ
2845 3978 3002 4046 ova;
3037 3980 3104 4032 τὰ
3134 3982 3494 4050 ὲνυπόστατα,
3531 3986 3565 4056 ἢ
3597 3987 3663 4040 τὰ

401 4079 470 4119 an
494 4079 558 4118 ea
588 4078 710 4133 quae
739 4077 854 4116 non
897 4061 1072 4117 sunt?
1123 4059 1506 4115 substantialia
1527 4099 1541 4124 ,
1597 4074 1668 4112 an
1694 4073 1816 4127 quae
1865 4071 1976 4112 non

2090 4062 2463 4132 ἀνυπόστατα;
2506 4067 2601 4120 Ἐν
2671 4064 2766 4122 οὖν
2824 4069 2933 4124 τῶν
2998 4073 3277 4141 ὁποτέρων
3329 4075 3556 4144 ἀληθέςο
3624 4078 3658 4150 ἢ

395 4165 529 4212 sunt
555 4153 980 4211 substantialia?
1009 4153 1080 4208 At
1119 4152 1450 4207 alterutrum
1495 4167 1684 4206 verum
1716 4161 1834 4206 est:
1882 4161 1978 4208 aut

2090 4151 2374 4222 ἑμπαγίως
2401 4155 2555 4224 μένει
2578 4158 2609 4227 ή
2635 4155 2766 4221 δυὰς
2796 4159 2893 4213 καὶ
2917 4160 3056 4231 μετὰ
3080 4163 3178 4233 τὴν
3198 4163 3411 4229 ἕνωσιν,
3445 4166 3531 4220 ἵνα
3565 4170 3660 4222 καὶ

399 4246 677 4317 integrum
712 4253 960 4299 remanet
997 4243 1272 4298 binarium
1305 4242 1661 4308 elementum,
1698 4242 1845 4311 quod
1878 4257 1976 4297 co-

2090 4246 2262 4315 σκοπῇ
2314 4244 2553 4316 ταύτην·
2597 4245 2629 4318 ἢ
2673 4249 2723 4300 εί
2765 4251 2840 4320 μὴ
2896 4251 3067 4319 μένει,
3107 4254 3259 4308 οὐδὲν
3318 4262 3528 4323 σκοπεῖ,
3563 4262 3660 4314 καὶ

399 4338 575 4409 gitet;
612 4342 709 4390 aut
748 4335 794 4389 si
829 4333 1130 4398 evanescit,
1162 4333 1302 4387 nihil
1345 4333 1570 4402 cogitat,
1601 4341 1658 4387 et
1708 4333 1974 4387 mentitur

2090 4332 2339 4403 ψεύδεται
2389 4335 2565 4406 λέγων
2617 4342 2842 4393 σκοπεῖν
2884 4342 2954 4396 τὰ
3001 4343 3075 4415 μὴ
3113 4344 3272 4399 ὅντα·
3304 4347 3558 4418 ψεύδεται
3599 4352 3656 4406 δὲ

397 4425 682 4480 afﬁrmans
737 4441 795 4480 se
846 4424 1089 4495 cogitare
1141 4438 1264 4493 qua:
1318 4438 1429 4477 non
1487 4431 1649 4476 sunt:
1706 4422 1975 4476 mentitur

2090 4423 2177 4480 καὶ
2208 4429 2237 4480 ὁ
2266 4426 2464 4498 λέγων,
2507 4432 2660 4501 μένει
2683 4432 2739 4486 δὲ
2775 4434 3038 4508 ἑκάτερον
3062 4438 3198 4508 ὅπερ
3229 4440 3347 4494 ἐστὶ
3369 4445 3435 4512 τῇ
3469 4442 3652 4513 φύσει.

396 4516 626 4588 quidem
674 4516 830 4588 ipse,
889 4523 1074 4570 manet
1117 4522 1302 4569 autem
1349 4513 1610 4585 quodque
1660 4513 1809 4584 quod
1872 4531 1969 4569 na—

400 4617 524 4662 tura
557 4614 661 4662 est.
2002 4614 2055 4676 D

464 4699 564 4754 Ast
587 4699 702 4769 ipse
731 4697 929 4754 asserit
947 4696 1004 4753 in
1028 4697 1173 4752 libro
1201 4697 1466 4752 adversus
1493 4697 1923 4753 Grammaticum
1953 4715 1967 4752 :

2175 4697 2321 4750 Αλλὰ
2356 4701 2450 4751 καὶ
2483 4699 2647 4763 αὐτὸς
2678 4701 2904 4768 φάσκων
2946 4705 3005 4756 ὲν
3035 4705 3113 4775 τῷ
3157 4707 3296 4762 κατὰ
3344 4709 3437 4763 τοῦ
3466 4711 3654 4783 Γραμ-

404 4809 422 4842 ι
471 4790 551 4844 Ea
600 4790 668 4844 de
731 4789 934 4860 quibus
981 4797 1199 4844 constat
1236 4788 1520 4853 Christus,
1559 4797 1782 4844 manent
1832 4789 1971 4844 citra

2090 4789 2310 4842 ιατικού
2332 4807 2344 4822 ο
2393 4810 2411 4842 ι
2437 4791 2558 4844 Τῶν
2601 4791 2701 4861 μὲν
2756 4791 2817 4857 ἐξ
2853 4787 2929 4848 ὧν
2953 4796 3102 4848 ἐστιν
3133 4799 3160 4850 ὁ
3197 4799 3432 4870 Χριστὸς
3461 4803 3651 4871 μενόν-

395 4880 562 4936 ullam
609 4879 1050 4936 imminutionem
1086 4887 1142 4934 et
1173 4879 1564 4954 mutationem,
1599 4879 1653 4933 in
1693 4880 1969 4949 composi-

2090 4899 2179 4933 των
2199 4880 2492 4952 ἀμειὼτων
2524 4884 2618 4936 καὶ
2641 4884 3043 4953 ἀναλλοιὼτων,
3069 4890 3126 4941 ἐν
3152 4891 3398 4945 συνθέσει
3457 4893 3513 4946 δὲ
3545 4895 3653 4964 ύφο

398 4973 548 5027 tione
588 4971 980 5027 subsistentiae.
1027 4991 1044 5023 ›
1089 4969 1242 5037 Quod
1283 4971 1329 5025 si
1370 4980 1554 5026 autem
1598 4971 1721 5025 duae
1759 4980 1969 5027 natura:

2090 4972 2385 5027 εστὼτων.»
2431 4975 2492 5027 Εἰ
2530 4975 2587 5029 δὲ
2608 4978 2666 5030 ut
2709 4977 2802 5031 δύο
2849 4978 3039 5049 φύσεις
3091 4983 3190 5052 μία
3218 4987 3496 5052 γεγόνασι,
3530 4988 3650 5053 πῶς

395 5076 560 5115 unam
591 5060 922 5126 eﬁ‘ecerunt,
949 5061 1044 5130 qui
1075 5068 1200 5130 post
1228 5059 1488 5114 unionem
1520 5060 1657 5114 duas
1685 5060 1886 5132 cogitat
1913 5068 1969 5116 et

2090 5065 2214 5119 ιετὸι
2236 5065 2336 5137 τὴν
2371 5066 2565 5120 ἕνωσιν
2597 5069 2691 5122 δύο
2725 5074 2922 5125 σκοπεῖ
2945 5073 3042 5126 καὶ
3077 5075 3200 5144 ούχὶ
3239 5077 3403 5146 μίαν;
3436 5081 3545 5133 Καὶ
3572 5079 3649 5144 ὡς

394 5166 505 5205 non
553 5151 752 5204 unam?
789 5150 860 5205 Et
902 5158 963 5203 ut
1009 5149 1077 5204 de
1129 5165 1237 5206 una
1285 5149 1561 5219 loquitur,
1606 5165 1704 5204 cur
1747 5165 1856 5204 non
1903 5165 1966 5205 ea

2090 5152 2203 5223 τερὶ
2261 5157 2392 5224 μιᾶς
2441 5155 2749 5226 διαλέγεται
2794 5159 2981 5214 λοιπὸν
3030 5163 3271 5234 ἀναιρῶν
3321 5166 3382 5220 τὸ
3410 5169 3648 5240 ἑκάστης

391 5240 597 5294 omittit
619 5256 740 5310 quae
763 5240 831 5295 ad
858 5256 1131 5310 quamque
1155 5242 1454 5311 pertinent,
1479 5251 1704 5294 naturas
1731 5239 1961 5304 scilicet,

2090 5241 2286 5311 μύσεως
2305 5262 2319 5276 ⁶
2360 5247 2456 5300 καὶ
2486 5250 2542 5301 αἱ
2575 5248 2785 5318 φύσεις,
2809 5252 2904 5306 καὶ
2929 5254 2962 5322 ἡ
2992 5254 3092 5324 τῆς
3117 5257 3319 5326 σαρκὸς
3343 5259 3522 5329 φύσις,
3554 5239 3642 5315 καὶ

389 5340 644 5386 naturam
674 5333 874 5398 carnis,
899 5340 955 5386 et
999 5339 1252 5386 naturam
1295 5331 1622 5397 divinitatis,
1651 5341 1707 5387 et
1765 5331 1960 5386 huma-

2090 5337 2100 5404 π
2144 5336 2244 5405 τῆς
2295 5336 2549 5409 θεότητος
2604 5341 2785 5410 φύσις,
2837 5344 2933 5397 καὶ
2981 5345 3016 5415 ἡ
3054 5346 3433 5421 ἀνορωπότης,
3469 5353 3564 5406 καὶ
3607 5355 3641 5426 ή

387 5421 620 5475 nitatem
660 5461 674 5485 ,
703 5431 762 5476 et
821 5420 1166 5476 divinitatem
1205 5421 1456 5491 ?quibus
1502 5421 1783 5476 abundant
1841 5423 1960 5492 ejus

2090 5426 2292 5497 ὶεότης·
2313 5429 2517 5486 τούτων
2557 5430 2667 5503 γὰρ
2695 5433 2879 5505 πλήρη
2906 5434 2973 5487 τὰ
3005 5420 3421 5510 συγγράμματα
3450 5420 3638 5499 αὑτοῦ.

389 5513 612 5582 scripta.
643 5511 702 5568 Si
735 5513 858 5568 dure
890 5521 1128 5576 naturae,
1160 5512 1421 5568 divinitas
1455 5529 1650 5584 nempe
1680 5521 1735 5568 et
1764 5513 1960 5568 huma-

2090 5516 2129 5570 Ξί
2162 5519 2216 5570 αἱ
2245 5518 2338 5572 δύο
2372 5521 2582 5590 φύσεις,
2619 5524 2898 5578 τουτέστιν
2935 5528 2969 5598 ἠ
3007 5526 3196 5600 Θεότης
3237 5531 3328 5583 καὶ
3361 5533 3393 5602 ή
3427 5533 3640 5605 ἀνορω-

386 5604 552 5668 nitas,
581 5619 747 5659 unam
799 5613 1049 5659 naturam
1099 5605 1440 5669 cﬁ‘ecerunt,
1485 5605 1632 5660 dicat
1679 5621 1789 5676 quo
1838 5621 1958 5661 eam

2090 5607 2256 5678 εὸτης,
2295 5610 2394 5680 μία
2439 5611 2601 5680 φύσις
2654 5615 2962 5684 γεγόνασιν,
3017 5618 3226 5673 εἰπάτω
3279 5621 3335 5674 τί
3365 5622 3424 5674 τὸ
3469 5623 3640 5694 ὄνομα

386 5697 610 5751 nomine
635 5697 829 5753 vocet?
855 5697 1037 5753 Unum
1067 5699 1213 5753 enim
1242 5698 1314 5753 sit
1341 5706 1586 5768 oportet,
1614 5699 1761 5768 quod
1793 5715 1955 5753 unam

2098 5698 2302 5770 αύτης;
2349 5701 2446 5756 ’Ἑν
2490 5706 2601 5774 γὰρ
2658 5707 2865 5776 ὀφείλει
2917 5706 3078 5773 εἶναι,
3116 5710 3191 5776 ὡς
3240 5715 3370 5781 μιᾶς
3423 5713 3638 5783 φύσεως

385 5796 638 5841 naturam
670 5787 938 5860 designat.
970 5789 1170 5858 Nequit
1203 5788 1351 5842 enim
1386 5802 1551 5841 unam
1582 5787 1766 5844 dicere
1800 5799 1959 5844 natu-

2090 5793 2420 5861 ημαντικόν.
2457 5796 2566 5850 Καὶ
2613 5797 2688 5867 μὴ
2746 5799 2875 5870 μίαν
2931 5799 3030 5870 μὲν
3065 5801 3226 5869 φύσιν
3273 5802 3496 5872 λεγέτω,
3521 5803 3632 5857 τῶν

375 5891 526 5939 ram.
550 5887 604 5934 et
631 5877 778 5935 illam
809 5881 1097 5950 utriusque
1129 5878 1444 5934 nominibus
1471 5894 1696 5946 vocare,
1725 5896 1794 5936 nc
1827 5895 1955 5936 rur-

2092 5883 2115 5937 ὲ
2155 5882 2250 5939 δύο
2283 5885 2500 5955 φύσεων
2533 5887 2601 5942 τὰ
2633 5891 2870 5961 ὀνόματα
2903 5892 3190 5946 ἐπιτιθέτω
3241 5895 3404 5966 αὐτῇ,
3439 5895 3524 5952 ἵνα
3559 5896 3636 5968 μὴ

2090 1954 2187 2007 τὸν.
2207 1952 2303 2006 τοῦ
2331 1953 2644 2024 ἀσυγχύτου
2667 1956 2763 2010 καὶ
2789 1957 3062 2025 ἀμειώτου
3092 1960 3449 2030 φυλάττοντες
3476 1965 3634 2034 λόγον
3651 1985 3668 2000 ’
3761 1962 3764 1964 ⁷
