4112 6526
381 5745 394 5784 J

463 479 573 549 913

1521 485 1876 545 EPISTOLA
1924 487 2020 546 DE
2062 486 2364 547 DUABUS
2401 487 2764 549 N-ATURIS‘.

3626 486 3730 551 9M

465 597 633 652 πάλιν
661 595 870 666 ἀναλύῃ
898 595 995 666 τὴν
1030 597 1161 666 μίαν
1189 600 1269 660 εἰς
1299 597 1366 651 τά
1411 597 1469 661 ἐξ
1517 593 1613 666 ὧν,
1662 601 1799 670 ὅπερ
1832 601 2034 668 ἀπαγο·

2145 617 2239 656 sus
2275 617 2438 656 unam
2469 611 2724 656 naturam
2751 602 2807 657 in
2840 601 2961 656 illas
2994 603 3170 656 solvat
3197 615 3226 656 e
3255 602 3458 672 quibus
3492 613 3728 674 constat,

463 687 634 762 ρεύει.
667 688 741 742 Ἦ
785 687 856 741 τὰ
909 688 1008 756 μὲν
1056 688 1297 759 ὀνόματα
1323 689 1459 760 μόνα
1488 689 1598 743 τῶν
1627 687 2045 744 ἀποτελεσασῶν

461 782 680 851 φύσεων
713 781 888 850 μένει,
915 781 1050 835 αὐτὸ
1083 782 1138 835 δὲ
1173 782 1234 835 τὸ
1265 781 1615 851 ἀποτέλεσμα
1655 783 1942 852 ἀνώνυμον
1963 801 1978 816 ο
2010 785 2044 856 ἢ

460 869 572 928 οἷον
599 873 645 927 δ’
667 873 735 928 ἀν
757 873 929 944 ὄνομα
956 874 1242 945 ἐπινοήσῃ,
1271 873 1563 945 τούτῳκαὶ
1582 876 1614 948 ή
1633 876 1871 931 τεκοῦσα
1897 879 2040 948 Παρο

461 965 614 1030 θένος
639 982 697 1018 σε
707 965 1063 1037 μνυθήσεται.

533 1053 664 1110 Οἶδα
688 1057 752 1112 δὲ
765 1058 892 1121 τοὺς
919 1056 1086 1111 αὐτοῦ
1117 1056 1208 1111 διὰ
1232 1056 1438 1122 ταύτην
1461 1059 1559 1130 τὴν
1585 1059 1765 1114 αἰτίαν
1785 1059 2043 1128 λέγοντας

458 1147 554 1201 τὸν
575 1147 830 1218 Χριστὸν,
855 1142 1140 1221 Χριστός
1162 1150 1330 1215 ἐστιν,
1371 1150 1559 1221 μηδενὶ
1574 1146 1712 1205 εῖναι
1735 1152 2039 1222 ὁμοούσιον,

460 1239 898 1310 καὶμήτελΘεδν
932 1234 1074 1294 εἶναι
1121 1241 1260 1313 μήτε
1307 1242 1618 1313 ἄνθρωπον.
1667 1244 1734 1296 El-
1776 1243 1834 1295 δὲ
1884 1243 2042 1298 τοῦτο

436 1330 679 1400 ἀληθὲς,
712 1328 837 1384 οὔτε
873 1329 1006 1394 Θεός
1035 1333 1184 1386 ἐστιν
1214 1333 1243 1384 ό
1266 1333 1526 1403 Χριστὸς,
1551 1331 1692 1386 οὔτε
1715 1333 1976 1396 Θεοτόκος
2006 1334 2040 1405 ἠ

461 1422 756 1493 Παρθένος,
785 1421 900 1476 ἀλλ’
925 1421 1002 1487 ὡς
1022 1421 1248 1493 λέγουσι
1271 1424 1639 1496 Χριστοτόκος
1669 1424 1812 1479 κατά
1841 1426 2042 1478 Νεστό-

459 1529 598 1583 ριον,
631 1506 694 1567 οῦ
734 1512 806 1566 τά
845 1511 1068 1583 χείρονα
1103 1513 1360 1584 φρονοῦσι
1388 1514 1548 1569 πολύ.
1595 1515 1736 1567 Ἀλλ’
1764 1515 1888 1568 οὐδὲ
1912 1517 2039 1570 πάν-

458 1621 565 1668 τως
599 1603 664 1657 τὸ
698 1605 764 1657 ὲκ
815 1602 908 1657 δύο
953 1603 1116 1658 τινῶν
1148 1606 1547 1675 συνενηγμένον
1594 1605 1876 1676 ἀσύγχυτα
1909 1605 2040 1674 ἐφύ-

457 1694 619 1758 λαξεν
649 1695 722 1748 τὰ
745 1693 806 1759 ἐξ
836 1688 957 1748 ὧν·
993 1695 1088 1748 καὶ
1124 1695 1235 1765 γὰρ
1273 1690 1416 1760 οἶνος
1447 1696 1543 1749 καὶ
1594 1696 1738 1768 ὕδωρ
1785 1715 2038 1768 συνενεχ-

458 1784 626 1839 θέντα
659 1785 985 1856 συγχέονται
1015 1799 1031 1816 ⁸
1067 1786 1272 1856 ὁμοίως
1311 1786 1407 1840 καὶ
1435 1787 1639 1857 χρυσὸς
1665 1789 1761 1841 καὶ
1793 1789 2038 1860 ἄργυρος

457 1880 516 1932 ὲν
546 1880 614 1950 τῇ
636 1879 839 1950 χωνείᾳ.
863 1894 880 1911 ·
910 1878 1030 1932 ἀλλ’
1059 1878 1184 1932 οὐδὲ
1208 1879 1270 1932 τὸ
1291 1881 1355 1933 ὲκ
1385 1879 1481 1934 δύο
1512 1880 1887 1952 γνωσθήσεται
1906 1899 2036 1935 ποτε

455 1972 537 2024 ὅτι
566 1971 712 2024 ἔστιν
734 1973 799 2024 ἐκ
820 1971 935 2036 δύο,
968 1972 1016 2024 εί
1055 1972 1132 2043 μὴ
1165 1971 1307 2026 κατά
1325 1971 1428 2041 τὴν
1459 1972 1655 2026 ἕνωσιν
1682 1973 1776 2026 καὶ
1802 1973 1864 2026 τὸ
1900 1973 2036 2026 ἀπο-

357 2132 373 2146 .
454 2062 714 2131 τέλεσμα.
741 2063 879 2134 Περὶ
904 2062 962 2117 δὲ
991 2063 1284 2134 ἐνεργειῶν
1309 2064 1406 2118 καὶ
1429 2064 1706 2135 ίδιοτήτων
1743 2065 1892 2130 ὅπως
1919 2066 2036 2119 δια-

457 2157 649 2223 φωνεῖ,
681 2154 814 2208 ποτὲ
845 2156 943 2227 μὲν
969 2155 1390 2226 ἀναθεματίζων
1425 2156 1554 2221 τοὺς
1581 2157 1864 2225 λέγοντας,
1904 2159 2035 2212 ποτὲ

457 2245 514 2298 δὲ
545 2245 822 2316 ὁμολογῶν
839 2247 1011 2308 αῦτάς
1031 2249 1060 2301 ὁ
1088 2247 1250 2311 αὐτὸς
1276 2247 1629 2319 πολύμορφος
1659 2250 1919 2321 Σευῆρος,
1947 2267 2034 2318 γι-

457 2336 757 2394 νώσκουσιν
805 2339 858 2392 οἱ
898 2338 1214 2410 φιλαλήθως
1252 2340 1720 2410 ἀναγινώσκοντες
1746 2341 1815 2395 τά
1845 2343 2030 2399 αὐτοῦ.

458 2423 577 2482 Είδε
610 2429 756 2498 γνῶς
789 2436 805 2454 ⁸
837 2430 954 2494 πῶς
984 2431 1136 2499 λέγει
1167 2431 1295 2496 τοὺς
1329 2431 1582 2502 Πατέρας
1606 2433 1919 2504 χρήσασθαι
1965 2437 2032 2506 τῇ

457 2526 609 2594 φωνῇ
660 2523 770 2577 τῶν
817 2523 934 2578 δύο·
979 2526 1227 2594 φύσεων
1281 2524 1622 2593 ἀδιαόλήτως
1644 2543 1704 2579 τε
1733 2527 1826 2580 καὶ
1851 2527 2034 2597 ἀμέμ-

459 2631 630 2679 πτως,
658 2616 759 2668 οὐκ
793 2613 1090 2678 οἷδατίνος
1137 2615 1507 2685 καταγελάσει
1545 2617 1729 2681 πλέον,
1782 2617 1946 2672 αὐτοῦ
1999 2617 2033 2689 ἢ

459 2704 566 2759 τῶν
597 2697 971 2777 ἀπατωμένων
1026 2706 1120 2759 ὑπ’
1171 2705 1338 2760 αὐτοῦ
1365 2721 1378 2735 ⁸
1431 2705 1883 2777 διεστραμμένως
1929 2706 2036 2785 γὰρ

457 2797 710 2851 ἐκλαϐὼν
746 2798 911 2862 αὐτὸς
940 2797 1040 2870 τὴν
1073 2797 1279 2869 φωνὴν,
1311 2797 1725 2870 ἐσυκοφάντησε
1760 2799 1890 2862 τοὺς
1921 2800 2036 2854 Πα-

455 2888 622 2961 τέρας
637 2889 809 2953 οὕτως
829 2891 1020 2959 νοῆσαι
1043 2890 1242 2954 αὐτοὺς
1261 2889 1488 2960 ταύτην,
1517 2889 1666 2946 ὥσπε
1674 2907 1706 2962 ρ
1735 2891 1829 2944 καὶ
1851 2891 2032 2956 αὑτός.

537 2981 786 3035 Ἰωάννου
849 2981 942 3036 τοῦ
1003 2981 1395 3054 γραμματικοῦ
1462 2983 1848 3056 παραθεμένου
1905 2987 2038 3056 χρῆ-

462 3089 546 3127 σιν
571 3073 664 3127 τοῦ
701 3074 976 3144 μακαρίου
1018 3074 1370 3146 Ἀμφιλοχίου
1401 3075 1668 3147 κειμένην
1697 3076 1756 3131 ἐν
1781 3076 1860 3147 τῷ
1895 3076 2038 3147 λόγῳ

458 3165 621 3220 αὑτοῦ
651 3165 749 3236 τῷ,
789 3167 842 3219 '0
895 3165 1100 3235 Πατὴρ
1145 3170 1178 3222 ό
1220 3168 1466 3237 πέμψας
1516 3185 1614 3238 με,
1668 3167 1881 3238 μείζων
1916 3171 2036 3238 μού

2147 693 2295 763 quod
2341 694 2624 748 abhorret.
2660 695 2770 748 Aut
2813 693 3032 748 nomina
3077 694 3193 748 sola.
3237 703 3462 748 monent
3499 704 3729 751 natura-
3809 687 3816 700 ’

2147 801 2270 839 mm
2313 786 2769 842 eonstituentium
2793 828 2808 851 ,
2834 786 3065 843 effectus
3117 799 3249 840 vero
3275 801 3608 856 anonymus;
3635 797 3731 842 aut

2147 878 2255 934 tale
2283 880 2546 935 invenies.
2563 895 2798 945 nomen,
2825 889 3018 950 quoet
3043 879 3276 949 Deipara
3302 878 3474 950 Virgo.
3499 879 3729 951 gloriari

2145 972 2340 1040 possit.

2215 1063 2335 1118 Non
2385 1064 2578 1135 ignoro
2619 1064 2865 1121 fautores
2906 1067 3026 1136 ejus
3068 1066 3173 1120 hac
3222 1065 3290 1120 de
3332 1080 3499 1121 causa
3540 1065 3727 1122 dicere

2142 1155 2456 1222 Christum,
2485 1173 2598 1227 qua
2632 1156 2890 1213 Christus
2925 1167 3038 1218 est,
3071 1157 3283 1212 nemini
3323 1172 3446 1212 esse
3482 1156 3725 1211 consub-

2143 1248 2488 1314 stantialem,
2515 1263 2581 1305 ac
2610 1264 2790 1319 neque
2823 1249 3175 1313 Deum‘esse,
3208 1264 3387 1318 neque
3417 1247 3721 1302 hominem.

2143 1337 2201 1393 Si
2227 1347 2410 1393 autem
2433 1338 2542 1394 hoc
2564 1355 2756 1395 verum
2776 1381 2789 1400 .
2821 1355 2931 1395 non
2958 1341 3104 1395 Deus
3128 1349 3213 1395 est
3233 1339 3514 1404 Christus,
3542 1353 3726 1408 neque

2141 1429 2579 1502 Deipara-Virgo,
2603 1431 2699 1487 sed
2723 1431 3163 1501 Christipara,ut
3185 1431 3341 1484 aiunt
3355 1431 3505 1501 juxta
3531 1429 3726 1484 Nesto-

2143 1521 2315 1586 rium,
2350 1537 2460 1591 quo
2501 1524 2675 1578 multo
2712 1523 2870 1594 pejus
2910 1523 3176 1578 sentiunt.
3212 1523 3310 1577 Ast
3351 1537 3461 1576 nou
3505 1534 3724 1589 semper

2139 1622 2321 1668 servat
2345 1629 2434 1670 res
2461 1614 2612 1669 citra
2635 1614 3014 1670 confusionem
3046 1629 3110 1668 ea
3137 1629 3168 1668 e
3200 1613 3403 1683 quibus
3435 1609 3724 1680 componi-

2141 1715 2261 1771 tur;
2304 1721 2446 1761 nam
2467 1706 2657 1760 vinum
2691 1715 2748 1760 et
2781 1721 2922 1776 aqua
2956 1705 3346 1775 conjunctione
3385 1702 3719 1766 miscentur;

2139 1798 2214 1852 ita
2231 1805 2293 1852 et
2313 1805 2604 1868 argentum
2627 1813 2690 1852 ac
2717 1813 2912 1852 aurum
2945 1797 2998 1852 in
3027 1797 3266 1852 fornace.
3292 1796 3405 1851 Nec
3426 1809 3722 1864 cognosce-

2113 1898 2231 1963 tur
2249 1905 2279 1944 e
2305 1889 2525 1944 duobus
2548 1904 2670 1945 esse
2692 1889 2837 1960 quod
2860 1905 2890 1944 e
2915 1889 3131 1944 duobus
3155 1897 3258 1951 est,
3283 1887 3540 1955 nisipost
3562 1885 3722 1940 unio-

2137 1997 2263 2035 nem
2289 1989 2344 2036 et
2364 1981 2594 2038 effectus
2620 1997 2683 2037 ea
2714 1981 2973 2036 retineat.
2991 1981 3067 2035 De
3092 1978 3507 2048 operationibus
3535 1985 3720 2030 autem

2136 2081 2192 2127 et
2221 2074 2656 2144 proprietatibus
2687 2089 2852 2145 quam
2884 2072 3104 2126 diversa
3135 2071 3337 2125 sentiat
3365 2067 3721 2123 multiformis

2135 2163 2392 2228 Severus,
2432 2178 2582 2217 nunc
2618 2177 2716 2217 eos
2750 2161 3017 2216 damnans
3050 2159 3144 2230 qui
3168 2159 3287 2213 illas
3321 2157 3542 2218 dicunt,
3571 2171 3721 2211 nunc

2137 2255 2260 2311 illas
2309 2256 2426 2326 ipse
2475 2254 2778 2317 confitens,
2821 2260 3164 2324 cognoscunt
3206 2251 3301 2321 qui
3351 2249 3554 2318 scripta
3600 2249 3720 2318 ejus

2134 2348 2382 2404 veritatis
2408 2347 2592 2402 studio
2615 2347 2823 2417 legunt.
2847 2345 2963 2401 Jam
2990 2343 3190 2398 novisti
3219 2340 3498 2412 quomodo
3523 2341 3717 2394 Patres

2136 2439 2281 2495 dicat
2297 2440 2505 2510 absque
2521 2438 2948 2509 reprehensione
2972 2446 3028 2492 et
3070 2434 3302 2491 crimine
3328 2448 3464 2488 voce
3490 2433 3718 2485 duarum

2141 2543 2464 2589 naturarum
2534 2547 2655 2587 esse
2727 2546 2885 2597 usos;
2924 2529 3112 2584 nescio
3151 2543 3315 2598 quem
3355 2525 3528 2595 magis
3567 2523 3717 2580 deri-

2137 2625 2516 2695 deam,ipsum
2544 2631 2639 2678 aut
2676 2623 2914 2678 asseeias
2952 2622 3102 2692 ejus;
3148 2635 3273 2673 nam
3316 2618 3500 2687 inepte
3524 2631 3715 2670 vocem

2137 2720 2414 2783 attollens,
2452 2719 2644 2774 Patres
2677 2717 2943 2788 increpat,
2962 2713 3106 2786 quod
3125 2713 3316 2768 eadem
3335 2719 3463 2767 sunt
3480 2709 3715 2766 confessi

2137 2827 2263 2882 quae
2284 2811 2410 2882 ipsi.

2206 2991 2447 3047 Joannes
2504 2989 2892 3061 grammaticus
2951 2990 3132 3046 locum
3208 2989 3358 3043 hunc
3409 2987 3716 3057 protulerat

2139 3083 2285 3138 beati
2312 3082 2682 3153 Amphilochii
2709 3099 2778 3138 ex
2807 3098 3062 3138 sermone
3093 3083 3212 3153 ejus
3245 3081 3300 3136 in
3334 3079 3468 3135 illud
3507 3099 3520 3134 :
3552 3077 3718 3134 Pater

2139 3175 2227 3244 qui
2258 3174 2398 3227 misit
2428 3189 2531 3239 me,
2555 3173 2732 3244 major
2755 3190 2836 3228 me
2866 3181 2963 3238 est,
2989 3173 3362 3242 desumptum.
3401 3189 3419 3222 (
3450 3171 3714 3227 Discerne

456 3257 650 3324 ἐστιν,
693 3258 922 3329 ἔχουσαν
961 3258 1133 3322 οὕτως
1158 3276 1172 3290 ⁶
1205 3278 1224 3310 ι
1259 3261 1550 3330 Διάκρινον
1578 3260 1766 3314 λοιπὸν
1793 3261 1893 3324 τὰς
1926 3261 2032 3330 φύ-

2140 3264 2207 3321 de
2252 3272 2452 3321 caetero
2497 3275 2740 3331 naturas,
2770 3266 3015 3321 divinam
3063 3273 3120 3320 et
3161 3265 3499 3319 humanam:
3535 3277 3716 3332 neque

459 3368 570 3414 σεις
602 3351 704 3422 τήν
721 3368 792 3404 τε
816 3351 910 3405 τοῦ
945 3351 1082 3405 Θεοῦ
1127 3353 1228 3423 τήν
1286 3370 1346 3406 τε
1378 3353 1470 3407 τοῦ
1519 3353 1810 3424 ἀνθρώπου
1843 3371 1858 3387 ο
1909 3353 2033 3408 οὕτε

457 3440 565 3511 γὰρ
608 3440 728 3494 κατ’
757 3439 1033 3494 ἔκπτωσιν
1062 3442 1128 3494 ὲκ
1155 3440 1294 3494 Θεοῦ
1325 3441 1547 3511 γέγονεν
1577 3441 1880 3512 ἄνθρωπος,
1911 3440 2034 3495 οὔτε

456 3530 602 3585 κατά
622 3532 906 3603 προκοπὴν
935 3532 994 3599 te
1019 3532 1310 3606 ἀνθρώπου
1343 3532 1474 3598 Θεός
1503 3550 1518 3564 ο
1556 3533 1688 3588 Θεὸν
1712 3533 1769 3588 δὲ
1799 3534 1896 3588 καὶ
1940 3534 2034 3587 ἀν-

455 3623 676 3694 θνρωπον
706 3622 902 3691 λέγων,
937 3624 1068 3678 ὅταν
1101 3624 1166 3678 τὰ
1198 3623 1504 3695 παθήματα
1531 3627 1598 3696 τῇ
1623 3625 1808 3696 σαρκὶ,
1843 3626 1938 3680 κα)⁸
1967 3626 2035 3680 τὰ

457 3713 711 3786 θαύματα
731 3713 808 3784 τῷ
838 3713 958 3786 Θεῷ
984 3714 1112 3786 δῷς,
1141 3715 1354 3788 ἀνάγκῃ
1391 3717 1488 3770 καὶ
1538 3717 1616 3789 μὴ
1660 3717 1829 3771 θέλων
1877 3717 2034 3781 δίδως

454 3808 582 3872 τοὺς
615 3806 715 3876 μὲν
739 3809 1035 3872 ταπεινοὺς
1061 3807 1258 3877 λόγους
1283 3809 1362 3880 τῷ
1393 3810 1458 3863 ἐκ
1495 3810 1714 3882 Μαρίας
1739 3808 2030 3883 ἀνθρώπῳ,

453 3899 582 3962 τοὺς
607 3899 666 3952 δὲ
690 3900 1034 3971 ἀνηγμένους
1064 3901 1159 3956 καὶ
1180 3900 1506 3974 θεοπρεπεῖς
1530 3901 1610 3973 τῷ
1629 3904 1700 3957 ἐν
1720 3903 1879 3974 ἀρχῇ
1905 3904 2033 3958 ὄντι

454 3992 644 4061 Λόγῳ.
679 4010 699 4043 ι
743 3991 918 4056 Αὐτὸς
955 3992 1104 4046 δοκεῖ
1135 3994 1344 4065 ταύτην
1375 3993 1699 4066 ἑρμηνεύειν
1722 3994 2033 4064 καταγινώ-

456 4101 601 4138 σκων
634 4081 731 4138 τοῦ
757 4084 1158 4156 Γραμματικοῦ
1212 4086 1288 4150 ὡς
1322 4085 1512 4150 κακῶς
1569 4088 1888 4157 νενοηκότος
1933 4086 2034 4159 τὴν

455 4175 670 4247 χρῆσιν,
708 4175 804 4231 καί
839 4194 1006 4248 φησιν
1031 4193 1047 4210 ⁸
1093 4197 1112 4230 ι
1147 4177 1334 4232 Ταῦτα
1367 4178 1462 4232 καὶ
1483 4180 1540 4232 ὲν
1568 4182 1679 4243 τοῖς
1700 4179 1802 4251 ἤδη
1834 4195 2034 4249 προγε-

453 4267 857 4339 γυμνασμένοις
893 4269 1280 4340 ἀπεδείξαμεν,
1326 4269 1403 4333 ὡς
1447 4267 1688 4332 ἅπαντες
1723 4269 1772 4323 οί
1810 4269 1910 4340 τῆς
1938 4268 2030 4322 εὑο

455 4360 670 4425 σεσείας
693 4361 1003 4417 διδάσκαλοι
1029 4362 1165 4434 πρὸς
1183 4363 1309 4427 τοὺς
1337 4361 1532 4426 ἀθέους
1573 4362 1888 4432 Ἀρειανοὺς
1906 4362 2033 4427 τοὺς

453 4451 644 4520 λόγους
685 4452 1023 4524 ποιούμενοι,
1060 4455 1417 4527 βιαζομένους
1453 4457 1609 4528 παρὰ
1631 4457 1734 4530 τὴν
1767 4457 2030 4528 ἀλήθειαν

451 4543 578 4607 τοὺς
610 4548 676 4617 τῇ
709 4545 1121 4616 ὲνανθρωπήσει
1153 4549 1246 4601 καὶ
1274 4550 1340 4618 τῇ
1360 4548 1593 4619 ἑκουσίῳ
1621 4547 1864 4619 πτωχείᾳ
1893 4548 2030 4618 πρέ-

2137 3357 2285 3412 enim
2339 3356 2624 3427 dignitatis
2679 3356 3067 3410 imminutione
3124 3371 3190 3410 ex
3241 3355 3356 3410 Deo
3405 3353 3580 3408 factus
3630 3361 3717 3406 est

2137 3447 2340 3514 homo,
2398 3463 2580 3518 neque
2644 3447 2928 3518 dignitatis
2988 3446 3305 3503 accessione
3363 3461 3431 3501 ex
3490 3445 3714 3499 homine

2136 3522 2282 3591 Deus
2322 3536 2419 3607 (ί).
2453 3532 2624 3592 Deum
2659 3546 2715 3593 et
2749 3537 3030 3593 hominem
3072 3536 3292 3601 dicens,
3329 3534 3550 3606 quando
3589 3547 3715 3604 pas-

2136 3629 2323 3684 siones
2361 3630 2514 3684 carni
2550 3638 2607 3684 et
2651 3629 2916 3685 miracula
2954 3627 3067 3685 Deo
3109 3629 3340 3695 tribuis,
3369 3641 3592 3681 necesse
3630 3634 3715 3680 est

2137 3730 2198 3776 ut
2232 3721 2319 3775 vel
2356 3721 2564 3776 invitus
2597 3721 2835 3777 humiles
2869 3737 3154 3777 sermones
3188 3719 3402 3775 homini
3440 3735 3506 3774 ex
3543 3716 3714 3771 Maria

2135 3821 2264 3867 nato
2293 3812 2535 3867 ascribas
2569 3853 2582 3874 ,
2609 3813 2874 3868 sublimes
2897 3828 3031 3868 vero
3058 3823 3114 3868 et
3138 3811 3356 3866 divinos
3387 3809 3548 3864 Verbo
3577 3809 3717 3880 quod

2135 3906 2189 3957 in
2230 3905 2488 3974 principio
2525 3913 2662 3959 erat.
2695 3925 2715 3981 ι
2760 3905 2932 3972 Quem
2981 3907 3164 3960 locum
3205 3904 3322 3975 ipse
3362 3902 3714 3972 interpretari

2136 3984 2321 4066 putat,
2359 3996 2608 4052 incusato
2651 3997 2893 4063 Joanne,
2924 3997 3080 4066 quasi
3133 4011 3301 4067 prave
3345 3995 3500 4048 illum
3547 3993 3715 4048 intel-

2133 4086 2376 4142 lexisset.
2409 4105 2426 4138 ι
2457 4086 2575 4143 Jam
2607 4086 2661 4142 in
2689 4087 2980 4158 prooemio,
3003 4087 3100 4152 ait,
3125 4086 3501 4159 probavimus,
3524 4099 3729 4140 omnes.

2135 4179 2357 4250 pietatis
2378 4179 2635 4234 doctores
2658 4181 2724 4235 ad
2753 4179 2953 4250 impios
2974 4179 3210 4234 Arianos
3232 4179 3399 4234 verba
3424 4176 3714 4241 facientes,

2133 4269 2229 4340 qui
2268 4279 2456 4340 spreta
2486 4270 2718 4326 veritate
2751 4285 3037 4326 sermones
3068 4269 3308 4325 humiles
3344 4265 3733 4323 incarnationi<

2133 4369 2190 4417 et
2221 4362 2546 4418 voluntaria:
2579 4363 2891 4434 paupertati
2925 4362 3318 4418 convenientes
3351 4359 3420 4415 ad
3451 4367 3714 4414 aeternam

2132 4454 2412 4526 Unigeniti
2453 4456 2776 4521 essentiam,
2807 4455 2876 4510 ad
2909 4455 3113 4509 nudam
3148 4463 3206 4510 et
3236 4468 3400 4510 carne
3433 4459 3728 4506 carentem.

2134 4545 2483 4602 divinitatem
2520 4548 2728 4602 referre
2765 4547 3132 4612 conabantur,
3163 4547 3308 4600 hanc
3346 4545 3480 4614 ipsis
3516 4543 3724 4613 impie-.

451 4649 652 4698 ποντας
665 4636 957 4698 ταπεινοὺς
984 4636 1176 4706 λόγους
1201 4639 1296 4692 καὶ
1325 4636 1478 4706 πάθη
1506 4636 1642 4708 πρὸς
1659 4637 1758 4706 τὴν
1787 4635 2030 4708 προαιώ-

2138 4645 2304 4693 tatem
2345 4638 2564 4693 crimini
2596 4639 2850 4694 vertisse.
2880 4639 3149 4708 Tempora
3184 4638 3279 4708 pie
3308 4637 3712 4700 distinxerunt,

449 4741 561 4779 νιον
608 4725 852 4798 ὕπαρξιν
907 4729 1063 4798 ἀγειν
1119 4728 1213 4782 τοῦ
1258 4727 1620 4798 Μονογενοῦς,
1684 4729 1781 4783 καὶ
1817 4727 2032 4800 γυμνὴν

451 4817 545 4870 καὶ
572 4817 816 4890 ἄσαρκον
849 4819 947 4892 τὴν
979 4819 1231 4892 θεότητα.
1269 4819 1553 4890 διήλεγχον
1575 4819 1756 4872 αὐτῶν
1782 4818 1880 4891 τὴν
1903 4819 2034 4874 ἀσέ-

449 4909 604 4965 ϐειαν
637 4912 972 4985 διαιροῦντες
1001 4915 1127 4978 τοὺς
1154 4914 1381 4984 χρόνους
1403 4913 1664 4978 εὐσεϐῶς,
1695 4913 1821 4977 τούς
1841 4929 1901 4966 τε
1921 4912 2030 4985 πρὸ

448 5002 547 5072 τῆς
572 5003 734 5058 ἐνανο
741 5006 1046 5077 ρωπήσεως
1062 5005 1300 5069 καὶτοὺς
1319 5003 1459 5075 μετὰ
1474 5004 1572 5077 τὴν
1591 5003 2032 5075 ὲνανθρὼπησιν,

447 5093 762 5159 δεικνύντες
820 5097 1085 5169 μηδαμῶς
1143 5097 1437 5170 ἁρμόττειν
1484 5096 1562 5167 τῷ
1612 5096 1733 5167 Θεῷ
1765 5096 1924 5166 Λόγῳ
1961 5095 2034 5150 τά

447 5201 506 5236 τε
537 5184 686 5256 πάθη
720 5187 817 5240 καὶ
845 5188 914 5242 τὰ
955 5188 1190 5243 ταπεινά
1227 5187 1446 5260 ῥήματα
1477 5189 1602 5259 δίχα
1645 5187 1847 5259 σαρκὸς
1898 5205 2031 5242 σκο·

447 5275 747 5349 πουμένῳο
792 5279 870 5334 τὰ
913 5282 1096 5352 μέντοι
1147 5298 1212 5350 γε
1266 5280 1522 5352 θαύματα
1586 5283 1887 5352 προσήκειν
1935 5282 2034 5337 αύ-

444 5368 521 5440 τῷ
559 5371 708 5426 κατά
767 5373 931 5442 φύσιν
980 5374 1235 5447 omaso
1294 5375 1388 5429 καὶ
1421 5375 1828 5445 σεσαρκωμένῳ
1861 5390 1877 5406 ·
1917 5375 2031 5430 δια-

444 5460 650 5530 κρίνειν
695 5465 805 5535 γάρ
867 5465 1144 5521 ἐδίδασκον
1216 5466 1316 5531 τὰς
1369 5468 1560 5536 φύσεις
1629 5470 1696 5538 τῇ
1754 5467 1850 5522 τοῦ
1903 5469 2031 5539 χρό-

2135 4729 2194 4782 in
2224 4744 2292 4784 ea
2321 4745 2444 4799 quae
2475 4738 2604 4786 ante
2638 4730 3115 4795 incarnationem,
3138 4729 3306 4799 inque
3342 4743 3404 4782 ea
3437 4743 3559 4797 quae
3592 4735 3716 4795 post

2135 4818 2623 4889 incarnationem,
2649 4823 3004 4878 ostendentes
3042 4824 3325 4892 nunquam
3374 4820 3486 4874 Deo
3529 4819 3724 4874 Verbo.

2132 4901 2415 4982 passiOnes
2445 4925 2504 4971 et
2528 4916 2771 4971 humilia,
2784 4916 2953 4973 verba
2978 4916 3298 4978 convenire,
3326 4914 3472 4968 citra
3492 4927 3714 4968 carnem

2133 5007 2520 5075 considerato;
2551 5008 2817 5065 miracula
2850 5025 2984 5064 vero
3021 5009 3142 5078 ipsi-
3164 5015 3481 5077 competere
3514 5005 3717 5060 divinae

2134 5107 2346 5156 natura:
2367 5109 2424 5157 et
2449 5102 2732 5158 incarnato
2761 5103 2894 5158 Deo.
2915 5102 3151 5157 Nataras
3176 5101 3490 5156 docuerunt
3517 5099 3717 5154 distin-

2133 5193 2524 5264 guendasesse
2558 5202 2867 5265 temporum
2899 5193 3214 5249 differentia
3235 5235 3250 5258 ,
3274 5203 3439 5262 atque
3472 5192 3545 5246 ita
3576 5190 3714 5245 defi-

2135 5286 2362 5341 nierunt
2397 5303 2520 5357 quae
2557 5287 2727 5343 fuerit
2767 5297 2962 5343 natura
3009 5303 3172 5343 carne
3211 5286 3460 5341 destituti
3503 5285 3630 5349 Dei,
3660 5295 3717 5340 et

2137 5395 2259 5448 quae
2307 5387 2502 5434 natura
2547 5380 2644 5435 Dei
2688 5396 2787 5451 per
2835 5379 3307 5450 dispensationem
3351 5377 3561 5449 absque
3607 5376 3717 5433 ulla

2139 5471 2444 5526 mutatione
2481 5470 2847 5526 inhumanati.
2881 5491 2898 5523 ι

445 5571 540 5607 νου
603 5557 883 5631 διαστολῇ,
948 5560 1031 5626 τίς
1081 5579 1139 5615 τε
1180 5563 1342 5632 φύσις
1398 5562 1640 5634 ἀσάρκου
1700 5561 1860 5629 Θεοῦ,
1911 5565 1994 5627 τίς
2032 5580 2090 5620 τε
2143 5564 2306 5634 φύσις
2357 5565 2477 5619 κατ’
2535 5566 2849 5636 οἰκονομίαν
2901 5564 3188 5640 ἀτρέπτως
3233 5562 3522 5641 ἀνθρώπου
3564 5577 3715 5636 γενο-

450 5645 636 5713 μένου.
665 5668 683 5700 ι

517 5761 534 5780 ⁴
569 5759 662 5817 Sic
685 5764 967 5821 mendose.
999 5767 1080 5822 An
1117 5769 1410 5840 legendum
1443 5772 1504 5824 Et
1531 5771 1586 5824 δὲ
1619 5772 1731 5844 γνῷ
1759 5790 1876 5840 τις;
1903 5789 2029 5829 mox

2136 5773 2217 5828 tim
2251 5774 2308 5828 in
2334 5773 2562 5844 apodosi
2595 5775 2796 5847 legitur
2829 5773 3210 5843 καταγελάσει.
3246 5771 3394 5827 Em.

521 5851 598 5922 (4-)
629 5854 789 5925 Apud
809 5857 1154 5915 Anastasium
1189 5862 1261 5916 ita
1293 5880 1351 5918 se
1371 5863 1538 5919 habet
1561 5865 1852 5921 hic‘lorus:
1879 5886 1895 5918 ι
1920 5866 2028 5922 Ne-

449 5937 559 5985 que
587 5927 736 5982 enim
754 5929 1056 5986 secundum
1088 5931 1559 5990 inhabitatiouem.
1587 5951 1653 5990 ex
1701 5939 1815 5993 Deo
1850 5937 2024 5994 factus

2137 5875 2222 5922 est
2251 5867 2436 5931 homo,
2484 5882 2662 5937 neque
2702 5867 3006 5923 secundum
3047 5866 3349 5937 profectum
3395 5864 3713 5920 ett-homine

2130 5939 2292 5996 Deus.
2327 5936 2593 6010 (Bibliotlr.
2618 5941 2877 6007 maxima,
2908 5938 2999 6004 ιλ,
3028 5936 3081 6008 p.
3106 5936 3253 6005 831.)
