4102 6582
427 505 528 569 915

1667 503 2083 569 EUSTATHII
2120 502 2462 570 moment

3591 507 3696 572 9l6

497 619 638 676 t’roh
670 618 884 674 insania
914 629 969 673 et
993 633 1080 687 per
1095 617 1222 671 ﬂdia
1252 616 1547 686 sapientis!
1579 618 1688 672 Aut
1712 619 1861 674 enim
1894 619 2001 689 ipse

2188 620 2329 687 Εὖγε
2387 621 2489 690 τῆς
2548 621 2841 683 ἀσυνεσίας
2901 621 2993 673 καὶ
3055 621 3155 690 τῆς
3213 621 3429 692 ἀπάτης
3467 622 3562 675 τοῦ
3609 639 3697 676 σο-

422 728 532 766 non
577 711 851 766 intellexit
887 726 1012 780 qua:
1054 709 1301 774 dicebat,
1339 718 1434 763 aut
1479 710 1772 766 audientes
1812 710 2004 767 fallere

422 805 621 861 voluit.
657 804 815 859 Haud
859 804 1019 858 aliter
1063 820 1120 858 se
1167 802 1336 874 gessit
1378 819 1446 858 ac
1482 804 1734 872 lepores,
1767 803 1862 872 qui
1911 803 2003 857 ubi

423 895 698 966 fugientes
729 909 788 949 se
822 909 946 948 mox
982 909 1012 947 a
1048 891 1513 963 persequentibus
1547 891 1843 962 capiendos
1876 905 2007 946 sen-

424 991 597 1054 tiunt,
632 989 750 1044 solo
789 986 1113 1059 perturbato
1149 995 1205 1042 et
1239 987 1465 1056 pulvere
1522 1001 1622 1055 per
1671 985 2005 1040 subeuntem

422 1096 552 1136 aera
585 1080 844 1144 excitato,
869 1078 1101 1149 vestigia
1131 1094 1230 1134 sua
1259 1078 1526 1148 relegant,
1553 1078 1656 1132 ista
1687 1085 1804 1132 arte
1835 1093 1893 1132 se
1922 1077 2006 1130 in-

422 1173 813 1244 vestigantium
844 1172 1035 1227 oculos
1059 1171 1322 1225 illusuros
1360 1176 1666 1238 sperantes,
1686 1177 1742 1223 et
1768 1169 2001 1222 salutem

420 1274 839 1320 consecuturos.
869 1263 940 1318 At
983 1262 1149 1333 periti
1193 1269 1482 1316 venatores
1526 1268 1643 1315 arte
1690 1275 1800 1313 non
1845 1258 1999 1314 deei-

420 1356 671 1426 pientur,
706 1365 764 1411 et
790 1354 1037 1425 vestigiis
1079 1353 1429 1418 insistentes,
1473 1367 1598 1406 mox
1639 1360 2005 1421 assequentur

419 1449 702 1519 fugitivos.
738 1446 982 1517 Simplex
1024 1456 1111 1502 est
1148 1445 1402 1500 veritatis
1426 1459 1644 1503 sermo.
1681 1444 1864 1510 Quare
1903 1459 2002 1513 per

421 1548 501 1594 tot
524 1540 698 1595 ﬂexus
729 1547 780 1594 te
811 1539 880 1594 ad
904 1540 1192 1610 aenigmata
1219 1547 1275 1593 et
1300 1538 1536 1608 ineptias
1564 1538 1784 1607 recipis,
1813 1538 1999 1602 homo,

417 1631 680 1685 omnibus
707 1629 1050 1701 perturbatis
1078 1639 1136 1685 et
1159 1628 1435 1694 confusis,
1464 1636 1525 1683 ut
1553 1628 1838 1683 auditores
1871 1628 2006 1683 eali—

416 1723 542 1794 gine
568 1723 878 1778 obcaecatos
901 1723 1071 1778 variis
1097 1723 1208 1778 tuis
1236 1721 1792 1792 interpretationibus
1814 1720 1999 1786 fallas,

415 1831 514 1884 per
534 1815 856 1870 verisimilia
882 1815 1053 1870 verba
1085 1815 1258 1886 ipsam
1289 1814 1580 1870 veritatem
1611 1813 1895 1880 devitans;

2112 713 2213 782 φοῦ
2239 714 2254 767 i
2281 715 2351 766 Ἢ
2380 714 2487 784 γὰρ
2515 713 2678 788 αὐτὸς
2709 714 2770 767 οὐ
2807 713 3042 785 συνῆκεν
3069 712 3213 785 ἅπερ
3248 709 3424 781 εἶπεν,
3468 715 3502 787 ἢ
3549 715 3695 770 ἀπα-

2109 806 2273 876 τῆσαι
2301 805 2567 877 ἐϐουλήθη
2585 807 2711 870 τοὺς
2738 807 3035 878 ἀκροατὰς,
3065 809 3159 862 καὶ
3185 807 3486 879 πεποίηκεν
3511 809 3698 879 ὅμοιόν

2111 913 2165 952 τι
2238 900 2351 961 τοῖς
2412 898 2646 965 λαγωοῖς
2673 915 2689 929 ο
2741 899 2795 951 οἳ
2862 899 2990 953 ὅταν
3043 899 3339 969 φεύγοντες
3399 899 3696 954 αἴσθωνται

2111 991 2196 1045 ὅτι
2226 990 2741 1059 καταλαμϐάνονται
2779 991 2888 1044 ὑπὸ
2933 991 3042 1046 τῶν
3070 992 3398 1058 διωκόντων,
3439 995 3698 1064 curaturi;-

2113 1099 2308 1146 σαντες
2333 1081 2424 1135 τὸν
2456 1082 2820 1152 ὑποκείμενον
2861 1083 2992 1153 χοῦν
3025 1083 3121 1138 καὶ
3154 1083 3435 1154 κονιορτοῦ
3457 1083 3697 1155 πληρώο

2109 1189 2304 1234 σαντες
2364 1172 2458 1226 τὸν
2507 1175 2940 1246 περικεχυμένον
2977 1175 3136 1244 ἀέρα,
3176 1175 3256 1238 εἰς
3284 1170 3528 1229 τοῦπεσω
3566 1176 3699 1228 ἁνα-

2107 1264 2436 1335 στρέφουσι,
2459 1267 2525 1336 τῇ
2579 1268 2796 1336 μηχανῇ
2816 1265 2990 1339 ταύτῃ
3007 1268 3131 1331 τοὺς
3151 1267 3250 1338 μὲν
3276 1266 3696 1338 ἔχνηλατοῦντας

2101 1356 2446 1410 ἐπισιὶοτίσαι
2483 1357 2820 1428 βουλόμενοι,
2857 1359 3015 1412 αὐτοὶ
3058 1358 3115 1412 δὲ
3144 1359 3432 1430 διαδράσαι
3463 1361 3693 1431 ἐπινοή-

2100 1465 2313 1511 σαντες.
2357 1448 2498 1502 Ἀλλ’
2535 1450 2584 1502 οἱ
2624 1449 2878 1519 ἔμπειροι
2931 1449 3041 1503 τῶν
3088 1449 3391 1504 διωκόντων
3433 1450 3558 1505 οὔτε
3603 1452 3694 1505 τδν

2106 1538 2257 1592 δόλον
2294 1538 2678 1606 ἀγνοήσουσιν,
2726 1540 2819 1592 καὶ
2852 1539 2921 1593 τὰ
2951 1539 3074 1610 ἷχνη
3099 1541 3566 1612 ἀναζητήσαντες,
3599 1541 3692 1595 τὸν

2109 1627 2381 1698 φεύγοντα
2411 1630 2796 1699 συλλήψονται.
2843 1631 3076 1696 ’Δπλοῦς
3117 1633 3150 1684 ό
3189 1633 3348 1700 λόγος
3406 1633 3508 1700 τῆς
3556 1633 3690 1704 ἀλη-

2066 1723 2071 1728 ’
2110 1721 2280 1785 θεεας.
2312 1720 2377 1774 Τί
2408 1722 2630 1792 μακρὰν
2663 1724 2801 1793 πρὸς
2833 1724 3066 1794 γρίφους
3101 1724 3197 1778 καὶ
3240 1724 3434 1788 ὕθλους
3459 1724 3694 1796 ἀποτρέ-

2107 1830 2247 1884 χεις,
2291 1812 2568 1882 ἄνθρωπε.
2614 1815 2792 1869 πάντα
2841 1815 3088 1886 συγχέων
3151 1818 3245 1870 καὶ
3279 1818 3688 1887 συνταράσσων,

415 1903 501 1960 ῐνα
530 1908 655 1970 τοὺς
701 1907 979 1976 ἀκροατὰς
1012 1909 1092 1970 εἰς
1142 1905 1506 1972 σκοτοδὶινίαν
1554 1905 1842 1976 ἐμϐαλὼν,
1893 1906 2014 1970 ταῖς
2047 1905 2362 1971 ἀλλοκότοις
2390 1923 2484 1959 σου
2552 1907 2873 1979 ἑρμηνεῖαις
2911 1909 3190 1983 διαλάθης,
3221 1909 3309 1964 διὰ
3337 1912 3448 1966 τῶν
3507 1911 3688 1983 ῥημά-

412 2018 521 2054 των
544 2003 645 2072 τῆς
670 1999 930 2072 ἀληθείας
961 2002 1061 2074 τὴν
1090 1999 1348 2072 ἀλήθειαν
1375 1999 1702 2071 ἀποφεύγων
1736 2018 1752 2070 ;

483 2093 721 2150 Sanetus
749 2108 876 2149 eum
903 2093 1189 2164 passiones
1214 2093 1365 2148 carni
1395 2093 1617 2158 tribuit,
1644 2103 1700 2149 et
1727 2094 1994 2151 miracula
2027 2106 2071 2167 Β

413 2188 562 2252 Deo,
602 2186 813 2259 absque
861 2187 973 2242 ulla
1015 2187 1549 2252 circumlocutione,
1588 2194 1819 2243 naturas
1863 2189 2000 2244 duas

412 2280 599 2338 carnis
647 2288 704 2337 et
727 2279 1034 2338 divinitatis
1060 2280 1262 2348 innuit,
1285 2291 1341 2337 et
1363 2297 1457 2336 eas
1480 2281 1614 2337 dicit
1637 2281 1996 2352 distinguere,

413 2373 750 2444 cogitatione
797 2373 1046 2439 scilicet;
1093 2388 1197 2428 nec
1245 2383 1492 2441 tempora
1537 2373 1860 2445 distinguit,
1898 2389 2000 2429 nec

414 2473 726 2536 temporum
762 2465 1080 2522 differentia
1109 2481 1276 2521 unam
1310 2475 1458 2521 tuam
1487 2475 1738 2521 naturam
1774 2466 1829 2520 in
1860 2465 1999 2522 duas

413 2542 672 2623 naturas,
706 2558 856 2615 omni
907 2575 1106 2632 nempe
1152 2559 1460 2615 substantia
1509 2570 1782 2616 carentes.
1821 2559 1996 2621 Unam

411 2651 561 2706 enim
603 2658 754 2706 tuam
796 2660 1052 2708 naturam
1094 2653 1513 2708 substantialem
1551 2655 1690 2709 dicis
1724 2664 1780 2710 et
1814 2654 1996 2710 subsi-

413 2749 684 2809 stentem;
717 2743 813 2799 ubi
839 2761 970 2800 vero
999 2761 1118 2801 eam
1147 2746 1420 2801 binariam
1446 2763 1736 2812 numeras,
1764 2763 1872 2802 non
1901 2746 1997 2801 ad-

408 2834 537 2907 jicis
562 2834 870 2891 divinitatis
894 2846 1107 2893 naturae
1131 2847 1383 2894 naturam
1409 2841 1593 2895 carnis
1616 2855 1780 2910 quam
1808 2853 1997 2895 susce-

410 2927 493 2998 pit
517 2928 663 2984 Deus
689 2928 954 2993 Verbum,
980 2940 1038 2985 et
1061 2938 1288 3002 propter
1312 2947 1475 3004 quam
1505 2947 1573 2986 ex
1597 2931 1812 2988 duabus
1836 2941 1996 2989 natu-

412 3019 490 3074 ris
520 3028 782 3076 constans
811 3019 1022 3078 dicitur
1052 3023 1174 3079 duae
1205 3035 1453 3089 naturas;
1488 3025 1585 3079 sed
1621 3024 1794 3094 ipsam
1831 3040 1992 3079 unam

410 3109 655 3166 divinam
699 3112 1065 3175 substantiam
1083 3155 1098 3180 ,
1125 3115 1211 3170 vel
1246 3127 1498 3170 naturam
1519 3157 1532 3178 ,
1565 3115 1621 3168 in
1650 3115 1786 3170 duas
1812 3125 1995 3185 partes

413 3205 628 3262 ratione
667 3213 980 3277 temporum
1023 3207 1340 3278 distinguis.
1369 3205 1526 3273 Quod
1561 3207 1606 3261 si
1643 3207 1746 3262 hac
1783 3206 1993 3261 ratione

415 3311 523 3351 una
555 3304 758 3352 natura
795 3306 881 3357 est
912 3295 1168 3356 Christus
1201 3299 1346 3368 apud
1387 3308 1438 3354 te
1475 3298 1496 3367 (
1509 3313 1578 3352 ne
1613 3298 1758 3359 dicat
1789 3299 1993 3353 veritas

407 3387 554 3457 apud
583 3387 838 3456 Patres),
865 3404 997 3444 sane
1028 3389 1124 3461 qui
1154 3406 1222 3446 ex
1251 3390 1469 3447 duabus
1495 3389 1710 3444 naturis
1739 3399 1988 3457 constat,

2177 2097 2238 2152 '0
2253 2097 2406 2166 ἅγιος
2432 2097 2609 2162 διδοὺς
2633 2097 2702 2152 τά
2729 2099 3030 2170 παθήματα
3055 2101 3124 2172 τῇ
3158 2100 3451 2172 «prima!
3467 2101 3536 2154 τά
3553 2102 3687 2155 θαύ-
3742 2154 3759 2170 ,

2106 2207 2252 2261 ματα
2279 2190 2354 2261 τῷ
2381 2189 2522 2262 Θεῷ,
2550 2190 2720 2263 χωρὶς
2749 2193 2930 2262 πάσης
2960 2193 3429 2264 περιεργολογῑας,
3453 2192 3556 2259 τὰς
3587 2195 3689 2262 φύ-

2104 2297 2218 2344 σεις
2239 2281 2339 2349 τὴν
2371 2280 2550 2351 σάρκα
2581 2283 2676 2336 καὶ
2706 2282 2808 2354 τὴν
2842 2282 3072 2356 θεότητα
3097 2284 3337 2355 ἐνόησεν,
3370 2285 3465 2339 καὶ
3484 2286 3687 2350 ταύτας

2101 2367 2258 2426 εἶπεν
2289 2372 2588 2444 διακρίνειν
2615 2373 2860 2445 δηλονότι
2891 2377 2958 2446 τῇ
2996 2377 3212 2448 ἐπινοίᾳ
3242 2393 3257 2409 ο
3292 2377 3352 2430 ού
3402 2376 3512 2448 γάρ
3554 2379 3686 2449 χρό-

2100 2480 2224 2526 νους
2244 2463 2340 2516 καὶ
2377 2465 2442 2535 τῇ
2473 2463 2570 2516 τοῦ
2601 2465 2798 2537 χρόνου
2825 2465 3077 2538 διαστολῇ
3123 2467 3561 2522 συνδιαστέλλειν
3585 2471 3685 2538 τὴν

2103 2555 2237 2626 μίαν
2285 2572 2379 2608 σου
2417 2554 2580 2625 φύσιν
2612 2557 2694 2620 εἰς
2723 2555 2820 2610 δύο
2848 2557 3059 2626 φύσεις,
3101 2559 3197 2612 καὶ
3242 2558 3433 2626 φύσεις
3463 2561 3564 2613 οὐκ
3590 2560 3686 2613 οὐ-

2100 2648 2335 2713 σιώδεις.
2383 2648 2495 2719 Τὴν
2549 2649 2647 2720 μὲν
2689 2649 2798 2721 γὰρ
2828 2649 2961 2720 μίαν
2990 2649 3152 2720 φύσιν
3177 2649 3410 2720 ούσιὼδη
3441 2652 3535 2705 καὶ
3595 2653 3683 2704 ὲν-

2097 2741 2400 2795 υπόστατον
2436 2740 2638 2810 λέγεις.
2657 2743 2826 2796 ὀταν
2857 2741 2913 2795 δὲ
2953 2741 3169 2812 ταύτην
3226 2742 3326 2813 τὴν
3387 2743 3536 2814 μίαν,
3588 2744 3684 2798 δύο

2097 2835 2361 2906 ἀριθμῇς,
2403 2835 2465 2888 οὐ
2495 2838 2561 2906 τῇ
2604 2837 2702 2907 μιᾷ
2730 2838 2794 2907 τῇ
2830 2835 2927 2905 τῆς
2961 2834 3214 2908 θεότητος
3241 2835 3554 2907 προστιθεὶς
3579 2839 3679 2908 τὴν

2097 2928 2261 2998 φύσιν
2289 2929 2391 2998 τῆς
2435 2928 2636 2999 σαρκὸς
2680 2929 2746 3000 ἣν
2777 2928 3037 2982 ἀνέλαδεν
3065 2930 3094 2982 ό
3123 2928 3256 2993 Θεὸς
3285 2929 3478 2998 Λόγος,
3506 2930 3577 2984 δι’
3608 2930 3678 3001 ἢν

2096 3021 2191 3074 καὶ
2219 3020 2279 3073 τὸ
2299 3020 2364 3074 ἐκ
2389 3019 2482 3074 δύο
2503 3019 2720 3090 φύσεων
2738 3021 2958 3090 λέγεται
2988 3020 3082 3075 δύο
3109 3021 3323 3092 φύσεις,
3359 3022 3472 3075 ἀλλ’
3503 3023 3676 3094 αὐτὴν

2094 3111 2193 3183 τὴν
2235 3112 2362 3182 μίαν
2394 3111 2582 3184 θεῖκὴν
2611 3112 2824 3174 οὐσίαν,
2854 3114 2972 3185 ἦτοι
3006 3113 3189 3183 φύσιν,
3213 3114 3294 3178 εἰς
3319 3113 3410 3166 δύο
3435 3113 3676 3182 διαιρου-

2097 3201 2268 3274 μένην
2297 3204 2582 3273 χρονικῶς.
2624 3203 2687 3257 Et
2724 3203 2778 3256 δὲ
2811 3205 2948 3258 κατὰ
2973 3204 3130 3258 τοῦτο
3174 3204 3272 3275 μία
3311 3203 3474 3272 φύσις
3526 3204 3675 3256 ἐστὶν
3723 3197 3726 3199 λ

2092 3295 2121 3345 ὁ
2150 3292 2386 3362 Χριστὸς
2426 3293 2575 3363 παρά
2604 3293 2689 3346 σοὶ
2733 3292 2831 3361 (μὴ
2862 3291 2969 3363 γὰρ
3009 3293 3153 3347 εἴποι
3189 3295 3223 3364 ἡ
3254 3293 3482 3363 ἀλήθεια
3522 3294 3675 3364 παρά

2092 3385 2204 3447 τοῖς
2245 3380 2548 3455 Πατράσιν)
2579 3382 2888 3446 ἀκολούθως
2937 3383 3033 3436 καὶ
3085 3384 3146 3437 τὸ
3191 3386 3254 3437 ὲκ
3300 3383 3395 3438 δύο
3433 3383 3671 3454 φύσεων,

411 3499 520 3538 non
567 3497 636 3539 ex
677 3481 969 3546 divinitate
1012 3460 1070 3538 et
1113 3481 1456 3538 humanitate
1490 3492 1610 3549 est,
1645 3483 1753 3540 hoc
1798 3491 1882 3539 est
1924 3499 1992 3539 ex

2095 3475 2193 3528 οὐκ
2220 3475 2291 3528 ἐκ
2325 3474 2580 3546 θεότητος
2627 3475 2721 3529 καὶ
2745 3475 3162 3546 ἀνθρωπότητος
3189 3473 3362 3539 ἔσται,
3395 3476 3674 3530 τουτέστιν

409 3577 607 3624 natura
637 3583 804 3626 carne
833 3571 1043 3626 carenti
1071 3580 1128 3630 et
1153 3586 1345 3626 rursus
1370 3587 1438 3629 ex
1461 3571 1653 3626 eadem
1682 3573 1986 3639 incarnata,

408 3660 548 3716 nihil
575 3660 897 3732 perﬁciente
923 3679 1089 3730 carne
1114 3663 1262 3734 quod
1294 3671 1493 3718 natura
1522 3663 1630 3719 dici
1658 3665 1858 3734 possit;
1891 3665 1989 3720 sed

411 3759 638 3823 propter
660 3751 926 3824 temporis
955 3751 1326 3808 ditlerentiam
1355 3767 1463 3807 una
1489 3759 1685 3807 natura
1717 3752 1901 3808 divina
1932 3760 1990 3809 et

411 3843 529 3903 fieri
561 3853 618 3903 et
643 3845 750 3902 dici
779 3854 963 3920 potest
987 3846 1109 3904 duae
1137 3854 1370 3903 naturas.

477 4028 782 4096 Praeterea,
828 4044 863 4084 ο
911 4029 1352 4099 sapientissime,
1396 4030 1442 4085 si
1490 4043 1655 4084 carne
1705 4037 1984 4082 carentem

405 4119 752 4174 divinitatem
802 4136 969 4176 unam
1019 4130 1267 4177 naturam
1317 4137 1513 4184 vocas,
1555 4131 1750 4175 natura
1803 4119 1987 4175 carnis

404 4211 733 4267 instructam
782 4227 882 4268 cur
923 4229 1117 4269 rursus
1163 4231 1325 4269 unam
1367 4215 1545 4270 dicis?
1610 4213 1758 4284 quod
1808 4215 1852 4268 si
1895 4214 1985 4268 illa

402 4312 713 4373 permanet,
743 4312 802 4358 ut
827 4305 943 4376 ipse
967 4305 1145 4376 ﬁngis,
1173 4306 1264 4360 ubi
1289 4306 1471 4361 carnis
1487 4314 1759 4368 naturam,
1788 4306 1984 4359 huma-

401 4396 596 4453 nitatis
619 4407 872 4454 naturam
902 4408 1235 4470 assumptam
1265 4414 1387 4454 esse
1419 4399 1641 4467 asseris,
1667 4399 1722 4454 in
1752 4400 1984 4470 conjun-

401 4491 586 4547 ctione
623 4490 745 4548 duze
783 4491 1151 4548 subsistentes
1186 4501 1394 4548 naturae
1432 4492 1788 4548 admittenda:
1820 4500 1978 4555 sunt,
2012 4552 2021 4560 _

398 4598 509 4637 non
534 4599 642 4637 una
668 4593 880 4642 tantum
903 4592 1121 4639 natura.
1141 4583 1195 4638 Si
1221 4592 1500 4654 assumpta
1522 4583 1761 4638 humana
1784 4593 1980 4637 natura

398 4681 593 4728 cetera
634 4673 820 4728 omnia
861 4673 1118 4738 retinuit,
1166 4681 1227 4728 ut
1269 4673 1584 4728 nominetur
1627 4671 1976 4736 humanitas,

397 4763 614 4830 anima,
641 4780 872 4835 corpus,
905 4780 1061 4831 caro,
1095 4752 1266 4818 unum
1299 4779 1431 4819 vero
1468 4764 1572 4819 hoc
1607 4763 1794 4818 amisit
1827 4761 1976 4832 quod

395 4856 614 4914 dicatur
642 4867 866 4922 natura,
899 4858 1064 4928 proh,
1094 4857 1330 4912 absurda
1364 4857 1641 4920 conditio,
1674 4871 1706 4910 a
1739 4856 1973 4911 Doeeta-

396 4964 518 5002 rum
548 4949 857 5006 fautoribus
889 4950 1138 5005 inventa!
1172 4950 1282 5004 Nos
1311 4960 1494 5004 autem
1527 4950 1663 5004 illud
1688 4947 1975 5005 contendi—

395 5057 562 5098 mus:
601 5051 660 5096 ut
701 5051 896 5102 caetera
935 5041 1120 5096 omnia
1162 5044 1473 5098 retinentur
1513 5050 1570 5097 et
1609 5041 1873 5098 dicuntur
1917 5041 1972 5096 in

392 5134 798 5206 assumptione,
825 5141 882 5188 et
922 5142 1149 5206 propter
1186 5135 1444 5190 unionem
1489 5133 1708 5206 propria
1749 5133 1972 5189 nomina

393 5241 504 5281 non
535 5225 842 5296 deponunt,
866 5226 940 5280 ita
970 5227 1086 5296 ipsa
1111 5237 1310 5284 natura
1338 5228 1542 5283 dicitur
1567 5236 1794 5299 propter
1816 5228 1976 5283 unio-

391 5332 517 5374 nem
550 5332 729 5386 neque
759 5326 1042 5375 contracta
1067 5335 1248 5389 neque
1277 5321 1478 5375 deleta.
1507 5321 1799 5377 Permanet
1825 5322 1971 5376 enim

392 5418 624 5477 utraque
654 5417 852 5463 natura
883 5424 994 5464 non
1027 5411 1204 5465 solum
1237 5411 1384 5481 quod
1415 5421 1500 5467 est
1526 5413 1576 5467 vi
1607 5420 1846 5479 naturae,
1875 5412 1972 5468 sed

390 5498 524 5556 illud
561 5501 804 5556 retinens
829 5501 976 5571 quod
1002 5517 1204 5557 nomen
1232 5503 1397 5558 habet
1422 5511 1654 5570 naturae,
1685 5506 1762 5561 uti
1793 5515 1848 5561 et
1874 5504 1972 5560 tibi

389 5591 595 5647 Severo
623 5592 862 5660 videtur,
887 5609 1013 5649 eum
1046 5594 1113 5649 de
1145 5604 1376 5665 utraque
1409 5612 1658 5652 seorsum
1693 5580 1968 5668 loqueris;

389 5697 517 5737 nam
559 5685 896 5755 conjunctim
941 5685 1080 5742 duas
1121 5696 1346 5744 naturas
1415 5689 1600 5744 dicere
1644 5690 1972 5768 plerumque

389 5789 642 5842 recusas,
673 5792 742 5831 ne
775 5779 1008 5834 Doeetas
1037 5796 1136 5851 per
1166 5781 1350 5836 omnia
1387 5782 1755 5839 contristeris.

461 5951 576 6013 Una
610 5955 774 6029 igitur
801 5961 898 6018 Dei
927 5963 1090 6020 Verbi
1128 5973 1357 6030 natura,
1389 5973 1442 6019 ct
1475 5971 1758 6035 assumpta
1792 5969 1972 6022 carnis

2094 3569 2154 3634 ἐξ
2184 3568 2428 3642 ἀσάρκου
2465 3569 2706 3637 φύσεως,
2749 3569 2843 3623 καὶ
2877 3567 3040 3621 πάλιν
3083 3567 3143 3632 ἐξ
3183 3567 3354 3638 αὐτῆς
3387 3584 3669 3640 σεσαρκωο

2095 3662 2285 3734 μένης,
2351 3661 2448 3732 τῆς
2502 3659 2702 3732 σαρκὸς
2754 3659 2920 3730 μηδὲν
2983 3659 3340 3731 συντελούσης
3381 3662 3460 3724 εἰς
3503 3662 3662 3732 δνομο

2093 3755 2328 3824 φύσεως,
2365 3753 2502 3807 ἀλλά
2529 3752 2629 3823 τῆς
2655 3751 2940 3820 διαστολῆς
2969 3750 3062 3804 τοῦ
3103 3751 3296 3821 χρόνου
3331 3751 3488 3804 τοῦτο
3520 3769 3661 3824 χαριν

2092 3844 2328 3916 ζομένης
2363 3847 2426 3914 τῇ
2455 3845 2552 3915 μιᾷ
2578 3841 2737 3912 φύσει
2771 3845 2837 3914 τῇ
2869 3842 3048 3914 θεῖκῇ,
3079 3844 3141 3896 τὸ
3172 3843 3267 3897 καὶ
3287 3843 3543 3913 γενέσθαι
3575 3846 3666 3899 καὶ

2089 3919 2342 4005 λέγεσθαι
2379 3935 2471 3989 δύο
2503 3935 2714 4006 φύσεις.

2160 4025 2316 4094 Εἶτα,
2352 4023 2398 4083 ὦ
2436 4029 2613 4083 πάντα
2637 4029 2790 4098 σοφὲ,
2822 4030 2870 4082 ει
2899 4030 3114 4100 γυμνὴν
3144 4029 3346 4100 σαρκὸς
3377 4027 3542 4082 οὖσαν
3571 4027 3668 4096 τὴν

2090 4121 2319 4193 θεότητα
2369 4121 2500 4196 μίαν
2550 4122 2711 4192 φύσιν
2766 4122 3076 4193 ὀνομάζεις,
3125 4119 3538 4192 προσλαόοῦσαν
3570 4119 3668 4192 τὴν

2080 4215 2252 4288 ’φύσιν
2298 4215 2397 4285 τῆς
2449 4213 2672 4286 σαρκὸς,
2720 4213 2836 4277 πῶς
2872 4213 3032 4267 πάλιν
3074 4213 3203 4284 μίαν
3228 4213 3522 4277 ἀποκαλεῖς
3554 4230 3568 4279 ;
3606 4211 3669 4266 El

2090 4305 2344 4370 σώζεται,
2373 4303 2563 4375 ὥσπερ
2590 4303 2686 4356 καλ⁸
2710 4305 2774 4357 σὺ
2806 4305 3000 4367 ποιεῖς,
3037 4303 3184 4357 ἔστιν
3215 4304 3302 4356 ὅτε
3341 4303 3539 4373 σαρκὸς
3568 4303 3668 4372 φύ-

2087 4414 2193 4463 σιν,
2236 4397 2329 4450 ml.
2376 4395 2795 4467 ἁνθρωπότητος
2833 4394 2996 4464 φύσιν
3036 4395 3210 4462 λέγων
3249 4394 3661 4467 προσειλῆφθαι.

2086 4491 2181 4544 καὶ
2233 4491 2290 4541 ὲν
2339 4491 2402 4559 τῇ
2445 4488 2694 4543 συνθέσει
2741 4488 3117 4558 ὑφισταμένας
3141 4488 3333 4556 φύσεις
3363 4490 3514 4560 όρᾷν,
3543 4489 3655 4559 οὐχ’

2087 4582 2218 4653 μίαν
2259 4581 2421 4651 μόνον
2452 4581 2612 4650 φύσιν
2637 4598 2651 4610 ο
2683 4582 2733 4633 εὶ
2767 4579 2824 4632 δὲ
2858 4580 3266 4652 προσληφθεῖσα
3290 4582 3322 4651 ἡ
3347 4579 3644 4650 ἀνθρωπίν.

2084 4673 2247 4742 φύσις
2280 4675 2460 4727 πάντα
2496 4671 2595 4742 μὲν
2623 4672 2692 4726 τὰ
2721 4672 2855 4727 ἄλλα
2882 4672 3084 4726 ἔσωσεν
3117 4672 3379 4741 ὀνόματα,
3420 4673 3479 4725 τὸ
3510 4672 3632 4740 λέγε

2085 4763 2210 4818 σθαι
2242 4765 2624 4836 ἀνθρωπὸτης,
2650 4764 2817 4835 ψυχὴ.
2849 4764 3029 4834 σῶμα,
3073 4764 3230 4835 σὰρξ,
3259 4763 3417 4817 τοῦτο
3468 4765 3526 4818 δὲ
3563 4764 3663 4834 μό-

2081 4874 2173 4911 νον
2229 4855 2512 4910 ἀπὼλεσεν
2557 4856 2630 4910 τδ
2668 4857 2921 4925 λέγεσθαι
2973 4857 3155 4927 φύσις,
3201 4857 3302 4925 φεῦ
3331 4858 3430 4928 τῆς
3459 4859 3662 4912 ἀτόπου

2080 4949 2539 5023 ἀποκληρώσεως,
2556 4951 2656 5021 τῆς
2672 4952 2921 5022 ἐπινενοη
2932 4950 3096 5022 μένης
3112 4954 3223 5009 τοῖς
3256 4951 3657 5021 φιλοδοκήταιςῑ

2093 5042 2285 5114 Ἡμεῖς
2311 5043 2367 5096 δὲ
2395 5043 2554 5097 τοῦτὸ
2577 5061 2778 5114 φαμεν,
2808 5042 2996 5115 ὥσπερ
3034 5044 3100 5098 τὰ
3135 5043 3272 5098 ἄλλα
3318 5045 3497 5097 πάντα
3556 5043 3661 5096 σώ-

2081 5133 2233 5199 ζεται
2271 5136 2365 5188 καὶ
2403 5136 2621 5204 λέγεται
2661 5135 2761 5205 τῆς
2809 5135 3188 5207 προσλήψεως,
3233 5134 3308 5207 μὴ
3352 5135 3660 5205 ἀποϐεϐληο

2078 5227 2212 5280 κότα
2239 5227 2308 5281 τὰ
2351 5227 2494 5280 ἰδικά
2538 5227 2777 5298 ὀνόματα
2803 5226 2892 5280 διὰ
2923 5227 3024 5296 τὴν
3051 5225 3265 5290 ἕνωσιν,
3297 5225 3471 5288 οὕτως
3503 5225 3597 5278 καὶ
3623 5227 3656 5294 ἡ

2077 5318 2239 5386 φύσις
2293 5318 2511 5386 λέγεται
2561 5319 2636 5389 μὴ
2688 5317 3119 5388 συναλειφομὲνη
3161 5316 3254 5370 καὶ
3280 5316 3655 5387 ἀφανιζομένη

2076 5411 2165 5464 διὰ
2196 5411 2294 5480 τὴν
2320 5409 2588 5472 σύνθεσιν.
2632 5411 2800 5466 Μένει
2835 5411 2946 5481 γὰρ
2977 5410 3212 5481 ἑκατέρα
3248 5409 3430 5478 φύσις,
3465 5410 3527 5461 ού
3561 5407 3659 5478 μό-

2077 5517 2166 5554 νον
2192 5501 2327 5571 ὄπερ
2358 5501 2472 5552 ἐστὶ
2506 5503 2570 5571 τῇ
2612 5502 2793 5570 φύσει,
2832 5501 2970 5554 ἀλλά
3001 5500 3098 5554 καὶ
3135 5498 3334 5569 ἔχουσα
3376 5499 3513 5568 ὅπερ
3542 5497 3657 5569 ἔχει

2076 5592 2249 5663 ὄνομα
2278 5596 2344 5664 τῇ
2403 5592 2586 5663 φύσει,
2617 5592 2806 5664 ὥσπερ
2835 5594 2932 5647 καὶ
2968 5593 3051 5645 σοὶ
3085 5592 3310 5662 Σευήρῳ
3333 5590 3500 5653 δοκεῖ,
3530 5590 3659 5643 ὅταν

2079 5687 2207 5758 περὶ
2231 5687 2470 5756 ἑκάστης
2501 5686 2642 5751 ἰδίως
2663 5685 2904 5758 διαλέγῃ·
2933 5687 3048 5756 ἅμα
3082 5685 3190 5756 γὰρ
3214 5684 3317 5746 τὰς
3345 5683 3437 5736 δύο
3466 5682 3656 5751 φύσεις

2077 5780 2364 5849 ὀνομάσαι,
2397 5780 2465 5833 τά
2497 5778 2669 5833 πολλά
2703 5780 2964 5850 παραιτῇ,
3000 5778 3088 5831 ἵνα
3130 5776 3205 5848 μὴ
3246 5775 3498 5846 λυπήσῃς
3531 5773 3657 5834 τοὺς

2078 5874 2324 5944 Δοκήτας
2361 5876 2418 5926 ἐν
2459 5874 2641 5927 πᾶσιν.

2151 5963 2296 6039 Ἀρα
2326 5961 2417 6020 οὖν
2440 5966 2472 6037 ἡ
2499 5965 2596 6037 μεα
2627 5965 2719 6019 τοῦ
2749 5963 2881 6020 Θεοῦ
2903 5963 3075 6034 Λόγου
3101 5962 3282 6033 φύσις,
3310 5961 3453 6030 καὶὴ
3487 5972 3655 6029 προπκ
