4112 6544
421 474 520 538 illi

1482 482 1846 542 EPISTULA
1884 481 1982 541 DE
2021 482 2326 542 DUABUS
2366 484 2723 543 NATURIS.

3579 491 3682 550 9l8

423 583 686 652 ληφθεῖσα
707 583 806 651 τῆς
831 585 1031 656 σαρκὸς
1061 586 1242 655 φύσις,
1275 587 1368 640 δύο
1394 590 1586 657 φύσεις
1615 592 1708 644 καὶ
1743 592 1878 644 εἰσὶν
1907 591 2000 642 καὶ

2110 600 2319 656 natura,
2345 592 2468 648 duae
2493 603 2703 648 naturae
2729 602 2857 648 sunt
2880 603 2935 648 et
2959 595 3250 661 dicuntur;
3281 605 3334 650 tu
3363 613 3492 652 vero
3521 617 3681 654 unam

424 675 671 743 λέγονται
706 692 719 705 ο
760 677 823 730 σὺ
851 677 906 729 δὲ
944 677 1044 746 τὴν
1082 678 1210 746 μίαν
1246 680 1346 749 μὲν
1381 685 1746 754 παρασιωπᾷς
1776 683 1874 753 τὴν
1904 683 2004 752 τῆς

421 767 644 838 σαρκός,
674 769 747 838 μὴ
783 768 1128 840 συναριθμῶν
1144 770 1346 843 ταύτην
1380 776 1444 843 τῇ
1463 773 1828 846 θεότητι,ἀλλ’
1849 777 2006 846 ἐφελ-

421 859 654 930 κόμενος
689 860 790 928 μὲν
819 860 915 913 καὶ
955 861 1284 934 παρασύρων
1305 863 1497 935 αὐτὴν,
1529 866 1578 918 εί
1621 869 1694 938 μή
1734 886 1837 921 που
1865 871 2003 924 ἰδια-

422 950 645 1014 ζόντως,
684 951 873 1022 ὥσπερ
915 952 944 1004 ὃ
991 952 1148 1024 ἔφην.
1190 956 1302 1026 Τὴν
1345 955 1401 1008 δὲ
1431 957 1528 1028 τῆς
1555 957 1807 1031 θεότητος
1843 961 2004 1031 μόνον

419 1041 704 1112 ὀνομάζων
731 1042 914 1111 φύσιν,
965 1045 1059 1098 καὶ
1085 1047 1314 1118 ταύτην,
1353 1049 1429 1112 ὠς
1459 1051 1524 1103 σὺ
1559 1051 1688 1122 φὴς,
1717 1052 1795 1122 τῷ
1827 1055 2004 1124 χρόνῳ

423 1133 872 1202 συνδιαστέλλων,
906 1137 1099 1207 καινήν
1130 1139 1264 1209 ἡμῖν
1299 1142 1670 1211 φυσιολογίαν,
1715 1145 1912 1213 μᾶλλον
1945 1147 2003 1200 δὲ

426 1226 769 1296 μωρολογίαν
793 1227 1084 1299 τερατεόῃ,
1118 1230 1216 1301 τὴν
1264 1232 1394 1302 μίαν
1450 1235 1611 1303 φύσιν
1659 1235 1752 1288 δύο
1812 1237 2004 1306 φύσεις

423 1315 714 1370 ἀποκαλῶν
749 1333 761 1346 ·
796 1316 869 1380 ὡς
930 1319 978 1371 εί
1016 1320 1356 1391 σαφέστερον
1404 1322 1542 1395 ἔφης
1583 1326 1720 1396 ὅπερ
1751 1327 2000 1397 ἐνόησας,

424 1407 648 1478 πρώτην
681 1409 776 1461 καὶ
809 1407 1092 1481 δευτέραν,
1133 1413 1226 1465 καῖ⁹
1262 1415 1290 1466 ό
1327 1417 1405 1485 μή
1433 1415 1760 1488 βουλόμενος
1791 1420 1888 1482 τὰς
1910 1420 2004 1474 δύο

424 1499 617 1566 φύσεις
651 1499 745 1552 τοῦ
788 1500 1050 1571 Χριστοῦ,
1089 1503 1182 1558 δύο
1218 1506 1566 1578 ὁμολογῆσαι,
1604 1511 1703 1581 τὴν
1746 1513 1874 1580 μίαν
1911 1512 2004 1566 δύο

421 1589 596 1657 λέγων
632 1589 732 1643 οὐκ
759 1591 992 1665 αἰσχύνῃ
1023 1610 1038 1658 ;
1079 1593 1225 1665 Πλὴν
1263 1596 1431 1650 πολλὰ
1463 1598 1782 1670 περιελθὼν,
1813 1617 2006 1654 παντε-

422 1684 530 1747 λῶς
582 1687 776 1754 φυγεῖν
825 1685 923 1758 τὴν
950 1687 1210 1758 ἀλήθειαν
1235 1689 1336 1742 οὐκ
1362 1689 1654 1762 ὴδυνήθης.
1681 1691 1866 1745 Εἰπὼν
1896 1693 2004 1762 γὰρ

422 1776 547 1838 τοὺς
585 1778 652 1847 τῇ
694 1777 1106 1850 ὲνανθρωπήσει
1144 1780 1454 1850 πρέποντας
1483 1785 1773 1847 ταπεινοὺς
1814 1784 2004 1853 λόγους

423 1869 515 1922 ἐπὶ
553 1869 651 1942 τὴν
684 1871 916 1944 θεότητα
949 1872 1105 1941 ἄγειν
1133 1875 1258 1938 τοὺς
1299 1876 1634 1944 Ἀρειανοὺς,
1675 1877 1880 1944 ἔδειξας
1911 1878 2005 1932 καὶ

2107 685 2307 739 retices
2335 686 2518 740 carnis
2544 695 2826 751 naturam,
2853 696 3017 756 atque
3048 688 3325 743 divinitati
3359 705 3467 744 non
3501 708 3682 746 annn-

2106 791 2319 842 meras,
2358 777 2453 832 sed
2496 793 2617 832 eam
2658 779 2846 843 elidis,
2877 788 2933 833 et
2965 779 3203 845 omittis,
3234 780 3340 835 nisi
3377 782 3518 838 forte
3559 801 3682 838 eam

2107 883 2356 923 seorsum
2384 884 2678 934 memores,
2704 870 2782 924 uti
2809 870 2925 924 dixi
2960 889 2973 924 :
3001 886 3128 925 cum
3163 881 3346 926 autem
3378 875 3685 930 divinitatis

2110 969 2322 1016 tantum
2339 974 2595 1017 naturam
2621 978 2804 1028 vocas,
2832 965 3113 1033 illamque,
3137 967 3524 1031 utcontendis,
3551 977 3687 1023 lem-

2106 1070 2240 1124 pore
2287 1055 2612 1127 distinguis,
2652 1073 2852 1111 novam
2905 1058 3066 1113 nobis
3116 1059 3548 1130 physiologiam,
3592 1073 3686 1115 aut

2106 1148 2290 1216 potius
2317 1149 2724 1219 stultiloquium
2750 1150 3053 1220 excogitas,
3079 1150 3208 1204 dum
3236 1167 3402 1205 unam
3430 1161 3682 1207 naturam

2106 1237 2246 1294 duas
2294 1249 2524 1295 naturas
2569 1255 2759 1295 vocas.
2792 1241 3009 1296 Clarius
3060 1256 3191 1295 sane
3242 1251 3482 1296 mentem
3537 1252 3682 1297 tuam

2104 1332 2496 1401 expressisses,
2530 1333 2766 1402 primam
2810 1334 3047 1388 dicendo
3085 1341 3143 1389 et
3175 1333 3502 1388 secundam.
3538 1335 3684 1388 Duas

2104 1421 2307 1476 Christi
2340 1430 2564 1476 naturas
2597 1421 2848 1475 conﬁteri
2881 1421 3020 1475 duas
3053 1438 3178 1476 cum
3209 1420 3487 1485 nolueris,
3520 1437 3682 1474 unam

2105 1513 2242 1569 duas
2275 1530 2475 1568 vocare
2518 1529 2628 1567 non
2669 1513 2980 1568 erubescis!
3021 1513 3092 1568 At
3132 1513 3263 1569 licet
3301 1521 3384 1568 tot
3420 1513 3683 1568 ﬂexiones

2105 1605 2456 1676 quaesiveris,
2486 1607 2770 1661 veritatem
2808 1607 3038 1661 omnino
3068 1606 3315 1662 devitare
3347 1621 3458 1661 non
3493 1607 3683 1676 potui-
3733 1612 3740 1619 '

2105 1700 2194 1752 sti.
2229 1699 2364 1752 Nam
2399 1699 2621 1768 quando
2656 1699 2798 1754 dicis
2833 1700 2901 1754 ab
2934 1699 3158 1754 Arianis
3193 1700 3433 1754 humiles
3468 1715 3680 1754 sermo-

2107 1807 2205 1846 nes
2251 1800 2307 1845 et
2348 1792 2724 1846 incarnationi
2751 1791 3196 1847 accommodatos
3220 1791 3679 1858 Eadldivinitatem

2111 1885 2334 1948 referri,
2363 1884 2607 1954 probasti
2648 1884 2733 1939 vel
2774 1885 2984 1940 invitus
3021 1885 3146 1938 illos
3184 1900 3294 1938 non
3338 1883 3434 1937 uni
3471 1893 3684 1938 natura:

423 1961 572 2015 ἄκων
602 1961 676 2032 μὴ
703 1965 767 2033 τῇ
825 1966 924 2036 μιᾷ
968 1965 1151 2034 φύσει,
1189 1967 1464 2020 τουτέστιν
1504 1971 1569 2040 τῇ
1602 1967 1780 2040 θεῖκῇ,
1815 1971 1878 2042 ἦν
1908 1971 2001 2024 καὶ

2110 1984 2454 2044 competere,
2484 1975 2591 2029 hoc
2625 1983 2710 2028 est
2743 1974 2972 2038 divinze,
3005 1989 3168 2043 quam
3204 1973 3374 2026 solam
3408 1971 3483 2024 ibi
3519 1979 3681 2024 natu-

428 2051 596 2124 μόνην
622 2053 785 2122 φύσιν
815 2055 1104 2126 ὀνομάζειν
1127 2057 1363 2111 ἐνταῦθα
1382 2058 1566 2132 βιάζῃ,
1596 2062 1660 2114 ἐκ
1686 2061 1780 2115 τοῦ
1808 2062 1999 2116 Αὶλού-

423 2160 523 2214 ρου
552 2145 885 2218 παραλαϐών
914 2163 927 2177 ·
973 2147 1087 2201 ἀλλ’
1141 2149 1304 2222 ἑτέρᾳ
1361 2153 1468 2205 τινὶ
1507 2153 1752 2224 δηλονότι
1790 2158 1856 2225 τῇ
1903 2159 2002 2226 τῆς

425 2231 838 2304 ἀνθρωπότητος
867 2235 965 2306 τῆς
991 2237 1264 2302 οὐσιωδῶς
1295 2242 1581 2313 ήνωμένης
1609 2243 1686 2314 τῷ
1708 2244 1828 2316 Θεῷ
1844 2245 2002 2316 Λόγῳ

425 2321 683 2392 ἁρμόζειν
713 2325 954 2389 τούτους.
997 2327 1062 2380 Τί
1096 2328 1205 2401 γὰρ
1229 2330 1414 2402 ἕτερόν
1443 2335 1591 2388 ἐστιν
1625 2337 1686 2390 τὸ
1728 2337 2001 2409 ὲνανθρω-

425 2415 596 2486 πῆσαι
626 2417 718 2471 τὸν
742 2418 875 2472 Θεὸν
902 2421 1096 2490 Λόγον,
1125 2422 1158 2494 ἢ
1180 2424 1240 2477 τὸ
1259 2425 1316 2478 ἐν
1349 2426 1727 2502 ἁνθρωπότητι
1751 2433 2001 2501 γενέσθαι

425 2507 587 2561 αὐτόν
613 2522 628 2574 ;
661 2510 722 2562 Ei
750 2509 806 2564 δὲ
837 2511 978 2565 κατὰ
1008 2513 1172 2581 φύσιν
1211 2517 1308 2586 οὐχ
1341 2519 1575 2590 ἁρμόζει
1604 2522 1682 2594 τῷ
1703 2522 1820 2592 Θεῷ
1844 2526 2002 2596 Λόγῳ

423 2601 494 2654 τὰ
522 2617 582 2653 τε
622 2603 768 2674 πάθη
791 2605 884 2658 καὶ
914 2605 982 2660 τὰ
1018 2609 1252 2663 ταπεινὰ
1305 2612 1550 2684 ῥήματα,
1599 2616 1707 2687 ἄρα
1751 2635 1812 2685 γε
1862 2620 2002 2673 κατὰ

428 2690 590 2760 φύσιν
617 2693 847 2765 ἁρμόζει
877 2699 942 2768 τῇ
980 2697 1360 2772 ἀνθρωπότητι
1399 2704 1566 2757 αὐτοῦ
1602 2705 1742 2760 κατά
1772 2707 1829 2761 δὲ
1860 2709 2004 2761 οἱκο-

427 2785 660 2858 νομικὴν
684 2787 957 2844 οἰκείωσιν
990 2792 1087 2845 καὶ
1125 2794 1274 2866 αὐτῷ
1303 2793 1380 2866 τῷ
1410 2795 1530 2868 Θεῷ
1567 2798 1744 2870 Λόγῳ,
1781 2800 1860 2871 τῷ
1883 2802 2005 2856 κατ’

425 2878 612 2934 οὐσίαν
634 2880 896 2938 ἐνώσαντι
927 2885 1105 2958 ἑαυτῷ
1159 2888 1259 2959 τὴν
1315 2890 1734 2964 ἁνθρωπότητα,
1792 2897 1858 2966 ἢν
1909 2895 2005 2949 καὶ

428 2973 606 3044 σάρκα
633 2975 993 3050 ὲψυχωμένην
1014 2979 1158 3053 ψυχῇ
1189 2981 1382 3055 λογικῇ
1411 3001 1611 3055 φαμεν,
1634 2986 1730 3040 καὶ
1752 2987 2004 3043 ἑνωθέντι

427 3065 561 3138 αὐτῇ
599 3069 721 3122 κατ’
751 3069 958 3128 οὐσίαν.
996 3072 1155 3130 Οὕτω
1199 3075 1308 3148 γὰρ
1370 3079 1464 3131 καὶ
1507 3079 1726 3152 ἀπαθής
1781 3083 1929 3136 ἐστιν
1976 3085 2005 3136 ό

428 3158 659 3228 Χριστὸς
688 3163 755 3233 τῇ
784 3161 1019 3236 θεότητι,
1056 3168 1151 3221 καὶ
1193 3168 1438 3240 παθητὸς
1469 3173 1534 3242 τῇ
1563 3172 1837 3239 οὐσιωδῶς
1865 3158 2006 3247 ἠνω-

431 3251 566 3322 μένῃ
596 3253 744 3326 αὐτῷ
773 3257 960 3329 σαρκί.

499 3343 565 3397 Τί
603 3345 659 3399 δὲ
693 3348 790 3402 καὶ
821 3356 1177 3423 συκοφαντεῖς
1225 3357 1577 3428 Ἀρειανούς;
1609 3363 1744 3417 Οὐδὲ
1776 3364 1885 3436 γὰρ
1909 3367 2006 3420 αὖ·

428 3438 512 3491 τοὶ
541 3439 606 3492 τὰ
636 3442 736 3513 τῆς
775 3447 977 3516 σαρκὸς
1007 3449 1177 3523 πάθη,
1203 3454 1450 3510 τουτέστι
1497 3457 1733 3529 σταυρὸν
1769 3461 1862 3514 καὶ
1902 3463 2008 3532 μά-

433 3546 624 3600 στιγας
651 3535 746 3589 καὶ
773 3536 1086 3612 διατρήσεις
1111 3544 1258 3614 ἥλων
1289 3547 1384 3601 καὶ
1427 3549 1660 3604 θάνατον
1688 3551 1874 3620 ἔλεγον
1908 3555 2008 3624 τὴν

431 3622 660 3716 θεότητα
708 3629 1053 3702 ἐπιδέχεσθαι
1089 3637 1192 3707 πρὸ
1229 3638 1334 3708 τῆς
1360 3641 1855 3716 ἐνανθρωπήσεως,
1892 3622 2007 3701 ἀλλ’

429 3715 554 3812 οὐδὲ
591 3718 730 3812 μετὰ
762 3720 861 3790 τὴν
911 3724 1331 3799 ὲνανθρώπησιν
1353 3748 1368 3765 ο
1415 3733 1529 3787 ἀλλ’
1564 3735 1662 3790 ἐὰν
1703 3737 1812 3809 ἄρα
1844 3738 1914 3793 τὰ
1941 3743 2007 3812 τῇ

427 3807 575 3881 ψυχῇ
606 3811 914 3882 ἁρμόζοντα
942 3819 1084 3872 κατὰ
1114 3819 1295 3889 φύσιν,
1323 3822 1499 3897 λύπην
1528 3828 1624 3882 καὶ
1649 3807 1892 3898 ἀγωνίαν

431 3901 498 3954 τὰ
529 3901 737 3969 τούτοις
761 3907 946 3977 ὅμοια.
981 3911 1126 3982 Πρὸς
1159 3911 1253 3978 οὒς
1285 3915 1709 3991 ἀποτεινόμενος
1753 3922 2012 3993 Ἀμφιλό-

430 4013 569 4065 χιος,
603 3997 671 4052 τὰ
694 3997 844 4071 πάθη
883 4004 1068 4058 καὶτὰ
1097 4009 1332 4064 ταπεινὰ
1358 4013 1582 4083 ῥήματα
1616 4017 1681 4087 τῇ
1717 4015 1878 4084 φύσει
1911 4019 2010 4089 τῆς

432 4091 637 4161 σαρκὸς
662 4134 676 4158 ,
709 4094 879 4166 ἤγουν
911 4097 1009 4169 τῆς
1039 4099 1464 4175 ἁνθρωπότητος
1494 4106 1814 4179 ἀπένειμεν,
1857 4111 1926 4165 τὰ
1953 4112 2009 4166 δὲ

431 4183 689 4256 θαύματα
713 4189 781 4259 τῇ
804 4188 964 4258 φύσει
992 4191 1092 4263 τῆς
1117 4193 1370 4267 θεότητος
1393 4214 1406 4227 ⁸
1432 4199 1527 4254 καὶ
1559 4200 1763 4267 ταύτας
1795 4203 2008 4274 διακρί-

432 4294 546 4331 νειν
580 4277 682 4350 ἔφη
709 4278 809 4345 τὰς
841 4282 1031 4352 φύσεις
1054 4301 1069 4316 ο
1099 4286 1222 4341 Οὺκη
1241 4287 1350 4359 ἄρα
1391 4285 1484 4345 οὖν
1517 4293 1713 4361 φύσεις
1741 4295 1841 4366 τὴν
1879 4297 2008 4366 μίαν

433 4369 594 4437 φύσιν
623 4372 848 4444 ἐνόησεν
891 4376 1263 4448 Ἀμφιλόχ-ιος,
1295 4380 1509 4451 ἢᾶλλος
1541 4402 1624 4448 τις
1649 4385 1757 4440 τῶν
1787 4387 2006 4453 όρθοδό-

433 4461 538 4528 ξων
586 4467 867 4539 Πατέρων.
923 4469 982 4523 '0
1015 4470 1072 4524 δὲ
1115 4473 1308 4544 χρόνον
1342 4470 1499 4530 εἶπεν
1535 4477 1871 4550 διακρίνειν,
1917 4484 2010 4536 καὶ

431 4559 606 4630 τούτῳ
661 4561 1061 4634 συνδιακρίνειν
1108 4566 1203 4619 καὶ
1249 4567 1681 4625 συνδιαστέλλειν
1728 4574 1829 4645 τὴν
1877 4576 2010 4645 μίαν

2111 2083 2227 2120 ram
2254 2082 2457 2121 vocare
2488 2066 2731 2129 conaris,
2759 2065 2934 2120 [Eluri
2965 2065 3213 2134 vestigiis
3244 2064 3552 2128 insecutus;
3586 2063 3681 2116 sed

2107 2159 2263 2215 alteri
2324 2175 2492 2224 sane,
2535 2159 2868 2214 humanitati
2919 2157 3355 2212 substantialiter
3397 2171 3524 2210 cum
3572 2156 3682 2208 Deo

2105 2253 2286 2308 Verbo
2337 2252 2526 2307 unitze.
2572 2251 2715 2318 Quid
2769 2251 2914 2306 enim
2968 2249 3119 2304 aliud
3179 2248 3451 2308 incarnari
3507 2249 3678 2302 Deum

2105 2342 2380 2410 Verbum,
2415 2343 2521 2397 nisi
2561 2359 2690 2397 eum
2739 2342 2795 2396 in
2841 2341 3186 2394 humanitate
3233 2338 3388 2393 ﬁeri?
3432 2337 3588 2404 Quod
3633 2338 3678 2392 si

2105 2435 2412 2492 secundum
2473 2446 2726 2490 naturam
2790 2450 2944 2489 suam
3007 2449 3118 2487 non
3181 2431 3517 2487 conveniunt
3570 2431 3681 2484 Deo

2105 2526 2288 2581 Verbo
2323 2525 2610 2596 passiones
2640 2534 2695 2581 et
2728 2524 2960 2579 humilia
2985 2523 3182 2587 verba,
3214 2537 3344 2576 sane
3376 2521 3680 2577 secundum

2105 2628 2364 2674 naturam
2394 2619 2724 2674 humanitati
2755 2619 2876 2688 ejus
2903 2616 3262 2680 conveniunt,
3291 2624 3347 2670 et
3374 2613 3681 2670 secundum

2107 2710 2505 2766 incarnationis
2535 2709 3008 2780 dispensationem
3044 2708 3146 2778 ipsi
3180 2709 3292 2762 Deo
3320 2707 3526 2771 Verbo,
3553 2706 3682 2761 sub-

2108 2803 2443 2858 stantialiter
2470 2802 2576 2858 sibi
2609 2801 3008 2858 humanitatem
3039 2799 3338 2863 adunanti,
3371 2814 3535 2869 quam
3564 2813 3706 2872 car-_

2106 2911 2234 2951 nem
2270 2911 2533 2950 vocamus
2570 2893 2843 2964 spirituali
2883 2892 3066 2947 anima
3100 2892 3428 2954 animatam,
3461 2899 3518 2945 et
3549 2890 3707 2946 sub-'

2108 2989 2438 3044 stantialiter
2482 2988 2584 3059 ipsi
2638 2987 2870 3041 unitam.
2909 2986 2999 3040 Sic
3041 2989 3187 3040 enim
3233 2984 3557 3054 impatibilis
3598 2993 3682 3038 est

2105 3079 2360 3136 Christus
2389 3080 2679 3136 divinitate
2699 3121 2712 3145 ,
2741 3088 2795 3134 et
2820 3078 3065 3149 patibilis
3097 3093 3260 3134 carne
3290 3078 3394 3150 ipsi
3423 3077 3706 3142 substam,

2110 3175 2316 3234 tialiter
2340 3177 2508 3232 unita.

2179 3359 2320 3426 Quid
2353 3368 2534 3414 autem
2591 3359 2826 3415 Arianos
2883 3359 3214 3414 insectaris?
3259 3361 3376 3414 Non
3424 3361 3570 3415 enim
3606 3362 3682 3416 illi

2109 3453 2294 3507 carnis
2342 3453 2646 3522 passiones,
2705 3454 2811 3509 hoc
2861 3463 2968 3518 est,
3024 3468 3247 3508 crucem
3297 3461 3352 3507 et
3391 3452 3597 3524 plagas,
3629 3462 3685 3508 et

2110 3543 2392 3598 clavorum
2441 3545 2691 3612 vulnera,
2746 3555 2801 3600 et
2845 3555 3080 3601 mortem
3114 3561 3143 3600 a
3175 3544 3464 3601 divinitate
3517 3544 3684 3601 fuisse

2110 3645 2334 3705 accepta
2388 3645 2519 3692 ante
2571 3637 3038 3702 incarnationem,
3090 3637 3184 3691 sed
3236 3653 3416 3706 neque
3452 3637 3687 3708 postia-

2111 3729 2492 3784 carnationem
2537 3739 2927 3794 asseruerunt;
2972 3730 3068 3785 sed
3096 3746 3160 3785 ea
3188 3745 3310 3799 qua:
3341 3739 3536 3784 natura
3567 3729 3685 3782 ani-

2079 3837 2213 3876 .maa
2265 3821 2626 3888 conveniunt,
2683 3821 2930 3877 dolorem
2958 3822 3171 3877 scilicet
3219 3830 3276 3876 et
3327 3822 3602 3892 agoniam,
3631 3829 3686 3874 et

2111 3921 2310 3967 caetera
2364 3913 2592 3984 hujusce
2619 3913 2862 3984 generis.
2916 3913 2974 3966 In
3004 3928 3145 3982 quos
3185 3912 3434 3967 intentus
3459 3911 3684 3982 Amphi-

2111 4004 2346 4072 lochius,
2403 4006 2690 4076 passiones
2733 4013 2789 4061 et
2848 4006 3087 4061 humiles
3140 4021 3426 4061 sermones
3477 4013 3689 4059 natura:

2112 4097 2295 4151 carnis
2355 4097 2441 4151 vel
2517 4097 2881 4152 humanitatis
2934 4097 3162 4161 tribuit,
3234 4099 3496 4154 miracula
3554 4113 3694 4152 vero

2111 4196 2324 4244 natura:
2368 4188 2694 4243 divinitatis.
2740 4189 2873 4244 istas
2913 4190 2993 4244 ait:
3025 4205 3082 4245 se
3131 4189 3474 4260 distinguere
3526 4197 3688 4244 natu-

2113 4295 2232 4345 ras;
2265 4295 2378 4335 non
2412 4295 2544 4335 VCI‘O
2576 4291 2807 4336 naturas
2857 4297 3020 4335 unam
3073 4296 3195 4336 esse
3239 4290 3491 4335 naturam
3520 4296 3688 4335 exco-

2111 4371 2308 4442 gitavit
2345 4373 2786 4442 Amphilochius,
2841 4389 3021 4443 neque
3083 4374 3226 4428 ali-us
3267 4373 3392 4443 quis
3423 4374 3688 4428 orthodo-

2113 4478 2308 4518 xorum
2389 4465 2634 4520 Patrum.
2683 4465 2925 4521 Severus
2994 4475 3179 4522 autem
3241 4465 3394 4519 illum
3439 4474 3688 4535 tempora

2112 4553 2190 4607 ait
2243 4553 2608 4624 distinguere,
2654 4564 2722 4610 et
2769 4555 2842 4610 ita
2910 4556 3075 4610 simul
3128 4570 3292 4610 unam
3342 4564 3594 4610 naturam
3634 4558 3688 4609 i-n

431 4652 594 4722 φύσιν
635 4657 718 4720 είς
757 4656 850 4710 δύο
883 4657 1095 4727 φύσεις.
1137 4659 1300 4714 Ἀλλὰ
1338 4662 1498 4732 μόνος
1547 4665 1610 4718 σὺ
1657 4644 1927 4739 Σευῆρος,
1981 4671 2006 4722 ό

2114 4644 2251 4700 duas
2293 4644 2614 4701 discernere
2672 4655 2729 4700 et
2773 4645 3116 4715 distinguere
3165 4655 3409 4699 naturas.
3444 4648 3512 4700 At
3542 4647 3697 4700 solus

429 4746 498 4802 τὰ
545 4746 684 4819 ὀρθὰ
729 4749 1074 4822 διαστρέφων
1114 4752 1204 4806 διὰ
1253 4753 1347 4806 τὸν
1385 4755 1517 4810 ἴδιον
1556 4758 1781 4822 σκοπὸν,
1812 4761 1909 4813 καὶ
1959 4761 2008 4814 οἱ

431 4839 749 4911 πειθόμενοι
768 4859 870 4906 σοι,
887 4843 916 4894 ὁ
931 4845 1030 4914 τὴν
1049 4844 1503 4919 ψηφοπαικτικήν
1516 4866 1610 4902 σου
1633 4852 2008 4920 φυσιολογίαν,

435 4932 636 5002 μᾶλλον
670 4934 726 4988 δὲ
751 4936 1137 5008 τερατολογίαν
1157 4979 1170 5004 ,
1218 4938 1438 5006 διδάξας
1463 4941 1591 5006 τοὺς
1615 4943 2008 5014 ἀποσχίζεσθαι

434 5021 797 5094 βουλομένους
825 5028 924 5095 τῆς
949 5028 1228 5100 ἀληθείας.

516 5116 978 5185 Ἐπαναλαὸόντες
1011 5120 1069 5175 δὲ
1096 5122 1260 5176 πάλιν
1284 5123 1465 5194 φαμέν
1495 5142 1508 5157 ο
1546 5126 1614 5180 Ei
1637 5126 1729 5182 διὰ
1759 5128 1860 5198 τὴν
1891 5129 2008 5183 δια-

427 5207 627 5278 στολὴν
653 5209 748 5263 τοῦ
775 5210 966 5283 χρόνου
997 5214 1031 5284 ἡ
1077 5213 1175 5284 μία
1205 5214 1365 5284 φύσις
1385 5216 1479 5270 δύο
1501 5216 1739 5286 λέγεται,
1775 5220 1868 5274 καὶ
1887 5221 2009 5293 οὐχὶ

422 5304 511 5358 διὰ
539 5303 641 5375 τὴν
662 5304 858 5361 ἕνωσιν
881 5307 981 5377 τῆς
1008 5309 1198 5379 θεῖκῆς
1219 5307 1436 5378 φύσεως
1479 5312 1572 5364 καὶ
1601 5312 1700 5382 τῆς
1728 5313 2006 5385 ἀνθρωπιο

421 5415 544 5466 νης,
580 5397 674 5452 δύο
701 5398 893 5467 φύσεις
921 5401 1070 5455 ἐστὶν
1099 5401 1127 5453 ό
1147 5401 1403 5468 Χριστὸς,
1434 5403 1646 5458 οὐδὲ-ὲκ
1670 5404 1764 5458 δύο
1792 5405 2010 5475 φύσεὼν

425 5493 578 5542 ἐστιν
620 5493 650 5544 ό
683 5493 921 5560 Χριστός
944 5507 961 5523 ⁸
1000 5493 1113 5547 ἀλλ’
1149 5495 1199 5546 εί
1235 5495 1342 5565 ἄρα
1368 5497 1594 5566 ἐκ-μιᾶς
1626 5497 1723 5566 μέν
1748 5499 1918 5564 ἐστιν,
1946 5500 2011 5552 ἐκ

427 5579 521 5633 δύο
555 5581 612 5634 δὲ
642 5582 860 5651 λέγεται
890 5583 1008 5656 μὲν,
1039 5587 1138 5639 οὐκ
1166 5585 1314 5640 ἐστιν
1342 5587 1420 5652 δὲ,
1455 5588 1553 5656 τῆς
1589 5588 1876 5659 διαστολῆς
1914 5591 2009 5643 τοῦ

431 5672 628 5743 χρόνου
661 5675 760 5745 τὴν
794 5675 923 5747 μίαν
954 5677 1234 5747 φύσινδύο
1253 5679 1514 5748 λέγεσθαι
1547 5680 1831 5752 ποιούσης,
1869 5683 2010 5736 κατὰ

432 5764 531 5834 τὴν
565 5765 953 5822 πολυποίκιλον
989 5768 1180 5836 σοφίαν
1209 5769 1470 5840 Σευήρου.
1503 5771 1565 5823 Ei
1603 5769 1660 5822 δὲ
1691 5772 1725 5840 ἡ
1757 5769 2011 5842 διαστολὴ

432 5859 527 5912 τοῦ
564 5859 758 5931 χρόνου
789 5860 889 5931 τὴν
923 5859 1240 5930 μίανιφύσιν
1260 5862 1353 5915 δύο
1383 5861 1640 5930 λέγεσθαι
1671 5863 1971 5934 πεποίηκεν
1995 5905 2009 5928 ,

437 5954 472 6024 ἡ
503 5953 558 6008 δὲ
582 5955 838 6026 διαστολὴ
881 5955 1104 6025 γέγονεν
1148 5955 1234 6009 διὰ
1268 5955 1360 6026 τὴν
1393 5956 1449 6021 ἐξ
1483 5955 1712 6028 οὖρανοῦ
1745 5957 1968 6013 κάθοδον
1996 5999 2009 6025 ,

2122 4744 2177 4790 ιιι
2211 4737 2316 4792 hoc
2339 4737 2496 4803 facis,
2532 4737 2762 4800 Severe,
2788 4746 2838 4792 et
2879 4737 3124 4791 fautores
3157 4737 3259 4801 tui,
3288 4737 3382 4806 qui
3409 4737 3688 4806 propriam

2118 4834 2190 4890 ob
2235 4849 2457 4889 causam
2486 4833 2688 4887 bonam
2741 4832 2902 4886 tidem
2949 4831 3178 4894 evertis,
3206 4839 3262 4884 et
3296 4827 3692 4899 praestigiosam

2120 4937 2267 4982 tuam
2302 4926 2704 4998 physiologiam
2737 4925 2822 4980 vel
2851 4923 3035 4994 potius
3081 4929 3462 4993 portentosam
3489 4919 3688 4974 doctri-

2118 5037 2243 5074 nam
2299 5036 2398 5076 eos
2437 5020 2604 5074 doces
2629 5019 2722 5088 qui
2751 5034 2780 5071 a
2808 5017 3039 5071 veritate
3064 5015 3250 5070 reduci
3282 5015 3498 5068 volunt.

2189 5113 2282 5166 Ad-
2317 5113 2663 5183 propositum
2712 5110 2921 5165 reversi
2970 5109 3086 5163 lnec
3144 5108 3534 5163 contendimus
3574 5121 3590 5159 :
3647 5109 3692 5161 si

2118 5214 2344 5276 propter
2376 5203 2749 5259 diﬂ‘erentiam
2802 5211 3112 5271 temporum
3174 5215 3281 5254 una
3332 5207 3529 5254 natura
3571 5198 3696 5254 dua:

2119 5299 2347 5362 die-itur,
2397 5314 2507 5352 non
2560 5305 2770 5361 autem,
2817 5305 3047 5366 propter
3095 5293 3358 5350 unionem
3391 5292 3593 5349 divina:
3640 5300 3698 5346 et

2121 5393 2375 5447 humana:
2411 5398 2644 5455 natu‘rze,
2695 5389 2818 5443 dua:
2864 5394 3183 5443 natum-est
3207 5386 3480 5450 Christus,
3515 5401 3697 5456 neque

2119 5501 2184 5540 ex
2220 5484 2437 5539 duabus
2464 5483 2681 5537 natur-is
2723 5489 2811 5536 est
2833 5481 3108 5536 Christus.
3136 5480 3270 5534 Nam
3321 5495 3391 5533 ex
3448 5495 3556 5533 una
3588 5487 3695 5539 est,

2120 5593 2186 5632 ex
2230 5577 2447 5631 duabus
2487 5591 2620 5629 vero
2650 5573 2878 5639 dicitur,
2913 5573 3044 5628 licet
3074 5589 3183 5627 non
3211 5572 3304 5637 sit,
3357 5570 3484 5640 quia
3531 5585 3696 5623 unam

2121 5679 2377 5724 naturam
2413 5669 2551 5724 duas
2580 5683 2780 5723 vocare
2823 5665 3140 5720 diﬂ'crcntia
3187 5663 3694 5734 tcmporumjubet,

2116 5769 2271 5838 juxta
2312 5763 2708 5818 multiformem
2742 5761 2930 5816 Severi
2975 5760 3298 5830 sapientiam
3326 5776 3338 5823 ;
3378 5767 3434 5812 at
3464 5757 3509 5811 si
3541 5755 3698 5810 diii'e-

2125 5860 2301 5914 rentia
2335 5868 2642 5928 temporum
2685 5870 2847 5910 unam
2882 5863 3136 5909 naturam
3191 5853 3328 5907 duas
3379 5865 3583 5906 vocare
3608 5849 3701 5918 ju-

2124 5959 2268 6024 bcat,
2303 5957 2419 6029 ipsa
2459 5970 2588 6011 vero
2619 5955 2733 6009 lucc
2768 5951 3082 6008 diﬂ‘crcntia
3112 5965 3179 6004 ex
3213 5963 3277 6002 co
3305 5948 3375 6003 sit
3403 5953 3521 6003 orla
3552 5941 3709 6014 quod
