4112 6538
436 403 540 468 919

1703 381 2108 453 EUSTATHII
2144 372 2484 439 MONACHI

3601 366 3709 427 9'20

432 499 502 554 de
537 497 677 554 coelo
710 493 1083 557 descenderit,
1111 499 1166 546 et
1199 489 1266 544 ad
1294 505 1394 545 nos
1417 485 1637 542 venerit
1663 501 1772 539 una
1795 493 2012 548 natura,

2137 483 2211 534 ta‘t
2240 481 2378 552 πρὸς
2402 481 2553 552 ἡμᾶς
2589 479 2885 550 ἐπιδημίαν
2905 479 3004 546 τῆς
3039 477 3168 548 μιᾶς
3193 475 3409 543 φύσεως
3439 513 3454 536 ,
3485 473 3594 542 ἄρα
3641 491 3706 541 γε

431 609 562 648 cum
609 591 807 646 eadem
859 588 1089 659 spiritus
1147 587 1202 640 in
1249 585 1461 640 inferos
1507 581 1730 643 adierit,
1780 591 1894 636 tres
1931 578 2017 632 di-

434 687 611 743 cenda
655 687 764 740 erit
810 700 918 739 una
971 691 1210 740 natura;
1247 682 1359 735 imo
1399 692 1569 747 super
1620 691 1818 732 omnes
1842 674 2016 729 caelos

435 796 635 836 rursus
660 781 872 835 elevata
898 792 1083 832 coram
1118 775 1228 829 Deo
1259 771 1807 842 splendetzquatuor
1847 767 2017 837 igitur

434 881 652 927 natura:
675 878 862 924 erunt.
893 867 1010 934 Qua
1031 868 1098 921 de
1129 880 1293 920 causa
1324 877 1432 918 non
1459 862 1635 917 solum
1663 860 2020 928 exquiremus

437 981 561 1036 quae
590 972 786 1019 natura
833 962 930 1017 Dei
957 977 1124 1016 carne
1168 958 1445 1024 carentis,
1481 966 1539 1012 et
1561 970 1685 1027 qua:
1718 951 2014 1016 incarnati,

437 1056 536 1112 sed
578 1056 747 1112 etiam
799 1070 922 1124 qua:
969 1053 1196 1107 animati
1248 1058 1461 1105 tantum
1509 1049 1608 1104 Dei
1635 1050 1782 1118 (nam
1809 1046 2019 1114 absque

438 1165 607 1204 carne
637 1149 870 1204 infernis
895 1147 1078 1214 adiit),
1106 1155 1161 1200 et
1195 1160 1317 1215 quae
1333 1153 1532 1198 natura
1552 1141 1671 1207 Dei,
1706 1155 1872 1196 carne
1895 1139 2021 1208 qui-

441 1241 566 1296 dem
618 1241 910 1302 instructa,
966 1239 1062 1293 sed
1118 1236 1529 1307 incorruptibili
1565 1244 1621 1290 et
1678 1231 2020 1288 immortali?

440 1350 567 1388 nam
611 1333 680 1387 ad
723 1332 856 1387 istas
888 1332 1124 1402 ineptias
1155 1329 1383 1384 deducit
1431 1344 1535 1383 nos
1573 1335 1884 1383 monstrosa
1918 1324 2021 1379 do-

441 1428 616 1481 ctrina
653 1426 867 1481 Severi.

511 1604 704 1673 Neque
756 1603 861 1657 hoc
908 1600 1301 1664 omittendum,
1352 1600 1500 1670 quod
1533 1600 1590 1653 in
1619 1599 1765 1653 libro
1797 1600 2023 1654 Amator

442 1695 554 1746 veri
605 1692 874 1760 inscripto
922 1691 1063 1744 dixit
1115 1707 1130 1743 :
1190 1709 1208 1741 ι
1263 1691 1475 1744 Vanum
1515 1699 1603 1744 est
1651 1705 1901 1758 quaerere
1953 1689 2022 1742 de

443 1785 669 1840 Christo
703 1785 885 1855 qualis
916 1793 1142 1849 natura;
1201 1786 1306 1840 hoc
1333 1783 1485 1840 enim
1516 1784 1594 1836 nil
1623 1781 1771 1837 aliud
1801 1792 1887 1837 est
1915 1782 2022 1836 nisi

442 1894 704 1950 expresse
756 1881 972 1934 solvere
1017 1880 1302 1933 unionem.
1343 1896 1360 1929 ι
1400 1877 1498 1932 Hic
1541 1883 1728 1930 monet
1752 1891 1855 1930 nos
1881 1875 2021 1945 ipse,

445 1981 507 2027 ut
534 1987 675 2043 papa
702 1971 814 2026 Leo
847 1973 946 2040 (5),
995 1971 1188 2026 dicens
1213 1985 1336 2040 qua:
1369 1984 1434 2024 ac
1464 1985 1606 2038 quze,
1630 1976 1690 2022 ut
1717 1982 2028 2038 quaeramus

444 2064 628 2134 qualis
655 2072 856 2118 natura
892 2063 946 2116 in
988 2062 1170 2117 crucis
1206 2063 1359 2132 ligno
1390 2059 1742 2131 pependerit.
1784 2059 2028 2113 Interro-

446 2157 659 2228 gabunt
704 2157 907 2226 quibus
959 2157 1207 2219 libuerit,
1251 2155 1378 2224 quis
1425 2161 1680 2208 mortuus
1734 2153 1826 2216 sit,
1883 2151 2029 2204 Deus

448 2265 614 2305 carne
661 2249 988 2315 destitutus,
1024 2265 1092 2303 an
1127 2249 1272 2302 Deus
1303 2245 1674 2301 incarnatus?
1718 2245 1856 2311 Quis
1906 2243 2029 2297 ani-

451 2359 568 2399 mas
611 2343 667 2397 in
713 2343 948 2397 infernis
971 2342 1243 2407 docuerit,
1269 2341 1414 2395 Deus
1447 2341 1769 2394 incarnatus
1807 2353 1876 2391 an
1908 2335 2029 2390 ani-

451 2436 683 2490 matus?
718 2434 856 2500 Quis
895 2433 1105 2503 angelis
1133 2431 1491 2502 apparuerit?
1524 2431 1622 2485 llis
1650 2429 1910 2484 omnibus
1943 2428 2030 2481 in-

449 2527 673 2581 venitur
705 2525 948 2580 Severus
973 2539 1084 2578 non
1111 2524 1290 2585 solum
1322 2523 1584 2579 Patribus
1625 2536 1897 2593 pugnans,
1934 2521 2030 2576 sed

450 2617 804 2688 sibimetipsi.
858 2616 1094 2684 Quando
1155 2617 1304 2672 enim
1375 2616 1513 2680 vult,
1560 2630 1726 2670 unam
1772 2623 2029 2669 naturam

452 2710 674 2774 dividit,
731 2710 982 2779 duasque
1035 2716 1266 2764 naturas
1322 2717 1380 2764 et
1426 2709 1554 2764 facit
1603 2718 1659 2764 et
1713 2708 1884 2774 dicit;
1935 2707 2030 2763 ubi

452 2817 588 2857 vero
621 2801 673 2857 ei
703 2801 955 2863 libuerit,
1004 2808 1232 2871 propter
1262 2801 1520 2856 unionem
1553 2799 1692 2855 duas
1725 2814 1888 2854 unam
1917 2797 2033 2853 elli-

453 2896 530 2950 eit
567 2903 623 2951 et
657 2904 855 2950 vocat:
893 2905 1058 2964 atque
1091 2896 1206 2949 haec
1229 2894 1634 2950 sexcentesimo
1676 2909 1846 2963 prope
1887 2907 2033 2947 anno

451 2996 577 3056 post
654 2989 916 3043 unionem
948 3029 961 3051 ,
1001 2987 1139 3042 duas
1185 2986 1664 3056 subsistentesque
1709 2996 1936 3040 naturas
1975 2984 2034 3038 in

453 3077 677 3134 Christo
714 3080 959 3150 cogitare
1005 3079 1298 3134 conlitens.
1327 3080 1406 3133 Ac
1447 3093 1646 3133 rursus
1673 3093 1770 3134 eos
1805 3077 2034 3132 anathe-

2118 573 2538 645 έπιδημησάσης
2561 572 2731 642 αὐτῆς
2758 574 2870 636 τοῖς
2898 574 2956 624 ὲν
2985 570 3202 640 φυλακῇ
3230 566 3531 636 πνεύμασι,
3552 568 3706 638 τρεῖς

2120 667 2313 737 φύσεις
2351 665 2740 736 λεχθήσεταιὴ
2793 664 2889 733 μία
2926 664 3110 732 φύσις.
3148 662 3257 716 Καὶ
3299 660 3464 714 πάλιν
3495 659 3706 722 ἀναβὰς

2121 761 2378 829 ὑπεράνω
2434 758 2653 812 πάντων
2704 757 2810 810 τῶν
2855 756 3122 828 οὐρανῶν,
3183 753 3586 825 ἐμφανισθῆναι
3627 751 3708 822 τῷ

2121 853 2399 925 προσώπῳ
2425 853 2520 906 τοῦ
2555 851 2714 915 Θεοῦ,
2751 851 3019 921 τέσσαρες
3045 848 3238 918 φύσεις
3262 846 3440 900 ἔσται.
3472 847 3583 898 Καὶ
3617 844 3709 898 διὰ

2119 946 2279 999 τοῦτο
2304 947 2364 999 ού
2411 944 2572 1016 μόνον
2591 945 2940 1015 ἐρωτήσομεν
2969 941 3052 1002 τίς
3095 939 3255 1008 φύσις
3278 938 3524 1008 ἀσάρκου
3546 937 3705 1003 θεοῦ,

2121 1044 2216 1096 καὶ
2265 1042 2348 1103 τίς
2378 1038 2804 1109 σεσαρκωμένου
2827 1077 2842 1101 ,
2871 1034 3007 1088 ἀλλὰ
3035 1033 3132 1086 καὶ
3150 1031 3234 1095 τίς
3273 1029 3436 1100 φύσις
3459 1027 3706 1099 ἐμψύχου

2127 1134 2286 1204 μόνον
2313 1132 2449 1186 Θεοῦ
2475 1150 2488 1164 ·
2515 1131 2759 1202 ἄσαρκος
2788 1130 2894 1200 γὰρ
2925 1126 3272 1196 ἐπεδήμησεν
3303 1125 3418 1186 τοῖς
3440 1125 3500 1174 ὲν
3534 1121 3662 1193 ᾅδου
3689 1137 3706 1152 ο

2123 1228 2217 1281 καὶ
2266 1227 2350 1289 τίς
2401 1227 2564 1295 φύσις
2611 1225 2771 1287 Θεοῦ,
2824 1218 3249 1292 σεσαρκωμένου
3289 1217 3406 1286 μὲν,
3453 1215 3616 1284 σαρκὶ
3651 1213 3711 1266 δὲ

2123 1319 2389 1391 ἀφθάρτῳ
2440 1318 2534 1372 καὶ
2566 1318 2856 1386 ἀθανάτῳ·
2904 1316 2984 1376 είς
3012 1312 3221 1381 ταύτην
3268 1309 3378 1380 γὰρ
3409 1307 3506 1379 τὴν
3545 1307 3712 1376 φλυα-

2126 1411 2249 1483 ρίαν
2275 1411 2502 1481 ποδηγεῖ
2535 1411 2682 1480 ἡμᾶς
2725 1407 2794 1460 τὰ
2825 1405 3212 1477 τερατόμορφα
3259 1401 3508 1470 δόγματα
3535 1398 3707 1469 Σευῆ-

2129 1522 2223 1574 ρου
2233 1543 2246 1558 .

2198 1597 2308 1651 Kai.
2344 1595 2504 1650 τοῦτο
2533 1595 2590 1650 δὲ
2643 1595 2852 1655 ἰστέον,
2885 1593 2966 1646 ὅτι
2996 1592 3054 1644 ὲν
3076 1589 3152 1660 τῷ
3197 1587 3524 1652 «adamas:
3559 1587 3712 1654 είρη-

2127 1689 2238 1752 κώς
2269 1705 2281 1719 ·
2345 1708 2363 1741 ι
2413 1689 2666 1742 Μάταιον
2709 1686 2770 1739 τὸ
2812 1684 3100 1756 ἐπερωτᾷν
3150 1681 3246 1735 ἐπὶ
3288 1677 3538 1750 Χριστοῦ·
3578 1676 3711 1730 ποία

2127 1783 2290 1850 φύσις
2310 1799 2322 1812 ·
2356 1781 2513 1836 τοῦτο
2539 1781 2650 1852 γὰρ
2683 1779 2839 1833 οὐδὲν
2863 1778 3051 1845 ἔτερόν
3081 1777 3260 1839 ἐστιν,
3297 1773 3331 1846 ἢ
3365 1771 3572 1843 κυρίως
3611 1769 3708 1822 λῦ-

2128 1893 2217 1929 σαι
2244 1875 2341 1946 τὴν
2386 1875 2612 1928 ἓνωσιψ
2644 1892 2662 1925 ι
2700 1867 2936 1927 ἐνταῦθα
2966 1869 3204 1933 ἐδίδαξεν
3235 1867 3382 1937 ἡμᾶς
3401 1864 3496 1917 καὶ
3524 1862 3710 1925 αὐτὸς.

2126 1969 2201 2033 ὡς
2237 1971 2264 2022 6
2298 1970 2488 2030 πάπας
2523 1967 2703 2030 Λέων,
2733 1965 2820 2017 διὰ
2882 1963 2978 2016 τοῦ
3011 1963 3185 2014 εἰπεῖν
3229 1960 3314 2021 τίς
3347 1957 3445 2011 καλ⁸
3472 1955 3577 2022 τίς,
3609 1957 3712 2006 ἒπ-

2129 2063 2338 2131 ερωτᾷν
2364 2059 2492 2112 ποία
2511 2057 2674 2126 φύσις
2704 2057 2761 2108 ὲν
2789 2054 2885 2106 τοῦ
2911 2051 3144 2122 σταυροῦ
3171 2049 3314 2120 ξύλῳ
3341 2046 3712 2118 κεκρέμαστο.

2129 2153 2529 2222 Ἐρωτήσουσιν
2558 2151 2614 2202 δὲ
2663 2151 2710 2202 oi
2749 2147 3065 2218 βουλόμενοι
3092 2146 3185 2200 καὶ
3225 2143 3312 2206 τίς
3345 2145 3373 2196 ὁ
3401 2138 3714 2202 ἀποθανὼν,

2129 2249 2157 2301 6
2182 2247 2422 2316 ἄσαρκος
2444 2243 2596 2308 Θεὸς,
2627 2243 2661 2315 ἢ
2689 2244 2717 2296 6
2745 2239 3165 2311 σεσαρκωμένος
3191 2254 3206 2302 ;
3230 2236 3326 2290 καὶ
3347 2235 3431 2298 τίς
3457 2236 3484 2287 6
3514 2250 3716 2300 πορευ-

2132 2339 2248 2402 θεὶς
2275 2336 2510 2411 κηρύξαι
2549 2337 2658 2399 τοῖς
2712 2337 2770 2387 ὲν
2803 2333 2953 2406 ᾅδου,
2977 2335 3006 2386 6
3040 2329 3459 2401 σεσαρκωμένος
3489 2326 3644 2388 Θεὸς,
3681 2325 3714 2394 ἢ

2131 2435 2158 2485 ό
2189 2431 2460 2501 έμψυχος;
2502 2428 2597 2483 καὶ
2622 2427 2706 2491 τίς
2737 2429 2765 2480 6
2789 2425 2975 2495 ὀφθεὶς
3005 2427 3116 2486 τοῖς
3143 2421 3427 2490 ἀγγέλοιςς
3461 2418 3550 2472 διὰ
3575 2420 3714 2472 πάν-

2131 2540 2240 2577 των
2257 2522 2368 2576 τῶν
2391 2520 2697 2592 εἰρημένων
2720 2518 3038 2584 εὑρίσκεται
3057 2515 3194 2584 Σευῆ
3205 2530 3294 2583 ρος
3321 2513 3381 2564 οὐ
3411 2511 3571 2582 μόνον
3601 2511 3715 2572 τοῖς

2135 2617 2418 2688 Πατράσιν
2447 2612 2865 2683 ἐναντιούμενος
2884 2653 2899 2676 ,
2937 2609 3074 2663 ἀλλὰ
3111 2607 3207 2660 καὶ
3238 2603 3416 2676 ἑαυτῷ
3443 2603 3713 2673 ἀσύμφω-

2133 2728 2242 2775 νος.
2290 2711 2421 2762 Ὅτε
2466 2709 2564 2780 μὲν
2597 2707 2705 2778 γὰρ
2747 2704 3017 2777 βούλεται,
3066 2703 3166 2772 τὴν
3216 2700 3346 2770 μίαν
3387 2695 3716 2751 διαστέλλων

2135 2802 2319 2871 φύσιν,
2351 2801 2444 2853 δύο
2473 2799 2664 2869 φύσεις
2690 2798 2784 2850 καὶ
2823 2799 2970 2850 ποιεῖ
2997 2794 3094 2848 καί⁹
3120 2793 3270 2861 λέγει
3292 2807 3307 2822 ο
3332 2791 3463 2844 ὃταν
3496 2788 3552 2842 δὲ
3582 2788 3716 2858 δοκῇ

2134 2894 2303 2964 αὐτῷ,
2331 2893 2428 2946 διὰ-
2445 2893 2543 2963 τὴν
2569 2891 2782 2952 ἕνωσιν,
2811 2890 2910 2950 τὰς
2933 2887 3027 2940 δύο
3055 2885 3185 2954 μίαν
3210 2883 3474 2937 ἀποτελεῖ
3490 2881 3584 2935 καὶ
3603 2882 3719 2934 ὀνο-

2139 2983 2336 3056 μάζευ
2384 2984 2478 3036 καὶ
2520 2980 2692 3034 ταῦτα
2722 2982 2749 3033 6
2777 2977 2918 3048 μετὰ
2949 2975 3209 3041 ἑξακόσια
3256 2971 3447 3044 σχεδὸν
3490 2969 3584 3041 ἕτη
3623 2966 3722 3036 τῆς

2136 3074 2404 3138 ὲνώσεως,
2427 3073 2520 3126 δύο
2539 3071 2730 3142 φύσεις
2749 3068 3030 3138 ὁμολογῶν
3054 3066 3280 3120 σκοπεῖν
3297 3065 3355 3118 ὲν
3373 3062 3454 3132 τῷ
3470 3059 3718 3132 Χριστῷ,

455 3171 687 3224 matizas
732 3171 826 3241 qui
884 3180 1009 3239 post
1057 3169 1321 3224 unionem
1372 3169 1510 3225 duas
1542 3169 1757 3224 dicunt.
1795 3168 1954 3235 Quod
1985 3168 2030 3222 si

2137 3170 2230 3223 καὶ
2274 3166 2477 3243 ταύτας
2520 3164 2912 3235 ὑφισταμένας.
2944 3163 3056 3215 Καὶ
3100 3159 3263 3213 πάλιν
3304 3153 3721 3225 ἀναθεματίζων

454 3273 580 3332 post
605 3263 866 3318 unionem
905 3263 1028 3317 dua:
1069 3270 1284 3316 natura:
1327 3278 1493 3316 unam
1539 3261 1866 3325 effecerunt,
1899 3275 2036 3330 quo-

455 3353 621 3409 modo
671 3353 789 3423 ipse
826 3361 905 3408 tot
935 3354 1096 3407 annis
1123 3360 1248 3420 post
1286 3353 1569 3417 unionem,
1614 3353 1757 3408 duas
1786 3353 1842 3407 in
1869 3353 2036 3408 Chri-

456 3455 544 3502 sto
572 3453 801 3501 naturas
845 3446 1089 3516 cogitat?
1120 3445 1252 3511 Quae
1281 3454 1467 3499 autem
1504 3446 1708 3516 cogitat
1733 3455 1790 3501 et
1816 3445 1951 3500 dicit
1981 3452 2040 3500 et

455 3535 673 3600 scribit,
719 3536 1000 3606 quomodo
1031 3552 1229 3592 rursus
1264 3538 1469 3608 negat?
1515 3538 1587 3594 Ut
1607 3539 2038 3610 praestigiatores

456 3626 554 3695 qui
577 3626 821 3681 calculos
849 3641 982 3681 suos
1008 3627 1171 3682 simul
1216 3627 1519 3682 ostendunt
1542 3638 1600 3682 et
1626 3628 1929 3694 occultant,
1961 3629 2039 3684 ita

457 3733 630 3788 prope
661 3718 779 3788 ipse
817 3718 980 3773 simul
1021 3717 1320 3774 confitetur
1355 3719 1515 3783 duas,
1548 3720 1828 3792 simulque
1851 3730 2034 3794 negat,

458 3811 598 3864 duas
665 3810 720 3864 in
785 3827 952 3864 unam
1001 3811 1360 3867 contrahens.
1407 3812 1586 3868 Abeat
1641 3813 1868 3869 mobilis
1932 3816 2037 3871 ista

461 3905 646 3958 mens!
677 3904 801 3959 Noli
840 3903 1095 3959 conﬁteri
1131 3920 1254 3974 quae
1297 3921 1485 3976 negas,
1523 3915 1621 3961 aut
1660 3923 1864 3978 negare
1916 3925 2038 3980 quae

459 3997 762 4052 conﬁteris.

533 4179 684 4234 Alios
709 4195 930 4249 quoque
975 4195 1042 4233 ex
1084 4179 1321 4235 diversis
1353 4182 1476 4251 ejus
1512 4182 1836 4237 tractatibus
1887 4183 2039 4238 locos

462 4273 789 4342 producam,
833 4272 1041 4341 quibus
1085 4273 1398 4328 accuratius
1436 4283 1698 4343 appareat
1730 4275 1958 4344 ineptia,
1983 4285 2041 4331 et

462 4363 788 4434 depravatio
841 4363 1105 4427 hominis,
1140 4373 1338 4434 sponte
1366 4376 1422 4420 et
1454 4382 1521 4421 ex
1568 4365 1847 4422 destinato
1889 4367 2038 4422 veri-

417 4447 422 4451 ’
464 4455 564 4512 tati
597 4457 977 4527 repugnantis.
1023 4456 1232 4511 Scribit
1269 4457 1326 4510 in
1356 4457 1502 4512 libro
1543 4457 1811 4514 adversus
1841 4460 2039 4514 Gram-

2138 3262 2266 3326 τοῦς
2296 3261 2389 3314 δύο
2420 3259 2678 3328 λέγοντας
2709 3258 2845 3328 μετὰ
2870 3256 2969 3327 τὴν
3002 3255 3217 3309 ἕνωσιν,
3245 3253 3309 3308 El
3341 3249 3431 3306 διὰ
3463 3249 3563 3322 τὴν
3586 3251 3722 3303 ἑνω-

2141 3371 2226 3408 σιν
2256 3355 2309 3407 αἱ
2343 3352 2438 3406 δύο
2479 3352 2576 3421 μία
2606 3351 2923 3420 γεγόνασιν,
2954 3349 3072 3412 πῶς
3109 3348 3274 3411 αὐτὸς
3306 3345 3445 3418 μετὰ
3478 3341 3722 3397 τοσαῦτα

2141 3448 2236 3516 ἔτη
2267 3447 2364 3516 τῆς
2393 3443 2660 3512 ἑνώσεως,
2688 3444 2782 3498 δύο
2820 3443 3010 3514 φύσεις
3045 3443 3238 3495 σκοπεῖ
3267 3441 3325 3492 ὲν
3363 3441 3440 3508 τῷ
3463 3436 3720 3508 Χριστῷς

2152 3543 2217 3593 Ἃ
2255 3538 2310 3592 δὲ
2348 3541 2541 3591 σκοπεῖ
2569 3538 2663 3590 καὶ
2711 3537 2862 3605 λέγει
2890 3535 2985 3589 καὶ
3025 3537 3248 3604 γράφει,
3283 3531 3402 3594 πῶς
3437 3531 3721 3603 ἀρνεῖται;

2145 3632 2257 3685 Kal
2300 3629 2555 3700 καθάπερ
2587 3629 2639 3681 oi.
2688 3627 3068 3698 ψηφοπαῖκται
3110 3626 3227 3694 ἆμα
3276 3625 3373 3693 μὲν
3417 3621 3724 3675 δεικνύουσι

2143 3727 2243 3788 τὰς
2267 3724 2502 3794 ψήφους,
2551 3721 2670 3792 ἅμα
2707 3720 2766 3773 δὲ
2795 3721 3122 3789 ἀφανίζουσι
3156 3717 3361 3780 ταύτας
3390 3730 3405 3746 ⁸
3436 3713 3725 3784 παραπλη-

2148 3817 2281 3880 σίως
2327 3815 2424 3868 καὶ
2451 3813 2613 3876 αὐτὸς
2643 3811 2757 3882 ἅμα
2795 3811 2893 3882 μὲν
2918 3809 3172 3879 ὁμολογεῖ
3191 3807 3286 3862 δύο
3322 3807 3566 3870 σκοπεῖν,
3607 3805 3726 3873 ἅμα

2147 3913 2206 3966 δὲ
2247 3912 2514 3981 ἀρνεῖται,
2545 3906 2646 3970 τὰς
2674 3904 2769 3960 δύο
2823 3906 2903 3967 είς
2950 3903 3078 3974 μίαν
3113 3901 3452 3968 συναλείφων
3509 3900 3726 3964 Ἄπαγε

2147 4007 2246 4075 τῆς
2280 4004 2516 4057 ἀστάτου
2573 3999 2833 4070 γνώμηςι
2871 3997 3001 4050 Δέον
3046 3996 3079 4067 ἢ
3127 3996 3202 4066 μὴ
3254 3994 3537 4064 ὁμολογεῖν
3583 3993 3727 4061 ἅπερ

2149 4099 2410 4169 ἀρνεῖται,
2442 4095 2476 4166 ἢ
2524 4093 2599 4166 μὴ
2630 4091 2910 4162 ἀρνεῖσθαι
2935 4091 3079 4162 ἆπερ
3101 4089 3371 4160 ὁμολογεῖ.

2221 4186 2622 4258 Παραθήσομαι
2669 4184 2727 4236 δὲ
2757 4185 2851 4237 καὶ
2880 4184 3072 4253 ἑτέρας
3099 4182 3324 4253 χρήσεις
3353 4181 3417 4234 ἐκ
3453 4180 3728 4249 διαφόρων

2148 4280 2311 4336 αὑτοῦ
2345 4277 2762 4347 συνταγμάτων,
2791 4276 2862 4330 δι’
2889 4269 2964 4329 ὧν
2994 4275 3386 4346 ἀκριϐέστερον
3409 4272 3470 4328 τὸ
3498 4271 3727 4325 anm-

2147 4391 2238 4429 τον
2267 4373 2362 4427 καὶ
2390 4368 2853 4441 ὲθελοκακοῦργον
2880 4367 3352 4438 ἐπιγνωσθήσεται
3386 4366 3481 4419 τοῦ
3511 4365 3727 4436 ἀνδρὸς,

2152 4470 2211 4520 ἐν
2237 4467 2437 4533 γνώσει
2471 4468 2783 4534 μαχομένου
2805 4465 2873 4534 τῇ
2903 4461 3154 4533 ἀληθείᾳ.
3175 4461 3381 4531 Γράφει
3402 4462 3459 4512 έν
3479 4458 3556 4528 τῷ
3587 4458 3732 4512 κατὰ

461 4549 721 4605 matieum
755 4568 770 4604 :
815 4568 834 4601 ι
869 4549 1205 4606 Dill‘erentiaa
1229 4551 1586 4622 conjungitur
1634 4552 1880 4607 omnium
1927 4553 2032 4610 dis-

2151 4560 2243 4613 τοῦ
2272 4555 2666 4630 Γραμματικοῦ
2697 4555 2886 4626 βιϐλίῳ
2907 4573 2920 4585 ο
2958 4573 2978 4606 ι
3011 4555 3091 4626 Τῇ
3118 4554 3352 4626 διαφορᾷ
3372 4552 3730 4615 συνέζευκται

464 4642 679 4697 tinctio.
720 4660 739 4693 ι
805 4642 1015 4697 Deinde
1043 4642 1270 4698 sibimet
1298 4659 1548 4713 pugnans
1576 4643 1632 4698 in
1660 4644 1769 4699 alio
1794 4647 2042 4716 ejusdem

463 4734 591 4788 libri
641 4734 765 4799 loco
819 4733 937 4789 haec
985 4733 1199 4790 habet:
1243 4755 1260 4786 ι
1299 4734 1436 4790 Cum
1488 4736 1635 4791 enim
1691 4753 1893 4808 corpus
1929 4756 2042 4795 non

459 4836 584 4880 erat
615 4827 880 4889 Verbum,
937 4841 1041 4880 nec
1077 4826 1256 4896 ipsum
1295 4843 1363 4881 ex
1393 4827 1562 4881 Maria
1597 4843 1804 4899 corpus
1837 4830 2042 4886 factum

461 4927 550 4972 est
575 4918 856 4984 Verbum;
886 4927 1227 4989 quapropter
1274 4935 1304 4973 e
1358 4921 1682 4976 substantia:
1728 4922 2042 4980 diﬂ'erentia

463 5008 748 5062 derivatur
772 5007 1026 5062 absoluta
1057 5007 1364 5063 distinctio.
1400 5030 1416 5060 ι
1454 5010 1523 5064 Ει
1547 5027 1742 5068 rursus
1763 5013 1816 5068 in
1846 5017 2042 5072 eodem

464 5099 610 5157 libro
643 5118 656 5153 :
702 5118 720 5150 ι
755 5099 1085 5154 Emmanuel
1103 5115 1133 5154 e
1158 5099 1374 5155 duabus
1400 5103 1613 5156 naturis
1637 5104 1907 5170 dicentes,
1932 5124 2041 5162 non

465 5190 802 5245 substantias
851 5190 1227 5254 intendimus,
1289 5201 1547 5260 naturas,
1609 5211 1731 5264 quae
1794 5205 2040 5253 mutuam

467 5283 912 5338 communionem
969 5284 1288 5353 przebcant,
1341 5295 1397 5341 et
1463 5288 1666 5344 multas
1727 5289 2049 5359 bypostascs

467 5375 962 5446 comprehendant,
1004 5377 1100 5432 sed
1162 5393 1328 5432 uuam
1386 5379 1710 5451 hypostasin
1764 5384 1956 5451 Verbi,
1992 5393 2046 5440 et

467 5481 635 5523 unam
709 5483 933 5524 carnem
996 5469 1327 5542 intelligenti
1385 5473 1570 5528 anima
1633 5476 1955 5542 animatam,
2017 5493 2048 5534 e

469 5560 677 5631 quibus
727 5561 934 5631 absque
981 5563 1090 5618 ulla
1143 5565 1452 5622 mutatione
1481 5567 1765 5624 confertur
1791 5571 1849 5626 in
1877 5587 2045 5626 unum

466 5661 523 5705 et
547 5654 918 5723 componitur.
949 5655 1045 5710 Est
1071 5657 1239 5711 etiam
1273 5674 1380 5712 una
1416 5667 1615 5715 natura
1657 5670 1714 5717 ct
1736 5662 2048 5733 hypostasis

2151 4655 2245 4709 καὶ
2271 4655 2304 4722 ἡ
2352 4651 2496 4706 κατὰ
2553 4651 2732 4705 πάντα
2757 4649 3042 4718 διαίρεσις.
3075 4668 3094 4701 ι
3131 4645 3266 4701 Εἶτα
3316 4646 3731 4715 ἐναντιούμενος

2151 4745 2327 4815 ἐαυτῷ
2360 4745 2417 4796 ὲν
2451 4743 2624 4814 ἑτέρῳ
2651 4743 2800 4812 τόπῳ
2827 4742 2921 4793 τοῦ
2948 4741 3112 4794 αὑτοῦ
3145 4740 3351 4810 βιϐλίου
3379 4739 3558 4807 λέγει⁹
3602 4759 3618 4788 ι
3653 4737 3727 4792 Οὐ

2151 4837 2260 4909 γὰρ
2303 4835 2492 4906 ἐπειδὴ
2549 4837 2709 4906 σῶμα
2737 4835 2840 4888 οὐκ
2866 4829 2934 4905 ἦν
2964 4836 2992 4888 6
3027 4834 3221 4901 Λόγος,
3272 4830 3395 4885 οὔτε
3429 4831 3538 4901 μὴν
3580 4829 3642 4882 τὸ
3666 4831 3732 4882 ὲκ

2151 4929 2372 5001 Μαρίας
2413 4928 2572 4998 σῶμα
2632 4927 3023 4996 μετεφοίτησεν
3073 4923 3168 4980 τοῦ
3212 4921 3354 4978 εἶναι
3393 4923 3597 4991 Λόγοςσ
3641 4921 3731 4976 διὰ

2150 5022 2310 5077 τούτο
2335 5023 2400 5087 δὴ
2421 5024 2487 5092 τῇ
2516 5022 2750 5092 διαφορᾷ
2766 5021 2868 5090 τῆς
2895 5019 3102 5086 οὐσίας,
3128 5017 3481 5088 ἀκολουθήσει
3511 5015 3732 5077 πάντως

2151 5116 2248 5169 καὶ
2299 5117 2351 5184 ἡ
2380 5113 2666 5183 διαίρεσις.
2713 5132 2734 5165 t
2788 5114 2899 5166 Καὶ
2926 5112 3088 5165 πάλιν
3121 5112 3178 5163 ὲν
3204 5109 3284 5180 τῷ
3328 5107 3478 5177 αὐτῷ
3536 5106 3727 5176 βιϐλίῳ

2150 5204 2315 5273 φησίν
2347 5220 2363 5236 ο
2398 5223 2417 5255 ‹
2466 5203 2657 5273 Ἡμεῖς
2678 5203 2742 5256 ὲκ
2765 5202 2859 5255 δύο
2881 5201 3096 5272 φύσεων
3122 5199 3370 5269 λέγοντες
3396 5197 3486 5251 τὸν
3515 5198 3728 5266 Ἐμμα-

2154 5295 2336 5366 νουὴλ,
2371 5295 2474 5349 οὐκ
2499 5295 2686 5356 οὐσίας
2720 5291 2951 5363 νοοῦμεν
2980 5293 3079 5355 τὰς
3121 5290 3334 5360 φύσεις,
3358 5289 3456 5351 τὰς
3483 5288 3584 5357 τῆς
3616 5305 3732 5341 κοι⁶

2152 5389 2374 5458 νότητος
2419 5387 2761 5458 δηλωτικὰς,
2797 5387 2890 5439 καὶ
2931 5384 3141 5438 πολλῶν
3188 5383 3539 5444 ὑποστάσεων
3578 5397 3729 5450 περιρ

2152 5479 2400 5545 εκτικὰς,
2431 5479 2570 5534 ἀλλὰ
2593 5479 2693 5550 τὴν
2741 5478 2871 5549 μίαν
2908 5476 3207 5530 ὑπόστασιν
3239 5473 3333 5526 τοῦ
3383 5473 3556 5540 Λόγου
3583 5511 3598 5534 ,
3637 5471 3730 5524 καὶ

2155 5573 2256 5642 τὴν
2315 5563 2449 5643 μίαν
2494 5573 2673 5644 σάρκα
2723 5571 2820 5641 τὴν
2870 5567 3232 5639 ὲψυχωμένην
3273 5564 3498 5636 νοερῷς,
3548 5561 3610 5628 ἐξ
3653 5555 3730 5615 ὦν

2157 5663 2443 5735 ἀτρέπτως
2468 5661 2950 5736 συνενήνεκταιείς
2987 5660 3045 5714 ἓν
3093 5659 3188 5713 καὶ
3219 5657 3577 5711 συντέθειται.
3621 5653 3727 5720 Καὶ

543 5830 616 5900 (ἲὶ)
651 5830 749 5902 Ep.
778 5830 847 5885 εἶθ
867 5830 934 5886 ad
959 5831 1277 5890 Flavianum
1315 5836 1666 5908 episcopum:
1701 5857 1717 5890 ι
1738 5838 1869 5906 Quae
1897 5850 2091 5898 natura
2122 5843 2382 5900 transﬁxa
2404 5845 2571 5900 clavis
2599 5841 2926 5914 pependerit
2953 5840 3008 5894 in
3029 5839 3208 5894 crucis
3236 5840 3439 5912 ligno»
