4102 6522
312 431 412 500 921

1335 421 1695 484 EPISTOIA
1739 418 1833 477 DE
1876 415 2179 476 DUABUS
2217 412 2576 474 NATURIS.

3466 404 3573 468 922

312 547 428 600 ἐστι
459 539 742 617 μίαιφῦσις
768 553 823 590 τε
849 536 941 590 καὶ
971 534 1268 595 ὑπόστασις
1300 535 1332 602 ἡ
1361 531 1454 585 τοῦ
1485 531 1659 598 Λόγου
1691 545 1889 597 σεσαρ-

2005 525 2161 580 Verbi
2208 524 2513 590 incarnati;
2567 529 2624 576 at
2671 536 2781 574 non
2813 518 2959 590 cogit
2998 518 3136 574 illud
3171 533 3272 574 nos
3301 518 3573 575 unionem

315 636 535 706 κωμένη
561 649 576 666 ⁸
611 634 706 686 καὶ
744 629 844 682 οὑκ
875 629 938 681 ἐκ
965 625 1158 680 τούτου
1187 622 1631 696 περικλειόμεθα,
1665 622 1801 693 πρὸς
1832 621 1893 674 τὸ

315 732 410 786 καὶ
439 731 504 782 ἐκ
535 725 629 782 δύο
655 723 965 798 προσώπων
1005 721 1185 788 λέγειν
1215 718 1313 790 τὴν
1346 718 1560 770 ἕνωσιν.
1599 735 1616 767 ι
1669 717 1893 786 Πρῶτον

315 824 491 877 ἐκεῖνο
533 817 805 890 ἐροῦμεν,
839 815 955 869 Μία
985 815 1078 868 καὶ
1105 813 1238 883 μία,
1277 812 1408 883 μίαν
1452 810 1513 864 οὑ
1547 811 1726 872 ποιεῖ,
1760 807 1894 861 ἀλλὰ

315 914 410 968 δύο
431 930 445 943 ·
475 911 582 974 ἕως
621 909 730 979 γὰρ
762 908 890 978 μίαν
912 907 1008 960 καὶ
1040 906 1170 976 μίαν
1210 903 1424 976 θεωρῇς
1451 902 1548 956 καὶ
1573 901 1740 976 λέγῃς
1759 939 1774 965 ,
1803 899 1896 953 δύο

318 1006 416 1060 καὶ
443 1005 665 1076 Θεωρεῖς
690 1002 783 1056 καὶ
817 1001 1017 1069 λέγεις.
1055 1001 1115 1053 Ei
1142 1000 1199 1052 δὲ
1234 999 1376 1052 κατὰ
1405 997 1496 1052 τὸν
1524 996 1616 1049 σὺν
1643 998 1766 1066 ὅρον
1795 996 1895 1048 οὐκ

318 1099 436 1152 ἔστι
490 1095 650 1166 φύσις
701 1096 1050 1166 ἁπρόσωπος,
1107 1093 1226 1158 πῶς
1294 1094 1358 1146 ἐκ
1406 1091 1499 1145 δύο
1553 1089 1774 1160 φύσεων
1820 1087 1896 1141 ὢν

318 1193 349 1246 δ
384 1189 616 1261 Χριστὸς
644 1229 659 1252 ,
704 1188 823 1258 οὑχῖ
858 1188 952 1240 καὶ
996 1188 1061 1240 ἐκ
1098 1185 1194 1239 δύο
1236 1185 1548 1257 προσώπων
1578 1184 1698 1237 ἐστὶ
1744 1181 1897 1252 παρὰ

321 1278 404 1333 σοί
423 1297 438 1344 ;

392 1372 501 1425 Καὶ
552 1372 609 1424 ἐν
665 1370 814 1441 αὑτῷ
861 1371 917 1434 δὲ
979 1369 1139 1423 πάλιν
1187 1368 1265 1439 τῷ
1323 1369 1666 1437 συντάγματι
1723 1366 1894 1436 ἔφης·

391 1463 406 1483 ο
518 1465 532 1483 ο
915 1457 940 1477 τ
988 1478 998 1489 ο
1299 1464 1321 1478 .,
1871 1456 1895 1468 ο

328 1483 346 1514 ι
407 1463 516 1528 Αλλ
553 1463 700 1526 εῐτις
728 1463 796 1515 τὰ
825 1462 884 1526 ἐξ
909 1481 982 1516 ων
1014 1462 1130 1515 ἔστι
1153 1479 1423 1531 σκοπησαι
1447 1461 1732 1531 ζητήσειεν
1755 1500 1769 1523 ,
1806 1475 1899 1510 νου

325 1555 464 1628 μόνῃ
481 1555 750 1625 φαντασίᾳ
770 1556 863 1608 καὶ
881 1553 1052 1624 λεπτῇ
1079 1554 1280 1626 Θεωρίᾳ
1298 1553 1391 1606 καὶ
1415 1552 1629 1621 ἐπινοίᾳ
1655 1550 1897 1620 διαιρῶν,

323 1649 524 1720 Θεωρεῖ
565 1647 658 1701 δύο
703 1647 939 1716 φύσεων,
985 1648 1156 1718 ἧγουν
1207 1645 1590 1707 ὑποστάσεων,
1646 1642 1896 1697 σύνοδον⁶

323 1741 418 1794 καὶ
445 1740 503 1793 τὸ
529 1741 765 1806 ἑκάστης
784 1740 986 1806 τρόπον
1011 1737 1129 1791 τινὰ
1156 1737 1490 1806 φαντάζεται
1520 1737 1813 1806 πρόσωπον
1843 1736 1901 1787 ἐν

324 1831 540 1902 ἐπινοίᾳ
565 1830 771 1885 λαϐεῖν.
805 1829 1161 1894 Συνεισιοῦσα
1185 1829 1240 1882 δέ
1271 1832 1336 1900 τῇ
1364 1827 1570 1899 διανοίᾳ
1622 1828 1716 1880 καὶ
1741 1829 1773 1898 ὴ
1805 1827 1900 1896 τῆς

323 1923 568 1988 ἐνώσεως
601 1923 849 1992 δύναμις,
904 1922 1000 1976 καὶ
1045 1921 1143 1993 τὴν
1189 1921 1246 1986 ἐξ
1274 1921 1475 1991 ἀμφοῖν
1504 1918 1726 1984 δείξασα
1773 1919 1901 1988 μίαν

324 2013 645 2077 ὑπόστασιν,
674 2012 741 2065 τὰ
767 2013 980 2084 ἐπινοίᾳ
1008 2011 1352 2081 σκοπηθέντα
1373 2009 1467 2064 δύο
1492 2011 1558 2080 τῇ
1586 2009 1902 2074 ὑποστάσει,

322 2105 417 2160 δύο
450 2107 632 2176 μένειν
658 2106 718 2157 οὐ
754 2107 1062 2174 συγχωρεῖ·
1097 2104 1235 2172 μετὰ
1263 2103 1370 2173 γὰρ
1399 2103 1499 2173 τὴν
1533 2102 1629 2172 τῆς
1657 2099 1903 2164 ἐνώσεως

324 2198 554 2262 ἔννοιαν,
589 2198 1024 2268 ἀναφαινομένης
1055 2199 1183 2266 μιᾶς
1214 2197 1428 2265 φύσεως
1455 2195 1553 2264 τῆς
1581 2193 1675 2247 τοῦ
1707 2194 1901 2259 Λόγου,

325 2290 796 2360 σεσαρκωμένης,
848 2289 881 2359 ἡ
931 2289 1142 2342 ἐπίνοια
1185 2288 1293 2341 τῶν
1347 2285 1758 2356 φαντασοεισῶν
1810 2285 1903 2349 δύο

325 2381 635 2452 προσώπων
684 2381 718 2452 ἢ
756 2380 970 2449 φύσεων
1013 2381 1046 2452 ἢ
1078 2380 1427 2447 ὑποστάσεων
1460 2379 1835 2444 ὑπεξίσταται.
1879 2396 1898 2430 ι

323 2473 550 2537 Τούτοις
579 2474 830 2544 ἐπιφέρει
865 2473 1176 2544 μαρτυρίαν
1205 2473 1346 2538 τινὸς
1388 2469 1710 2542 πολύστιχον
1750 2472 1903 2542 ἔχου-

328 2581 425 2632 σαν
459 2566 517 2618 ἐν
561 2562 638 2634 τῷ
668 2563 809 2617 τέλει
857 2561 1033 2625 οὕτως
1060 2578 1074 2593 ο
1113 2581 1133 2613 ι
1165 2562 1676 2631 Συγκατωρθῶσοαί
1723 2578 1904 2632 φαμεν

326 2657 639 2726 ἀναγκαίως
666 2657 732 2726 τῇ
753 2654 861 2720 τῶν
890 2654 1239 2709 ὑποστάσεων
1270 2652 1404 2724 πρὸς
1431 2655 1660 2724 ἑνότητα
1685 2653 1905 2724 συνδρο-

331 2751 443 2819 μῇ,
488 2747 582 2800 καὶ
621 2746 800 2800 αὐτῶν
845 2745 953 2800 τῶν
998 2743 1307 2816 προσώπων
1326 2745 1423 2816 τὴν
1452 2745 1668 2798 ἕνωσιν.
1707 2744 1904 2816 Ἐχρῆν

333 2839 433 2909 μὲν
471 2839 546 2910 μὴ
577 2837 752 2906 λέγειν
775 2853 833 2890 σε
876 2837 1184 2908 προσώπων
1213 2837 1438 2891 ἕνωσιν·
1473 2855 1491 2888 ι
1527 2835 1700 2904 λέγων
1751 2836 1828 2900 δὲ,
1853 2835 1904 2888 τί

330 2929 506 3001 ἀρνῇς
537 2929 601 2982 Et
628 2927 934 3000 προσώπων
957 2928 1152 2990 ἓνωσις
1182 2927 1421 2996 γέγονεν,
1450 2914 1903 2998 πρῶτονύπέστη

330 3023 360 3074 δ
413 3013 720 3091 ἄνθρωπος,
771 3023 866 3074 καὶ
916 3019 1038 3073 τότε
1078 3018 1264 3091 ἡνώοη
1316 3019 1394 3090 τῷ
1440 3017 1905 3091 προῦφισταμένῳ

333 3110 454 3183 Θεῷ
471 3111 649 3181 Λόγῳ.
690 3110 1002 3184 Προσώπων
1037 3112 1093 3165 δὲ
1119 3112 1332 3176 ἕνωσιν,
1359 3113 1480 3166 οὐδὲ
1505 3113 1799 3184 Νεστόριος
1829 3113 1906 3165 εί-

333 3205 456 3258 πεῖν
483 3203 800 3277 ἐτόλμησεν,
830 3204 1124 3275 πρόσωπον
1151 3204 1208 3259 δέ
1249 3205 1431 3277 μόνον.
1469 3189 1473 3196 ’

403 3471 680 3542 Θαυμάξω
702 3470 760 3525 δέ
791 3488 872 3535 σε,
904 3475 1004 3542 τῆς
1034 3471 1278 3535 ὲνώσεως
1307 3471 1608 3543 γενομένης
1637 3473 1731 3525 καὶ
1767 3472 1902 3525 ἁνα-

332 3564 594 3634 φοινείσης
612 3566 712 3633 τῆς
736 3564 864 3633 μιᾶς
891 3562 1104 3633 φύσεως
1134 3563 1249 3627 πῶς
1274 3563 1434 3627 αὐτὸς
1449 3563 1655 3632 ταύτην
1679 3563 1905 3635 διαιρεῖν

332 3657 558 3710 δύνασαι
588 3655 780 3720 πάλιν,
809 3656 902 3708 καὶ
938 3655 1189 3709 ἀναλύειν
1217 3658 1296 3718 εἰς
1324 3655 1391 3709 τὰ
1431 3654 1491 3720 ἐξ
1527 3649 1601 3710 ὧν
1626 3697 1640 3720 ,
1678 3655 1774 3709 καὶ
1802 3655 1904 3726 τὴν

338 3751 465 3821 μίαν
509 3749 602 3803 δύο
627 3748 852 3819 Θεωρεῖν
877 3748 938 3801 οὐ
974 3747 1131 3818 μόνον
1163 3747 1376 3817 φύσεις,
1427 3747 1564 3802 ἀλλὰ
1613 3750 1707 3802 καὶ
1735 3749 1904 3819 πρόσ-

335 3859 480 3897 ωπα.
517 3843 586 3894 Ἦ
624 3841 762 3910 τάχα
788 3842 844 3893 ἐν
895 3838 978 3892 σοί
1022 3841 1138 3892 ἐστι
1170 3839 1263 3892 καὶ
1285 3838 1436 3892 λύειν
1473 3838 1570 3909 τὴν
1589 3839 1781 3891 ἕνωσιν
1811 3837 1904 3889 καὶ

338 3935 590 4004 συνάγειν
637 3933 840 4004 αὑτὴν,
878 3932 970 3984 καὶ
1007 3931 1134 3984 ὅταν
1172 3930 1272 4001 μὲν
1318 3930 1482 4003 βούλῃ
1507 3972 1522 3998 ,
1558 3930 1782 4001 Θεωρεῖς
1807 3930 1906 3992 τὰς

335 4027 550 4095 φύσεις,
603 4025 692 4080 ὅτε
723 4025 780 4078 δὲ
844 4023 1018 4087 θέλεις
1044 4063 1060 4088 ,
1101 4023 1509 4088 ὑπεξίστανται.
1553 4024 1617 4077 El
1654 4023 1710 4076 δὲ
1741 4021 1906 4092 ὑπεξέ

337 4119 591 4188 έστησαν,
611 4118 834 4188 ἀφανεῖς
873 4117 1182 4186 γενόμεναι,
1219 4114 1340 4168 οὔτε
1364 4114 1456 4169 δύο
1486 4114 1607 4168 οὔτε
1636 4114 1738 4186 μία
1772 4114 1906 4185 ἠεί-

339 4212 489 4282 σὶνῆ
538 4209 901 4281 Θεωροῦνται,
950 4211 1064 4272 τοῖς
1114 4209 1554 4270 ἁποτελεστικοῖς
1611 4225 1907 4276 συναφανι-

340 4307 557 4368 σθέντος
603 4303 696 4356 τοῦ
735 4302 1202 4372 ἀποτελέσματοςο
1241 4304 1288 4355 εἰ
1325 4302 1380 4355 δὲ
1407 4302 1503 4373 τῆς
1538 4303 1661 4372 μιᾶς
1696 4303 1907 4370 ἀναφατ

338 4401 540 4471 νεζσης,
571 4401 604 4468 ἡ
637 4397 846 4456 ἐπίνοια
887 4397 1020 4468 μόνη
1064 4397 1436 4462 ὑπεξίσταται,
1465 4397 1562 4449 οὐκ
1611 4394 1783 4460 ἒξεστί
1825 4411 1908 4448 σοι

339 4495 569 4547 ἐπινοεῖν
596 4491 694 4545 ἔτι.
731 4491 970 4552 Γίνωσκε
1019 4491 1076 4542 δὲ
1119 4491 1198 4542 ὅτι
1230 4491 1289 4542 τὸ
1319 4490 1442 4543 κατ’
1482 4489 1727 4542 ἐπίνοιαν
1759 4489 1907 4541 ἐστιν

1995 621 2081 675 vel
2113 635 2179 674 ex
2201 617 2418 673 duabus
2443 615 2695 686 personis
2720 614 2920 669 factam
2956 612 3228 684 profiteri.
3271 631 3289 664 ι
3325 611 3572 666 Primum

1996 714 2176 770 dicam
2207 731 2218 765 :
2249 711 2366 767 Una
2401 720 2456 764 et
2478 725 2607 774 una,
2638 724 2748 762 non
2777 706 2908 762 facit
2943 722 3131 768 unum,
3159 705 3253 760 sed
3281 703 3452 770 duas;
3479 705 3575 759 do.

1997 821 2100 860 nec
2149 805 2320 875 igitur
2365 818 2530 857 unam
2569 817 2635 856 ac
2665 816 2829 855 unam
2861 799 3182 854 consideres
3216 805 3273 852 et
3301 798 3571 866 loquaris,

1997 898 2136 951 duas
2183 895 2502 950 consideras
2531 902 2586 948 et
2628 891 2892 962 loqueris.
2927 891 3084 955 Dein,
3120 889 3163 944 si
3192 891 3344 960 juxta
3374 887 3574 942 defini-

1998 989 2206 1042 tionem
2262 995 2412 1040 tuam
2442 1000 2551 1038 non
2596 995 2680 1039 εει
2713 997 2908 1038 natura
2937 998 3059 1052 (ιυω
3093 997 3328 1052 persona
3367 989 3570 1044 careat,

1999 1096 2108 1149 quo
2151 1087 2310 1150 pacto
2359 1095 2426 1133 ex
2476 1078 2695 1133 duabus
2721 1077 2935 1130 naturis
2991 1091 3116 1129 cum
3168 1074 3240 1128 sit
3294 1072 3571 1137 Christus,

1998 1187 2109 1226 non
2134 1186 2202 1224 ex
2234 1169 2451 1223 duabus
2474 1167 2727 1238 personis
2760 1180 2889 1220 eum
2916 1163 3172 1220 diceres?

2070 1353 2130 1408 in
2171 1352 2292 1422 ipso
2324 1351 2490 1406 etiam
2541 1356 2780 1404 tractatu
2826 1346 3054 1402 dixisti:
3091 1366 3108 1397 ι
3151 1345 3304 1411 Quod
3352 1345 3395 1398 si
3451 1343 3576 1413 quis

2000 1460 2064 1501 ea
2091 1463 2122 1500 e
2151 1445 2357 1515 quibus
2401 1452 2484 1497 est
2535 1441 2894 1496 considerare
2944 1439 3207 1502 voluerit,
3253 1452 3427 1506 caque
3460 1437 3574 1489 sola

2001 1537 2204 1592 mentis
2223 1535 2576 1607 cogitatione,
2617 1541 2672 1587 et
2699 1531 2887 1586 subtili
2921 1530 3284 1585 meditatione
3310 1539 3366 1583 et
3391 1538 3575 1582 mente

2003 1629 2276 1694 diviserit,
2309 1628 2541 1683 duarum
2567 1633 2890 1681 naturarum
2922 1633 3018 1678 aut
3042 1624 3414 1694 liypostaseon
3446 1636 3578 1675 con-

2003 1739 2226 1781 cursum
2244 1722 2546 1794 perspiciet
2571 1738 2585 1786 ;
2613 1734 2677 1774 ac
2700 1721 2968 1789 cujusque
2996 1731 3285 1787 personam
3304 1715 3574 1784 quodam-

2004 1817 2171 1872 modo
2241 1815 2580 1886 cogitatione
2621 1811 2915 1882 complecti
2971 1808 3274 1863 videbitur.
3308 1807 3409 1863 Ubi
3475 1822 3574 1859 au—

2007 1919 2113 1964 tem
2147 1916 2386 1964 mentem
2417 1903 2781 1961 commoverit
2813 1903 2899 1956 vis
2925 1900 3174 1964 unionis,
3208 1913 3372 1953 unam
3407 1897 3578 1968 hypo—

2003 2003 2176 2058 stasin
2224 2016 2290 2054 ex
2345 1999 2560 2053 duabus
2610 1995 3001 2066 comprobans,
3050 2009 3159 2047 non
3206 1990 3476 2046 concedet
3519 1997 3584 2044 ut

2004 2097 2326 2148 remaneant
2355 2089 2487 2152 duo,
2516 2103 2637 2158 quae
2657 2086 2767 2139 duo
2793 2082 3074 2155 hypostasi
3114 2081 3375 2151 cogitatio
3399 2078 3580 2132 fuerat

2004 2186 2291 2241 meditata.
2347 2180 2582 2238 Unionis
2611 2179 2759 2234 enim
2811 2178 2865 2232 vi
2922 2176 3222 2237 intellecta,
3267 2188 3375 2226 una
3405 2170 3574 2226 Verbi

2005 2279 2279 2336 incarnati
2339 2287 2536 2332 natura
2585 2280 2898 2345 perspecta,
2952 2267 3237 2324 evanescit
3271 2266 3360 2319 illa
3389 2263 3578 2332 opinio

2004 2373 2239 2426 duarum
2296 2381 2658 2439 personarum
2715 2373 2813 2418 aut
2861 2370 3209 2421 naturarum,
3253 2367 3349 2411 aut
3405 2355 3578 2424 hypo-

2004 2474 2224 2520 staseon
2273 2460 2607 2532 cogitatione
2655 2465 3122 2524 conceptarum.»
3180 2450 3313 2512 Qua:
3383 2445 3577 2501 fusiori

2005 2554 2291 2626 cujusdam
2323 2553 2431 2606 viri
2478 2549 2802 2605 testimonio
2828 2545 3144 2608 confirmat,
3181 2541 3338 2611 cujus
3367 2553 3576 2593 summa

2005 2649 2084 2703 sic
2117 2664 2175 2703 se
2209 2646 2372 2700 habet
2409 2665 2422 2698 :
2464 2663 2481 2694 ι
2517 2644 2694 2713 Ipsam
2750 2653 3112 2710 personarum
3170 2634 3432 2689 unionem
3478 2646 3578 2685 ne-

2005 2740 2246 2804 cessario
2281 2736 2471 2808 perfici
2504 2736 2745 2791 diximus
2773 2746 3047 2787 concursu
3097 2728 3466 2800 bypostaseon
3510 2721 3578 2776 ad

2007 2832 2298 2888 unitatem.
2332 2849 2349 2880 ι
2386 2828 2504 2882 Νοη
2539 2826 2640 2880 tibi
2669 2820 3047 2880 confirmanda
3071 2827 3192 2874 erat
3225 2816 3357 2872 unio
3384 2829 3573 2885 perso-

2005 2938 2233 2986 narum;
2283 2929 2339 2975 at
2381 2933 2524 2982 eam,
2560 2914 2656 2970 ubi
2700 2910 3136 2974 confirmaveris,
3178 2922 3350 2978 quare
3374 2903 3581 2973 negas?

2005 3013 2239 3082 Quodsi
2285 3022 2649 3083 personarum
2695 3006 2826 3060 unio
2850 3004 2992 3058 facta
3028 3011 3132 3065 est,
3170 2999 3410 3070 primum
3444 2995 3580 3050 sub—

2007 3107 2239 3164 sistebat
2283 3105 2472 3168 homo,
2527 3110 2583 3156 et
2632 3109 2763 3155 tunc
2801 3113 2926 3154 cum
2990 3094 3442 3166 priesubsistentc
3468 3090 3580 3144 Deo

1931 3221 1973 3276 ο
2005 3202 2187 3258 Verbo
2229 3200 2419 3254 unitus
2464 3204 2569 3251 est.
2617 3196 2986 3250 Personarum
3035 3189 3297 3244 unionem
3341 3201 3408 3240 ne
3463 3185 3580 3253 ipse

2009 3294 2232 3366 quidem
2279 3290 2569 3346 Nestorius
2621 3285 2866 3358 profiteri
2915 3299 3086 3338 ausus
3134 3288 3238 3345 est,
3287 3277 3382 3334 scd
3417 3291 3578 3331 unam

2009 3395 2218 3442 tantum
2253 3399 2542 3455 personam
2581 3380 2787 3434 docuit.

2079 3481 2246 3534 Miror
2274 3488 2458 3532 autem
2503 3473 2803 3544 quomodo,
2849 3471 3056 3524 unione
3095 3467 3234 3520 facta
3261 3474 3314 3519 et
3343 3477 3449 3516 una
3481 3477 3580 3514 na-

2009 3585 2130 3630 tura
2179 3579 2492 3641 perspecta,
2541 3566 2685 3624 hanc
2738 3576 2928 3622 rursus
2979 3557 3227 3613 dividere
3285 3553 3462 3622 possis
3517 3566 3582 3604 ac

2005 3666 2310 3722 dissolvere
2363 3663 2417 3720 in
2448 3675 2510 3714 ca
2548 3674 2578 3712 e
2607 3655 2831 3726 quibus,
2860 3662 2913 3708 et
2953 3666 3116 3705 unam
3152 3657 3403 3702 naturam
3443 3645 3582 3698 duas

2005 3760 2244 3830 cogitare
2274 3773 2383 3810 non
2409 3752 2573 3808 modo
2603 3759 2847 3812 naturas,
2875 3745 2970 3801 scd
2993 3753 3047 3798 et
3070 3756 3352 3813 personas.
3382 3737 3580 3794 Tibine

2007 3861 2090 3907 est
2133 3849 2362 3904 facultas
2439 3843 2701 3898 unionem
2771 3836 3023 3893 solvendi
3088 3850 3151 3888 ac
3219 3826 3584 3902 perficiendi?

2007 3941 2238 4011 Quando
2298 3937 2394 3992 tibi
2443 3937 2644 4006 placet,
2676 3941 2904 3988 naturas
2930 3927 3108 3990 vides,
3144 3932 3221 3987 et,
3256 3919 3578 3992 tejubente,

2008 4035 2193 4094 statim
2278 4033 2634 4087 evanescunt.
2716 4023 2772 4077 Si
2829 4030 3014 4075 autem
3062 4022 3430 4077 evanuerunt,
3480 4027 3582 4065 nec

2003 4127 2114 4198 jam
2146 4121 2387 4192 conspici
2434 4125 2685 4190 possunt,
2731 4127 2911 4183 neque
2936 4111 3061 4165 dua:
3100 4123 3281 4177 neque
3319 4121 3423 4158 una
3452 4113 3588 4162 sunt

2009 4226 2104 4273 aut
2127 4215 2406 4276 videntur,
2438 4211 2642 4265 effectu
2667 4206 2833 4263 simul
2860 4220 2985 4259 cum
3017 4200 3387 4258 efﬁcientibus
3418 4213 3585 4268 appa-

2010 4320 2205 4375 rente;
2244 4307 2289 4362 si
2335 4321 2443 4360 una
2487 4309 2785 4374 apparente
2813 4297 2928 4353 sola
2978 4292 3240 4366 cogitatio
3267 4297 3583 4352 evanescet,

2012 4419 2122 4457 non
2171 4397 2422 4468 estquid
2467 4396 2649 4449 adhuc
2676 4392 2903 4462 cogites.
2950 4388 3101 4442 Scito
3148 4395 3334 4440 autem
3375 4381 3582 4451 aliquid

2012 4495 2123 4550 dici
2153 4491 2270 4548 fieri
2319 4489 2654 4561 cogitaticne
2703 4501 2802 4555 per
2842 4481 3244 4554 Oppositionem
3275 4477 3342 4531 ad
3369 4491 3432 4530 ea
3462 4490 3585 4544 quze

339 4588 427 4640 ὅτε
458 4586 593 4654 πρὸς
630 4582 1035 4653 ἀντιδιαστολὴν
1061 4581 1152 4635 τοῦ
1181 4585 1301 4636 κατ’
1343 4581 1623 4651 ἐνέργειαν
1671 4581 1905 4650 εἴρηται.

2017 4596 2138 4643 actu
2195 4585 2359 4649 fiunt;
2402 4594 2524 4640 nam
2573 4588 2721 4641 actu,
2757 4584 2833 4638 et,
2883 4583 2941 4627 ut
2987 4571 3214 4633 dixeris,
3257 4567 3582 4629 ellicienter.
3662 4579 3664 4582 ν

339 4678 418 4746 Τῇ
450 4676 548 4746 μὲν
579 4671 670 4729 οὖν
701 4674 971 4746 ἐνεργείᾳ,
1013 4674 1105 4726 καὶ
1144 4674 1218 4736 ὡς
1265 4674 1330 4727 ἄν
1359 4690 1444 4736 τις
1472 4673 1616 4725 εῖποι
1651 4689 1910 4742 πραγμα-

340 4767 528 4832 τικῶς,
551 4767 661 4820 οὐδ’
687 4767 846 4835 ἡμεῖς
881 4764 1200 4835 διαιροῦμεν
1231 4763 1330 4827 τὰς
1364 4763 1553 4831 φύσεις
1579 4778 1591 4792 ’
1625 4765 1690 4834 τῇ
1721 4762 1765 4816 δ’
1793 4765 1913 4815 ἐπι-

343 4861 458 4932 νοίᾳ
509 4859 826 4922 διίστανται.
863 4859 919 4910 Εἰ
948 4857 1002 4909 δὲ
1033 4855 1246 4908 ἐπίνοια
1281 4853 1375 4908 καὶ
1421 4853 1672 4923 ἐνέργεια
1718 4852 1914 4905 ταυτόν

343 4956 489 5007 ἐστιν
509 4993 524 5018 ,
565 4953 671 5023 ἄρα
697 4951 791 5003 καὶ
819 4949 914 5019 τὴν
950 4947 1078 5016 μίαν
1112 4946 1272 5016 φύσιν
1297 4944 1508 5016 ἐπινοίᾳ
1531 4944 1711 5012 λέγεις
1749 4959 1913 5012 γεγε-

342 5047 561 5116 νῆσθαι,
600 5044 632 5115 ἢ
661 5043 871 5106 καὶτὰς
902 5040 994 5094 δύο
1025 5040 1215 5109 φύσεις
1243 5037 1496 5108 ἐνεργείᾳ
1523 5037 1618 5089 καὶ
1642 5037 1917 5101 οὑσιωδῶς

343 5133 478 5190 εἶναι
535 5137 725 5206 φήσεις
791 5133 891 5202 μὲν
938 5131 1036 5204 τὴν
1081 5131 1297 5184 ἕνωσιν.
1332 5127 1392 5180 Εἰ
1421 5127 1477 5180 δὲ
1521 5127 1736 5198 ἐπινοίᾳ
1780 5126 1915 5197 μόνῃ

322 5227 630 5319 ,γνωρίζεις
693 5226 793 5290 τὰς
853 5225 1063 5292 φύσεις,
1112 5221 1172 5275 τδ
1219 5221 1567 5290 ἀνύπαρκτον
1594 5217 1776 5271 αὑτῶν
1822 5219 1917 5272 καὶ

343 5319 592 5372 ἀνούσιον
610 5358 624 5382 ,
659 5318 692 5387 ἢ
717 5317 776 5369 τὸ
810 5317 1215 5386 συγκεχυμένον
1244 5313 1338 5367 καὶ
1361 5311 1729 5384 ἠφανισμένον
1752 5327 1917 5364 κατα-

327 5387 630 5474 ⁸σκευὸιξεις
657 5429 672 5444 ·
701 5409 837 5478 ὅπερ
862 5407 956 5462 καὶ
981 5406 1178 5477 μᾶλλον
1211 5405 1421 5468 ώδίνεις
1457 5404 1578 5474 μὲν,
1603 5403 1704 5456 οὐκ
1731 5400 1920 5471 ἐκφαί-

343 5515 454 5562 νεις
501 5499 578 5551 δέ.
627 5498 871 5569 Ἐπινοίᾳ
891 5498 1007 5568 ¹γὰρ
1039 5497 1098 5550 οὑ
1135 5496 1294 5566 μόνον
1326 5495 1461 5566 ἔφης
1493 5494 1753 5564 διαιρεῖν,
1783 5491 1918 5546 ἀλλὰ

346 5590 442 5643 καὶ
483 5593 706 5644 σκοπεῖν
738 5592 837 5654 τὰς
875 5590 1086 5660 φύσεις,
1111 5589 1177 5652 ἃς
1214 5588 1337 5641 οὐδὲ
1375 5587 1556 5658 μένειν
1581 5585 1704 5639 καθ’
1739 5585 1918 5656 ὑπαρ-

350 5681 432 5746 ξιν
463 5686 765 5754 συγχωρεῖς
794 5682 909 5748 νῦν,
940 5685 967 5736 ὁ
997 5683 1055 5734 ἐν
1084 5680 1295 5742 πολλοῖς
1322 5679 1494 5747 λέγων
1538 5679 1721 5748 μένειν
1753 5678 1920 5739 αὑτὰς

350 5773 408 5824 ἐν
443 5775 512 5843 τῇ
540 5774 807 5838 συνθέσει,
829 5774 917 5826 διὰ
948 5773 1044 5843 τὴν
1073 5769 1382 5843 προσοῦσάν
1409 5786 1491 5822 σοι
1526 5771 1810 5823 ἀστασίαν.

425 5866 547 5918 ’Ὁτι
575 5865 632 5918 δὲ
660 5869 720 5920 ὲκ
758 5865 1100 5938 διῃρημένων
1129 5864 1234 5917 τῶν
1274 5864 1486 5933 φύσεων
1517 5863 1801 5934 ἀναγκάζῃ
1831 5862 1918 5916 λέ-

2010 4696 2081 4735 ne
2136 4693 2239 4732 nos
2284 4673 2508 4744 quidem
2566 4681 2797 4725 naturas
2858 4665 3180 4727 dividimus,
3247 4657 3582 4730 cogitatione

2012 4777 2228 4825 tantum
2271 4765 2708 4834 distinguuntur.
2765 4755 2922 4824 Quod
2959 4755 3005 4810 si
3052 4751 3314 4824 cogitatio
3342 4757 3398 4803 ct
3430 4755 3584 4801 actus

2012 4862 2157 4918 idem
2186 4867 2336 4923 sunt,
2370 4872 2532 4914 unam
2579 4862 2830 4908 naturam
2872 4847 3205 4919 cogitatione
3234 4844 3431 4898 factam
3462 4855 3585 4894 esse

2014 4953 2186 5018 dices,
2219 4960 2312 5006 aut
2335 4950 2502 5004 etiam
2537 4947 2673 5000 cluas
2699 4954 2926 4998 naturas
2957 4949 3081 4995 actu
3115 4948 3171 4994 et
3201 4931 3583 4992 substantiali-

2015 5055 2099 5100 ter
2125 5059 2245 5098 esse
2273 5040 2576 5098 contendes
2599 5050 2726 5108 post
2759 5035 3044 5090 unionem.
3083 5031 3152 5087 At
3179 5032 3227 5087 si
3254 5028 3585 5100 cegitatione

2015 5136 2128 5192 sola
2180 5142 2407 5188 naturas
2465 5127 2845 5197 consequeris,
2869 5123 3109 5180 essentia
3171 5128 3227 5176 et
3280 5119 3586 5174 substantia

2015 5234 2266 5282 carentes
2315 5224 2486 5293 finges
2538 5237 2653 5284 eas,
2693 5226 2789 5272 aut
2825 5216 3081 5272 confusas
3121 5222 3177 5268 et
3236 5209 3584 5266 invisibiles:

2016 5313 2162 5386 quod
2202 5313 2425 5384 quidem
2455 5309 2641 5364 innuis
2670 5308 2854 5379 potius
2888 5321 3053 5375 quam
3092 5303 3388 5374 profiteris.
3421 5300 3585 5370 Cogi-

2019 5407 2229 5462 tatione
2275 5405 2424 5460 enim
2459 5420 2569 5458 non
2597 5402 2773 5456 solum
2820 5399 2959 5454 dicis
2997 5396 3457 5468 te'distinguere;
3491 5394 3585 5449 sed

2018 5507 2074 5554 ct
2104 5496 2461 5552 considerare
2491 5501 2739 5557 naturas,
2771 5507 2910 5561 quas
2937 5505 3085 5544 nunc
3130 5489 3318 5544 fateris
3360 5503 3428 5542 ne
3457 5502 3586 5557 per-

2021 5605 2245 5652 manere
2292 5587 2516 5658 quidem
2563 5602 2659 5642 sua
2690 5583 3033 5648 exsistentia,
3068 5582 3197 5636 dum
3230 5581 3343 5652 ipse
3371 5595 3464 5634 eas
3485 5593 3587 5632 sae—

2021 5682 2147 5753 pius
2175 5680 2257 5735 vel
2284 5681 2337 5733 in
2369 5678 2760 5747 conjunctione
2796 5690 3140 5746 permanere,
3167 5680 3395 5743 propter
3428 5669 3588 5723 inna—

2023 5747 2129 5827 tam
2159 5781 2306 5826 tuam
2333 5770 2696 5825 mobilitatem
2723 5767 3000 5822 docueris.
3411 5747 3420 5765 ’

2094 5861 2378 5918 Distinctis
2463 5871 2647 5916 autem
2723 5859 2982 5927 naturis,
3040 5857 3406 5914 confitendam
3467 5869 3590 5910 esse
