4112 6538
539 479 648 545 9⁴Ξ3

1784 481 2195 539 EUS'l‘A'l‘llll
2242 479 2582 538 MONACIII

3698 488 3813 546 93's

538 596 796 650 unionem
843 610 910 648 ex
959 595 1067 648 tuis
1118 594 1302 648 verbis
1331 594 1697 664 probabimus
1731 595 1855 657 tibi,
1881 595 2114 648 duarum

2224 611 2342 660 γειν
2369 593 2467 663 τὴν
2499 593 2727 655 ἕνωσιν,
2775 593 2837 645 ἐκ
2873 593 2980 644 τῶν
3032 594 3136 645 σῶν
3175 593 3348 660 λόγων
3385 593 3694 664 ἐλέγξωμεν
3747 616 3808 649 σε

537 698 900 756 personarum
940 685 1177 740 doctori.
1208 687 1356 740 Dicis
1381 687 1527 740 enim
1558 704 1570 738 :
1619 707 1636 736 ι
1678 686 1780 740 Ubi
1811 687 2115 751 distinctio,

537 772 616 826 ibi
641 781 698 827 et
722 772 974 828 binarius
1009 790 1298 836 numerus.
1333 785 1388 829 et
1419 775 1511 829 ubi
1548 775 1802 830 binarius
1828 791 2116 839 numerus,

536 863 612 917 ibi
659 867 728 918 et'
769 863 1054 920 distinctio
1106 865 1178 920 sit
1227 882 1453 921 necesse
1503 876 1608 920 est.
1671 887 1688 917 ι
1754 867 1809 922 Si
1853 883 1987 922 voce
2017 869 2120 920 duo

537 971 714 1024 usque
739 965 795 1009 et
816 954 1103 1010 distinctio
1135 957 1408 1022 innuitur,
1436 967 1494 1012 et
1537 973 1604 1012 ex
1644 973 1778 1012 voce
1811 959 1914 1011 duo
1945 975 2119 1028 usque

537 1047 902 1116 consequitur
943 1048 1206 1104 unionem
1258 1049 1428 1106 rebus
1483 1050 1764 1104 distinctis
1817 1053 2118 1120 prmsubsi-

538 1140 927 1209 stentibusque
979 1141 1098 1196 ﬁeri
1128 1184 1142 1207 ,
1185 1159 1252 1197 ex
1303 1143 1520 1198 duabus
1546 1143 1801 1212 personis
1830 1144 2015 1198 dicere
2049 1159 2120 1198 ne

541 1247 784 1287 recuses.
831 1231 1052 1288 Clarius
1093 1235 1257 1288 etiam
1296 1245 1353 1290 et
1384 1235 1736 1290 manifestius
1765 1235 1914 1290 dicta
1962 1245 2119 1306 patc«

536 1325 692 1380 bunt.
747 1325 806 1379 In
863 1325 983 1395 ipso
1017 1325 1281 1381 adversus
1333 1326 1760 1382 Grammaticum
1807 1329 1952 1384 libro
1994 1332 2116 1386 ait:

546 1435 564 1464 σ
599 1415 792 1470 Merito
837 1416 1002 1484 igitur
1055 1426 1300 1486 putares,
1331 1417 1602 1486 perfectas
1632 1419 1978 1490 bypostases,
2009 1421 2121 1476 dis—

539 1506 709 1561 tincte
754 1507 1142 1572 subsistentes,
1193 1507 1331 1562 duas
1357 1508 1523 1562 etiam
1556 1509 1614 1563 in
1650 1526 1918 1580 personas
1971 1513 2119 1567 divi-

538 1612 628 1650 sas
657 1611 799 1659 esse,
831 1597 905 1650 ita
942 1604 1001 1649 ut
1025 1611 1256 1665 qumque
1282 1598 1559 1666 propriam
1586 1615 1881 1668 personam
1913 1603 2124 1656 conslia

541 1695 680 1751 tuat,
710 1695 766 1740 et
792 1687 1016 1756 propria
1046 1687 1406 1742 subsistentia
1431 1689 1718 1746 subsistat.
1741 1693 1859 1757 »Ει
1891 1710 2117 1748 rursus:

546 1796 565 1828 ι
603 1778 722 1832 Νοιι
747 1778 859 1832 duo
896 1778 1133 1842 Domini,
1160 1795 1269 1833 non
1300 1779 1410 1834 duo
1433 1779 1579 1846 Filii,
1605 1798 1714 1836 non
1748 1784 1859 1837 duo
1891 1784 2117 1850 Christi,

537 1870 668 1940 quia
699 1869 1020 1925 substantia:
1053 1871 1139 1925 vel
1171 1871 1494 1944 hypostascs
1519 1885 1614 1930 aut
1658 1885 1869 1932 natura:
1896 1879 2119 1949 propria

2222 687 2313 738 τὸν
2341 686 2663 740 διδάσκαλον
2688 686 2796 739 τῶν
2822 686 3260 756 διπροσωπιτῶν.
3309 689 3486 758 Ἐφης
3513 708 3524 719 υ
3565 709 3583 739 ‹
3625 689 3809 743 Ὅπου

2221 780 2508 850 διαίρεσις,
2566 781 2684 832 ἐκεῖ
2738 780 2831 832 xal
2880 780 3040 841 δυάς·
3089 781 3182 832 καὶ
3218 780 3353 832 ὅπου
3388 780 3536 844 δυὰς,
3566 782 3685 834 ἐκεῖ
3709 783 3810 835 καὶ

2221 873 2485 944 διαίρεσις
2519 871 2822 926 ἀκολουθεῖ.
2867 891 2884 924 ι
2922 873 2983 925 Ei
3022 874 3086 942 τῇ
3122 871 3230 925 δύο
3269 875 3421 942 φωνῇ
3462 873 3678 937 πάντως
3711 875 3808 926 καὶ

2220 966 2486 1034 διαίρεσις
2522 965 2824 1030 ἀκολουθεῖ,
2866 967 2958 1018 καὶ
3003 966 3068 1035 τῇ
3107 964 3175 1017 ἐκ
3209 964 3317 1018 δύο
3361 966 3580 1029 πάντως
3613 966 3806 1034 ἕψεται

2220 1056 2281 1108 τὸ
2334 1057 2397 1109 ἐκ
2453 1056 2798 1128 διῃρημένων
2852 1058 2945 1109 καὶ
2974 1057 3410 1127 προῦφεστώτων
3461 1056 3560 1126 τὴν
3607 1057 3806 1111 ἕνωσιν

2221 1149 2547 1218 γεγενῆσθαι
2571 1167 2584 1180 ·
2613 1149 2693 1202 διὸ
2720 1151 2814 1202 καὶ
2846 1150 2905 1203 τὸ
2933 1150 3001 1204 ἐκ
3022 1150 3130 1204 δύο
3156 1151 3492 1218 προσώπων
3515 1151 3574 1202 οὑ
3601 1168 3806 1219 rapa:-

2221 1241 2287 1311 τῇ
2321 1240 2518 1307 λέγειν.
2551 1241 2697 1311 Πλὴν
2722 1241 3070 1311 τρανώτερον
3103 1241 3196 1292 καὶ
3224 1241 3554 1308 σαφέστερον
3586 1240 3804 1294 ἀποδει-

2221 1332 2482 1403 χθήσεται
2509 1333 2571 1386 τὸ
2602 1331 2916 1404 λεγόμενον.
2935 1333 3022 1385 Ἐν
3043 1331 3201 1401 αὐτῷ
3222 1331 3300 1401 τῷ
3323 1330 3466 1385 κατὰ
3490 1331 3582 1384 τοῦ
3615 1332 3725 1401 Γρα
3735 1351 3804 1401 μ-

2226 1423 2456 1490 ματικοῦ
2494 1422 2685 1494 βιϐλίῳ
2708 1422 2894 1494 φησίνο
2932 1442 2950 1474 ι
2989 1424 3164 1476 Νοοϊτ⁹
3195 1422 3262 1476 ἂν
3295 1419 3388 1476 οὖν
3427 1423 3650 1487 εἰκότως
3677 1466 3690 1485 ,
3723 1423 3802 1488 ὡς

2221 1512 2426 1567 τέλειαι
2473 1515 2526 1567 αἱ
2558 1515 2900 1580 ὑποστάσεις,
2937 1515 3278 1586 διῃρημένως
3326 1515 3424 1584 μὲν
3465 1515 3801 1584 ὑφεστῶσαι,

2221 1606 2504 1677 διῄρηνται
2533 1605 2628 1661 καὶ
2660 1608 2737 1671 είς
2769 1609 3035 1679 πρόσωπα
3061 1607 3174 1671 δύο,
3206 1607 3337 1660 ἴδιον
3365 1606 3601 1677 ἑκάστης
3633 1610 3806 1678 πρόσ-

2222 1715 2372 1752 ωπον
2425 1699 2882 1771 ἐπιγραφομένης
2918 1739 2932 1764 ,
2977 1698 3052 1763 ὼς
3113 1698 3501 1762 ἱδιοσυστάτως
3550 1699 3804 1768 ὑφεστῶ-

2225 1810 2344 1863 σης.
2374 1811 2391 1844 ι
2430 1794 2540 1846 Kal
2565 1793 2724 1847 πάλιν
2747 1809 2759 1822 ο
2801 1812 2818 1844 ι
2845 1793 2919 1846 Οὑ
2951 1793 3046 1846 δύο
3079 1792 3298 1863 Κύριοι,
3340 1791 3401 1844 οὑ
3432 1791 3525 1844 δύο
3559 1793 3701 1856 Υἱοὶ,
3737 1794 3800 1844 οὑ

2224 1883 2318 1938 δύο
2349 1885 2604 1956 Χριστοὶ.
2638 1885 2727 1939 διὰ
2750 1887 2812 1938 τὸ
2844 1885 2979 1956 μηδὲ
3011 1885 3110 1948 τὰς
3139 1884 3324 1947 οὑσίας
3353 1885 3524 1954 ἠγουν
3557 1885 3801 1938 ὑποστά-

535 1963 874 2028 substantia,
917 1979 980 2018 ac
1029 1965 1326 2033 separatim
1374 1974 1430 2021 et
1474 1983 1542 2021 ex
1593 1977 1749 2038 parte
1802 1948 2114 2026 nonsubsi-

2236 1991 2351 2040 σεις
2443 1975 2632 2044 φύσεις
2667 1948 3046 2040 ἰδιοσυστάτως
3097 1948 3463 2046 ὑφεστηκέναι
3503 1977 3595 2030 καὶ
3624 1993 3805 2046 κεχω-

535 2063 710 2110 stunt.
759 2076 777 2108 ι
819 2056 887 2110 Ει
921 2072 1113 2110 rursus
1153 2074 1165 2109 :
1213 2076 1229 2106 ι
1270 2056 1616 2130 Cugitatione
1649 2060 1742 2115 ubi
1771 2061 2123 2133 distinguun-

537 2155 629 2200 tur
661 2156 873 2202 naturaz
908 2149 993 2203 vel
1041 2149 1385 2220 hypostases,
1415 2151 1579 2205 simul
1606 2160 1662 2206 et
1689 2169 1940 2222 personae
1973 2157 2122 2227 cogi-

538 2248 762 2306 tantur;
809 2257 936 2295 nam
985 2258 1110 2296 cum
1161 2242 1294 2312 quid
1347 2244 1415 2298 ab
1463 2244 1569 2298 alia
1617 2261 1676 2300 re
1733 2245 2118 2318 distinguitur,

537 2331 726 2386 statim
777 2333 1060 2402 propriam
1105 2350 1398 2404 personam
1447 2336 1635 2391 eﬂicit.
1677 2357 1694 2389 ι
1731 2339 1800 2391 At
1829 2339 1873 2393 si
1899 2355 1963 2394 ea
1999 2356 2121 2409 qua:

537 2424 842 2480 subsistant
885 2428 1108 2497 propria
1159 2428 1540 2496 subsistentia,
1595 2431 1874 2500 propriam
1926 2449 2120 2502 perso-

539 2533 667 2572 nam
695 2518 1028 2586 emciunt,et
1053 2537 1117 2575 ea
1145 2537 1364 2592 quoque
1391 2539 1514 2592 qure
1549 2523 1807 2579 distincte
1828 2534 1883 2580 et
1901 2542 2122 2595 separa-

540 2610 639 2664 tim
671 2621 728 2666 et
763 2627 826 2666 ex
851 2622 1006 2682 parte
1038 2614 1371 2680 subsistunt,
1397 2616 1450 2669 in
1478 2631 1742 2686 personas
1769 2617 2120 2689 distinguun-

541 2713 651 2767 tur,
697 2703 950 2761 Christus
1002 2722 1112 2760 non
1165 2707 1341 2762 solum
1371 2724 1437 2763 cx
1466 2709 1684 2764 duabus
1719 2710 1936 2764 naturis
1963 2711 2116 2781 juxta

539 2795 826 2863 Severum,
857 2799 950 2853 sed
987 2808 1043 2854 et
1071 2816 1137 2854 ex
1173 2801 1389 2856 duabus
1422 2804 1677 2871 personis
1714 2811 1817 2858 est.
1867 2805 2118 2858 Primum

537 2887 820 2954 distincte,
869 2899 926 2945 et
968 2894 1268 2962 separatim
1320 2903 1377 2950 et
1429 2911 1495 2949 cx
1542 2905 1722 2965 parte,
1783 2905 1838 2952 et
1895 2897 2116 2967 propria

536 2981 894 3038 subsistentia
970 2984 1338 3042 substiterant
1416 2996 1652 3054 naturae,
1711 2997 1768 3044 et
1832 2988 2116 3059 propriam

537 3082 770 3144 utraque
805 3087 1060 3132 naturam
1105 3080 1509 3146 constituerat;
1557 3091 1749 3152 postea
1783 3097 1918 3137 vero
1950 3083 2117 3138 unita:

535 3173 686 3228 sunt,
736 3175 791 3220 et
831 3167 906 3220 ita
967 3177 1122 3222 ortus
1168 3179 1253 3224 est
1296 3171 1488 3226 Severi
1526 3171 1782 3228 Christus
1807 3189 1876 3228 ex
1900 3173 2116 3228 duabus

534 3257 852 3314 naturiset
905 3274 936 3314 e
979 3259 1194 3318 duabus
1227 3264 1517 3333 personis;
1550 3265 1698 3336 quod
1721 3265 1818 3336 qui
1845 3281 2110 3335 expresse
2141 3290 2183 3346 ο

533 3348 867 3406 conﬁrmare
907 3351 1158 3418 auderet,
1191 3371 1301 3410 non
1338 3357 1514 3412 solum
1551 3357 1807 3412 Nestorio
1835 3357 2114 3413 Nestoria-

536 3440 662 3496 nior
693 3450 862 3509 esset,
893 3445 989 3499 sed
1020 3445 1142 3515 ipso
1173 3445 1379 3504 Severo
1409 3447 1677 3506 insanior.

606 3621 665 3676 In
711 3637 966 3679 sermone
1021 3625 1142 3695 ejus
1189 3625 1246 3679 in
1291 3624 1672 3690 Nativitatem,
1737 3630 1900 3700 cujus
1955 3645 2116 3685 exor-

531 3712 707 3780 dium,
770 3714 854 3780 Ut,
906 3715 1081 3770 lumen
1147 3717 1352 3784 Oriens,
1387 3717 1568 3774 dicit:
1611 3739 1630 3772 ι
1680 3720 1850 3793 Cujus
1904 3731 2115 3777 natura:

532 3806 810 3877 propriam
873 3809 1249 3878 operationem
1318 3811 1566 3866 dicemus
1633 3812 1890 3871 incedere
1950 3831 2116 3885 super

531 3898 776 3966 aquam?
803 3897 1174 3967 respondeant
1212 3900 1305 3970 qui
1335 3908 1457 3971 post
1491 3901 1749 3957 unionem
1791 3903 1930 3960 duas
1955 3917 2115 3960 natu-

532 4004 621 4044 ras
647 3990 878 4061 ﬁngunt.
931 3990 1125 4047 Utrum
1186 3991 1421 4048 divinae?
1477 3993 1546 4048 At
1583 4011 1694 4064 quo
1717 4006 1876 4066 pacto
1910 3997 2114 4053 divini-

533 4081 664 4136 tatis
718 4083 1002 4151 proprium
1077 4087 1362 4154 corporeis
1421 4086 1658 4156 pedibus
1714 4088 1973 4159 ingredi?
2025 4093 2109 4146 An

532 4173 830 4228 humanae?
877 4174 1036 4238 Vide,
1070 4175 1306 4230 duarum
1367 4184 1694 4231 naturarum
1740 4189 1973 4244 amator,
2020 4182 2109 4236 cui

531 4273 738 4319 tantam
770 4267 1148 4336 operationem
1181 4269 1426 4333 tribuas;
1463 4285 1588 4323 nam
1616 4285 1681 4325 ea
1714 4281 1939 4326 naturas
1967 4281 2108 4340 tuas,

532 4367 593 4412 ut
641 4358 847 4425 cernis,
898 4359 1058 4432 fugit.
1115 4361 1186 4416 At
1241 4370 1454 4416 certum
1497 4371 1601 4426 est,
1665 4372 1720 4417 et
1765 4365 1900 4418 nulli
1940 4365 2110 4421 dubio

529 4451 851 4517 obnoxium,
888 4454 994 4508 nisi
1049 4462 1244 4525 sponte
1287 4453 1555 4520 iuramus,
1617 4455 1730 4510 Deo
1773 4456 1954 4511 Verbo
1983 4473 2111 4528 pro-

529 4554 654 4616 pter
678 4563 779 4602 nos
810 4547 1119 4613 incarnato,
1169 4547 1260 4602 uni
1306 4557 1362 4601 et
1417 4547 1727 4614 individuo,
1762 4548 2107 4608 individuam

2230 2068 2500 2138 ρισμένως
2558 2070 2653 2120 καὶ
2705 2066 2809 2121 ἀνά
2854 2067 3087 2138 μέρος.»
3135 2068 3244 2121 Καὶ
3304 2067 3496 2120 πάλιν⁸
3540 2087 3557 2119 ι
3593 2069 3679 2120 Ἐν
3731 2071 3802 2139 τῇ

2225 2159 2438 2232 ἐπινοίᾳ
2476 2160 2886 2231 διαιρουμέναις
2923 2163 3045 2223 ταῖς
3077 2160 3327 2228 φύσεσιν,
3357 2161 3526 2233 ἤγουν
3567 2163 3805 2216 ὑποστάς

2227 2269 2368 2315 σεσι,
2406 2255 2807 2306 συνεπινοεῖται
2861 2253 2955 2307 καὶ
2988 2253 3059 2306 τά
3106 2253 3406 2325 πρόσωπαο
3435 2253 3664 2325 θάτερον
3690 2255 3803 2324 γὰρ

2223 2344 2456 2414 θατέρου
2484 2345 2881 2416 διαιρούμενον,
2903 2346 3063 2409 εὐθὺς
3081 2346 3210 2399 ἴδιον
3236 2347 3604 2418 ἐπιγράφεται
3633 2347 3806 2416 πρόσο

2221 2454 2392 2492 ωπον.
2421 2456 2438 2487 ι
2476 2439 2538 2490 El
2573 2437 2642 2491 τὰ
2706 2437 3126 2502 ίδιοῡποστάτως
3177 2439 3490 2507 ὑφεστῶτα,
3537 2439 3644 2492 ἴδια
3676 2441 3819 2508 ἐπι-⁴

2221 2529 2495 2598 γράφεται
2539 2531 2827 2601 πρόσωπα,
2863 2531 2953 2583 καὶ
2985 2529 3054 2583 τὰ
3081 2531 3430 2602 διηρημένως
3473 2531 3568 2584 καὶ
3621 2521 3820 2602 κεχωέ

2223 2619 2495 2692 ρισμένως
2516 2621 2610 2672 καὶ
2625 2620 2728 2674 ἀνά
2755 2619 2920 2690 μέρος
2942 2618 3226 2688 ὑφεστῶτα
3253 2617 3506 2690 διῄρηται
3531 2619 3611 2681 είς
3629 2609 3822 2689 πρόσ-’

2219 2727 2378 2766 cura“
2411 2714 2440 2766 δ
2469 2712 2527 2765 δὲ
2567 2711 2808 2782 Χριστὸς
2840 2711 2901 2764 οὑ
2967 2710 3128 2782 μόνον
3155 2712 3219 2764 ἐκ
3251 2711 3345 2764 δύο
3378 2709 3592 2780 φύσεὼν
3621 2699 3822 2776 ἐστιν,

2220 2804 2355 2858 ἀλλὰ
2385 2805 2480 2858 καὶ
2512 2806 2576 2858 ἐκ
2607 2804 2700 2857 δύο
2738 2802 3048 2875 προσώπων
3093 2803 3233 2858 κατὰ
3261 2804 3500 2874 Σευῆρον
3519 2821 3534 2836 ⁸
3595 2804 3705 2876 ἄρα
3731 2821 3822 2872 γε,

2220 2897 2437 2969 πρῶτον
2503 2896 2852 2969 διῃρημένως
2907 2896 3003 2950 καὶ
3055 2897 3479 2967 κεχωρισμένως
3536 2896 3630 2949 καὶ
3693 2895 3823 2978 ἀντὶΙ

2222 2990 2389 3061 μέρος
2436 2989 2530 3043 καὶ
2583 2988 2970 3052 ίδιοσυστάτως
3023 2989 3336 3059 ὑπέστησαν
3369 2988 3425 3041 αἱ
3457 2987 3668 3056 φύσεις,
3705 2987 3822 3071 ίναέ

2221 3083 2317 3137 καὶ
2347 3079 2481 3134 ἴδιον
2510 3079 2720 3150 ἑκάστη
2752 3079 3129 3150 ἐπιγράφηται
3166 3079 3460 3150 πρόσωπον
3483 3092 3497 3105 ·
3531 3077 3627 3130 καὶ
3669 3077 3822 3150 τότεξ

2220 3171 2510 3243 ήνὼθησαν
2539 3172 2636 3226 καλ⁸
2659 3169 2833 3234 οὕτως
2857 3168 3196 3240 ἀπετελέσθη
3228 3170 3256 3222 ό
3288 3169 3531 3238 Σευηρου
3561 3167 3820 3242 Χριστὸςξ

2219 3266 2285 3320 ἐκ
2324 3265 2418 3319 δύο
2447 3263 2663 3333 φύσεων
2692 3251 2787 3318 καὶ
2807 3265 2871 3316 ἐκ
2895 3261 2989 3316 δύο
3013 3259 3328 3333 προσώπων
3345 3275 3358 3290 ο
3391 3260 3527 3329 ὅπερ
3549 3261 3596 3312 εί
3623 3245 3820 3322 οὖτωςῗ

2221 3354 2355 3425 ἔχει,
2391 3354 2452 3407 οὑ
2479 3353 2637 3423 μόνον
2671 3351 2788 3406 ἐστὶ
2821 3349 3117 3420 Νεστορίου
3147 3345 3670 3417 Νεστοριανὼτερον,
3701 3347 3820 3424 ἀλοξ

2218 3446 2286 3500 λὰ
2310 3446 2404 3498 καὶ
2427 3443 2590 3498 αὑτοῦ
2624 3444 2866 3515 Σευὴρσυ
2897 3439 3269 3513 ἀνοητότερον.
3297 3437 3564 3509 Φύγωμεν
3593 3433 3685 3492 οὖν
3703 3429 3819 3492 τδνί

2217 3522 2569 3606 διπρόσωπον
2592 3535 2738 3604 ὅφιν.

2297 3629 2387 3683 Ἐν
2445 3627 2524 3698 τῷ
2574 3627 2719 3698 λόγῳ
2770 3625 2938 3681 αὑτοῦ
2995 3625 3074 3697 τῷ
3103 3626 3182 3688 είς
3236 3624 3306 3678 τά
3353 3621 3632 3685 Γενέθλια,
3663 3616 3726 3676 οὗ
3759 3623 3794 3692 ή

2215 3720 2384 3792 ἀρχὴ,
2417 3720 2647 3788 Ὠσπερ
2704 3719 2770 3773 τὸ
2828 3717 2940 3786 τῆς
2983 3716 3204 3786 ἡμέρας
3263 3712 3391 3784 φῶς
3432 3712 3790 3777 ἀνατέλλον,

2216 3815 2396 3884 λέγει’
2445 3833 2464 3866 ι
2489 3812 2655 3876 Ποίας
2682 3807 2776 3866 οὖν
2803 3810 3018 3880 φύσεως
3055 3809 3196 3862 ἰδίαν
3222 3807 3516 3878 ἐνέργειαν
3545 3806 3793 3874 εἴπωμεν

2213 3908 2275 3962 τὸ
2307 3906 2540 3977 βαδίζειν
2571 3905 2665 3958 ἐπὶ
2679 3903 2772 3958 τοῦ
2804 3902 3019 3968 ὓδατος,
3055 3898 3553 3972 ἀποκρινάσθωσαν
3573 3897 3622 3951 οἱ
3655 3889 3816 3968 μετά’

2211 3998 2312 4070 τὴν
2341 3997 2534 4052 ἕνωσιν
2566 3999 2700 4067 ἡμῖν
2760 3994 2858 4059 τὰς
2913 3994 3007 4048 δύο
3054 3992 3245 4063 φύσεις
3295 3991 3628 4059 εἰσάγοντες.
3680 3991 3791 4060 Τῆς

2215 4090 2394 4155 θείας;
2420 4089 2530 4142 Kal
2558 4089 2674 4152 πῶς
2704 4087 2958 4157 θεότητος
2995 4086 3149 4150 ῐδιον,
3181 4084 3242 4139 τὸ
3275 4086 3610 4154 σωματικοῖς
3656 4083 3792 4137 ἰέναι

2215 4179 2407 4246 ποσίν;
2460 4178 2620 4232 Ἀλλά
2652 4178 2751 4246 τῆς
2787 4176 3168 4247 ἀνθρωπίνης;
3202 4176 3313 4229 Kal
3349 4175 3467 4239 πῶς
3505 4175 3607 4228 οὐκ
3635 4174 3793 4228 άλλό·

2213 4287 2364 4340 τριον
2392 4269 2681 4340 ἀνθρώπου
2698 4269 2759 4323 τὺ
2773 4270 2868 4322 ἐπὶ
2891 4269 2992 4339 τῆς
3021 4269 3194 4338 ὑγρᾶς
3220 4267 3406 4331 οὑσίας
3436 4269 3787 4338 περιπατεῖνς

2227 4361 2392 4432 Ὀρᾷς
2414 4361 2442 4412 ὁ
2470 4359 2570 4423 τὰς
2606 4357 2698 4412 δύο
2731 4358 2926 4429 φύσεις
2977 4358 3272 4428 ἐπιζητῶν,
3295 4360 3343 4410 εί
3379 4357 3636 4426 τοιαύτην
3665 4359 3789 4409 ἐπι-

2216 4453 2448 4526 γράψεις
2488 4452 2801 4524 ἐνέργειαν·
2850 4452 2949 4515 τὰς
2998 4451 3108 4520 γὰρ
3166 4450 3260 4514 ea,
3292 4449 3504 4520 φύσεις,
3534 4451 3609 4513 ὡς
3633 4451 3788 4519 ὁρᾷς,

2215 4547 2601 4616 διαπέφευγεν.
2649 4544 2810 4600 Ἀλλά
2841 4543 3112 4616 πρόδηλον
3155 4543 3250 4596 xal
3280 4542 3527 4613 οὐδαμῶς
3550 4542 3789 4613 άμιρίόο⁴

530 4652 751 4707 quoque
793 4637 978 4694 inesse
1012 4637 1394 4708 operationem
1422 4655 1435 4701 ;
1466 4639 1756 4708 proprium
1787 4641 1960 4712 ipsius
1988 4652 2106 4699 erat

2217 4640 2326 4704 λον,
2371 4641 2418 4692 εί
2468 4638 2542 4709 μὴ
2588 4638 2807 4702 ἑκόντες
2846 4636 3140 4707 μεθὺομεν,
3167 4637 3242 4700 ὼς
3289 4636 3381 4690 τοῦ
3427 4634 3561 4689 Θεοῦ
3607 4635 3791 4702 Λόγου

528 4741 696 4798 super
746 4744 946 4798 aquam
1003 4728 1293 4795 incedere,
1350 4745 1478 4784 cum
1533 4730 1584 4785 id
1639 4731 1805 4788 simul
1856 4733 2108 4790 divinum

527 4820 601 4877 sit
652 4829 708 4876 et
759 4822 1086 4877 humanum.
1149 4843 1166 4874 ι
1227 4822 1360 4889 Quae
1410 4823 1783 4880 disserentem
1839 4826 2104 4884 Severum

527 4915 1008 4984 phantasmatibus
1047 4915 1218 4970 credo
1243 4916 1806 4993 illudereauditores.
1859 4919 1994 4975 Nam
2059 4921 2105 4975 si

525 5021 629 5061 nec
684 5004 888 5060 divinae
955 5021 1060 5062 nec
1123 5007 1377 5064 humame
1429 5017 1642 5065 naturae
1696 5009 1878 5066 fuerat
1937 5028 2106 5082 super

521 5111 723 5165 aquam
765 5095 1146 5163 deambulare,
1183 5100 1270 5155 vel
1309 5109 1430 5154 erat
1471 5099 1576 5156 hoc
1625 5116 1775 5156 mera
1820 5103 1982 5169 visio,
2017 5103 2102 5157 vel

521 5200 684 5243 actus
737 5203 849 5243 non
907 5190 1128 5262 integra
1181 5193 1496 5250 divinitatis
1538 5197 1970 5252 humanitatisve
2003 5215 2103 5252 na-

526 5284 648 5332 tura
695 5279 1002 5348 perfectus,
1048 5282 1147 5338 sed
1189 5293 1390 5339 natura
1429 5301 1497 5339 ex
1545 5285 1666 5340 istis
1717 5287 2008 5355 permista,
2047 5297 2104 5343 et

525 5381 624 5436 per
657 5369 1038 5425 confusionem
1091 5373 1368 5430 absoluta.
1415 5373 1572 5431 Unde
1597 5384 1793 5430 neutra
1829 5392 1959 5446 pura
1991 5393 2106 5433 ser-

525 5457 782 5526 vabitur;
823 5462 920 5516 sed
957 5463 1049 5517 uni
1086 5474 1296 5520 natura:
1335 5466 1636 5532 tribuetur,
1687 5467 2104 5537 qualiscunque

525 5549 618 5617 sit,
665 5552 970 5608 ambulatio
1007 5570 1176 5626 super
1205 5573 1426 5627 aquam,
1482 5566 1542 5613 ut
1595 5559 1848 5629 operatio
1882 5566 2102 5616 maneat

525 5659 636 5700 una
689 5653 746 5699 et
799 5645 1107 5702 individua.
1160 5648 1297 5720 Age,
1350 5666 1516 5720 super
1566 5660 1772 5706 terram
1816 5652 2103 5709 ambulare

525 5737 725 5794 divina:
749 5749 960 5796 natura:
985 5750 1125 5808 erat,
1149 5760 1218 5797 an
1242 5743 1493 5800 humana:
1513 5745 1700 5799 ⁸ΐΝἱΙιίΙ
1735 5746 1848 5800 Deo
1876 5745 2104 5816 dignum

524 5831 775 5887 cernitur
804 5848 930 5888 cum
973 5833 1228 5892 humana:
1271 5844 1482 5892 natura:
1525 5837 1742 5907 legibus
1771 5835 1942 5906 pedes
1991 5846 2104 5891 tcr—

524 5939 642 5980 ram
693 5924 942 5992 calcant;
994 5942 1124 5985 sane
1175 5930 1248 5984 ita
1303 5931 1474 5985 divisa
1519 5937 1600 5984 cst
1641 5947 1747 5982 una
1783 5938 2008 5995 natura,
2050 5936 2103 5983 ct

2213 4730 2308 4785 τοῦ
2338 4731 2407 4786 δι’
2437 4733 2583 4804 ἡμᾶς
2617 4730 3010 4803 σαρκωθέντος,
3036 4730 3155 4793 ἐνὸς
3194 4728 3288 4782 καὶ
3321 4729 3624 4800 ἀμερίστου
3647 4745 3783 4795 τυγ-

2209 4823 2488 4893 χάνοντος,
2533 4821 2830 4893 ἀμέριστος
2884 4821 3119 4892 ὑπάρχει
3163 4820 3258 4872 καλ⁸
3293 4821 3327 4889 ἡ
3375 4819 3656 4890 ἐνέργεια·
3690 4821 3788 4872 καὶ

2211 4912 2342 4965 ἴδιον
2368 4908 2436 4984 ἦν
2461 4911 2628 4966 αὑτοῦ
2652 4912 2714 4966 τὸ
2744 4911 2995 4977 πεζεύειν
3022 4913 3114 4965 ἐπὶ
3159 4912 3252 4964 τοῦ
3284 4911 3496 4977 ὓδατος,
3523 4912 3582 4964 ἐν
3603 4912 3790 4982 ταυτῷ

2207 5004 2266 5057 τὸ
2298 5003 2600 5072 θεοπρεπὲς
2630 5003 2770 5073 ἔχων
2794 5004 2886 5056 καὶ
2912 5003 2970 5056 τὸ
3012 5000 3376 5073 ἀνθρώπινον.
3404 5020 3423 5052 ι
3457 5001 3586 5054 Ὀτε
3611 5002 3789 5056 ταῦτα

2205 5096 2476 5164 διελέγετο
2513 5095 2778 5167 Σευῆρος,
2825 5091 2980 5164 οἶμαι
3031 5094 3194 5147 αὑτὸν
3247 5093 3790 5163 φαντασιοκοποῦντα

2207 5189 2426 5254 παίζειν
2457 5189 2588 5252 τοὺς
2614 5187 2910 5258 ἀκροατάς.
2947 5187 3008 5239 Εἰ
3036 5187 3176 5256 μήτε
3201 5186 3300 5256 τῆς
3332 5185 3484 5248 θείας
3520 5185 3659 5254 μήτε
3685 5187 3788 5253 τῆς

2203 5281 2554 5353 ἀνθρωπίνης
2576 5280 2791 5350 φύσεως
2813 5275 2880 5349 ἦν
2902 5281 2961 5332 τὸ
2991 5295 3054 5332 πε
3067 5281 3316 5367 ριπατεϊν
3343 5278 3434 5332 ἐπὶ
3458 5275 3550 5330 τοῦ
3573 5276 3786 5339 ὓδατος.

2207 5374 2240 5445 ἢ
2271 5373 2546 5442 φαντασία
2576 5369 2666 5444 ἦν,
2699 5371 2731 5433 ἢ
2768 5370 3004 5439 φύσεως,
3041 5370 3165 5424 οὔτε
3183 5368 3542 5440 θεῖκῆς,οὑτε
3583 5368 3785 5440 ἀνθρωο

2208 5467 2371 5536 πίνης
2415 5465 2696 5536 καθαρῶς,
2741 5462 2854 5517 ἀλλ’
2901 5464 2966 5515 ἐκ
2996 5461 3200 5516 τούτων
3243 5462 3423 5531 μίγμα
3470 5459 3656 5530 οὔσης,
3691 5461 3784 5512 καὶ

2206 5557 2294 5611 διὰ
2330 5556 2650 5626 συγχύσεως
2700 5552 3183 5622 ἀποτελεσθείσης.
3237 5551 3326 5614 Ὠς
3360 5549 3483 5621 μηδ’
3517 5550 3783 5618 ὁποτέραν

2206 5648 2522 5719 άκραιφνῶς
2565 5645 2863 5710 σώζεσθαι,
2899 5644 3145 5698 δεδόσθαι
3166 5645 3223 5697 δὲ
3257 5644 3354 5712 τῆς
3383 5644 3513 5711 μιᾶς
3547 5641 3781 5710 φύσεως,

2208 5743 2305 5812 τῆς
2327 5736 2718 5812 οἱασδηποτοῦν
2744 5732 2884 5792 εἶναι
2921 5736 3011 5790 τὸν
3051 5736 3143 5789 ἐπὶ
3175 5734 3268 5788 τοῦ
3305 5733 3502 5796 ὓδατος
3549 5731 3786 5802 περίπα-

2208 5851 2319 5899 τον,
2351 5834 2436 5904 ἵνα
2460 5832 2552 5888 καὶ
2572 5834 2606 5902 ἡ
2637 5831 2886 5903 ἐνέργεια
2921 5831 3019 5900 μία
3055 5828 3149 5882 xal
3174 5827 3469 5898 ἀμέριστος
3584 5825 3656 5876 Τὸ
3688 5823 3779 5874 ἐπὶ

2212 5931 2306 5998 τῆς
2342 5923 2511 5998 ξηρᾶς
2550 5928 2894 5997 περιπατεῖν,
2935 5925 3086 5986 θείας
3135 5922 3347 5989 φύσεως
3385 5915 3472 5987 ἦν,
3507 5918 3540 5988 ἢ
3573 5915 3781 5984 ali/Optu-
