4102 6536
264 476 368 544 925

1292 475 1650 538 EPISTULA
1691 479 1786 537 DE
1828 476 2130 537 DUABUS
2170 473 2527 535 NATURIS.
3080 477 3117 504 ⁸

3419 467 3525 530 926

264 590 428 660 πίνης
449 607 464 656 ;
487 583 660 644 oestro
689 589 798 660 γὰρ
829 588 1129 660 θεοπρεπὲς
1157 589 1377 658 ὁρᾶται,
1411 589 1595 656 νόμοις
1624 586 1838 657 ἀνθρω-

1958 584 2220 653 πυντίυιη
2270 581 2653 651 operationem
2695 595 2945 634 seorsum
2979 575 3234 632 exhibuit.
3264 574 3522 627 humani—

264 683 429 751 πίνης
463 682 676 751 φύσεως
709 683 885 735 ποδῶν
921 679 1367 750 περιπατούντων
1400 682 1492 732 ἐπὶ
1519 679 1620 748 τῆς
1643 679 1769 746 γῆς’
1803 677 1836 746 ἦ
1893 738 1902 747 ρ

1947 685 2028 729 tas
2057 692 2085 728 a
2119 673 2406 728 divinitate
2434 672 2702 740 seiuncta.

263 773 384 826 τότε
417 773 682 844 ἐμερίσθη
725 777 758 843 ἡ
798 774 897 843 μία
959 775 1145 842 φύσις,
1190 775 1288 826 καὶ
1328 773 1427 845 τὴν
1467 772 1678 826 οἰκείαν
1746 771 2034 842 ἐνέργειαν
2075 767 2198 821 καθ’
2233 767 2437 836 ἑαυτὴν
2477 764 2827 818 ἐπεδείκνυτο
2894 766 2926 832 ἡ
2986 759 3347 830 ἁνθρωπότης
3391 760 3532 811 ἁποο

270 866 592 936 μερισθεῖσα
613 867 713 935 τῆς
745 865 952 935 θεϊκῆς.

350 955 512 1010 Ἃ).λᾶ
557 957 862 1027 πρόδηλον,
887 957 979 1010 καὶ
1007 958 1258 1029 οὐδαμῶς
1309 958 1633 1029 ἀμφίόολον,
1683 959 1731 1009 εί
1769 955 1843 1026 μὴ

267 1050 487 1112 ἑκόντες
521 1044 814 1118 μεθύομεν,
863 1048 958 1102 καὶ⁹
994 1049 1262 1118 παίζομεν
1307 1049 1376 1102 τὰ
1422 1048 1690 1110 ἀπαικτα,
1721 1048 1844 1099 ὅσαι

267 1141 525 1196 ταπειναὶ
570 1140 744 1206 λέξεις
774 1142 868 1194 καὶ
901 1140 1038 1213 ἔργα
1084 1143 1166 1205 είς
1194 1141 1256 1194 τὸ
1300 1141 1458 1212 σῶμα
1487 1139 1582 1194 τού
1633 1137 1842 1208 Κυρίου

270 1232 632 1302 γεγραμμένα
661 1234 800 1285 νοεῖν
816 1232 1058 1303 χρή.Καὶ
1076 1233 1178 1286 ὅσα
1209 1232 1396 1299 ἔνδοξα
1431 1233 1736 1303 πράγματα
1763 1233 1843 1294 είς

271 1321 370 1393 τὴν
385 1319 480 1373 τοῦ
500 1321 674 1389 Λόγου
692 1320 943 1393 θεότητα.
969 1325 1138 1375 Ὅταν
1155 1322 1328 1388 πεινᾷ
1339 1321 1489 1390 μετὰ
1505 1321 1571 1374 τὸ
1587 1320 1845 1388 νηστεῦο

272 1430 397 1475 σαι,
429 1413 523 1466 τοῦ
575 1411 828 1485 σώματος
861 1414 1150 1484 ἐλάττωμα
1175 1409 1244 1485 ἦν
1263 1427 1277 1444 ⁸
1313 1413 1478 1484 ἡνίκα
1509 1412 1564 1465 δὲ
1594 1413 1660 1465 ὲκ
1683 1411 1844 1464 πέντε

273 1507 454 1576 ἄρτων
485 1507 1015 1575 πεντακισχιλίους
1052 1506 1274 1574 ἄνδρας
1320 1506 1498 1576 χωρίς
1549 1502 1849 1574 γυναικῶν

271 1598 471 1670 τρέφῃ,
504 1599 596 1652 καὶ
649 1597 878 1652 δώδεκα
923 1598 1212 1667 κοφίνους
1264 1595 1629 1664 κλασμάτων
1653 1611 1848 1665 περισ-

273 1689 430 1758 σεύῃ,
471 1687 571 1757 τῆς
601 1687 858 1759 θεότητος
883 1688 978 1742 τοῦ
1027 1689 1206 1756 Λόγου
1236 1688 1421 1759 ἔργον.
1456 1687 1626 1740 Ὅταν
1651 1686 1750 1739 ἐπί
1780 1684 1845 1738 τὸ

271 1779 766 1850 προσκεφάλαιον
815 1780 887 1834 ἐν
933 1779 1013 1845 τῷ
1061 1781 1254 1843 πλοίῳ
1283 1777 1566 1844 καθεύδῃ,
1593 1777 1844 1830 ἀναπαύ-

2021 953 2090 1007 At
2129 949 2487 1004 manifestum
2511 953 2673 1001 estet
2699 943 2908 1011 absque
2939 940 3050 994 ullo
3081 937 3255 993 dubio
3281 944 3527 996 certum,

1949 1044 2054 1100 nisi
2091 1044 2332 1098 libenter
2361 1039 2703 1094 insaniamus
2732 1043 2790 1090 et
2824 1033 2972 1089 seria
3020 1028 3394 1090 derideamus,
3420 1025 3527 1078 liu-

1950 1140 2108 1195 miles
2134 1151 2383 1208 quosque
2412 1147 2699 1190 sermones
2719 1139 2776 1184 et
2811 1137 2968 1182 actus
2990 1125 3045 1178 in
3071 1137 3275 1191 corpus
3309 1117 3527 1174 Domini

1949 1248 2074 1287 esse
2122 1228 2482 1292 referendos;
2545 1226 2789 1279 illustres
2835 1235 2968 1274 vero
3004 1217 3071 1275 ad
3128 1216 3301 1285 ipsam
3356 1209 3525 1264 Verbi

1950 1324 2315 1379 divinitatem.
2375 1318 2533 1385 Quod
2585 1317 2630 1370 si
2677 1314 2858 1368 esuriit
2903 1318 3181 1381 postquam
3227 1306 3527 1380 jejunasset

1952 1417 2162 1488 (Matth.
2185 1429 2255 1480 tv,
2283 1413 2362 1482 2),
2382 1426 2588 1481 corpus
2617 1423 2750 1462 sane
2772 1405 3010 1468 defecit;
3040 1399 3263 1470 quando
3291 1412 3421 1452 vero
3459 1412 3526 1449 ex

1953 1486 2198 1578 quinque
2241 1503 2496 1574 panibus,
2529 1500 2758 1569 quinque
2794 1493 2964 1548 millia
2997 1493 3266 1552 virorum,
3302 1486 3527 1554 exceptis

1957 1598 2280 1659 mulieribus,
2305 1592 2596 1656 saturavit,
2629 1597 2686 1644 et
2723 1585 2995 1640 duodecim
3017 1581 3226 1652 cophini
3256 1580 3529 1648 fragmen-

1953 1703 2130 1746 torum
2171 1688 2315 1759 pleni
2363 1683 2763 1754 superfuerunt
2806 1677 3015 1748 (Matth.
3056 1690 3163 1735 xlv,
3215 1671 3285 1726 9.0
3327 1681 3381 1724 et
3409 1670 3524 1734 ill),

1953 1783 2265 1841 divinitatis
2291 1781 2396 1834 hoc
2435 1776 2603 1832 Verbi
2642 1789 2803 1844 opus.
2830 1770 2967 1826 Cum
3011 1783 3170 1836 super
3207 1761 3430 1818 cervical
3471 1763 3525 1814 in

271 1889 411 1936 σεως
431 1873 752 1942 σωματικῆς
779 1871 974 1943 ἔργονο
1005 1874 1133 1926 ὅταν
1163 1873 1219 1925 δὲ
1243 1870 1582 1939 περιπατῶν
1614 1867 1713 1922 ἐπὶ
1736 1868 1845 1935 τῆς

1958 1880 2072 1932 navi
2111 1876 2304 1929 dormit
2331 1873 2518 1943 (Mare.
2553 1882 2624 1930 Iv,
2650 1866 2719 1921 56
2743 1864 2886 1933 seq.)
2911 1903 2925 1926 ,
2951 1857 3295 1931 quiescentis
3328 1869 3528 1921 corpo-

269 1963 587 2032 θαιάσσης
638 1966 837 2042 ἀπειλῇ
883 1967 996 2029 τοῖς
1046 1964 1254 2035 κύμασι
1289 1967 1385 2017 καὶ
1437 1966 1551 2026 τοῖς
1591 1963 1838 2032 ἀνέμοις,

268 2055 432 2129 εὐθυς
481 2056 675 2110 ἀκούει
714 2057 868 2128 παρὰ
914 2058 1023 2110 τῶν
1067 2058 1126 2110 ὲν
1178 2055 1256 2125 τῷ
1309 2055 1476 2125 πλοίῳ
1529 2056 1647 2125 μεθ’
1677 2055 1842 2125 ὅρκου

267 2145 705 2214 ὁμολογούντων,
735 2146 996 2216 Ἀληθῶς
1031 2147 1179 2200 Θεοῦ
1215 2147 1346 2212 Υἱός
1367 2133 1557 2199 ἐστιν.
1598 2146 1844 2198 Ἀκόλου-

268 2237 360 2289 θον
399 2237 507 2307 γὰρ
538 2233 627 2310 ἦν,
659 2237 997 2292 ἀναλαϐόντα
1046 2238 1208 2292 αὑτὸν
1257 2235 1434 2308 σῶμα,
1475 2235 1844 2291 δεικνύναιτά

269 2331 376 2386 ἴδια
409 2333 502 2386 τοῦ
541 2333 820 2403 σώματος,
875 2333 965 2387 ἵνα
1023 2333 1100 2404 μὴ
1152 2334 1184 2402 ή
1242 2333 1513 2402 φαντασία
1539 2331 1634 2384 τοῦ
1675 2331 1840 2385 ἀθέου

266 2426 574 2496 Μανιχαίου
607 2428 882 2498 κρατήσῃ.
928 2425 1247 2480 Ἀκόλουθον
1280 2426 1336 2479 δὲ
1358 2425 1518 2479 πάλιν
1538 2421 1626 2496 ἦν,
1657 2441 1843 2494 σωμα-

267 2517 436 2580 τικῶς
474 2519 638 2572 αὐτὸν
671 2520 916 2583 ἐλθόντα,
942 2517 1016 2590 μὴ
1053 2518 1260 2588 κρύψαι
1296 2520 1368 2573 τὰ
1416 2518 1515 2588 τῆς
1552 2517 1805 2587 θεότητος
1825 2533 1839 2547 ’

268 2610 507 2680 ἀλλὀὐχ
533 2611 650 2681 ἅμα
686 2613 864 2667 πάντα
900 2613 1271 2675 ἐπεδείκνυτο,
1306 2613 1523 2681 ἑκάστῳ
1563 2610 1620 2663 δὲ
1667 2609 1845 2680 καιρῷ

270 2705 366 2755 καὶ
396 2703 683 2774 πράγματι
715 2705 1064 2776 ἁρμοζόντως
1107 2707 1199 2758 καὶ
1238 2703 1611 2774 καταλλήλως.
1655 2702 1714 2754 '0
1747 2702 1844 2770 μὲν

268 2795 363 2849 οὖν
403 2796 725 2868 περίπατος,
776 2798 885 2850 τῶν
914 2797 1011 2850 τοῦ
1045 2797 1296 2866 σώματος
1341 2791 1409 2867 ἦν
1455 2794 1630 2848 ποδῶν
1650 2809 1664 2824 ·
1695 2793 1757 2845 τὸ
1788 2792 1846 2845 δὲ

269 2889 364 2942 ἐπὶ
391 2889 500 2942 τῶν
525 2889 868 2961 ύδάτων,ξτῆς
889 2887 1086 2960 θεῖκῆς
1099 2890 1378 2960 δυνάμεως
1407 2888 1586 2959 ἔργον.
1633 2887 1719 2949 Ὠς
1738 2886 1846 2957 γάρ

271 2983 455 3036 οὐκέτι
489 2985 558 3036 τά
599 2985 698 3053 τῆς
746 2982 950 3054 σαρκὸς
985 2983 1276 3052 ίδιώματα,
1315 2980 1393 3051 τῷ
1437 2981 1496 3032 ἐν
1537 2981 1677 3049 ἀρχῇ
1733 2976 1846 3030 ὄντι

275 3073 716 3146 ἑπιθεωρηθῆναι
746 3074 926 3144 Λόγῳ,
955 3072 1131 3135 οὕτως
1165 3073 1325 3127 πάλιν
1348 3071 1470 3125 οὐδὲ
1497 3070 1565 3124 τὰ
1601 3069 1701 3138 τῆς
1728 3068 1846 3121 θεό-

274 3183 438 3237 τητος
478 3166 606 3232 ἴδια,
655 3168 716 3220 ἐν
758 3168 826 3234 τῇ
879 3164 981 3234 τῆς
1023 3165 1224 3233 σαρκὸς
1285 3162 1446 3232 φύσει
1494 3161 1846 3230 κατανοῆσαι.

1953 1967 2031 2021 ris
2061 1960 2379 2036 proprium;
2425 1957 2650 2031 quando
2693 1969 2824 2009 vero
2869 1967 3028 2020 super
3067 1963 3214 2001 mare
3245 1942 3525 1998 ambulans

1951 2057 2215 2114 ﬂuctibus
2237 2053 2608 2108 comminatus
2627 2055 2713 2103 est
2733 2055 2785 2101 et
2805 2044 3007 2107 ventis,
3038 2040 3223 2095 statim
3249 2036 3403 2091 audit
3431 2049 3527 2088 eos

1951 2150 2047 2219 qui
2090 2149 2144 2203 in
2177 2148 2428 2202 navicula
2458 2153 2651 2206 erant,
2688 2155 2815 2195 cum
2861 2139 3176 2207 iuramento
3220 2126 3471 2184 confiteri
3510 2140 3524 2178 :

1955 2243 2081 2297 Vere
2133 2240 2295 2294 Filius
2332 2239 2424 2292 Dei
2479 2253 2530 2290 es
2568 2233 2795 2306 (Matth.
2858 2245 2966 2292 xxv,
3019 2223 3239 2292 24-33).
3288 2219 3528 2274 Docebat
3571 2247 3574 2250 -

1941 2336 2100 2392 enim
2144 2333 2410 2396 Verbum,
2467 2344 2704 2399 corpore
2755 2327 3034 2394 suscepto,
3073 2333 3136 2372 ea
3169 2315 3333 2370 etiam
3369 2310 3495 2365 exhi

1956 2433 2089 2487 bere
2116 2445 2238 2500 quae
2260 2427 2514 2497 corporis
2545 2433 2696 2486 sunt,
2722 2439 2790 2477 ne
2824 2419 2978 2490 impii
3025 2410 3310 2471 Manicbzei
3349 2408 3528 2477 phan-

1956 2532 2128 2577 tasma
2155 2519 2425 2574 vinceret.
2460 2515 2702 2570 Decebat
2738 2513 2939 2567 iterum
2970 2506 3129 2567 illud,
3164 2513 3397 2572 corpore
3428 2513 3527 2564 ap-

1951 2622 2203 2683 parente,
2235 2627 2347 2665 non
2382 2609 2606 2663 omnino
2629 2607 2802 2662 latere
2827 2618 2950 2672 qua:
2979 2596 3291 2654 divinitatis
3328 2597 3482 2649 erant
3511 2604 3524 2651 ;

1952 2715 2012 2759 at
2061 2721 2170 2758 non
2206 2711 2441 2772 utraque
2494 2699 2659 2754 simul
2701 2693 3231 2765 conspiciebantur,
3281 2687 3376 2742 sed
3430 2701 3527 2755 pro

1952 2806 2264 2866 temporum
2301 2801 2357 2847 et
2387 2806 2574 2846 rerum
2614 2789 2826 2843 ratione
2850 2783 3248 2841 convenienter
3276 2787 3330 2834 ct
3356 2776 3525 2830 vicis-

1953 2891 2082 2945 sim.
2116 2887 2436 2943 Ambulatio
2470 2885 2694 2955 quidem
2729 2881 2931 2952 pedum
2971 2887 3091 2934 erat
3119 2875 3402 2944 corporis;
3432 2887 3527 2926 su-

1953 3001 2054 3056 per
2075 2996 2248 3052 aquas
2271 2994 2408 3034 vero
2433 2975 2758 3037 ambulatio,
2785 2973 2988 3027 divinae
3031 2967 3322 3040 potestatis
3364 2979 3524 3034 opus.

1953 3055 2088 3132 Nam
2124 3073 2291 3129 veluti
2333 3071 2518 3127 carnis
2570 3066 2940 3139 proprietates
2976 3063 3044 3116 de
3074 3059 3253 3115 Verbo
3290 3058 3342 3110 in
3375 3055 3535 3126 prin-

1955 3168 2102 3237 cipio
2149 3162 2472 3221 subsistenti
2518 3158 2749 3231 cogitari
2806 3171 2919 3212 non
2973 3159 3246 3224 possunt,
3300 3149 3375 3202 ita
3425 3161 3529 3201 nec

291 3236 430 3309 Ἀλλ’
466 3257 694 3310 ἑκάστου
726 3254 788 3308 τὸ
828 3254 959 3307 ίδιον
1003 3252 1385 3322 γινώσκοντες,
1428 3254 1521 3305 καὶ
1564 3252 1854 3321 ἀμφότερα

1958 3236 2274 3314 dormitatio
2322 3253 2547 3326 propria
2586 3249 2771 3306 carnis
2817 3256 3029 3302 natura:
3071 3239 3384 3297 tribuenda.
3421 3236 3526 3292 Sed

277 3347 338 3414 ἐξ
361 3347 478 3412 ἐνὸς
511 3347 862 3420 πραττόμενα
895 3346 1206 3417 βλέποντες,
1235 3345 1414 3417 ὀρθῶς
1449 3345 1802 3415 πιστεύομεν.

351 3528 516 3582 Πάλιν
541 3531 598 3582 ὲν
625 3527 702 3598 τῷ
729 3528 874 3598 λόγῳ
904 3526 1085 3586 αὔτοῦἶ
1111 3527 1187 3597 τῷ
1210 3525 1676 3598 ἐπιγεγραμμένῳ
1709 3527 1853 3579 Φιλ-

278 3624 510 3691 αλήθει,
546 3623 747 3693 γράφει
772 3638 786 3652 ο
816 3641 835 3674 ι
860 3623 925 3674 Εἰ
955 3623 983 3674 ό
1009 3621 1181 3689 Λόγος
1215 3620 1614 3692 κατεργάζεται
1667 3619 1734 3672 τά
1759 3619 1852 3672 τοῦ

279 3719 480 3786 Λόγου,
515 3717 578 3770 τὸ
609 3715 666 3771 δὲ
695 3714 856 3786 σῶμα
887 3713 1098 3768 ἐκτελεῖ
1127 3714 1196 3766 τὰ
1231 3712 1324 3766 τοῦ
1359 3712 1634 3782 σώματος,
1670 3711 1764 3764 κα)⁸
1793 3712 1856 3764 τὸ

281 3813 382 3883 μὲν
427 3809 720 3880 διαλάμπει
769 3810 882 3872 τοῖς
931 3807 1195 3877 θαύμασι,
1242 3807 1305 3859 τὸ
1359 3805 1416 3858 δὲ
1462 3807 1575 3868 τοῖς
1625 3803 1856 3857 πάθεσιν

279 3903 697 3966 ὑποπέπτωκεν,
744 3901 778 3970 ἡ
815 3899 1072 3954 κοινωνία
1107 3897 1215 3951 τῶν
1257 3897 1480 3968 μορφῶν
1511 3896 1735 3966 σχετική
1773 3895 1856 3958 τίς

280 3999 420 4060 ἐστι,
455 3994 551 4049 καὶ
595 3990 992 4061 ὑπογνωμικῆς
1022 3989 1340 4053 διαθέσεως,
1375 3987 1559 4050 καθὼς
1600 3990 1628 4041 ὁ
1678 4004 1858 4057 παρα-

282 4086 424 4159 πλὴξ
463 4086 568 4158 ἐφη
602 4084 914 4155 Νεστόριος.
965 4084 1029 4136 Εἰ
1076 4082 1154 4148 δὲ,
1197 4082 1335 4152 ὅπερ
1392 4081 1539 4133 ἐστὶν
1577 4079 1796 4150 ἀληθὲς,
1831 4080 1860 4132 ὁ

282 4181 454 4248 Λόγος
504 4178 601 4248 τὴν
658 4177 833 4245 σάρκα
890 4171 1369 4245 μετεστοιχείωσεν
1398 4173 1479 4234 είς
1523 4170 1621 4241 τὴν
1661 4169 1858 4224 ἑαυτοῦ

280 4274 440 4338 δόξαν
465 4290 524 4326 τε
571 4271 666 4325 καὶ
701 4270 1006 4341 ἐνέργειαν,
1043 4267 1160 4330 πῶς
1195 4265 1357 4320 πάλιν
1405 4264 1542 4320 κατὰ
1573 4264 1663 4317 τὸν
1695 4263 1861 4334 τόμον

284 4367 511 4428 Λέοντος
549 4362 824 4432 είπωμεν;
877 4359 1168 4415 Φυλὰττει
1215 4358 1325 4428 γὰρ
1385 4357 1635 4424 ἑκατέρα
1677 4357 1862 4425 φύσις

287 4454 660 4520 ἁνελλειπῶς
710 4453 826 4521 τὴν
878 4451 1108 4519 ἑαυτῆς
1146 4450 1431 4517 ίδιότητα.
1459 4448 1714 4502 Φαίνεται
1753 4447 1862 4518 γὰρ

288 4553 345 4604 ὲν
372 4548 585 4610 πολλοῖς
611 4548 638 4599 ό
661 4545 835 4613 Λόγος
873 4543 946 4614 μὴ
980 4541 1278 4612 συγχωρῶν
1304 4544 1368 4612 τῇ
1404 4541 1514 4611 ἰδίᾳ
1552 4542 1738 4610 σαρκὶ,
1771 4539 1860 4592 διὰ

286 4643 396 4696 τῶν
451 4641 553 4711 τῆς
611 4638 814 4708 σαρκὸς
875 4635 1130 4707 ἕρχεσθμι
1181 4635 1382 4706 νόμων.
1412 4635 1521 4687 Ποῦ
1567 4633 1676 4704 γὰρ
1732 4633 1860 4686 ίδιον

291 4735 566 4805 σώματος,
605 4732 842 4803 βαδίζειν
872 4731 958 4799 ἐφ’
994 4728 1206 4792 ὓδατος,
1251 4729 1283 4798 ἢ
1331 4727 1470 4796 μετά
1502 4726 1597 4796 τὴν
1630 4725 1863 4779 ἐκπνευ-

291 4845 378 4882 σιν
407 4830 473 4898 τῇ
493 4827 692 4898 τρώσει
719 4823 814 4878 τοῦ
847 4822 1095 4893 δόρατος,
1126 4821 1356 4892 αἵματος
1386 4819 1481 4872 καὶ
1509 4819 1699 4882 ὓδατος
1730 4819 1862 4870 ἀνα-

293 4919 508 4984 6).ύζειν
538 4919 722 4990 πηγήν
740 4934 755 4983 ;
783 4935 803 4970 ι

363 5010 537 5064 Βαῦαὶ
583 5009 686 5078 τῆς
742 5007 1039 5071 κακονοίας
1077 5005 1170 5058 τοῦ
1209 5004 1550 5072 συκοφάντου
1585 5003 1676 5056 καὶ
1717 5000 1866 5069 φιλο-

293 5101 582 5157 σκώπτουί
621 5099 807 5168 Μηδὲν
838 5099 1166 5180 βρυλομένου
1196 5097 1306 5150 τῶν
1330 5095 1427 5148 τοῦ
1465 5095 1621 5148 πάπα
1642 5093 1871 5155 Λέοντος

291 5195 435 5249 κατά
468 5193 562 5246 τὸν
588 5192 792 5245 σκοπὸν
824 5190 989 5244 αὐτοῦ
1012 5192 1108 5244 καὶ
1130 5189 1206 5252 ὡς
1229 5189 1343 5258 ἔχει
1373 5187 1639 5258 ἀληθείας
1665 5185 1868 5256 ἐξηγή-

293 5287 514 5348 σασθαι,
546 5285 724 5339 πάντα
761 5283 819 5336 δὲ
848 5283 915 5336 τὰ
959 5282 1127 5336 αὐτοῦ
1159 5283 1294 5353 πρὸς
1319 5279 1570 5350 διαϐολὴν
1590 5276 1755 5332 αὑτοῦ
1782 5279 1875 5330 καὶ

292 5378 547 5438 νοοῦντος
597 5375 694 5428 καὶ
725 5373 998 5442 λέγοντος.
1056 5373 1164 5426 ’1ὀῦ
1226 5371 1503 5443 μακαρίου
1551 5369 1872 5424 Ἀθανασίου

293 5475 349 5523 ἐν
377 5472 440 5538 τῇ
470 5468 606 5537 πρὸς
649 5467 971 5535 Ἐπίκτητον
996 5466 1268 5534 λέγοντος·
1307 5484 1325 5516 ι
1349 5463 1563 5518 Μᾶλλον
1587 5463 1696 5534 γὰρ
1725 5459 1872 5530 αύτῷ

296 5562 374 5628 τῷ
397 5559 726 5631 ἀνθρωπίνῳ
749 5559 1034 5630 προσθήκη
1067 5558 1277 5629 μεγάλη
1308 5557 1530 5626 γέγονεν
1559 5556 1623 5610 ὲκ
1647 5557 1746 5626 τῆς
1777 5551 1870 5606 τοῦ

301 5651 476 5716 Λόγου
520 5649 654 5720 1:95;
688 5648 820 5703 αὐτὸ
857 5647 1145 5709 κοινωνίας
1183 5663 1241 5699 τε
1284 5648 1378 5700 καὶ
1411 5645 1680 5707 ἑνὼσεως.
1704 5661 1722 5694 ι
1753 5643 1872 5694 Ma-

303 5743 428 5798 ταία
458 5744 491 5812 ἡ
532 5741 790 5812 ὶπίληψις
821 5739 916 5793 τοῦ
961 5739 1355 5810 μεμψιμοίρου,
1394 5739 1426 5809 ἡ
1468 5737 1596 5807 περὶ
1631 5738 1731 5804 τῆς
1760 5751 1872 5787 κοι-

1928 3353 2000 3408 .si
2025 3351 2314 3419 utriusque
2344 3347 2568 3418 propria
2591 3337 2941 3415 agnoscimus
2968 3347 3025 3394 et
3052 3346 3286 3405 utraque
3319 3349 3384 3389 ex
3419 3346 3530 3386 uno

1955 3446 2100 3500 facta
2139 3443 2443 3504 credimus,
2473 3447 2626 3494 recta
2656 3436 2766 3492 erit
2796 3433 2936 3489 ﬁdes
2963 3438 3176 3486 nostra.

2026 3535 2233 3591 Scribit
2259 3533 2500 3588 etiamin
2523 3545 2690 3600 opere
2710 3525 2858 3598 quod
2882 3525 3103 3579 Amator
3126 3520 3236 3574 ueri
3269 3525 3527 3573 vocatur:

1964 3648 1982 3679 ι
2019 3628 2073 3684 Si
2108 3627 2348 3683 Verbum
2375 3633 2636 3694 operatur
2674 3619 2823 3692 quod
2855 3617 3023 3672 Verbi
3060 3623 3165 3680 cst,
3195 3623 3251 3668 et
3271 3628 3401 3668 caro
3433 3625 3529 3664 ex-

1957 3719 2212 3788 sequitur
2230 3715 2378 3786 quod
2400 3713 2585 3768 carnis
2603 3720 2708 3777 est,
2736 3709 2782 3764 si
2807 3723 2976 3762 unum
3003 3704 3226 3774 quidem
3249 3699 3531 3756 miraculis

1957 3817 2234 3871 coruscat,
2254 3807 2491 3861 alterum
2518 3818 2650 3858 vero
2664 3798 2980 3855 succumbit
3009 3794 3229 3865 injuriis
3252 3793 3351 3862 (6),
3379 3807 3531 3845 com-

1959 3901 2150 3956 munio
2181 3899 2480 3952 formarum
2510 3902 2594 3949 est
2627 3907 2777 3946 mere
2807 3888 3076 3960 speciosa,
3111 3895 3168 3940 et
3197 3883 3532 3953 cogitatione

1962 3994 2236 4055 instituta,
2267 3990 2346 4045 uti
2387 3990 2616 4043 insanus
2645 3983 2882 4039 asseruit
2906 3979 3215 4036 Nestorius.
3243 3977 3298 4032 Si
3325 3985 3530 4038 autem,

1961 4087 2110 4158 quod
2144 4099 2339 4141 verum
2369 4090 2473 4147 est,
2501 4080 2746 4135 Verbum
2773 4090 2995 4131 carnem
3035 4072 3222 4143 gloria:
3253 4068 3531 4139 Operatio-

1961 4179 2160 4249 nisque
2211 4191 2325 4231 sua:
2375 4171 2703 4243 participem
2741 4166 2926 4222 ell‘ecit
2954 4208 2968 4230 ,
3007 4161 3286 4234 quomodo
3339 4174 3536 4213 rursus

1958 4276 2111 4346 juxta
2142 4269 2345 4325 Leonis
2371 4265 2671 4336 Epistolam
2702 4261 2855 4316 dices
2885 4277 2898 4312 :
2927 4258 3082 4312 Tenet
3120 4257 3258 4308 enim
3291 4253 3406 4306 sine
3447 4250 3536 4302 de-

1964 4342 2099 4438 lectu
2165 4363 2541 4435 praprietatem
2571 4373 2724 4411 suam
2771 4361 2998 4423 utraque
3046 4357 3241 4403 natura
3271 4346 3296 4399 l
3325 4342 3536 4412 Sarpius

1962 4461 2112 4516 enim
2136 4457 2358 4512 videtur
2384 4453 2624 4508 Verbum
2659 4464 2769 4502 non
2796 4443 3139 4500 concessisse
3169 4437 3320 4494 carni
3343 4451 3456 4491 sua:
3478 4443 3536 4486 ut

1967 4551 2146 4608 carnis
2174 4548 2390 4620 legibus
2419 4541 2722 4606 inserviat;
2749 4555 2875 4594 nam
2911 4551 3022 4606 quo
3052 4540 3214 4604 pacto
3250 4527 3534 4599 proprium

1964 4649 2111 4698 esset
2133 4639 2382 4709 corporis
2415 4651 2581 4705 super
2604 4646 2801 4702 aquam
2838 4627 3113 4690 incedere,
3147 4631 3243 4676 aut
3272 4619 3533 4688 exspirati

1963 4752 1995 4792 e
2027 4749 2259 4805 corpore
2308 4748 2406 4802 per
2461 4728 2702 4800 gladium
2767 4723 3088 4782 vulnerato,
3148 4711 3434 4784 sanguinis
3482 4720 3538 4764 et

1967 4843 2123 4898 aquae
2148 4827 2353 4882 fontem
2378 4820 2636 4877 manare?
2668 4841 2685 4870 ι

2043 5002 2185 5060 Proh
2214 4999 2464 5071 nequitia
2503 4991 2921 5054 calumniatoris
2946 4999 3003 5046 et
3039 4982 3412 5044 cavillatorisl
3445 4981 3541 5035 Pa-

1968 5108 2052 5163 pae
2084 5091 2284 5146 Leonis
2331 5089 2510 5145 Verba
2556 5087 2624 5142 ad
2673 5084 2968 5142 scribentis
3019 5088 3260 5134 mentem
3305 5073 3542 5143 etjuxla

1968 5184 2258 5240 veritatem
2290 5179 2649 5249 interpretari
2677 5176 2895 5247 nequit,
2915 5172 3099 5227 omnia
3121 5184 3256 5224 vero
3288 5165 3355 5221 ad
3389 5164 3546 5218 incu-

1972 5277 2204 5334 sandum
2237 5288 2365 5329 eum
2399 5271 2658 5342 intelligit
2686 5276 2742 5324 et
2771 5267 3032 5338 explicat.
3064 5263 3265 5317 Beatus
3303 5257 3546 5312 Athana-

1973 5367 2090 5421 sius
2119 5366 2175 5420 in
2203 5363 2436 5435 epistola
2465 5361 2534 5416 ad
2578 5359 2889 5430 Epictetum
2914 5356 3033 5409 haec
3065 5351 3233 5407 habet
3259 5367 3273 5402 :
3307 5368 3322 5398 ι
3359 5346 3548 5403 Potius

1981 5459 2222 5513 humano
2263 5453 2483 5525 corpori
2527 5453 2721 5522 ingens
2775 5447 3080 5503 auctorium
3119 5459 3187 5499 ex
3233 5438 3396 5497 Verbi
3423 5453 3546 5492 cum

1980 5548 2100 5618 ipso
2131 5545 2520 5601 communione
2551 5551 2607 5596 et
2635 5536 3036 5594 coaduuatione
3056 5532 3304 5588 accessit.
3341 5548 3359 5581 ι
3398 5527 3546 5584 Vana

1977 5649 2061 5696 est
2090 5639 2254 5709 igitur
2278 5633 2622 5692 insectatoris
2644 5629 2944 5700 increpatio
2969 5627 3037 5682 de
3066 5625 3370 5680 formarum
3396 5636 3545 5675 com-

1979 5731 2264 5785 munione.
2323 5729 2522 5782 Beatus
2552 5724 2788 5796 Cyrillus
2834 5721 2888 5775 in
2921 5718 3156 5789 cpistola
3199 5715 3265 5770 ad
3305 5713 3543 5769 Succen-

289 6002 296 6009 Ι
377 5915 450 5988 (6)
479 5917 605 5976 H330
646 5915 719 5973 ad
741 5917 970 5974 verbum
1003 5933 1067 5972 ex
1101 5914 1328 5986 cpistola
1353 5913 1525 5970 sancti
1571 5911 1768 5968 Leonis
1793 5911 1858 5966 ad
1898 5909 2218 5965 Flavianum
2251 5905 2632 5964 Ccsumuntur.
