4112 6554
570 438 671 501 9Ξ7
968 469 1006 498 ο

1808 440 2224 504 EUSTATHII
2268 440 2615 503 MONACHI

3748 440 3859 505 928

577 568 701 607 sum
730 550 806 621 (7)
838 548 1070 608 scribit:
1109 569 1126 602 ι
1162 548 1301 608 Cum
1340 558 1642 623 utrumque
1692 551 1748 607 in
1779 567 1878 606 sua
1901 551 2158 622 proprie-

2264 549 2459 615 νωνίας
2487 549 2595 605 τῶν
2618 547 2864 621 μορφῶν.
2902 548 2991 611 Ὠς
3013 546 3076 602 δὲ
3104 547 3135 602 ὁ
3173 547 3448 620 μακάριος
3491 547 3767 620 Κύριλλος
3796 553 3859 604 ἐν

581 650 693 698 tate
716 644 955 698 naturali
1003 651 1405 714 permaneatet
1435 644 1847 701 consideretur.
1885 664 1904 697 ι
1952 645 2162 702 Eodem

580 752 750 793 sensu
801 736 943 793 dixit
980 754 1120 810 papa
1189 738 1303 793 Leo
1337 757 1351 794 :
1389 759 1408 790 ι
1445 738 1622 795 Tenet
1668 739 1817 795 enim
1853 741 1973 797 sine
2006 740 2163 797 defe-

580 836 673 881 ctu
719 828 1113 898 proprietatem
1166 844 1323 884 suam
1385 839 1621 901 utraque
1687 839 1905 886 natura.
1954 851 1972 883 ι
2026 832 2163 887 Pro-

580 920 876 990 prietatem
920 922 1147 981 scilicet
1167 924 1689 995 corporis-humani,
1716 933 1778 980 ut
1812 925 1936 995 ipso
1956 925 2164 983 Severo

581 1011 883 1071 videturin
910 1015 1136 1086 scriptis
1153 1016 1222 1073 ad
1253 1016 1527 1089 Sergium,
1553 1035 1662 1089 qua
1689 1018 1892 1075 crassis
1911 1019 2165 1091 partibus

584 1112 905 1163 concretum
933 1117 1038 1172 est,
1084 1108 1270 1165 tactile
1296 1149 1311 1176 ,
1360 1109 1584 1167 visibile
1606 1150 1622 1176 ,
1656 1111 2161 1182 circumscriptum.

585 1193 704 1251 Hoc
728 1194 877 1251 enim
930 1212 1031 1267 per
1074 1204 1249 1257 totam»
1297 1199 1588 1270 epistolam
1626 1200 1942 1269 conﬁrmat,
1992 1202 2164 1276 Euty-

584 1285 731 1345 chen
776 1287 1138 1360 redarguens,
1170 1290 1581 1360 phantasmatis
1612 1291 1888 1349 fautorem
1912 1334 1929 1360 ,
1963 1303 2022 1350 et
2061 1295 2166 1351 hac

583 1376 654 1432 de
684 1370 851 1437 causa
878 1390 1172 1451 negantem
1202 1397 1396 1438 verum
1428 1398 1638 1454 corpus
1659 1401 1690 1440 a
1730 1386 1966 1442 Domino
1991 1387 2164 1444 fuisse

583 1481 954 1542 assumptum.
986 1473 1343 1545 Quapropter
1367 1476 1539 1533 etiam
1575 1479 1911 1535 vocabulum
1944 1497 2009 1535 ea:
2030 1481 2166 1537 dua-

584 1561 679 1617 bus
715 1565 925 1617 naturis
959 1565 1268 1634 rejiciebat,
1299 1576 1358 1623 et
1384 1583 1500 1625 non
1521 1570 1632 1626 nisi
1657 1571 1871 1629 invitus
1901 1573 2039 1630 illud
2067 1573 2167 1632 ad-

586 1651 759 1717 misit,
799 1662 862 1708 ut
889 1655 1090 1725 probat
1128 1658 1378 1728 synodus
1413 1659 1445 1714 ἐι
1467 1660 1733 1719 Flaviano
1765 1662 2164 1723 Constantino—

584 1743 694 1813 poli
720 1743 928 1803 habita.

653 1836 791 1892 Cum
840 1839 1008 1896 vellet
1037 1840 1219 1912 igitur.
1250 1859 1392 1916 papa
1446 1845 1559 1907 Leo
1605 1846 1998 1907 demonstrare
2046 1867 2160 1908 non

584 1929 831 1986 formam
851 1940 1075 1989 tantum
1094 1939 1368 2007 corporis,
1397 1941 1498 1996 sed
1531 1956 1727 1999 verum
1756 1959 1961 2016 corpus
1984 1960 2016 2003 a
2048 1948 2162 2004 Deo

583 2022 767 2079 Verbo
798 2023 1343 2100 fuisse'assumptum
1366 2044 1425 2088 et
1452 2033 1595 2090 adeo
1616 2051 1836 2103 verum,
1858 2046 1921 2093 ut
1943 2048 2002 2094 et
2028 2055 2162 2110 pro-

583 2114 878 2183 prietatem
905 2122 1215 2176 servaverit
1254 2138 1363 2192 qua
1390 2124 1503 2193 pati
1545 2134 1734 2195 posset
1767 2144 1781 2180 :
1811 2147 1831 2180 ι
1860 2128 1921 2183 lu
1949 2130 2162 2202 integra

524 2242 531 2249 ›
584 2207 756 2278 igitur
792 2210 907 2267 veri
934 2210 1180 2272 hominis
1203 2216 1562 2289 perfectaque
1590 2227 1824 2285 natura,
1857 2221 1961 2288 ait,
1996 2239 2163 2280 verus

583 2306 748 2355 natus
777 2309 866 2359 est
901 2302 1049 2360 Deus
1071 2344 1088 2371 ,
1125 2313 1276 2363 totus
1320 2309 1374 2364 in
1415 2310 1555 2377 suis,
1590 2320 1741 2369 totus
1774 2313 1831 2368 in
1862 2316 2094 2372 nostris.
2136 2336 2156 2370 ι

585 2388 801 2449 Deinde
818 2393 1000 2464 pergit
1034 2412 1049 2450 :
1085 2397 1300 2455 «Tenet
1322 2401 1473 2458 enim
1498 2404 1619 2461 sine
1648 2404 1871 2462 defectu
1910 2410 2165 2480 proprie-

588 2489 759 2543 tatem
775 2499 939 2542 suam
977 2494 1214 2561 utraque
1245 2502 1467 2550 natura.
1498 2516 1517 2548 ι
1562 2497 1637 2554 Ut
1666 2509 1852 2555 autem
1893 2500 2166 2574 intelliga-

587 2589 730 2638 mus.
761 2576 898 2646 quid
914 2578 1023 2639 sibi
1038 2582 1174 2641 velit
1194 2586 1529 2643 vocabulum
1549 2591 1664 2644 sine
1681 2591 1911 2663 defectu,
1933 2593 2160 2665 adjicit:

585 2666 741 2727 Sicut
770 2668 1004 2731 formam
1035 2676 1183 2735 servi
1216 2677 1399 2737 forma
1422 2681 1520 2737 Dei
1549 2683 1905 2753 non-adimit,
1934 2686 2013 2743 ita
2046 2687 2163 2743 foru-

586 2773 737 2819 mam,
755 2761 850 2817 Dei
882 2761 1056 2821 forma
1077 2769 1224 2825 servi
1244 2784 1375 2826 non
1395 2772 1600 2829 minuit
1624 2774 1724 2846 (8).
1763 2776 1925 2833 i-Per
1946 2777 2052 2836 ista
2087 2790 2166 2835 ιου-

586 2860 671 2908 tua
699 2854 755 2906 in
779 2858 1059 2914 ποικίλοι
1083 2861 1200 2917 sine
1225 2861 1451 2933 defectu,
1482 2865 1802 2925 excluditur
1833 2869 2014 2927 omnis
2055 2871 2162 2926 im-

585 2945 824 3002 minutio
854 2957 950 3003 aut
977 2950 1356 3022 imperfectio;
1392 2972 1505 3013 non
1530 2959 1682 3015 enim
1723 2961 2162 3019 substantiarum

584 3039 788 3105 solum,
818 3040 916 3109 ait,
943 3044 1030 3101 vel
1063 3055 1390 3105 naturarum
1418 3050 1564 3109 facta
1586 3061 1674 3110 est
1694 3052 1851 3119 unio,
1880 3071 2165 3115 remanse-

586 3140 871 3195 runtvero.
888 3135 1027 3193 citra
1050 3139 1219 3199 ullam
1231 3142 1616 3201 confusionem
1639 3147 2163 3206 etimminutionem

585 3223 733 3294 ipsa).
771 3242 966 3283 earum
1000 3233 1407 3302 proprietates;
1464 3237 1677 3295 retinet
1715 3240 1887 3311 igitur
1927 3250 2163 3313 utraque

584 3327 787 3377 natura
834 3322 957 3379 sine
1007 3324 1228 3382 defectu
1275 3330 1677 3399 proprietatem
1723 3349 1879 3390 suam
1921 3336 2013 3391 vel
2044 3346 2170 3407 post

588 3410 870 3467 unionem.
889 3413 1279 3474 Et'secundum
1306 3418 1931 3481 sanetumAmhr0sium
1963 3445 1976 3481 :
2012 3447 2033 3480 ι
2053 3428 2171 3485 Sic-

587 3503 829 3560 utnibil
857 3503 1034 3564 defuit
1064 3508 1201 3576 Deo,
1223 3510 1306 3566 sic
1332 3513 1473 3569 nihil
1503 3514 1679 3572 defuit
1699 3517 2027 3587 perfectiOni
2064 3521 2170 3577 hu-

587 3597 891 3665 manitatis.
918 3609 983 3656 ut
1002 3596 1827 3679 perfectusin‘utraqne‘natura
1846 3622 1995 3669 esset
2017 3614 2116 3687 (9).
2143 3635 2161 3668 ι

587 3688 931 3757 ρυωιουιοιιι
959 3704 1165 3751 natura
1194 3698 1380 3754 carnis
1417 3703 1806 3773 propriaxsunt
1846 3706 1960 3764 Deo
1984 3709 2169 3765 Verbo

586 3783 633 3838 si
668 3784 1014 3854 tribuuntur,
1049 3790 1103 3845 id
1133 3807 1248 3847 non
1271 3802 1471 3850 natura
1501 3796 1580 3863 ﬁt,
1606 3798 1705 3854 sed
1734 3800 2169 3861 dispensationis

590 3875 1039 3953 (incarnationis)
1064 3883 1302 3941 ratione.

658 4052 820 4121 Quod
877 4057 925 4113 si
984 4069 1169 4119 autem
1229 4076 1458 4139 propter
1513 4070 1962 4130 ambulationem
2000 4088 2168 4147 super

588 4162 773 4217 aquas;
804 4155 1115 4211 naturalem
1168 4162 1419 4231 corporis
1468 4165 1873 4235 proprietatem
1929 4168 2167 4227 deficere

588 4242 875 4298 contendit
907 4243 1169 4318 Severus,
1200 4251 1776 4315 iteruminstabimus.
1807 4260 1867 4316 in
1888 4259 2167 4318 deambu-

589 4332 792 4391 latione
824 4350 994 4408 super
1020 4349 1222 4399 terram
1266 4346 1528 4405 deﬂeitne
1550 4352 1825 4408 naturalis
1849 4355 2167 4425 proprietas

589 4427 688 4483 Dei
720 4428 933 4486 Verbi?
971 4433 1135 4492 Nulla
1193 4440 1355 4495 enim.
1385 4441 1601 4499 ratione
1647 4444 1762 4500 Deo
1791 4446 1945 4519 digni
1996 4448 2168 4520 pedes

592 4527 800 4577 terram
864 4524 1167 4583 calcantes.
1236 4529 1316 4585 lta
1371 4540 1428 4587 et
1482 4533 1709 4603 quando
1748 4536 1949 4591 esuriit
2009 4538 2166 4593 velut

590 4610 777 4678 homo,
836 4623 1128 4687 postquam
1173 4620 1499 4691 jejunasset,
1542 4639 1655 4677 non
1688 4624 2073 4680 transmutatis
2110 4626 2166 4681 in

589 4716 763 4769 Panes
793 4702 1109 4775 lapidibus;
1148 4709 1225 4765 ita
1263 4711 1485 4781 quando
1510 4714 1767 4785 fatigatus
1789 4723 1956 4770 εει-,ει
1975 4717 2168 4772 itinere

591 4792 771 4863 (Joan.
799 4811 875 4861 IV,
902 4798 980 4867 6),
1007 4801 1146 4856 toris
1171 4810 1228 4857 et
1256 4804 1447 4859 nervis
1494 4806 1762 4871 intentis;
1815 4807 1893 4863 ita
1943 4808 2166 4879 quando

590 4896 803 4943 intratus
857 4890 956 4959 fuit
1004 4890 1218 4957 (Manli.
1283 4911 1443 4961 xxvr,
1484 4897 1577 4966 27)
1615 4905 1665 4951 et
1710 4900 2058 4955 contristatur
2110 4907 2166 4955 et

583 4978 809 5045 anxius,
836 4981 985 5050 quod
1025 4982 1083 5037 in
1118 4983 1207 5039 his
1229 4985 1306 5039 nil
1336 4987 1735 5059 apparetquod
1767 5004 2029 5059 superam
2052 4990 2165 5045 vim

575 5073 947 5144 divinamque
998 5075 1237 5143 indicet;
1296 5079 1370 5133 ita
1402 5079 1569 5135 etiam
1613 5081 1839 5152 quando
1887 5083 2168 5141 a-Judaris

574 5177 676 5231 cap
695 5169 797 5216 tus-
816 5171 924 5228 est,
946 5164 1367 5222 uedumeorum
1398 5170 1683 5228 deamedio
1700 5172 2013 5231 [invisibilis
2040 5190 2170 5232 evo-

571 5256 703 5311 lare
735 5254 977 5311 voluerit
1001 5297 1014 5322 ,
1064 5274 1250 5316 nonne
1298 5262 1675 5321 sine-defectu
1725 5266 1927 5323 divina.
1961 5280 2164 5326 natura

573 5360 637 5412 pr
657 5345 986 5415 oprietatem
1016 5366 1177 5406 suam
1205 5354 1479 5411 retinuit?
1504 5357 1682 5413 Abeat
1701 5359 2166 5419 humanaISeveri

585 5436 902 5507 sapientiarl
928 5440 1341 5502 Saneearnem‘
1363 5464 1521 5505 suam
1549 5467 1949 5524 super'aquam
1980 5456 2166 5511 carnis

588 5526 804 5598 legibus
824 5529 1247 5593 incedere-non
1277 5540 1571 5610 prohibuit
1604 5543 2036 5612 Βουδῖνοι-δοίη,
2105 5556 2167 5602 ut

588 5620 787 5686 probat
806 5623 1013 5695 pedum
1034 5628 1366 5700 ambulatio;
1393 5642 1450 5689 at
1472 5649 1640 5707 super
1666 5652 1864 5708 aquam
1883 5638 2161 5705 incedere,

668 5756 737 5823 l7)
763 5758 1003 5829 Epistola
1035 5768 1275 5823 secunda
1318 5769 1385 5825 ad
1415 5771 1776 5827 Succensum.

768 5829 1146 5913 Qesumuntur
1164 5838 1279 5913 haec
1300 5842 1485 5913 omnia
1501 5858 1568 5897 ex
1587 5843 1687 5913 Ep.
1721 5844 1786 5897 ad
1819 5843 2163 5898 Flavianum.

766 5899 940 5973 Epist.
986 5922 1167 5977 xum,
1195 5910 1247 5979 5,
1289 5911 1356 5968 ad
1404 5899 1978 5985 Sabinumloquitur:
2004 5914 2172 5972 «ϐοη-

2265 646 2334 715 τῇ
2381 643 2520 715 πρὸς
2559 641 2861 697 Σούκενσον
2898 641 3136 712 γράφει·
3173 661 3191 693 ι
3231 642 3319 694 Ἐν
3346 641 3579 714 ίδιότητι
3611 644 3679 715 τῇ
3710 641 3860 698 κατὰ

2265 740 2429 808 φύσιν
2471 736 2736 808 ἐκατέρου
2787 735 3044 805 μένοντος
3105 733 3201 787 καὶ
3253 734 3575 805 νοουμένου.
3606 752 3629 787 ›
3665 735 3858 799 Οὕτως

2266 830 2363 884 καὶ
2393 831 2423 884 ό
2454 828 2647 893 πάπας
2687 828 2839 884 Λέων
2885 827 2990 897 ἔφη
3016 843 3030 857 ·
3087 845 3106 879 ι
3131 826 3397 883 Φυλάττει
3441 827 3556 901 γὰρ
3613 829 3856 901 ἑκατέρα

2267 920 2432 992 φύσις
2476 920 2782 986 ἀνελλιπῶς
2843 920 3182 991 τὴνιέαυτῆς
3234 919 3496 990 ἰδιότητα.
3527 938 3546 972 ι
3593 919 3857 994 Ἰδιότητα

2265 1013 2328 1068 δὲ
2365 1013 2621 1085 σώματος
2654 1011 3002 1085 ἀνθρωπίνου
3046 1008 3224 1076 εἶπεν,
3254 1011 3332 1076 ὡς
3361 1013 3458 1067 καὶ
3505 1013 3738 1085 aut”
3763 1014 3857 1069 δο-

2268 1109 2357 1162 κεῖ
2382 1109 2443 1163 ἐν
2483 1110 2596 1172 τοῖς
2626 1106 3043 1179 πρδςγΣέργιον,
3076 1106 3139 1159 τὸ
3178 1105 3523 1177 παχυμερὲς,
3561 1105 3851 1172 τοιάπτὸν,

2265 1200 2329 1254 τὸ
2352 1200 2568 1272 ὁρατὸν,
2615 1198 2676 1253 τὸ
2710 1197 3115 1269 περιγραπτόν.
3144 1196 3318 1251 Τοῦτο
3353 1197 3596 1269 γὰρκαὶ
3625 1197 3692 1253 δι’
3725 1198 3853 1253 ὅλου

2265 1290 2361 1348 τοῦ
2391 1293 2562 1364 τόμου
2601 1291 3063 1364 παρίστησιν,ιώς
3104 1289 3243 1362 πρὸς
3289 1288 3542 1360 Εὐτυχέα
3569 1290 3858 1344 ἀποτεινό-

2270 1400 2453 1454 μενος,
2486 1384 2750 1438 νοσοῦντα
2795 1382 2896 1454 τὴν
2949 1380 3283 1453 φαντασίαν,
3318 1381 3415 1436 καὶ
3442 1380 3530 1435 διὰ
3561 1378 3727 1436 τοῦτο»
3747 1381 3857 1453 ἀρ-

2265 1478 2552 1548 νούμενον,
2584 1476 2745 1549 σῶμα
2794 1475 3049 1546 ἀληθινὸν
3095 1473 3451 1545 ἀνειληφέναι
3482 1473 3578 1528 τὸν
3619 1474 3853 1544 Κύριον.

2266 1571 2359 1625 Διὸ
2392 1573 2486 1625 καὶ
2514 1570 2576 1625 τὸ
2603 1570 2673 1624 ἐκ
2701 1568 2814 1625 δύο
2849 1570 3095 1640 φύσεων
3120 1571 3445 1641 παρῃτεῖτο.
3476 1566 3859 1638 βεϐιασμένως

2265 1662 2323 1717 δέ
2352 1660 2575 1726 ἐδέξατο
2597 1660 2695 1733 τὴν
2730 1659 2936 1734 φωνὴν,
2968 1660 3048 1724 ὡς
3071 1659 3232 1733 ήέπὶ
3278 1658 3586 1717 Φλαδιανοῦ
3620 1659 3680 1715 ἐν
3702 1659 3861 1714 Κων-

2268 1754 2676 1808 σταντινοπόλει
2707 1752 2926 1817 σύνοδος
2942 1751 3120 1825 δηλοῖ.

2350 1847 2409 1903 '0
2440 1846 2535 1902 οῦν
2567 1846 2756 1911 πάπας
2788 1845 2944 1902 Λέων
2991 1844 3163 1901 θέλων
3206 1844 3377 1912 δεῖξαι
3410 1844 3494 1899 δτι
3535 1846 3603 1900 οὺ
3637 1844 3859 1916 μορφὴν

2197 1915 2238 1972 Β
2271 1940 2522 2012 σώματος
2553 1939 2736 2011 μόνον,
2766 1936 2907 1993 ἀλλά
2921 1937 3083 2009 σῶμα
3110 1935 3311 2008 ἀληθὲς
3341 1915 3647 2006 ἀνείληφεν
3666 1937 3697 1990 ό
3716 1915 3859 2000 Θεὸς

2264 2036 2457 2106 Λόγος,
2475 2034 2573 2089 καὶ
2592 2031 2766 2097 οὕτως
2792 2031 3015 2103 ἀληθὲς,
3035 2029 3112 2094 ὡς
3137 2029 3233 2084 καὶ
3259 2027 3454 2094 σώζειν
3480 2028 3580 2100 τὴν
3610 2028 3859 2100 ἰδιότητα

2266 2128 2354 2183 ἵνα
2390 2126 2489 2182 καὶ
2535 2125 2770 2197 πάσχειν
2832 2122 3079 2195 δύνηται,
3144 2115 3338 2175 εἶπενο
3408 2140 3427 2171 ι
3467 2120 3556 2174 Ἐν
3612 2121 3858 2193 ἀκεραίᾳ

2263 2224 2330 2293 τῇ
2399 2217 2690 2290 τοιγαροῦν
2744 2215 2840 2272 καὶ
2899 2214 3117 2287 ἀληθῶς
3175 2210 3487 2285 ἀνθρώπου.
3519 2214 3614 2266 καὶ
3668 2212 3858 2285 τελείᾳ⁵

2265 2311 2455 2382 φύσει,
2485 2310 2620 2373 Θεὸς
2648 2307 2856 2380 ἀληθὴς
2885 2305 3109 2379 ἐτέχθη,
3146 2305 3512 2368 ὅλοςέντοῖς
3537 2303 3727 2370 αὑτοῦ,
3761 2306 3860 2359 καὶ

2263 2402 2387 2467 ὅλος
2430 2403 2490 2456 ἐν
2523 2402 2640 2464 τοῖς
2677 2396 2858 2470 ἡμῶν.
2881 2417 2901 2450 ι
2948 2393 3084 2451 Εἶτα
3121 2394 3322 2466 ἐπάγει
3344 2412 3359 2427 ο
3396 2414 3415 2448 ι
3438 2393 3707 2451 Φυλάττει
3745 2395 3860 2467 γὰρ

2265 2496 2511 2566 ἑκατέρα
2550 2492 2713 2563 φύσις
2755 2489 3064 2555 ἀνελλιπῶς
3104 2489 3207 2561 τὴν
3257 2490 3461 2558 ἑαυτῆς
3529 2488 3800 2561 ίδιότητα.
3831 2508 3853 2540 ι

2264 2587 2381 2642 Καὶ
2409 2586 2503 2642 ἵνα,
2539 2585 2828 2657 νοήσωμεν
2857 2582 2911 2637 τί
2939 2582 3057 2637 ἐστι
3088 2580 3153 2636 τὸ
3176 2620 3192 2646 ,
3222 2579 3569 2647 ἀνελλιπῶς
3589 2620 3604 2644 ,
3630 2581 3861 2634 ἐπισυνο

2265 2677 2431 2733 ἀπτει
2453 2694 2496 2728 ἰ
2525 2676 2638 2730 Καὶ
2686 2674 2881 2744 ὥσπερ
2898 2673 2999 2728 οὐκ
3014 2673 3233 2744 ἀναιρεῖ
3256 2671 3358 2742 τὴν
3373 2670 3472 2725 τοῦ
3499 2669 3691 2725 δούλου
3720 2688 3862 2743 μορ-

2266 2771 2373 2843 φὴν
2396 2771 2431 2841 ἡ
2472 2766 2657 2841 μορφὴ
2685 2766 2780 2822 τοῦ
2815 2765 2978 2834 Θεοῦ,
3004 2764 3183 2830 οὕτως
3206 2764 3306 2836 τὴν
3324 2765 3427 2821 τοῦ
3468 2762 3608 2818 Θεοῦ
3637 2762 3859 2834 μορφὴν

2264 2865 2301 2935 ἠ
2326 2860 2425 2916 τοῦ
2457 2860 2646 2916 δούλου
2677 2858 2864 2933 μορφὴ
2909 2858 3013 2915 οὐκ
3064 2857 3355 2929 ἐμείωσεν.
3385 2874 3406 2909 a
3443 2856 3517 2913 'l‘b
3540 2854 3658 2920 οὖν,
3694 2855 3861 2921 ὅλος

2264 2958 2336 3013 ἐν
2362 2956 2490 3024 τοῖς
2515 2953 2710 3026 ἡμῶν,
2732 2955 2829 3011 καὶ
2865 2952 2946 3017 τὸ,
2972 2951 3339 3018 (inuidiae,
3377 2950 3518 3022 μετά
3548 2951 3655 3020 τῆς
3686 2948 3863 3020 pudi-

2266 3067 2406 3115 σεως
2429 3052 2612 3105 κεῖται
2643 3047 2743 3102 καὶ
2771 3045 2867 3101 τοῦ
2896 3045 3147 3110 ἀτελοῦς.
3194 3044 3270 3098 Οὐ
3302 3043 3464 3114 μόνον
3500 3042 3634 3113 γὰρ,
3665 3042 3859 3113 φησὶν,

2264 3142 2467 3198 ούσιῶν
2489 3143 2612 3214 ἦτοι
2640 3139 2860 3212 φύσεων
2885 3138 3117 3211 γέγονεν
3147 3137 3365 3202 ἐνωσις,
3396 3136 3536 3192 ἀλλά
3563 3135 3661 3190 καὶ
3683 3134 3860 3204 ἀσύγι

2190 3255 2235 3316 c
2265 3252 2421 3308 χυτοι
2447 3234 2677 3306 ἔμειναν
2704 3234 2802 3289 καὶ
2834 3232 3126 3305 ἀμείωτοι,
3152 3224 3317 3286 αὗταί
3346 3228 3537 3284 τεκαὶ
3558 3229 3617 3281 αἱ
3635 3226 3862 3316 Αίδιότη-

2270 3345 2363 3392 τες
2391 3327 2570 3382 αὐτῶν
2598 3322 2654 3381 αί
2684 3323 3167 3397 ἐπιθεωρούμεναι
3188 3322 3383 3386 αὐταῖς
3409 3317 3577 3393 Εἶχον
3598 3314 3695 3375 οὖν
3726 3318 3850 3373 ἐκά-

2274 3435 2373 3491 στη
2404 3417 2567 3489 φύσις
2601 3416 2910 3481 ἀνελλιπῶς
2961 3415 3060 3488 τὴν
3089 3414 3290 3484 ἑαυτῆς
3319 3413 3563 3485 ἰδιότητα
3593 3411 3687 3465 καὶ
3717 3410 3865 3481 μετά

2270 3512 2370 3583 τὴν
2408 3512 2625 3567 ἕνωσιν.
2679 3510 2793 3567 Καὶ
2841 3508 2986 3564 κατά
3034 3510 3128 3563 τὸν
3166 3506 3458 3579 «μακάριον
3506 3503 3860 3577 ’Δμδρόσιονν

2276 3621 2296 3655 ι
2331 3603 2423 3668 Ὣς
2465 3602 2621 3657 οὐδὲν
2663 3600 2855 3655 ἔλιπεν
2880 3599 2962 3671 τῷ
3000 3597 3142 3670 Θεῷ,
3174 3596 3352 3662 οὕτως
3388 3596 3512 3651 ούδέ
3538 3595 3621 3667 τῷ
3645 3611 3859 3666 καταρι-

2269 3695 2450 3767 τισμῷ
2478 3693 2556 3766 τῷ
2587 3694 2735 3748 κατά
2763 3690 3202 3764 τὸνιᾰνθρωπον,
3247 3689 3335 3744 ἵνα
3381 3688 3589 3752 τέλειος
3632 3688 3693 3742 ἐν
3725 3687 3860 3741 ἐκα-

2269 3786 2408 3857 τέρᾳ
2433 3785 2599 3856 φύσει
2628 3784 2892 3859 τυγχάνῃ.
2914 3802 2933 3837 ι
2964 3784 3029 3837 Et
3057 3782 3117 3837 δέ
3156 3781 3356 3837 καὶ.τά
3374 3782 3480 3853 τῆς
3513 3778 3724 3852 σαρκὸς
3747 3778 3859 3833 ῐδια

2270 3879 2417 3933 κατά
2444 3877 2631 3948 φύσιν,
2670 3876 2770 3932 τοῦ
2809 3874 2946 3931 Θεοῦ
2984 3875 3163 3945 Λόγου
3198 3873 3425 3945 γέγονεν
3469 3873 3603 3937 ῐδια,
3634 3870 3757 3926 ἀλλ’
3794 3870 3859 3926 οὐ

2271 3972 2413 4028 κατά
2440 3971 2625 4044 φύσιν,
2655 3971 2799 4026 κατά
2835 3970 2895 4024 δὲ
2917 3969 3010 4025 τὸν
3024 3970 3125 4041 τῆς
3153 3966 3471 4039 οἰκονομίας
3490 3966 3677 4035 λόγον.

2341 4066 2407 4120 El
2446 4065 2505 4120 δέ
2556 4063 2649 4120 διὰ
2705 4064 2770 4118 τὸ
2826 4064 3155 4136 περιπατεῖν
3193 4060 3384 4117 ἐπάνω
3409 4058 3505 4114 τοῦ
3533 4058 3733 4120 ὕδατος
3764 4055 3861 4110 τὸν

2271 4148 2500 4230 Κύριον,
2545 4156 2782 4229 ἔλλειψιν
2825 4155 2975 4225 λέγει
3016 4155 3259 4227 Σευῆρος
3305 4151 3545 4223 φυσικῆς
3591 4150 3862 4218 ἰδιότητος

2270 4250 2365 4306 τοῦ
2414 4249 2693 4323 σώματος,
2757 4246 3220 4318 παλιλλογῶντες
3270 4243 3546 4319 ἐροῦμενο
3582 4244 3716 4298 Ὅτε
3766 4241 3861 4301 ἐπὶ

2269 4343 2372 4415 τῆς
2411 4340 2583 4416 ξηρᾶς
2600 4341 2954 4415 περιεπάτει,
2990 4338 3101 4413 ἄρα
3124 4339 3366 4409 ἔλλειψις
3391 4334 3463 4410 ἦν
3490 4336 3594 4408 τῆς
3619 4333 3862 4406 φυσικῆς

2272 4435 2539 4506 ιδιότητος
2588 4434 2689 4489 τοῦ
2731 4432 2870 4488 Θεοῦ
2908 4433 3119 4501 Λόγους
3167 4430 3337 4485 Οὺδέν
3374 4430 3482 4502 γὰρ
3527 4426 3859 4499 θεοπρεπὲς,

2270 4529 2440 4595 πόδας
2468 4529 2705 4603 βαδίζειν
2746 4530 2841 4586 ἐπὶ
2869 4530 3006 4601 γῆς·
3031 4528 3237 4601 ὁμοίως
3275 4526 3373 4582 καὶ
3419 4526 3512 4579 ὅτε
3566 4522 3865 4578 ἐπείνασεν

2204 4600 2246 4656 D
2276 4625 2416 4697 μετά
2444 4600 2507 4680 τὸ
2530 4626 2848 4698 νηστεῦσαι,
2887 4625 3287 4698 νόμῳιφύσεως
3312 4623 3588 4694 σώματος,
3618 4620 3744 4676 ἐπεὶ
3783 4618 3860 4691 μὴ

2273 4719 2533 4790 ἐποίησεν
2559 4721 2689 4783 τοὺς
2733 4719 2918 4784 λίθους
2963 4720 3204 4791 ἀρτουςυ
3234 4719 3328 4772 καὶ
3380 4717 3744 4771 “malum
3801 4713 3863 4768 δὲ

2272 4812 2344 4867 ἐκ
2398 4811 2512 4882 τῆς
2560 4811 2909 4882 ὁδοιπορίας
2964 4810 3074 4865 τῶν
3129 4810 3281 4882 μυῶν
3339 4811 3436 4865 καὶ
3491 4809 3607 4863 τῶν
3649 4806 3859 4879 νεύρων

2274 4905 2724 4975 ὕπερταθέντωνο
2773 4903 3092 4975 ἀδημονῶν
3112 4903 3308 4971 δέ,καὶ
3356 4902 3859 4972 ἐκθαμϐούιενος,

2276 4999 2373 5054 καὶ
2398 4997 2669 5068 ἀγωνιῶν,
2706 5000 2831 5054 ἐπεὶ
2883 4998 2961 5070 μὴ
3009 4998 3152 5053 κατὰ
3198 4996 3399 5051 ταυτὸν
3427 4994 3498 5048 τὰ
3523 4994 3668 5067 ὑπὲρ
3693 4994 3860 5065 φύσιν

2273 5088 2376 5160 τῆς
2410 5089 2667 5161 θεότητος
2707 5090 3093 5145 ἐπεδείκνυτο·
3126 5090 3220 5143 καὶ
3233 5086 3631 5162 κρατούμενος
3665 5085 3725 5140 δέ
3754 5085 3865 5138 ὑπὸ

2271 5182 2384 5236 τῶν
2426 5180 2719 5246 Ἰουδαίων,
2758 5183 2883 5236 ἐπεὶ
2938 5184 3013 5256 μὴ
3060 5183 3302 5253 ἄφαντος
3343 5182 3411 5235 ἐκ
3453 5179 3621 5252 μέσου
3679 5178 3865 5233 αὑτῶν

2274 5272 2515 5343 ἐγένετο.
2578 5269 2688 5346 ἆρα
2739 5275 2845 5328 οὐκ
2900 5273 3200 5343 ἐφύλαττεν
3241 5272 3543 5336 ἀνελλιπῶς
3595 5271 3629 5342 ἠ
3692 5269 3855 5339 θεῖκὴ

2274 5365 2439 5436 φύσις
2488 5364 2588 5438 τὴν
2637 5368 2842 5439 ἑαυτῆς
2901 5368 3187 5437 ἰδιότητας
3237 5369 3481 5442 Ἐῤῥέτω
3513 5369 3548 5440 ἡ
3596 5365 3861 5437 ἀνθρωπ-

2272 5460 2511 5531 ἀρεσκος
2541 5460 2703 5530 σοφία
2728 5461 2992 5533 Σευῆρον.
3025 5462 3172 5534 Πλὴν
3215 5462 3339 5517 οὐδὲ
3395 5460 3625 5517 ἐπὶτῶν
3652 5458 3865 5514 ύδάτων

2273 5548 2547 5603 ἐκώλυσεν
2575 5549 2677 5620 τὴν
2715 5550 2854 5604 ἰδίαν
2884 5551 3064 5621 σάρκα
3089 5552 3118 5605 ό
3138 5552 3273 5615 Θεὸς
3297 5553 3467 5620 Λόγος
3496 5551 3586 5605 διὰ
3617 5548 3729 5606 τῶν
3760 5547 3865 5617 τῆς

2275 5640 2476 5712 σαρκὸς
2518 5641 2658 5694 ίέναι
2710 5640 2912 5710 νόμων,
2965 5643 3042 5708 ὼς
3089 5644 3119 5695 ὁ
3180 5643 3485 5714 περίπατος
3535 5641 3645 5696 τῶν
3681 5637 3863 5694 ποδῶν

2279 5777 2556 5841 fiteamur,
2584 5776 2730 5832 sicut
2755 5776 2808 5831 in
2864 5779 2961 5833 Dei
2987 5778 3158 5835 forma
3194 5777 3333 5835 nihil
3372 5779 3422 5835 ci
3454 5776 3630 5834 defuit
3658 5775 3863 5831 divina:

2278 5853 2508 5910 naturae,
2539 5847 2620 5903 sic
2654 5848 2710 5902 in
2744 5849 2832 5903 illa
2865 5848 3039 5905 forma
3064 5849 3327 5909 hominis.
3354 5849 3491 5906 nihil
3519 5848 3571 5904 ei
3594 5846 3860 5914 defuisse,

2280 5932 2389 5986 quo
2428 5916 2784 5989 imperfectus
2810 5920 2975 5977 homo
2998 5920 3357 5990 iudicaretur.
3384 5939 3405 5973 ι
