4112 6530
274 473 379 535 929
1302 477 1662 535 EPIS’I‘OI.A
1705 479 1799 537 DE
1838 481 2136 544 DUABUS
2174 482 2533 544 NATURIS.
3431 494 3535 555 9.30

270 588 450 659 δηλοῖ·
493 586 553 638 τὸ
585 586 640 638 δὲ
680 590 768 637 ἐπὶ
796 586 905 638 τῶν
940 585 1147 639 ὑδάτων
1183 590 1527 656 περιπατεῖν,
1561 588 1661 639 οὐκ
1688 589 1846 656 ἀφαί-

1949 609 2061 648 non
2120 593 2265 647 tollit
2322 592 2573 662 corporis
2602 594 3019 663 proprietatem,
3073 596 3168 651 sed
3221 614 3287 652 ex
3346 601 3534 656 divina

260 694 423 752 ,ρεσις
465 676 728 747 ἰδιότητος
769 676 866 729 τοῦ
923 674 1181 746 σώματος
1233 671 1320 746 ἦν,
1369 677 1507 729 ἀλλά
1562 678 1846 750 προσθήκη

1949 688 2277 756 operatione
2313 686 2569 740 humana:
2612 686 2802 741 addita
2845 687 3154 757 perﬁcitur.
3187 691 3404 760 Corpus
3440 695 3509 763 igi

267 769 555 837 δυνάμεως
584 766 643 830 ἐξ
674 765 954 835 ἐνεργείας
980 765 1190 835 θεῖκῆς.
1214 766 1285 818 Τὸ
1311 766 1404 820 οῦν
1431 768 1589 838 σῶμα
1619 768 1846 834 ἐξετέλεε

1950 788 2042 833 tur
2064 779 2413 849 perlleiebat,
2443 794 2565 848 qua:
2592 779 2845 847 corporis
2872 789 3054 845 erant,
3079 792 3134 835 et
3153 782 3393 837 Verbum
3418 800 3539 854 qum

266 860 335 913 τὰ
366 858 459 911 τοῦ
504 858 778 926 σώματος,
819 858 847 909 ὁ
881 856 936 909 δὲ
987 856 1160 924 Λόγος
1212 860 1607 928 κατειργάςετο
1640 860 1707 914 τὰ
1759 859 1852 914 τοῦ

266 951 465 1017 Λόγου,
501 950 578 1014 ὡς
603 949 664 1002 τὸ
703 947 885 1019 θαῦμα

343 1043 411 1095 Ἢ
443 1042 564 1111 οὐχὶ
589 1042 684 1094 καὶ
714 1041 875 1103 αὐτὸς
901 1043 967 1093 τὰ
990 1039 1130 1093 αὐτά
1156 1040 1304 1109 λέγει
1326 1042 1381 1094 ὲν
1406 1043 1485 1113 τῷ
1514 1044 1657 1116 λόγῳ
1686 1045 1851 1099 αὐτοῦ

264 1135 341 1205 τῷ
375 1136 454 1197 είς
475 1134 545 1186 τὰ
572 1132 826 1186 Γενέθλια
848 1132 877 1185 ό
912 1132 1297 1203 μυριόμορφος
1327 1150 1340 1163 ⁶
1374 1137 1711 1205 ιΘαρσεῖτε,
1743 1137 1855 1206 ἐγώ

263 1228 403 1293 εἰμι,
450 1224 537 1294 μὴ
598 1223 880 1293 φοϐεῖσθε
908 1241 927 1287 ;
967 1225 1027 1278 τὸ
1055 1225 1132 1291 δὲ,
1162 1225 1274 1295 ἐγώ
1301 1229 1437 1295 ειμι,
1471 1229 1568 1299 τῆς
1600 1229 1855 1299 ἀληθείας

265 1319 383 1371 ἐστὶ
422 1318 852 1389 παραστατικὸν,
876 1318 980 1371 καὶ
1008 1320 1190 1371 πᾶσαν
1208 1320 1518 1387 φαντασίαν
1544 1321 1854 1376 ἀποσκευά-

268 1410 442 1475 ζεται.
528 1408 669 1478 Ἐγὼ
718 1410 825 1480 γάρ
878 1412 997 1480 εἰμι
1042 1412 1071 1463 ὁ
1144 1410 1219 1482 μὴ
1255 1410 1460 1480 τρέψας
1492 1411 1524 1482 ἢ
1557 1412 1852 1477 ἀλλοιώσας

267 1504 480 1569 ἑαυτὸν,
527 1502 662 1557 ἀλλά
700 1502 892 1573 μείνας
933 1502 1089 1565 Θεὸς,
1119 1500 1193 1565 ὡς
1228 1502 1289 1554 τὸ
1319 1502 1506 1573 θαῦμα
1530 1502 1625 1574 βοᾷ
1655 1521 1670 1536 ·
1702 1505 1796 1558 καὶ
1826 1507 1854 1557 ὁ

268 1599 429 1661 αὐτὸς
456 1596 599 1652 κατὰ
646 1596 907 1667 ἀλήθειαν
945 1597 1042 1649 καὶ
1074 1596 1368 1667 γενόμενος
1398 1598 1493 1650 καὶ
1532 1597 1854 1668 φαινόμενος

267 1692 572 1762 ἄνθρωπος,
601 1689 675 1752 ὡς
708 1690 737 1742 ὁ
783 1689 1086 1759 περίπατος
1116 1688 1226 1741 τῶν
1264 1689 1440 1741 ποδῶν
1477 1690 1646 1758 δηλοῖ.
1682 1709 1700 1741 ι
1750 1692 1855 1743 Καὶ

266 1785 324 1834 ἐν
352 1786 417 1854 τῇ
450 1782 587 1852 πρὸς
618 1780 902 1835 Ἰουλιανὸν
937 1779 993 1833 δὲ
1026 1779 1305 1850 ἐπιστολῇ,
1331 1774 1453 1852 ἦςή
1484 1781 1652 1851 ἀρχὴ,
1694 1781 1854 1836 Ἐδε-

267 1874 467 1943 ξάμην
497 1873 612 1942 τὴν
648 1873 729 1938 ὡς
784 1871 944 1939 παρὰ
975 1871 1102 1936 ,σοῦ
1120 1888 1223 1941 μοι
1273 1872 1685 1942 γεγραμμένην
1731 1874 1856 1927 ἐπι-

265 1967 519 2034 στολὴν,
545 1967 691 2035 λέγει
719 1981 734 1994 '
778 1984 796 2018 ι
830 1965 1041 2034 Ὠσπερ
1069 1964 1097 2017 ὁ
1130 1964 1361 2028 Θάνατος
1400 1964 1561 2017 αὐτοῦ
1594 1966 1853 2035 βουλομέ-

266 2078 358 2114 νου
394 2057 673 2112 συνέϐαινε
703 2054 974 2127 φυσικῶς,
1010 2054 1366 2123 ἐπηκολούθει
1409 2055 1464 2107 δὲ
1507 2056 1644 2126 ὑπὲρ
1692 2056 1853 2125 φύσιν

264 2153 325 2205 τὸ
363 2149 664 2221 θεοπρεπὲς
692 2146 878 2218 θαῦμα
912 2148 1008 2216 τῆς
1034 2146 1402 2209 ἀναστάσεως,
1427 2143 1570 2197 οὕτω
1593 2145 1688 2198 καὶ
1715 2146 1851 2216 μετά

264 2244 363 2313 τὴν
388 2242 700 2307 ἔκπνευσιν,
748 2239 824 2302 ὡς
854 2239 894 2291 -ὁ
950 2238 1345 2308 εύαγγελιστὴς
1395 2237 1648 2307 Ἰωάννης
1690 2240 1848 2310 φησὶ,

266 2333 513 2403 φυσικῶς
570 2330 871 2403 τρωθείσης
922 2332 988 2400 τῇ
1048 2329 1218 2402 λόγχῃ
1248 2328 1346 2398 τῆς
1390 2326 1632 2399 πλευρᾶς
1660 2345 1673 2359 ·
1716 2329 1847 2382 ἴδιον

264 2427 373 2499 γὰρ
429 2423 705 2494 σώματος,
737 2424 787 2474 εί
822 2422 916 2475 καὶ
944 2419 1177 2491 ἀψύχου,
1225 2419 1546 2491 τέμνεσθαι,
1571 2419 1748 2472 θεῖκὺν
1792 2420 1848 2473 δὲ

266 2518 546 2589 ἐνέργημα
570 2515 665 2568 καλ⁵
688 2512 796 2567 τῶν
824 2512 1159 2582 θεοσημείων
1188 2510 1248 2565 τὸ
1273 2513 1526 2581 μέγιστον
1551 2512 1849 2582 συνήπτετο

268 2609 423 2682 ῥύσις
458 2606 757 2679 παράδοξος
798 2606 892 2660 τοῦ
938 2605 1083 2659 θείου
1123 2604 1374 2673 αἵματος,
1418 2601 1570 2656 ὕδατι
1600 2602 1849 2673 ζωοποιῷ

267 2702 568 2775 συμμιγής.
605 2719 624 2752 ι
654 2700 766 2754 Καὶ
800 2698 964 2753 πάλιν
994 2713 1009 2729 ’
1059 2716 1078 2748 ‹
1127 2696 1256 2749 Ἰδοὺ
1280 2694 1556 2766 πανταχοῦ
1583 2696 1710 2765 περὶ
1746 2695 1846 2765 τὴν

266 2794 449 2864 σάρκα
472 2793 569 2864 τὴν
600 2792 996 2863 αἰσθανομένην
1035 2792 1129 2844 καὶ
1156 2789 1450 2858 ἀλγοῦσαν,
1494 2789 1568 2852 ὡς
1599 2789 1845 2857 πέφυκεν

268 2886 428 2957 σῶμα
457 2885 699 2957 ἔμψυχον
730 2884 1106 2948 αἰσθάνεσθαι,
1144 2883 1238 2936 καὶ
1272 2881 1456 2951 ἀλγεῖν
1484 2881 1593 2935 τῶν
1626 2879 1839 2946 παθῶν,

265 2982 298 3050 ἠ
338 2980 589 3051 ἐνέργεια
617 2978 760 3033 κα.τά
784 2977 1059 3049 ἀλήθειαν.
1100 2995 1119 3028 ι
1144 2976 1261 3030 Καὶ
1285 2978 1403 3046 μετ’
1427 2974 1582 3043 ὀλίγα
1609 2990 1622 3003 ’
1655 2990 1672 3023 ι
1705 2970 1825 3026 Καθ

265 3072 295 3126 ὃ
327 3071 460 3135 Θεὸς
492 3066 561 3142 ἦν
586 3069 829 3141 ἀπαθὴς,
860 3068 1089 3139 μηδενὸς
1117 3068 1178 3120 τὸ
1208 3068 1470 3138 παράπαν
1493 3063 1844 3118 συναισθανό-

268 3180 430 3234 μενος
447 3166 515 3234 τῇ
543 3162 731 3233 σαρκὶ,
756 3162 896 3215 ὥστε
919 3162 968 3215 εἰ
998 3160 1094 3213 καὶ
1120 3161 1219 3231 τῆς
1248 3159 1446 3230 σαρκὸς
1474 3154 1541 3228 ἦν
1574 3158 1644 3210 τὰ
1674 3156 1844 3225 πάθη,

1950 872 2141 938 Verbi,
2180 872 2260 927 uti
2285 872 2614 927 miraculum
2635 872 2985 929 manifestius
3011 873 3274 929 declarat.

2024 1061 2229 1115 Eadem
2274 1064 2572 1119 conﬁtetur
2598 1067 2955 1122 multiformis
3003 1068 3095 1123 hic
3148 1071 3426 1140 sophistes
3477 1075 3530 1128 in

1953 1166 2205 1205 sermone
2261 1168 2364 1207 suo
2415 1153 2471 1207 in
2516 1154 2870 1211 Nativitatem
2914 1176 2927 1210 :
2982 1159 3182 1214 Habete
3242 1162 3528 1230 ﬁduciam,

1954 1258 2046 1311 ego
2073 1259 2209 1308 sum,
2235 1243 2397 1297 nolite
2430 1246 2616 1299 timere
2652 1248 2863 1317 (Matth.
2898 1266 3004 1314 xlv,
3038 1250 3281 1317 27).“00
3300 1272 3392 1326 ego
3414 1273 3528 1309 sum

1954 1333 2243 1387 veritatem
2266 1335 2633 1400 demonstrat,
2652 1348 2707 1393 et
2732 1355 2895 1395 omne
2916 1342 3236 1410 phantasma
3263 1348 3526 1402 excludit.

1953 1423 2067 1493 Ego
2097 1425 2242 1478 enim
2281 1441 2422 1491 sum,
2457 1430 2551 1497 qui
2586 1445 2765 1499 neque
2795 1442 2978 1486 mutor
3000 1450 3180 1504 neque
3209 1450 3526 1503 convertor,

1956 1514 2050 1568 sed
2088 1531 2261 1585 usque
2312 1518 2455 1572 Deus
2485 1536 2680 1576 maneo
2708 1563 2721 1586 ,
2774 1524 2850 1576 uti
2884 1525 3207 1581 miraculum
3254 1529 3527 1597 declarat;

1956 1602 2073 1673 ipse
2102 1620 2228 1659 vere
2260 1607 2426 1661 homo
2455 1609 2635 1665 lactus
2663 1624 2719 1666 et
2742 1614 2916 1674 visus.
2936 1616 3013 1669 uti
3057 1618 3256 1686 pedum
3284 1622 3531 1676 ambula-

1956 1694 2270 1765 tiuprohat.
2302 1718 2318 1749 ι
2360 1699 2500 1754 Dicit
2532 1701 2696 1755 etiam
2744 1703 2801 1756 in
2848 1706 3079 1774 epistola
3130 1708 3195 1761 ad
3250 1710 3527 1765 Julianum

1956 1787 2113 1856 cujus
2161 1789 2445 1844 exordium
2500 1791 2798 1862 Epistula»:
2841 1798 2969 1852 mihi
3015 1817 3046 1852 a
3100 1809 3147 1852 te
3176 1804 3526 1874 conscriptam

1959 1878 2132 1945 accepi
2168 1895 2184 1931 :
2224 1898 2240 1929 ι
2281 1877 2456 1935 Sicuti
2505 1892 2738 1938 mortem
2782 1885 2960 1940 libens
3010 1892 3337 1947 naturaliter
3368 1893 3526 1957 adiit,

1896 1956 1936 2010 Β
1962 1966 2209 2021 divinum
2241 1985 2372 2023 vero
2400 1974 2824 2028 resurrectionis
2859 1976 3184 2033 miraculum
3207 1992 3417 2037 natura:
3447 1985 3527 2037 vi~

1958 2071 2045 2111 res
2089 2059 2493 2128 exsuperabat,
2547 2062 2622 2117 ita
2656 2080 2714 2118 se
2754 2065 2948 2119 habuit
2999 2084 3087 2121 res
3119 2088 3131 2122 :
3167 2072 3391 2140 quando
3430 2074 3526 2127 de-

1952 2147 2125 2203 functi
2149 2152 2399 2220 corporis
2421 2153 2589 2218 latus,
2647 2165 2706 2209 ut
2765 2167 2958 2211 narrat
2990 2159 3337 2232 Evangelista
3367 2165 3529 2220 Joan-

1952 2255 2052 2294 nes
2078 2240 2209 2313 (xtx,
2250 2242 2366 2313 55),
2404 2245 2733 2300 naturaliter
2788 2238 2979 2303 lancea
3023 2252 3370 2308 vulneratum
3399 2266 3524 2310 est:

1950 2331 2195 2400 transﬁgi
2236 2333 2382 2387 enim
2429 2334 2638 2401 lancea,
2666 2337 2914 2405 corporis
2945 2340 3189 2403 erat,vel
3216 2343 3521 2407 inanimali,

1956 2421 2054 2475 sed
2095 2422 2340 2478 divinum
2369 2440 2510 2495 Opus
2540 2435 2681 2492 erat,
2713 2436 2768 2482 et
2794 2428 3173 2500 prodigiorum
3204 2435 3526 2500 maximum,

1956 2512 2235 2569 mirabilis
2271 2515 2445 2569 divini
2473 2519 2757 2587 sanguinis
2779 2522 3043 2588 manatio,
3065 2539 3189 2578 cum
3230 2528 3527 2584 viviﬁcanti

1953 2619 2093 2673 aqua
2122 2606 2396 2675 permisti.
2441 2628 2458 2659 ι
2518 2608 2583 2662 Et
2608 2625 2803 2665 rursus
2835 2630 2849 2666 :
2888 2632 2905 2664 ι
2936 2613 3076 2670 Vera
3100 2617 3305 2687 ubique
3332 2637 3528 2690 opera-

1955 2699 2032 2751 tio
2064 2698 2121 2752 in
2160 2715 2327 2755 carne
2381 2717 2579 2757 sensus
2613 2713 2668 2759 et
2711 2706 2922 2762 doloris
2965 2712 3149 2779 capaci
3201 2714 3278 2767 uti
3328 2731 3528 2787 corpus

1951 2790 2255 2845 animatum
2297 2792 2461 2847 decet
2491 2802 2547 2847 et
2608 2798 2816 2852 sentire
2863 2807 2919 2853 et
2954 2800 3162 2856 dolere.
3212 2823 3229 2854 ι
3274 2802 3337 2859 Et
3366 2811 3530 2876 paulo

1949 2890 2071 2951 post
2105 2899 2117 2935 :
2152 2902 2169 2933 ι
2199 2882 2257 2936 In
2288 2891 2555 2952 quantum
2586 2885 2749 2951 Deus,
2801 2898 2917 2941 erat
2969 2889 3292 2960 impatibilis
3315 2935 3329 2958 ,
3375 2897 3531 2949 nullo

1953 2971 2117 3026 modo
2143 2974 2325 3028 carnis
2360 2974 2648 3031 doloribus
2686 2987 2906 3045 motus;
2938 2982 3123 3037 carnis
3149 2993 3278 3039 sunt
3305 2996 3528 3041 natura-

1948 3062 2075 3116 liter
2093 3063 2378 3133 passiones
2397 3073 2452 3119 et
2481 3066 2695 3133 animae,
2714 3079 2769 3122 at
2789 3070 2953 3124 Verbi
2978 3072 3248 3130 incarnati
3271 3077 3531 3146 spiritua-

1951 3152 2079 3205 liter
2122 3153 2419 3207 animatam
2472 3170 2697 3211 carnem
2727 3158 2844 3214 hinc
2887 3176 3108 3233 quoque
3143 3166 3367 3237 propria
3414 3170 3529 3239 pati

265 3255 361 3309 καὶ
393 3254 493 3323 τῆς
517 3253 695 3325 ψυχῆς
716 3252 858 3306 κατὰ
886 3252 1068 3321 φύσιν,
1101 3251 1215 3304 ἀλλ’
1244 3251 1353 3304 ἴδια
1388 3249 1480 3302 τοῦ
1521 3248 1693 3341 Λόγου
1748 3244 1845 3341 τοῦ
1873 3237 1914 3294 C
1948 3240 2173 3341 dicitur.
2206 3261 2224 3292 ι
2286 3328 2309 3341 .

266 3342 642 3414 σαρκωθέντος
679 3341 775 3412 τὴν
810 3340 1169 3410 ὲψυχωμένην
1199 3338 1401 3410 νοερῶς
1431 3337 1612 3406 σάρκα
1634 3334 1733 3407 τὴν
1763 3334 1857 3387 καὶ
1887 3330 2193 3397 πεφυκυῖαν
2213 3330 2382 3383 ταῦτα
2418 3332 2608 3387 παθεῖν
2630 3334 2866 3404 λέγεται.
2900 3354 2919 3392 ι

337 3438 400 3491 El
429 3437 527 3507 μία
564 3435 725 3505 φύσις
758 3433 852 3487 τοῦ
890 3434 1065 3501 Λόγου
1096 3433 1188 3485 καὶ
1226 3432 1324 3502 τῆς
1355 3431 1576 3501 σαρκὸς,
1629 3430 1704 3501 μὴ
1732 3428 1848 3482 διά·

267 3529 451 3582 στελλε
483 3544 499 3560 ο
528 3527 642 3581 ἀλλ’
671 3526 744 3590 ὡς
774 3525 951 3593 λέγεις
971 3525 1110 3577 κατὰ
1157 3523 1318 3593 φύσιν
1342 3517 1480 3576 εἶναι
1506 3523 1605 3592 τῆς
1635 3521 1841 3591 σαρκὸς

265 3619 479 3689 καὶτῆς
510 3617 692 3688 ψυχῆς
719 3615 787 3669 τὰ
816 3614 985 3685 πάθη,
1026 3614 1268 3685 δηλονότι
1302 3613 1410 3665 ἴδια
1459 3613 1580 3665 είπὲ
1618 3612 1715 3665 καὶ
1749 3610 1841 3663 τοῦ

265 3706 442 3774 Λόγου
460 3723 473 3734 °
508 3707 557 3758 εί
585 3705 641 3757 δὲ
670 3704 730 3757 ού
763 3703 964 3774 τολμᾷς
992 3704 1021 3755 ό
1046 3705 1222 3757 πάντα
1260 3702 1495 3773 τολμῶν,
1537 3702 1647 3773 ἄρα
1674 3701 1844 3771 ἑτέρῳ

264 3798 453 3869 τρόπῳ
494 3796 598 3849 ἴδια
626 3795 719 3848 τοῦ
753 3795 930 3863 Λόγου
959 3795 1030 3847 τὰ
1064 3793 1233 3864 πάθη,
1270 3795 1364 3846 καὶ
1401 3794 1461 3846 ού
1504 3793 1646 3846 κατά
1684 3792 1846 3860 φύσιν

266 3890 423 3944 εἰσίν.
451 3888 570 3951 Πῶς
599 3888 692 3941 οὖν
719 3888 777 3939 ού
813 3885 907 3939 δύο
935 3883 1125 3954 φύσεις
1146 3887 1174 3939 ὁ
1206 3884 1441 3952 Χριστός
1470 3901 1483 3949 ;
1510 3886 1589 3954 Τῇ
1612 3883 1718 3954 γάρ
1747 3885 1846 3953 μιᾷ

266 3981 428 4048 φύσει
472 3979 526 4032 εί
575 3996 628 4031 τι
684 3975 972 4046 συμϐαίνει
1008 3974 1273 4043 φυσικῶς,
1311 3973 1472 4026 τοῦτο
1511 3973 1640 4026 ἴδιον
1680 3972 1847 4041 αὐτῆς

266 4073 405 4126 κατά
436 4070 596 4141 φύσιν
626 4069 842 4137 λέγεται
875 4084 890 4100 ·
924 4068 974 4119 εί
992 4083 1042 4118 τι
1062 4065 1119 4118 δὲ
1149 4064 1289 4136 ὑπὲρ
1348 4063 1530 4133 φύσιν,
1586 4061 1646 4127 ἐξ
1698 4063 1849 4133 ὲνερυ

265 4162 418 4231 γείας
445 4161 591 4214 ἐστὶν
617 4160 811 4230 ἐτέρας
841 4156 1078 4227 φύσεως.
1128 4156 1186 4208 Ὀ
1231 4156 1287 4208 δὲ
1336 4155 1636 4225 ἀμέριστον
1675 4153 1848 4207 εἰπὼν

264 4253 363 4325 τὴν
389 4252 691 4323 ἐνέργειαν,
730 4250 815 4303 ἵνα
860 4249 987 4319 μίαν
1027 4246 1187 4316 φύσιν
1225 4246 1577 4315 παραστήσῃ,
1612 4242 1711 4314 τὴν
1743 4243 1842 4313 μὲν

265 4344 467 4417 τρῶσιν
501 4346 570 4414 τῇ
602 4341 810 4412 πλευρᾷ
859 4338 1154 4410 ἀφώρισεν,
1187 4335 1432 4405 φυσικῶς
1466 4334 1634 4405 αὐτὴν
1670 4334 1843 4404 λέγων

265 4437 562 4508 τρωθῆναι,
584 4437 678 4487 καὶ
692 4435 820 4488 ίδιον
842 4429 1154 4486 εἶναιτοῦτο
1180 4429 1452 4499 σώματος,
1475 4428 1535 4480 ού
1568 4427 1840 4497 θεότητος·

268 4529 448 4581 θεῖκὺν
475 4526 533 4579 δὲ
570 4524 871 4594 ἐνέργημα,
911 4521 972 4574 οὐ
996 4518 1328 4589 σωματικὸν,
1358 4517 1458 4588 τὴν
1486 4517 1581 4570 τοῦ
1608 4518 1841 4586 αἵματος

2024 3421 2181 3487 Quod
2213 3422 2259 3477 si
2301 3440 2408 3479 una
2438 3434 2637 3481 natura
2678 3429 2842 3484 Verbi
2884 3441 2939 3486 et
2966 3435 3168 3499 carnis,
3200 3438 3311 3491 noli
3342 3439 3529 3496 distin-

1950 3528 2118 3583 guere
2139 3530 2153 3576 ς
2174 3523 2258 3568 ast
2285 3526 2345 3570 ut
2370 3517 2553 3572 carnis
2575 3527 2631 3573 et
2659 3520 2855 3577 animae
2882 3522 3020 3579 dicis
3049 3528 3381 3583 naturaliter
3406 3547 3527 3587 esse

1950 3608 2255 3678 passiones,
2313 3610 2435 3663 illas
2467 3626 2689 3681 quoque
2733 3614 2915 3668 Verbo
2940 3617 3155 3673 tribuas
3189 3637 3201 3671 :
3238 3621 3283 3674 si
3340 3632 3523 3677 autem

1951 3698 2057 3751 hoc
2081 3714 2187 3752 non
2219 3699 2419 3767 audes,
2451 3702 2814 3759 audacissime
2840 3744 2855 3769 ,
2895 3721 3025 3760 sane
3068 3708 3176 3763 alio
3205 3712 3370 3765 modo
3400 3728 3526 3782 pas-

1950 3790 2135 3844 siones
2159 3791 2339 3845 Verbo
2370 3792 2606 3862 propriae
2626 3804 2756 3850 sunt
2787 3805 2843 3850 et
2868 3812 2979 3851 non
3020 3803 3368 3857 naturaliter.
3419 3804 3524 3872 Qui

1948 3881 2120 3951 igitur
2145 3898 2255 3936 non
2288 3883 2409 3938 duze
2443 3895 2657 3941 natura:
2681 3886 2977 3945 Christus?
2998 3892 3132 3946 Nam
3163 3894 3209 3948 si
3237 3898 3333 3950 uni
3363 3906 3526 3951 natu-
3613 3959 3617 3963 ,

1947 3988 2020 4027 ra:
2048 3972 2180 4042 quid
2208 3975 2469 4028 convenit
2512 3978 2862 4044 naturaliter,
2900 3980 3006 4037 hoc
3049 3983 3153 4053 ipsi
3180 3986 3332 4055 juxta
3367 3997 3525 4042 natu-

1946 4078 2060 4118 ram
2083 4065 2369 4136 proprium
2390 4066 2628 4133 dicitur;
2655 4069 2701 4123 si
2726 4086 2856 4125 vero
2879 4073 3025 4140 quod
3054 4090 3218 4144 supra
3248 4087 3522 4144 naturam,

1948 4157 2051 4212 hac
2078 4159 2407 4228 operatione
2436 4160 2495 4212 lit
2524 4160 2756 4215 alterius
2779 4170 3011 4217 naturae.
3038 4164 3143 4230 Qui
3174 4167 3522 4225 individuam

1948 4248 2502 4319 dicitoperationem,
2534 4260 2593 4304 ut
2625 4266 2790 4307 unam
2818 4261 3072 4308 naturam
3093 4257 3404 4324 conﬁrmet,
3440 4261 3521 4314 la-

1952 4340 2086 4395 teris
2117 4341 2315 4395 vulnus
2357 4341 2614 4413 denegat,
2644 4344 2974 4400 naturaliter
2996 4332 3141 4401 illud.
3175 4350 3523 4405 vulneratum

1948 4430 2119 4485 fuisse
2144 4433 2505 4499 contendens,
2550 4441 2608 4488 et
2649 4434 2754 4489 hoc
2774 4436 3062 4507 proprium
3092 4455 3216 4494 esse
3250 4445 3522 4512 corporis,

1950 4538 2061 4577 non
2094 4522 2397 4579 divinitatis
2422 4545 2435 4579 ε
2469 4525 2654 4581 divina
2686 4535 2869 4582 autem
2894 4531 3166 4598 operatio,
3196 4547 3305 4586 non
3330 4533 3523 4589 huma-

269 4620 363 4673 καὶ
393 4617 585 4681 ’ύδατος
607 4616 783 4688 ῥύσιν.
807 4615 879 4668 Τὸ
907 4609 1235 4685 οῦνττρωθὲν
1266 4611 1446 4680 σῶμα,
1467 4611 1563 4664 καὶ
1598 4609 1842 4679 πεφυκὺς

1949 4634 2039 4683 na,
2073 4620 2356 4690 sanguinis
2382 4627 2439 4674 et
2473 4634 2629 4687 aqua:
2658 4621 2921 4674 manatio.
2958 4622 3319 4678 Vulneratum
3356 4626 3527 4697 igitur

268 4713 474 4781 ἀλγεῖν,
515 4712 609 4764 καὶ
649 4709 834 4763 παθῶν
860 4705 1126 4771 δεκτικὸν,
1180 4702 1357 4766 καλῶς
1399 4698 1551 4755 εἶπεν
1580 4702 1608 4754 ὁ
1657 4702 1845 4764 πάπας

264 4801 416 4855 Λέων
446 4796 942 4855 ὺποπεπτωκέγαι
965 4798 1078 4858 τοῖς
1102 4794 1301 4850 πάθεσι
1335 4795 1427 4847 καὶ
1459 4793 1587 4859 ταῖς
1615 4792 1844 4861 ὕϐρεσι,

266 4892 624 4967 διαλῴιπειν
641 4892 709 4945 δὲ
745 4890 870 4957 τοῖς
906 4891 1167 4960 θαύμασι
1190 4888 1285 4959 τὴν
1310 4888 1560 4959 θεότητα,
1581 4887 1679 4959 τὴν
1714 4886 1848 4940 ἀνα-

269 4984 545 5050 στήσασαν
594 4979 934 5051 ὑπερςφύσιν
968 4979 1030 5032 τὸ
1056 4979 1187 5032 ῖδιον
1223 4979 1404 5048 σῶμα.
1433 4978 1495 5029 Et
1532 4978 1589 5030 δὲ
1629 4978 1661 5047 ἠ
1710 4975 1847 5047 σὰρξ

269 5072 382 5142 ἔχει
417 5070 577 5139 φύσιν
600 5070 854 5141 δεκτικὴν
897 5069 1110 5134 παθῶν,
1143 5070 1176 5139 ή
1209 5068 1266 5121 δὲ
1294 5068 1482 5138 θεότης
1515 5066 1844 5137 ἐνεργοῦσαν

265 5164 336 5216 τὰ
371 5162 511 5232 ὑπὲρ
545 5161 642 5231 τὴν
682 5161 844 5230 φύσιν
902 5158 994 5215 τοῦ
1054 5159 1327 5232 σώματος,
1377 5159 1545 5222 ὅντως
1590 5158 1845 5227 φυλάττει

269 5256 507 5327 ἑκατέρα
547 5254 709 5324 φύσις
741 5255 840 5327 τὴν
862 5256 1060 5326 ὲαυτῆς
1089 5254 1348 5326 ἰδιότητα,
1380 5255 1475 5308 καὶ
1512 5253 1692 5316 καλῶς
1718 5255 1846 5323 ὁμο-

268 5345 555 5415 λογοῦνται
585 5346 678 5399 δύο
712 5346 903 5416 φύσεις
942 5345 1080 5402 εἶναι
1110 5347 1202 5401 τοῦ
1235 5345 1495 5417 Χριστοῦ,
1526 5345 1845 5398 καὶτούτων

270 5438 542 5503 σώζεσθαι
576 5439 861 5511 ἰδιότητας,
885 5438 951 5503 ἃς
970 5440 1065 5493 καὶ
1096 5439 1293 5494 εἰδέναι
1324 5438 1577 5509 ὁμολογεῖ
1610 5438 1844 5510 Σευῆρος

266 5534 326 5585 ἐν
345 5533 457 5593 τοῖς
475 5530 617 5585 κατὰ
638 5530 734 5583 τοῦ
756 5531 1151 5601 Γραμματικοῦ
1174 5531 1349 5600 λέγων
1376 5529 1545 5593 οὕτως
1568 5544 1583 5560 ·
1609 5549 1627 5583 ι
1657 5531 1845 5602 Ἰσμεν

265 5624 377 5696 γὰρ
423 5625 517 5678 καὶ
569 5624 898 5695 ὁμολοῦμεν,
944 5623 1019 5687 ὡς
1064 5625 1163 5696 ἤδη
1216 5624 1560 5696 προείρηται,
1601 5624 1710 5677 τῶν
1746 5623 1844 5694 φύ-

270 5730 429 5778 σεων,
459 5712 518 5779 ἐξ
545 5706 620 5769 ὧν
653 5715 979 5785 ἀπορρήτως
1010 5708 1092 5779 εἷς
1151 5714 1383 5784 Χριστὸς
1437 5716 1839 5785 συνενήνεκται,

270 5806 366 5859 καὶ
404 5807 638 5879 ἰδιότητα
669 5810 762 5862 καὶ
782 5808 1047 5879 διαφορὰν
1071 5809 1166 5862 καὶ
1188 5808 1481 5880 ἑτερότητα
1512 5808 1586 5872 ὡς
1613 5811 1670 5862 ὲν
1693 5810 1841 5861 ποιό-

270 5910 394 5967 τητι
447 5901 671 5970 φυσικῇ,
728 5900 821 5953 καὶ
865 5899 1156 5954 διιστῶσοιν
1186 5900 1280 5953 ἀπ’
1332 5899 1579 5970 ἀλλήλων
1612 5900 1708 5963 τὰς
1737 5900 1836 5969 φύν

1951 4725 2151 4780 corpus
2174 4720 2228 4766 et
2256 4710 2320 4765 ad
2348 4710 2596 4765 dolorem
2634 4720 2824 4765 natum
2862 4713 3181 4781 passionum
3210 4731 3400 4787 capax,
3425 4733 3526 4788 0p-

1952 4801 2083 4855 time
2108 4800 2246 4855 dixit
2272 4816 2414 4870 papa
2442 4800 2577 4865 Leo,
2603 4801 2957 4871 passionibus
2974 4813 3032 4859 et
3051 4805 3264 4875 injuriis
3286 4824 3524 4862 succum-

1951 4892 2069 4944 bere
2084 4907 2388 4956 ;coruscare
2406 4907 2526 4945 vero
2550 4892 2823 4946 miraculis
2841 4893 3209 4963 divinitatem,
3238 4900 3523 4968 proprium

1951 4999 2152 5053 corpus
2169 4998 2336 5053 supra
2358 4992 2611 5037 naturam
2641 4984 3019 5038 extollentem.
3054 4986 3110 5041 Si
3140 5002 3269 5041 caro
3299 4989 3523 5058 quidem

1950 5084 2201 5129 naturam
2226 5074 2394 5129 habet
2417 5074 2770 5144 passionibus
2793 5089 3068 5145 capacem,
3098 5077 3363 5135 divinitas
3390 5097 3526 5136 vero

1950 5174 2203 5219 naturam
2234 5181 2297 5220 ea
2351 5180 2473 5235 quae
2515 5165 2664 5218 vires
2697 5166 2947 5234 corporis
2978 5178 3314 5237 exsuperant
3354 5171 3522 5240 perﬁ-

1950 5257 2210 5322 cientem,
2228 5267 2378 5313 recte
2408 5257 2672 5311 dicuntur
2696 5256 2817 5311 duae
2835 5258 3015 5313 inesse
3044 5259 3264 5316 Christe
3290 5271 3522 5327 naturae,

1949 5359 2008 5405 et
2050 5350 2277 5404 istarum
2325 5350 2553 5405 retineri
2614 5354 3007 5422 proprietates,
3040 5368 3177 5422 quas
3224 5369 3525 5423 agnoscere

1949 5457 2058 5495 non
2089 5440 2305 5494 dubitat
2331 5439 2569 5495 Severus
2605 5440 2721 5512 ipse
2758 5442 2813 5495 in
2843 5442 3003 5497 libris
3028 5442 3298 5497 adversus
3332 5442 3525 5497 Gram—

1950 5531 2210 5585 maticum
2243 5549 2256 5584 :
2288 5549 2304 5581 ι
2340 5530 2609 5585 Novimus
2633 5531 2802 5597 enim,
2833 5532 2929 5597 ait,
2961 5541 3017 5587 et
3048 5533 3399 5600 conﬁtemur,
3442 5537 3523 5588 uti

1942 5626 2055 5696 jam
2086 5625 2294 5679 dictum
2351 5631 2476 5689 est,
2536 5631 2862 5679 naturarum
2919 5640 2948 5679 e
2994 5627 3201 5696 quibus
3253 5627 3521 5682 ineffabili

1947 5717 2110 5770 modo
2136 5717 2466 5786 conjunctus
2493 5726 2577 5771 est
2596 5716 2869 5782 Christus,
2898 5719 3290 5787 proprietatem
3325 5729 3383 5775 et
3413 5720 3517 5773 dit-

1944 5808 2258 5871 ferentiam,
2290 5816 2345 5861 et
2385 5815 2445 5860 ut
2488 5807 2543 5861 in
2594 5808 2856 5876 qualitate
2886 5808 3142 5879 physu-a,
3186 5817 3521 5877 naturasque

1946 5900 2093 5953 inter
2124 5914 2181 5953 se
2215 5898 2641 5968 distinguentem
2688 5898 3104 5964 diversitatem;
3160 5912 3261 5953 nec
3307 5898 3521 5953 tollitur
