4102 6542
565 397 665 460 931

1781 398 2186 459 EUS’I‘ATHII
2224 398 2573 460 MONACHI

3736 399 3853 469 932

568 516 685 570 haec
738 510 963 582 physica
991 508 1295 565 "diversitas
1332 523 1396 564 ac
1442 507 1779 575 differentia,
1813 511 1942 580 quia
1994 512 2134 566 citra

2251 528 2365 575 σεις
2400 528 2415 543 ·
2461 511 2557 564 καὶ
2608 509 2767 565 πάλιν
2810 513 2911 584 τῆς
2948 516 3184 586 φυσικῆς
3230 515 3556 591 ἑτερότητος
3590 521 3688 576 καὶ
3724 521 3853 579 δια-ν

567 608 733 662 uilam
781 602 1160 658 confusionem
1197 602 1518 656 uniuntur.»
1557 600 1795 658 Attende
1822 603 1891 657 ab
1936 617 2005 657 eo
2035 620 2141 657 na-

568 709 719 753 turas
764 677 1036 761 dici,'non
1073 701 1327 747 naturam
1393 708 1599 764 easque
1628 693 1925 748 distinctas.

633 983 736 1051 Qui
765 988 949 1038 autem
975 981 1067 1036 hic
1092 982 1489 1054 proprietatem
1512 997 1581 1038 ac
1627 982 2008 1039 diversitatem
2050 998 2150 1037 na-

566 1083 817 1130 turarum
844 1075 1117 1146 agnoscit,
1148 1076 1343 1130 multis
1377 1074 1433 1129 in
1451 1075 1674 1145 scriptis
1698 1090 1796 1131 eos
1820 1076 2147 1131 anathema-

564 1168 697 1222 tizat
723 1168 817 1236 qui
860 1168 980 1223 haec
1027 1166 1377 1238 proﬁtentur.
1441 1165 1544 1234 Qui
1588 1167 1680 1222 hic
1707 1168 1845 1223 dicit
1882 1168 2066 1223 carnis
2091 1176 2149 1223 et

562 1262 760 1316 animae
787 1262 942 1333 juxta
980 1269 1233 1315 naturam
1254 1275 1375 1315 esse
1399 1260 1701 1330 passiones,
1731 1270 1788 1316 et
1824 1261 1989 1316 morti
2021 1277 2146 1317 cor-

563 1368 667 1423 pus
698 1352 1032 1408 naturaliter
1059 1351 1298 1422 subjici;
1333 1351 1705 1421 impatibilem
1745 1367 1881 1407 vero
1899 1368 2024 1408 esse
2056 1353 2144 1408 di-

562 1446 849 1500 vinitatem
881 1452 936 1499 et
959 1443 1235 1499 divinitati
1258 1443 1609 1498 tribuendam
1653 1444 2142 1512 resurrectionem,

564 1537 710 1592 idem
739 1538 793 1591 in
821 1550 1076 1590 sermone
1098 1534 1274 1589 suoin
1297 1533 1611 1605 Trisagium
1636 1535 1796 1604 cujus
1818 1534 2141 1590 exordium:

565 1628 664 1683 Vos
697 1629 881 1699 forsqn
921 1643 1001 1681 me
1048 1626 1284 1697 gaudere
1326 1627 1551 1697 putatis,
1595 1625 1715 1681 haec
1750 1626 2003 1696 proferre
2032 1643 2145 1682 non

560 1722 839 1777 dubitavit
869 1739 887 1775 :
921 1739 943 1772 ι
985 1720 1043 1776 Si
1088 1728 1271 1776 autem
1323 1726 1450 1790 post
1490 1718 1751 1774 unionem
1816 1720 1874 1774 in
1927 1720 2144 1777 duabus

562 1814 780 1871 natm-is
804 1822 1159 1884 aguoscetur,
1193 1813 1444 1867 solvetur
1467 1811 1600 1866 unio
1621 1853 1635 1877 ,
1660 1810 1889 1866 binario'
1908 1828 2141 1868 numero

2253 601 2427 669 φορᾶς
2488 599 2564 671 μὴ
2628 601 2951 675 σϐεσθείσης
2983 643 2999 667 ,
3063 604 3154 658 διὰ
3232 606 3294 660 τὸ
3362 608 3675 680 ἀσύγχυτον
3742 613 3849 684 τῆς

2251 689 2516 756 ἑνώσεως.
2548 711 2566 742 ι
2606 694 2849 765 Πρόσχες
2865 696 2946 749 ὅτι
2968 696 3311 753 διίστασθαι
3330 698 3505 770 λέγει,
3521 702 3614 757 καὶ
3634 703 3696 757 οὐ
3729 704 3852 775 τὴν

2249 783 2461 851 φύσιν,
2494 782 2631 838 ἀλλά
2659 784 2769 852 τὰς
2789 787 3027 856 φύσεις.

2333 960 2395 1012 '0
2419 960 2480 1014 δὲ
2511 960 2792 1032 ὁμολογῶν
2817 962 3052 1017 ἐνταῦθα
3074 967 3172 1020 καὶ
3226 967 3467 1040 ἰδιότητα
3515 974 3610 1027 καὶ
3653 975 3848 1049 ἑτερό-

2247 1068 2387 1123 τητα
2402 1052 2513 1106 τῶν
2530 1051 2767 1124 φύσεων.
2785 1055 2845 1108 ὲν
2867 1056 3085 1121 πολλοῖς
3106 1059 3272 1114 αὑτοῦ
3303 1061 3485 1130 λόγοις
3512 1066 3849 1139 ἀναθεματί-

2249 1139 2333 1207 ζει
2363 1143 2493 1206 τοὺς
2526 1143 2932 1214 ὁμολογοῦντας
2955 1147 3148 1205 ταῦτα.
3179 1151 3289 1205 Καὶ
3316 1155 3345 1206 ὁ
3367 1152 3542 1223 λέγων
3574 1156 3675 1228 τῆς
3706 1176 3871 1237 σαρ-⁸

2249 1234 2346 1298 κὸς
2381 1230 2521 1289 εῖναι
2547 1235 2644 1289 καὶ
2668 1236 2770 1308 τῆς
2801 1236 2983 1309 ψυχῆς
3033 1239 3177 1296 κατά
3224 1241 3387 1312 φύσιν
3433 1245 3501 1300 τά
3554 1249 3721 1322 πάθη,
3745 1230 3844 1306 καὶ

2248 1326 2499 1393 φυσικῶς
2522 1327 2803 1399 συμϐῆναι
2826 1329 2905 1401 τῷ
2936 1327 3148 1401 σώματι
3181 1334 3273 1389 τὸν
3296 1334 3549 1404 θάνατον,
3577 1341 3762 1414 ἀπαθῆ
3782 1344 3841 1398 δὲ

2246 1418 2345 1488 τὴν
2372 1419 2623 1489 θεότητα,
2657 1422 2753 1474 καὶ
2804 1421 3084 1498 θεοπρεπῆ
3129 1426 3230 1499 τὴν
3267 1429 3591 1499 ἀνάστασιν,
3651 1438 3710 1489 ὲν
3757 1438 3839 1509 τῷ

2246 1507 2405 1579 Λόγῳ
2431 1509 2597 1563 αὐτοῦ
2625 1510 2704 1582 τῷ
2727 1511 2806 1574 είς
2825 1511 2886 1565 τὸ
2917 1514 3236 1586 Τρισάγιον.
3267 1511 3328 1572 οὗ
3357 1519 3390 1592 η
3420 1522 3588 1594 ἀρχὴ,
3632 1507 3839 1596 ’Υμεῖξ

2245 1599 2623 1667 Malam!
2646 1619 2729 1672 με
2774 1605 3113 1675 γεγηθέναι,
3170 1611 3355 1683 φησίν.
3432 1632 3451 1666 ι
3484 1616 3545 1670 El
3594 1617 3652 1671 δὲ
3695 1621 3841 1690 μετά

2242 1691 2346 1762 τὴν
2363 1693 2556 1746 ἕνωσιν
2576 1694 2634 1747 ἑν
2656 1695 2776 1748 δυσὶ
2808 1696 3002 1767 φύσεσι
3034 1703 3493 1776 γνωρισθήσεται,
3518 1707 3709 1764 λύεται
3735 1713 3839 1782 μὲν

2243 1783 2277 1854 ἡ
2310 1783 2524 1850 ἒνωσις,
2563 1789 2630 1859 τῇ
2662 1785 2815 1841 δυάδι
2852 1788 3189 1862 διαιρεθεῖσα
3213 1809 3227 1824 ·
3262 1796 3659 1869 μερισθήσειαι
3681 1802 3741 1855 δὲ
3774 1805 3840 1856 τὸ

560 1911 778 1974 divisa;
832 1908 1111 1964 dividetur
1162 1906 1511 1978 mysterium,
1556 1913 1613 1961 et
1658 1905 1863 1960 divina:
1925 1915 2134 1960 natura

2249 1877 2551 1978 μυστήριον
2587 1894 2603 1910 ·
2642 1881 2739 1933 καὶ
2777 1882 2842 1952 τῇ
2887 1881 2988 1953 μὲν
3019 1883 3142 1957 θείᾳ
3174 1885 3334 1955 φύσει
3378 1889 3481 1962 τὴν
3513 1892 3833 1958 ἀθανασίαν,

563 2001 1059 2066 immortalitatem,
1080 1999 1339 2054 humanae
1359 2013 1490 2052 vero
1507 2007 1746 2053 mortem
1777 1997 2107 2052 tribuemus.
2123 2015 2140 2047 ι

560 2097 667 2150 Per
690 2093 879 2149 omnia
911 2092 1132 2156 ludens,
1179 2100 1234 2146 et
1263 2090 1487 2145 sibimet
1533 2104 1819 2160 nunquam
1864 2097 2145 2155 constans,

560 2186 747 2240 omnia
773 2183 1101 2255 permiscuit
1127 2199 1249 2253 qua:
1273 2181 1897 2237 divinitatinaturaliter
1920 2181 2147 2252 propria

556 2287 713 2343 sunt,
742 2286 798 2334 et
818 2292 941 2347 qua:
975 2275 1330 2339 humanitati,
1355 2273 1703 2328 confundens
1740 2288 1805 2328 ea
1838 2288 1961 2343 qua:
1991 2272 2145 2343 juxta

561 2386 817 2424 naturam
857 2368 1082 2439 propria
1139 2376 1270 2422 sunt
1325 2382 1455 2421 cum
1494 2366 1564 2422 iis
1596 2382 1718 2437 qua:
1765 2367 1921 2437 juxta
1968 2367 2146 2424 incar-

561 2463 840 2518 nationem
881 2458 1130 2530 propria‘;
1178 2458 1252 2512 ita
1290 2468 1353 2539 nt
1394 2466 1623 2528 utraque
1673 2468 1871 2513 natura
1896 2461 2007 2531 jam
2031 2478 2143 2517 non

559 2569 689 2608 suas
717 2551 1080 2623 proprietates
1139 2557 1345 2604 servet.
1394 2549 1504 2605 Nos
1551 2558 1735 2605 autem
1786 2551 1891 2608 hoc
1916 2552 2140 2610 ell'atum

556 2643 807 2714 Gregorii
829 2642 1071 2720 Nysseni
1102 2641 1532 2697 memorabimus
1566 2642 1845 2712 in‘quarto
1879 2660 2139 2703 sermone

556 2736 822 2791 adversus
875 2733 1210 2790 Eunomium
1251 2733 1568 2803 prolatum:
1606 2753 1625 2785 ι
1654 2734 1792 2790 Nam
1824 2736 1869 2791 si
1910 2752 2007 2793 eos
2042 2739 2138 2809 qui

555 2836 767 2884 natura:
794 2826 1048 2881 humana:
1085 2825 1397 2895 passionem
1423 2826 1736 2882 attribuunt
1763 2838 2021 2894 accusat,
2051 2830 2138 2901 ip-

551 2935 670 2975 sam
709 2917 936 2973 omnino
964 2915 1308 2971 divinitatem
1358 2915 1603 2987 passioni
1641 2918 1762 2973 vult
1786 2919 2078 2991 subjicere.
2110 2939 2129 2973 ι
2191 2965 2195 2967 .

622 3009 705 3065 Ad
736 3008 958 3064 saniora
1001 3006 1246 3062 revocati
1274 3008 1445 3062 verba
1487 3006 1675 3063 forsan
1717 3011 1907 3081 potius
1952 3012 2138 3081 profe-

553 3109 680 3155 rent
719 3116 842 3170 quae
868 3099 1138 3154 adversus
1181 3098 1465 3154 lulianum
1517 3098 1695 3155 edidit
1731 3117 1745 3154 :
1791 3119 1809 3152 ι
1847 3101 1967 3157 Non
1994 3101 2135 3156 dici-

550 3208 677 3247 mus
701 3208 827 3247 eum
860 3191 1151 3262 passiones
1192 3190 1495 3261 impatibili
1534 3191 1846 3248 divinitatis
1872 3194 2133 3249 substan-

553 3284 644 3341 tia:
693 3282 1023 3337 attribuere.
1059 3300 1078 3334 ι
1115 3281 1196 3336 lta
1235 3282 1421 3338 omnia
1455 3282 1753 3340 confundit
1784 3285 1877 3340 hic
1925 3285 2135 3343 doctri-

552 3388 748 3428 narum
768 3373 1044 3439 turbator;
1064 3372 1289 3443 q‘uando
1306 3374 1527 3429 Docetis
1543 3374 1888 3441 adversatur,
1908 3379 2132 3449 propria

551 3472 877 3517 naturarum
943 3463 1026 3518 eis
1078 3463 1271 3534 objicit
1329 3464 1427 3535 qui
1494 3466 1719 3536 propria
1802 3477 2132 3524 naturarum

550 3563 863 3623 verentur;
880 3562 935 3612 et
977 3570 1102 3627 quae
1127 3554 1195 3610 de
1236 3570 1346 3609 una
1384 3565 1442 3612 et
1473 3557 1543 3611 ab
1572 3573 1680 3612 una
1707 3572 1946 3626 persona
1983 3558 2130 3617 dicta
2158 3606 2167 3615 .

550 3659 681 3704 sunt
726 3650 1034 3720 impugnat,
1089 3651 1247 3720 quasi
1293 3647 1362 3702 de
1420 3664 1529 3702 una
1572 3657 1628 3703 et
1674 3649 1742 3704 ab
1788 3666 1897 3705 una
1930 3661 2130 3708 natura

550 3741 1017 3812 intelligerentur.
1068 3741 1204 3795 Nam
1266 3740 1470 3811 saepius
1514 3748 1728 3797 naturze
1772 3750 1829 3797 et
1879 3759 2131 3814 personze

550 3832 925 3889 diﬂ'erentiam
950 3848 1061 3887 non
1080 3833 1352 3904 agnoscit,
1373 3842 1434 3887 ut
1457 3833 1673 3904 copiam
1696 3834 1897 3892 habeat
1924 3837 2129 3908 ubique

549 3941 747 3981 omnes
772 3926 1087 3989 incusandi,
1108 3926 1399 3980 turbarum
1420 3926 1513 3980 hic
1533 3938 1590 3982 et
1613 3926 1946 3998 ineptiarum
1978 3945 2129 3986 ama-

552 4027 659 4070 tor.
685 4016 842 4083 Quod
866 4016 911 4072 si
944 4026 1131 4071 antem
1147 4019 1262 4089 jam
1280 4018 1431 4072 nulla
1457 4017 1603 4073 inter
1624 4034 1920 4088 personam
1950 4029 2009 4077 et
2030 4037 2128 4077 na-

549 4121 730 4165 turam
759 4108 1558 4180 diﬂ‘erentia,quotiescunque
1576 4118 1805 4167 naturas
1830 4114 2126 4183 pluraliter

546 4202 705 4268 dicit,
737 4210 833 4254 aut
854 4208 1107 4256 naturam
1140 4209 1196 4256 et
1217 4211 1496 4267 naturam,
1521 4211 1617 4257 aut
1646 4219 1912 4275 personas
1944 4207 2125 4262 inten-

544 4294 646 4349 dit.
671 4292 731 4348 ln
754 4307 1010 4348 sermone
1028 4293 1149 4363 ejus
1174 4292 1231 4347 in
1248 4292 1780 4367 Eieetionem,cujus
1796 4298 2118 4354 exordium:
2156 4342 2158 4344 τ

2251 1971 2316 2040 τῇ
2342 1968 2401 2022 δὲ
2429 1969 2747 2044 ἀνθρωπίνῃ
2795 1974 2888 2027 τὸν
2934 1975 3164 2032 θάνατον
3192 1980 3683 2055 ἀποκληρώσομεν.
3715 2006 3734 2041 ι
3774 1990 3833 2043 Ὀ

2250 2058 2430 2113 πάντα
2475 2060 2690 2125 παίζων
2732 2064 2826 2116 καὶ
2862 2065 2955 2118 ἐπὶ
3009 2069 3244 2139 μηδενὸς
3290 2072 3599 2142 ἱστάμενος,
3633 2078 3834 2149 εφυρεν

2249 2150 2428 2204 πάντα
2454 2152 2526 2205 τά
2551 2170 2610 2206 τε
2637 2154 2740 2225 τῆς
2772 2155 3032 2228 θεότητος
3082 2160 3193 2216 ἴδια
3242 2165 3384 2220 κατά
3415 2167 3599 2236 φύσιν,
3645 2173 3737 2225 καὶ
3764 2174 3835 2228 τά

2246 2240 2347 2312 τῆς
2386 2242 2805 2317 ἀνθρωπότητος
2861 2247 2968 2303 tam
2999 2254 3142 2306 κατὰ
3177 2254 3363 2325 φύσιν,
3394 2263 3833 2331 παρασκευάζων

2245 2331 2313 2385 τά
2352 2333 2496 2388 κατά
2520 2335 2683 2405 φύσιν
2714 2338 2844 2404 ῐδια,
2874 2339 2950 2403 ὡς
2971 2340 3043 2394 τά
3067 2345 3193 2398 κατ’
3220 2348 3535 2419 οἰκονομίαν
3562 2353 3671 2408 ίδια
3699 2355 3835 2410 θεω-

2247 2426 2364 2496 ρεῖν
2388 2441 2405 2457 °
2445 2426 2521 2490 ὡς
2544 2428 2751 2500 μηκέτι
2774 2429 3046 2496 σώζεσθαι
3076 2435 3279 2510 ἑκάστῃ
3294 2438 3455 2508 φύσει
3488 2443 3599 2498 τῶν
3613 2446 3832 2502 οίκείων

2244 2517 2415 2589 αὐτῆς
2469 2518 2815 2591 ἰδιωμάτωνο
2877 2525 3039 2596 ἡμεῖς
3085 2524 3144 2581 δὲ
3203 2529 3610 2606 ὑπομνήσωμεν
3666 2539 3832 2593 αὐτὸν

2243 2606 2304 2661 τὸ
2353 2611 2741 2681 γεγραμμένον
2780 2610 2858 2683 τῷ
2889 2610 3138 2670 Νυσσαεῖ
3183 2618 3245 2672 ιν
3274 2620 3355 2692 τῷ
3389 2623 3511 2677 κατ’
3561 2626 3831 2699 Εὐνομίου

2240 2703 2489 2776 τετάρτῳ
2518 2699 2727 2779 (potius
2756 2710 3013 2781 πέμπτῳ)
3044 2711 3222 2783 λόγῳ·
3259 2732 3281 2765 ι
3318 2714 3381 2768 El
3428 2715 3539 2789 γὰρ
3585 2720 3831 2776 αἰτιᾶται

2239 2795 2367 2859 τοὺς
2398 2796 2460 2850 τὸ
2488 2799 2661 2864 πάθος
2689 2804 2756 2872 τῇ
2780 2802 3101 2877 ἀνθρωπίνῃ
3123 2803 3286 2874 φύσει
3306 2806 3684 2877 ἀνατιθέντας,
3711 2813 3832 2884 βού-

2238 2886 2389 2941 λεται
2406 2889 2624 2956 πάντως
2637 2891 2808 2964 αὐτὴν
2822 2890 2901 2964 τῷ
2917 2893 3083 2948 πάθει
3099 2895 3406 2967 ὑπαγαγεῖν
3420 2899 3519 2971 τὴν
3540 2901 3790 2973 θεότητα.
3804 2922 3824 2957 ι

2313 2984 2476 3049 Ἴσως
2510 2985 2877 3057 ἐντραπέντες
2907 2990 2958 3043 οἱ
2992 2990 3159 3044 αὑτοῦ
3217 2991 3578 3063 βεδαιώσουσι
3627 2998 3831 3069 μᾶλλον

2234 3075 2297 3129 τὸ
2344 3075 2537 3149 λεχθὲν
2591 3080 2741 3151 αὐτῷ
2781 3083 2926 3137 κατά
2990 3084 3287 3140 ’Ῑουλιανοῦ
3319 3102 3336 3118 ο
3391 3105 3410 3138 ι
3443 3089 3557 3143 Ούκ
3591 3091 3830 3163 ἐροῦμεν

2236 3167 2401 3221 αὐτὸν
2436 3170 2585 3240 πάθη
2617 3172 2947 3244 περιάπτειν
2974 3177 3040 3247 τῇ
3070 3178 3227 3250 οὐσίᾳ
3246 3180 3311 3250 τῇ
3348 3179 3552 3234 ἀπαθεῖ
3578 3182 3680 3252 τῆς
3707 3182 3829 3239 θεό-

2161 3241 2203 3300 C
2234 3275 2415 3331 τητος.
2448 3281 2467 3315 ι
2504 3241 2704 3328 Οὕτως*
2727 3268 2755 3320 ὁ
2784 3241 3212 3339 φύρτης-πάντα·
3239 3241 3485 3345 σθ’γχέει,
3512 3241 3827 3348 τοῖς-δοκή-

2235 3368 2356 3416 ταις
2392 3354 2555 3424 δῆθεν
2599 3357 2922 3428 ἀντιλέγων,
2961 3360 3030 3415 τά
3077 3362 3186 3417 ἴδια
3216 3364 3325 3419 τῶν
3345 3364 3561 3433 φύσεων
3582 3369 3826 3440 προϐάλ-

2234 3444 2384 3498 λεται
2425 3449 2538 3512 τοῖς
2584 3449 2655 3501 τά
2687 3450 2798 3504 ἴδια
2826 3453 2935 3506 τῶν
2958 3454 3175 3523 φύσεων
3202 3458 3624 3529 πρεσῦεύουσιν,
3652 3464 3829 3534 μαχό-

2235 3553 2396 3606 μενος
2449 3538 2518 3593 τά
2576 3538 2652 3604 ὼς
2703 3542 2788 3613 ἐφ’
2843 3545 2962 3610 ἑνὸς
3020 3547 3118 3601 καὶ
3182 3549 3292 3603 ἀπὸ
3349 3550 3468 3616 ένδς
3522 3555 3821 3623 προσώπου

2231 3627 2614 3700 λεγόμενα,ώς
2633 3634 2725 3687 ἐπὶ
2752 3637 2882 3705 μιᾶς
2906 3637 3000 3691 καὶ
3027 3638 3138 3694 ἀπὸ
3161 3642 3293 3713 μιᾶς
3314 3642 3529 3713 φύσεως
3556 3647 3820 3701 ἀντικαθ-

2233 3723 2373 3793 ιστᾷ.
2418 3723 2607 3777 Ἔστιν
2651 3725 2762 3798 γάρ
2813 3729 2902 3782 ὅτε
2970 3730 3188 3799 φύσεως
3227 3736 3324 3788 καὶ
3371 3737 3664 3807 προσώπου
3719 3741 3820 3794 οὐκ

2227 3808 2371 3866 οἶδεν
2389 3813 2677 3888 διαφορὰν,
2709 3820 2798 3875 ἴνα
2825 3822 2924 3895 ἔχῃ
2953 3823 3139 3878 ἄδειαν
3189 3827 3422 3883 πάντοτε
3461 3831 3597 3885 πᾶσι
3653 3833 3821 3904 μάχει

2221 3905 2375 3971 σθαι,
2400 3906 2474 3972 ὡς
2505 3910 2876 3985 φιλοτὰραχος
2905 3916 2999 3970 καὶ
3039 3917 3136 3971 καὶ
3170 3919 3554 3994 φιλοσκώπτης
3586 3941 3602 3956 ·
3658 3927 3707 3979 εί
3757 3927 3816 3980 δὲ

2225 3998 2409 4053 οὐκέτι
2433 4000 2650 4070 φύσεως
2678 4006 2773 4059 καὶ⁸
2820 4008 3116 4079 προσώπου
3165 4010 3422 4085 διαφορά,
3475 4017 3665 4082 ὁσάκις
3715 4019 3816 4074 ἐὰν

2223 4089 2582 4186 λέγῃλφύσεις
2605 4095 3007 4169 πληθυντικῶς,
3043 4103 3077 4174 ἢ
3107 4104 3272 4173 φύσιν
3298 4109 3395 4162 καὶ
3424 4109 3611 4178 φύσιν,
3644 4111 3812 4186 [forte

2223 4180 2279 4254 ἢ]
2304 4183 2396 4277 καὶ
2423 4184 2697 4277 πρόσωπα
2716 4189 2885 4260 λέγει.
2928 4192 3018 4246 Ἐν
3049 4194 3128 4266 τῷ
3155 4196 3298 4270 λόγῳ
3314 4199 3390 4269 τῷ
3409 4203 3489 4265 εἰς
3502 4204 3599 4274 τὴν
3617 4180 3815 4277 inpo-

2219 4274 2402 4366 τονίαν
2424 4276 2611 4366 αύτοῦ,
2641 4272 2702 4334 οὗ
2738 4283 2770 4353 ἡ
2799 4283 2962 4355 ἀρχὴ,
2999 4284 3343 4356 Ἀπαιζροντί
3365 4308 3509 4348 ποτε
3527 4272 3678 4364 πρὸς
3693 4272 3813 4366 τ’ὴν

546 4388 750 4442 Navem
809 4385 945 4456 forte
1000 4385 1225 4440 solventi
1273 4387 1344 4442 ad
1406 4390 1639 4444 medium
1701 4394 1925 4463 ﬂumen,
1993 4393 2117 4448 ait:

2232 4363 2416 4433 μέσην
2434 4365 2555 4421 τῶν
2569 4370 2871 4441 ποταμῶν,
2889 4373 3059 4443 λέγει*
3084 4396 3104 4428 ι
3140 4377 3335 4433 Ἦνίκα
3365 4381 3409 4436 δ’
3440 4382 3507 4436 ἂν
3523 4363 3809 4462 ἐπιλάμιέῃ

554 4501 569 4529 ‹
613 4478 847 4547 Quando
894 4478 1182 4534 hominum
1231 4480 1411 4536 oculis
1456 4483 1783 4552 apparuerit
1826 4493 1885 4540 et
1913 4494 2119 4541 semet-

2216 4458 2328 4521 τοῖς
2358 4458 2452 4512 ἐπὶ
2482 4460 2586 4531 γῆς
2606 4463 2699 4516 καὶ
2718 4463 2816 4532 τὴν
2846 4465 3091 4521 ἑκούσιον
3117 4470 3347 4526 κένωσιν
3376 4473 3445 4527 δι’
3463 4475 3611 4545 ἡμᾶς
3639 4458 3809 4532 xum:

541 4571 723 4641 ipsum
767 4581 962 4642 sponte
1008 4586 1111 4641 pro
1155 4571 1319 4628 nobis
1363 4573 1756 4639 exinanivcrit,
1809 4574 1927 4645 ipse
1956 4576 2119 4647 nobis

2232 4547 2463 4663 δέξηται,
2493 4552 2656 4663 auiti);
2699 4556 2833 4628 ημῖν
2874 4558 3077 4629 κλίμαξ
3136 4564 3446 4635 γενήσεται,
3473 4570 3602 4634 τοὺς
3630 4574 3807 4642 χαμαὶ

538 4663 689 4718 scala
741 4662 920 4718 factus
968 4673 1075 4728 est,
1124 4662 1280 4718 humi
1324 4672 1553 4734 propter
1589 4677 1815 4735 peccata
1843 4676 1900 4721 et
1922 4666 2118 4722 Adami

537 4756 754 4825 lapsum
780 4756 1033 4827 jacentes
1063 4755 1121 4809 in
1149 4756 1352 4812 coelum
1379 4756 1683 4824 deducens,
1725 4767 1783 4813 et
1808 4768 1968 4829 porta
1991 4760 2118 4816 coeli

538 4845 801 4910 illustris,
827 4845 1053 4900 Patrem
1081 4844 1248 4901 nobis
1271 4846 1527 4902 revelans
1545 4854 1603 4902 et
1630 4847 1875 4918 seipsum
1898 4858 1955 4904 et
1989 4848 2118 4921 Spi-

534 4939 703 4993 ritum
745 4944 1024 5004 sanctum,
1055 4944 1113 4992 et
1156 4937 1213 4992 in
1240 4947 1431 4993 sancta
1462 4938 1735 4995 Trinitate
1784 4939 2109 4997 Deitatem.»

602 5096 734 5164 Quae
767 5095 912 5151 dixit
964 5105 1169 5153 sancta:
1211 5097 1424 5170 synodo
1469 5096 1764 5153 adhaerens
1791 5113 1914 5168 qua:
1962 5098 2110 5155 idem

532 5193 837 5251 statuerat;
882 5201 1011 5239 nam
1054 5186 1233 5242 Patris
1271 5198 1328 5242 et
1371 5188 1497 5243 Filii
1532 5196 1587 5244 et
1633 5189 1879 5261 Spiritus
1931 5191 2109 5246 sancti

530 5273 956 5346 perfectionem,
994 5275 1180 5343 docet,
1205 5287 1262 5333 et
1316 5279 1832 5337 inbumanationem
1903 5282 2113 5355 profert

530 5367 770 5422 tideliter
821 5367 1278 5438 suscipientibus.
1314 5371 1473 5438 Quod
1514 5374 1559 5429 si
1592 5374 1838 5447 synodus
1886 5383 2110 5447 quater-

526 5458 749 5512 narium
791 5473 1087 5514 numerum
1141 5462 1385 5531 professa
1413 5473 1518 5531 est,
1554 5465 1795 5522 Severus
1829 5468 2108 5523 senarium

524 5550 753 5633 admisit
786 5552 842 5606 in
868 5568 969 5607 suo
1004 5567 1260 5611 sermone
1290 5556 1346 5611 in
1371 5558 1508 5613 illud
1537 5577 1551 5613 :
1580 5560 1804 5616 Domine
1830 5563 1922 5642 mi,
1954 5564 2113 5634 cujus

524 5643 862 5699 exordium:
913 5644 1143 5713 Quidam
1189 5650 1535 5707 dividentium
1588 5654 1723 5724 forte
1768 5673 1787 5712 :
1829 5676 1847 5707 ι
1893 5656 2111 5711 Verum-

526 5741 703 5788 tamen
748 5752 851 5792 non
886 5739 1022 5794 sicut
1055 5756 1147 5813 ego
1176 5742 1316 5810 volo,
1349 5746 1441 5799 sed
1468 5746 1603 5800 sicut
1640 5756 1695 5801 tu
1725 5746 1936 5818 (Matth.
1960 5766 2106 5816 xxw,

2223 4641 2509 4735 κειμένους
2520 4643 2625 4698 ὑπὸ
2640 4646 2737 4717 τῆς
2767 4648 3040 4721 ἁμαρτίας
3063 4654 3276 4726 καὶτῆς
3300 4656 3392 4711 τοῦ
3431 4658 3605 4732 Ἀδὰμ
3627 4641 3805 4735 παρα.

2224 4730 2436 4800 ϐάσεως
2487 4736 2704 4807 ἀνάγων
2759 4741 2840 4805 είς
2882 4743 3130 4814 οὐρανὸν,
3166 4748 3262 4802 καὶ
3303 4748 3448 4823 πύλη
3495 4730 3806 4829 περιφανὴς

2222 4825 2494 4896 οὐράνιος,
2521 4828 2926 4889 ἀποκαλύπτων
2957 4837 3090 4907 ἡμῖν
3103 4838 3196 4892 τὸν
3213 4840 3434 4914 Πατέρα
3463 4846 3557 4898 καὶ
3583 4825 3800 4914 ἑαυτὸν,

2223 4918 2319 4972 καὶ
2344 4919 2403 4973 τὸ
2434 4919 2592 4988 ἆγιον
2616 4923 2862 4997 Πνεῦμα,
2895 4929 2988 4982 καὶ
3037 4931 3137 5002 τὴν
3186 4933 3249 4988 ὲν
3295 4937 3363 5007 τῇ
3417 4936 3551 5009 ἁγίᾳ
3606 4937 3802 5011 Τριάδι

2222 5012 2556 5083 κυριότητα.
2586 5033 2605 5067 ι
3804 5034 3810 5041 ‘

2290 5107 2478 5162 Ταῦτα
2498 5109 2603 5182 ἔφη
2627 5112 2657 5165 ὁ
2694 5113 2794 5184 τῆς
2830 5114 2994 5184 ἁγίας
3033 5119 3249 5174 συνόδου
3289 5122 3684 5196 ἐπιλαθομενος
3721 5130 3800 5184 εί-

2217 5198 2426 5269 πούσης
2455 5216 2468 5230 ·
2497 5202 2627 5273 περί
2653 5220 2713 5257 τε
2758 5206 2868 5278 γάρ
2920 5208 3131 5281 Πατρὸς
3187 5211 3283 5264 καὶ
3319 5212 3449 5267 Υἱοῦ
3492 5216 3589 5271 καὶ
3640 5219 3801 5288 ἁγίου

2219 5289 2539 5362 Πνεύματος
2566 5292 2870 5350 ἐκδιδάσκει
2901 5298 2963 5352 τὸ
2984 5299 3209 5368 τέλειον,
3234 5304 3330 5358 καὶ
3355 5304 3450 5360 τοῦ
3470 5307 3678 5380 Κυρίου
3697 5310 3798 5383 τὴν

2215 5382 2633 5473 ὲνανθρώπησιν
2672 5391 2785 5452 τοῖς
2833 5390 3038 5455 πιστῶς
3081 5393 3394 5465 δεχομένοις
3442 5382 3794 5473 παρίστησιν.

2216 5474 2281 5527 Ei
2304 5471 2399 5531 οὖν
2426 5478 2459 5549 ἡ
2487 5477 2708 5544 σύνοδος
2735 5482 2970 5553 τετράδα
2995 5480 3172 5549 εἶπεν,
3205 5488 3441 5560 Σευῆρος
3460 5476 3625 5555 ἑξάδα
3645 5471 3794 5559 λέγει

2212 5566 2272 5619 ἐν
2299 5566 2378 5638 τῷ
2416 5568 2560 5640 λόγῳ
2604 5571 2767 5624 αὐτοῦ
2802 5572 2881 5642 τῷ
2909 5575 2990 5639 εἰς
3017 5575 3101 5639 τὸ,
3139 5575 3245 5632 Θεέ
3276 5595 3417 5648 μου,
3442 5576 3503 5636 οὗ
3548 5583 3581 5652 ἡ
3624 5583 3790 5653 ἁρχὴ,

2216 5657 2397 5724 Ἴσως
2442 5659 2605 5727 τινὲς
2638 5660 2755 5715 τῶν
2782 5661 3240 5735 διατεμνόντων,
3272 5668 3406 5743 ἔφη’
3446 5692 3464 5722 ι
3496 5658 3644 5743 Πλὴν
3674 5674 3788 5744 οὐχ

2207 5751 2290 5818 ὡς
2317 5751 2432 5822 ἐγὼ
2458 5752 2633 5820 θέλω,
2666 5757 2803 5813 ἀλλ’
2830 5760 2910 5826 ὡς
2931 5761 3014 5815 σύ
3041 5776 3055 5791 ’
3090 5762 3174 5817 ὅτι
3207 5766 3317 5837 γὰρ
3342 5766 3690 5831 διδασκαλίας
3718 5765 3787 5842 ἦν

513 5821 637 5897 Δἓθ).
664 5825 794 5894 Quae
833 5847 943 5887 non
971 5832 1191 5902 timore,
1219 5834 1314 5891 sed
1349 5852 1452 5893 nos
1483 5838 1717 5895 docendi
1752 5840 1925 5910 gratia
1956 5841 2103 5898 dicta

2232 5845 2402 5914 ταῦτα,
2422 5848 2518 5902 καὶ
2533 5850 2596 5903 οὐ
2608 5849 2834 5920 δειλίας,
2863 5821 3461 5930 μαρτυρήσει-σαφῶςή
