4112 6538
321 413 425 476 933

1355 418 1718 488 EPllp'lOLA
1764 418 1858 476 DE
1899 418 2198 475 DUABUS
2239 420 2594 486 NATURIS.

3485 393 3618 500 est

328 524 516 593 γελίων
545 522 738 592 Γραφή
776 538 788 551 ⁸
829 521 946 584 πῶς
976 522 1084 594 γὰρ
1118 520 1340 590 ἔμελλεν
1357 523 1588 576 δεδιέναι
1617 524 1706 576 τὸν
1739 524 1893 576 θάνα-

2011 524 2186 578 fuisse
2237 535 2473 584 testatur
2528 533 2817 590 manifeste
2848 535 2966 606 ipsa
2998 539 3426 614 Evangeiiomm
3469 567 3602 606 nar-

319 635 410 670 τον
441 617 468 670 ὁ
503 615 644 686 μετὰ
678 613 980 684 ἐπιθυμίας
1005 616 1184 686 ἄκρας
1228 615 1320 668 ἐπὶ
1369 615 1556 669 τοῦτον
1608 617 1903 687 ἐρχόμενος

321 709 416 762 καὶ
485 709 702 775 λέγων,
793 709 1110 774 Ἐπιθυμίᾳ
1169 707 1522 776 ἐπεθύμησα
1578 707 1791 776 φαγεῖν
1835 707 1902 761 τὸ

321 802 538 871 Πάσχα
600 801 816 863 τοῦτο;
849 818 867 851 ι
925 795 1057 852 Εἶτα
1109 799 1353 868 συνήθως
1407 799 1902 869 ἁντιφθεγγόμενος

318 891 495 962 ἑαυτῷ
518 893 576 944 ἐν
596 891 672 960 τῷ
691 891 825 960 πρὸς
843 892 1069 960 Σέργιον
1086 890 1322 961 δευτέρῳ
1352 889 1516 960 λόγῳ,
1545 891 1767 960 τράφεν
1801 910 1818 940 ι
1844 891 1900 944 ’0

317 985 425 1054 γὰρ
481 982 840 1052 Ἐμμανουήλ
878 971 1002 1036 καθ’
1034 982 1062 1034 ὃ
1102 982 1200 1053 μὲν
1239 982 1392 1044 Θεὸς.
1437 981 1660 1052 δοκήσει
1698 981 1899 1036 πέπον-

317 1073 409 1128 θεν
438 1091 453 1106 °
483 1073 604 1128 καθ’
646 1072 676 1129 ὓ
716 1073 773 1126 δὲ
834 1074 1154 1144 ἄνθρωπος,
1191 1071 1438 1143 ἀληθείᾳ.
1480 1091 1498 1124 ι
1538 1074 1648 1126 Kal
1705 1073 1765 1126 ὲν
1823 1073 1900 1144 τῷ

317 1168 553 1240 δευτέρῳ
599 1167 657 1220 δὲ
695 1166 778 1238 τῷ
832 1167 976 1221 κατὰ
1036 1167 1284 1220 Ἰωάννου
1339 1167 1434 1221 τοῦ
1485 1167 1898 1239 γραμματικοῦ,

317 1260 464 1328 λέγει
495 1277 508 1290 ·
548 1278 566 1311 ι
597 1260 701 1312 Τὸν
730 1259 892 1315 αὐτὸν
929 1259 1027 1329 μὲν
1063 1259 1184 1312 καθ’
1220 1259 1248 1312 ὃ
1274 1258 1406 1322 Θεὸς
1438 1255 1528 1330 ἢν,
1567 1259 1642 1330 μὴ
1668 1260 1899 1313 δεδιέναι

317 1353 407 1406 τὸν
438 1353 669 1406 θάνατον
695 1366 710 1382 ⁸
736 1349 858 1404 κ·ιθ’
887 1350 915 1402 ὃ
939 1350 994 1402 δὲ
1033 1350 1317 1421 ἄνθρωπος
1352 1345 1439 1421 ἦν,
1476 1351 1899 1420 οἰκειωσάμενον

319 1442 492 1496 καὶτὸ
526 1443 600 1514 μὴ
632 1441 806 1494 θέλειν
829 1439 1140 1504 ἀποθανεῖν,
1170 1440 1264 1492 καὶ
1294 1439 1557 1502 ἑκουσίως
1597 1440 1795 1509 ὲφέντα
1831 1444 1898 1512 τῇ

321 1535 487 1606 σαρκὶ
515 1535 574 1587 τὸ
605 1533 834 1602 φυσικὸν
862 1530 1256 1597 καταδέξασθαι
1287 1530 1479 1594 πάθος.
1516 1550 1535 1583 ι
1577 1531 1764 1601 Ὀλίγα
1792 1533 1900 1586 ἀπὸ

322 1625 531 1680 πολλῶν
566 1623 912 1695 παρεθέμην,
954 1624 1310 1694 παραστῆσαι
1352 1622 1676 1694 βουλόμενος
1711 1625 1774 1678 τὸ
1806 1627 1899 1679 καὶ

320 1718 456 1789 πρὸς
491 1717 682 1771 ἑαυτὸν
719 1715 1050 1786 ἀσύμφωνον
1081 1715 1175 1769 τοῦ
1211 1717 1406 1788 ἀνδρός
1435 1731 1447 1744 ·
1474 1717 1566 1770 καὶ
1593 1717 1676 1771 ὅτι
1707 1719 1776 1771 τὰ
1804 1736 1899 1788 φυ-

320 1811 446 1863 σικὰ
477 1813 576 1880 τῆς
612 1809 837 1880 σαρκὸς,
869 1808 1007 1862 ἄλλα
1037 1809 1211 1878 λέγων
1239 1811 1392 1882 παρὰ
1432 1810 1500 1864 τὰ.
1551 1813 1756 1880 φυσικὰ
1797 1813 1898 1883 τῆς

2014 616 2190 681 ratio;
2217 634 2329 686 quo
2355 621 2502 675 enim
2529 634 2690 692 pacto
2721 637 2951 683 mortem
2986 632 3480 709 reformidavisset,
3507 649 3601 716 qui

2012 720 2231 761 summo
2268 724 2394 763 cum
2438 715 2626 769 studio
2670 732 2792 771 eam
2824 719 3032 786 adibat,
3078 736 3134 778 et
3169 742 3294 782 cum
3337 731 3427 788 his
3471 715 3601 792 ver~

2011 799 2098 853 bis
2138 818 2149 852 :
2184 800 2457 858 Desiderio
2514 807 2814 864 desiderat-1'
2872 813 2968 866 hoc
3018 814 3225 874 Pascha
3275 826 3602 883 manducare

2013 891 2162 963 (Luc.
2215 911 2358 960 xxu,
2408 898 2518 968 15).
2576 917 2595 952 ι
2650 899 2860 958 Deinde
2891 921 2994 975 pro
3043 923 3198 965 more
3239 927 3341 968 suo
3374 916 3602 975 sibimet

2010 1001 2263 1055 pugnans
2289 990 2484 1045 scribit
2521 992 2576 1046 in
2622 995 2866 1050 secundo
2896 1013 3153 1058 sermone
3193 1005 3262 1059 ad
3298 1007 3547 1080 Sergium
3581 1031 3594 1067 ε

2017 1095 2036 1128 ι
2076 1078 2424 1147 Emmanuel,
2461 1084 2516 1137 in
2537 1096 2805 1154 quantum
2840 1091 2986 1146 Deus
3016 1104 3157 1160 erat,
3189 1099 3375 1167 specie
3398 1078 3598 1171 passus

2008 1176 2130 1235 est;
2157 1171 2253 1225 sed
2297 1172 2352 1226 in
2388 1186 2657 1245 quantum
2701 1179 2887 1248 homo,
2919 1200 3070 1240 vere.
3108 1206 3125 1238 ι
3167 1189 3236 1242 Ει
3263 1190 3318 1244 in
3350 1196 3595 1250 secundo

2008 1259 2153 1315 libro
2187 1263 2454 1321 adversus
2497 1267 2765 1326 Joannem
2796 1277 3220 1344 grammaticum
3251 1299 3264 1335 ι
3296 1301 3315 1333 ι
3351 1284 3495 1354 Ipse,
3537 1289 3593 1342 in

2007 1361 2274 1421 quantum
2330 1356 2478 1412 Deus
2509 1369 2651 1426 erat,
2714 1373 2948 1420 mortem
2995 1384 3106 1423 non
3157 1371 3589 1444 reformidabat;

2008 1444 2061 1498 in
2103 1454 2370 1515 quantum
2420 1466 2553 1506 vero
2584 1453 2751 1510 homo
2794 1465 2934 1523 erat,
2972 1459 3147 1530 ipsius
3193 1477 3315 1519 erat
3353 1479 3591 1524 mortem

2007 1537 2336 1605 abhorrere,
2385 1552 2442 1598 et
2491 1545 2733 1602 libenter
2766 1550 3112 1608 incarnatam
3162 1556 3395 1615 decebat
3427 1571 3592 1618 natu-

2005 1631 2106 1684 rali
2140 1631 2334 1688 dolore
2371 1641 2730 1696 commoveri.
2773 1661 2790 1692 ι
2825 1643 3002 1698 Pauca
3045 1645 3114 1701 de
3163 1651 3354 1706 multis
3396 1664 3592 1722 protu-

2004 1722 2170 1778 limus
2197 1765 2212 1790 ,
2273 1735 2334 1780 ut
2379 1740 2643 1797 appareat
2688 1742 2956 1802 quantum
3011 1737 3342 1811 sibimetipsi
3387 1755 3594 1815 pugnet

2003 1813 2191 1869 homo.
2239 1817 2501 1872 Naturam
2552 1823 2735 1878 carnis
2781 1840 2810 1879 a
2865 1835 3064 1883 natura
3110 1813 3420 1889 divinitatis
3460 1813 3592 1892 licet

319 1903 572 1972 θεότητος
621 1901 1012 1972 ἁναθεματίζει
1065 1900 1164 1964 τὰς
1222 1901 1316 1954 δύο
1372 1901 1562 1969 φύσεις
1617 1901 1893 1971 λέγοντας,

2002 1905 2328 1978 distinguat,
2369 1908 2800 1970 anathematizat
2855 1933 2951 1973 eos
3003 1921 3097 1990 qui
3155 1923 3294 1979 duas
3355 1936 3589 1986 naturas

320 1992 522 2059 μᾶλλον
566 1991 624 2046 δὲ
663 1993 878 2046 ἑαυτόν.
919 1991 1030 2046 Kal.
1067 1991 1229 2054 αὐτὸς
1269 1993 1378 2061 γὰρ
1413 1991 1506 2044 δύο
1540 1992 1733 2061 φύσεις
1757 1988 1898 2047 οἶδεν

318 2086 375 2136 ἐν
391 2083 467 2154 τῷ
491 2083 738 2156 Χριστῷ,
767 2084 864 2137 καὶ
880 2083 1082 2146 ταύτας
1101 2083 1477 2154 ὑφισταμένας
1495 2085 1586 2137 καὶ
1605 2085 1894 2154 μενούσας·

318 2174 413 2226 καὶ
443 2173 606 2228 πάλιν
633 2175 732 2228 οὐκ
753 2170 869 2227 οἴδα
900 2174 1050 2237 ὅπως
1080 2174 1161 2234 εἰς
1195 2173 1326 2243 μίαν
1357 2173 1670 2243 συναλείφει
1703 2174 1893 2243 αύτάς,

317 2271 411 2322 καὶ
444 2269 845 2336 καταγινώσκει
884 2267 1048 2322 πάλιν
1084 2267 1192 2321 τῶν
1245 2269 1325 2330 εἰς
1381 2267 1513 2337 μίαν
1555 2270 1896 2338 συναγόντων

317 2359 412 2412 καὶ
468 2359 894 2429 συναλειφόντων
948 2359 1142 2427 αὐτὰς,
1186 2358 1261 2422 ὡς
1290 2358 1796 2430 προαποδέδεικται.
1830 2363 1895 2416 Et

313 2450 371 2503 δὲ
405 2450 501 2521 μία
537 2450 699 2520 φύσις
731 2454 760 2504 ὁ
797 2449 1052 2519 Χριστὸς,
1091 2450 1346 2522 περιττὸν
1381 2451 1442 2504 τὸ
1477 2451 1678 2520 λέγειν,
1702 2453 1831 2507 καθ’
1863 2454 1895 2508 ὃ

314 2543 410 2596 καλ⁸
437 2541 566 2597 καθ’
595 2541 649 2609 ὃ,
687 2542 784 2596 καὶ
806 2543 1036 2611 σαρκὸς
1057 2543 1248 2613 φύσιν
1271 2543 1363 2596 καὶ
1385 2543 1667 2610 θεότητος
1683 2546 1891 2613 φύσιν,

316 2634 527 2706 καὶτῷ
577 2636 846 2706 πεφυκότι
902 2635 1156 2706 πάσχειν,
1213 2637 1308 2689 καὶ
1362 2635 1441 2704 τῷ
1499 2636 1575 2708 μὴ
1627 2640 1894 2707 πεφυκότι

315 2727 546 2797 πάσχειν
571 2743 584 2757 ·
622 2727 797 2781 ταῦτα
819 2729 928 2800 γὰρ
953 2728 1045 2780 ἐπὶ
1077 2725 1171 2780 δύο
1201 2725 1416 2796 φύσεων
1439 2726 1682 2796 λέγεται.

397 2820 549 2874 Ἐπεὶ
585 2819 795 2889 λεγέτω
831 2821 860 2872 ό
899 2817 1256 2890 σοφιζόμενος
1286 2819 1542 2891 περιττὰ,
1571 2821 1620 2873 εξ
1644 2820 1893 2889 φυσικὸν,

315 2913 347 2983 ἢ
381 2909 625 2980 πεφυκός
649 2911 703 2963 τι
731 2911 880 2964 ἐστιν
919 2911 1049 2965 ἄνευ
1078 2909 1316 2981 φύσεως,
1351 2911 1380 2963 ὁ
1413 2910 1589 2979 λέγων
1639 2911 1768 2980 μίαν
1797 2911 1898 2981 φύ-

317 3006 399 3058 σιν
424 3007 517 3059 τοῦ
548 3004 684 3059 Θεοῦ
710 3003 888 3072 Λόγου
921 3005 1354 3074 σεσαρκωμένην
1398 3004 1494 3056 καὶ
1528 3003 1895 3074 ὲψυχωμένην

312 3099 456 3169 ψυχῇ
480 3098 670 3170 λογικῇ
696 3099 791 3151 καὶ
811 3098 994 3168 νοερᾷ.
1025 3097 1120 3149 καὶ
1149 3095 1224 3167 μὴ
1257 3095 1534 3166 ὁμολογῶν
1563 3096 1655 3150 δύο
1678 3097 1894 3166 φύσεις,

313 3189 496 3259 ὅμοιός
521 3189 635 3241 ἐστι
664 3186 741 3258 τῷ
762 3185 974 3254 λέγοντι
1003 3184 1060 3238 ἓν
1087 3185 1278 3256 ἥμισυ,
1304 3183 1486 3254 τρίτον
1504 3182 1663 3236 ἕκτον
1679 3199 1696 3214 ·
1723 3182 1895 3237 ταῦτα

312 3245 368 3334 δὲ
401 3282 458 3334 ὲν
475 3245 751 3352 eadem},
779 3245 986 3332 θέλοντι
1014 3245 1188 3332 εἰπεῖν
1207 3245 1321 3330 δύο.
1340 3245 1526 3329 ”Ὀταν
1556 3275 1689 3347 λέγῃ
1720 3270 1893 3348 Σευῆὲ
1920 3245 1962 3304 c

314 3391 410 3446 ρος
470 3375 528 3426 ὲν
548 3375 661 3436 τοῖς
690 3373 836 3426 κατὰ
882 3370 1204 3428 Ἰουλιανοῦξ
1245 3389 1266 3422 ι
1298 3369 1378 3424 Τὰ
1403 3369 1550 3439 πάθη
1581 3369 1649 3422 τὰ
1670 3369 1893 3422 ἑκούσια

313 3467 409 3520 καὶ
447 3463 765 3535 ἀδιάϐλητα,
819 3462 959 3516 κατὰ
993 3461 1122 3525 τοὺς
1157 3462 1255 3531 τῆς
1285 3461 1501 3531 φύσεως
1528 3460 1726 3530 νόμους
1755 3459 1894 3512 ἐνδι-

311 3560 493 3622 δόντος
524 3557 615 3610 τοῦ
646 3555 783 3611 Θεοῦ
814 3556 1012 3624 Λόγου,
1049 3553 1112 3606 τὸ
1154 3553 1314 3622 σῶμα
1347 3553 1585 3621 ἔπασχεν
1608 3566 1622 3579 ·
1659 3550 1725 3604 τὰ
1761 3549 1894 3603 θαύ-

317 3669 464 3722 ματα
491 3649 545 3703 δὲ
567 3650 731 3703 πάλιν
753 3649 819 3701 δι’
847 3645 1012 3702 αὐτοῦ
1043 3645 1137 3699 τοῦ
1178 3644 1430 3716 σώματος
1461 3644 1602 3713 ὑπὲρ
1633 3645 1759 3708 τοὺς
1789 3643 1891 3713 τῆς

313 3745 528 3814 φύσεως
563 3742 760 3812 νόμους
780 3739 1034 3794 ἀπετέλει
1065 3739 1187 3791 τότε
1231 3737 1326 3790 καὶ
1382 3737 1703 3807 ἐπράττετο.
1745 3755 1764 3788 ι
1809 3736 1891 3789 Τὰ

312 3838 420 3908 γὰρ
447 3837 649 3906 σημεῖα
680 3835 775 3888 καὶ
806 3831 1085 3904 παράδοξα
1115 3831 1183 3883 τὰ
1231 3830 1372 3900 ὑπὲρ
1421 3827 1520 3900 τὴν
1566 3828 1693 3898 μίαν
1727 3827 1890 3896 φύσιν

309 3930 515 4000 ταύτην
543 3929 642 4000 τὴν
677 3927 784 3980 τῶν
813 3925 1000 3978 παθῶν
1042 3923 1321 3992 δεκτικὴν,
1361 3922 1430 3974 τὰ
1463 3921 1605 3990 πέρα
1651 3921 1751 3990 τῆς
1790 3919 1892 3988 φύ-

312 4038 450 4085 σεως
475 4019 699 4090 ταύτης,
733 4019 850 4080 πῶς
885 4017 918 4088 ἢ
959 4015 1125 4070 πόθεν
1179 4013 1430 4084 ὲγίνετο;
1487 4011 1596 4065 Καὶ
1645 4013 1888 4080 ἀναγκα-

312 4114 588 4185 σθήσεται,
616 4110 692 4173 ὡς
721 4106 899 4179 οἶμαι,
950 4107 982 4175 ἢ
1023 4105 1169 4160 κατὰ
1205 4104 1503 4174 φαντασίαν
1547 4105 1738 4170 εἰπεῖν,
1768 4103 1800 4175 ἧ
1830 4102 1889 4168 ἐξ

309 4206 503 4276 ἑτέρας
525 4203 762 4273 φύσεως.
789 4202 1045 4271 Σευῆρος,
1071 4198 1147 4261 ὠς
1179 4198 1245 4252 τὰ
1279 4197 1688 4269 συγγράμματα
1719 4194 1885 4249 αὐτοῦ

308 4297 479 4368 δηλοῖ,
512 4294 606 4348 δύο
639 4292 828 4362 φύσεις
858 4289 1007 4357 λέγει
1036 4288 1129 4345 καὶ
1167 4287 1316 4358 μίαν,
1348 4290 1468 4350 ταῖς
1498 4289 1595 4356 μὲν
1622 4284 1722 4357 τὴν
1750 4286 1886 4358 ἀλή-

310 4391 465 4442 θειαν
487 4387 773 4450 δυσωπῶν,
811 4386 879 4454 τῇ
909 4383 966 4435 δὲ
1006 4383 1134 4444 τοὺς
1178 4381 1530 4444 διδασκάλους
1570 4379 1737 4433 αὐτοῦ
1775 4381 1882 4448 ἀφ-

313 4482 628 4551 οσιούμενος
655 4479 782 4540 τοὺς
795 4474 1562 4546 φαντασιανιστὰ;,Τιμόθεον
1578 4473 1668 4526 τὸν
1690 4471 1886 4525 Αῖλου-

2000 1994 2359 2064 proﬁtentur,
2415 2015 2481 2055 ac
2529 2003 2766 2058 maxime
2797 2005 3063 2076 seipsum.
3119 2011 3254 2066 Nam
3303 2015 3421 2084 ipse
3451 2019 3591 2074 duas

1999 2086 2054 2140 in
2108 2085 2331 2143 Christo
2382 2101 2610 2148 naturas
2663 2097 2933 2164 agnoscit,
2970 2115 3174 2171 easque
3219 2105 3590 2165 subsistentes

1999 2191 2064 2231 ac
2104 2192 2522 2248 permanentes.
2554 2184 2712 2241 Nunc
2739 2187 2964 2257 quidem
2993 2191 3110 2260 ipse
3138 2209 3231 2248 eas
3265 2198 3457 2251 nescio
3478 2215 3590 2269 quo

1999 2278 2164 2338 pacto
2196 2273 2250 2327 in
2279 2290 2444 2329 unam
2480 2278 2685 2349 redigit
2715 2321 2729 2344 ,
2758 2289 2814 2334 et
2843 2298 2992 2338 nunc
3014 2300 3109 2339 eos
3132 2289 3314 2358 carpit
3342 2291 3437 2360 qui
3468 2293 3594 2348 illas

1999 2359 2054 2413 in
2099 2378 2266 2416 unam
2315 2376 2523 2437 cogunt
2563 2378 2618 2424 et
2656 2371 2938 2443 redigunt,
2993 2377 3071 2430 uti
3130 2359 3427 2446 probatum
3476 2391 3584 2439 est.

1997 2451 2154 2518 Quod
2194 2455 2239 2509 si
2281 2473 2387 2511 una
2440 2461 2649 2516 Christi
2699 2474 2920 2531 natura,
2960 2481 3364 2537 supervacuum
3397 2473 3587 2532 dicere

1997 2544 2052 2596 in
2104 2557 2362 2616 quantum
2412 2560 2467 2606 et
2518 2555 2572 2607 in
2607 2567 2890 2626 quantum,
2943 2569 3040 2615 aut
3085 2571 3283 2619 natura
3317 2569 3497 2622 carnis
3530 2579 3588 2625 et

1999 2643 2196 2690 natura
2238 2639 2551 2707 divinitatis,
2591 2653 2687 2698 aut
2721 2647 2792 2700 ad
2845 2651 3113 2718 passiones
3147 2664 3332 2710 natum
3356 2658 3441 2712 vel
3478 2675 3583 2714 non

1999 2737 2186 2782 natum
2225 2746 2242 2783 :
2285 2731 2402 2787 lucc
2429 2735 2576 2788 enim
2603 2737 2670 2792 ad
2701 2738 2840 2794 duas
2865 2752 3092 2797 naturas
3124 2754 3398 2814 spectant.

2067 2824 2137 2874 At
2188 2822 2336 2878 dicat
2378 2841 2850 2896 supervacuorum
2910 2849 3234 2893 sermonum
3266 2851 3502 2910 amator,
3535 2846 3584 2902 si

1998 2913 2133 2982 quid
2165 2916 2419 2971 naturale
2448 2927 2534 2972 est
2564 2931 2660 2976 aut
2696 2932 2887 2977 natum
2919 2925 3126 2997 absque
3157 2939 3376 2988 natura.
3405 2934 3584 2992 Unam

1996 3020 2252 3062 asserens
2298 3017 2547 3065 naturam
2580 3013 2674 3068 Dei
2709 3016 2873 3070 Verbi
2905 3017 3244 3077 incarnatam
3297 3035 3352 3080 et
3397 3027 3583 3084 anima

1998 3097 2253 3153 rationali
2286 3100 2676 3174 spiritualique
2721 3108 3042 3177 animatam,
3095 3113 3234 3170 duas
3261 3132 3395 3172 vero
3422 3131 3586 3175 natu-

1999 3204 2088 3244 ras
2138 3205 2366 3261 negans,
2402 3193 2596 3250 similis
2639 3205 2724 3252 est
2775 3198 2985 3254 homini
3042 3205 3136 3273 qui
3191 3211 3582 3278 sesquilibram

1995 3289 2052 3335 et
2102 3289 2215 3336 tres
2259 3293 2541 3340 sextantes
2574 3287 2806 3357 diceret,
2852 3291 2970 3348 haec
3014 3304 3200 3350 autem
3256 3298 3314 3353 in
3360 3317 3582 3360 summa

1995 3374 2133 3430 duas
2163 3391 2364 3432 vocare
2395 3389 2702 3436 recusaret.
2730 3382 2786 3436 ln
2820 3384 2978 3441 libris
3005 3387 3272 3446 adversus
3301 3393 3581 3453 Iulianum

1994 3466 2112 3522 hate
2161 3468 2331 3523 habet
2384 3469 2627 3528 Severus
2668 3489 2682 3526 :
2722 3493 2740 3525 ι
2770 3473 2986 3546 Corpus
3020 3480 3310 3549 passiones
3339 3483 3578 3552 ferebat,

1994 3573 2133 3628 quas
2162 3559 2408 3615 libenter
2439 3571 2496 3617 et
2526 3563 2736 3633 absque
2785 3566 2896 3621 ulla
2946 3571 3384 3639 reprehensione
3435 3576 3580 3632 Deus

1993 3651 2236 3705 Verbum
2267 3653 2424 3720 juxta
2451 3663 2664 3712 naturae
2720 3657 2870 3728 leges
2929 3664 3200 3730 pertulit;
3239 3665 3417 3736 ipsum
3445 3685 3579 3724 vero

1993 3743 2264 3797 miracula
2308 3744 2654 3814 perﬁciebat,
2703 3758 2758 3803 et
2785 3752 3123 3819 operabatur
3157 3771 3278 3825 quae
3303 3773 3402 3827 per
3432 3760 3576 3815 idem

1993 3851 2198 3905 corpus
2253 3853 2422 3908 supra
2469 3848 2680 3894 natura}
2731 3842 2880 3913 leges
2937 3845 3131 3900 edidit.
3194 3867 3212 3899 ι
3264 3847 3426 3921 Signa
3483 3853 3574 3908 illa

1992 3929 2282 3997 splendida
2307 3946 2428 3999 quae
2456 3945 2621 3984 unam
2657 3932 2799 3987 hanc
2825 3935 3144 4007 passionum
3178 3954 3433 4009 capacem
3473 3959 3573 3997 na-

1992 4024 2173 4071 turam
2202 4026 2559 4088 exsuperant,
2602 4035 2725 4089 qua:
2757 4021 2905 4076 vires
2953 4023 3120 4093 hujus
3165 4036 3377 4082 natura:
3408 4045 3576 4085 exce-

1990 4109 2150 4176 dunt,
2188 4112 2466 4182 quomodo
2496 4121 2552 4166 et
2584 4128 2614 4166 a
2646 4128 2756 4183 quo
2784 4112 2962 4168 ﬁunt?
2990 4114 3302 4173 Contendat
3332 4130 3573 4189 oportet,

1991 4202 2180 4269 credo,
2233 4219 2297 4258 ea
2337 4205 2422 4258 vel
2451 4219 2550 4274 per
2583 4204 2907 4274 phantasma
2944 4214 3154 4261 tantum
3183 4209 3330 4274 lteri,
3356 4209 3442 4263 vel
3477 4226 3577 4280 per

1987 4295 2151 4349 aliam
2203 4304 2481 4350 naturam.
2531 4296 2770 4352 Severus
2793 4297 2980 4368 igitur,
3025 4299 3103 4353 uti
3157 4310 3423 4356 tractatus
3452 4304 3574 4374 ejus

1987 4387 2247 4457 probant,
2303 4387 2441 4443 duas
2491 4397 2720 4443 naturas
2762 4388 3062 4443 conﬁtetur
3105 4399 3163 4445 et
3212 4407 3375 4445 unam
3405 4409 3419 4457 ;
3451 4392 3572 4446 illas

1987 4479 2211 4548 quidem
2262 4483 2496 4535 veritate
2543 4480 2747 4558 victus,
2787 4497 2950 4534 unam
2993 4497 3125 4536 vero
3153 4483 3429 4553 magistris
3456 4485 3573 4539 suis

315 4591 406 4645 ρον
436 4575 530 4627 καὶ
560 4573 847 4642 Διόσκορον
877 4586 892 4601 ο
935 4570 1028 4622 καλ¹
1059 4567 1326 4638 Τιμοθέου
1380 4569 1476 4639 μὲν
1509 4569 1542 4638 ἡ
1590 4565 1716 4633 δόξα
1749 4582 1884 4637 προ-

1996 4572 2448 4628 Pbantasianistis
2496 4582 2875 4638 consecratus,
2923 4573 3238 4638 Timotheo,
3283 4573 3477 4630 JEluro
3515 4585 3572 4630 et

309 4669 624 4740 δεδήλωται,
655 4668 752 4740 τὴν
779 4668 837 4721 δὲ
857 4664 1153 4737 Διοσκόρου
1175 4661 1470 4730 γνώσονται
1492 4663 1540 4714 οἱ
1559 4659 1884 4730 ἀγνοοῦντες

310 4765 376 4816 ἐκ
398 4763 495 4833 τῆς
523 4760 814 4830 ἐπιστολῆς
835 4757 1000 4812 αὑτοῦ
1023 4758 1126 4826 τῆς
1146 4753 1451 4826 γραφείσης
1472 4753 1575 4805 ἀπὸ
1596 4753 1882 4824 Γαγγρῶν,

311 4858 370 4908 ὲν
485 4855 687 4926 γράφει
717 4852 890 4906 ταῦτα
913 4868 929 4884 ο
979 4869 998 4901 ι
1042 4849 1101 4902 Ὀ
1123 4845 1439 4917 ζμονογενὴς
1467 4845 1561 4897 τοῦ
1591 4845 1726 4899 Θεοῦ
1759 4846 1888 4911 Υἱὸς

311 4951 503 5016 Λόγος,
551 4947 581 4998 ὁ
637 4945 839 5016 Κύριος
869 4941 1026 5013 ἡμῶν
1071 4938 1280 5010 Ἰησοῦς
1314 4936 1565 5007 Χριστὸς,
1594 4937 1888 5008 γενόμενος

309 5039 599 5110 ἄνθρωπος
629 5035 799 5106 χωρὶς
836 5029 1118 5101 ἁμαρτίας
1150 5029 1246 5082 καὶ
1277 5027 1518 5098 τροπῆς,
1544 5029 1656 5090 τοῖς
1681 5028 1887 5098 ἅνθρω-

309 5133 486 5194 πὶνοις
518 5126 886 5198 κεκοινώνηκε
921 5123 1174 5186 πάθεσιν,
1214 5120 1275 5174 οὐ
1315 5119 1458 5174 κατὰ
1509 5119 1693 5188 φύσιν,
1749 5120 1886 5174 ἀλλὰ

308 5222 450 5276 κατὰ
475 5221 658 5293 χάριν.
700 5239 718 5272 ι
748 5220 858 5272 Καὶ
883 5216 1076 5270 πάλιν·
1118 5232 1136 5264 ι
1164 5214 1226 5266 Εἰ
1262 5212 1336 5284 μὴ
1373 5211 1433 5264 τὸ
1455 5206 1591 5280 αἷμα
1623 5209 1716 5264 τοῦ
1750 5213 1885 5282 Χρι-

309 5315 436 5369 στοῦ
467 5313 610 5368 κατὰ
633 5312 793 5383 φύσιν
830 5309 964 5364 Θεοῦ
997 5311 1165 5373 ἐστιν,
1214 5306 1309 5360 καὶ
1347 5305 1447 5358 οὐκ
1469 5301 1777 5374 ἀνθρώπου,
1830 5303 1884 5356 τί

304 5407 554 5477 διαφέρει
585 5403 678 5458 τοῦ
702 5403 931 5472 αἵματος
963 5401 1072 5454 τῶν
1125 5399 1345 5469 τράγων
1382 5398 1477 5450 καὶ
1531 5399 1744 5467 μόσχων
1790 5395 1884 5448 καὶ

305 5501 405 5568 τῆς
433 5497 628 5552 σποδοῦ
668 5497 765 5567 τῆς
809 5495 1136 5564 δαμάλεως;
1179 5493 1287 5546 Καὶ
1331 5491 1493 5544 τοῦτο
1531 5491 1640 5558 γὰρ
1699 5491 1882 5559 γήϊνον

305 5595 399 5645 καὶ
451 5592 712 5662 φθαρτὸν,
749 5590 846 5644 καλ¹
895 5590 955 5642 τὺ
983 5585 1121 5654 αἷμα
1150 5586 1258 5640 τῶν
1290 5585 1433 5639 κατὰ
1465 5584 1625 5654 φύσιν
1669 5581 1882 5652 ἀνθρώ-

306 5705 445 5754 πων,
484 5688 671 5757 γήϊνον
718 5686 812 5739 καὶ
862 5682 1119 5754 φθαρτόν.
1159 5679 1322 5733 Ἀλλὰ
1375 5678 1450 5750 μὴ
1503 5678 1713 5747 γένοιτο
1763 5674 1882 5738 ἐνὸς

305 5777 414 5832 τῶν
450 5777 591 5831 κατὰ
645 5777 805 5847 φύσιν
861 5776 1039 5845 λέγειν
1099 5773 1251 5842 ἡμᾶς
1302 5771 1586 5842 ὁμοούσιον
1640 5769 1700 5821 τὸ
1743 5761 1881 5837 αἷμα

306 5869 564 5944 Χριστοῦ.
603 5891 620 5924 ι

1986 4665 2272 4719 Dioscoro.
2331 4665 2608 4720 Timothei
2657 4665 2909 4720 doctrina
2957 4666 3218 4721 omnibus
3265 4676 3392 4721 nota
3441 4677 3568 4735 est;

1985 4757 2235 4812 Dioscori
2265 4765 2449 4812 autem
2476 4758 2768 4828 opiniones
2797 4767 3134 4827 cognoscent
3163 4758 3257 4826 qui
3293 4774 3387 4813 eas
3414 4759 3570 4830 igno-

1986 4858 2132 4914 rant,
2161 4865 2229 4902 ex
2249 4849 2483 4920 epistola
2513 4865 2675 4919 quam
2708 4865 2738 4904 a
2775 4849 3008 4920 Gangris
3032 4850 3271 4918 scripsit.
3301 4849 3398 4904 Hic
3419 4850 3567 4905 enim

1987 4940 2065 4994 ita
2117 4942 2414 5011 loquitur:
2470 4960 2490 4990 ι
2543 4941 2876 5011 Unigenitus
2925 4941 3023 4995 Dei
3080 4941 3253 4995 Filius
3304 4941 3567 5005 Verbum.

1985 5030 2253 5085 Dominus
2320 5039 2514 5085 noster
2575 5031 2736 5086 Jesus
2799 5030 3076 5096 Christus,
3139 5031 3307 5086 homo
3361 5032 3570 5104 absque

1984 5129 2213 5191 peccato
2249 5129 2305 5175 et
2354 5122 2662 5178 mutatione
2694 5122 2894 5188 factus,
2927 5122 3188 5178 humanis
3214 5123 3572 5194 passionibus

1985 5213 2270 5284 subjectus
2315 5223 2417 5279 est,
2445 5231 2556 5268 non
2583 5222 2802 5278 natura,
2840 5215 2936 5272 sed
2969 5216 3192 5286 gratia.»
3227 5216 3295 5270 Et
3330 5233 3566 5274 rursus:

1993 5325 2008 5356 ι
2031 5305 2146 5359 Nisi
2175 5305 2398 5376 sanguis
2427 5305 2634 5361 Christi
2666 5316 2861 5362 natura
2889 5307 2988 5362 Dei
3017 5309 3272 5374 erit,non
3302 5310 3565 5375 hominis,

1985 5396 2119 5467 quid
2147 5397 2369 5453 diﬁ'eret
2397 5414 2427 5452 a
2459 5400 2727 5469 sanguine
2766 5400 3052 5456 hircorum
3088 5411 3145 5456 et
3176 5401 3478 5456 vitulorum
3510 5411 3568 5457 et

1986 5507 2014 5545 a
2045 5490 2232 5546 cinere
2259 5491 2419 5546 bovis
2438 5492 2464 5546 ?
2492 5491 2592 5547 Hic
2616 5493 2763 5547 enim
2803 5502 3058 5549 terrenus
3073 5509 3136 5548 ac
3162 5493 3563 5563 corruptibilis,

1985 5595 2042 5638 at
2077 5594 2332 5640 terrenus
2378 5601 2603 5656 quoque
2637 5603 2698 5641 ac
2721 5587 3103 5656 corruptibilis
3127 5586 3348 5657 sanguis
3369 5601 3562 5642 eorum

1984 5678 2079 5746 qui
2127 5674 2325 5731 natura
2360 5677 2615 5734 homines
2645 5687 2793 5734 sunt.
2847 5679 3037 5734 Nolint
3077 5695 3208 5750 ergo
3241 5678 3427 5734 dicere
3469 5679 3564 5748 qui

1983 5774 2183 5820 natura
2223 5766 2478 5822 homines
2503 5777 2652 5833 sunt,
2690 5768 2851 5823 nobis
2883 5768 3408 5824 consubstantialem
3439 5780 3580 5856 esse.
3609 5812 3622 5820 .

1985 5863 2304 5934 sanguinem
2336 5861 2568 5916 Christi.
2603 5885 2618 5914 ι
