4112 6536
554 501 659 566 935

1753 469 2167 534 EUSTATIIII
2205 465 2549 528 MONACHI
2610 455 2630 472 “

3711 452 3818 512 936

620 600 917 657 Dioscorus
962 596 1056 650 hic
1104 603 1159 648 et
1201 591 1526 647 Timotheus
1567 588 1813 658 magistri
1865 595 1997 641 sunt
2030 588 2124 640 be-

2303 574 2473 640 Οὗτος
2515 573 2803 644 Διόσκορος
2852 573 2948 626 καὶ
2981 568 3264 642 Τιμόθεος,
3299 569 3350 624 ei
3380 567 3614 623 τοιοῦτοι
3655 567 3808 622 διδάς

549 693 688 750 veri.
729 692 805 747 Ab
855 691 966 744 illis
1007 701 1174 742 unam
1207 696 1458 738 naturam
1489 682 1722 750 accepit,
1754 679 1973 750 rejectis
1999 678 2126 747 qui-

552 784 786 839 busdam
830 795 1024 836 eorum
1070 775 1366 847 ﬁgmentis,
1405 787 1637 842 eamque
1671 771 1876 825 nostris
1913 769 2124 824 doctri-

552 875 640 930 nis
667 872 984 936 illustravit,
1016 868 1390 925 meretricium
1420 880 1621 935 corpus
1665 861 1932 918 modestis
1961 861 2126 915 vesti-

553 967 656 1020 bus
677 979 968 1018 exornans.
1003 947 1343 1017 Vocabuilum
1364 958 1590 1028 quidem
1623 957 1781 1010 unius
1807 962 1866 1009 ut
1890 953 2124 1024 patriam

553 1057 934 1113 luereditatem
977 1054 1228 1118 retinuit,
1271 1050 1566 1106 sententiis
1618 1063 1750 1102 vero
1782 1046 1920 1102 illud
1952 1044 2128 1100 invol-

551 1149 651 1212 vit,
709 1162 830 1217 quae
896 1160 1006 1200 non
1062 1144 1168 1198 nisi
1220 1143 1436 1198 duabus
1481 1140 1697 1195 naturis
1760 1136 2122 1194 conveniunt.

553 1240 751 1310 Reipsa
783 1239 920 1292 duas
952 1245 1180 1291 naturas
1224 1233 1536 1296 confirmat,
1579 1231 1908 1286 vocabulum
1941 1238 2125 1284 autem

552 1333 782 1386 duarum
819 1332 1145 1400 plerumque
1209 1327 1442 1397 respuit.
1490 1324 1644 1380 Unde
1694 1337 1967 1391 nusquam
2017 1321 2124 1377 sibi

553 1430 768 1477 constat
823 1423 876 1475 in
950 1416 1502 1489 interpretationibus
1543 1414 1678 1468 suis.
1716 1411 1939 1482 Regiam
1983 1412 2125 1465 viam

551 1530 677 1568 cum
718 1515 974 1568 insistere
1003 1510 1262 1573 noluerit,
1293 1509 1404 1563 huc
1447 1517 1614 1576 atque
1654 1506 1788 1559 illuc
1816 1506 2127 1559 circumva-

551 1615 709 1676 gatur
759 1613 816 1659 et
844 1602 1315 1671 circumjactatur,
1349 1599 1590 1653 asseclas
1628 1612 1760 1652 suos
1800 1611 1988 1651 secum
2013 1595 2124 1649 cir-

551 1698 910 1752 cumducens.
973 1695 1204 1750 Sibimet
1249 1707 1468 1763 semper
1516 1706 1788 1762 pugnans,
1840 1689 2125 1759 Eutychen

548 1790 996 1853 ana-thematizat,
1045 1789 1369 1843 Dioscorum
1418 1800 1552 1840 vero
1593 1783 1846 1854 suscipit,
1895 1783 2126 1853 ejusque

548 1895 759 1952 pugnas
787 1887 1073 1934 reveretur
1107 1886 1164 1931 et
1190 1875 1372 1946 magni
1404 1875 1554 1937 facit,
1583 1889 1721 1944 quas
1746 1887 1847 1943 pro
1878 1871 2126 1943 Eutyche

2229 671 2419 725 σκαλοί
2453 671 2594 722 εἰσιν
2627 667 2897 737 Σευήρου,
2922 666 2980 732 ἐξ
3020 658 3095 719 ὧν
3130 664 3231 734 τὴν
3273 664 3405 734 μίαν
3432 662 3596 732 φύσιν
3626 679 3809 732 παραο

2225 763 2429 826 λαϐὼν,
2459 762 2570 815 τισὶ
2590 760 2649 814 δὲ
2678 759 2788 812 τῶν
2807 757 3093 828 νοημάτων
3119 741 3297 809 αὐτῶν
3329 754 3807 825 ἁπαρεσκόμενος,

2225 854 2293 908 τὰ
2336 852 2584 925 ἡμέτερα
2618 851 2868 922 νοήματα
2907 847 3275 920 περιέπλασεν
3310 847 3447 917 αὐτῇ
3473 885 3487 910 ,
3523 845 3583 899 τὸ
3617 862 3808 916 πορνι-

2228 947 2322 999 κδν
2351 947 2513 1015 σῶμα
2535 943 2614 1014 τῷ
2646 941 2973 1014 σωφρονικῷ
2995 941 3253 1011 ὲνδύματι
3283 937 3664 1023 καλλωπίζων.
3696 939 3810 990 Καὶ

2224 1039 2326 1107 τὴν
2353 1037 2499 1101 λέξιν
2534 1038 2632 1107 μὲν
2652 1034 2775 1107 [τὴν
2791 1031 2962 1106 μίαν]
2993 1033 3068 1095 ὡς
3099 1031 3350 1101 πατρῷον
3373 1029 3575 1099 κλῆρον
3600 1028 3806 1098 φυλάτο

2225 1146 2354 1190 των,
2383 1129 2481 1191 τὰς
2508 1126 2812 1192 δηλωτικὰς
2837 1123 2895 1178 δὲ
2928 1124 3141 1184 ἐννοίας
3185 1121 3295 1176 τῶν
3324 1121 3421 1174 δύο
3454 1120 3668 1190 φύσεων
3710 1137 3810 1171 πεσ-

2232 1219 2458 1290 ριτιθεὶς
2482 1218 2641 1288 αὐτῇ·
2669 1217 2766 1271 καὶ
2789 1216 2883 1270 ἐπὶ
2915 1215 3015 1286 μὲν
3040 1215 3150 1267 τῶν
3185 1213 3527 1284 πραγμάτων
3566 1211 3659 1265 δύο
3701 1211 3807 1279 φύ-

2229 1301 2344 1372 σεις
2373 1308 2677 1380 παριστῶν,
2723 1307 2897 1378 αὐτὴν
2929 1306 2988 1360 δὲ
3025 1305 3125 1376 τὴν
3159 1305 3306 1372 λέξιν
3339 1292 3438 1375 τὴν
3468 1303 3576 1357 δύο
3609 1319 3810 1373 παραι-

2225 1400 2487 1472 τούμενος
2551 1401 2618 1453 τὰ
2665 1398 2860 1453 πολλά.
2912 1398 3077 1451 Ὅθεν
3127 1397 3313 1451 καὶτὸ
3371 1396 3602 1450 ἄστατον
3653 1393 3806 1463 αὑτῷ

2228 1495 2524 1566 πρόσεστιν
2569 1494 2627 1546 ὲν
2660 1496 2777 1556 ταῖς
2817 1491 3137 1562 ἐξηγήσεσιο
3178 1492 3245 1561 τῇ
3275 1489 3388 1561 γὰρ
3419 1488 3674 1560 βασιλικῇ
3699 1486 3807 1556 ὁδῷ

2230 1587 2305 1657 μὴ
2347 1585 2632 1657 βουληθεὶς
2661 1583 3016 1657 πορευθῆναι,
3061 1584 3174 1637 ἄνω
3213 1583 3308 1637 καὶ
3354 1584 3505 1637 κάτω
3531 1580 3806 1653 περιπλα-

2227 1679 2388 1731 νᾶται
2418 1677 2514 1731 καὶ
2537 1676 2950 1750 περικρούεται,
2986 1675 3379 1746 συμπεριάγων
3413 1675 3538 1737 τοὺς
3577 1674 3805 1726 ἀκολου-

2228 1770 2456 1836 θοῦντας
2485 1771 2632 1841 αὐτῷ
2657 1787 2670 1801 ·
2703 1771 2777 1834 ὡς
2807 1771 2972 1842 μηδὲν
3000 1770 3290 1824 ἀκόλουθον
3320 1771 3597 1840 πράττων,
3629 1766 3807 1820 Eme

2228 1865 2329 1938 χέα
2361 1866 2459 1935 μὲν
2489 1864 2897 1935 ἀναθεματίζει,
2931 1863 3222 1933 Διόσκορον
3252 1861 3307 1914 δὲ
3339 1861 3677 1930 ἀποδέχεται,
3708 1859 3808 1912 καὶ

548 1973 617 2032 ad
685 1973 895 2028 exitum
947 1979 1004 2026 et
1064 1969 1479 2024 damnationem
1532 1975 1588 2020 et
1645 1972 1879 2019 mortem
1949 1978 2122 2019 usaue

2226 1958 2420 2012 τούτου
2463 1958 2590 2020 τοὺς
2623 1955 2842 2024 ἀγῶνας
2883 1956 3019 2025 τιμᾷ
3047 1955 3142 2008 καὶ
3172 1952 3497 2016 ἀσπάζεται,
3521 1949 3613 2014 οὓς
3650 1953 3804 2020 ἡγω-

548 2065 797 2134 pertulit.

617 2244 776 2312 Quod
812 2243 858 2300 si
901 2243 1026 2314 quis
1055 2240 1258 2297 dixerit
1290 2238 1613 2295 emendatos
1637 2238 1810 2293 libros
1832 2232 2124 2306 Eutychen

549 2338 814 2392 Dioscoro
856 2331 1148 2388 tradidisse
1194 2340 1250 2387 et
1293 2331 1397 2385 hac
1449 2329 1518 2384 de
1563 2343 1726 2382 causa
1752 2327 1821 2382 ab
1853 2341 1920 2381 eo
1953 2325 2124 2380 fuisse

550 2424 862 2487 defensum,
895 2421 1184 2476 mentitur.
1233 2421 1294 2475 ln
1339 2419 1488 2474 libro
1516 2419 1666 2473 enim
1703 2432 1868 2487 quem
1899 2416 2126 2470 Diosco-

551 2532 646 2570 rus
670 2514 884 2584 accepit
921 2529 1034 2568 non
1081 2511 1500 2567 emendationes
1546 2510 1788 2575 inerant,
1826 2507 1922 2563 sed
1945 2507 2127 2561 incre-

548 2607 801 2678 pationes
829 2606 882 2660 in
906 2605 1127 2659 beatum
1155 2604 1476 2659 Flavianum
1506 2601 1657 2672 quod
1679 2598 2125 2655 anathematibus

549 2698 667 2754 suis
717 2697 1089 2752 orthodoxam
1143 2695 1310 2750 istum
1363 2695 1542 2748 virum
1597 2709 1664 2749 ex
1717 2692 1924 2747 teneris
1963 2691 2126 2746 annis

549 2784 925 2843 damnaverat.
976 2787 1085 2842 Sed
1135 2785 1503 2841 concedamus
1523 2786 1691 2840 etiam
1724 2785 1930 2839 librum
1955 2784 2126 2855 Euty-

548 2867 669 2934 chis
698 2879 1054 2934 emendatum
1097 2877 1284 2932 fuisse.
1329 2877 1386 2931 Si
1419 2892 1547 2932 eum
1588 2877 1775 2946 lapsus
1797 2876 2121 2946 pmnitcbat,

547 2971 644 3040 qui
699 2959 1023 3025 Flavianum
1077 2969 1398 3033 trucidavit,
1430 2970 1574 3024 hanc
1604 2983 1769 3022 unam
1798 2968 1869 3022 ob
1899 2983 2124 3022 causam

547 3061 696 3134 quod
717 3059 876 3132 lapso
916 3061 1151 3132 Eutychi
1187 3076 1297 3115 non
1327 3061 1694 3130 pepercerat?
1717 3059 1830 3114 Cur
1866 3075 1994 3114 eum
2023 3059 2124 3113 Se-

546 3169 711 3208 verus
735 3153 979 3218 damnat,
1011 3167 1174 3222 quem
1221 3151 1517 3207 Dioscorus
1554 3153 1916 3222 pamitentem
1939 3167 2126 3208 susce-

547 3244 663 3316 pit?
710 3245 832 3316 lpse
871 3245 1036 3301 etiam
1087 3245 1384 3301 Dioscorus
1427 3243 1559 3302 dum
1608 3252 1772 3318 negat
1798 3245 2122 3319 sanguinem

546 3337 754 3391 Christi
797 3337 1052 3392 humana:
1093 3347 1304 3393 natura:
1351 3338 1900 3406 consubstantialem,
1936 3355 2122 3396 nonne

548 3426 795 3482 declarat
829 3443 888 3482 se
917 3444 1025 3482 non
1055 3444 1256 3499 corpus
1291 3445 1453 3485 unam
1473 3429 1681 3485 Christi
1715 3440 1970 3486 naturam
1996 3447 2127 3501 pro-

548 3520 872 3574 l‘essurum?
913 3519 982 3574 At
1033 3519 1358 3576 Timotheus
1404 3538 1627 3593 quoque
1684 3524 1859 3577 solam
1917 3524 2126 3580 Christi

546 3612 792 3667 divinam
847 3609 1102 3666 naturam
1147 3613 1418 3683 agnoscit,
1469 3629 1692 3670 carnem
1759 3631 1894 3671 vero
1943 3631 2126 3686 neque

545 3710 802 3757 naturam
833 3715 1014 3772 neque
1047 3703 1414 3757 substantiam
1458 3713 1652 3770 vocat;
1703 3705 1780 3758 ita
1819 3705 1896 3759 nil
1928 3715 2127 3775 praeter

545 3805 749 3844 nomen
792 3794 976 3844 carnis
1020 3799 1260 3860 uterque
1305 3792 1623 3848 conﬁtetur.
1671 3794 1913 3864 Uterque
1957 3795 2127 3867 igitur

544 3880 769 3951 ingenio
820 3894 921 3934 suo
959 3879 1277 3951 indulgens,
1321 3897 1488 3936 uuam
1539 3891 1792 3938 naturam
1823 3885 2036 3952 docuit,
2071 3896 2128 3943 et

541 3985 644 4025 eos
694 3969 787 4040 qui
833 3969 1120 4041 Eutychen
1169 3971 1776 4027 anathematizaverant
1824 3974 2127 4031 insectatus

543 4072 651 4118 est.

617 4157 854 4211 Severus
899 4170 1033 4211 vero
1069 4156 1200 4211 dum
1257 4173 1286 4212 a
1339 4157 1616 4228 magistris
1661 4158 1779 4213 suis
1818 4159 2126 4215 abhorrens

544 4265 748 4320 corpus
809 4247 1015 4304 Christi
1072 4251 1236 4304 nobis
1290 4251 1762 4305 consubstantiale
1809 4252 2122 4321 prolitetur,

544 4350 603 4395 et
645 4339 784 4396 duas
837 4341 894 4396 in
941 4339 1166 4396 Christo
1212 4351 1436 4396 naturas
1475 4342 1743 4412 agnoscit,
1789 4352 1846 4397 et
1884 4343 1986 4398 has
2039 4345 2123 4398 vel

546 4442 671 4505 post
695 4433 957 4490 unionem
990 4433 1316 4489 dill‘erentes
1339 4442 1396 4489 et
1416 4433 1667 4489 diversas
1691 4442 1748 4489 et
1784 4436 2123 4500 inconl‘usas,

544 4525 898 4594 animamque
951 4525 1007 4578 in
1060 4524 1254 4578 mortis
1319 4533 1605 4578 momento
1639 4526 1967 4590 secessisse,
2021 4527 2126 4579 hoc

2227 2050 2405 2115 νίζετο
2443 2051 2584 2120 ὑπὲρ
2627 2048 2902 2118 Εὐτυχοῦς
2934 2048 3098 2119 μέχρι
3138 2046 3514 2118 καθαιρέσεως
3544 2047 3638 2099 καὶ
3669 2047 3806 2098 ἀναο

2229 2141 2566 2213 θεματισμοῦ
2611 2142 2704 2194 καὶ
2727 2140 2963 2212 ἐξορίας.

2299 2236 2361 2287 Εἰ
2412 2233 2470 2286 δέ
2519 2250 2603 2296 τις
2647 2232 2791 2285 είποι
2841 2233 2926 2285 ὅτι
2983 2232 3463 2304 μεταμελητικους
3524 2230 3806 2294 λιϐέλλους

2227 2324 2449 2390 ἐδέξατο
2481 2324 2771 2396 Διόσκορος
2814 2325 2965 2397 παρὰ
3016 2325 3316 2396 Εὐτυχοῦς,
3369 2328 3465 2378 καὶ
3515 2325 3604 2378 διὰ
3646 2323 3804 2377 τοῦτο

2229 2417 2610 2488 ὐπερήσπισεν
2653 2415 2855 2479 αὑτοῦ,
2893 2415 3173 2485 ψεύδεται.
3232 2415 3290 2470 Ὀ
3329 2414 3440 2484 γὰρ
3491 2413 3732 2476 λίϐελλος
3775 2415 3806 2467 ὁ

2227 2506 2500 2570 ὲπιδοθεὶς
2553 2505 2703 2577 αὐτῷ
2745 2506 2871 2578 παρ’
2897 2506 3130 2568 ἐκείνου,
3160 2508 3219 2560 οὐ
3253 2505 3618 2578 μεταμέλειαν
3664 2506 3803 2576 ἔχει,

2226 2596 2363 2651 ἀλλὰ
2418 2597 2628 2668 μέμψιν
2683 2597 2830 2650 κατὰ
2879 2596 2971 2650 τοῦ
3031 2598 3306 2669 μακαρίου
3367 2596 3668 2651 Φλαϐιανοῦ
3719 2597 3804 2650 ὅτι

2225 2689 2478 2743 καθεῖλεν
2528 2689 2936 2760 ἀναθεματίσας
2996 2690 3161 2744 αὑτὸν
3205 2690 3263 2757 ἐξ
3334 2687 3557 2743 ἁπαλῶν
3597 2689 3805 2759 ὀνύχων

2225 2781 2508 2854 ὀρθόδοξον
2577 2781 2705 2834 ὄντα
2759 2781 2948 2838 αὐτόν.
3005 2781 3252 2834 Δεδόσθω
3312 2781 3368 2834 δὲ
3433 2780 3805 2852 μεταμέλειαν

2227 2861 2373 2945 ἔχειν
2395 2875 2486 2927 τὸν
2515 2859 2756 2927 λίϐελλον
2778 2873 3069 2944 Εὐτυχοῦς.
3101 2875 3163 2926 Ei
3192 2873 3498 2943 μετάμελος
3526 2873 3616 2925 ἐπὶ
3637 2872 3805 2925 πταίο

2229 2985 2399 3038 σματι
2435 2967 2684 3036 γέγονεν,
2717 2967 2863 3030 τίνος
2895 2961 2988 3019 οὖν
3039 2966 3196 3036 χάριν
3244 2963 3541 3017 Φλαϐιανὸν
3579 2957 3804 3030 ἐφόνευ-

2230 3075 2320 3112 σεν
2346 3059 2437 3112 τὸν
2471 3057 2950 3128 ἁναθεματίσαντα
2973 3055 3224 3125 Εὐτυχέα
3258 3055 3338 3108 ἔτι
3365 3056 3664 3118 πταίοντα;
3701 3053 3804 3104 “Ov

2225 3141 2285 3205 δὲ
2325 3151 2618 3220 Διόσκορος
2662 3146 2884 3214 ἐδέξατο
2919 3145 3393 3220 μεταμεληθέντα,
3431 3146 3667 3218 Σευῆρος
3711 3144 3806 3199 διὰ

2227 3245 2281 3299 τί
2309 3243 2745 3316 ἀναθεματίζει;
2781 3243 2892 3297 Καὶ
2923 3244 3217 3313 Διόσκορος
3259 3242 3358 3312 μὲν
3391 3239 3465 3304 ὼς
3500 3241 3576 3312 μὴ
3607 3239 3804 3309 ὁμολο-

2226 3337 2342 3409 γῶν
2380 3336 2666 3410 ὀμοούσιον
2709 3336 2816 3390 τῶν
2847 3336 2990 3389 κατᾶ
3036 3334 3198 3406 φύσιν
3235 3332 3539 3406 ἀνθρώπων
3574 3332 3634 3384 τὸ
3665 3325 3808 3401 αἷμα

2227 3429 2490 3502 Χριστοῦ,
2511 3427 2670 3494 δῆλον
2701 3429 2785 3482 ὅτι
2819 3427 2938 3480 οὐδὲ
2960 3426 3021 3477 τὸ
3043 3425 3203 3496 σῶμα
3231 3424 3459 3486 εἰκότως
3483 3421 3612 3492 μίαν
3639 3421 3806 3491 φύσιν

2227 3523 2380 3588 λέγει
2432 3518 2694 3590 Χριστοῦ.
2741 3518 2975 3590 Ὁμοίως
3026 3518 3122 3570 καὶ
3181 3515 3446 3586 Τιμόθεος
3472 3515 3572 3582 τὴν
3605 3513 3799 3584 θεῖκὴν

2231 3613 2392 3684 μόνον
2418 3609 2558 3666 οἶδεν
2585 3611 2746 3680 φύσιν
2782 3608 3042 3680 Χριστοῦ,
3073 3609 3170 3674 τὴν
3201 3599 3258 3660 δὲ
3293 3606 3473 3677 σάρκα
3493 3603 3618 3658 οὔτε
3641 3604 3806 3674 φύσιν

2229 3703 2356 3758 οὔτε
2382 3705 2592 3758 οὐσίανο
2623 3702 2698 3766 ὼς
2724 3697 2862 3755 εἶναι
2896 3699 3026 3769 παρ’
3060 3700 3244 3761 αὐτοῖς
3272 3696 3444 3767 ὄνομα
3479 3697 3637 3767 μόνον
3670 3713 3807 3766 σαρ-

2229 3798 2358 3861 κός·
2400 3794 2703 3867 ἀμφότεροι
2754 3789 2847 3847 οὖν
2909 3789 3330 3852 ἀκολουθοῦντες
3379 3790 3629 3854 ἑαυτοῖς,
3674 3788 3807 3858 μίαν

2231 3892 2394 3961 φύσιν
2427 3889 2816 3958 ἐδογμάτισαν,
2849 3885 2945 3939 καὶ
2975 3884 3312 3953 ἠγωνίσαντο
3346 3882 3490 3937 κατὰ
3527 3881 3632 3935 τῶν
3676 3881 3806 3934 ἀνα-

2230 3980 2634 4054 θεματιζόντων
2670 3976 2939 4048 Εὐτυχέα.

2299 4163 2544 4234 Σευῆρος
2587 4161 2642 4214 δὲ
2685 4159 2973 4231 ὁμοούσιον
3022 4161 3159 4230 ἡμῖν
3210 4159 3487 4229 ὁμολογῶν
3532 4158 3595 4211 τὸ
3644 4157 3804 4227 σῶμα

2227 4255 2466 4327 Χριστοῦ
2497 4253 2808 4319 ἐξεναντίας
2837 4252 2944 4306 τῶν
2972 4251 3312 4306 διδασκάλων
3346 4250 3536 4316 αὑτοῦ,
3571 4253 3664 4305 καὶ
3705 4250 3808 4319 φύ-

2231 4359 2344 4405 σεις
2391 4339 2674 4410 ὀνομάζων
2713 4340 2806 4394 ἐπὶ
2846 4340 3085 4411 Χριστοῦ
3110 4379 3125 4403 ,
3162 4342 3257 4394 καὶ
3321 4340 3539 4394 σκοπῶν
3597 4340 3806 4404 ταύτας

2232 4431 2371 4503 μετὰ
2407 4431 2509 4502 τὴν
2546 4431 2761 4496 ἕνωσιν,
2801 4432 2897 4484 καὶ
2924 4431 3210 4502 διαφορὰν,
3242 4433 3335 4485 καὶ
3362 4432 3678 4502 ἑτερότητα,
3708 4433 3805 4486 καὶ

2227 4515 2288 4576 τδ
2319 4522 2650 4593 ἀσύγχυτον,
2676 4523 2772 4576 καὶ
2799 4524 3079 4593 χωρισμὸν
3107 4525 3206 4594 τῆς
3229 4522 3407 4594 ψυχῆς
3437 4526 3495 4576 ἐν
3524 4523 3601 4593 τῷ
3625 4523 3804 4596 καιρῷ

546 4627 654 4684 est,
701 4627 875 4673 totum
929 4617 1099 4672 fuisse
1159 4617 1398 4672 divisum
1452 4626 1609 4686 putat
1657 4620 1840 4687 (nam
1896 4621 2124 4674 recessit

2227 4615 2324 4669 τοῦ
2359 4614 2614 4679 θανάτου,
2642 4616 2670 4668 ὃ
2704 4616 2822 4668 ἐστι
2874 4616 2968 4669 τοῦ
3022 4617 3144 4669 ὅλου
3197 4617 3462 4688 μερισμὸς
3506 4605 3800 4687 (ἐχωρίσθη

545 4708 732 4763 anima
777 4725 808 4763 e
848 4724 1081 4778 corpore
1109 4749 1122 4773 ,
1158 4707 1421 4762 divinitas
1463 4716 1678 4762 tantum
1724 4710 1950 4778 utrique
2002 4719 2122 4765 erat

545 4801 989 4857 substantialiter
1020 4801 1221 4872 unita),
1277 4801 1410 4855 dum
1440 4801 1569 4854 talia
1594 4799 1760 4855 docet
1785 4841 1800 4866 ,
1841 4802 2124 4858 discernat

544 4911 740 4966 :equus
775 4893 948 4966 judex
991 4909 1063 4949 an
1111 4894 1312 4948 merito
1362 4909 1528 4948 unam
1571 4893 1663 4948 hic
1715 4893 1978 4949 defendat
2023 4912 2122 4950 na-

548 4999 751 5053 turam,
799 4986 1057 5054 virosque
1093 4981 1318 5039 damnet
1364 4983 1504 5038 duas
1536 4995 1760 5038 naturas
1814 4983 2120 5040 confessos.

547 5081 801 5133 Attamen
835 5076 892 5130 in
924 5075 1082 5130 libris
1111 5074 1379 5129 adversus
1411 5072 1866 5140 Grammaticum,
1898 5076 1968 5130 ad
2003 5092 2122 5129 ma-

543 5173 635 5242 jus
675 5171 760 5225 sui
795 5169 972 5239 ipsius
1000 5165 1246 5223 dedecus
1273 5177 1329 5223 et
1367 5167 1660 5238 judicium,
1696 5169 1773 5222 ait
1805 5186 1818 5220 :
1863 5188 1879 5218 ι
1911 5169 2029 5224 Duo
2056 5185 2123 5223 ex

546 5263 752 5334 quibus
801 5272 888 5318 est
937 5263 1093 5324 unio,
1142 5259 1286 5315 facta
1348 5261 1576 5325 unione,
1632 5276 1743 5315 non
1792 5261 1896 5316 nisi
1938 5271 2122 5317 mente

546 5365 682 5411 etcx
704 5363 864 5426 pacto
881 5353 950 5408 ab
972 5354 1208 5409 invicem
1231 5354 1674 5423 distinguuntur;
1695 5370 1818 5409 nam
1839 5369 2122 5424 nunquam

547 5447 834 5503 desierunt
894 5446 1030 5501 duas
1081 5445 1297 5501 allicere
1349 5447 1736 5518 hypostases.»
1778 5446 1982 5501 Audiat
2033 5463 2122 5503 sa-

547 5555 654 5595 nus
691 5535 1094 5594 insanientem:
1119 5555 1240 5610 qua:
1271 5548 1454 5594 mente
1482 5539 1776 5604 sentiebat,
1814 5555 1911 5596 ore
1942 5540 2124 5596 decla-

549 5632 692 5686 ravit
742 5651 755 5686 :
806 5629 940 5688 Dum
986 5633 1309 5706 bypostases
1363 5649 1472 5687 non
1533 5633 1822 5689 desierunt
1861 5635 1945 5688 vel
2000 5644 2122 5704 post

549 5722 844 5792 unionem;
870 5724 966 5780 sed
997 5734 1126 5780 sunt
1153 5724 1295 5779 duae.
1321 5723 1529 5779 Deinde
1561 5725 1678 5779 hac
1713 5727 1786 5779 ita
1818 5739 1875 5779 se
1913 5724 2121 5780 habere

543 5815 882 5871 conﬁrmans
920 5817 1113 5872 eodem
1153 5817 1301 5871 libro
1329 5815 1465 5871 dicit
1498 5833 1510 5868 :
1551 5835 1569 5866 ‹
1611 5809 1782 5872 Unam
1826 5815 1922 5868 Dei
1955 5815 2118 5870 Verbi

549 5906 869 5978 hypostasin
883 5908 1215 5980 cogitatione
1249 5917 1464 5964 tantum
1491 5906 1829 5972 distinctam,
1875 5915 1929 5961 et
1955 5921 2119 5960 unam

2225 4711 2332 4781 γὰρ
2385 4713 2418 4781 ἡ
2463 4711 2612 4784 ψυχὴ
2655 4712 2720 4765 ὲκ
2748 4711 2844 4765 τοῦ
2880 4710 3133 4783 σώματος
3181 4714 3339 4783 μόνον
3363 4730 3374 4742 ·
3410 4715 3442 4784 ὴ
3474 4714 3579 4785 γὰρ
3611 4713 3803 4783 θεότης

2228 4803 2474 4875 ἑκατέρῳ
2509 4803 2631 4857 κατ’
2667 4802 2856 4858 οὐσίαν
2888 4805 3110 4876 ἧνωτο),
3141 4807 3190 4858 εί
3220 4805 3460 4875 εὐλόγως
3484 4807 3612 4878 μίαν
3639 4805 3801 4876 φύσιν

2225 4895 2543 4966 πρεσϐεύει,
2577 4893 2969 4966 ἀναθεματίζει
3001 4897 3058 4950 δὲ
3107 4897 3234 4958 τοὺς
3271 4898 3528 4967 λέγοντας
3565 4898 3657 4952 δύο
3696 4898 3802 4968 φύε

2227 5005 2361 5055 σεις,
2395 4990 2638 5060 κρινάτω
2677 4991 2704 5042 ὁ
2736 4987 3110 5061 ἁπροσπαθῶς
3138 4990 3394 5055 δικάζων.
3425 4990 3620 5047 Καίτοι
3650 5009 3713 5061 γε
3744 4980 3799 5048 ἐν

2225 5082 2337 5144 τοῖς
2392 5080 2535 5133 κατὰ
2579 5080 2673 5133 τοῦ
2726 5081 3125 5153 Γραμματικοῦ
3178 5083 3316 5153 πρὸς
3362 5082 3585 5138 πλείονα
3635 5083 3800 5137 αὑτοῦ

2226 5169 2448 5239 ἔλεγχον
2490 5170 2586 5224 καὶ
2633 5173 2958 5242 κατάκρισιν
2987 5171 3090 5242 ἔφη
3112 5189 3126 5203 ο
3164 5191 3182 5224 ‹
3223 5173 3387 5226 Ὥστε
3431 5172 3501 5226 τὰ
3528 5173 3620 5226 δύο
3648 5172 3713 5226 τὰ
3745 5171 3804 5238 ἐξ

2225 5255 2299 5315 ὧν
2331 5264 2363 5332 ἡ
2395 5262 2609 5326 ἓνωσις,
2643 5263 2702 5315 ὲν
2741 5261 2819 5332 τῷ
2863 5263 3237 5317 συντεθεῖσθαι
3278 5265 3357 5336 τῷ
3398 5264 3474 5336 νῷ
3515 5259 3677 5336 μόνον
3705 5266 3799 5319 ἀπ’

2226 5354 2472 5424 ἀλλήλων
2519 5352 2788 5418 συνθέτως
2819 5339 3228 5426 διακρινόμενασ
3264 5347 3663 5427 μεταϐέϐληται
3693 5358 3800 5428 γὰρ

2225 5442 2477 5513 οὐδαμῶς
2502 5441 2578 5514 μὴ
2601 5439 2742 5494 εἶναι
2764 5442 2857 5495 δύο
2882 5444 2975 5497 καὶ
2998 5446 3116 5506 ταῖς
3145 5445 3522 5500 ὑποστάσεσιν,
3539 5465 3557 5498 ›
3580 5440 3800 5500 Ἀκουέ-

2223 5553 2300 5589 τω
2341 5538 2370 5590 ὁ
2401 5539 2586 5606 νήφων
2634 5535 2730 5588 τοῦ
2767 5533 3082 5606 μεθύοιτος,
3118 5537 3259 5608 ἅπερ
3295 5531 3323 5590 ὁ
3357 5539 3481 5602 νοῦς
3511 5539 3798 5609 διέκρινεν,

2222 5630 2310 5684 διὰ
2334 5628 2427 5682 τοῦ
2454 5628 2722 5696 στόματος
2750 5630 3124 5700 ἐφανέρωσεν,
3151 5631 3232 5682 ὅτι
3260 5633 3315 5684 αἱ
3345 5626 3444 5685 δύο
3471 5631 3799 5692 ὑποστάσεις

2223 5722 2285 5775 οὐ
2329 5721 2738 5792 μετεϐλήθησαν
2780 5723 2875 5774 καὶ
2929 5723 3069 5775 κατὰ
3123 5723 3220 5792 τὴν
3275 5723 3491 5786 ἕνωσιν,
3545 5719 3800 5775 ἀλλἐίσὶ

2223 5811 2336 5867 δύο.
2385 5807 2518 5865 Εἶτα
2552 5812 3058 5882 ἐπασφαλιζόμενος
3109 5813 3282 5866 ταῦτα
3323 5813 3498 5877 οὕτως
3543 5807 3708 5887 ἔχειν,
3739 5813 3798 5864 ὲν

2225 5904 2360 5975 αὐτῇ
2402 5907 2468 5974 τῇ
2512 5902 2681 5976 βίϐλῳ
2716 5904 2898 5974 λέγει’
2953 5923 2971 5955 ι
3005 5903 3113 5976 Τὴν
3144 5908 3211 5978 τῇ
3239 5906 3442 5980 θεωρίᾳ
3477 5907 3638 5979 μόνον
3667 5905 3796 5961 δια-
