4102 6592
435 397 538 459 939
993 378 1057 423 λ

1658 400 2069 461 EUSTATHII
2109 401 2454 483 nomen!

3580 395 3690 459 960

431 515 695 569 Adversus
725 485 1068 583 Synusiastas
1090 528 1102 565 :
1128 510 1432 580 alienigena
1459 527 1593 567 vero
1621 512 1665 566 si
1692 522 1777 565 est
1806 521 2006 581 praeter

2111 513 2599 567 Συνουσιαστῶν.
2657 513 2987 583 Ἐτεροφυὴς
3047 511 3105 565 δὲ
3152 506 3291 567 οὖσα
3335 513 3486 583 παρὰ
3519 516 3589 565 ’τὰ
3626 513 3689 576 ἐξ

429 626 493 660 νει
521 625 551 661 c
576 606 782 677 quibus
814 613 1055 670 constat,
1095 604 1202 659 hoc
1231 614 1315 659 est
1347 612 1547 674 praeter
1575 605 1920 659 divinitatem
1951 615 2008 659 ct

433 700 853 762 humanitatem,
906 713 1061 760 sane,
1115 697 1197 751 uti
1239 697 1351 767 jam
1405 712 1569 767 supra
1611 696 1880 751 adversus
1913 710 2009 750 eos

430 794 643 849 dictum
687 800 795 855 est,
846 791 956 861 jam
1002 806 1112 844 non
1147 789 1254 843 erit
1302 790 1447 843 Deus
1491 788 1774 852 Christus,
1829 803 2008 857 neque

430 886 618 948 homo,
648 898 829 952 neque
855 897 960 936 una
991 897 1023 936 c
1049 881 1229 934 tribus
1253 880 1540 950 personis;
1565 894 1744 948 neque
1776 879 2007 946 Deipara

428 975 618 1046 Virgo,
660 990 841 1042 neque
874 973 1119 1027 Trinitas
1156 972 1267 1027 erit
1320 970 1586 1033 Trinitas,
1633 970 1727 1026 sed
1769 970 2007 1025 dualitas

428 1068 637 1138 potius.
687 1067 823 1122 Nam
882 1065 1054 1119 Filius
1103 1065 1421 1118 incarnatus
1468 1073 1525 1118 et
1577 1063 1681 1117 hac
1726 1062 1794 1116 de
1839 1077 2003 1115 causa

432 1168 630 1213 natura
665 1158 994 1227 'alienigena
1053 1156 1230 1210 lactus
1297 1164 1498 1225 praeter
1532 1164 1784 1209 naturam
1824 1153 2006 1208 Patris

428 1261 486 1307 et
546 1251 723 1306 sancti
788 1250 1029 1320 Spiritus
1088 1248 1369 1319 quomodo
1420 1248 1504 1302 eis
1545 1246 2006 1301 annumerabitur

431 1340 637 1410 quibus
672 1355 782 1394 non
828 1348 913 1394 est
965 1335 1499 1392 consubstantialis?
1537 1335 1751 1390 Abeant
1798 1336 1855 1388 in
1898 1334 2004 1388 Le-

431 1427 634 1482 thaeum
719 1428 1042 1482 barathrum
1119 1425 1353 1480 istorum
1405 1440 1537 1480 vere
1601 1424 2002 1494 Acephalorum

429 1520 679 1589 ineptiml

500 1613 613 1667 Nos
657 1612 825 1679 igitur
854 1620 1171 1665 sanctorum
1202 1610 1429 1665 Patrum
1468 1608 1718 1680 vestigiis
1766 1608 2001 1663 insecuti

429 1704 718 1758 veritatem
749 1700 1075 1763 dicentium,
1111 1700 1519 1771 proﬁtebimur,
1551 1699 1833 1755 Christum
1865 1701 2004 1754 duas

428 1813 552 1853 esse
604 1806 829 1851 naturas
879 1804 935 1850 et
987 1810 1154 1850 unam
1201 1810 1517 1864 personam.
1565 1794 1700 1847 Nam
1754 1793 1891 1847 duas
1945 1794 2001 1846 in

2107 600 2185 660 ὦν
2214 609 2467 676 συνέστη,
2502 607 2752 660 τουτέστι
2782 610 2933 678 παρὰ
2956 605 3055 677 τὴν
3082 606 3313 677 θεότητα
3353 607 3448 660 καὶ
3468 607 3568 674 τὴν
3587 611 3687 659 άν-

2109 699 2459 769 Θρωπότητα,
2493 701 2903 771 ἁναντιῤῥήτως
2935 701 3055 751 κατ’
3080 699 3302 761 αὐτοὺς.
3321 699 3396 762 ὡς
3426 702 3522 751 καὶ
3544 701 3687 752 ἀνωο

2106 792 2251 861 τέρω
2279 793 2517 862 εἴρηται,
2559 792 2679 845 οὔτε
2711 794 2845 854 (θεός
2883 793 3028 844 ἔστιν
3055 794 3083 845 6
3124 792 3381 861 Χριστὸς,
3415 789 3539 844 οὔτε
3589 792 3683 845 ἂν-

2107 881 2346 951 Ορωπος,
2377 881 2501 935 οὕτε
2522 878 2602 944 εἷς
2626 886 2724 952 τῆς
2752 883 3004 953 ἰ’ριάδος,
3033 879 3157 934 οὔτε
3182 880 3448 943 Θεοτόκος
3471 879 3506 950 ἢ
3539 881 3685 951 Παρσ

2107 971 2292 1037 θένος,
2328 972 2450 1045 οὔτέ
2484 974 2656 1044 Τριὰς
2689 974 2723 1042 ἠ
2766 973 2958 1042 Τριὰς,
3000 972 3137 1025 ἀλλὰ
3182 971 3385 1042 μᾶλλον
3429 971 3580 1034 δυάς.
3627 971 3687 1024 '0

2089 1064 2215 1134 γὰρ
2256 1066 2383 1129 Υἱὸς
2414 1066 2741 1136 σαρκωθεὶς,
2775 1065 2868 1119 καὶ
2901 1064 2989 1118 διὰ
3034 1063 3195 1117 τοῦτο
3230 1064 3329 1133 μία
3363 1063 3527 1131 φύσις
3566 1064 3685 1116 ἑτε-

2107 1156 2314 1227 ροφυὴς
2366 1158 2682 1226 γενόμενος,
2728 1158 2878 1228 παρὰ
2921 1140 3020 1228 τῆν
3051 1157 3145 1211 τοῦ
3180 1158 3396 1227 Πατρδς
3445 1159 3540 1211 καὶ
3587 1157 3682 1210 τοῦ

2104 1243 2262 1312 ἁγίου
2314 1245 2652 1316 Πνεύματος,
2707 1247 2823 1310 πῶς
2877 1245 3423 1318 συναριθμηθήσεται
3473 1245 3687 1299 τούτοις

2104 1331 2187 1399 οἷς
2210 1337 2311 1389 ούκ
2336 1335 2483 1390 ἔστιν
2510 1338 2831 1407 ὁμοούσιος;
2866 1338 2960 1402 Εἰς
2987 1338 3048 1391 τὸ
3077 1338 3180 1406 τῆς
3210 1338 3381 1408 λήθης
3408 1338 3593 1409 χάσμα
3617 1338 3685 1391 τὰ

2103 1428 2335 1480 τοιαῦτα
2362 1427 2657 1499 ληρήματα
2694 1429 2802 1483 τῶν
2834 1427 3013 1491 οὕτως
3056 1429 3399 1497 Ἀκεφάλων.

2187 1608 2474 1680 Ἑπύμενοι
2509 1606 2601 1665 οὖν
2622 1610 2799 1677 ἁγίοις
2832 1610 3112 1681 Πατράσιν
3143 1611 3403 1681 ἀλήθειαν
3439 1610 3683 1675 λαλοῦσι.

2104 1702 2198 1755 δύο
2250 1703 2353 1773 μὲν
2408 1704 2600 1772 φύσεις
2639 1704 2874 1777 ἐροῦμεν
2924 1700 3062 1757 εἶναι
3096 1704 3189 1757 τὸν
3246 1706 3499 1774 Χριστὸν,
3538 1707 3595 1758 ἓν
3626 1707 3684 1760 δὲ

2107 1794 2421 1865 πρόσωπον.
2451 1795 2618 1848 Οὐδὲν
2653 1797 2762 1864 γὰρ
2791 1795 2920 1848 ἄλλο
2948 1796 3065 1848 ἐστὶ
3088 1794 3146 1848 τὸ
3168 1795 3348 1863 λέγειν
3368 1795 3460 1849 δύο
3490 1797 3684 1864 φύσεις

425 1887 651 1944 Christo
696 1886 950 1942 contlteri
994 1894 1243 1949 naturas,
1280 1887 1356 1939 nil
1384 1884 1537 1938 aliud
1566 1895 1652 1939 est
1683 1898 1999 1954 quamcum

2109 1887 2200 1939 ἐπὶ
2223 1886 2486 1957 Χριστοῦ,
2511 1888 2544 1958 ἢ
2574 1888 2710 1956 ὅπερ
2738 1887 2889 1956 λέγει
2922 1889 3020 1942 καὶ
3050 1889 3290 1958 Σευῆρος
3317 1891 3347 1941 6
3384 1888 3685 1955 δίγλωσσος

429 1982 549 2051 ipso
594 1980 802 2036 Severo
825 1978 1057 2050 bilingui
1079 1987 1338 2048 serpente
1378 1992 1657 2036 asserere,
1679 1975 1826 2045 quod
1862 1991 2006 2029 nun-

426 2089 589 2144 quam
625 2072 791 2128 desiit
820 2070 960 2126 duas
988 2069 1206 2125 elﬁcere
1236 2069 1583 2140 hypostases,
1613 2077 1670 2122 et
1703 2069 1850 2137 quod
1880 2075 2005 2137 post

428 2165 688 2220 unionem
730 2164 783 2218 id
819 2172 1045 2218 manent
1085 2170 1142 2216 et
1170 2162 1483 2232 cogitantur
1528 2160 1674 2230 quod
1710 2169 1860 2225 sunt,
1902 2159 2007 2214 hoc

425 2268 511 2312 est
561 2268 797 2312 naturae.
848 2256 1042 2311 Dicere
1078 2255 1371 2311 Christum
1415 2255 1469 2309 in
1521 2254 1744 2309 duabus
1790 2253 2006 2308 naturis

425 2363 572 2411 esse,
614 2347 746 2417 quid
799 2346 952 2401 aliud
1001 2362 1167 2416 quam
1197 2346 1343 2416 quod
1384 2346 1499 2415 ipse
1549 2345 1790 2400 Severus
1813 2345 2006 2414 vulpes

426 2441 620 2509 biceps
658 2439 926 2495 adversus
965 2440 1188 2494 beatum
1243 2438 1512 2510 Cyrillum
1551 2437 1839 2493 contendit
1876 2452 2003 2507 per-

428 2532 632 2586 fectum
674 2531 728 2585 in
778 2531 1071 2587 divinitate
1109 2540 1167 2585 et
1197 2531 1502 2601 perlectum
1530 2530 1587 2583 iu
1629 2528 2006 2583 humanitate?

424 2633 481 2677 ct
513 2623 854 2692 impossibile
886 2639 1009 2678 esse
1034 2623 1145 2678 duo
1166 2638 1277 2677 non
1306 2623 1365 2677 in
1392 2622 1610 2676 duobus
1638 2620 1855 2674 videri?
1883 2619 2001 2675 Non

428 2713 483 2766 in
547 2712 801 2782 personis
847 2726 1001 2778 sane,
1057 2728 1183 2767 nam
1227 2711 1485 2767 Christus
1529 2727 1646 2766 non
1695 2711 1819 2766 dum
1871 2723 2003 2780 per-

428 2821 596 2860 some.

506 2917 524 2947 ι
551 2902 644 2963 At,
667 2898 867 2968 inquit,
886 2898 1080 2953 beatus
1099 2896 1341 2970 Cyrillus
1364 2896 1505 2952 dixit
1525 2897 1636 2967 (10)
1660 2916 1673 2952 :
1696 2899 1781 2955 Ita
1811 2909 1868 2953 ut
1894 2896 2005 2953 illa:

432 2990 550 3045 diu:
563 2990 686 3061 jam
713 3006 819 3045 non
844 2991 950 3044 sint
969 2988 1107 3054 dum,
1129 2990 1221 3044 sed
1244 2999 1473 3060 utraque
1498 2990 1707 3045 animal
1727 3007 1890 3045 unum
1907 2989 2002 3044 ab-

427 3084 681 3138 solvatur.
711 3102 729 3134 ι
767 3081 1011 3137 Audiam
1052 3081 1150 3152 qui
1198 3082 1409 3151 optima
1455 3092 1851 3157 corrumpunt;
1890 3099 2000 3139 non

426 3177 564 3231 dixit
592 3176 855 3245 magister
885 3184 1121 3244 utraque
1162 3191 1325 3229 unam
1356 3175 1566 3229 absolvi
1592 3187 1873 3241 naturain,
1905 3177 1999 3231 sed

429 3282 597 3320 unum
633 3266 845 3321 absolvi
884 3265 1108 3329 animal,
1134 3265 1283 3335 quod
1325 3266 1471 3321 idem
1503 3275 1588 3320 est
1617 3282 1681 3320 ac
1710 3267 1755 3320 si
1785 3282 2002 3323 assere-
2029 3245 2071 3300 C

430 3375 535 3417 rei.
594 3373 757 3412 unam
816 3358 1026 3413 absolvi
1081 3374 1397 3429 personam.
1451 3359 1659 3414 Deinde
1728 3361 2004 3430 quomodo

429 3449 650 3505 veritati
682 3450 957 3505 consentit
992 3450 1125 3505 illud
1173 3468 1185 3503 :
1219 3451 1397 3505 Manet
1436 3459 1721 3522 utrumque
1748 3452 1886 3520 quod
1908 3468 2006 3505 na-

429 3553 552 3596 tura
592 3542 711 3596 est?
753 3541 1037 3608 Quomodo
1070 3541 1261 3598 Severi
1309 3543 1580 3612 perstabit
1611 3543 1840 3598 eﬂ‘atum
1880 3561 1892 3596 :
1941 3543 2005 3597 In

428 3637 791 3707 conjunctione
813 3644 1177 3689 remanserunt
1198 3635 1337 3705 quod
1355 3645 1497 3699 sunt,
1519 3636 1626 3691 hoc
1639 3644 1746 3700 est,
1770 3643 2004 3698 naturae,

430 3736 484 3781 ct
539 3744 649 3783 non
705 3744 814 3783 una
863 3727 1115 3783 natura?
1157 3725 1357 3782 Docuit
1401 3727 1574 3798 igitur
1622 3738 1847 3782 sanctus
1894 3728 2006 3782 duo

436 3838 544 3875 non
578 3820 848 3891 perlicere
879 3820 990 3875 duo
1024 3820 1302 3875 animalia.
1331 3820 1681 3890 Quapropter
1709 3822 1875 3875 etiam
1904 3821 2004 3875 ad-

424 3912 560 3979 jecit
610 3909 834 3965 :Unum
892 3907 1181 3963 absolvitur
1236 3907 1463 3962 animal.
1514 3907 1779 3961 Desinant
1839 3906 2006 3976 igitur

433 4001 728 4058 mendaces
765 4000 1071 4055 arundinea
1112 4000 1265 4069 virga
1305 3997 1506 4062 inniti;
1544 3998 1624 4051 uti
1674 4006 1858 4052 autem
1898 3997 2002 4067 ipsi

436 4097 698 4156 latentur,
752 4092 1002 4147 absoluta
1048 4106 1157 4146 una
1216 4100 1439 4154 natura,
1476 4088 1600 4144 dua:
1642 4098 1853 4143 natura:
1893 4090 2003 4159 jam

436 4201 545 4240 non
598 4193 833 4254 possunt
877 4198 1056 4253 neque
1103 4197 1227 4238 esse
1277 4197 1456 4250 neque
1509 4181 1620 4236 dici
1661 4196 1677 4235 :
1724 4197 1850 4235 nam
1890 4181 2004 4236 haec

436 4282 582 4334 inter
628 4293 688 4332 se
716 4283 986 4348 pugnant.

504 4371 763 4426 Dicemus
784 4369 952 4440 igitur
984 4366 1429 4425 adversariorum
1463 4377 1788 4437 argumenta
1819 4365 1875 4420 in
1909 4381 2005 4421 eos

441 4461 638 4532 regeri.
687 4460 744 4517 Si
786 4462 909 4516 duae
940 4468 1151 4515 natura:
1199 4467 1483 4529 suntquae
1529 4459 1652 4514 dua
1682 4466 1835 4521 sunt,
1891 4474 2003 4513 una

2106 1976 2249 2044 ὄφις,
2298 1979 2380 2030 ὃτι
2426 1979 2828 2050 μεταϐέϐληται
2877 1980 3132 2051 οὐδαμῶς
3169 1981 3242 2051 μὴ
3289 1978 3425 2034 εἷναι
3456 1980 3549 2035 δύο
3591 1983 3687 2036 καὶ

2105 2069 2224 2131 ταῖς
2258 2068 2620 2121 ὑποστάσεσιο
2664 2069 2761 2123 καὶ
2797 2070 2879 2123 ὅτι
2923 2070 3060 2136 μετὰ
3092 2069 3191 2140 τὴν
3229 2070 3422 2124 ἕνωσιν
3458 2070 3554 2123 καὶ
3587 2071 3686 2140 μέ-

2105 2175 2256 2211 νουσι
2281 2159 2379 2211 καὶ
2403 2159 2735 2214 σκοποῦνται
2759 2162 2896 2233 ὅπερ
2927 2162 3086 2225 εἰσιν,
3117 2161 3359 2233 δηλονότι
3387 2164 3443 2216 αἱ
3468 2163 3680 2232 φύσεις.

2106 2251 2171 2303 Τί
2205 2251 2262 2304 δὲ
2306 2252 2492 2323 ἕτερόν
2542 2255 2661 2306 ἐστι
2709 2253 2769 2307 τὸ
2811 2255 2991 2321 λέγειν
3033 2257 3091 2309 ἐν
3128 2255 3246 2308 δυσὶ
3278 2256 3509 2323 φύσεσιν
3542 2254 3683 2310 εἶναι

2103 2344 2196 2396 τὸν
2223 2345 2480 2414 Χριστὸν,
2510 2345 2543 2417 ἢ
2575 2346 2714 2416 ὅπερ
2742 2347 2838 2399 καὶ
2867 2347 3106 2416 Σευῆρος
3136 2348 3307 2417 λέγει.
3333 2351 3366 2418 ή
3395 2348 3685 2418 δικέφαλος

2103 2435 2367 2509 ἀλώπηξδ
2377 2437 2516 2491 κατὰ
2542 2439 2634 2492 τὸν
2659 2440 2928 2509 μακάριον
2952 2440 3240 2510 Κύριλλον,
3268 2441 3473 2493 τέλειον
3491 2443 3547 2493 ὲν
3568 2440 3687 2494 θεό-

2101 2546 2225 2600 τητι
2279 2528 2375 2582 καὶ
2415 2529 2618 2584 τέλειον
2664 2532 2722 2584 ἐν
2763 2530 3179 2601 ἁνθρωπύτητις
3232 2532 3326 2584 καὶ
3367 2532 3437 2584 τὰ
3470 2530 3565 2584 δύο
3609 2533 3686 2601 μὴ

2103 2623 2162 2687 ἐν
2190 2620 2283 2674 δύο
2315 2621 2624 2691 φαίνεσθαι,
2656 2622 2919 2676 ἀδύνατον
2948 2619 3110 2685 εἶναι,
3148 2623 3264 2675 ἀλλ’
3292 2623 3394 2677 οὐκ
3424 2625 3481 2675 ἐν
3512 2640 3685 2695 προσ-

2102 2714 2273 2780 ὡποις
2311 2730 2326 2745 '
2359 2715 2482 2769 οὐδὲ
2523 2715 2633 2787 γὰρ
2659 2714 2752 2768 δύο
2782 2716 3051 2787 πρόσωπα
3088 2718 3116 2769 6
3147 2717 3402 2788 Χριστός.

2174 2899 2198 2947 ἐ
2221 2897 2362 2952 Ἀλλ’
2392 2899 2425 2951 6
2451 2896 2745 2968 μακάριος,
2786 2896 2943 2967 φησι,
2986 2896 3255 2968 Κύριλλος
3282 2893 3462 2951 εἶπενο
3502 2898 3685 2953 ’Ὥστε

2102 2990 2174 3042 τὰ
2209 2988 2321 3042 δύο
2358 2987 2575 3056 μηκέτι
2610 2987 2729 3057 μὲν
2771 2984 2925 3040 εἶναι
2963 2987 3105 3041 δύοο
3164 2987 3490 3056 δι’ἀιιροῖν
3513 2986 3585 3041 δὲ
3613 2989 3683 3041 τὸ

2100 3080 2170 3134 ἐν
2212 3079 2635 3134 ἀποτελεῖσθαι
2677 3079 2843 3140 ζῶον.
2874 3098 2892 3130 ι
2959 3080 3338 3134 ’Δκουὲτωσαν
3374 3083 3423 3133 οἱ
3452 3082 3520 3134 τὰ
3549 3082 3687 3152 ὀρθὰ
3768 3110 3771 3115 ‹

2104 3173 2557 3243 διαστρέφοντεςο
2616 3172 2718 3225 ούκ
2759 3168 2914 3225 εἶπεν
2958 3174 2986 3225 6
3028 3173 3351 3237 διδάσκαλος
3389 3174 3457 3226 δι’
3483 3176 3687 3243 ἀμφοῖν

2108 3267 2205 3336 τὴν
2240 3266 2369 3336 μίαν
2392 3264 2776 3319 ἀποτελεῖσθαι
2803 3266 2969 3335 φύσιν
2992 3306 3007 3331 ,
3057 3266 3197 3320 ἀλλὰ
3228 3267 3290 3321 τὸ
3318 3265 3376 3319 ἓν
3402 3268 3687 3320 ἀποτελεί-

2108 3358 2231 3412 σθαι
2263 3358 2432 3422 ζῶον·
2467 3359 2605 3428 ὅπερ
2637 3358 2750 3410 ἴσον
2774 3359 2893 3411 ἐστὶ
2920 3359 2998 3429 τῷ
3022 3358 3204 3427 λέγειν
3236 3361 3297 3413 τὸ
3321 3359 3380 3412 ἓν
3401 3360 3687 3413 ἀποτελεῖ-ο

2109 3449 2230 3502 σθαι
2257 3450 2568 3518 πρόσωπον.
2586 3449 2742 3503 Ἐπεὶ
2769 3450 2886 3512 πῶς
2912 3448 3167 3519 ἀληθεύει
3195 3450 3390 3518 λέγων’
3413 3451 3593 3505 Μένει
3616 3450 3691 3507 ὑὲ

2106 3540 2394 3609 ἑκάτερον
2422 3541 2569 3604 ὅπερ
2592 3541 2724 3595 ἐστὶ
2753 3540 2826 3608 τῇ
2853 3542 3072 3610 sweet;
3112 3542 3233 3605 ιιῶς
3259 3543 3315 3595 δὲ
3344 3545 3436 3596 καὶ
3463 3545 3494 3595 6
3520 3545 3687 3613 Σευή-

2111 3649 2203 3702 ρου
2237 3633 2497 3704 στήσεται
2527 3633 2687 3701 λόγος
2705 3675 2719 3697 ,
2771 3634 2852 3686 ὃτι
2894 3635 2996 3687 Ἐν
3026 3633 3102 3702 τῇ
3129 3635 3415 3689 συνθέσει
3444 3636 3691 3705 ἔμειναν

2106 3725 2283 3780 τοῦτο
2328 3726 2476 3793 ὅπερ
2524 3727 2682 3791 εἰσὶ,
2734 3727 3011 3780 τουτέστιν
3061 3728 3116 3780 αἱ
3166 3728 3389 3794 φύσεις,
3441 3731 3535 3781 καὶ
3565 3729 3690 3798 οὐχὶ

2107 3818 2140 3888 ἡ
2174 3819 2274 3886 μία
2303 3816 2495 3885 φύσις;
2554 3818 2636 3870 Τὰ
2665 3816 2759 3871 οὖν
2801 3817 2896 3872 δύο
2938 3818 3013 3888 μὴ
3041 3814 3181 3871 εἶναι
3206 3817 3304 3870 δύο
3329 3817 3442 3880 ζῶα
3467 3818 3691 3889 ἐνόησεν

2104 3909 2133 3960 6
2163 3909 2342 3976 ἅγιος,
2380 3905 2462 3959 διὸ
2492 3908 2588 3960 καὶ
2617 3907 2923 3977 ἐπήγαγεν,
2959 3908 3022 3961 16
3048 3909 3153 3961 "Ei-
3177 3906 3558 3962 ἀποτελεῖται
3583 3905 3687 3968 ζὼ-

2105 4016 2195 4054 ον.
2243 3999 2655 4054 Παυσάσθωσαν
2679 3996 2774 4054 οὖν
2802 4003 2851 4054 οἱ
2892 4000 3203 4069 ψευδολόγοι
3259 3999 3565 4070 καλαμίνην
3592 4001 3690 4071 ῥά-

2106 4091 2227 4144 ϐδον
2252 4091 2711 4162 ὑποστηρίζοντες
2733 4094 2945 4155 ἑαυτοῖς
2959 4107 2973 4120 ·
2994 4092 3253 4163 ὦσπερδὲ
3272 4092 3428 4145 αὐτοὶ
3446 4092 3685 4159 λέγουσι.

2104 4182 2206 4251 τῆς
2251 4185 2379 4252 μιᾶς
2423 4183 2643 4251 φύσεως
2680 4183 3171 4253 ἀποτελεσθεξσης,
3222 4182 3407 4236 ούκέτι
3433 4181 3687 4237 δύνανται

2103 4275 2196 4329 δύο
2223 4274 2460 4345 φύσειςῆ
2479 4272 2618 4329 εἶναι
2650 4275 2683 4346 ἢ
2710 4274 2964 4343 λέγεσθαι
2988 4291 3002 4307 ο
3030 4274 3303 4337 ἁντίθετος
3327 4274 3437 4345 γὰρ
3461 4276 3494 4343 ἠ
3519 4274 3680 4340 λέξις.

2174 4369 2364 4434 υῦτως
2408 4371 2504 4425 καὶ
2551 4371 2716 4440 ἡμεῖς
2764 4369 3335 4440 ἀντιπεριτρέψαντες
3377 4368 3470 4422 τὸν
3502 4367 3684 4435 λόγον,

2104 4461 2359 4534 ἐροῦμενο
2421 4463 2483 4516 Ei
2524 4461 2619 4516 δύο
2646 4461 2838 4532 φύσεις
2868 4463 3008 4515 εἰσὶν
3038 4463 3093 4514 αἱ
3122 4457 3281 4515 οὖσαι
3303 4459 3424 4520 δύο.
3463 4460 3565 4530 μία
3594 4460 3688 4511 λέ-

437 4553 546 4610 dici
590 4561 906 4624 nequeunt.
932 4551 1088 4619 Quod
1132 4559 1317 4607 autem
1346 4549 1470 4606 duae
1491 4558 1619 4605 sunt
1646 4549 1770 4605 dua:
1796 4548 2003 4605 Christi

2109 4554 2304 4622 γεσθαι
2352 4554 2413 4608 ού
2462 4553 2738 4609 δύνανται.
2791 4554 2916 4607 ὀτι
2958 4553 3013 4606 δέ
3059 4555 3167 4606 εἰσι
3210 4552 3307 4606 δύο
3350 4551 3546 4620 φύσεις
3590 4550 3689 4605 τοῦ

435 4654 646 4700 natura:
688 4659 797 4699 non
837 4643 1014 4699 solum
1050 4658 1147 4699 ore
1179 4641 1470 4698 confessus
1499 4650 1586 4697 est
1613 4640 1881 4708 Severus,
1906 4642 2002 4697 sed

434 4748 489 4790 ct
519 4738 759 4806 scriptis.
784 4736 935 4792 Licet
957 4754 1065 4792 non
1116 4735 1417 4791 asseruerit
1450 4733 1691 4789 Severus
1717 4735 1857 4790 duas
1885 4750 2005 4791 esse

436 4845 642 4891 unain,
703 4836 799 4883 aut
850 4836 1074 4882 manent
1146 4825 1575 4894 retinenturque
1631 4833 1846 4880 natura:
1910 4834 2008 4880 aut

431 4931 689 4990 pereunt.
740 4920 797 4976 Si
840 4929 1097 4990 pereunt,
1122 4919 1234 4987 jam
1271 4933 1450 4987 neque
1494 4932 1602 4970 una
1651 4925 1781 4972 sunt
1822 4932 2004 4987 neque

431 5014 571 5070 dum.
605 5012 663 5067 Si
712 5020 897 5067 autem
945 5019 1192 5072 manent,
1247 5010 1394 5079 quod
1449 5024 1642 5063 verum
1691 5016 1798 5070 est,
1829 5012 2008 5064 nomi-

431 5113 634 5160 nantur
684 5118 903 5173 quoque
938 5104 1185 5173 alioquin
1221 5102 1500 5171 quomodo
1548 5116 2008 5170 cognosceremus

431 5212 526 5251 cas
546 5213 770 5251 manere
792 5198 875 5249 vel
902 5196 1067 5251 etiam
1088 5195 1367 5250 diceretur
1385 5195 1713 5248 vocabulum
1747 5196 1962 5249 Manent
1984 5196 2009 5248 Ρ

434 5288 647 5342 Nemini
693 5304 825 5357 ergo
887 5286 1151 5355 competit
1199 5285 1357 5355 cupia
1429 5302 1591 5339 unam
1640 5286 1876 5341 faciendi
1920 5298 2016 5342 aut

440 5381 687 5443 dicendi,
738 5396 860 5448 qua:
886 5380 1007 5433 dua:
1031 5388 1194 5445 sunt;
1220 5379 1337 5449 ipsa
1376 5378 1526 5433 enim
1573 5394 1677 5431 vox
1705 5380 2011 5448 compositio

438 5473 676 5528 duarum
718 5486 903 5525 rerum
943 5486 1273 5525 concursum
1316 5469 1544 5524 indicat.
1595 5468 1699 5536 Qui
1737 5472 2012 5540 composi-

440 5571 554 5616 tum
607 5563 927 5626 nleditatur,
985 5550 1122 5617 duas
1170 5578 1259 5616 res
1305 5561 1577 5632 cogitate
1625 5562 1830 5630 quibus
1857 5577 2008 5617 com-

442 5671 680 5723 positum
705 5665 1071 5726 constatquas
1102 5654 1489 5726 complectitur
1509 5663 1563 5708 et
1593 5670 1713 5724 qua:
1734 5662 1815 5710 est
1833 5653 2008 5725 ipsum

513 5836 603 5909 (t0
636 5837 875 5908 Epistola
912 5839 1154 5895 secunda
1183 5839 1250 5897 ad
1280 5839 1639 5896 Succensum.

2110 4646 2368 4717 Χριστοῦ,
2399 4647 2460 4700 ού
2490 4647 2650 4718 μόνον
2674 4644 2829 4700 εἶπεν
2866 4648 3122 4717 Σευῆρος,
3151 4646 3285 4700 ἀλλὰ
3311 4647 3405 4700 καὶ
3427 4643 3686 4715 ἔγραψεν.

2113 4741 2174 4792 Εἰ
2206 4740 2263 4793 δὲ
2306 4741 2399 4793 καὶ
2438 4740 2512 4809 μὴ
2543 4736 2699 4792 εἶπεν
2729 4740 2965 4810 Σευῆρος
2994 4738 3052 4790 ἓν
3082 4737 3189 4792 τῶν
3216 4738 3312 4791 δύο
3331 4777 3346 4802 ,
3397 4737 3430 4808 ἢ
3467 4738 3688 4805 μένουσι

2114 4832 2208 4884 καὶ
2255 4830 2517 4895 σώζονται
2561 4832 2617 4885 αἱ
2661 4831 2886 4899 φύσεις,
2938 4830 2970 4900 ἦ
3015 4830 3332 4885 ἀπώλοντο·
3391 4832 3439 4882 εὶ
3475 4829 3571 4899 μὲν
3593 4828 3688 4882 οὖν

2115 4916 2424 4978 ἀπώλοντο,
2459 4918 2585 4971 οὔτε
2613 4919 2707 4972 δύο
2738 4921 2900 4983 εἰσὶν,
2933 4917 3057 4971 οὔτε
3089 4917 3205 4987 μία.
3232 4918 3292 4970 Ei
3322 4917 3379 4970 δὲ
3411 4919 3686 4986 μένουσιν,

2115 5012 2254 5081 ὅπερ
2304 5011 2507 5079 μᾶλλον
2540 5010 2777 5082 ἀληθὲς,
2834 5012 2926 5064 καὶ
2969 5008 3357 5079 ὀνομάζονται·
3419 5011 3543 5062 ἐπεὶ
3574 5009 3690 5071 πῶς

2114 5101 2486 5173 γνωσθήσεται
2517 5103 2598 5155 ὃτι
2622 5103 2894 5172 μένουσιν,
2927 5102 2958 5172 ἢ
2992 5102 3107 5164 πῶς
3132 5101 3451 5172 λεχθήσεται
3476 5100 3689 5167 τδ,Μέ-

2113 5206 2366 5254 νουσιν;
2394 5194 2505 5245 Ούκ
2531 5193 2637 5264 ἄρα
2662 5192 2757 5245 οὖν
2783 5190 3009 5244 δύναταί
3035 5208 3118 5254 τις
3143 5190 3328 5261 χώραν
3351 5190 3522 5260 ἔχειν,
3559 5190 3689 5259 μίαν

2115 5289 2287 5340 ποιεῖν
2316 5288 2348 5358 ἦ
2380 5287 2562 5355 λέγειν
2591 5288 2689 5350 τὰς
2718 5287 2885 5350 οὔσας
2915 5286 3027 5339 δύο.
3064 5286 3211 5356 Αὕτη
3236 5285 3292 5338 δὲ
3318 5288 3350 5355 ἠ
3378 5286 3474 5339 τοῦ
3501 5285 3689 5339 συνθέ-

2112 5395 2205 5430 του
2242 5376 2386 5442 λέξις
2433 5378 2526 5430 δύο
2572 5378 2731 5431 τινῶν
2764 5379 3107 5447 πραγμάτιον
3147 5377 3404 5447 σημαίνει
3435 5376 3685 5429 σύνοδον

2116 5471 2210 5523 καὶ
2251 5471 2280 5522 6
2323 5471 2684 5524 ἀναπτύσσων
2718 5471 2778 5524 τὸ
2809 5469 3095 5532 σύνθετον.
3135 5470 3230 5522 δύο
3256 5471 3376 5524 τινὰ
3406 5473 3681 5533 κατανοεῖ,

2116 5562 2173 5628 ἐξ
2210 5555 2285 5615 ὧν
2331 5562 2616 5630 σύγκειται
2662 5564 2796 5625 αὐτὶ
2838 5565 2898 5616 τὸ
2938 5562 3227 5627 σύνθετον,
3280 5563 3425 5633 ἅπερ
3453 5564 3544 5616 καὶ
3571 5562 3680 5631 ἔχει

2113 5658 2171 5710 ὲν
2204 5654 2381 5725 ἑαυτῷ
2414 5658 2507 5709 καὶ
2540 5655 2683 5710 ἔστιν
2711 5655 2903 5717 ταῦτα,
2938 5657 3041 5720 ἕως
3075 5656 3140 5709 ἂν
3170 5657 3227 5708 16
3256 5656 3528 5721 σύνθετον,
3559 5654 3675 5709 σύν-
