4102 6528
299 432 397 495 941
1290 435 1657 495 EPISTOLA
1698 435 1796 495 DE
1830 436 2136 499 DUABUS
2176 439 2531 501 NATURIS.

3447 435 3553 504 942

295 549 451 601 θετον
476 546 693 618 ἀληθῶς
716 548 885 602 ἐστιν.
914 548 977 601 Εἰ
1004 564 1100 601 ουν
1128 545 1380 608 σύνθετός
1402 547 1549 598 ἐστιν
1573 545 1601 597 ὁ
1622 544 1870 614 ΧριστὸςἹ

1983 550 2161 606 donec
2202 552 2573 620 compositum
2605 564 2737 604 vere
2778 552 3148 621 compositum
3189 563 3294 608 est.
3328 553 3485 621 Quod
3511 556 3558 614 si

292 641 354 693 οὒ
406 640 569 711 μόνον
626 642 688 693 ἐκ
731 639 823 694 δύο
868 641 1255 711 συνενήνεκται
1302 636 1550 707 φύσεων,
1604 636 1740 690 ἀλλὰ
1774 639 1871 690 καὶ

293 733 405 805 ἔχει
452 734 656 798 ταύτας
708 735 765 787 ὲν
796 734 970 805 ἑαυτῷ
991 774 1005 799 ,
1062 736 1135 797 ὡς
1185 733 1245 797 ἐξ
1270 731 1448 785 αὐτῶν
1480 730 1835 800 συγκείμενος
1855 746 1869 761 ο

294 828 389 881 καὶ
444 826 590 879 ἔστιν
635 827 692 879 δὲ
739 826 914 881 ταῦτα
964 828 1051 880 ἵνα
1099 828 1176 897 μὴ
1208 826 1282 888 ὼς
1311 824 1470 887 ἄλλος
1501 825 1559 875 ὲν
1589 823 1770 886 ἄλλοις

298 916 531 981 σώζεται
558 915 614 969 δὲ
648 916 745 969 καὶ
775 919 803 969 ὁ
830 916 928 969 τοῦ
959 917 1215 971 συνθέτου
1246 915 1429 983 λόγος.
1470 914 1527 966 Ὀ
1558 909 1649 966 οῦν
1684 913 1871 982 βουλό-

298 1026 460 1079 μενος
512 1008 688 1061 ὀπίσω
737 1009 837 1078 τῆς
875 1009 1135 1080 ἀληθείας
1167 1007 1495 1079 πορεύεσθαι
1522 1008 1579 1059 ὲν
1608 1006 1872 1077 ἁπλότητι

295 1099 525 1169 καρδίας
546 1140 560 1164 ,
600 1099 713 1169 ἔχει
744 1099 841 1169 τὴν
871 1100 1129 1172 ἀλήθειαν
1161 1097 1507 1169 ποδηγοῦσαν
1542 1098 1705 1152 αὐτὸν
1726 1137 1742 1164 ,
1777 1097 1874 1151 καὶ

295 1189 639 1262 χωρίζουσαν
673 1192 771 1261 τῆς
802 1192 1037 1261 ἀπάτης.

365 1282 436 1334 Σὺ
480 1281 566 1347 δὲ,
615 1281 871 1350 ἄνθρωπε
913 1281 1005 1335 τοῦ
1038 1279 1204 1345 Θεοῦ,
1260 1281 1655 1353 ὲστηριγμένος
1703 1282 1760 1333 ὲν
1802 1284 1869 1351 τῇ

300 1373 528 1444 ἀληθείᾳ
560 1373 662 1443 τῆς
693 1374 953 1441 πίστεως,
992 1371 1051 1439 ἐξ
1080 1375 1259 1427 αὐτῶν
1294 1374 1402 1427 τῶν
1425 1376 1665 1445 Σευήρου
1697 1374 1871 1441 λόγων

294 1466 389 1519 τοῦ
423 1466 686 1536 πολεμίου
729 1467 826 1537 τῆς
862 1467 1191 1536 Ἐκκλησίας
1216 1506 1230 1528 ,
1282 1465 1601 1536 ὲπιστὸμιζε
1636 1467 1760 1530 τοὺς
1796 1467 1870 1537 μὴ

298 1558 658 1629 βουλομένους
707 1560 990 1629 ὁμολογεῖν
1058 1561 1153 1612 καὶ
1207 1558 1345 1629 μετὰ
1388 1558 1487 1628 τὴν
1532 1559 1726 1611 ἕνωσιν
1771 1558 1871 1622 τὰς

294 1651 387 1704 δύο
423 1651 613 1720 φύσεις
656 1650 751 1704 τοῦ
790 1651 1061 1723 Χριστοῦ,
1115 1650 1302 1713 κακῶς
1330 1650 1387 1702 δὲ
1425 1649 1872 1721 ὲκλαμὸάνοντας

296 1743 395 1815 τὴν
426 1743 609 1815 φωνὴν
643 1744 742 1815 τῆς
775 1747 903 1814 μιᾶς
931 1743 1148 1815 φύσεως
1177 1743 1270 1797 τοῦ
1301 1742 1436 1795 Θεοῦ
1463 1743 1637 1811 Λόγου
1670 1759 1872 1811 σεσαρ-

297 1835 586 1903 κωμένης,
641 1836 737 1888 καλ⁵
783 1836 843 1888 οὑ
879 1834 1020 1888 κατὰ
1052 1835 1145 1887 τὸν
1184 1834 1455 1905 μακάριον
1484 1832 1777 1903 Κύριλλον,
1814 1832 1873 1896 ὃς

1983 642 2152 712 igitur
2177 642 2517 711 compositus
2543 650 2625 695 est
2646 640 2925 706 Christus,
2953 660 3063 697 non
3083 645 3259 697 solum
3286 660 3315 698 e
3343 643 3559 702 duabus

1980 735 2196 789 naturis
2223 744 2462 800 constat,
2514 736 2609 790 sed
2654 746 2711 789 et
2761 736 2906 806 ipsas
2954 735 3008 790 in
3060 751 3117 790 se
3168 737 3353 798 habet.
3386 744 3448 789 ut
3490 752 3559 794 ex

1982 827 2050 882 iis
2077 837 2337 883 constans
2358 846 2369 880 :
2389 837 2444 883 et
2470 828 2573 882 illm
2602 836 2709 889 est.
2735 846 2800 883 ue
2822 830 2895 883 sit
2918 840 2978 883 ut
2999 830 3212 883 alienus
3248 829 3304 881 in
3330 829 3555 890 alienis;

1980 930 2234 975 servatur
2261 921 2428 975 etiam
2460 920 2752 990 compositi
2784 923 2946 975 ratio.
2978 920 3082 985 Qui
3127 918 3365 973 voluerit
3391 918 3559 990 igitur

1978 1012 2201 1067 veritati
2237 1014 2293 1067 in
2328 1012 2677 1083 simplicitate
2708 1012 2895 1067 cordis
2926 1011 3231 1075 adhznrere,
3267 1011 3559 1067 veritatem

1980 1105 2181 1163 habeat
2225 1106 2446 1171 ducem,
2498 1114 2555 1159 et
2593 1104 2805 1159 erroris
2843 1103 3193 1174 iugatricem.

2050 1282 2133 1337 Tu
2174 1298 2307 1337 vero
2360 1282 2528 1336 homo
2585 1282 2705 1345 Dei,
2748 1281 2982 1336 veritate
3035 1278 3162 1334 ﬁdei
3211 1276 3453 1339 innixus,
3488 1290 3559 1331 ex

1981 1375 2113 1445 ipsis
2140 1375 2323 1429 verbis
2353 1373 2543 1429 Severi
2573 1373 2877 1428 Ecclesium
2900 1370 3305 1441 impugnantis,
3332 1368 3559 1423 coniuta

1980 1482 2076 1521 eos
2109 1465 2203 1534 qui
2240 1474 2363 1534 post
2412 1464 2674 1519 unionem
2725 1463 2866 1517 duas
2903 1461 3113 1517 Christi
3162 1469 3395 1514 naturas
3418 1473 3557 1512 con-

1980 1556 2124 1611 ﬁteri
2174 1557 2391 1618 nolunt,
2446 1556 2542 1610 sed
2591 1570 2759 1625 prave
2798 1560 3130 1623 usurpantes
3164 1566 3358 1606 vocem
3392 1550 3558 1605 unius

1978 1656 2193 1703 natura:
2226 1649 2323 1703 Dei
2373 1647 2542 1702 Verbi
2590 1646 2890 1712 incarnati,
2930 1654 2986 1700 et
3033 1660 3143 1698 non
3186 1642 3255 1697 ad
3310 1651 3556 1696 mentem

1978 1740 2125 1795 beati
2147 1740 2361 1811 Cyrilli,
2394 1739 2492 1809 qui
2522 1755 2587 1796 ea
2611 1753 2747 1793 voce
2792 1752 2925 1791 usus
2967 1744 3052 1791 est
3077 1734 3347 1788 adversus
3372 1732 3557 1787 (ictam

1976 1831 2218 1886 Nestorii
2253 1832 2537 1886 unionem.
2580 1830 2702 1885 Non
2737 1829 2887 1884 enim
2917 1836 3243 1882 naturarum
3272 1822 3556 1879 excidium

296 1925 569 1997 ἐχρήσατο
620 1928 685 1997 τῇ
736 1930 887 1997 φωνῇ
930 1925 1107 1998 ταύτῃ
1146 1924 1285 1978 κατὰ
1318 1924 1417 1995 τῆς
1452 1925 1711 1996 σχετικῆς
1736 1924 1869 1977 ἐνώ-

1979 1934 2039 1978 ut
2065 1924 2473 1977 calumniantur
2509 1922 2805 1979 mendaces
2838 1932 2895 1977 et
2916 1922 3262 1985 seductores,
3296 1916 3391 1973 sed
3416 1930 3555 1970 con-

298 2032 437 2081 σεως
470 2018 792 2089 Νεστορίου.
842 2020 917 2072 Οὐ
949 2019 1059 2089 γὰρ
1089 2017 1176 2070 ἐπ’
1207 2018 1483 2087 ἀναιρέσει
1514 2016 1622 2070 τῶν
1649 2016 1744 2070 δύο
1767 2016 1871 2086 φύ-

298 2124 458 2173 σεων,
489 2107 564 2169 ὡς
590 2109 929 2181 ληρῳδοῦσιν
956 2110 1004 2161 οἱ
1030 2107 1347 2177 ψευδολόγοι
1375 2109 1471 2161 καὶ
1497 2109 1870 2178 φρεναπάται,

298 2198 389 2249 ἐπὶ
442 2199 699 2253 συστάσει
748 2201 807 2253 δὲ
865 2199 1067 2271 μᾶλλον
1114 2199 1300 2252 αὐτῶν
1364 2202 1459 2253 καὶ
1514 2200 1637 2253 κατ’
1679 2202 1872 2255 οὐσίαν

295 2284 605 2356 ἀσυγχύτου
665 2289 759 2342 καὶ
809 2289 1083 2359 ἀτρέπτου
1144 2289 1242 2341 καὶ
1293 2288 1568 2359 ἁμειώτου
1619 2290 1869 2356 ὲνώσεως

298 2378 499 2443 αὐτῶν,
533 2378 609 2442 ὡς
643 2380 980 2451 μαρτυροῦσι
1010 2379 1078 2433 τὰ
1105 2380 1518 2452 συγγράμματα
1543 2380 1732 2447 αὐτοῦ,
1768 2383 1869 2453 μά-

1968 2014 2315 2087 junctionem
2346 2014 2529 2085 potius
2558 2029 2751 2069 earum
2784 2012 3073 2069 conﬁrmat
3108 2007 3553 2069 substantialiter

1974 2118 2030 2163 et
2061 2108 2200 2163 citra
2247 2108 2610 2162 mutationem
2640 2117 2806 2175 atque
2847 2105 3295 2161 imminutionem
3327 2102 3549 2164 factam,

1976 2208 2038 2254 ut
2080 2208 2356 2255 testantur
2409 2200 2615 2270 scripta
2657 2201 2800 2268 ejus,
2849 2199 3085 2253 maxime
3134 2212 3269 2252 vero
3314 2192 3553 2264 epistola

1975 2290 2096 2361 ejus
2121 2290 2189 2345 ad
2222 2291 2518 2362 Eulogium
2540 2272 2987 2361 apocrisiarium,
3017 2299 3073 2347 et
3101 2288 3379 2343 Allocutio
3406 2286 3549 2357 ejus,

1976 2385 2135 2456 cujus
2174 2385 2509 2456 principium
2558 2403 2573 2440 :
2610 2384 2727 2440 Non
2759 2384 2981 2439 admitto
3010 2383 3370 2437 commixtum.

298 2465 456 2521 λιστα
497 2469 554 2522 δὲ
601 2473 635 2539 ή
682 2471 820 2542 πρὸς
857 2472 1116 2541 Εὺλόγιον
1181 2471 1273 2524 τὸν
1322 2472 1744 2543 ἀποκρισιάριον
1803 2474 2067 2548 ἐπιστολὴ
2105 2474 2292 2543 αὐτοῦ,
2342 2476 2437 2530 καὶ
2463 2477 2491 2530 ὁ
2520 2475 2976 2546 Προσφωνητικὸς
3013 2468 3283 2543 αὐτοῦ,οῦ
3308 2463 3506 2541 ἡάρχὴ
3531 2476 3546 2493 ⁸

314 2560 460 2630 Ἐγὼ
489 2560 556 2615 τὸ
585 2562 1074 2634 συγκεκραμένον
1104 2565 1175 2618 οὐ
1201 2562 1616 2633 καταδέχομαι.
