4112 6544
526 615 3782 672 W

1662 881 1835 927 ANNO
1881 878 2108 925 οωηΝι
2153 879 2640 925 υχιγιι-υιχνι.

982 1057 2107 1420 inmunis
2253 1135 3300 1373 lliPlllll'l‘llll.

1895 1747 2444 1841 ΝΟΤΙΤΙΑ.

1292 1985 1472 2055 (Cava
1506 1984 1706 2056 Script.
1737 1982 2210 2039 ecclesiasticarum
2242 1984 2460 2040 Historia
2494 1985 2777 2050 litterario,
2809 2004 2861 2059 ιι.
2901 1989 3050 2059 329.)

603 2428 685 2487 Fl.
717 2427 1082 2493 Iustinianns,
1114 2435 1275 2499 gente
1309 2423 1579 2498 Illyricas,
1604 2420 1849 2479 Sabbatil
1876 2434 1933 2479 et
1967 2421 2245 2495 Biglinizze
2279 2424 2445 2495 ﬁlius,
2495 2424 2768 2495 Tauresii,
2802 2428 2968 2487 hodie
3002 2433 3362 2493 Achridnntis
3396 2439 3449 2494 in
3494 2441 3790 2507 Dardania,

529 2533 693 2581 natus
718 2534 804 2580 est
835 2540 981 2580 anno
1012 2523 1137 2580 483.
1166 2521 1513 2578 Avunculum
1565 2519 1758 2576 habuit
1786 2520 2063 2575 Iustinum
2099 2522 2403 2592 Augustum
2429 2563 2444 2586 ,
2503 2539 2533 2578 a
2564 2539 2673 2594 quo
2704 2525 2758 2580 in
2787 2526 3025 2584 Castello
3055 2531 3362 2590 Bederiano
3409 2552 3624 2593 summa
3657 2555 3793 2595 cura

529 2620 797 2677 educatus
833 2628 917 2675 est
939 2660 954 2685 ,
1008 2629 1066 2675 et
1103 2618 1158 2673 in
1196 2616 1367 2671 lilium
1398 2616 1712 2686 adoptatus.
1739 2614 1991 2669 Nondum
2023 2614 2321 2684 imperator
2342 2616 2689 2671 Theodoram
2717 2629 2839 2674 ortu
2865 2619 3120 2692 Cypriam
3155 2642 3379 2683 uxorem
3408 2631 3585 2696 duxit,
3626 2632 3791 2687 femi-

530 2731 655 2769 nam
693 2714 1017 2770 insolentem
1058 2723 1115 2769 et
1145 2711 1501 2781 Eutychianze
1527 2710 1720 2766 haeresi
1754 2710 1968 2781 perdite
2002 2709 2302 2766 addictam.
2341 2711 2500 2766 Anno
2528 2714 2653 2777 519,
2688 2731 2719 2769 a
2751 2715 2970 2772 Iustino
2998 2718 3330 2789 imperatore
3350 2725 3610 2796 magister
3644 2728 3792 2782 mili-

534 2816 647 2861 tum
679 2806 858 2862 lactus
885 2815 990 2871 est,
1021 2815 1077 2861 et
1106 2806 1161 2860 in
1191 2804 1472 2861 Orientem
1504 2820 1629 2860 cum
1674 2804 1921 2858 exercitu
1946 2804 2166 2869 missus,
2199 2820 2314 2859 rem
2349 2815 2538 2860 contra
2571 2808 2763 2864 Persas
2794 2809 2934 2865 bene
2965 2815 3152 2882 gessit.
3182 2815 3339 2870 Anno
3369 2818 3495 2884 521,
3534 2820 3792 2875 consula-

532 2911 647 2955 tum
678 2900 857 2966 obiit;
908 2915 1034 2954 mox
1058 2899 1343 2969 patricius,
1369 2897 1571 2954 deinde
1602 2895 2022 2963 nobilissimus;
2074 2914 2139 2954 ac
2195 2899 2413 2953 tandem
2436 2917 2593 2955 anno
2628 2902 2731 2956 527
2764 2942 2780 2964 .
2849 2905 3107 2961 Kalendis
3132 2910 3446 2979 Aprilibus,
3512 2913 3798 2984 Augustus

530 2993 898 3057 renuntiatus,
922 3007 1047 3048 cum
1070 2992 1345 3046 avunculo
1377 3005 1608 3060 regnare
1635 2989 1842 3059 erepit;
1870 3004 1981 3059 quo
2004 2989 2265 3045 defuncto
2296 2992 2555 3049 Kalendis
2585 2993 2813 3064 Augusti
2846 2998 3095 3066 ejusdem
3126 3001 3279 3065 anni,
3311 3003 3600 3073 imperium
3636 3006 3795 3060 dein-

531 3100 660 3157 ceps
688 3087 837 3141 solus
862 3087 1061 3141 tenuit.
1092 3086 1256 3140 Anno
1282 3085 1407 3149 528,
1439 3084 1680 3139 edictum
1715 3084 2106 3155 promulgavit,
2137 3100 2248 3154 quo
2273 3086 2631 3142 Nestorianos
2673 3098 2731 3143 et
2763 3090 3154 3160 Eutychianos,
3189 3104 3447 3165 tanquam
3500 3095 3794 3151 haereticos

530 3180 710 3250 poenis
738 3179 998 3236 civilibus
1027 3178 1343 3234 multandos
1365 3178 1630 3241 decrevit,
1653 3177 1846 3232 eodem
1878 3187 2000 3247 post
2024 3177 2466 3247 quinquennium
2503 3190 2784 3236 renovato.
2815 3184 2975 3239 Anno
3007 3186 3129 3250 5M,
3157 3185 3446 3258 Origenem
3474 3191 3591 3261 ipse
3613 3189 3797 3245 edicto

530 3269 833 3335 damnavit,
868 3279 926 3325 et
958 3268 1146 3324 habita
1179 3285 1304 3323 mox
1352 3268 1455 3324 sub
1482 3269 1676 3324 Menna
1700 3268 1908 3340 synodo
1937 3268 2436 3339 Constantinopoli,
2475 3270 2628 3325 illum
2660 3288 2785 3326 cum
2822 3277 3191 3332 sectatoribus
3219 3280 3566 3335 anathemate
3594 3296 3795 3350 percu-

532 3364 781 3422 ttendum
810 3365 1045 3419 curavit.
1083 3364 1242 3419 Anno
1270 3364 1395 3429 545,
1422 3364 1569 3420 edita
1603 3363 2019 3422 constitutione.
2051 3366 2155 3419 tria
2182 3364 2433 3436 Capitula
2466 3366 2769 3433 damnavit,
2791 3371 2938 3440 quod
2986 3381 3044 3428 et
3083 3384 3323 3431 exeunte
3357 3388 3622 3446 sequente
3648 3393 3795 3432 anno

533 3456 777 3529 synodus
795 3454 1406 3525 Constantinopolitana
1442 3455 1635 3511 itidem
1660 3454 1813 3511 fecit.
1841 3454 2002 3510 Anno
2032 3455 2157 3520 533,
2199 3456 2494 3511 concilium
2530 3461 2933 3517 meumenicum
2961 3463 3441 3538 Constantinopoli
3477 3469 3794 3524 habendum

534 3551 733 3607 indixit
764 3568 778 3604 :
806 3550 862 3605 in
892 3565 1003 3621 quo
1048 3565 1078 3605 a
1109 3550 1386 3615 Patribus,
1413 3559 1475 3605 ut
1511 3550 1617 3605 tria
1649 3549 1901 3621 Capitula
1928 3549 2326 3605 damnarentur
2359 3553 2659 3621 postulavit
2713 3563 2770 3609 et
2817 3555 3063 3613 obtinuit
3094 3559 3114 3625 (
3135 3560 3336 3633 Evagr.
3376 3563 3415 3617 Ι.
3451 3580 3525 3627 1v,
3577 3580 3630 3619 c.
3660 3565 3793 3635 59).

532 3650 693 3703 Anno
725 3646 850 3709 563,
882 3645 1269 3701 fatiscentibus
1288 3660 1414 3700 cum
1444 3659 1677 3716 corpore
1706 3644 1876 3700 animi
1900 3644 2134 3708 viribus,
2170 3644 2241 3699 ab
2269 3645 2548 3703 barreticis
2577 3649 2909 3719 quibusdam
2942 3652 3190 3720 delusus,
3237 3657 3479 3713 edictum
3524 3660 3794 3726 condidit,

534 3756 645 3813 quo
665 3738 872 3797 Christi
905 3753 1110 3809 corpus
1133 3738 1252 3808 pari
1278 3737 1442 3793 modo
1464 3745 1590 3793 ante
1620 3753 1685 3793 ac
1710 3746 1833 3810 post
1863 3737 2331 3794 resurrectionem
2368 3741 2745 3811 corruptionis
2777 3751 2834 3796 et
2857 3746 3191 3800 naturalium
3222 3747 3575 3803 aﬂ'ectionmn
3599 3765 3798 3819 expers

534 3834 704 3890 fuisse
736 3834 963 3901 docuit;
998 3843 1169 3903 utque
1217 3832 1505 3889 sententia:
1548 3846 1663 3887 sua;
1691 3846 1884 3888 omnes
1911 3833 2156 3903 episcopi
2201 3833 2639 3902 subscriberent,
2674 3837 2976 3893 mandavit.
3022 3839 3324 3911 EpiscOpos
3371 3841 3682 3897 Orientales
3726 3843 3796 3898 ad

535 3929 811 3985 Anastasii
839 3928 1173 3985 Antiocheni
1215 3928 1544 3984 sententiam
1578 3936 1943 3998 provocantes
1977 3928 2299 3998 gravissime
2330 3928 2560 3995 aﬂlixit;
2592 3931 2772 4001 ipsum
2819 3948 2953 3988 vero
3000 3934 3347 3990 Anastasium
3375 3946 3431 3992 et
3463 3937 3794 4009 Eutychium

535 4021 907 4092 patriarcham
945 4019 1619 4091 Constantinopolitanum
1642 4027 1962 4075 constanter
1992 4020 2335 4075 reluctantes
2356 4021 2583 4076 sedibus
2611 4024 2729 4079 suis
2749 4025 3087 4093 exturbavit,
3115 4036 3174 4082 et
3207 4027 3261 4082 in
3297 4028 3550 4083 exsilium
3585 4030 3786 4100 deper-

537 4116 642 4172 tari
672 4117 860 4189 jussit.
885 4115 1214 4188 Hujusmodi
1235 4115 1448 4171 deliriis
1466 4114 1731 4177 intentus,
1755 4115 1923 4169 rebus
1947 4115 2206 4170 humanis
2226 4125 2517 4186 exemptus
2534 4126 2618 4171 est
2641 4134 2787 4173 anno
2806 4119 2929 4183 565,
2954 4120 3044 4176 die
3080 4121 3144 4175 14
3167 4120 3516 4187 Novembris,
3543 4122 3782 4189 dierum,

424 4248 435 4260 .
535 4207 741 4280 gloriae,
777 4215 835 4263 et
885 4207 1289 4278 triumphorum
1334 4217 1507 4264 satur.
1542 4206 1664 4262 Non
1696 4206 1927 4262 deerant
1959 4207 2113 4271 olim,
2145 4222 2247 4262 nec
2272 4206 2474 4262 desunt
2504 4208 2691 4275 hodie,
2725 4212 2820 4281 qui
2878 4212 2937 4266 in
2989 4212 3420 4268 sacratissimum
3448 4215 3781 4285 principem,

536 4314 646 4355 non
674 4299 858 4356 minus
882 4299 1155 4366 doctrina,
1187 4301 1413 4371 pietate,
1439 4316 1604 4371 quam
1635 4300 1880 4370 potentia
1903 4306 1960 4353 et
1984 4314 2172 4354 rerum
2203 4308 2481 4370 gestarum
2504 4302 2677 4372 gloria
2708 4304 2939 4370 clarum,
2975 4314 3090 4361 tota
3118 4306 3519 4362 calumniarum
3547 4315 3604 4363 et
3642 4324 3782 4363 con-

439 4424 444 4430 υ
534 4392 803 4449 viciorum
837 4395 1080 4465 plaustra
1113 4403 1434 4449 exonerant.
1468 4394 1640 4449 Nemo
1668 4409 1801 4449 vero
1834 4410 2076 4464 unquam
2106 4394 2368 4464 iniquiori
2410 4411 2643 4452 censura
2665 4440 2679 4465 ,
2710 4408 2768 4454 et
2797 4399 3188 4456 inverecundia
3222 4402 3382 4473 longe
3413 4402 3551 4457 inl'ra
3586 4419 3790 4460 sumnn

534 4485 804 4557 principis
835 4497 1064 4552 sortem,
1094 4486 1149 4541 in
1180 4484 1603 4557 augustissimus
1626 4484 1922 4541 Iustiniani
1954 4498 2142 4538 manes
2180 4482 2553 4540 debacchatus
2580 4494 2685 4551 est,
2723 4502 2887 4557 quam
2922 4488 3215 4544 cardinalis
3236 4488 3506 4543 Baronius
3534 4495 3570 4555 ',
3602 4506 3796 4548 omnes

536 4580 592 4635 in
627 4580 734 4637 hoc
753 4582 1084 4652 eloquentiae
1108 4594 1309 4635 nervos
1337 4578 1652 4640 intendens,
1686 4585 1748 4632 ut
1771 4593 1839 4632 ex
1871 4578 2201 4647 imperatore
2230 4592 2343 4632 non
2368 4578 2674 4642 hominem,
2708 4580 2804 4635 sed
2844 4580 3127 4635 diabolum
3180 4581 3342 4635 nobis
3367 4581 3675 4638 exhiberet.
3722 4582 3795 4639 [ι

535 4673 699 4729 ﬁdem
725 4672 941 4739 faciam,
974 4674 1223 4744 quaedam
1254 4671 1448 4728 lectori
1470 4670 1542 4725 ob
1579 4670 1770 4726 oculos
1807 4685 2027 4741 ponam.
2063 4688 2083 4721 ι
2118 4669 2265 4735 Fuit,
2301 4669 2503 4739 inquit,
2544 4670 2711 4726 homo
2755 4672 2977 4741 penitus
3011 4672 3363 4736 illitteratus;
3392 4675 3530 4727 adeo
3580 4681 3642 4725 ut
3689 4688 3796 4734 nec

535 4764 886 4835 alphabetum
926 4764 1227 4835 aliquando
1252 4762 1555 4817 didicisset.
1598 4759 1913 4831 Sacrilegus
1945 4759 2267 4829 imperator.
2305 4760 2399 4830 qui
2451 4776 2560 4814 non
2605 4761 2782 4816 levem
2810 4763 3252 4832 persecutionem
3290 4764 3573 4828 excitavit,
3607 4762 3797 4817 furore

536 4855 802 4925 percitus,
843 4866 1027 4912 mente
1060 4856 1324 4918 dimotus,
1359 4862 1657 4923 corruptus
1684 4852 1925 4923 maligno
1956 4851 2179 4921 spiritu,
2211 4851 2451 4923 agitatus
2485 4867 2513 4905 a
2547 4852 2766 4919 Satana,
2803 4854 3007 4923 quique
3039 4868 3258 4909 omnem
3292 4853 3346 4908 in
3378 4854 3622 4909 Ecclesia
3675 4853 3795 4909 dis-

520 4934 702 5004 solvit
737 4949 1015 5011 ordinem,
1038 4948 1279 5018 fecitque
1310 4964 1381 5004 ex
1409 4963 1580 5019 regno
1607 4947 1875 5003 oculorum
1902 4945 2242 5016 ergastulum
2272 4943 2577 4997 inferorum
2613 4944 2842 5014 (Annal.
2897 4946 2966 5000 ad
3006 4963 3098 4999 an.
3135 4946 3259 5009 551,
3290 4963 3445 5000 nium.
3475 4946 3529 5010 5,
3569 4947 3630 5012 λίς
3666 4946 3795 5008 528.

536 5041 821 5109 num.20;
852 5042 976 5108 555,
1002 5058 1155 5097 num.
1188 5041 1252 5096 2|
1278 5045 1319 5103 δ.
1350 5061 1369 5094 ι
1434 5040 1689 5096 lnlinitus
1718 5054 1940 5104 essem,
2008 5037 2053 5092 si
2113 5035 2299 5090 omnia
2362 5052 2770 5105 percnrrerem.
2810 5035 2926 5091 Non
2980 5037 3113 5091 mihi
3170 5038 3226 5090 in
3271 5037 3457 5093 animo
3503 5046 3625 5103 est,
3670 5048 3798 5109 post

535 5131 856 5197 Guinetum,
880 5130 1238 5202 Ciphanium,
1274 5132 1616 5191 Trivorium.
1667 5131 1887 5187 Rivium
1933 5136 2263 5192 nostratem,
2292 5126 2541 5196 aliosque
2563 5168 2577 5192 ,
2634 5127 2837 5198 egregii
2879 5128 3150 5198 principis
3180 5128 3455 5184 vindicias
3499 5144 3681 5200 agere.
3717 5129 3797 5184 De

536 5226 755 5283 eximiis
774 5226 1074 5282 Iustiniani
1096 5226 1396 5282 virtutibus
1425 5227 1648 5282 unicum
1679 5237 1774 5280 ant
1808 5227 2042 5279 alterum
2066 5232 2315 5277 veterum
2341 5223 2713 5277 testimonium
2740 5224 3037 5293 proferam.
3068 5224 3143 5278 De
3172 5223 3422 5278 doctrina
3443 5225 3566 5296 ejus
3596 5232 3656 5279 et
3682 5223 3798 5294 pie-

540 5323 650 5372 tate
678 5315 797 5371 haec
818 5315 1142 5386 Procopius,
1174 5316 1228 5371 in
1255 5316 1625 5373 Iustinianum
1659 5316 1841 5372 adhuc
1864 5329 2054 5383 aequus
2084 5313 2194 5384 (De
2220 5311 2357 5367 Bell.
2393 5313 2547 5369 Goth.
2589 5314 2629 5368 ι.
2661 5330 2752 5378 nl;
2801 5314 2863 5367 de
2897 5314 3037 5385 crdif.
3063 5313 3203 5369 Just.
3230 5315 3270 5368 l.
3300 5314 3369 5385 r).
3403 5314 3635 5370 Solitum
3666 5304 3809 5398 cum:

537 5420 654 5467 tum
700 5410 873 5466 libros
905 5411 973 5466 de
1001 5412 1166 5467 rebus
1193 5412 1399 5467 divinis
1443 5420 1669 5482 agentes
1696 5411 2083 5481 pervolutare,
2140 5418 2255 5462 tum
2278 5410 2345 5463 de
2375 5407 2571 5461 iisdem
2600 5407 2874 5476 colloquia
2913 5424 3037 5461 cum
3068 5408 3343 5478 episc0pis
3366 5417 3423 5462 et
3455 5408 3797 5478 presbyteris

537 5505 595 5561 in
621 5504 847 5569 multam
881 5515 1097 5560 noctem
1124 5507 1446 5576 pertrahere
1476 5524 1488 5558 :
1518 5506 1571 5559 in
1609 5521 1761 5559 more
1785 5505 1836 5560 ei
1863 5521 2082 5575 semper
2108 5504 2278 5558 fuisse
2304 5503 2493 5557 multis
2516 5484 2642 5557 ante
2670 5502 2876 5557 Pascha
2899 5502 3112 5557 dierun:
3135 5502 3574 5558 hebdomadibus
3593 5518 3796 5573 corpus

536 5596 740 5669 vigiliis
766 5605 823 5651 et
852 5596 1052 5651 inediis
1079 5597 1364 5668 plusquam
1393 5596 1647 5651 asceticis
1672 5610 1973 5658 macerare,
2001 5593 2170 5648 semel
2201 5592 2256 5647 in
2280 5592 2453 5646 biduo
2484 5591 2669 5645 cibum
2699 5605 2918 5661 capere,
2951 5590 3101 5655 vino,
3133 5607 3274 5662 pane
3306 5592 3537 5663 aliisque
3566 5578 3806 5648 cibariis:

606 5779 623 5795 ‘
646 5774 821 5845 Hujus
851 5774 1072 5830 critices
1102 5774 1412 5845 acrimonia
1441 5773 1724 5830 hominem
1756 5772 2119 5844 Anglicanum
2186 5768 2391 5841 prodit.
2418 5767 2697 5827 Caeterum
2732 5779 3009 5841 quatenus
3028 5768 3210 5828 Caveo
3252 5768 3672 5828 assentiendum
3695 5768 3807 5844 sit,f

535 5844 743 5914 indicet
774 5846 948 5900 lector
975 5844 1247 5902 eruditus.
1283 5845 1433 5900 Enn.
1502 5858 1506 5861 ‘
