4112 6534
333 514 440 576 959

1409 527 1638 587 LIBER
1682 529 2073 588 ADVERSUS
2109 533 2526 613 ORIGEV‘EM.

3494 547 3604 610 950

345 631 545 702 λογικῶν
563 636 629 688 τά
652 634 1044 706 ἁμαρτήσαντα,
1076 641 1150 692 ναὶ
1181 637 1260 692 διὰ
1282 648 1428 692 τοῦτο
1452 642 1729 695 ἐκπεσόντα
1759 651 1847 702 τῆς
1873 647 1907 697 ἐπ

2027 659 2130 712 que
2185 652 2524 706 rationabilia
2583 671 2700 721 quae
2749 665 3061 726 peccarunt,
3111 678 3168 714 ac
3215 674 3498 733 propterea
3526 673 3592 722 de

344 721 531 794 ᾖῆσαν
569 730 969 789 καταστάσεως,
1012 733 1140 782 κατὰ
1182 737 1269 788 τὴν
1298 734 1562 802 ἀναλογίαν
1597 740 1693 785 τῶν
1736 737 1922 788 οἰκείων

342 811 716 886 ἁμαρτημάτων
761 824 1008 891 τιμωρίας
1067 821 1219 895 χάριν
1267 824 1498 892 σώμασιν
1541 826 1794 883 ἐνεϐλήθη·
1841 832 1921 880 καί

343 903 668 972 καθαιρόμενα
690 908 834 960 πάλιν
855 909 1174 978 άνάγονταιίν
1250 913 1492 986 πρότερον
1519 910 1649 970 ἦσαν
1671 918 1922 969 καταστά-

343 1013 420 1046 σει
440 1033 453 1054 ,
485 997 741 1054 παντελῶς·
777 1003 866 1054 τήν
905 1002 1076 1051 κακίαν
1117 1003 1446 1072 ἀποτιθέμενοι
1472 1007 1554 1057 καί
1587 1007 1652 1058 τά
1677 1010 1918 1075 σώματα·

343 1084 423 1136 καί
451 1083 601 1137 πάλιν
627 1085 679 1136 ἐκ
701 1084 964 1160 δευτέρου,
992 1091 1073 1141 καί
1110 1092 1284 1163 τρίτου
1303 1131 1318 1155 ,
1350 1096 1429 1145 καί
1455 1094 1718 1154 πλεονάκις
1754 1094 1919 1166 διαφό-

341 1194 446 1242 ροις
475 1177 797 1244 ἐμϐάλλονται
837 1183 1043 1249 σώμασι
1071 1186 1198 1257 πρὸς
1231 1189 1497 1260 τιμωρίαν.
1528 1192 1841 1244 Ὗποτίθεται
1866 1191 1918 1245 δὲ

341 1268 420 1317 καί
449 1263 720 1335 διαφόρους
751 1269 970 1341 κόσμους
1018 1279 1266 1331 συστῆναί
1294 1297 1344 1329 τι
1371 1315 1386 1339 ,
1426 1280 1507 1330 καί
1546 1281 1881 1334 συνίστασθαι
1904 1321 1918 1342 ,

339 1364 490 1409 τοῦτο
517 1361 604 1426 μὶν
627 1361 980 1433 παρελθόντας,
1008 1373 1156 1419 τοῦτ)
1173 1364 1224 1420 δέ
1248 1369 1532 1437 μέλλονταςθ
1560 1375 1643 1424 καί
1661 1374 1738 1431 τίς
1759 1374 1920 1433 οὕτως

340 1447 476 1500 ἐστίν
503 1449 712 1510 ἠλίθιος.
748 1449 804 1510 ὅς
839 1474 917 1511 τις
951 1463 1049 1507 τῶν
1077 1459 1314 1512 τοιούτων
1339 1459 1533 1514 ἁκούων
1565 1465 1620 1515 οὐ
1647 1467 1804 1533 φρίξει
1832 1472 1922 1524 τήν

294 1589 298 1594 ,
340 1537 556 1593 διάνοιαν
581 1541 665 1595 διά
692 1548 781 1601 τὴν
810 1552 900 1603 τῆς
929 1547 1160 1606 ἀσεϐείας
1181 1551 1490 1623 ῦπερϐολήν;
1536 1556 1613 1612 τίς
1648 1553 1699 1608 δέ
1743 1558 1834 1608 οὐκ
1865 1552 1922 1608 άν

289 1626 294 1630 ’
340 1625 640 1700 βδελύξηται
659 1633 742 1686 τὸν
771 1636 984 1699 μανέντα
1013 1641 1266 1706 Ὠριγένην
1286 1681 1300 1702 ,
1325 1639 1567 1701 τοιαύτας
1601 1644 1922 1705 πλασάμενόν

337 1726 414 1784 τε,
447 1725 527 1774 καί
555 1723 810 1796 ἕγγράφως
835 1726 1085 1796 ἔκθέμενον
1116 1733 1242 1782 κατά
1278 1739 1410 1784 Θεοῦ
1443 1733 1792 1806 βλασφημίας
1827 1736 1918 1790 ἆσ-

339 1831 478 1871 τινας
502 1815 569 1870 ὡς
597 1818 724 1867 πᾶσι
761 1826 1078 1889 Χριστιανοῐς
1121 1822 1530 1894 άπηγιιρευμένας
1547 1865 1560 1886 ,
1591 1831 1670 1880 καὶ
1697 1836 1920 1900 προφανῆ

339 1909 426 1958 τῆς
455 1899 756 1963 δυσσεϐείας
786 1907 1016 1976 ἐχούσας
1051 1917 1132 1964 τὸν
1158 1909 1397 1984 ἔλεγχον,
1422 1920 1666 1989 περισσὸν
1691 1921 1918 1988 ἐνομίσα-

2020 743 2162 788 statn
2193 753 2289 793 suo
2315 741 2647 809 exciderunt,
2693 762 2790 814 pro
2829 763 3046 803 suorum
3096 762 3434 818 peccatorum
3477 773 3592 823 pro-

2020 829 2289 895 portione,
2321 831 2563 899 supplicii
2596 849 2755 890 causa
2795 837 2846 890 in
2871 853 3098 906 corpora
3131 840 3325 908 injecta
3351 852 3499 908 sunt,
3527 861 3591 901 ac

2020 928 2330 987 expurgata,
2383 937 2592 975 rursum
2622 925 2915 979 eﬂeruntur
2958 928 3010 981 in
3060 929 3340 997 pristinum
3369 940 3586 997 statum,

2019 1010 2165 1062 enini
2207 1010 2449 1080 deposita
2497 1015 2694 1068 malitia
2725 1024 2779 1070 et
2803 1020 3121 1086 corporibus
3152 1038 3165 1073 :
3201 1021 3499 1090 iterumque
3527 1041 3592 1080 ac

2021 1103 2254 1166 tertium,
2287 1111 2344 1157 et
2363 1106 2684 1174 compluries
2711 1107 2935 1162 diversis
2963 1109 3028 1163 ad
3053 1125 3264 1179 pmnam
3286 1112 3591 1179 injiciuntur

2019 1193 2352 1260 corporibus.
2402 1193 2560 1248 Ponit
2586 1211 2749 1264 porro
2775 1198 3017 1252 diversos
3047 1203 3353 1257 constitisae
3382 1213 3436 1255 et
3456 1219 3585 1257 cmi-

2018 1293 2160 1336 stare
2197 1284 2442 1351 mundos,
2478 1293 2586 1339 tum
2613 1289 2932 1354 praeteritos,
2968 1299 3077 1344 tum
3107 1289 3330 1346 futuros.
3361 1293 3589 1361 Ecquis-

2017 1388 2140 1425 nam
2183 1373 2321 1429 adeo
2359 1374 2538 1430 fatuus
2585 1385 2700 1440 est,
2751 1385 2808 1431 ut
2861 1380 2972 1434 hinc
2998 1381 3221 1436 audiens
3246 1385 3426 1438 animo
3477 1402 3584 1438 non

2019 1463 2360 1518 exhorrescat
2384 1474 2603 1535 propter
2625 1482 2886 1523 summam
2915 1471 3286 1540 impietatem?
3315 1474 3444 1540 Quis
3477 1491 3586 1530 non

2020 1562 2330 1607 exsecretur
2356 1554 2599 1608 insanum
2621 1557 2924 1624 Urigenem,
2957 1561 3048 1627 qui
3081 1561 3383 1628 hujusmodi
3414 1563 3584 1620 linxc~

2019 1643 2086 1694 rit
2113 1658 2176 1696 ac
2201 1645 2414 1712 scriptis
2433 1647 2696 1702 mamlarit
2728 1650 2780 1702 in
2811 1649 2976 1705 Deum
3003 1652 3363 1721 blasphemias
3383 1658 3406 1708 ?
3429 1670 3586 1724 quas,

2019 1738 2077 1783 ut
2129 1733 2376 1788 omnibus
2420 1734 2734 1792 Christianis
2789 1740 3134 1804 interdictas,
3191 1745 3580 1816 manifestaque

2019 1820 2276 1876 habentes
2299 1823 2586 1894 impietatis
2614 1838 2924 1892 argumenta
2943 1867 2962 1892 ,
3008 1848 3461 1901 supervacaneum
3490 1837 3586 1890 du-

2021 1911 2192 1964 ximus
2215 1911 2536 1968 refutatione
2563 1915 2790 1983 dignari.
2818 1917 2996 1985 Quare
3037 1921 3083 1975 si
3112 1920 3349 1978 haeretici
3377 1941 3584 1988 omnes.

338 2008 424 2056 μεν
444 1993 782 2068 άντιρᾑήσεως
803 1999 1034 2058 άξεῶσαι’
1067 2003 1112 2052 εἰ
1139 2001 1300 2053 τοίνυν
1327 2001 1549 2063 ἅπαντες
1575 2007 1812 2080 αῖρῖτικοί
1834 2010 1907 2062 ἐπί

2019 2001 2088 2055 ob
2110 2002 2264 2056 unius
2285 2002 2504 2057 forsitan
2525 2013 2616 2058 aut
2635 2005 2856 2061 alterius
2875 2008 3138 2076 dogmatis
3161 2013 3582 2078 perversitatem,

338 2085 466 2151 ὶνός,
491 2087 673 2154 τυχὸν,
695 2087 724 2145 ἦ
745 2091 979 2164 δευτέρου
1005 2089 1253 2163 δόγματος
1274 2107 1580 2170 παρατροπῇ
1602 2100 1918 2157 ἐκξὲξληνται

339 2184 426 2230 τῆς
451 2174 735 2244 ἁγιωτάτης
775 2178 1066 2240 ἐκκλησίας,
1099 2183 1456 2244 ὑποϐληθέντες
1486 2189 1754 2256 άναθέματι
1786 2195 1918 2261 μετά

339 2271 434 2316 τῶν
459 2263 595 2317 ἰδίων
625 2264 906 2338 δογμάτων,
931 2271 1010 2329 τίς
1041 2269 1166 2330 ὅλως
1190 2282 1498 2347 Χριστιανῶν
1520 2279 1739 2340 άνέξεται
1763 2283 1916 2335 αὐτοῦ

339 2360 612 2428 Ὠριγὲνους
657 2379 742 2422 τε,
787 2363 871 2412 καί
909 2369 1006 2414 τῶν
1043 2372 1271 2433 πονηρῶν
1319 2369 1470 2420 αὐτοῦ
1510 2377 1918 2444 συγγραμμάτων

338 2451 717 2512 ἀντιποιεῖσθαι,
754 2457 834 2503 τοῦ
861 2454 1119 2512 τοσαύτας
1164 2457 1252 2523 μὲν
1283 2459 1529 2532 εἴρηκότος
1571 2460 1913 2533 βλασφημίας,

339 2547 468 2591 πᾶσι
510 2537 564 2592 δέ
592 2539 779 2609 σχεδὸν
809 2543 1000 2613 α’ρετικ
1031 2550 1074 2602 ῖς
1105 2548 1358 2603 τοσαύτην
1397 2547 1514 2605 ὕλην
1554 2553 1802 2613 ἀπωλείας
1834 2558 1917 2608 καί

338 2630 656 2700 βλασφημίας
685 2635 1090 2704 παρασχομένου
1109 2677 1121 2696 ,
1157 2640 1234 2688 καὶ
1264 2636 1349 2691 διά
1382 2647 1530 2693 τοῦτο
1554 2646 1638 2694 καί
1658 2646 1797 2718 παρά
1820 2654 1917 2699 τῶν

338 2718 488 2789 ἁγίων
512 2722 740 2795 πατέρων
763 2720 978 2776 ἔκπαλαι
1001 2727 1092 2776 ὑπὸ
1112 2727 1333 2796 ἀνάθεμα
1359 2731 1620 2800 γενομένου
1642 2737 1773 2802 μετὰ
1815 2743 1915 2788 τῶν

337 2821 581 2884 μυσαρῶν
603 2818 752 2867 αὐτοῦ
779 2813 1076 2885 δογμάτωνς
1101 2819 1156 2869 Et’
1183 2821 1281 2890 γὰρ
1315 2823 1398 2872 καί
1423 2819 1528 2879 δοίη
1569 2846 1643 2883 τις
1688 2826 1768 2877 τὸν
1811 2829 1915 2880 θεο-

337 2902 509 2970 μ-άχον
536 2905 807 2979 Ὠριγὲνην,
858 2902 981 2978 ὅπερ
1010 2911 1094 2959 καί
1131 2911 1272 2980 παρὰ
1311 2919 1414 2970 τοῖς
1441 2909 1602 2973 ἄλλοις
1643 2917 1912 2987 α’ρετιηοῖς

337 2994 639 3056 εὑρίσκεται,
657 2996 906 3062 άναμάξαι
935 2995 1028 3064 [ἵσ.
1048 2997 1300 3070 ἐναμῆξαι,
1320 3002 1349 3062 ἦ
1364 3041 1376 3064 ,
1399 3003 1656 3074 άναμίξαι]
1673 3011 1782 3060 τινά
1808 3017 1911 3068 τοῖς

336 3092 565 3160 πονηροῖς
594 3087 746 3138 αὐτοῦ
785 3089 1182 3162 συγγράμμασιν
1213 3093 1263 3144 ἐκ
1294 3100 1390 3146 τῶν
1427 3096 1577 3167 ἴρθῶδ
1619 3095 1904 3166 δογμάτων,

337 3181 500 3230 ταῦτα
527 3177 616 3229 οὐκ
651 3175 756 3231 ἴδια
793 3178 976 3232 ἐκείνου
1007 3183 1331 3248 καθέστηκ’ν,
1376 3186 1496 3238 ἀλλά
1523 3195 1614 3246 τῆς
1645 3187 1791 3256 ἁγίας
1818 3196 1907 3243 τοῦ

335 3272 460 3318 Θεοῦ
482 3268 744 3329 ἐκκλησίας
776 3271 1025 3345 ὑπάρχει.
1059 3277 1149 3327 Καί
1195 3285 1344 3331 τοῦτο
1369 3276 1422 3331 δὲ
1459 3281 1576 3332 αὐτὸ
1618 3284 1906 3353 κακούργως

2019 2103 2050 2142 e
2072 2089 2400 2144 sanctissima
2428 2090 2660 2146 Ecclesia
2691 2103 2814 2148 sunt
2841 2096 3019 2164 ejecti,
3046 2099 3346 2167 subditiqne
3366 2103 3586 2156 anathe-

2019 2180 2146 2233 mati
2174 2195 2293 2234 cum
2322 2181 2432 2237 suis
2455 2181 2794 2250 dogmatibus
2818 2203 2830 2238 :
2860 2188 2980 2254 quis
3018 2203 3238 2256 prorsus
3265 2190 3586 2247 Christiano-

2017 2285 2133 2322 rum
2163 2271 2444 2326 sustinebit
2470 2271 2752 2341 Origenem
2777 2275 2998 2344 ejusque
3019 2292 3182 2345 prava
3207 2280 3402 2349 scripta
3427 2285 3584 2346 tueri,

2015 2368 2104 2434 qui
2137 2377 2216 2421 tot
2241 2369 2602 2438 blasphemias
2627 2371 2850 2440 dixerit,
2880 2359 3236 2443 omnibusque
3274 2376 3385 2432 fere
3417 2380 3584 2435 haere-

2018 2459 2134 2512 ticis
2166 2467 2366 2512 tantam
2393 2461 2540 2514 exitii
2567 2475 2630 2515 ac
2659 2460 3006 2530 blasphemia:
3026 2466 3303 2519 materiem
3335 2470 3579 2536 praebue-

2016 2550 2104 2611 rit,
2135 2565 2197 2604 ac
2239 2550 2436 2606 idcirco
2466 2551 2670 2619 pridem
2699 2567 2729 2606 a
2750 2554 2950 2609 sanctis
2982 2554 3230 2614 Patribus
3251 2558 3579 2628 anathemati
3609 2578 3612 2580 ν

2015 2641 2286 2708 subjectus
2335 2643 2404 2699 sit
2429 2659 2532 2696 una
2563 2659 2684 2697 tum
2715 2645 2992 2698 sceleratis
3038 2645 3155 2714 ejus
3200 2647 3582 2716 dogmatibus?

2015 2734 2146 2786 Nam
2177 2735 2418 2801 quamvis
2438 2735 2698 2788 concedat
2731 2736 2870 2804 quis,
2903 2735 3012 2790 Deo
3041 2748 3427 2806 repugnantem
3468 2739 3581 2796 Ori-

2013 2839 2200 2891 gencm
2232 2840 2262 2877 e
2289 2833 2433 2878 recta
2462 2825 2703 2877 doctrina
2735 2825 2900 2894 (quod
2932 2835 2987 2880 et
3015 2827 3155 2895 apud
3194 2829 3330 2882 alios
3369 2829 3582 2886 hmreti.

2012 2929 2104 2967 cos
2147 2914 2431 2978 invenitur)
2486 2915 2681 2981 aliquid
2732 2917 3059 2983 expressisse
3091 2918 3141 2970 in
3175 2919 3430 2987 improbis
3471 2924 3582 2976 suis

2011 3006 2262 3073 scriptis:
2296 3020 2358 3057 ea
2389 3005 2555 3072 ipsius
2588 3007 2799 3074 propria
2833 3024 2938 3061 non
2970 3019 3073 3075 est,
3117 3011 3212 3064 sed
3243 3022 3444 3067 sancta:
3489 3015 3581 3071 Dei

2010 3093 2260 3147 Ecclesia:
2285 3111 2300 3158 ;
2325 3103 2482 3162 atque
2513 3099 2617 3149 hoc
2648 3096 2816 3162 ipsum
2841 3099 3103 3152 malitiose
3126 3101 3177 3153 in
3198 3101 3579 3170 simplicioruni

2010 3183 2250 3238 fraudem
2280 3185 2497 3240 molitus
2523 3195 2623 3239 est.
2663 3185 2794 3239 Nam
2827 3187 2878 3240 in
2913 3202 3240 3258 paganorum
3263 3198 3580 3250 commentis

2008 3277 2291 3337 enutritus,
2321 3290 2490 3344 eaque
2515 3292 2806 3345 prepagare
2834 3279 2886 3332 in
2911 3282 3092 3333 animo
3124 3283 3344 3348 habens,
3373 3286 3578 3342 divinas

335 3361 516 3420 ὒκεῖνος
535 3363 621 3414 καί
640 3363 770 3433 πρὸς
796 3365 988 3422 ἀπάτην
1013 3372 1110 3420 τῶν
1133 3363 1496 3442 ἆπλουστέρων
1519 3372 1902 3441 ἐμηχανήσατο.

2009 3382 2068 3420 se
2093 3367 2276 3434 utique
2305 3366 2608 3436 Scripturas
2655 3361 2991 3438 interpretari
3031 3373 3336 3428 simulavit:
3385 3386 3446 3431 ut
3473 3378 3577 3435 hoc

334 3459 459 3510 Ταῖς
478 3455 577 3522 γὰρ
605 3460 703 3507 τῶν
722 3455 953 3512 Ἑλλήνων
982 3459 1293 3529 μυθολογίαις
1318 3462 1589 3535 ἕντραφείς,
1609 3466 1692 3516 καί
1714 3467 1922 3526 ταύτας“

335 3541 607 3596 ἐπεκτεῖναι
643 3543 944 3613 βουλόμενος
996 3547 1391 3615 ίσχηματίσατο
1441 3552 1532 3611 τὰς
1579 3553 1711 3612 θείας
1761 3552 1905 3611 δῆθεν

335 3632 615 3702 ἑρμηνεύειν
637 3640 855 3708 γραφὰς,
894 3635 974 3688 ἵνα
994 3640 1160 3706 τούτῳ
1187 3643 1259 3706 τῷ
1281 3641 1456 3710 τρόπῳ
1498 3645 1561 3694 τά
1589 3648 1798 3716 μυσαρά
1826 3648 1904 3696 αὺ-

334 3730 421 3777 τοῦ
441 3721 671 3796 δόγματα
697 3735 800 3786 τοῖς
828 3735 926 3784 τῶν
961 3731 1098 3782 θείων
1125 3737 1324 3803 γραφῶν
1361 3735 1710 3802 ὑπομνήμασιν
1737 3739 1906 3807 ἀναμί-

332 3816 456 3879 ξας,
504 3819 755 3876 κακοήθως
801 3824 888 3876 τήν
915 3817 1217 3885 Ἑλληνικήν,
1271 3826 1353 3874 καί
1398 3833 1713 3894 Μανιχαίκήν
1751 3832 1902 3882 αὐτοῦ

332 3907 536 3970 πλάνην,
579 3911 661 3961 καί
694 3905 995 3982 ’Δρειανικήν
1024 3915 1204 3982 μανίαν
1243 3914 1522 3987 εἰσαγάγῃ,
1561 3921 1640 3970 καί
1667 3921 1790 3978 τοὺς
1833 3927 1904 3990 μὴ

331 3997 698 4068 ἠγριϐωμένους
740 4002 804 4052 τὰ
832 4007 923 4059 τῆς
959 4003 1089 4060 θείας
1114 4012 1307 4074 γραφῆς
1348 4003 1531 4080 δυνηθῇ
1569 4004 1820 4063 δελεάσαι.
1846 4023 1904 4067 Τι

331 4087 428 4157 γάρ
455 4086 623 4159 ἕτερον
645 4089 786 4162 παρά
813 4091 879 4143 τά
901 4097 972 4159 τῷ
1003 4091 1220 4145 Πλάτωνι
1249 4096 1486 4168 εἰρημένα
1512 4104 1582 4165 τῷ
1609 4103 1698 4156 τήν
1735 4103 1900 4160 ⁸Ελ).η·

330 4181 457 4233 -δικήν
485 4181 665 4245 μανίαν
693 4179 996 4236 πλατύναντι
1021 4181 1272 4258 Ὠριγὲνης
1302 4187 1517 4248 ﬁtﬁt-ro;
1549 4187 1579 4246 ἦ
1611 4195 1752 4264 παρὰ
1775 4195 1903 4253 τίιος

331 4265 498 4340 ἑτέρου
525 4265 717 4334 ’.ὄρειος
743 4270 908 4324 λαϐὼν
941 4279 1031 4330 τήν
1068 4278 1252 4328 οἰκείαν
1281 4279 1637 4349 συνεγράψατο
1663 4285 1812 4338 νόσον
1832 4327 1842 4343 .
1877 4285 1902 4341 ὁ

331 4357 456 4428 πρὸς
483 4355 680 4430 ὄλεθρον
708 4368 798 4419 τῆς
825 4361 1009 4416 ἑαυτοῦ
1039 4363 1220 4434 ψυχῆς
1243 4371 1313 4426 εἰς
1343 4374 1431 4426 τήν
1455 4369 1596 4442 ἁγίαν
1620 4377 1701 4426 καί
1730 4375 1904 4446 ὁμοού·

329 4467 432 4500 σιον
457 4449 632 4522 τριάδα
657 4452 878 4525 βαθμοὺς
906 4457 1200 4516 ἐπινοήσας;
1228 4460 1277 4511 ἐν
1305 4466 1401 4512 τίνι
1430 4459 1482 4514 δέ
1510 4460 1654 4524 οὗτος
1684 4475 1772 4519 τοῦ
1799 4479 1901 4523 Μα-

328 4544 533 4608 νιχαίου
579 4543 1021 4614 άπολιμπάνεται,
1075 4547 1100 4600 ὁ
1147 4549 1299 4617 λέγων
1349 4553 1441 4610 τάς
1482 4561 1579 4606 τῶν
1629 4558 1900 4629 ἀνθρώπων

327 4626 503 4699 ψυχάς
535 4630 599 4685 δι’
625 4633 877 4707 ἁμαρτίας
903 4644 1008 4696 τοῖς
1038 4641 1241 4706 σώμασι
1265 4644 1515 4713 τιμωρίας
1541 4645 1696 4715 χάριν
1727 4648 1898 4716 aegis.

2007 3457 2164 3511 modo
2194 3457 2452 3510 nclariam
2479 3457 2776 3512 doctrinam
2805 3475 2953 3514 suam
2979 3477 3249 3516 sacrarum
3277 3465 3575 3524 litterarmn

2006 3547 2368 3600 monumentis
2396 3547 2628 3614 maligne
2673 3549 2992 3616 admiscens,
3043 3555 3357 3620 paganicum
3383 3565 3439 3611 et
3465 3559 3576 3614 Ma-

2006 3633 2266 3689 nichzeum
2312 3650 2554 3690 errorem
2599 3652 2755 3691 suum
2806 3647 2968 3708 atque
3013 3640 3264 3696 Arianam
3302 3648 3572 3701 vesaniam

2005 3724 2298 3790 induceret,
2338 3741 2539 3793 eosque
2564 3727 2656 3794 qui
2685 3743 2891 3782 sacram
2921 3728 3252 3799 Scripturam
3280 3750 3389 3789 non
3418 3752 3574 3792 accu—

2004 3825 2120 3872 rate
2142 3817 2526 3886 percepissent,
2569 3818 2812 3874 inescare
2835 3828 3035 3888 posset.
3088 3821 3228 3888 Quid
3259 3825 3401 3880 enim
3427 3827 3570 3882 aliud

2005 3908 2253 3976 exposuit
2289 3905 2566 3974 Origenes,
2615 3923 2776 3977 quam
2817 3907 3074 3978 Platonis,
3123 3914 3214 3980 qui
3245 3928 3571 3983 paganorum

2005 3999 2266 4053 insaniam
2294 3998 2563 4064 dilatarat,
2594 4000 2890 4057 doctrinam
2914 4019 2930 4068 ;
2974 4011 3065 4056 aut
3094 4019 3123 4058 a
3152 4021 3260 4074 quo
3284 4007 3391 4062 alio
3415 4010 3573 4066 Arius

2006 4097 2292 4152 mutuatus,
2344 4090 2558 4158 propria
2587 4106 2791 4146 venena
2819 4093 3205 4150 concinnavit?
3249 4099 3339 4165 qui
3385 4100 3437 4152 in
3462 4104 3570 4156 exi-

2007 4182 2133 4234 tium
2155 4180 2343 4235 anima:
2370 4196 2478 4236 sua:
2502 4183 2550 4235 in
2573 4192 2755 4237 sancta
2779 4191 2835 4240 et
2855 4188 3289 4244 consubstantiali
3312 4191 3572 4248 Trinitato

2003 4271 2196 4339 gradus
2217 4273 2557 4339 excogitavit.
2606 4274 2683 4327 An
2715 4275 2802 4330 hic
2845 4291 2876 4330 a
2929 4276 3222 4334 Manichaee
3267 4282 3441 4351 abest,
3479 4287 3571 4354 qui

2003 4361 2210 4414 animas
2237 4361 2510 4416 hominum
2547 4363 2677 4418 dicit
2722 4375 2942 4435 propter
2986 4379 3206 4437 peccata
3255 4375 3572 4441 corporibus

2002 4451 2067 4505 ad
2095 4452 2410 4522 supplicium
2433 4454 2690 4507 immitti?
2717 4456 2915 4526 quique
2936 4459 3164 4526 primum
3182 4461 3396 4529 quidem
3418 4480 3571 4520 men-

2004 4559 2084 4604 tes
2106 4561 2161 4605 et
2181 4559 2393 4606 sanctas
2415 4552 2636 4605 virtutes
2667 4551 2828 4607 fuisse
2856 4566 3080 4620 asserat,
3109 4558 3300 4613 deinde
3321 4569 3568 4617 contem-

2005 4641 2256 4709 plationis
2292 4639 2484 4695 divinae
2521 4642 2824 4696 satietatem
2871 4646 3096 4712 cepisse,
3149 4661 3212 4699 ac
3252 4648 3304 4701 in
3334 4649 3570 4706 deterius

327 4721 498 4787 θῆναι;
539 4727 608 4784 ὡς
644 4725 704 4784 δη
740 4735 940 4799 πρῶτον
979 4731 1066 4795 μὲν
1101 4730 1214 4790 νόας
1251 4729 1433 4795 οὔσας,
1457 4737 1533 4786 καί
1571 4736 1716 4808 άγίας
1755 4738 1897 4794 δυνά-

2009 4746 2307 4794 conversas,
2355 4731 2550 4785 idcirco
2579 4748 2608 4784 a
2655 4731 2746 4787 Dei
2775 4748 2959 4788 amore
2998 4736 3285 4804 refrixisse,
3335 4741 3568 4813 indeque

325 4831 466 4877 μεις,
507 4812 682 4870 ἔπειτα
719 4818 859 4890 κόρον
895 4818 1155 4879 λαϐούσας
1206 4829 1296 4879 τῆς
1351 4823 1488 4882 θείας
1537 4828 1772 4898 θεωρίας,
1811 4834 1893 4884 καί

325 4907 450 4978 πρὸς
485 4909 544 4960 τὸ
584 4917 759 4984 χεῖρον
805 4915 1127 4984 τραπείσας,
1182 4920 1264 4968 καί
1315 4915 1400 4970 διὰ
1437 4926 1588 4972 τοῦτο
1639 4931 1728 4982 τῆς
1767 4933 1894 4979 Θεοῦ

322 4997 520 5065 ἀγάπης
556 4999 912 5071 ἀποψυγείσας
937 5047 949 5068 ,
992 5007 1074 5058 καί
1111 5006 1329 5060 ἐντεῦθεν
1375 5008 1559 5078 ψυχὰς
1579 5011 1895 5082 ,ὀνομασθεί-

322 5106 454 5149 σνς,
509 5092 589 5140 καί
624 5095 868 5164 τιμωρίας
921 5095 1074 5168 χάριν
1115 5104 1226 5158 τοῖς
1265 5101 1498 5168 σώμασιν
1543 5101 1891 5169 ἐμϐληθείσας⁶

323 5175 448 5251 ὅπερ
476 5184 558 5231 καὶ
596 5181 744 5248 μόνον
774 5183 930 5237 ἱκανὸν
956 5183 1015 5244 ἦν
1046 5189 1116 5246 εἷς
1152 5189 1341 5242 τελείαν
1372 5191 1522 5244 αὐτοῦ
1563 5194 1853 5268 κατάκρισιν
1877 5236 1892 5259 ,

324 5263 404 5318 οά
447 5276 536 5326 τῆς
573 5270 846 5332 Ἑλληνικῆς
883 5274 1126 5347 ὑπάρχον
1152 5275 1473 5339 δυσσεϐείας.
1510 5289 1609 5335 Τοῦ
1637 5285 1736 5355 γὰρ
1765 5290 1892 5338 Θεοῦ

323 5356 566 5420 εἰπόντος,
591 5366 907 5430 «Ποιήσωμεν
931 5363 1187 5440 ἆιθρωπον
1217 5370 1328 5423 κατ’
1358 5371 1520 5424 εἰκόνα
1549 5377 1630 5424 axi
1654 5373 1894 5442 ὁμοίωσιν

323 5451 588 5523 ἡμετέραν.
604 5470 621 5501 t
639 5453 924 5522 εὑρίσκεται
950 5459 1078 5512 κατά
1103 5463 1216 5520 τοὺς
1239 5462 1421 5514 ἐκείνου
1445 5469 1689 5531 ματαίους
1714 5466 1892 5539 λόγους

322 5543 473 5607 σῶμα
510 5542 658 5610 μόνον
702 5543 828 5614 δίχα
861 5546 1039 5617 ψυχῆς
1063 5549 1168 5605 κατ’
1189 5551 1351 5606 εἰκόνα
1390 5557 1473 5606 καὶ
1501 5554 1736 5624 ὁμοίωσιν
1759 5560 1892 5627 γενό-

321 5648 465 5696 μενον
488 5637 576 5684 τοῦ
592 5639 742 5695 Θεοῦ,
771 5636 854 5687 ἐὰν
885 5633 1010 5695 ὅλως
1036 5647 1344 5713 προϋπῆρχε
1375 5641 1550 5711 ψυχή,
1577 5648 1658 5696 καί
1679 5648 1806 5714 μετὰ
1834 5648 1890 5700 τὸ

319 5719 550 5784 γενέσθαι
574 5723 630 5775 τὸ
671 5730 820 5792 σῶμα
848 5726 1099 5791 ἐνεϐλήθη,
1125 5728 1154 5785 ἧ
1193 5733 1506 5803 κατηγγίσθη
1529 5734 1577 5785 ἐν
1606 5735 1766 5804 αὐτῷ.
1809 5741 1896 5791 Καὶ

312 5813 509 5885 ἀνάγκη
535 5820 679 5870 πᾶσα
708 5824 798 5872 τοῦ
826 5819 1011 5888 λέγειν,
1044 5826 1122 5875 καί
1153 5825 1300 5878 αὺτῗν
1325 5827 1408 5879 τὸν
1443 5829 1563 5880 Θεὸν
1589 5829 1674 5882 τὸν
1695 5836 1782 5882 τοῦ
1811 5832 1894 5884 άν-

321 5899 528 5971 θρὼπου
564 5902 866 5978 δημιουργδν
907 5914 1050 5977 σῶμα
1078 5911 1366 5986 ὑπάρχειν,
1397 5917 1464 5975 ὡς
1494 5917 1551 5968 τὸ
1595 5924 1747 5986 σῶμα
1785 5920 1898 5977 κατ’

322 5989 478 6046 ἐἰκόνα
524 5998 609 6046 καὶ
639 5994 874 6065 ὁμοίωσιν
909 5995 1037 6051 ἰδίαν
1063 6004 1438 6072 ποιησάμενοι·
1459 6013 1564 6065 Πῶς
1603 6004 1653 6060 δὲ
1685 6005 1896 6063 δύναται

1999 4832 2184 4885 Graeco
2214 4832 2430 4885 nomine
2457 4834 2752 4902 appellatas
2787 4835 2990 4905 ψυχὰς,
3040 4847 3095 4890 et
3132 4841 3379 4908 supplicii
3408 4859 3568 4898 causa

1999 4922 2314 4989 corporibus
2350 4937 2468 4975 esse
2505 4919 2742 4987 inditas;
2785 4924 2929 4991 quod
2971 4927 3056 4980 vel
3084 4928 3255 4982 solum
3301 4930 3370 4984 ad
3402 4935 3570 5001 perfe-

1999 5022 2137 5066 ctam
2165 5011 2283 5080 ejus
2312 5011 2706 5065 damnationem
2731 5015 2863 5068 satis
2885 5024 3017 5081 erat,
3043 5033 3164 5071 cum
3187 5033 3216 5071 a
3240 5034 3566 5089 paganorum

2000 5114 2173 5157 ortum
2203 5105 2272 5157 sit
2302 5103 2595 5172 impietate.
2627 5103 2759 5158 Cum
2785 5106 2928 5159 enim
2954 5105 3148 5160 dixerit
3171 5107 3312 5164 Deus
3339 5127 3352 5162 :
3383 5110 3570 5165 Facia-

2000 5213 2111 5248 mus
2133 5196 2386 5248 hominem
2416 5195 2483 5246 ad
2510 5196 2787 5264 imaginem
2828 5206 2878 5249 et
2915 5198 3307 5254 similitudinem
3335 5210 3568 5257 nostram

2001 5284 2151 5353 (Ceu.
2187 5285 2223 5352 ι)
2252 5304 2264 5336 :
2292 5301 2357 5339 ex
2393 5284 2506 5353 ejus
2537 5286 2689 5339 vanis
2714 5288 3049 5344 sermonibus
3076 5291 3358 5357 invenitur,
3389 5294 3564 5350 solum

2000 5393 2195 5445 corpus
2225 5378 2428 5445 absque
2458 5378 2635 5431 anima
2670 5379 2736 5431 ad
2766 5379 3050 5447 imaginem
3075 5390 3130 5435 et
3161 5383 3565 5440 similitudinem

2000 5469 2091 5521 Dei
2125 5467 2317 5523 factum
2346 5485 2482 5533 esse,
2532 5471 2576 5523 si
2607 5470 2824 5524 omnino
2863 5473 3238 5540 praaexistebat
3265 5475 3473 5540 anima,
3510 5486 3567 5530 et

1997 5559 2141 5613 facto
2169 5575 2419 5628 corpore,
2453 5561 2504 5613 in
2538 5559 2588 5613 id
2617 5559 2813 5626 injecta
2841 5570 2950 5626 est,
2983 5569 3082 5615 aut-
3105 5563 3156 5616 in
3182 5563 3266 5628 id,
3311 5574 3564 5633 tanquam

1997 5647 2049 5701 in
2076 5663 2171 5701 vas
2195 5648 2449 5702 immissa.
2480 5647 2558 5702 Ac
2575 5663 2790 5702 necesse
2809 5650 2912 5702 erit
2931 5653 3149 5706 omnino
3169 5653 3366 5718 dicere,
3393 5655 3564 5722 ipsum

1995 5738 2164 5794 Deum
2215 5739 2462 5808 opiﬁcem
2490 5740 2738 5805 hominis,
2787 5757 2982 5810 corpus
3029 5757 3168 5808 esse,
3221 5753 3433 5814 utpote
3473 5748 3565 5815 qui

1995 5845 2192 5900 corpus
2221 5831 2287 5884 ad
2311 5832 2590 5898 imaginem
2621 5840 2678 5885 et
2718 5833 3121 5889 similitudinem
3163 5850 3314 5889 suam
3355 5834 3560 5893 fecerit.

1995 5920 2274 5986 Quomodo
2303 5930 2480 5976 autem
2511 5938 2725 5991 corpus,
2754 5924 2929 5990 imago
2963 5925 3266 5995 incorporei
3294 5942 3412 5982 esse
3441 5943 3566 5997 pos-

1993 6009 2105 6062 sit?
2151 6009 2510 6075 Quamobrem
2541 6011 2696 6077 absit,
2744 6020 2802 6068 ut
2824 6012 2906 6066 his
2933 6010 3220 6068 Christiani
3264 6025 3560 6074 assentiar:-
