4112 6582
533 525 631 592 951

1783 482 1789 486 ’
1832 481 2278 590 ἰυδτίΝΙιΝι
2323 528 2480 591 IMP.

3693 541 3802 603 952

539 644 684 700 εἷκών
721 636 846 696 εἶναι
889 649 981 697 τοῦ
1027 642 1300 712 ἀσωμάτου
1346 649 1402 696 τ)
1454 659 1639 712 σωμας
1695 639 1772 697 διό
1819 649 1887 712 μή
1931 648 2115 714 γένοιτο

2226 649 2328 695 tur.
2375 641 2432 696 Si
2479 658 2629 709 vero,
2655 641 2806 713 juxta
2851 643 3091 711 Origeuis
3136 649 3523 722 blasphemiam
3545 696 3566 726 ,
3609 659 3800 717 anima

544 736 740 794 τούτοις
783 735 1115 809 Χριστιανούς
1160 735 1455 788 συνθέσθαι.
1504 737 1565 786 Ei
1605 731 1659 788 δὲ
1696 739 1829 790 κοιτά
1867 738 1956 792 τὴν
1991 744 2128 809 Ὠριο

542 827 710 896 γένους
736 825 1064 897 ’βλασφημίαν
1105 833 1454 899 προϋπῆρχον
1496 825 1550 880 αί
1588 823 1782 896 ψυχαί,
1809 828 1896 879 καί
1940 823 2025 880 διά
2067 826 2126 879 τό

539 917 837 992 ἆμαρτῆσαε
877 917 1041 974 αὐτὰς
1085 919 1332 991 τιμωρίας
1360 917 1516 989 χάριν
1543 918 1616 975 είς
1640 917 1706 970 rei
1735 917 1953 986 σώματα
1979 935 2126 970 κατε-

535 1009 946 1082 πέμφειησαν,ἶνα
963 1006 1310 1063 παιδευθεῖσαι
1335 1012 1752 1080 σωφρονήσωσιν,
1777 1008 1939 1079 ἐχρῆν
1964 1007 2126 1066 αὖτάς

537 1101 713 1171 μηκίτι
743 1098 1066 1174 ἁμαρτάνειν·
1093 1103 1140 1153 εί
1156 1101 1256 1174 γὰρ
1284 1099 1414 1175 πρὸς
1434 1099 1633 1153 κόλασιν
1653 1107 1716 1172 τῇ
1744 1097 1896 1170 ψυχῇ
1920 1095 2003 1152 διά
2029 1103 2121 1156 τήν

533 1193 790 1266 ἁμαρτίαν
819 1190 958 1249 ἐδόθη
986 1191 1045 1246 τὸ
1086 1198 1259 1259 σῶμα,
1297 1192 1432 1245 ὥστε
1474 1193 1630 1249 αὐτὴν
1666 1188 1976 1258 ὀδυνωμένην
2001 1211 2122 1244 παι·

537 1281 770 1341 δευθῆναι
795 1283 925 1356 πρὸς
945 1283 1004 1336 τὸ
1031 1285 1182 1352 τιμᾷν
1210 1283 1296 1335 τόν
1317 1283 1458 1345 Θεὸν,
1482 1287 1592 1340 πῶς
1618 1288 1856 1354 συνεργεῖ
1886 1283 1972 1334 καί
2000 1301 2125 1334 συν-

534 1377 828 1444 ἀγωνίζεται
869 1377 996 1447 αὐτῇ
1039 1377 1098 1428 τό
1136 1381 1288 1446 σῶμα
1325 1375 1455 1446 πρὸς
1493 1375 1550 1427 τό
1595 1370 1978 1449 ἀμαρτᾶνιιν,δ
2014 1380 2124 1433 τοῖς

533 1467 878 1538 κολαζομένοις
920 1468 1111 1538 γίνεται
1157 1463 1259 1535 [ἶσ.
1287 1466 1344 1518 ού
1378 1459 1832 1535 γίνεται];Δεα-μοί
1874 1465 1996 1540 γάρ,
2043 1467 2125 1518 καί

535 1557 772 1625 φυλακαί,
815 1557 898 1608 καί
939 1553 1118 1616 πέδαι,
1170 1557 1250 1607 καί
1281 1552 1541 1622 συντόμως
1580 1557 1766 1618 εἰπεῖν,
1799 1555 1864 1607 τα
1910 1561 2123 1609 τοιαῦτα

537 1645 767 1716 ἐφεκτικοὶ
802 1651 894 1699 τοῦ
942 1643 1157 1705 ἀδικεῖν,
1187 1645 1273 1697 καί
1305 1649 1391 1696 τοῦ
1431 1642 1738 1718 ἀμαρτάνειν
1774 1651 1884 1703 τοῖς
1926 1645 2127 1708 κολαζο-

531 1738 693 1806 μένοις
715 1737 953 1809 γίνονται.
981 1738 1051 1790 Οὐ
1068 1737 1170 1809 γὰρ
1194 1732 1336 1795 ὅπως
1353 1735 1378 1788 ό
1395 1735 1701 1809 ἁμαρτήσας
1724 1736 1872 1789 πλέον
1893 1736 2120 1811 ἁμάρτῃ,

529 1829 772 1900 συνεργὸς
818 1830 959 1897 αὐτῷ
999 1828 1132 1901 πρός
1176 1832 1266 1884 τήν
1308 1825 1563 1899 ἁμαρτίαν
1607 1825 1632 1880 ό
1671 1824 1860 1896 δεσμὸς
1904 1825 2119 1896 δίδοται,

531 1917 634 1973 ἀλλ’
659 1916 802 1978 ὅπως
845 1919 1112 1974 παύσηται
1157 1923 1245 1971 τοῦ
1290 1915 1596 1989 ἁμαρτάνειν
1641 1914 1725 1970 διά
1774 1923 1876 1969 τῶν
1923 1913 2122 1987 δεσμῶν

2224 732 2656 799 ρτωοχίδιοιιοηι,
2699 749 2763 790 ac
2790 735 2844 789 in
2882 750 3097 805 poenam
3127 750 3469 809 peccatorum
3498 761 3716 803 suorum
3747 750 3802 806 in

2225 835 2454 890 corpora
2481 821 2726 878 demissa:
2766 835 2910 893 sunt,
2961 836 3020 882 ut
3061 831 3355 886 emendatae
3400 835 3800 908 resipiscerent,

2225 926 2318 965 eas
2367 913 2652 982 oportebat
2679 915 2907 984 amplius
2947 933 3054 972 non
3091 935 3334 988 peccare.
3379 924 3510 978 Nam
3539 928 3582 981 si
3611 939 3805 1000 corpus

2223 1001 2405 1057 datum
2447 1010 2532 1058 est
2560 1004 2752 1059 nimtr.
2791 1007 2844 1060 in
2873 1009 3190 1077 supplicium
3222 1021 3444 1081 propter
3472 1027 3713 1084 peccata,
3745 1029 3805 1074 ut

2224 1093 2501 1149 doloribus
2543 1096 2924 1152 emendaretur
2973 1101 3040 1154 ad
3093 1101 3554 1160 bonorificandum
3607 1108 3794 1175 Deum,

2224 1183 2494 1250 quomodo
2519 1199 2716 1253 corpus
2742 1200 2862 1240 eam
2895 1187 3114 1256 adjuvat
3139 1200 3194 1245 et
3241 1195 3560 1249 corroborat
3581 1197 3649 1250 ad
3673 1215 3803 1268 pec-

2224 1272 2477 1337 candum,
2507 1274 2651 1343 quod
2682 1275 2748 1330 iis
2773 1275 2864 1344 qui
2889 1291 3046 1346 poma
3072 1279 3397 1346 afﬁciuntur,
3432 1301 3538 1339 non
3579 1289 3803 1345 evenit?

2225 1360 2444 1416 Vincula
2475 1365 2641 1430 enim,
2683 1379 2949 1433 carceres,
2995 1373 3304 1441 compedes,
3336 1389 3418 1441 ac,
3469 1386 3528 1430 ut
3564 1379 3802 1436 breviter

2222 1450 2417 1518 dicam,
2467 1457 2646 1508 omnia
2677 1459 2964 1524 ejusmodi,
3009 1460 3318 1532 iniquitates
3346 1473 3400 1520 et
3443 1477 3661 1537 peccata
3702 1485 3802 1526 eo-

2223 1557 2339 1594 rum
2387 1544 2659 1610 cobibent,
2715 1547 2805 1616 qui
2849 1547 2961 1616 jam
2993 1566 3180 1620 poenas
3228 1555 3400 1610 luunt.
3441 1557 3554 1613 Nec
3596 1569 3654 1613 ut
3699 1563 3794 1630 qui

2227 1633 2482 1701 peccarit,
2528 1637 2758 1704 amplius
2799 1648 3018 1707 peccet,
3072 1642 3278 1698 vincula
3307 1646 3359 1699 ei
3389 1647 3654 1703 adduntur
3679 1666 3802 1718 qum

2223 1723 2289 1775 ad
2311 1724 2639 1792 peccandum
2666 1727 2958 1795 adjuvent;
2985 1730 3082 1786 sed
3114 1741 3172 1786 ut
3201 1735 3530 1791 vinculorum
3558 1741 3802 1797 cruciatu

2223 1827 2454 1882 peccare
2483 1814 2724 1872 desistat.
2758 1819 2937 1884 Quare
2965 1823 3309 1891 perspicuum
3337 1836 3440 1893 est,
3479 1845 3583 1884 non
3613 1832 3678 1885 ad
3706 1847 3802 1887 su-

2225 1903 2494 1971 periorum
2518 1916 2860 1973 peccatorum
2885 1910 3310 1980 castigationem,
3334 1924 3389 1968 ut
3415 1916 3488 1972 illi
3513 1928 3798 1987 nugantur,

530 2010 945 2078 βασανιζόμενος.
973 2003 1218 2083 Πρόδηλον
1245 2009 1433 2068 τοίνυν,
1467 2002 1550 2059 ὅτι
1573 2006 1630 2057 ού
1661 2004 1744 2058 διά
1771 2005 2115 2078 σωφρονισμὸν

2224 1993 2541 2060 corporibus
2569 1995 2832 2051 immissas
2879 2012 2999 2052 esse
3031 2001 3276 2067 animas;
3320 2004 3414 2058 sed
3441 2007 3596 2060 simul
3627 2007 3798 2066 Deum

531 2101 896 2174 προλαϐουσῶν
921 2097 1178 2175 ἀμαρτιὼν
1201 2104 1304 2158 τοῖς
1332 2099 1563 2166 σώμασιν
1586 2097 1914 2155 ἐνεϐλήθησαν
1938 2099 1992 2152 αί
2017 2097 2120 2168 ψυ-

533 2193 634 2262 χαί
656 2195 786 2246 κατά
813 2193 934 2250 τοὺς
964 2192 1156 2244 ἐκείνων
1181 2191 1386 2258 λήρους,
1419 2190 1544 2244 ἀλλά
1573 2192 1701 2245 avrai
1727 2192 1914 2245 ταυτόν
1943 2190 1968 2245 ό
1996 2193 2120 2252 Θεὸς

530 2283 588 2335 τό
609 2301 664 2337 τε
691 2288 858 2355 σῶμα,
877 2286 966 2340 τήν
986 2302 1040 2336 τε
1063 2281 1264 2352 ψυχήν,
1287 2284 1526 2336 τουτέστι
1548 2284 1732 2337 τέλειον
1758 2283 1843 2338 τόν
1869 2281 2121 2361 ἄνθρωπον

531 2372 944 2450 ἐδημιούργησεν.
970 2372 1111 2428 Ὀθεν
1137 2382 1237 2429 τῶν
1264 2373 1348 2428 διὰ
1376 2380 1468 2428 τοῦ
1493 2377 1734 2440 σώματος
1757 2377 1872 2444 ἡμῖν
1896 2397 2121 2452 πεπραγ-

532 2467 708 2536 μένων,
739 2464 835 2519 εἴτε
864 2468 1094 2534 ἀγαθῶν,
1127 2463 1225 2519 εἴτε
1250 2465 1470 2537 φαύλων,
1501 2469 1589 2523 τήν
1629 2464 1968 2520 ἀνταπόδοσιν
1995 2467 2120 2520 eiu-

531 2557 760 2624 μένομεν.
788 2559 948 2608 Τοῦτο
983 2556 1081 2630 γὰρ
1127 2557 1250 2625 ἡμῖν
1291 2551 1638 2630 παραδίδωσιν
1674 2558 1756 2608 καί
1781 2553 1807 2608 ό
1833 2555 1961 2614 θεῖος
1985 2555 2118 2609 ἀπό-

532 2627 712 2704 στολος
751 2645 960 2706 Παῦλος,
991 2627 1144 2715 λέγων
1161 2659 1174 2673 ⁸
1208 2660 1229 2694 ε
1251 2627 1376 2698 Ὀτι
1398 2644 1594 2704 πάντας
1620 2646 1753 2713 ἡμᾶς
1778 2646 2117 2719 φανερωθῆναι

532 2738 614 2792 δεῖ
633 2737 922 2813 ἔμπροσθεν
947 2743 1036 2792 τοῦ
1067 2738 1296 2807 βήματος
1327 2743 1413 2790 τοῦ
1452 2743 1695 2812 Χριστοῦ,
1721 2738 1804 2790 ἵνα
1847 2740 2118 2804 κομίσηται

533 2830 751 2888 ἕκαστος
774 2830 839 2884 rei
869 2827 951 2883 διὰ
974 2834 1067 2883 τοῦ
1097 2831 1337 2898 σώματος
1381 2829 1513 2902 πρός
1535 2827 1567 2881 ἃ
1589 2825 1828 2902 ἔπραξεν,
1862 2825 1961 2883 εἴτε
1991 2829 2118 2900 ἀγα-

532 2921 634 2982 θόν,
653 2919 750 2976 εἴτε
767 2921 970 2992 φαῦλον.
983 2923 1169 2997 »Προσί
1174 2942 1290 2991 χειν
1307 2923 1468 2974 τοίνυν
1489 2918 1568 2974 δεῖ
1578 2929 1685 2980 τοῖς
1707 2927 1797 2974 τοῦ
1807 2919 2115 2976 Ἀποστόλου

533 3012 765 3083 ῥήμασιν.
793 3009 874 3066 ὅτι
901 3013 990 3065 οὐκ
1018 3007 1125 3064 εἶπε
1151 3011 1437 3084 κομίζεσθαι
1455 3008 1556 3064 δεῖν
1575 3013 1662 3065 τὶν
1683 3010 1964 3085 κρινόμενον
1983 3013 2115 3084 πρὸς

534 3101 567 3154 ἀ
597 3099 788 3174 ἔπραξε
811 3101 913 3176 πρό
937 3106 1028 3156 τοῦ
1053 3103 1309 3170 σώματος.
1330 3103 1386 3153 Ei
1413 3098 1466 3154 δὲ
1491 3101 1574 3154 ίπί
1597 3101 1761 3172 μόνοις
1786 3109 1894 3160 τοῖς
1919 3099 2003 3154 διά
2022 3109 2114 3156 τοῦ

535 3193 775 3261 σώματος
809 3191 1066 3253 κολάζεται
1109 3187 1370 3262 ἅνθρωπος
1414 3191 1559 3265 παρά
1601 3197 1694 3245 τοῦ
1729 3194 1984 3264 κρίνοντος
2025 3197 2115 3249 τήν

534 3288 656 3353 γῆν,
696 3279 728 3338 ῆ
766 3289 856 3340 τῆς
899 3278 1112 3338 δεούσης
1149 3281 1373 3342 ἀξιοῦται
1411 3289 1588 3348 τιμῆς,
1617 3284 1781 3350 μνήμη
1820 3279 1872 3334 δὲ
1909 3279 2116 3350 οὐδεμία

2222 2095 2278 2142 et
2303 2102 2498 2156 corpus
2541 2098 2596 2142 et
2635 2089 2887 2154 animam,
2933 2090 2985 2145 id
3027 2107 3128 2156 est,
3179 2095 3473 2163 perfectum
3501 2100 3798 2168 hominem,

2221 2178 2535 2236 fabricatum
2566 2197 2704 2237 esse.
2737 2183 2921 2252 Itaque
2950 2200 3135 2239 eorum
3166 2201 3285 2254 qua:
3314 2203 3409 2256 per
3427 2206 3625 2260 corpus
3647 2208 3676 2246 a
3700 2209 3800 2248 no-

2219 2268 2302 2324 bis
2328 2279 2474 2339 gesta
2505 2281 2646 2336 sunt,
2675 2274 2787 2328 sive
2808 2274 3094 2340 bonorum,
3117 2276 3230 2332 sive
3259 2279 3538 2345 malorum,
3567 2284 3798 2339 retribu-

2219 2361 2421 2416 tionem
2448 2373 2858 2433 exspectamus;
2890 2366 2994 2422 hoc
3021 2369 3163 2422 enim
3187 2371 3344 2424 nobis
3374 2374 3540 2427 tradit
3575 2388 3633 2430 et
3657 2375 3798 2432 divi-

2219 2467 2322 2506 nus
2348 2454 2626 2521 apostolus
2656 2452 2854 2508 Paulus
2893 2454 3076 2510 dicens
3101 2461 3114 2509 ':
3169 2455 3360 2514 Omnes
3388 2465 3524 2516 enim
3553 2481 3649 2518 nos
3678 2483 3796 2519 ata-

2218 2543 2459 2613 nifestari
2477 2553 2674 2612 oportet
2695 2555 2815 2598 ante
2835 2546 3062 2601 tribunal
3085 2547 3296 2613 Christi,
3334 2562 3389 2606 ut
3417 2558 3609 2625 refernt
3633 2574 3796 2610 unus-

2217 2634 2427 2705 quisque
2472 2650 2532 2686 ea
2558 2651 2671 2705 qua:
2697 2651 2788 2702 per
2834 2651 3018 2705 corpus
3063 2648 3215 2706 prout
3244 2643 3400 2710 gessit
3444 2645 3549 2698 sive
3580 2651 3791 2712 bonum,

2216 2725 2321 2779 sive
2352 2724 2544 2776 malum
2559 2724 2644 2797 (Η
2658 2724 2782 2780 Cor.
2797 2733 2873 2794 v).
2915 2725 3248 2782 Attendenda
3274 2745 3402 2798 ergo
3421 2740 3545 2789 sunt
3563 2737 3795 2802 apostoli

2217 2816 2379 2870 verba
2407 2832 2423 2878 ;
2475 2831 2576 2870 nec
2603 2817 2746 2870 enim
2775 2817 2930 2882 dixit,
2978 2829 3231 2888 oportere
3279 2824 3520 2892 recipere
3550 2841 3670 2880 eum
3699 2829 3794 2897 qui

2211 2905 2500 2975 judicatur,
2553 2916 2711 2976 prout
2756 2909 2923 2976 gessit
2951 2918 3077 2964 ante
3103 2924 3319 2980 corpus.
3367 2913 3423 2968 Si
3468 2931 3599 2969 vero
3631 2918 3702 2972 ob
3726 2934 3794 2974 ea

2217 2999 2328 3052 sola
2357 3013 2475 3066 qua:
2505 3014 2601 3068 per
2627 3014 2823 3069 carptus
2851 3001 3013 3056 homo
3041 3004 3221 3069 gessit,
3273 3005 3340 3058 ab
3377 3021 3443 3060 eo
3471 3008 3560 3074 qui
3593 3017 3794 3065 terram

2210 3089 2433 3159 iudicat,
2467 3092 2548 3146 vel
2580 3108 2736 3160 poma
2761 3092 3009 3159 allicitur,
3040 3099 3123 3149 vel
3159 3097 3350 3152 merito
3380 3100 3634 3167 praemio;
3666 3102 3792 3156 uul-

2216 3180 2374 3250 laque
2437 3182 2639 3235 mentio
2678 3182 2780 3236 fiat
2827 3192 2952 3236 ante
2998 3183 3347 3239 adntissotum
3398 3198 3787 3255 peccatorum:

2215 3273 2552 3343 perspicuum
2582 3281 2686 3341 est,
2735 3275 2940 3330 animas
2969 3285 3094 3330 ante
3124 3292 3350 3346 corpora
3399 3295 3503 3334 non
3545 3293 3683 3336 esse.
3729 3281 3788 3337 Si

535 3372 942 3446 προγενεστέρων
981 3370 1388 3442 ἁμαρτημάτων,
1428 3369 1574 3428 δῆλον
1617 3369 1698 3426 ὅτι
1738 3373 1794 3424 ού
1835 3376 2110 3450 προϋπάρ-

2216 3368 2355 3424 cnim
2403 3369 2826 3438 praeexisterent,
2874 3369 3098 3424 dixisset
3136 3370 3442 3440 Aposwlus,
3493 3382 3641 3442 gesta
3672 3385 3784 3430 tum

537 3483 699 3533 χουσι
723 3470 824 3516 τῶν
843 3464 1094 3532 σωμάτων
1111 3462 1164 3515 αἱ
1183 3461 1380 3531 ψυχαίο
1407 3467 1452 3515 εί
1471 3468 1567 3537 γὰρ
1589 3471 1949 3540 προϋπῆρχον,
1978 3463 2118 3520 εἶπεν

537 3548 596 3603 ἂν
623 3552 650 3606 ό
672 3553 994 3613 ’Δπόστολος,
1024 3554 1201 3625 ὥσπερ
1243 3553 1309 3606 rei
1339 3551 1422 3605 διὰ
1453 3559 1542 3605 τοῦ
1586 3558 1846 3622 σώματος,
1869 3554 2004 3610 οὕτω
2033 3561 2118 3611 καί

535 3643 602 3696 rei
635 3645 735 3716 πρό
771 3649 862 3696 τοῦ
901 3644 1154 3713 σώματος.
1189 3639 1305 3697 ὀτι
1333 3641 1384 3696 δέ
1416 3643 1468 3696 αί
1499 3649 1599 3697 τῶν
1634 3645 1908 3718 ἀνθρὼπων
1939 3645 2116 3716 ψυχαέ

535 3735 702 3808 νοεραί
737 3754 813 3796 τε,
836 3736 919 3787 καί
963 3734 1158 3804 λογικαί
1198 3735 1542 3805 τυγχάνουσι,
1569 3741 1667 3790 τῶν
1709 3735 2116 3809 ὁμολογουμένων

534 3823 692 3877 ἐστίν·
728 3820 854 3897 ὅπερ
882 3821 992 3877 ούδέ
1020 3826 1138 3884 τοὺς
1175 3825 1460 3898 Ὠριγίνους
1504 3827 1946 3895 ἀντιποιουμένους
1971 3832 2115 3899 νομί-

535 3915 678 3984 ζομεν
717 3914 1070 3987 ἀπαρνεῖσθαι.
1119 3916 1425 3969 Είπάτωσαν
1463 3919 1631 3969 τοίνυν
1653 3916 1698 3968 ei
1724 3919 1790 3970 rei
1828 3921 2118 3994 Ὠριγένους

533 4011 854 4083 φρονπῦντεμ
896 4007 949 4058 αἵ
977 4005 1153 4076 ψυχαί
1184 4007 1372 4067 αὐτῶν,
1406 4003 1506 4077 εἴγε
1545 4003 1648 4079 ἄρα
1687 4010 1846 4069 καθὼς
1883 4009 2112 4081 λέγουσι,

533 4103 875 4172 προϋπῆρχον
903 4105 1002 4151 τῶν
1036 4099 1306 4167 σωμάτων,
1337 4101 1454 4175 πρίν
1475 4097 1505 4157 ἦ
1533 4100 1583 4152 ἕν
1606 4108 1719 4159 τοῖς
1746 4104 1982 4169 σώμασιν
2005 4108 2117 4158 εἰσ-

531 4190 734 4242 έλθωσιν
759 4227 775 4250 ,
817 4188 865 4240 ίν
906 4191 1030 4261 ποίᾳ
1085 4190 1221 4252 τάξει
1258 4189 1532 4263 ὑπῆρχον,
1569 4189 1600 4249 ἦ
1633 4193 1684 4244 τί
1723 4188 2111 4266 διεπράττοντος

531 4279 694 4347 ἐχρῆν
719 4277 820 4349 γάρ
850 4278 1008 4336 αύτάς
1034 4275 1212 4332 εἰδέναι
1236 4285 1338 4334 ποῦ
1360 4275 1510 4341 ἦσαν,
1541 4281 1585 4333 εί
1609 4287 1868 4354 προῆσαν,
1894 4285 1979 4334 καί
2003 4291 2116 4343 πῶς

531 4366 746 4422 ἐνταῦθα
773 4369 1122 4442 παρεγίνοντο.
1156 4372 1215 4422 Εἰ
1243 4367 1297 4424 δί
1323 4374 1476 4424 τοῦτο
1506 4371 1681 4430 αὐτοῖς
1710 4372 1977 4444 ἀμήχανόν
2003 4372 2116 4430 ἔστι

530 4459 709 4529 λίγειν,
737 4463 806 4520 ὡς
851 4469 942 4520 τῆς
984 4460 1216 4521 ἀληθείας
1258 4464 1326 4532 μή
1363 4459 1540 4524 οὔσης,
1567 4459 1713 4520 δῆλον
1753 4462 1834 4519 ὅτι
1873 4468 2021 4538 μῦθοι
2050 4470 2117 4524 rei

527 4550 840 4613 και-ἀύτούς
867 4553 1218 4622 ύπάρχουσιν.
1251 4549 1404 4632 Ἴσως
1433 4551 1487 4608 δὲ
1515 4554 1738 4628 ἐροῦσιν,
1773 4554 1857 4610 ὅτι
1899 4559 2027 4627 μετά
2055 4561 2114 4614 τό

527 4643 764 4698 εἴσελθεῖν
803 4645 898 4701 rei:
924 4641 1106 4712 ψυχὰς
1130 4643 1178 4694 ίν
1205 4648 1314 4703 τοῖς
1341 4644 1566 4712 σώμασι,
1593 4643 1704 4698 τότε
1733 4643 1975 4701 δύνανται
2001 4647 2114 4704 δια-

2216 3471 2313 3526 per
2337 3471 2550 3526 corpus,
2584 3465 2694 3511 tum
2722 3467 2845 3511 ante
2871 3473 3084 3528 corpus.
3124 3460 3342 3516 Animas
3361 3477 3490 3518 vero
3511 3464 3786 3521 hominum

2216 3548 2565 3615 intelligentia
2595 3557 2650 3604 et
2671 3551 2880 3605 ratione
2903 3551 2999 3615 uti,
3030 3552 3084 3606 in
3112 3553 3358 3609 confesso
3385 3565 3470 3612 est
3497 3572 3510 3620 ;
3542 3559 3687 3624 quod
3714 3573 3785 3614 ne

2215 3651 2310 3691 eos
2338 3637 2555 3705 quidem
2586 3652 2781 3705 negare
2823 3650 3089 3709 putamus,
3119 3643 3210 3710 qui
3240 3650 3455 3699 tuentur
3477 3645 3784 3715 Origenem.

2214 3726 2405 3783 Dicant
2428 3729 2587 3797 igitur
2614 3731 2702 3798 qui
2731 3747 2853 3786 cum
2874 3731 3104 3802 Origene
3125 3737 3360 3792 sentiunt
3384 3756 3397 3792 :
3427 3740 3617 3796 animae
3637 3743 3780 3812 ipso-

2216 3835 2333 3874 rum
2364 3821 2670 3890 (siquidem,
2695 3831 2752 3876 ut
2779 3835 3108 3892 asseverant,
3138 3837 3261 3883 ante
3289 3845 3519 3900 corpora
3548 3831 3782 3900 fuerunt)

2216 3910 2526 3981 priusquam
2547 3912 2599 3965 in
2620 3914 2729 3980 ipsa
2752 3913 3173 3980 ingrederent:.r,
3197 3933 3304 3987 quo
3325 3919 3376 3974 in
3401 3922 3588 3976 ordine
3607 3932 3781 3988 erant.

2218 4009 2309 4051 aut
2338 4001 2464 4068 quid
2493 4001 2765 4068 agebant?
2793 4000 3042 4072 Oportuit
3069 4006 3212 4060 enim
3240 4022 3352 4073 eas,
3383 4010 3427 4063 si
3456 4021 3581 4067 ante
3606 4022 3782 4079 erant,

2217 4089 2378 4156 scire,
2422 4105 2528 4158 quo
2557 4090 2679 4146 loco
2709 4103 2911 4160 essent,
2955 4105 3048 4150 aut
3091 4098 3361 4164 quomodo
3396 4100 3501 4156 huc
3539 4101 3787 4159 advenis-

2217 4189 2374 4240 sent:
2415 4181 2497 4238 sin
2541 4182 2647 4240 hoc
2677 4185 2819 4239 nulla
2851 4187 3059 4242 ratione
3100 4197 3323 4257 possunt
3350 4191 3528 4247 dicere
3557 4193 3702 4270 (nam
3733 4195 3785 4250 id

2217 4288 2402 4327 verum
2441 4291 2546 4330 non
2577 4276 2702 4346 est),
2727 4287 2972 4347 apertum
3003 4289 3086 4334 est
3121 4295 3216 4336 eos
3244 4282 3448 4338 fabulas
3474 4285 3670 4341 dicere.
3717 4287 3786 4341 At

2216 4363 2446 4419 fortasse
2473 4365 2670 4429 dicant,
2723 4368 2930 4444 animas
2966 4377 3250 4440 postquam
3278 4387 3506 4441 corpora
3534 4374 3784 4441 ingressa:

2215 4467 2358 4520 sunt,
2391 4467 2502 4511 tum
2531 4457 2836 4512 discernere
2874 4474 3032 4528 posse
3073 4467 3128 4514 et
3166 4475 3496 4530 cognoscere
3522 4479 3642 4534 qum
3669 4482 3698 4520 a
3726 4484 3786 4523 se

2216 4557 2491 4616 geruntur.
2519 4546 2576 4601 Si
2603 4548 2706 4602 hoc
2731 4548 2930 4613 dicent,
2962 4565 3028 4604 ex
3051 4565 3234 4605 eorum
3258 4553 3404 4607 inani
3425 4554 3787 4624 disputatione

2216 4638 2495 4702 efﬁcietur,
2528 4646 2584 4692 ut
2611 4654 2812 4708 corpus
2844 4641 2962 4709 plus
3005 4643 3162 4710 pretii
3192 4651 3354 4712 atque
3380 4645 3600 4700 honoris
3627 4665 3788 4718 quant

530 4737 716 4807 κρίνειν
746 4755 824 4797 τε,
857 4737 936 4787 καί
962 4736 1226 4806 γινώσκειν
1253 4737 1318 4788 rei
1345 4734 1667 4807 πραττόμενα
1707 4737 1834 4811 παρ’
1854 4739 2044 4792 αὐτῶν⁶
2069 4743 2111 4793 εί

2216 4729 2388 4782 anima
2423 4729 2653 4793 habeat;
2703 4733 2846 4798 quod
2871 4729 2920 4784 ei
2951 4731 3004 4784 in
3033 4731 3278 4787 beneficii
3306 4733 3430 4790 loco
3455 4735 3548 4790 det
3590 4737 3787 4794 intelli-

529 4824 585 4880 δί
606 4830 759 4880 τοῦτο
783 4821 1012 4890 εἴπωσιν,
1047 4825 1335 4898 εὑρίσκεται
1370 4826 1428 4879 τὸ
1455 4832 1604 4895 σῶμα
1631 4827 1760 4880 κατά
1786 4830 1906 4888 τούς
1943 4831 2110 4884 αὐτῶν

528 4920 774 4988 ματαίους
792 4917 974 4986 λόγους
992 4918 1290 4991 τιμιώτερον
1313 4925 1405 4978 τῆς
1429 4916 1632 4988 ψυχῆς,
1664 4915 1747 4972 οἶα
1769 4923 2109 4992 χαριζόμενον

527 5011 654 5078 αὖτῇ
687 5008 746 5060 τό
776 5004 956 5080 νοεράν
978 5025 1055 5069 τε,
1087 5008 1166 5059 καί
1186 5006 1380 5084 λογικήν
1421 5007 1664 5078 γενέσθαι’
1698 5009 1819 5062 ἀλλὰ
1858 5010 1917 5064 τὸ
1949 5010 2107 5080 λέγειν

527 5103 674 5151 τοῦτο
701 5094 876 5157 πίσης
903 5096 1038 5151 ἐστίν
1066 5097 1259 5161 ἀνοίας,
1293 5100 1380 5150 καὶ
1409 5098 1626 5157 ἀτοπίας
1649 5099 1853 5168 μεστόν.
1887 5104 2027 5154 Διατί
2053 5099 2108 5156 δέ

527 5187 678 5252 ὅλως,
707 5186 849 5262 εἴπερ
876 5189 946 5247 ὦς
970 5188 1176 5257 λέγουσι
1212 5196 1551 5263 προϋπῆρχεν
1573 5191 1604 5246 ἡ
1632 5189 1808 5258 ψυχὴ,
1839 5191 2108 5261 μαθήσεώς

527 5301 678 5348 τινος,
725 5280 757 5339 ῆ
799 5278 1024 5350 διδαχῆς
1063 5278 1233 5336 δίεται
1260 5283 1312 5334 ἂν
1338 5289 1410 5350 τῷ
1437 5285 1640 5351 σώματι
1684 5283 1940 5353 γενομένη,
1971 5287 2106 5340 κατὰ

528 5371 702 5440 ιιινρὸν
742 5372 1076 5443 είσαγομίνη,
1111 5374 1198 5426 καί
1237 5371 1603 5445 προκόπτουσα
1629 5375 1702 5432 εἰς
1727 5376 1795 5428 rei
1824 5375 2024 5444 μείζονά
2049 5397 2103 5431 τε

525 5465 604 5515 καί
625 5460 933 5536 τιλειότερα;
962 5465 1016 5516 Ei
1042 5463 1143 5536 γάρ
1181 5471 1362 5536 προῆν,
1390 5464 1475 5515 καί
1502 5463 1768 5533 ἐγίνωσκεν
1798 5457 1857 5516 ἂν
1883 5465 1948 5518 rei
1973 5485 2109 5534 συμ-

524 5554 732 5626 φέροντα
767 5551 1027 5624 ’μηδεμιᾶς
1073 5554 1340 5620 μαθήσεως
1382 5549 1607 5622 δεομένη,
1635 5555 1721 5604 καί
1754 5554 1822 5610 ὡς
1852 5553 1900 5604 ἐν
1923 5555 2106 5624 γνώσει

525 5645 860 5717 τυγχάνουσα
917 5641 1192 5718 διωρθοῦτο
1248 5649 1364 5702 ταῖς
1416 5641 1719 5712 ἐπιμελείαις
1746 5657 1759 5671 ⁶
1808 5645 1892 5696 καί
1951 5647 1998 5698 εί
2046 5646 2104 5699 τό

524 5744 755 5806 πταῖσμα
797 5736 1084 5806 ίγίνωσκεν,
1115 5735 1200 5786 οὐκ
1226 5731 1517 5787 ίδιδάσκετο
1552 5735 1619 5792 ὡς
1660 5735 2100 5809 πρωπισταμέιη’

523 5833 564 5883 εἰ
594 5826 647 5882 δί
674 5823 960 5880 διδάσκεται
989 5825 1057 5884 ὡς
1081 5824 1355 5894 ἀγνοοῦσα,
1382 5824 1439 5874 ού
1472 5820 1712 5895 προῄδει·
1743 5827 1786 5878 εί
1813 5821 1866 5876 δὲ
1891 5825 1948 5876 οὐ
1973 5844 2104 5898 προ..

522 5917 647 5988 ρδει,
679 5917 738 5970 ού
767 5922 946 5988 προῆν,
967 5913 1095 5969 ἀλλά
1118 5911 1259 5970 δῆλον
1297 5910 1379 5969 ὅτι
1412 5913 1472 5966 ού
1501 5920 1684 5986 προῆν.
1713 5921 1814 5972 Τῆς
1837 5915 1935 5988 γὰρ
1961 5916 2100 5984 γενέ.

525 6027 646 6069 ἰως
677 6008 816 6076 ἡμῶν
844 6001 1004 6066 αἰττιός
1040 6007 1154 6060 ἐστι
1189 6002 1390 6075 μόνοςό
1432 6005 1575 6068 Θεὸς,
1612 6001 1670 6064 ὅς
1705 6024 1784 6066 τις
1822 6006 1976 6066 καθὼς
2012 6007 2102 6061 οὐκ

2211 4821 2447 4889 gentiam
2489 4829 2545 4875 et
2589 4822 2896 4888 rationem;
2947 4825 3096 4894 atqui
3141 4825 3244 4880 hoc
3273 4842 3536 4894 asserere,
3569 4831 3787 4899 plenum

2210 4909 2492 4964 dementia:
2519 4917 2602 4964 est
2626 4918 2789 4979 atque
2815 4912 3177 4968 absurditatis.
3217 4914 3328 4970 Cur
3353 4933 3485 4972 vero
3510 4919 3556 4973 si
3585 4920 3787 4989 anima,

2210 5007 2270 5054 ut
2298 5000 2467 5064 aiunt,
2499 5008 2625 5054 ante
2653 4998 2752 5054 fuit
2789 5016 2950 5070 quam
2997 5017 3215 5072 corpus,
3257 5004 3534 5075 disciplina
3565 5007 3786 5076 indiget,

2214 5096 2498 5160 postquam
2529 5089 2583 5144 in
2629 5105 2827 5160 corpus
2853 5092 3018 5156 venit,
3075 5095 3444 5164 paulatimque
3473 5096 3786 5164 instituitur,

2212 5187 2268 5233 et
2307 5179 2376 5235 ad
2403 5180 2626 5235 meliora
2669 5179 3103 5252 perfectioraquc
3150 5187 3531 5253 progreditur?
3571 5187 3702 5242 Nam
3744 5191 3787 5246 si

2211 5277 2339 5323 ante
2367 5270 2642 5336 existeret,
2685 5271 2834 5324 utilia
2877 5273 3062 5341 utique
3107 5286 3477 5342 cognosceret,
3531 5293 3632 5334 nec
3680 5279 3786 5334 ulla

2214 5369 2396 5428 egeret
2423 5361 2695 5430 doctrina,
2728 5378 2848 5430 nec,
2879 5372 2940 5420 ut
2964 5374 3094 5435 pote
3125 5367 3176 5421 in
3207 5369 3515 5437 cognitione
3542 5387 3784 5436 versans,

2215 5467 2343 5506 cura
2373 5459 2426 5506 et
2452 5452 2721 5522 diligentia
2751 5456 3089 5523 erudiretur;
3115 5473 3180 5512 ac
3207 5458 3272 5523 si,
3299 5459 3428 5527 quid
3453 5460 3523 5514 sit
3550 5460 3790 5518 offende-

2211 5558 2292 5606 re,
2341 5543 2566 5609 sciebat,
2618 5562 2721 5599 non
2772 5546 3094 5602 educeretur
3115 5548 3260 5617 quod
3303 5560 3462 5606 antea
3497 5552 3784 5608 scivisset:

2207 5633 2316 5702 jam
2349 5650 2475 5688 vero
2503 5635 2545 5688 si
2574 5635 2810 5698 docetur,
2843 5647 2899 5691 ut
2929 5638 2981 5692 in
3013 5641 3347 5706 ignoratione
3367 5658 3607 5707 versans,
3641 5644 3787 5712 prius

2209 5742 2316 5781 non
2361 5726 2606 5789 sciebat;
2654 5727 2700 5780 si
2732 5743 2840 5782 non
2871 5730 3016 5797 prius
3057 5731 3233 5795 scivit,
3279 5743 3405 5787 ante
3431 5749 3536 5787 non
3567 5731 3683 5788 fuit.
3716 5733 3786 5787 At

2210 5817 2379 5884 liquet
2405 5832 2522 5871 eam
2544 5826 2698 5872 antea
2731 5835 2838 5872 non
2870 5819 3048 5874 fuisse.
3088 5819 3247 5877 Ortus
3274 5823 3416 5876 enim
3445 5825 3613 5878 nostri
3644 5825 3785 5879 Deus

2203 5908 2358 5963 solus
2387 5908 2438 5962 in
2468 5921 2625 5962 causa
2665 5915 2789 5970 est;
2840 5909 2930 5978 qui
2959 5919 3018 5964 ut
3044 5927 3161 5974 nos,
3210 5928 3333 5966 cum
3376 5929 3483 5966 nou
3513 5928 3778 5973 essemus,

2203 6003 2328 6060 fecit
2354 6022 2364 6056 :
2414 6004 2489 6058 sic
2517 6007 2694 6063 natos,
2743 5999 2917 6067 gratia
2955 6016 3225 6077 manuque
3252 6004 3471 6078 propria
3499 6012 3677 6063 tuetur
3704 6017 3772 6060 se
