4112 6598
395 530 505 596 953

1453 525 1686 586 LIBER
1724 523 2126 584 ADVERSUS
2161 521 2584 584 ORIGENEM.

3553 533 3664 596 θδι

413 634 559 698 ἔντας
577 639 711 707 ἧμᾶς
735 639 990 712 ἐποίησεν,
1021 639 1156 696 οῦτω
1189 642 1271 696 καί
1295 639 1587 711 γενομένους
1618 639 1771 702 σῶζει
1789 645 1852 710 τῇ
1876 636 1979 710 ἰδίᾳ

2080 633 2279 698 salvat,
2338 633 2382 686 si
2430 634 2571 700 digni
2618 641 2782 704 atque
2831 634 3008 689 idonei
3057 637 3453 705 perhibeantur.
3516 616 3650 695 Nam

412 729 556 801 χειρί
599 726 880 803 [χάριτι],
925 731 1009 784 ἰάν
1050 728 1209 796 ἄξιοι,
1238 732 1319 784 καί
1367 727 1617 786 ἐπιτήδεοι
1659 736 1900 800 φανῶμεν.
1929 739 1984 781 '0

411 815 532 874 Θεὸς
558 817 654 888 γὰρ
684 820 860 875 εἰπὼν,
894 835 912 868 t
941 822 1233 887 Ποιήσωμεν
1263 814 1521 892 ἄνθρωπον
1550 815 1833 871 κατέίκὰνα
1862 819 1983 885 ἡμεο

409 905 558 974 τέραν
605 907 684 958 καί
723 905 979 976 ὁμοίωσιν,
1006 924 1025 956 ι
1057 906 1315 980 ἀμφότερα
1341 907 1472 958 κατά
1509 907 1693 960 ταυτὸν
1722 904 1984 980 ἐδημιούρ-

407 1015 554 1065 γησε,
583 998 823 1052 τουτέστι
871 1003 1019 1069 σῶμα
1058 1017 1110 1050 τε
1153 996 1384 1059 πλάσας,
1413 999 1497 1050 καί
1525 995 1702 1067 ψυχήν
1729 998 1901 1071 νοεράν
1930 1019 1984 1052 τε

407 1089 492 1138 καί
525 1087 724 1158 λογικήν
767 1087 1161 1161 δημιουργήσας.
1203 1085 1338 1158 ’Δμα
1379 1090 1476 1161 γὰρ
1518 1095 1670 1158 σῶμα
1711 1086 1928 1142 ἔπλασεν
1959 1086 1985 1143 6

407 1177 548 1239 Θεὸς,
577 1178 658 1229 καί
685 1182 774 1234 τόν
815 1179 994 1246 ψυχήν
1024 1174 1388 1252 ἐδημιούργησε
1415 1178 1593 1232 τέλειον
1615 1179 1702 1232 τὸν
1724 1175 1985 1252 ’ἄνθρωπον

407 1267 748 1326 ἀποτελέσας³
786 1266 896 1321 ούδί
920 1269 1016 1341 γὰρ
1047 1274 1198 1339 σῶμα
1241 1270 1410 1339 χωρίς
1450 1267 1652 1338 ψυχῆς,
1683 1264 1794 1320 οὐδέ
1832 1267 1986 1336 ψυχή

410 1361 574 1430 χωρὶς
615 1360 855 1428 σώματος
894 1355 1172 1433 ἄνθρωπος·
1205 1362 1251 1412 εἰ
1290 1358 1342 1412 δί
1384 1366 1725 1432 προϋπῆρχεν
1754 1359 1784 1410 ri
1810 1356 1984 1427 ψυχή,

406 1452 569 1512 καθὼς
594 1453 848 1527 Ὧριγίνης
863 1452 1024 1528 ληρεῖ,
1048 1454 1178 1512 τίνος
1203 1452 1364 1506 ἕνεκεν
1385 1450 1410 1506 6
1429 1451 1711 1523 ἀγιὼτατος
1730 1453 1986 1527 προφήτης

405 1544 670 1618 Ζαχαρίας
700 1537 829 1603 εἶπε,
867 1543 1141 1597 (Πλάσσων
1165 1549 1365 1612 πνεῦμα
1389 1544 1652 1617 ἀνθρώπου
1679 1543 1728 1595 ἰν
1760 1542 1932 1608 αύτῷ;
1960 1558 1979 1592 ε

405 1639 461 1690 Εἰ
481 1639 582 1710 γὰρ
604 1635 898 1711 προῆν.ἴδει
921 1637 1106 1708 μᾶλλον
1127 1641 1303 1701 εἰπεῖν,
1321 1633 1776 1709 καταγγίζων.ἦ
1804 1655 1912 1688 κατ
1926 1654 1986 1687 α·

404 1727 671 1794 πέμπων
697 1733 946 1797 πνεῦμα
972 1728 1304 1800 ἀνθρώπου
1334 1729 1391 1781 ἰν
1413 1729 1603 1798 αὐτῷ.
1629 1733 1729 1782 Νῦν
1753 1724 1806 1779 δί
1832 1725 1986 1798 λέγων

404 1819 432 1874 δ
459 1824 740 1892 προφήτης.
772 1819 1098 1883 πλάσσων,
1128 1818 1400 1884 δείκνυσιν,
1427 1818 1508 1874 ὅτι
1530 1821 1706 1892 ὥσπερ
1726 1818 1784 1871 τὸ
1811 1824 1982 1884 σῶμα,

403 1908 540 1962 οὕτω
568 1913 652 1962 καί
679 1914 770 1967 την
791 1908 971 1979 ψυχήν
997 1910 1056 1962 ού
1079 1909 1531 1986 προϋπάρχουσαν
1553 1909 1784 1964 εποίησεν
1808 1905 1834 1959 6
1862 1905 1983 1964 Θεὸς

2088 723 2248 787 Deus,
2295 725 2384 792 qui
2425 725 2595 778 dixit:
2648 725 2926 780 Faciamus
2974 728 3226 782 hominem
3273 731 3341 782 ad
3378 732 3655 803 imaginem

2086 825 2317 869 nostram
2363 827 2411 869 et
2460 817 2846 870 similitudinem
2895 815 3050 887 (Cen.
3102 824 3176 888 ι),
3230 830 3452 890 utraque
3499 824 3654 878 simul

2085 904 2229 971 fecit,
2262 906 2310 960 id
2337 914 2437 972 est,
2465 922 2659 976 corpus
2687 909 2984 976 piasmavit,
3016 919 3070 962 et
3099 911 3328 965 animam
3354 913 3657 982 intelligen-

2088 1004 2197 1051 tem
2247 1007 2300 1051 et
2345 998 2655 1052 rationalem
2706 1000 2926 1053 creavit.
2976 1000 3142 1055 Simul
3172 1003 3314 1056 enim
3361 1012 3416 1057 et
3443 1003 3652 1059 efﬁnxtt

2087 1102 2299 1156 corpus,
2352 1097 2407 1142 et
2447 1088 2678 1141 animam
2722 1089 2989 1154 condidit,
3040 1089 3330 1160 perfectum
3378 1091 3652 1148 hominem

2086 1179 2378 1242 exhibens;
2411 1194 2583 1248 neque
2611 1179 2750 1232 enim
2780 1181 2941 1234 homo
2968 1198 3162 1251 corpus
3191 1190 3275 1235 est
3310 1183 3425 1236 sine
3453 1183 3650 1250 anima,

2085 1285 2185 1324 nec
2214 1272 2386 1324 anima
2417 1270 2530 1324 sine
2557 1286 2805 1341 corpore.
2843 1271 2898 1326 Si
2929 1281 3106 1328 autem
3137 1274 3311 1327 anima
3343 1276 3658 1343 prgeexisle-

2085 1358 2195 1424 bat,
2223 1367 2280 1413 ut
2306 1361 2496 1414 delirat
2523 1359 2796 1430 Origenes,
2828 1362 2978 1431 cujus
3000 1366 3076 1419 rei
3099 1366 3264 1433 gratia
3291 1368 3656 1426 sanctissimus

2087 1449 2345 1516 propheta
2375 1450 2658 1504 Zacharias
2697 1452 2832 1506 dixit
2866 1470 2878 1504 :
2909 1451 3141 1524 Fingens
3166 1457 3402 1524 spiritum
3433 1457 3652 1513 hominis

2085 1535 2138 1587 in
2170 1552 2227 1587 eo
2260 1535 2443 1605 (Zach.
2475 1538 2569 1608 xu)
2595 1541 2616 1591 ‘t
2663 1539 2718 1592 Si
2749 1536 2888 1594 enim
2920 1542 3066 1610 prius
3105 1551 3240 1610 erat,
3285 1546 3453 1614 magis
3475 1547 3658 1602 dicere

2088 1625 2345 1692 oportuit,
2397 1624 2682 1682 lniundens
2722 1637 2972 1699 tanquam
3006 1632 3056 1684 in
3088 1647 3200 1695 vas,
3248 1634 3332 1687 vel
3360 1636 3654 1692 demittcns

2084 1716 2330 1784 spiritum
2355 1717 2587 1773 hominis
2617 1720 2668 1773 in
2693 1736 2781 1775 eo.
2824 1720 2940 1776 Jam
2966 1739 3095 1778 vero
3124 1740 3244 1779 cum
3272 1727 3404 1781 dicit
3424 1730 3658 1800 prophe-

2085 1815 2158 1872 ta,
2202 1809 2427 1878 ﬁngens,
2473 1809 2725 1874 ostendit,
2774 1821 2831 1866 ut
2878 1829 3104 1882 corpus,
3154 1815 3232 1870 sic
3273 1819 3502 1873 animam
3553 1837 3658 1876 non

2089 1897 2483 1965 prmexistentia
2519 1897 2685 1951 Deum
2715 1901 2929 1970 propria
2960 1888 3156 1957 virtute
3201 1920 3264 1959 ac
3305 1907 3548 1963 bonitate
3577 1909 3656 1963 ie-

404 2007 466 2069 τῇ
489 1997 592 2072 ἰδίᾳ
619 1997 831 2055 δυνάμει
853 2002 1027 2060 αὐτοῦ,
1045 2003 1129 2052 καί
1156 2000 1446 2072 ἀγαθότητι.
1467 2002 1628 2058 Καθὼς
1655 1993 1740 2051 οὖν
1762 1995 1979 2067 εἴρηται,

2087 1986 2246 2040 cisse.
2297 1985 2447 2051 Quod
2480 1987 2639 2054 igitur
2675 1989 2858 2052 homo,
2899 1993 3035 2046 sicut
3062 1994 3258 2049 dictum
3286 2005 3387 2062 est,
3420 1999 3488 2052 ad
3520 1999 3654 2053 ima-

404 2087 515 2142 κατ⁹
535 2087 700 2143 εἰκόνα
719 2092 801 2142 καί
819 2088 1054 2158 ὁμοίωσιν
1078 2095 1170 2144 τοῦ
1198 2096 1324 2143 Θεοῦ
1345 2090 1572 2158 γενίσθαι
1592 2089 1675 2142 τὸν
1698 2084 1978 2157 ἄνθρωπον,

404 2178 485 2232 καί
529 2186 620 2232 τοῦ
661 2179 794 2232 θείου
837 2179 1199 2250 ἰμφυσήματος
1239 2181 1523 2242 ἀξιωθῆναι,
1551 2177 1693 2236 δηλοῖ
1721 2183 1792 2247 μή
1837 2178 1981 2246 μόνεν

403 2268 576 2339 νοεράν
606 2270 688 2318 καὶ
727 2267 944 2338 λογικὴν,
975 2267 1101 2321 ἀλλὰ
1134 2269 1216 2322 καί
1256 2269 1503 2322 ἀθάνατον
1544 2275 1632 2324 τήν
1673 2265 1852 2336 ψυχήν
1889 2263 1978 2323 δη·

403 2358 764 2428 μιουργηθῆναι
791 2358 918 2430 πρὸς
949 2357 1005 2411 τὸ
1031 2354 1214 2430 ἄρχειν
1241 2359 1443 2411 πάντων
1472 2364 1570 2410 τῶν
1608 2354 1692 2410 ἐπί
1717 2365 1808 2428 γῆς
1835 2377 1981 2414 ποιη-

404 2446 595 2514 μάτων
623 2452 774 2500 τοῦτο
802 2447 901 2518 γάρ
927 2446 1036 2500 ἔστι
1059 2449 1144 2500 καί
1167 2447 1224 2501 τὸ
1247 2448 1500 2518 εἰρημένον
1519 2453 1590 2515 τῷ
1619 2446 1825 2518 θεολόγῳ
1847 2457 1979 2520 Γρη-

403 2539 556 2607 γορίῳ
595 2537 714 2607 περί
741 2544 830 2595 τῆς
869 2534 1071 2606 ψυχῆς,
1101 2541 1190 2594 τήν
1223 2538 1277 2590 ἔκ
1307 2543 1434 2590 Θεοῦ
1478 2539 1563 2589 καί
1601 2537 1731 2589 θείαν
1772 2540 1856 2590 καί
1887 2543 1980 2597 τῆς

403 2621 588 2678 ἄνωθεν
633 2627 876 2696 εὐγενείας
919 2628 1263 2696 μετέχουσαν.
1303 2628 1421 2694 Οὐχ
1460 2627 1527 2686 ὥς
1563 2647 1695 2685 τινες
1739 2627 1980 2697 φανταζὸο

403 2733 541 2786 μενοι
564 2715 770 2785 λέγουσι
793 2723 883 2775 τῆς
909 2718 1068 2777 θείκῆς
1097 2718 1268 2776 οὐσίας
1292 2717 1635 2789 ὑπάρχουσαν
1656 2721 1744 2774 τήν
1772 2715 1977 2786 ψυχήν

402 2803 592 2864 ἀλλ’ὡς
636 2803 721 2859 διὰ
757 2812 845 2860 τοῦ
896 2807 1250 2879 ἔμφυσήματος
1289 2813 1380 2862 τοῦ
1415 2791 1547 2861 ’Θεοῦ
1586 2809 1869 2878 γενομένην,
1896 2810 1979 2861 καί

403 2894 641 2968 χάρισμα
687 2895 812 2967 παρ’
829 2899 980 2949 αὐτοῦ
1009 2896 1268 2951 λαϐοῦσαν
1293 2902 1386 2952 τοῦ
1424 2899 1626 2972 νοερὰν,
1653 2898 1735 2950 καί
1761 2895 1979 2968 λογικήν,

402 2985 488 3036 καί
525 2985 765 3038 ἀθάνατον
792 2980 950 3046 εἶναι,
979 2989 1066 3039 καί
1100 2991 1173 3055 μη
1199 2991 1615 3044 συναποθνήσκειν
1653 2994 1726 3058 τῷ
1755 2990 1978 3058 σώματι,

403 3070 512 3124 καθ’
531 3071 804 3142 ὁμοιότητα
830 3079 928 3127 τῶν
956 3073 1146 3146 ἀλόγων
1171 3078 1329 3139 ζώων,
1361 3075 1484 3129 ἀλλά
1508 3078 1640 3130 κατά
1669 3077 1826 3148 χάριν
1852 3097 1980 3148 μετ·

404 3163 546 3232 ἐχειν
588 3172 680 3222 τῆς
723 3160 908 3217 ἄνωθεν
945 3165 1204 3235 εὐγενείας,
1235 3167 1495 3220 τουτέστιν
1524 3167 1818 3226 ἀθανασίας.
1850 3180 1984 3243 Μαρ-

403 3259 551 3324 τυρεῖ
582 3249 635 3305 δὲ
680 3253 882 3310 τούτοις
911 3252 1038 3306 καίό
1065 3256 1117 3307 ἰν
1156 3253 1314 3326 ἁγίοις
1355 3252 1581 3314 Ἰωάννης
1609 3255 1636 3310 6
1664 3263 1982 3312 Κωνσταντι-

2082 2077 2259 2146 ginem
2290 2085 2345 2130 et
2392 2077 2790 2135 similitudinem
2824 2084 2914 2138 Dei
2956 2085 3026 2138 sit
3065 2083 3255 2152 factus,
3305 2089 3658 2159 dignatusque

2081 2171 2428 2239 inspiratione
2449 2177 2624 2230 divina
2651 2194 2665 2242 ;
2695 2177 2817 2230 inde
2848 2181 3184 2248 perspicuum
3213 2190 3313 2244 est,
3349 2197 3452 2234 non
3483 2184 3658 2238 solunt

2081 2261 2465 2330 intelligentem
2499 2275 2554 2319 et
2583 2266 2899 2320 rationalem
2928 2269 3182 2333 animam,
3231 2270 3324 2324 sed
3352 2272 3514 2326 etiam
3545 2273 3648 2325 im-

2080 2354 2358 2408 mortalem
2387 2370 2505 2409 esse
2536 2369 2776 2410 creatam
2802 2373 2816 2416 ;
2853 2363 2912 2410 ut
2940 2359 3185 2416 omnibus
3215 2360 3278 2414 iis
3297 2377 3414 2430 quae
3437 2363 3489 2414 in
3517 2371 3658 2418 terra

2081 2442 2218 2496 facta
2248 2450 2372 2496 sunt
2403 2444 2709 2514 imperaret.
2741 2445 2854 2500 Hoc
2881 2455 2963 2502 est
2991 2449 3130 2501 enim
3161 2449 3304 2518 quod
3328 2466 3358 2504 a
3381 2450 3657 2521 Theologo

2081 2529 2342 2597 Gregorio
2371 2531 2437 2586 de
2478 2533 2654 2586 anima
2695 2533 2897 2588 dictum
2929 2543 3028 2599 est,
3081 2551 3110 2589 a
3145 2536 3252 2590 Deo
3283 2553 3420 2600 esse,
3452 2546 3508 2592 et
3531 2539 3656 2593 divi-

2083 2636 2224 2686 nam,
2276 2636 2340 2674 ac
2376 2639 2622 2692 superna:
2667 2624 2959 2678 nobilitatis
3007 2626 3319 2695 participem
3358 2645 3371 2680 :
3420 2644 3551 2696 non,
3599 2638 3655 2685 ut

2084 2714 2324 2768 nonnulli
2356 2724 2636 2768 autumant
2659 2731 2723 2770 ac
2750 2715 2950 2778 dicunt,
2984 2717 3174 2770 divinze
3198 2719 3508 2774 substantia
3533 2721 3654 2774 ani-

2082 2821 2222 2858 niam
2249 2821 2367 2859 esse
2394 2823 2406 2858 :
2437 2806 2528 2860 sed
2560 2816 2618 2859 ut
2647 2807 2998 2876 inspiratione
3028 2807 3121 2862 Dei
3153 2807 3367 2874 iactant,
3399 2811 3654 2878 gratiam-

2079 2908 2184 2962 que
2213 2887 2422 2949 nactam
2453 2879 2518 2949 ali
2549 2911 2634 2957 eo,
2668 2905 2726 2950 ut
2757 2897 3056 2964 intelligens
3079 2906 3240 2965 esset,
3270 2906 3322 2951 ct
3352 2898 3653 2963 rationalis,

2081 2991 2136 3039 et
2163 2985 2495 3048 immortalis,
2529 3001 2628 3040 nec
2657 3002 2760 3040 una
2784 3002 2904 3040 cum
2935 3003 3163 3054 corpore
3209 2995 3528 3051 moreretur,
3573 2988 3654 3042 si-

2081 3085 2174 3132 cut
2201 3077 2586 3132 irrationabilia
2615 3078 2888 3141 animalia,
2940 3080 3032 3132 sei
3076 3094 3172 3147 per
3218 3079 3445 3148 gratiam
3492 3081 3653 3149 parti-

2083 3183 2211 3239 ceps
2237 3176 2373 3224 esset
2405 3184 2650 3238 superna:
2681 3169 2992 3232 nobilitatis,
3025 3169 3076 3222 id
3105 3179 3186 3222 est
3216 3169 3652 3226 immortalitatis.

2085 3258 2177 3314 llis
2208 3261 2570 3315 testimonium
2601 3259 2846 3329 perhibet
2873 3267 3089 3313 sanctus
3114 3256 3348 3310 Joannes
3383 3257 3651 3311 Constan-

405 3343 684 3402 νουπόλεως
714 3345 1045 3416 πατριάρχης
1078 3345 1126 3397 ἐν
1155 3353 1226 3413 τῷ
1260 3342 1504 3415 ἑνδεκάτῳ
1531 3345 1659 3417 λόγῳ
1695 3352 1766 3416 τῷ
1793 3351 1862 3407 ε’ς
1890 3353 1978 3406 τήν

2085 3349 2385 3418 tinopoleos
2415 3351 2713 3420 patriarcha
2745 3350 2796 3404 in
2829 3349 3109 3402 undecimo
3138 3363 3386 3401 sermone
3415 3347 3466 3400 in
3497 3361 3651 3400 crea-

403 3435 593 3486 κτίσιν⁶
624 3434 752 3506 λέγει
781 3436 878 3506 γὰρ
906 3433 1085 3493 οὕτως·
1120 3452 1138 3484 ε
1169 3438 1265 3487 Καὶ
1294 3436 1596 3507 ἐνεφύσησε,
1625 3440 1792 3506 φησὶν,
1823 3439 1893 3496 εἰς
1922 3439 1979 3492 τὸ

405 3524 674 3600 πρόσωπον
715 3526 866 3578 αὐτοῦ
908 3530 1061 3583 πνοὴν
1105 3531 1257 3589 ζωῆς.
1285 3530 1368 3580 καί
1409 3527 1600 3597 ἐγένετο
1643 3527 1668 3581 6
1716 3525 1980 3602 ἄνθρωπος

404 3617 474 3674 εἰς
501 3615 679 3685 ψυχήν
713 3621 902 3679 ζῶσαν.
929 3617 1172 3671 Ἐνταῦθά
1207 3639 1336 3678 τινες
1375 3626 1472 3672 τῶν
1508 3617 1803 3692 ἀγνωμόνων
1831 3623 1882 3686 ἐξ
1907 3624 1982 3675 οἰ-

370 3710 375 3720 “
404 3706 546 3758 κείων
559 3706 807 3779 λογισμῶν
818 3709 1117 3780 κινούμενοι,
1131 3711 1214 3762 καί
1235 3707 1371 3761 οὐδέν
1389 3709 1659 3782 θεοπρεπὲς
1678 3716 1976 3776 ἐννοοῦντες,

404 3791 518 3848 οὔτε
544 3800 631 3854 τὴν
655 3797 1036 3866 συγκατάθοισιν
1060 3803 1156 3850 τῶν
1199 3798 1432 3873 ῥημάτων
1469 3799 1792 3869 λογιζόμενοι,
1824 3800 1980 3871 λέγειν

404 3885 752 3957 ἐπιχειροῦσιν
777 3884 853 3938 ὅτι
881 3888 936 3938 ἐκ
965 3895 1056 3946 τῆς
1084 3892 1176 3940 τοῦ
1202 3893 1326 3940 Θεοῦ
1358 3890 1533 3948 οὐσίας
1582 3891 1722 3943 ἐστίν
1746 3891 1775 3946 ἡ
1801 3892 1978 3961 ψυχή.

401 3975 462 4026 ’u
490 3983 577 4032 τῆς
609 3978 812 4045 μανίας,
847 3974 886 4029 ὢ
922 3985 1012 4036 τῆς
1047 3981 1497 4050 παραφροσύνης.)
1525 3983 1616 4032 Καὶ
1640 3986 1806 4035 ταῦτα
1833 3985 1923 4052 μὲν
1955 3983 1980 4038 6

405 4070 570 4138 πατὴρ
607 4070 724 4136 περὶ
763 4075 862 4121 τῶν
906 4070 1261 4138 πρνκειμένων.
1312 4067 1488 4122 Σκόπει
1516 4068 1592 4135 δὲ,
1626 4069 1701 4125 ὃτι
1731 4093 1829 4145 περ
1861 4077 1981 4145 περὶ

404 4158 493 4222 μὲν
517 4164 614 4209 τῶν
641 4153 797 4210 ἄλλων
821 4157 1056 4212 ἁπάντων
1079 4159 1160 4211 ἐπὶ
1189 4167 1280 4229 γῆς
1310 4162 1598 4230 ποιημάτων
1629 4159 1764 4218 εἶπεν
1787 4164 1812 4218 6
1837 4166 1980 4230 Θεὸς,

407 4261 426 4294 ε
448 4248 728 4304 Γεννηθήτω
748 4266 766 4297 ι
793 4251 878 4300 καὶ
906 4265 924 4296 ε
947 4249 1232 4320 ἓξαγαγέτω
1249 4251 1278 4306 η
1303 4258 1383 4317 γῆ,
1400 4256 1484 4303 καί
1509 4253 1714 4324 ἐγένετο.
1741 4271 1759 4304 ι
1797 4259 1910 4328 Περί
1928 4254 1980 4309 δὲ

318 4348 322 4350 ’
407 4342 491 4390 τοῦ
523 4338 784 4410 ἀνθρώπου
815 4339 962 4409 λέγει,
977 4355 992 4386 t
1007 4342 1294 4408 Ποιήσωμεν
1321 4337 1600 4416 ἄνθρωπον,
1616 4361 1635 4394 ι
1655 4347 1738 4397 καί
1763 4347 1818 4398 οὐ
1837 4345 1980 4415 μόνον

407 4445 425 4476 ι
447 4433 750 4500 ποιήσωμεν.
769 4446 786 4478 ι
821 4428 942 4480 ἀ)λά
979 4445 996 4476 ι
1022 4428 1131 4480 κατ’
1151 4429 1318 4482 εἰκόνα
1349 4433 1588 4504 ἡμετέραν
1611 4436 1694 4487 καί
1720 4433 1978 4504 ὁμοίωσινο

403 4519 658 4572 καίλαϐὼυ
683 4525 814 4588 χοῦν
837 4519 937 4570 ἀπὸ
951 4525 1042 4578 τῆς
1057 4526 1150 4590 γῆς
1175 4527 1291 4580 ταῖς
1310 4519 1460 4579 ἰδίαις
1483 4527 1670 4596 χερσὶν
1689 4522 1876 4579 ἔπλασε
1897 4526 1980 4580 τὸν

403 4605 680 4684 ἄνθρωπον,
710 4612 791 4662 καί
821 4612 1123 4680 ἐνεφύσησεν
1158 4613 1227 4669 εἰς
1249 4613 1306 4665 τὸ
1332 4608 1608 4686 πρόσωπον
1644 4617 1797 4668 αὐτοῦ
1827 4622 1981 4675 πνοήν

2084 3441 2283 3494 tionem
2310 3457 2325 3505 ;
2364 3443 2440 3496 sic
2464 3442 2603 3494 enim
2631 3442 2706 3494 ait
2734 3442 2750 3510 (
2779 3439 2973 3493 llomil.
3009 3455 3098 3492 xui
3128 3441 3180 3491 in
3213 3436 3447 3507 Gem-tt)
3483 3455 3496 3490 :
3536 3456 3553 3488 t
3583 3435 3652 3492 Et

2080 3529 2382 3599 insufﬂauit,
2411 3530 2598 3597 inquit,
2631 3533 2684 3582 in
2715 3532 2898 3600 facient
2930 3529 3038 3600 ejus
3067 3530 3302 3598 spiritum
3324 3530 3458 3591 vitm,
3480 3535 3526 3579 et
3558 3527 3654 3596 fuit

2083 3621 2234 3672 homo
2277 3621 2328 3672 in
2356 3621 2582 3672 animam
2610 3621 2873 3674 viventem.
2905 3619 3001 3674 llic
3030 3620 3268 3673 nonnulli
3296 3619 3524 3688 imperiti
3555 3618 3654 3673 ho-

2081 3708 2272 3771 mines,
2325 3709 2554 3777 propriis
2606 3710 3019 3778 cogitationibus
3063 3710 3224 3776 moti,
3275 3724 3337 3762 ac
3383 3709 3507 3761 nihil
3543 3708 3653 3762 Deo

2084 3799 2281 3853 decens
2335 3800 2385 3852 in
2435 3805 2614 3852 mente
2656 3800 2937 3864 habentes,
3000 3815 3100 3854 nec
3145 3798 3652 3852 condescensionem

2081 3890 2364 3943 verborum
2391 3897 2717 3958 reputantes,
2751 3889 2928 3944 dicere
2956 3889 3156 3942 audent
3185 3904 3214 3942 e
3237 3888 3327 3941 Dei
3357 3886 3653 3942 substantia

2081 3998 2200 4038 esse
2245 3983 2498 4036 animam.
2542 3980 2584 4034 Ο
2616 3983 2896 4048 insaniam,
2947 3998 2980 4037 0
3012 3982 3373 4037 dementiam!
3408 4001 3426 4034 ι
3477 3981 3652 4052 Atque

2081 4073 2194 4128 haec
2216 4071 2427 4142 quidem
2454 4071 2610 4126 Pater
2639 4071 2704 4126 de
2729 4080 3043 4140 argumento
3065 4073 3360 4142 proposito.
3389 4071 3651 4125 Conside-

2080 4178 2139 4214 ra
2189 4171 2367 4214 autem
2421 4161 2487 4215 de
2535 4160 2653 4214 aliis
2703 4160 2952 4214 omnibus
3004 4162 3056 4214 iu
3104 4170 3243 4215 terra
3273 4160 3424 4214 factis
3453 4160 3654 4216 dixisse

2082 4250 2266 4312 Deum,
2300 4252 2412 4320 ﬁat,
2445 4260 2498 4305 et
2527 4251 2778 4322 producat
2809 4262 2966 4320 terra,
2997 4263 3045 4306 et
3085 4255 3279 4324 factum
3308 4263 3384 4306 est
3417 4251 3606 4324 (Ibid.)
3632 4268 3655 4317 ;

2080 4340 2147 4394 de
2175 4341 2393 4394 homine
2431 4351 2610 4395 autem
2657 4341 2828 4395 dicit:
2881 4341 3163 4396 Faciamus
3207 4342 3504 4396 hominem:
3552 4359 3652 4397 nec

2079 4435 2272 4499 solum,
2303 4433 2605 4499 Faciamus,
2639 4435 2753 4497 sed,
2787 4436 2856 4488 ad
2882 4437 3161 4506 imaginem
3189 4445 3236 4488 et
3266 4435 3654 4490 similitudinem

2080 4535 2354 4588 nostram;
2399 4533 2445 4576 et
2475 4541 2680 4577 sumens
2711 4525 2967 4594 pulverem
2999 4525 3060 4577 de
3092 4535 3246 4588 terra,
3277 4525 3501 4594 propriis
3541 4540 3653 4576 ma«

2081 4615 2229 4668 nibus
2273 4615 2525 4668 hominem
2555 4615 2737 4682 ﬁnxit,
2786 4625 2832 4667 et
2882 4616 3167 4686 insufﬂat-it
3209 4615 3264 4668 in
3312 4617 3497 4686 {aciem
3541 4614 3653 4683 ejus

401 4705 550 4764 ζωῆς,
568 4705 650 4754 καὶ
677 4701 869 4771 ἐγένετο
891 4699 916 4754 6
937 4697 1195 4773 ἅνθρωπος
1221 4705 1290 4760 εἰς
1306 4700 1481 4771 ψυχὴν
1497 4707 1681 4787 ζᾶχσαν.
1697 4722 1715 4754 ι
1735 4707 1979 4760 Ἐντεῦθεν

2081 4707 2318 4777 spiritum
2349 4707 2480 4768 vitta,
2511 4714 2559 4756 et
2589 4707 2752 4774 factus
2783 4715 2858 4758 est
2881 4707 3027 4758 homo
3057 4707 3109 4757 in
3139 4704 3366 4756 animant
3388 4705 3648 4756 viventem.

399 4799 562 4846 τοίνυν
590 4794 726 4845 ἐστὶν
763 4789 902 4854 ἰδεῖν,
927 4799 1036 4850 πῶς
1064 4791 1088 4844 6
1118 4793 1240 4851 Θεὸς
1269 4793 1350 4845 τὸν
1379 4789 1636 4864 ἄνθρωπον
1682 4800 1977 4870 τιμιὼτερον

399 4881 600 4938 ἐποίησε
636 4888 733 4934 τῶν
759 4878 918 4934 ἄλλων
943 4881 1180 4935 ἁπάντων
1203 4889 1302 4935 τῶν
1327 4884 1411 4936 ἰπὶ
1442 4892 1535 4956 γῆς
1563 4889 1870 4954 κτισμάτων.
1906 4889 1979 4941 Τὰ

399 4975 486 5040 μὲν
516 4967 602 5024 οὗν
637 4970 762 5027 ἄλλα
787 4975 954 5027 πάντα
987 4973 1114 5044 λόγῳ
1157 4969 1285 5036 εἶπε,
1312 4977 1394 5028 καί
1423 4976 1658 5047 ἐγένοντο·
1698 4981 1784 5032 τὸν
1825 4977 1879 5032 δέ
1919 5000 1974 5048 γε

401 5059 680 5136 ἄνθρωπον,
710 5067 867 5124 καθὼς
895 5063 1109 5140 εἴρηται,
1139 5065 1284 5124 αὐτὸς
1311 5074 1431 5126 ταῖς
1459 5065 1609 5126 ἰδίαις
1643 5072 1818 5142 χερσί.
1843 5073 1975 5125 κατά

400 5161 488 5212 τήν
523 5157 654 5208 θείαν
688 5162 896 5232 γραφήν,
929 5154 1333 5226 ἐδημιούργησε·
1365 5159 1532 5212 πάντα
1560 5157 1611 5212 δὲ
1638 5163 1702 5213 τά
1739 5161 1974 5230 γενόμενα

403 5241 658 5298 ύπάύτοῦ
682 5247 763 5299 ἐπί
782 5254 872 5306 τῆς
891 5253 982 5316 γῆς
1013 5247 1228 5308 ὑπέταξε
1254 5254 1327 5318 τῷ
1357 5248 1601 5322 ἀνθρώπῳ
1629 5258 1700 5321 τῷ
1729 5254 1972 5322 γενομένῳ

399 5335 452 5386 ἰν
470 5342 531 5408 τῇ
551 5335 667 5408 ἕκτῃ
688 5337 870 5408 ἡμέρᾳ,
897 5337 982 5388 ἶνα
1003 5336 1205 5389 πάντων
1237 5344 1332 5391 τῶν
1356 5336 1439 5391 ini
1460 5346 1547 5398 τῆς
1574 5348 1666 5407 ’γῆς
1689 5343 1975 5408 κτισμάτων

400 5423 488 5483 ὅδη
505 5427 900 5501 προγεγονότων,
915 5429 999 5481 καί
1015 5427 1404 5496 ἔτοιμασθέντων
1422 5432 1558 5499 αὐτῷ
1573 5429 1814 5504 δεσπόζῃ.
1826 5434 1920 5486 αὐτ
1952 5452 1977 5490 ς

399 5515 500 5570 ύπό
524 5522 613 5571 τοῦ
642 5516 874 5570 πλάστου
901 5515 1281 5587 δεσποζόμενος.
1310 5527 1471 5573 Τοῦτο
1512 5518 1564 5574 δὲ
1595 5523 1727 5590 ἡμᾶς
1752 5519 1977 5576 διδάσκει

399 5608 478 5658 καί
502 5604 528 5659 6
555 5607 606 5658 ἐν
629 5604 790 5678 ἁγίοις
810 5605 1037 5675 θεολόγος
1057 5608 1330 5681 Γρηγόριος
1365 5610 1414 5662 ἐν
1445 5617 1517 5682 τῷ
1542 5609 1672 5680 λόγῳ
1701 5619 1772 5682 τῷ
1794 5613 1865 5669 εἰς
1885 5618 1973 5668 την

399 5696 506 5747 νέαν
527 5702 778 5770 κυριακήν,
805 5693 957 5763 λέγων
976 5708 991 5722 ⁸
1023 5712 1040 5744 ε
1074 5697 1220 5750 Οὕτω
1241 5719 1291 5752 τι
1311 5706 1509 5773 πρῶτον
1535 5701 1581 5751 ἐν
1604 5701 1813 5773 ἡμέραις
1837 5702 1969 5774 ἀριθ-

395 5793 582 5856 μεῖται,
617 5787 702 5840 καί
737 5783 990 5857 δεύτερον,
1024 5789 1110 5840 καί
1133 5791 1320 5856 τρίτον,
1349 5792 1433 5842 καί
1475 5792 1540 5842 τά
1566 5791 1697 5853 ἑξῆς,
1727 5787 1858 5862 ἆχρι
1879 5800 1968 5849 τῆς

396 5871 612 5945 ἕϐδόμης
635 5877 718 5928 καί
739 5894 977 5928 καταπαυ
987 5875 1138 5943 σίμου
1154 5881 1251 5928 τῶν
1274 5873 1434 5948 ἔργων
1463 5879 1678 5950 ἠμέρας³
1703 5874 1781 5938 αἷς
1810 5900 1972 5932 κατα-

401 5968 662 6043 μερίζεται
687 5969 752 6022 τὰ
771 5965 1002 6038 γινόμενα
1018 5963 1179 6038 λόγοις
1202 5967 1432 6043 ἀρῤιότοις
1457 5970 1659 6042 τασσόμ
1684 5992 1764 6039 να,
1779 5973 1859 6026 καί
1883 5973 1974 6027 οὐκ

2079 4793 2158 4847 Ex
2202 4795 2285 4848 his
2316 4796 2474 4864 igitur
2503 4793 2731 4863 perspici
2760 4803 2956 4863 potest,
2990 4803 3046 4846 ut
3088 4793 3225 4846 Deus
3256 4792 3524 4845 hominem
3571 4791 3651 4844 fe»

2078 4887 2212 4939 cerit
2240 4886 2694 4952 honorabiliorem
2744 4900 2807 4938 ac
2851 4883 3222 4953 pretiosiorem
3255 4883 3374 4937 aliis
3403 4880 3649 4936 omnibus

2077 4993 2195 5047 qua:
2225 4979 2276 5031 in
2309 4986 2450 5031 terra
2477 4987 2601 5030 sunt
2621 4977 2882 5031 creaturis
2907 4993 2922 5042 ;
2955 4976 3055 5028 alia
3079 4974 3293 5044 quidem
3317 4972 3493 5027 omnia
3523 4970 3649 5029 fecit

2079 5068 2276 5121 verbo:
2318 5066 2480 5130 dixit,
2527 5074 2581 5118 et
2630 5065 2766 5119 facta
2795 5073 2946 5130 sunt;
2981 5064 3249 5118 hominem
3297 5079 3454 5127 vero,
3490 5062 3646 5117 sicuti

2073 5157 2272 5210 dictum
2324 5164 2437 5220 est,
2486 5157 2716 5224 propriis
2768 5156 2881 5223 ipse
2925 5155 3169 5209 manibus
3211 5154 3362 5224 juxta
3409 5154 3644 5208 divinam

2074 5246 2401 5316 Scriptorum
2435 5245 2558 5300 fecit
2586 5263 2598 5297 :
2633 5260 2960 5315 quaecunque
2989 5254 3165 5299 antem
3195 5247 3260 5299 ab
3302 5261 3367 5298 eo
3407 5247 3458 5298 in
3497 5253 3643 5298 terra

2074 5334 2211 5390 facta
2235 5344 2376 5400 sunt,
2407 5334 2643 5390 subdidit
2669 5334 2892 5400 homini,
2923 5336 3013 5404 qui
3043 5345 3195 5390 sexto
3219 5335 3387 5388 iactus
3416 5342 3499 5388 est
3516 5333 3642 5388 die:

2075 5433 2132 5478 ut
2160 5425 2408 5478 omnibus
2429 5423 2654 5476 terrenis
2679 5425 2937 5478 creaturis
2953 5424 3062 5492 jam
3092 5423 3263 5489 factis,
3296 5439 3358 5478 ac
3385 5423 3484 5492 ipsi
3508 5438 3637 5493 prte-

2074 5515 2294 5584 paratis,
2325 5513 2712 5577 dominaretur,
2761 5513 2873 5580 ipse
2903 5513 3243 5581 plasmatoris
3266 5513 3347 5566 sui
3383 5511 3638 5566 obediens

2072 5606 2318 5673 imperio.
2363 5604 2473 5659 lloc
2521 5613 2576 5660 et
2604 5621 2704 5659 nos
2730 5605 2888 5658 docet
2933 5615 3149 5660 sanctus
3179 5604 3482 5671 Theologus
3508 5601 3632 5658 Gre-

2071 5697 2253 5766 gorius
2280 5697 2329 5751 in
2362 5698 2606 5751 oratione
2635 5697 2685 5750 in
2714 5712 2906 5751 novam
2938 5675 3258 5751 dominicam
3299 5697 3473 5766 (Urat.
3505 5693 3598 5764 45)
3625 5709 3640 5759 ς

2071 5789 2148 5842 sic
2177 5789 2320 5842 enim
2360 5788 2489 5842 dicit
2515 5806 2526 5839 :
2569 5808 2586 5838 ε
2618 5789 2694 5841 lta
2724 5789 2923 5856 aliquid
2954 5789 3179 5856 primum
3227 5788 3278 5842 in
3323 5787 3512 5842 diebus
3539 5801 3642 5840 nu-

2073 5886 2331 5941 moratur,
2355 5886 2408 5932 et
2432 5876 2746 5941 secundum,
2770 5886 2824 5930 et
2847 5878 3078 5942 tertium,
3097 5892 3158 5930 ac
3179 5875 3447 5946 deinceps,
3469 5887 3639 5946 usque

2074 5969 2142 6025 ad
2183 5969 2468 6043 septimum
2504 5969 2688 6038 diem,
2718 5984 2824 6038 quo
2854 5968 3068 6040 requies
3109 5967 3207 6024 fuit
3243 5968 3312 6026 ab
3355 5968 3633 6042 operibus;
