4112 6568
477 526 587 592 955

1795 513 2235 575 JUSTINIANI
2285 511 2437 595 me.

3641 510 3755 571 956

2400 593 2445 615 ..φ
3320 590 3325 619 ί

488 633 685 711 ἀθρόωςέ
703 628 1031 699 ἆναδιῗόμενα
1063 644 1131 700 τῷ
1151 634 1311 688 πάντα
1328 630 1526 704 δυνατῷ
1539 631 1660 702 [pro
1680 621 2060 697 πκντοδυνάμντλ]

2165 624 2355 690 quibus
2382 625 2768 699 dispertrunlur
2794 644 2855 681 ea
2898 644 3016 698 qum
3047 630 3197 695 ﬁunt,
3245 632 3493 686 ineffabili
3524 633 3736 691 ratione

486 719 708 803 λόγῳ.οὗ
719 727 801 778 καί
815 726 872 780 τό
884 734 1063 783 νοῆσαι
1078 727 1241 795 μόνον,
1255 730 1340 780 καὶ
1354 730 1526 790 ι’πείν,
1542 726 1691 802 ἔργον
1706 726 1814 780 ἔστί
1825 725 2072 797 παριστά-

489 835 648 888 μενον.
670 817 728 868 Εἰ
746 813 799 868 δὲ
820 815 1108 877 τελευταῖος
1137 815 1162 871 ὁ
1192 813 1453 892 ἄνθρωπος
1474 815 1767 888 ἀνεδείχθη,
1799 817 1881 868 καί
1909 820 2071 868 ταῦτα

490 907 634 978 χειρί
654 910 778 960 Θεοῦ
801 908 884 959 καί
909 907 1053 961 εἰκόνι
1079 910 1428 978 τετιμημένος,
1452 908 1737 978 θαυμαστόν
1766 905 1905 961 ούδίν
1922 924 1934 937 ⁸
1969 905 2071 959 ἔδει

489 991 588 1063 γάρ
615 992 791 1064 ὥσπερ
816 993 1022 1059 βασιλεῖ
1034 1002 1423 1069 προϋποστῆναι
1442 1000 1507 1052 τὰ
1526 997 1777 1070 βασίλεια,
1800 998 1882 1050 καί
1910 995 2070 1055 οὕτως

491 1081 797 1149 εἰσαχθῆναι
820 1084 903 1136 τόν
930 1084 1140 1157 βασιλέα
1159 1128 1173 1148 ,
1220 1090 1380 1140 πᾶσιν
1416 1085 1511 1144 ἤδη
1541 1084 1988 1161 δορυφορούμενον.
2018 1088 2072 1139 Ei

491 1172 659 1225 τοίνυν
687 1175 811 1227 κατὰ
833 1179 921 1232 τήν
946 1182 1036 1229 τοῦ
1067 1174 1295 1247 θεολόγον
1324 1179 1596 1250 Γρηγορίου
1636 1175 1952 1230 διδασκαλίαν
1990 1197 2071 1230 τε·

493 1261 727 1317 λευταῖος
757 1261 782 1317 ὁ
814 1262 1070 1337 ἅνθρωπος
1099 1266 1398 1337 ἀνεδείχθη,
1429 1270 1508 1320 καί
1533 1275 1700 1322 ταῦτα
1741 1273 1882 1342 χειρί
1910 1275 2066 1333 Θεοῦ,

495 1353 582 1406 καί
607 1354 758 1407 εἰκόνι
786 1358 1129 1427 τετιμημένος.
1156 1363 1240 1410 καί
1268 1358 1435 1411 πάντα
1472 1358 1614 1431 παρὰ
1647 1364 1740 1411 τοῦ
1781 1364 1905 1411 Θεοῦ
1936 1361 2068 1427 αύτῷ

490 1445 891 1516 προητοιμάσθη,
923 1450 1007 1500 καί
1035 1448 1209 1523 ὥσπερ
1239 1449 1443 1517 βασιλεῖ
1477 1450 1852 1524 προεῖφίσταται
1879 1452 1943 1504 τά
1972 1452 2067 1522 βαι

493 1533 679 1597 σίλεια,
702 1538 780 1588 καί
810 1534 971 1596 οὕτως
991 1538 1210 1605 εἰσήχθη
1238 1537 1379 1610 παρὰ
1398 1544 1525 1591 Θεοῦ
1549 1541 1616 1598 ὡς
1645 1538 1884 1611 βασιλεὺς
1910 1548 2068 1596 πᾶσιν

490 1625 585 1684 ἤδη
613 1626 1068 1704 δορυφορούμενος,
1099 1635 1205 1689 πῶς
1234 1628 1463 1698 λέγουσιν
1489 1630 1536 1682 οί
1557 1632 1689 1684 κατὰ
1712 1631 1798 1686 τόν
1816 1634 2070 1704 Ὠριγένην

493 1722 945 1788 παραφρονοῦντες,
973 1713 1049 1770 ὅτι
1070 1725 1236 1791 «po-'31:
1248 1718 1514 1790 ἁρχουσαι
1540 1721 1591 1773 αἱ
1617 1719 1793 1790 ψυχαὶ
1813 1719 1878 1775 δι’
1902 1721 2069 1794 ἆμαρσ

487 1806 602 1863 τίσις
630 1805 678 1856 ἐν
704 1808 907 1873 σώμασι
946 1808 1397 1876 καταπέμπονται,
1442 1809 1720 1881 όφείλουσαι
1761 1810 1900 1869 δίκας
1939 1814 2066 1866 ύπέ-

490 1917 605 1966 χειν
629 1903 728 1951 τῶν
750 1900 924 1970 πρώην
948 1900 1419 1970 ἡμαρτημένων;τό
1438 1899 1649 1972 ἔμπαλιν
1672 1904 1769 1977 γάρ
1790 1902 1815 1957 ό
1838 1905 1883 1956 ἐν
1907 1905 2069 1973 ἁ,ίο·ς

2171 711 2446 780 disposita,
2465 730 2563 767 nec
2581 715 2860 770 confertim
2882 719 3022 772 edita
3045 735 3074 772 a
3101 719 3276 775 Verbo
3297 736 3472 776 rerum
3493 724 3734 778 omnium

2173 811 2390 871 potente
2416 822 2427 858 :
2461 805 2613 872 cujus
2641 813 2695 860 et
2722 809 2977 876 cogitare,
3010 819 3065 864 et
3092 811 3269 867 dicere
3294 827 3408 867 rem
3457 813 3626 883 ipsam
3650 826 3731 871 est

2169 900 2440 960 praestare.
2486 892 2639 960 Quod
2685 897 2727 950 si
2759 906 3059 965 postremus
3105 901 3268 955 homo
3295 901 3599 970 designatus
3629 913 3733 971 est,

2170 980 2330 1048 idque
2350 996 2509 1036 manu
2534 984 2647 1048 Dei,
2674 996 2727 1039 et
2751 987 2977 1055 imagine
2999 990 3291 1055 honoratus
3316 1009 3330 1044 :
3364 992 3490 1046 nihil
3512 995 3732 1053 mirum:

2170 1069 2218 1123 ei
2247 1070 2388 1123 enim
2418 1079 2669 1142 tanquam
2699 1076 2811 1146 regi
2856 1079 3094 1146 oportuit
3136 1080 3283 1147 prius
3327 1082 3527 1149 regiam
3557 1083 3732 1136 aulam

2169 1160 2482 1229 subsistere,
2536 1179 2599 1218 ac
2644 1166 2839 1221 deinde
2879 1183 3061 1238 regem
3090 1169 3290 1237 induci,
3345 1174 3584 1227 omnium
3619 1173 3733 1243 jam

2168 1248 2321 1317 quasi
2348 1250 2599 1305 satellitio
2624 1254 2878 1322 stipatum
2907 1272 2973 1312 ac
2990 1259 3273 1311 munitum.
3304 1277 3323 1310 ι
3354 1259 3738 1327 Quamobrem,

2168 1338 2212 1392 si
2242 1353 2308 1393 ex
2351 1339 2593 1407 Gregorii
2623 1342 2880 1412 Theologi
2907 1346 3169 1412 doctrina,
3214 1348 3433 1405 ultimus
3458 1353 3620 1407 homo
3647 1362 3733 1407 est

2168 1429 2502 1498 designatus,
2536 1433 2694 1502 idque
2722 1434 2814 1488 Dei
2842 1452 3003 1491 manu
3028 1479 3044 1506 ,
3079 1446 3134 1493 et
3159 1438 3389 1510 imagine
3424 1444 3733 1508 honoratus.

2168 1535 2232 1575 ac
2257 1523 2439 1577 omnia
2464 1539 2495 1577 a
2520 1524 2631 1579 Deo
2659 1525 2731 1579 illi
2760 1538 3056 1595 prarparata
3097 1539 3256 1597 sunt,
3303 1533 3459 1602 eique
3488 1543 3733 1603 tanquam
3764 1596 3781 1605 _

2168 1612 2280 1680 regi
2310 1613 2459 1682 prius
2484 1614 2711 1669 subsunt;
2736 1616 2933 1684 palatia
2955 1657 2971 1679 .
3001 1618 3185 1688 sicque
3212 1634 3243 1674 a
3270 1620 3381 1677 Deo
3408 1622 3739 1679 introductus

2169 1711 2268 1765 est,
2297 1703 2534 1756 omnium
2551 1705 2661 1772 jam
2683 1706 2909 1773 stipatus
2928 1707 3184 1778 obsequio
3208 1726 3222 1762 :
3243 1711 3512 1780 quomodo
3530 1712 3734 1781 dicunt,

2074 1803 2087 1818 '
2169 1794 2261 1862 qui
2282 1794 2435 1861 juxta
2460 1794 2742 1863 Origenem
2768 1796 3053 1865 desipiunt,
3084 1800 3482 1868 praeexistentes
3508 1803 3735 1871 animas,

2170 1898 2636 1957 propterpeccata
2667 1891 2721 1944 in
2750 1907 2976 1961 corpora
3005 1893 3241 1962 demitti,
3278 1897 3423 1964 prius
3450 1901 3736 1956 commissa

490 1984 780 2060 Γρηγόριος,
812 1990 894 2040 καί
916 1985 1129 2061 ὕστερον
1156 1988 1358 2042 πάντων
1382 1990 1516 2063 λέγει
1541 1995 1627 2046 τὸν
1652 1989 1902 2070 ἄνθρωπον
1929 2016 2060 2066 γεγε-

2171 1980 2428 2034 luituras?
2473 1979 2670 2036 Contra
2709 1984 2849 2037 enim
2888 1993 3102 2040 sanctus
3135 1985 3423 2054 Gregorius
3451 1997 3507 2043 et
3530 1999 3740 2059 postre-

487 2076 692 2138 νῆσθαι,
725 2079 808 2130 καί
832 2080 1092 2147 τιμηθῆναι
1119 2079 1219 2133 ύπὸ
1250 2088 1372 2134 Θεοῦ
1390 2124 1404 2145 ,
1438 2087 1515 2136 κα³
1552 2084 1838 2153 βασιλεύει)
1863 2095 1961 2141 τῶν
1990 2089 2069 2142 ἐπί

487 2176 583 2238 γῆς
620 2169 835 2222 πάντων.
863 2167 1025 2244 ὀπερ
1049 2167 1298 2247 τιμωρίας
1323 2175 1413 2242 μὲν
1454 2177 1538 2228 ούι
1563 2176 1709 2237 ἔστι.
1736 2180 1907 2241 πάσης
1937 2180 1990 2235 δὲ
2011 2183 2069 2237 τό

491 2256 708 2310 ίναντίον
752 2262 989 2328 προνοίας
1051 2265 1137 2314 καὶ
1208 2264 1494 2338 εὐεργεσίας
1546 2265 1756 2332 ἔνδειξις
1813 2271 2063 2345 ὑπάρχει.

490 2346 730 2418 Σύμφωνα
759 2345 812 2400 δί
847 2357 956 2407 τοῖς
979 2357 1065 2403 τοῦ
1096 2350 1324 2420 θεολόγον
1349 2358 1637 2431 Γρηγορίου,
1667 2360 1752 2410 καί
1781 2358 1805 2412 ό
1838 2361 1883 2412 ἐν
1907 2360 2062 2430 ἁγίοις

494 2430 721 2495 Ἰωάννης
768 2436 1391 2501 όκωνσταντινουπόλεως
1434 2451 1767 2520 πατριάρχης
1819 2453 1950 2520 ἐμᾶς
1993 2449 2067 2505 δι-

485 2522 668 2579 δάσκει
697 2527 744 2579 ἔν
765 2535 835 2596 τῷ
859 2526 1105 2602 ἑνδεκάτῳ
1125 2529 1253 2602 λόγῳ
1280 2540 1350 2604 τῷ
1375 2536 1443 2593 εἰς
1472 2540 1561 2593 τὴν
1590 2540 1774 2601 κτίσιν,
1802 2539 1956 2610 λέγων
1980 2543 2065 2595 οὗ·

487 2628 612 2675 τως-⁸
636 2616 788 2671 «Ἀλλ’
813 2616 937 2678 ἴσως
964 2617 1092 2672 εῗποι
1112 2641 1189 2680 τις
1211 2619 1456 2686 ἅν,-Καί
1476 2629 1608 2684 τίνος
1633 2626 1794 2681 ἕνεκεν
1819 2633 1863 2683 εἰ
1885 2635 2063 2701 τιμιώ-

485 2725 628 2781 τερον
656 2709 687 2766 ἡ
717 2708 869 2779 ψυχὴ
898 2717 990 2765 τοῦ
1013 2713 1266 2781 σώματος,
1296 2714 1353 2767 τό
1378 2712 1585 2770 ἔλαττον
1607 2726 1806 2792 πρῶτον
1830 2719 2065 2798 δημιουρ-

487 2803 666 2867 γεῖται,
701 2802 785 2852 καί
808 2801 923 2854 τότε
961 2803 1019 2855 τὸ
1049 2807 1239 2867 μεῖζον,
1273 2807 1352 2856 καί
1376 2807 1659 2878 ύπερέχονς
1687 2837 1756 2846 -
1780 2812 1892 2881 Οὐχ
1922 2812 2062 2886 ὁρᾷς,

488 2887 735 2957 ἂγαπητί.
756 2886 833 2944 ὅτι
861 2892 948 2943 καί
968 2891 1048 2945 ἐπί
1069 2898 1159 2951 τῆς
1186 2897 1399 2953 κτίσεως
1426 2895 1483 2947 τό
1507 2897 1633 2951 αὐτὸ
1662 2906 1812 2953 τοῦτο
1836 2904 2061 2973 γέγονενς

489 2976 665 3049 ὥσπερ
690 2975 788 3051 γάρ
813 2978 838 3033 ό
867 2981 1089 3057 οὐρανός,
1115 2985 1197 3035 καί
1221 2985 1251 3041 ἡ
1270 2991 1354 3061 γῆ,
1378 2987 1461 3038 καί
1486 2984 1510 3039 ὁ
1532 2987 1684 3052 ἥλιος,
1708 2991 1791 3044 καί
1812 2993 1842 3048 ἠ
1864 2993 2060 3061 σελήνη,

489 3071 571 3120 καί
598 3072 658 3122 τά
684 3067 806 3125 ἆὶλα
829 3074 997 3126 πάντα
1021 3072 1406 3151 ἔδημιουργήθη,
1441 3081 1522 3132 καί
1548 3084 1677 3151 μετὰ
1709 3091 1869 3139 ταῦτα
1898 3091 2063 3143 πάντα

487 3158 514 3212 ό
544 3156 802 3235 ἄνθρωπος
834 3161 860 3217 ό
896 3166 1089 3219 τούτων
1113 3167 1315 3221 πάντων
1341 3174 1432 3226 τήν
1475 3172 1647 3243 ἀρχὴν
1673 3174 1857 3244 μέλλων
1894 3179 2066 3249 ἐγχειο

486 3253 736 3321 ρίζεσθαι,
779 3255 862 3308 τίν
888 3256 1034 3309 αὐτόν
1063 3255 1123 3314 δὴ
1156 3256 1341 3328 τρόπον
1377 3263 1464 3314 καί
1491 3262 1539 3314 ἐν
1716 3273 1776 3337 τῇ
1802 3264 2065 3324 διαπλάσει

484 3348 576 3396 τοῦ
605 3343 886 3417 ἀνθρώπου,
929 3347 1172 3422 πρότερον
1200 3350 1256 3403 τό
1281 3357 1429 3421 σῶμα
1472 3352 1777 3419 πλάττεται,
1825 3362 1908 3410 καὶ
1949 3361 2061 3416 τότε

486 3432 519 3488 ἦ
543 3431 695 3501 ψυχή
728 3433 757 3489 ἠ
796 3436 1083 3511 τιμιωτέρα.
1114 3435 1205 3491 ’⁸ον
1232 3441 1332 3514 γάρ
1367 3440 1553 3514 τρόπον
1579 3444 1646 3497 τὰ
1685 3441 1841 3517 ἄλογα
1884 3452 1948 3502 τὰ
1992 3457 2064 3512 εἰς

487 3522 775 3593 ὑπηρεσίαν
811 3523 1047 3592 μέλλοντα
1083 3523 1209 3582 εἶναι
1252 3534 1487 3606 χρήσιμα
1533 3535 1632 3606 πρὸ
1670 3543 1759 3589 τοῦ
1799 3541 2062 3614 ἀνθρώπου

484 3606 859 3687 δημιουργεῖται
876 3652 890 3673 ,
917 3614 1000 3668 ἶνα
1026 3617 1225 3686 ἑτοίμην
1264 3617 1367 3692 ἔχῃ
1395 3625 1482 3680 τήν
1510 3622 1790 3696 ὑπηρεσίαν
1825 3626 1851 3681 ό
1878 3630 2063 3699 μέλλων

483 3710 576 3761 τῆς
600 3703 791 3756 τούτων
818 3706 1003 3775 χρείας
1030 3708 1317 3775 ἀπολαύειν,
1342 3710 1474 3766 οὕτω
1500 3716 1578 3767 καὶ
1600 3715 1657 3769 τὸ
1682 3723 1830 3785 σῶμα
1852 3721 1952 3794 πρὸ
1973 3731 2064 3783 τῆς

483 3790 663 3861 ψυχῆς
701 3790 1115 3869 δημιουργεῖται,
1149 3800 1229 3853 ἵνα
1266 3800 1464 3856 ἐπειδὰν
1489 3805 1618 3857 κατᾶ
1652 3811 1740 3865 τὴν
1778 3808 2062 3882 ἀπόρῥητον

482 3884 638 3936 αύτοῦ
668 3888 842 3957 σοφίαν
876 3888 908 3945 ἡ
935 3886 1085 3958 ψυχή
1115 3892 1385 3965 παραχθῇ,
1418 3890 1534 3963 ἔχει
1575 3897 1667 3955 τὰς
1703 3899 1889 3959 οἰκείας
1925 3901 2061 3976 ἔνερο

479 3974 621 4043 γείας
648 3972 1018 4031 ἐπιδείκνυσθαι
1044 3976 1126 4032 διὰ
1146 3987 1236 4039 τῆς
1264 3986 1353 4033 τοῦ
1382 3984 1619 4055 σώματος
1642 3990 1932 4048 κινήσεως.»
1963 3972 2063 4047 Kal

481 4067 651 4117 ταῦτα
805 4062 922 4119 ὅσον
953 4066 1199 4132 ἐπιδεῖξαι
1227 4077 1334 4129 τοῖς
1365 4072 1700 4142 ἀκροωμένοις
1727 4074 1803 4130 ὄτι
1830 4080 1893 4132 τά
1933 4082 2063 4136 αύτὰ

479 4156 594 4209 τοῖς
620 4150 777 4223 ἁγίοις
805 4158 1033 4229 πατράσι
1062 4159 1359 4230 φθεγγόμεθα
1376 4202 1389 4220 .
1429 4171 1697 4234 πανταχοῦ
1723 4172 1813 4225 τήν
1835 4177 1935 4224 τῶν
1959 4171 2057 4241 ψυ-

482 4247 595 4310 χῶν
624 4245 938 4321 προύπαρξιν
961 4249 1243 4324 ἀναιροῦσι⁴
1280 4252 1423 4304 πάλιν
1449 4252 1503 4307 δί
1527 4263 1617 4314 τῆς
1645 4255 1790 4326 ἁγίας
1815 4259 2062 4330 λεγούσης

477 4343 669 4407 γραφῆς
698 4338 815 4412 περί
836 4344 922 4391 τοῦ
951 4336 1128 4409 ’Δδάμ,
1149 4345 1232 4395 καί
1259 4350 1349 4402 τῆς
1374 4341 1524 4405 Εὕας⁸
1549 4346 1855 4419 (Εύλόγησεν
1878 4353 2062 4413 αὐτούς

421 4494 426 4500 1
477 4422 505 4478 ὃ
535 4427 657 4484 Θιός
674 4464 688 4483 ,
712 4428 793 4479 καί
818 4422 974 4494 εἶπεν,
998 4459 1061 4468 —-
1081 4431 1348 4495 Δύξάνεσθε
1389 4437 1474 4488 καί
1500 4436 1801 4495 πληθύνεσθε
1829 4445 1911 4495 καί
1931 4444 2060 4503 πλη-

478 4515 677 4586 ρώσατε
696 4521 784 4574 την
808 4525 913 4591 γῆν.
934 4522 1019 4573 καί
1045 4525 1483 4597 κατακυριεύσατε
1509 4520 1866 4590 αὐτῆς”-πῶς
1893 4528 1995 4606 ἆρα
2017 4537 2062 4588 εί

475 4615 824 4683 προ’)πή’ρχον
852 4611 905 4665 αί
946 4610 1120 4682 ψυχαί
1160 4622 1258 4669 τῶν
1286 4619 1533 4686 σωμάτων
1550 4657 1566 4682 ,
1612 4616 1783 4689 ἔμελλε
1811 4626 1940 4678 κατὰ
1967 4630 2056 4685 τήν

475 4700 611 4753 θείαν
632 4701 914 4772 πρόσταξιν
950 4705 1241 4766 αὐξάνεσθαι
1268 4707 1328 4760 τὰ
1355 4706 1760 4781 προϋπάρχοντα
1782 4715 1908 4766 κατά
1935 4719 2054 4777 τούς

475 4788 671 4843 ἐκείνων
710 4792 928 4861 μύθουςς
972 4795 1054 4846 καί
1092 4802 1200 4853 πῶς
1240 4790 1383 4865 εἶχεν
1425 4795 1450 4849 ὁ
1494 4798 1615 4855 Θεὸς
1655 4797 1923 4868 εύλογῆσκι
1961 4802 2054 4859 τὰς

474 4879 659 4951 ψυχὰς
689 4888 807 4942 ταῖς
845 4882 1117 4957 ἁμαρτίαις
1144 4884 1238 4944 ἤδη
1272 4887 1639 4947 ύποπεσούσας
1665 4890 1734 4949 εἰς
1755 4889 1810 4944 τό
1837 4892 2051 4953 αὶξηθῆ-

473 4970 557 5024 ναί
574 4990 650 5035 τε,
678 4974 760 5024 καί
784 4972 1147 5036 π).ηθυνθῆναι;
1181 4975 1545 5049 ἁμαρτήσασαι
1564 4979 1661 5051 γάρ
1689 4979 1741 5031 αί
1767 4977 1938 5050 ψυχαί
1965 5003 2054 5035 κα·

482 5061 645 5133 τάρας
685 5061 870 5130 μᾶλλον
921 5060 1049 5135 ἥπερ
1103 5064 1326 5136 εὐλογίας
1378 5064 1656 5138 ἐτύγχανον
1697 5064 1850 5131 ἄξιαι.
1902 5075 1958 5124 Εἰ
1998 5070 2052 5126 δέ

400 5152 407 5155 ἡ
473 5157 813 5226 προϋπῆρχον
835 5150 886 5203 αί
910 5150 1087 5221 ψυχαί
1129 5156 1179 5208 ἔν
1208 5155 1355 5228 ἑτέρᾳ
1382 5156 1517 5218 τάξει
1542 5157 1886 5227 ὑπάρχουσαι
1928 5160 2054 5214 κατά

471 5240 588 5299 τούς
616 5240 900 5313 Ὠριγίνους
938 5244 1156 5312 μύθους,
1187 5242 1270 5300 διὰ
1307 5250 1358 5301 τί
1400 5247 1545 5318 μόνον
1571 5246 1726 5322 Ἀδὰμ
1771 5248 1985 5305 ε”πλασεν
2026 5253 2051 5307 ό

471 5329 623 5392 Θεόςς
656 5323 755 5405 ἆρα
778 5332 924 5400 μόνον
944 5335 973 5391 η
998 5335 1147 5405 ψυχή
1168 5343 1255 5390 τοῦ
1279 5334 1435 5406 ’Δδάμ
1455 5336 1566 5393 τότε
1590 5336 1648 5398 ἦν
1672 5339 2044 5415 ἁμαρτήσασα;

471 5422 555 5472 καί
583 5414 667 5475 διὰ
695 5426 847 5476 τοῦτο
877 5418 927 5475 ἓν
953 5431 1101 5494 σῶμα
1122 5422 1338 5479 ἔπλασεν
1362 5426 1386 5481 ό
1413 5427 1563 5490 Θεόςς
1595 5431 1640 5481 εί
1673 5431 1771 5504 γάρ
1801 5427 1928 5489 ἦσαν
1949 5433 2049 5506 πρό

470 5511 656 5565 τούτου
707 5514 792 5566 καί
837 5508 976 5567 ἄλλαι
1005 5515 1211 5585 ψυχαί.
1261 5514 1319 5571 εδ
1347 5541 1363 5572 ι
1406 5520 1488 5571 καί
1524 5515 1644 5572 ἄλλα
1681 5523 1894 5591 σώματα
1937 5521 2045 5588 ἅμα

469 5598 753 5659 πλασθῆναι
777 5602 1133 5675 ύποδεχὸμενα
1161 5610 1254 5668 τὰς
1283 5608 1486 5678 ψυχάς.
1518 5615 1623 5668 Πῶς
1661 5608 1714 5664 δέ
1742 5612 1772 5668 ἡ
1811 5610 2043 5683 ἁμαρτή-

469 5712 613 5747 σασα
638 5696 764 5747 κατά
783 5698 903 5754 τοὺς
929 5697 1090 5750 αὐτῶν
1118 5697 1295 5769 λόγους
1321 5699 1472 5771 ψυχὴ
1494 5703 1574 5755 καί
1599 5699 1681 5756 διὰ
1701 5705 1946 5776 τιμωρίαν
1974 5706 2044 5764 εἷς

470 5788 621 5836 “me:
655 5783 932 5853 βληθεῖσα,
973 5788 1041 5847 είς
1086 5790 1170 5842 τόν
1198 5790 1504 5866 παράδεισον
1540 5800 1630 5851 τῆς
1673 5799 1861 5865 τρυφῆς
1900 5794 2041 5869 παρὰ

469 5876 560 5926 τοῦ
589 5878 763 5949 κυρίου
792 5876 957 5940 ἐτέθης
986 5881 1029 5931 εἰ
1050 5879 1146 5954 γάρ
1176 5879 1257 5936 διὰ
1283 5885 1526 5956 τιμωρίαν
1559 5885 1758 5953 σώματι
1786 5882 2041 5947 ἐνεϐλήθη,

468 5964 557 6019 οὐ).
583 5964 631 6020 ἂν
655 5966 943 6045 παραδείσω
971 5976 1058 6032 7:3;
1086 5982 1275 6039 τρυφῆς
1296 6014 1310 6041 ,
1479 5975 1529 6027 ἐν
1550 5974 1805 6035 κολάσεως
1836 5966 1892 6026 ἂν
1920 5974 2044 6029 ἁπε-

2171 2084 2315 2123 mum
2346 2070 2583 2124 omnium
2626 2072 2895 2127 hominem
2933 2073 3130 2130 factum
3160 2089 3281 2130 esse
3309 2076 3458 2142 dicit,
3489 2086 3543 2133 ct
3566 2094 3596 2132 a
3623 2079 3739 2135 Deo

2171 2158 2514 2225 honoratum,
2547 2169 2604 2215 et
2631 2161 2693 2215 iis
2726 2162 2971 2216 omnibus
2997 2178 3114 2232 quze
3142 2164 3195 2218 in
3238 2173 3377 2219 terra
3413 2176 3538 2221 sunt
3563 2168 3740 2222 domi-

2171 2249 2286 2301 nari
2315 2267 2328 2300 :
2358 2250 2500 2317 quod
2539 2265 2670 2305 sane
2696 2266 2869 2320 paena:
2906 2268 3012 2306 non
3042 2261 3142 2319 est,
3173 2254 3266 2309 sed
3296 2257 3577 2324 singularis
3603 2257 3739 2312 Pro-

2170 2342 2414 2396 videntis;
2459 2357 2523 2397 ac
2570 2344 2813 2398 beneﬁcii
2866 2345 3202 2412 signiﬁcatio.
3255 2347 3528 2416 Theologo
3575 2366 3738 2419 porro

2166 2429 2425 2496 Gregorio
2462 2433 2726 2487 consentit
2753 2434 2923 2488 sancti
2956 2433 3176 2490 Joannis
3203 2437 3737 2508 Constantinopoleos

2165 2519 2482 2585 patriarcha:
2517 2520 2761 2575 doctrina
2801 2523 2851 2576 iu
2892 2525 3172 2580 undecimo
3200 2540 3447 2581 sermone
3484 2528 3552 2581 de
3579 2543 3735 2583 crea-

2165 2606 2327 2670 tione,
2359 2609 2435 2662 sic
2460 2610 2601 2663 enim
2630 2610 2755 2665 dicit
2785 2610 2965 2683 (Hom.
3000 2614 3065 2667 15
3096 2617 3150 2668 in
3178 2614 3389 2685 Cenes.)
3425 2636 3438 2669 :
3474 2637 3493 2669 ι
3531 2620 3600 2674 At
3629 2620 3734 2675 for-

2165 2700 2305 2750 tasse
2332 2698 2474 2751 dicat
2498 2698 2689 2765 aliquis
2720 2717 2733 2751 :
2764 2699 2892 2764 Cur,
2916 2702 2961 2756 si
2987 2703 3161 2757 anima
3192 2706 3477 2773 pretiosior
3502 2716 3586 2761 est
3609 2723 3729 2762 cor-

2165 2809 2326 2863 pore,
2359 2796 2502 2865 quod
2552 2796 2772 2853 inferius
2816 2808 2899 2854 est
2940 2802 3089 2870 prius
3136 2802 3221 2865 tit,
3259 2819 3322 2857 ac
3349 2802 3560 2859 demum
3590 2807 3732 2873 quod

2164 2887 2335 2955 majus
2360 2895 2443 2942 est
2469 2903 2532 2942 ac
2573 2889 2837 2945 nobilius?
2874 2891 3065 2946 Annon
3092 2893 3269 2961 vides,
3297 2893 3506 2959 dilecte,
3539 2897 3589 2949 in
3620 2896 3732 2964 ipsa

2163 2978 2435 3033 creatione
2450 2978 2585 3032 idem
2606 2979 2709 3036 hoc
2732 2979 2928 3036 factum
2952 2983 3104 3037 esse?
3129 2982 3568 3053 quemadmodum
3591 2983 3731 3040 enim

2164 3070 2388 3136 coelum,
2428 3082 2483 3126 et
2512 3083 2683 3140 terra,
2713 3082 2767 3128 et
2792 3075 2903 3142 soi,
2945 3083 3000 3130 et
3029 3074 3184 3142 luna,
3226 3087 3522 3147 ceteraque
3551 3081 3730 3134 omnia

2166 3158 2417 3215 fabricata
2444 3170 2598 3228 sunt,
2628 3179 2691 3218 ac
2719 3173 3044 3233 postremum
3071 3164 3262 3233 homo,
3293 3165 3375 3220 cui
3401 3181 3584 3220 eorum
3610 3181 3731 3221 om-

2166 3249 2310 3303 nium
2357 3251 2634 3320 imperium
2673 3252 3028 3307 mandandum
3078 3253 3250 3308 fuerat
3280 3273 3294 3307 :
3321 3254 3474 3310 sicin
3502 3254 3733 3326 plasma-

2091 3323 2135 3384 C
2168 3337 2311 3393 tione
2338 3340 2586 3406 hominis,
2611 3343 2838 3411 primum
2869 3342 3128 3397 formatur
3151 3340 3363 3413 corpus,
3393 3353 3499 3398 tum
3531 3346 3729 3411 anima,

2165 3440 2283 3494 quae
2307 3427 2671 3483 honorabilior
2696 3438 2795 3484 est.
2824 3429 2955 3484 Nam
2983 3439 3040 3485 ut
3068 3433 3305 3501 expertia
3343 3434 3584 3497 rationis,
3612 3449 3731 3504 qua

2163 3515 2229 3569 ad
2258 3517 2537 3572 utilitatem
2572 3526 2626 3573 et
2660 3520 2973 3591 obsequium
3013 3522 3368 3593 parabantur,
3409 3532 3534 3579 ante
3559 3524 3730 3579 homi-

2162 3621 2283 3661 nem
2313 3610 2589 3673 exstitere.
2620 3618 2679 3665 ut
2707 3621 2892 3681 parata
2922 3614 3215 3667 ministeria
3246 3613 3489 3678 haberet.
3519 3618 3610 3685 qui
3637 3633 3731 3672 eo-

2160 3712 2276 3750 rum
2306 3699 2600 3754 commodis
2628 3697 2727 3754 t’rui
2758 3701 2988 3757 debebat
3020 3719 3033 3755 :
3067 3703 3138 3757 ita
3168 3710 3223 3757 et
3246 3718 3439 3774 corpus
3466 3714 3591 3760 ante
3618 3709 3731 3761 ani-

2161 3804 2301 3842 mam
2353 3789 2662 3844 fabricatum
2713 3799 2835 3857 est,
2885 3799 2943 3846 ut
2989 3807 3109 3848 cum
3148 3791 3298 3862 juxta
3338 3794 3599 3848 occultam
3640 3796 3731 3850 Dei

2161 3879 2480 3948 sapientiam
2509 3882 2687 3936 anima
2718 3882 3072 3948 induceretur,
3102 3873 3521 3951 propria'ollicia
3552 3898 3732 3953 posset

2161 3976 2311 4021 motu
2339 3970 2578 4039 corporis
2606 3973 2844 4040 exsequi.
2884 3988 2903 4022 ι
2958 3970 3130 4039 Atque
3156 3971 3268 4026 haec
3294 3972 3424 4027 satis
3450 3972 3517 4026 ad
3545 3982 3728 4027 osten-

2160 4057 2390 4113 dendum
2418 4061 2751 4116 audientibus
2774 4103 2789 4129 ,
2837 4077 2936 4116 nos
2963 4061 3158 4131 ubique
3201 4063 3387 4118 eadem
3431 4066 3630 4119 sentire
3666 4081 3730 4121 ac

2160 4156 2339 4213 dicere
2385 4174 2502 4227 quae
2547 4159 2734 4215 Patres
2759 4203 2774 4228 ,
2819 4161 2908 4229 qui
2947 4160 3242 4215 animarum
3282 4163 3729 4229 prreexistentiam

2163 4248 2375 4302 tollunt.
2421 4248 2682 4305 Pnnterea
2710 4294 2725 4319 ,
2765 4266 2886 4306 cum
2925 4242 3417 4320 sancta'Scriptura
3456 4251 3524 4306 de
3560 4251 3728 4307 Adam

2160 4348 2321 4408 atque
2353 4337 2461 4393 Eva
2491 4340 2633 4395 dicat
2663 4361 2676 4395 :
2710 4342 2976 4395 Beuedr‘xit
3007 4359 3093 4395 eos
3134 4340 3288 4406 Deus,
3321 4351 3371 4396 et
3397 4342 3576 4397 dixit:
3607 4342 3729 4397 Cre-

2160 4432 2301 4495 scite,
2332 4439 2382 4483 et
2408 4432 2837 4502 multiplicamini,
2867 4442 2917 4486 et
2946 4434 3135 4503 replete
3173 4442 3384 4502 terram,
3410 4442 3460 4487 et
3487 4434 3725 4488 domina-

2159 4521 2286 4574 mini
2313 4522 2360 4575 ei
2409 4521 2558 4591 (Gen.
2591 4522 2630 4591 ι)
2676 4524 3027 4591 :quomodo,
3076 4525 3119 4578 si
3167 4526 3356 4580 animm
3401 4526 3727 4596 antiquiores

2160 4609 2306 4665 fuere
2331 4612 2661 4681 corporibus,
2688 4613 2917 4667 futurum
2950 4613 3061 4677 fuit,
3091 4623 3148 4669 ut
3177 4617 3463 4671 secundum
3492 4617 3726 4672 divinum

2160 4702 2438 4770 imperium
2477 4711 2780 4759 crescerent
2813 4719 2875 4758 ac
2905 4705 3400 4774 multiplicareutur,
3434 4721 3551 4775 qua:
3579 4715 3722 4769 ante,

2152 4793 2305 4862 juxta
2351 4810 2536 4850 eorum
2588 4794 2791 4851 fabulas
2838 4797 3029 4850 erant?
3080 4804 3133 4851 et
3180 4797 3447 4866 quomodo
3498 4797 3724 4852 habebat

2157 4884 2298 4939 Deus
2339 4884 2658 4941 benedicere
2700 4888 2905 4940 animas
2938 4886 3045 4953 jam
3085 4885 3137 4939 in
3169 4895 3384 4955 peccata
3423 4886 3624 4955 lapsas,
3658 4886 3723 4940 ad

2155 4975 2498 5030 crescendum
2525 4984 2580 5029 et
2605 4975 3098 5045 multiplicaudum?
3126 4976 3329 5030 Anima:
3358 4977 3498 5031 enim
3530 4990 3724 5045 pecca-

2151 5066 2223 5120 tis
2249 5067 2623 5121 contaminata:
2644 5108 2659 5131 ,
2704 5068 3080 5123 maledictione
3106 5069 3286 5139 potius
3314 5082 3473 5135 quam
3502 5067 3721 5121 benedi-

2154 5157 2332 5211 ctione
2358 5156 2528 5224 dignm
2553 5166 2723 5212 erant.
2772 5157 2842 5212 At
2877 5158 2920 5213 si
2961 5159 3150 5212 anima:
3192 5157 3631 5227 prmexistcbant,
3668 5165 3721 5210 et

2149 5246 2302 5316 juxta
2330 5245 2572 5315 Origenis
2615 5248 2836 5312 fabulas,
2869 5249 2922 5302 in
2953 5249 3057 5303 alio
3087 5256 3241 5302 erant
3284 5248 3507 5302 ordine:
3532 5256 3719 5316 quam-

2155 5337 2340 5392 obrem
2370 5338 2541 5393 solum
2571 5338 2734 5392 Adam
2761 5340 3045 5409 plasmavit
3072 5339 3245 5393 Deus?
3291 5354 3357 5393 an
3397 5354 3522 5395 vero
3552 5337 3719 5391 Adam

2149 5428 2322 5482 anima
2357 5436 2465 5482 tum
2497 5430 2608 5484 sola
2637 5437 2903 5499 peccarat,
2931 5446 2994 5485 ac
3023 5436 3305 5499 propterea
3335 5444 3495 5483 unum
3524 5442 3721 5495 corpus

2148 5533 2177 5571 a
2200 5517 2311 5573 Deo
2335 5518 2685 5573 fabricatum?
2712 5519 2765 5573 Si
2792 5522 2932 5574 enim
2960 5532 3111 5574 antea
3136 5520 3250 5572 alia:
3272 5520 3459 5572 animae
3485 5519 3718 5587 fuerunt,

2147 5609 2249 5661 alia
2278 5624 2500 5677 corpora
2528 5607 2681 5663 simul
2707 5609 2947 5663 fabricari
2971 5614 3228 5680 Oportuil,
3252 5624 3368 5678 qum
3390 5608 3720 5676 susciperent

2146 5698 2371 5752 animas.
2420 5696 2484 5751 Et
2511 5699 2781 5767 quomodo
2829 5700 3113 5769 peccatrix,
3148 5708 3203 5754 ut
3231 5714 3417 5752 eorum
3447 5706 3528 5751 est
3556 5698 3717 5767 ratio,

2146 5790 2321 5843 anima
2350 5791 2591 5859 supplicii
2622 5806 2780 5847 causa
2803 5792 2852 5846 in
2875 5807 3068 5860 corpus
3094 5791 3353 5859 cunjccta,
3387 5791 3437 5845 iu
3467 5790 3715 5860 paradiso

2145 5878 2457 5935 deliciarum
2488 5898 2519 5936 a
2549 5883 2661 5936 Deo
2705 5883 2877 5952 posita
2907 5882 3035 5938 est?
3087 5882 3214 5936 Nam
3244 5883 3287 5936 si
3319 5890 3373 5936 ut
3404 5896 3588 5951 poenas
3614 5881 3711 5935 de-

2150 5969 2411 6042 pcudcrct
2439 5972 2490 6027 in
2522 5988 2719 6044 corpus
2748 5980 2894 6030 esset
2921 5973 3103 6041 missa,
3132 5989 3236 6028 non
3265 5974 3319 6027 in
3346 5973 3438 6029 illo
3454 5971 3707 6044 paradiso
