4112 6538
392 496 497 561 95Ἱ

1459 501 1692 560 LIBER
1728 501 2127 563 ADVERSUS
2164 504 2585 567 ORIGENEM.

3506 526 3610 588 958

395 618 549 667 τιθετο
584 614 725 683 τόπῳ
748 628 762 643 ⁸
798 620 1036 669 τοσοῦτον
1071 613 1125 669 δέ
1156 614 1183 668 ὁ
1223 616 1347 675 Θεὸς
1381 617 1613 685 ἠγάπησε
1643 617 1728 668 τόν
1769 613 1959 688 ἄνθρω-

2059 613 2146 663 seei
2178 613 2228 664 in
2260 618 2501 683 supplicii
2550 620 2668 672 loco
2713 625 3084 681 collocaretur.
3128 624 3429 691 Tattopcre
3477 637 3604 677 vero

389 724 501 767 πον,
527 700 578 757 ὃν
607 705 737 773 μετά
767 708 937 758 πάντα
964 706 1033 758 τὰ
1054 702 1474 775 δημιουργήματα
1507 704 1752 766 ἔπλασεν,
1781 704 1859 759 ὄτι
1882 708 1963 758 καί

386 789 516 850 μετὰ
546 789 603 837 τὸ
631 790 920 859 παραϐῆναι
946 788 1099 841 αὐτὸν
1141 796 1229 847 τήν
1260 788 1485 844 δοθεῖσαν
1521 792 1661 859 αὐτῷ
1699 793 1841 861 παρὰ
1870 797 1961 843 τοῦ

387 880 511 926 Θεοῦ
540 875 756 939 έντολην,
790 881 873 929 καί
908 875 991 931 διά
1016 885 1168 933 τοῦτο
1192 879 1479 937 ἐκϐληθῆναι
1508 886 1597 933 τοῦ
1624 882 1956 953 παραιῖεισου,

387 967 717 1036 αὐξανομένου
745 976 833 1021 τοῦ
853 971 1026 1039 γένους
1056 978 1153 1023 τᾶν
1182 971 1474 1043 ἀνθρώπων,
1491 976 1572 1024 καί
1591 972 1958 1041 πληθυνομένης

388 1065 475 1114 τῆς
498 1057 753 1129 ἁμαρτίας
778 1058 861 1113 διὰ
892 1060 948 1112 τὸ
974 1062 1222 1128 ἐγκεῖσθαι
1250 1065 1337 1118 την
1381 1060 1601 1116 διάνοιαν
1642 1070 1740 1116 τῶν
1774 1065 1961 1136 ἀνθρὼ-

388 1168 494 1199 πων
534 1148 779 1217 έπιμελῶς
816 1147 899 1202 έπὶ
924 1152 989 1203 τὰ
1020 1155 1260 1225 χείρονα,
1308 1154 1363 1204 οὐ
1406 1151 1648 1226 περιεῖδεν
1686 1153 1710 1206 ό
1740 1156 1857 1213 Θεὸς
1892 1157 1959 1213 ὡς

386 1240 569 1307 ἀγαθός
598 1241 655 1292 τό
689 1237 812 1293 ἴδιον
839 1241 1078 1310 πλάσμα,
1110 1243 1231 1295 ἀλλά
1255 1241 1504 1319 διαφόροις
1531 1245 1811 1301 ἐνουθέτησε
1842 1243 1955 1315 τρό-

386 1348 501 1387 ποις
528 1334 635 1389 τοῖς
661 1329 763 1381 ἀπὸ
798 1338 889 1389 τῆς·
916 1329 1064 1400 ἁγίας
1100 1330 1413 1403 δηλουμένοις
1442 1341 1635 1406 γραφῆς
1652 1348 1663 1359 ⁸
1710 1332 1877 1399 ἐπειδή
1904 1332 1957 1387 δέ

388 1418 468 1472 ini
496 1417 786 1489 δεινοτέροις
811 1427 917 1478 τοῖς
953 1421 1323 1496 ἁρῤωστήμασι
1364 1424 1583 1490 μείζονος
1614 1420 1845 1492 ἐδεόμεθα
1876 1425 1958 1475 καί

387 1512 476 1563 τῆς
502 1502 813 1577 (θεραπείας)
860 1508 1114 1578 ἰατρείας,
1143 1508 1290 1566 αὐτὸς
1326 1507 1350 1561 ὁ
1394 1514 1653 1577 μονογενής
1694 1516 1786 1561 τοῦ
1828 1516 1955 1562 Θεοῦ

386 1591 550 1664 λόγος,
580 1594 604 1646 ό
625 1589 715 1655 εἷς,
741 1595 979 1648 τουτέστι
996 1597 1054 1648 τό
1078 1593 1127 1647 ἓν
1154 1596 1421 1667 πρόσωπον
1441 1605 1531 1654 τῆς
1557 1596 1701 1665 ἁγίας
1728 1596 1953 1670 τριάδος,

387 1680 469 1735 διά
494 1687 583 1739 τὴν
628 1684 813 1736 ἑαυτοῦ
859 1683 1221 1753 φιλανθρωπίαν
1259 1682 1521 1757 ἄνθρωπος
1565 1690 1758 1757 γίνεται
1798 1690 1957 1755 μένων

387 1773 533 1835 Θεὸς,
567 1771 695 1843 μηδέ
736 1778 825 1830 τήν
863 1774 1024 1830 θιῐκήν
1056 1775 1216 1827 αὐτοῦ
1252 1776 1427 1828 οὐσίαν
1457 1776 1737 1835 ἀλλοιώσας
1764 1780 1838 1836 εἰς
1871 1782 1957 1834 τὴν

388 1868 696 1939 ἀνθρωπίνην
716 1909 728 1924 .
759 1866 882 1933 μηδέ
913 1873 1003 1924 τήν
1040 1869 1350 1942 ἀνθρωπίνην
1387 1870 1541 1923 αὐτοῦ
1568 1870 1737 1922 οὐσίαν
1765 1874 1839 1929 εἰς
1866 1876 1955 1929 τὴν

2055 700 2243 755 dilexit
2284 704 2557 759 hominem
2583 708 2721 763 Deus
2746 754 2759 775 ,
2803 726 2959 777 quem
2988 722 3110 783 post
3135 727 3320 769 omnes
3345 720 3613 771 creaturas

2055 792 2442 863 fabricaverat,
2474 807 2530 851 ut
2557 816 2675 853 cum
2716 802 2805 855 ille
2852 811 3208 871 transgressus
3247 813 3388 857 esset
3431 803 3615 857 datum

2054 881 2152 935 sibi
2180 895 2519 955 praeceptum,
2545 905 2607 943 ac
2633 890 2829 944 idcirco
2849 908 2879 944 e
2901 892 3146 958 paradiso
3172 903 3311 945 esset
3333 892 3614 960 expulsus:

2059 973 2339 1016 crescente
2355 966 2628 1016 hominum
2644 979 2864 1031 genere,
2879 972 2930 1016 et
2947 965 3209 1031 gliscente
3222 975 3463 1032 peccato,
3480 970 3624 1031 quod

2055 1055 2312 1121 regitatio
2338 1055 2574 1108 hominis
2606 1057 2671 1109 ad
2703 1055 2975 1109 deteriora
3012 1071 3178 1123 pravo
3202 1055 3384 1110 studio
3411 1058 3623 1111 incum-

2056 1147 2223 1207 beret,
2252 1147 2558 1216 ﬁgmentum
2583 1163 2739 1202 suum
2766 1147 2926 1209 Dens,
2953 1157 3008 1200 nt
3033 1158 3155 1215 pote
3175 1147 3372 1208 bonus.
3396 1165 3497 1201 non
3525 1164 3622 1203 ne-

2051 1238 2299 1305 glexerit,
2315 1240 2406 1292 sed
2429 1240 2612 1293 multis
2635 1240 2809 1293 modis
2826 1238 3231 1307 reprehenderit
3252 1250 3304 1292 et
3321 1240 3618 1308 castigarit,

2051 1326 2211 1379 sicuti
2234 1336 2424 1381 saneta
2451 1328 2732 1396 Scriptura
2757 1328 3052 1395 significat.
3081 1326 3374 1395 Postquam
3402 1344 3528 1381 vero
3549 1329 3620 1381 ob

2049 1417 2324 1484 graviores
2340 1418 2560 1471 morbos
2575 1422 2779 1486 majore
2795 1419 3059 1472 medicina
3075 1419 3425 1487 intligttimus,
3443 1419 3617 1487 ipsum

2052 1508 2384 1576 unigenitum
2418 1509 2506 1561 Dei
2540 1509 2795 1570 Verbum,
2825 1526 2989 1573 unus,
3014 1510 3064 1563 id
3092 1519 3195 1572 est,
3225 1527 3327 1561 una
3364 1526 3615 1578 persona,

2051 1609 2252 1653 sancta:
2282 1602 2585 1663 Trinitatis,
2620 1612 2837 1670 propter
2866 1602 3249 1669 benignitatem
3276 1617 3428 1655 suam
3451 1601 3615 1653 homo

2052 1691 2127 1755 tit,
2150 1708 2373 1747 manens
2392 1693 2550 1757 Deus,
2572 1709 2669 1746 nec
2694 1694 2876 1747 divina
2901 1709 2996 1748 sua
3019 1694 3319 1747 substantia
3343 1694 3395 1745 in
3423 1692 3617 1745 huma-

2050 1799 2171 1835 nam
2192 1798 2475 1847 conversa,
2492 1802 2588 1838 nec
2613 1788 2844 1839 humana
2869 1787 2921 1839 in
2943 1786 3180 1839 divinam
3202 1794 3425 1847 mutata;
3453 1800 3618 1839 unus-

2048 1892 2153 1942 que
2181 1888 2260 1930 est
2290 1892 2353 1931 ac
2384 1879 2522 1930 idem
2555 1880 2607 1930 in
2646 1888 2875 1947 utraque
2897 1888 3113 1941 natura,
3136 1878 3190 1931 in
3222 1879 3394 1945 iisque
3424 1877 3616 1930 incon-

386 1960 547 2014 θεῑκην
570 1958 883 2025 μεταϐαλὼν.
909 1962 999 2009 Καὶ
1030 1956 1174 2011 ἔστιν
1202 1954 1269 2016 εἷς
1298 1961 1380 2010 καί
1406 1957 1430 2010 ὁ
1460 1960 1602 2017 αὐτὸς
1626 1961 1674 2011 έν
1700 1960 1957 2033 ἑκατέραις

2059 1968 2169 2021 tusc
2191 1979 2353 2037 atque
2385 1969 2618 2023 indivise
2644 1972 3016 2038 cognoscitur.
3043 1970 3265 2023 Manens
3288 1970 3436 2022 enim
3468 1969 3611 2038 quod

388 2054 499 2105 ταῖς
539 2050 747 2118 φύσεσιν
789 2049 1108 2117 ἀσυγχύτως
1137 2045 1557 2117 καίλάδιαιρὲτως
1580 2050 1956 2121 γνωριζόμενος.

388 2138 565 2198 Μείνας
598 2140 697 2211 γάρ
728 2137 855 2214 ὅπερ
884 2137 969 2197 ἦν,
1004 2141 1200 2209 γέγονεν
1229 2138 1352 2212 ὅπερ
1373 2140 1459 2192 οὐκ
1484 2136 1562 2197 ἦν.
1598 2142 1692 2192 Καὶ
1718 2142 1800 2193 τόν
1830 2142 1958 2211 ὀφει-

388 2227 589 2297 λόμενον
614 2230 818 2283 θάνατον
844 2228 968 2300 παρ’
996 2232 1134 2298 ἡμῶν
1156 2231 1210 2281 ἐκ
1234 2238 1325 2287 τῆς
1354 2227 1435 2283 διὰ
1456 2234 1543 2287 την
1563 2230 1857 2301 παράέῗασιν
1880 2250 1963 2282 κα-

388 2323 696 2392 τακρίσεως,
723 2323 771 2373 έν
796 2329 856 2393 τῇ
884 2321 986 2393 ἰδίᾳ
1013 2324 1167 2393 σαρκί
1208 2320 1594 2390 ἀναδεξάμενος,
1628 2321 1960 2393 ἠλευθέρωσεν

388 2414 521 2477 ἡμᾶς
562 2417 653 2465 τοῦ
698 2415 896 2469 αἰωνίου
933 2414 1178 2479 θανάτου,
1209 2416 1424 2485 ἀπαρχή
1466 2421 1563 2467 τῶν
1605 2417 1960 2483 κεκοιμημένων

389 2500 646 2568 γενόμενος
664 2541 678 2560 ,
709 2503 788 2554 καί
816 2502 1130 2575 πρωτότοκος
1159 2503 1384 2560 ἀναστάς
1411 2503 1462 2554 ἐκ
1488 2511 1669 2572 νεκρῶν
1701 2508 1959 2577 συνήγειρε

389 2592 474 2642 καί
504 2591 819 2643 συνεκάθισεν
852 2593 983 2659 ἡμᾶς
1013 2594 1062 2644 έν
1092 2600 1195 2651 τοῖς
1236 2593 1580 2664 ἐπουρανίοις,
1629 2594 1785 2649 καθὼς
1829 2595 1962 2662 ἡμᾶς

391 2677 614 2735 διδάσκει
637 2684 666 2738 ἠ
694 2683 999 2740 άποστολική
1028 2683 1333 2758 παράδοσις.
1367 2687 1417 2735 Εἰ
1439 2686 1538 2757 γάρ
1567 2688 1649 2737 καὶ
1672 2691 1759 2742 την
1791 2687 1961 2757 ἀρχὴν

389 2774 419 2828 ὁ
445 2774 721 2844 ἀνθρωπίνη
756 2775 902 2843 φύσις
944 2772 1027 2827 διὰ
1057 2780 1144 2831 τήν
1170 2781 1428 2847 παρακοήν
1460 2777 1703 2849 ἐστερήθη
1741 2783 1831 2829 τοῦ
1862 2798 1963 2829 πα-

390 2862 655 2933 ραδείσου,
688 2864 792 2917 ἀλλ’
836 2864 969 2931 ὅμως
1001 2869 1069 2924 ὡς
1109 2865 1334 2939 εἴρηται,
1376 2866 1401 2919 ό
1431 2872 1699 2936 μονογενὴς
1742 2869 1850 2926 υἱός
1873 2874 1962 2920 τοῦ

390 2959 513 3006 Θεοῦ
538 2950 619 3006 διὰ
649 2960 739 3011 τήν
772 2955 953 3012 πολλήν
989 2956 1188 3026 ἀγάπην
1213 2958 1391 3020 αὐτοῦ,
1431 2958 1488 3013 ἣν
1512 2960 1771 3025 ἠγάπησεν
1799 2961 1930 3027 ημᾶς
1948 2999 1961 3021 ,

390 3048 476 3098 τήν
516 3044 765 3113 ἡμετέραν
802 3045 945 3112 φύσιν
986 3044 1176 3101 ἐνὼσας
1219 3043 1382 3107 ἐαυτῷ
1432 3042 1799 3105 ἀδιάσπαστος
1859 3047 1964 3099 καθ’

390 3130 707 3193 ὑπόστασιν,
737 3133 785 3183 έν
820 3141 880 3205 τῇ
909 3136 1077 3204 μήτρᾳ
1099 3140 1189 3191 τῆς
1222 3131 1365 3205 ἁγίνς
1392 3130 1589 3196 ἐνδόξου
1629 3137 1856 3189 θεοτόκου
1881 3138 1966 3188 καί

390 3222 717 3297 ἀειπαρθίνου
745 3225 968 3295 Μαρίας,
998 3223 1218 3292 μείζονος
1246 3225 1374 3292 ἡμᾶς
1407 3226 1585 3286 ἠξίωσε
1616 3227 1850 3299 χάριτος.
1876 3233 1964 3284 τήν

2049 2068 2184 2123 erat,
2218 2060 2416 2114 factum
2454 2071 2537 2115 est
2568 2063 2710 2130 quod
2756 2076 2860 2113 non
2892 2072 3008 2114 erat
3040 2079 3052 2112 :
3096 2071 3432 2126 mortemque
3460 2061 3617 2113 nobis

2050 2149 2286 2204 debitam
2338 2168 2401 2205 ex
2435 2152 2886 2221 transgressionis
2916 2152 3285 2213 damnatione,
3320 2150 3372 2202 in
3399 2151 3613 2217 propria

2049 2255 2211 2294 carne
2229 2244 2768 2311 suscipiens,mterna
2791 2257 2888 2295 nos
2904 2240 3618 2302 morteliheravit,primitiae

2050 2334 2419 2386 dormientium
2434 2336 2631 2401 Iactus.
2654 2351 2714 2386 uc
2734 2334 3105 2401 primogenitus
3120 2346 3390 2398 resurgens
3400 2344 3465 2381 ea:
3479 2345 3614 2380 mor-

2049 2426 2172 2485 tuis,
2202 2427 2571 2478 consuscitarit
2601 2436 2649 2477 et
2681 2423 2953 2477 consedere
2975 2440 3067 2475 nos
3089 2424 3210 2489 [erit
3236 2424 3289 2474 in
3321 2420 3614 2473 caelestibus

2058 2495 2107 2562 tl
2138 2495 2258 2549 Cor.
2286 2512 2387 2561 xv;
2422 2494 2617 2549 Coloss.
2645 2512 2690 2557 t;
2725 2496 2917 2565 Epltes.
2947 2499 3003 2567 ιι)
3030 2516 3043 2551 :
3069 2501 3515 2567 quemadmodum
3539 2516 3630 2555 nos

2060 2584 2219 2640 docet
2253 2587 2467 2640 traditio
2505 2586 2823 2653 apostolica.
2871 2586 3121 2651 Quamvis
3151 2591 3291 2643 enim
3320 2606 3350 2643 a
3377 2591 3632 2660 principio

2064 2678 2294 2731 humana
2324 2687 2510 2730 natura
2542 2686 2760 2745 propter
2789 2680 3200 2733 inohcdientiam
3242 2684 3444 2750 privata
3475 2697 3631 2749 para-

2062 2767 2179 2821 diso
2201 2776 2281 2820 est
2313 2786 2324 2818 :
2356 2775 2554 2830 tamen,
2588 2776 2643 2819 ut
2664 2776 2747 2821 est
2767 2768 2983 2828 dictum,
3013 2769 3313 2836 Unigenitus
3345 2770 3441 2823 Dei
3471 2770 3633 2823 Filius

2064 2868 2269 2926 propter
2320 2859 2529 2910 multam
2586 2858 2888 2910 charitatem
2944 2876 3091 2911 suam
3136 2877 3235 2930 qua
3302 2861 3481 2913 dilexit
3544 2878 3637 2915 nos

2066 2947 2279 3018 (Ep/tes.
2313 2946 2408 3015 tt),
2460 2955 2702 3001 naturam
2752 2957 2987 3002 nostram
3036 2950 3133 3003 sibi
3184 2951 3371 3006 uniens
3414 2952 3635 3007 indivise

2065 3040 2357 3094 secundum
2398 3038 2795 3093 subsistentiam
2846 3041 2897 3093 in
2947 3050 3101 3095 utero
3154 3051 3349 3095 sancta:
3391 3039 3635 3107 gloriosae

2067 3129 2158 3182 Dei
2206 3129 2474 3195 genitricis
2514 3144 2725 3198 semper
2772 3130 2982 3198 virginis
3023 3130 3236 3196 Mariae,
3284 3132 3474 3199 majori
3540 3147 3637 3187 nos

2066 3218 2310 3285 dignatus
2338 3228 2418 3273 est
2444 3220 2642 3286 gratia,
2674 3219 2879 3273 donans
2920 3220 3072 3273 nobis
3109 3236 3327 3288 regnum
3355 3222 3633 3277 ctelornm.

392 3313 441 3363 έν
478 3313 703 3385 οὐρανοῖς
744 3314 1004 3382 βασιλείαν
1041 3317 1154 3384 ἡμῖν
1196 3318 1565 3389 χαρισάμενος.
1614 3328 1875 3391 Μαρτυρεῖ
1913 3320 1959 3374 δέ

2068 3308 2237 3377 Atque
2260 3309 2341 3363 his
2364 3310 2721 3363 testimonium
2748 3310 2990 3377 perhibet
3010 3323 3225 3364 sanctus
3244 3311 3478 3366 Joannes
3498 3313 3636 3365 Cott-

392 3403 584 3461 τούτοις
614 3405 694 3458 καί
735 3402 759 3456 ό
795 3406 843 3455 έν
874 3403 1038 3475 όιγίοις
1071 3404 1292 3464 Ἰωάννης
1329 3404 1353 3458 ό
1396 3410 1967 3468 Κωνσταντινουπὸλεως

391 3496 722 3566 πατριάρχης
752 3495 798 3545 ἐν
824 3502 893 3561 τῷ
927 3496 1053 3566 λόγῳ
1088 3503 1159 3563 τῷ
1189 3500 1260 3554 εἰς
1282 3501 1369 3553 τήν
1406 3497 1676 3565 ἀνάληψιν,
1709 3497 1860 3568 λέγων
1890 3499 1967 3550 οὗ·

393 3602 510 3644 τως⁹
536 3604 551 3634 ι
573 3588 721 3653 ἡμεῖς
748 3588 791 3638 οἷ
817 3596 907 3645 τῆς
930 3596 1020 3657 γῆς
1046 3590 1237 3651 ἀνάξιοι
1263 3591 1511 3658 φανέντες,
1535 3594 1753 3659 σήμερον
1784 3594 1855 3649 εἰς
1886 3592 1969 3643 τόν

392 3676 597 3747 οὐρανὸν
646 3678 963 3746 ἀνήχθημεν
1012 3680 1057 3730 οἱ
1115 3677 1243 3748 μηδί
1290 3687 1380 3739 τῆς
1426 3682 1559 3732 κάτω
1610 3682 1781 3751 ἀρχῆς
1828 3677 1965 3740 ὅντες

391 3764 538 3828 ὖξιοι,
569 3768 698 3837 πρὸς
725 3773 814 3824 τήν
838 3768 1096 3838 βασιλείαν
1124 3769 1367 3839 ἁνέϐημεν
1388 3778 1478 3828 τήν
1500 3768 1622 3833 ἄνω,
1652 3770 1964 3844 ὑπερέϐημεν

392 3849 511 3903 τούς
530 3850 794 3917 οὐρανούς,
812 3854 1154 3923 ἐπελαϐόμεθα
1168 3863 1258 3909 τοῦ
1272 3859 1446 3925 θρόνου
1463 3866 1554 3912 τοῦ
1573 3860 1861 3929 βασιλικοῦο
1884 3864 1967 3916 καί

391 3940 602 4009 ἡφύσις,
618 3939 681 3995 δι’
702 3943 759 4003 ἣν
778 3944 1014 4013 ἐφύλαττε
1033 3948 1115 3998 τὸν
1137 3946 1449 4015 παράδεισον
1466 3952 1528 4003 τὰ
1548 3953 1820 4023 Χερουϐὶμ,
1838 3954 1965 4011 αὐτή

390 4031 558 4085 έπάνω
593 4042 690 4087 τῶν
724 4037 978 4104 Χεοονϐίμ
1016 4041 1223 4099 κάθηται
1253 4047 1492 4112 σήμερον.
1538 4061 1555 4093 ε
1590 4043 1964 4100 Ἀποδέδεικται

389 4126 552 4175 τοίνυν
584 4121 660 4178 ὄτι
698 4125 799 4192 οὐχ
824 4129 888 4184 ὡς
921 4128 1174 4200 Ὠριγένης
1203 4126 1361 4201 ληρεῖ,
1389 4128 1437 4180 ἐν
1463 4129 1694 4201 οὐρανοῖς
1717 4130 1767 4181 αἱ
1790 4130 1860 4198 ψυ
1868 4133 1965 4199 χαί

388 4216 863 4287 προϋπάρχουσαι.
916 4213 1096 4269 ἔπειτα
1136 4216 1506 4289 ἁμαρτήσασαι
1549 4220 1964 4287 κατεπέςλφθησαν

388 4306 628 4377 τιμωρίας
676 4307 828 4376 χάριν
866 4307 938 4362 εἰς
977 4307 1043 4358 τά
1089 4308 1324 4376 σώματα.
1353 4305 1471 4358 Ἀλλ’
1510 4308 1561 4359 ἐκ
1591 4315 1690 4360 τῶν
1733 4309 1962 4361 ἐναντίων

388 4392 471 4443 ἐπὶ
517 4402 608 4463 γῆς
648 4392 1072 4468 δημιουργηθεῖσα
1122 4395 1211 4452 ὅλη
1264 4398 1294 4453 ἡ
1346 4403 1436 4450 τοῦ
1481 4398 1744 4471 ἀνθρώπου
1785 4400 1959 4467 φύσις,

389 4485 623 4537 τουτέστι
651 4488 892 4553 σώματος
920 4490 1006 4538 καί
1034 4487 1233 4556 ψυχῆς,
1263 4485 1343 4539 διὰ
1371 4494 1459 4545 τῆς
1482 4488 1845 4546 ἐπιϐαλλούσης
1874 4494 1960 4542 τοῦ

390 4578 516 4624 Θεοῦ
562 4575 867 4644 ἁγαθότητος
916 4585 1005 4635 τῆς
1057 4577 1105 4629 ἐν
1154 4579 1383 4649 οὐρανοῖς
1430 4580 1632 4640 ἠξίωται
1675 4580 1958 4648 βασιλείας.

2068 3400 2490 3467 stantinopoleos
2518 3401 2817 3468 patriarcha
2849 3400 2900 3453 in
2944 3415 3189 3454 sermone
3218 3403 3284 3454 de
3312 3403 3639 3457 Ascensione

2068 3492 2237 3555 (Tom.
2268 3492 2329 3544 ΙΙΙ
2359 3509 2496 3559 oper.
2532 3493 2693 3562 ejus).
2728 3493 2805 3545 sie
2830 3492 3050 3547 dicens:
3084 3512 3101 3542 ι
3134 3494 3232 3560 Qui
3265 3503 3404 3547 terra
3436 3495 3637 3563 indigni

2067 3586 2461 3647 exstiteratnus,
2496 3585 2651 3638 hodie
2681 3586 2732 3637 in
2764 3586 2956 3638 cmlum
2980 3586 3169 3638 elevati
3200 3602 3379 3641 smnus
3408 3606 3421 3639 :
3453 3590 3541 3655 qui
3572 3604 3638 3643 no

2067 3672 2315 3726 inferiore
2343 3674 2556 3739 quidem
2583 3675 2806 3741 imperio
2837 3672 3104 3727 fueramus
3131 3674 3295 3742 digni,
3321 3675 3387 3729 ad
3416 3690 3634 3743 regnum

2066 3775 2350 3827 supernum
2378 3763 2804 3827 conscendimus,
2836 3763 3161 3830 supergressi
3190 3763 3371 3828 cmlos,
3403 3765 3636 3829 regium-

2065 3873 2168 3926 que
2190 3858 2378 3911 solium
2409 3858 2603 3925 adepti.
2638 3859 2853 3923 Natura,
2900 3870 3118 3929 propter
3144 3876 3301 3928 quam
3347 3862 3634 3917 Chernhim

2064 3950 2363 4018 paradisum
2394 3951 2761 4003 custodiebant
2791 3951 2941 4019 (Gen.
2975 3951 3073 4021 ιιι),
3104 3953 3213 4020 ipsa
3245 3969 3401 4022 supra
3430 3955 3635 4007 Cheru-

2064 4039 2170 4092 bim
2210 4038 2367 4092 hodie
2426 4040 2594 4093 sedet.
2635 4059 2651 4089 ι
2700 4040 3055 4105 Quamobrem
3094 4041 3513 4097 demonstratum
3555 4057 3635 4100 est

2065 4126 2273 4180 animas
2296 4166 2311 4188 ,
2357 4143 2461 4181 non
2490 4169 2504 4193 ,
2546 4136 2602 4180 ιιι
2638 4128 2893 4195 Origenes
2927 4138 3155 4197 nugatur
3175 4170 3189 4195 ,
3233 4132 3283 4185 in
3313 4134 3462 4187 caelis
3490 4135 3636 4203 prius

2061 4214 2257 4281 fuisse,
2291 4231 2352 4269 ac
2374 4216 2563 4269 deinde
2603 4218 2654 4269 in
2691 4232 2917 4285 corpora
2960 4220 3176 4284 missas,
3211 4230 3265 4274 ut
3295 4231 3634 4292 perpetrato-

2061 4321 2176 4359 rum
2203 4314 2543 4373 peccatorum
2583 4321 2768 4373 pmnas
2800 4308 3173 4376 exsolverent;
3214 4312 3306 4365 sed
3338 4322 3545 4379 contra,
3577 4314 3631 4369 in

2063 4403 2202 4446 terra
2242 4394 2552 4448 fabricatam
2594 4395 2895 4449 universam
2937 4407 3176 4452 naturam
3219 4401 3503 4456 humanam
3528 4445 3543 4468 ,
3580 4404 3632 4457 id

2061 4494 2144 4539 est
2170 4501 2364 4555 corpus
2387 4494 2545 4554 atque
2575 4487 2824 4547 animam,
2859 4487 3096 4541 bonitate
3121 4504 3185 4542 ac
3214 4491 3518 4556 dignatione
3547 4493 3629 4547 di-

2060 4577 2180 4628 vina
2207 4575 2370 4629 C(BIOS
2397 4576 2641 4642 adeptam
2665 4591 2782 4629 esse
2814 4594 2824 4626 :
2858 4586 2914 4629 ut
2940 4578 3029 4645 qui
3054 4579 3296 4632 homines
3326 4582 3629 4634 mandatum

387 4662 539 4722 Ὠστε
559 4671 677 4728 τούς
706 4671 995 4745 ἀνθρώπους
1018 4673 1137 4729 τούς
1161 4676 1248 4728 τήν
1278 4672 1471 4728 ἐντολήν
1503 4677 1593 4725 τοῦ
1616 4680 1740 4725 Θεοῦ
1772 4674 1954 4742 φυλάτ-

2064 4672 2152 4725 Dei
2176 4672 2505 4726 custodirent
2546 4666 2611 4726 ac
2654 4672 2975 4740 implerent,
3026 4676 3331 4741 angelorum
3382 4679 3432 4730 in
3476 4680 3627 4733 cmlis

387 4761 557 4818 τγντὰς
596 4779 680 4823 τε,
716 4766 797 4812 καὶ
844 4762 1184 4833 πληροῦντας,
1229 4762 1486 4823 άξιοὶσθαι
1515 4770 1605 4819 τῆς
1645 4764 1692 4813 έν
1730 4764 1957 4835 οὐρανοῖς

386 4856 483 4902 τῶν
523 4852 743 4921 ἀγγέλων
784 4849 1157 4921 συνδιαγωγῆς’
1189 4850 1274 4909 οὖς
1314 4852 1360 4902 έν
1390 4859 1451 4922 τῇ
1488 4860 1549 4924 γῇ
1584 4849 1665 4904 διὰ
1705 4862 1794 4911 τῆς
1828 4855 1958 4926 πρὸς

386 4944 504 4995 Θεὸν
549 4943 813 5015 ὁμολογίας
859 4948 1118 5015 μιμεῖσθαι
1166 4946 1605 5019 προσετάχθημεν.
1661 4945 1958 5014 Βοιλόμενος

386 5035 481 5107 γάρ
522 5034 547 5087 ό
587 5039 708 5095 Θεὸς
747 5035 829 5090 διὰ
876 5043 963 5094 την
994 5035 1247 5110 ἄφραστον
1286 5039 1434 5091 αὐτίῦ
1482 5038 1864 5111 μλανθρωπίαν,
1905 5037 1956 5091 όν

386 5124 567 5195 τρόπον
590 5129 638 5178 έν
663 5128 887 5199 οὐρανοῖς
923 5128 1023 5180 ὐπὸ
1052 5135 1149 5181 τῶν
1176 5127 1328 5198 ἁγίων
1366 5126 1620 5197 δυνάμεων
1662 5125 1920 5191 δοξάζεται
1937 5168 1952 5191 ,

388 5213 521 5268 οὕτω
543 5218 623 5268 καί
643 5217 723 5270 ἐπὶ
743 5224 831 5276 τῆς
859 5227 950 5287 γῆς
972 5219 1071 5271 ὑπὸ
1094 5224 1190 5272 τῶν
1210 5219 1481 5289 ἀνθρώπων
1503 5216 1812 5283 δοξάζεσθαι,
1846 5218 1957 5276 ἐδη-

388 5302 664 5377 μιούργησε
699 5308 783 5362 τόν
808 5305 1078 5384 ἄνθρωπον.
1111 5306 1339 5384 δεύτερον
1369 5307 1573 5381 ἆγγεῖνον
1601 5312 1682 5363 ἐπί
1726 5320 1814 5369 τῆς
1839 5318 1952 5381 γῆς,

390 5396 453 5453 ὡς
487 5387 546 5448 ἂν
572 5396 809 5473 πληρωθῇ
834 5402 899 5453 τὰ
923 5405 1086 5453 πάντα
1114 5397 1255 5461 δόξης
1285 5407 1432 5454 Θεοῦ.
1458 5398 1596 5453 Ὅθεν
1623 5405 1707 5452 καί
1736 5400 1760 5454 ὁ
1789 5399 1955 5474 κύριος

387 5483 699 5559 παραδιδούς
720 5485 854 5548 ὅπως
870 5490 1115 5559 ὀφείλουσι
1134 5491 1539 5559 προσεύχεσθαι,
1553 5493 1702 5561 λέγει·
1716 5496 1954 5565 -Πάτερ

390 5574 527 5644 ὑμῶν
560 5574 585 5629 ό
612 5577 659 5629 ἐν
696 5584 807 5636 τοῖς
835 5581 1080 5653 οὐρανοῖς,
1111 5580 1400 5651 ἁγιασθήτω
1439 5584 1495 5634 τό
1542 5578 1700 5649 όνομά
1741 5603 1854 5644 σου,
1888 5585 1961 5636 έλ-

387 5670 515 5723 Οέτω
541 5670 573 5726 ἠ
610 5669 844 5741 βασιλεία
884 5691 1012 5735 σου,
1042 5677 1288 5744 γενηθητω
1326 5676 1382 5727 τὸ
1423 5674 1604 5741 θέλημά
1645 5694 1767 5737 σου,
1814 5676 1880 5734 ὡς
1908 5675 1958 5729 ἐν

389 5761 581 5836 οὐρανῷ
605 5766 689 5816 καί
714 5765 795 5817 ἐπὶ
815 5774 905 5824 τῆς
926 5775 1038 5837 γῆς.
1060 5785 1079 5818 ε

462 5854 702 5925 Σύμφωνα
729 5852 782 5908 δέ
811 5863 918 5916 τοῖς
945 5858 1063 5932 παρ’
1085 5860 1221 5930 ἡμῶν
1248 5862 1522 5935 εἰρημένοις
1551 5866 1636 5915 καί
1662 5861 1687 5917 ό
1718 5865 1768 5917 έν
1793 5863 1957 5935 ἁγίοις

389 5942 614 6015 εεολόοίος
653 5946 922 6020 Γρηγόρεος
949 5947 997 6003 έν
1034 5956 1107 6019 τῷ
1148 5949 1276 6022 λόγῳ
1300 5960 1370 6021 τῷ
1397 5954 1466 6013 εἰς
1495 5954 1551 6006 τὸ
1589 5952 1730 6026 ἅγιον
1768 5957 1953 6026 πάσχα

2061 4767 2463 4820 conversatione
2489 4766 2635 4831 digni
2660 4767 3001 4832 haberentur,
3025 4782 3161 4833 quos
3191 4769 3241 4819 in
3267 4778 3404 4822 terra
3431 4772 3627 4825 imitari

2060 4871 2156 4923 per
2191 4856 2574 4910 confessionem
2616 4858 2667 4911 in
2708 4858 2869 4911 Deum
2916 4857 3045 4925 jttssi
3092 4874 3293 4913 sumus.
3347 4860 3477 4914 Nam
3506 4878 3625 4915 eum

2058 4946 2217 4999 vellet
2235 4947 2369 5000 Deus
2391 4956 2609 5015 propter
2629 4948 3031 5001 inenarrabilem
3054 4949 3433 5003 humanitatem
3456 4967 3625 5016 suam,

2058 5038 2195 5089 sicut
2223 5038 2273 5090 in
2304 5038 2451 5090 malis
2479 5054 2508 5090 a
2537 5038 2736 5090 sanctis
2772 5039 3054 5093 virtutibus
3088 5039 3433 5106 gloriﬁcatur,
3475 5043 3547 5096 ita
3574 5052 3627 5097 et

2064 5130 2115 5182 in
2139 5140 2276 5182 terra
2306 5127 2582 5196 gloriﬁcari
2615 5132 2679 5183 ab
2702 5130 3020 5197 hominibus,
3044 5131 3328 5186 fabricatus
3349 5142 3429 5187 est
3451 5136 3624 5189 homi-

2065 5235 2204 5281 nem,
2227 5223 2452 5272 alterum
2482 5219 2724 5286 angelum
2750 5219 2800 5272 in
2832 5221 2987 5274 terris
3010 5237 3021 5271 :
3056 5228 3113 5273 nt
3140 5221 3233 5273 Dei
3254 5222 3420 5289 gloria
3444 5226 3621 5278 omnii

2063 5311 2475 5378 enmplerentur.
2524 5309 2706 5377 Itaque
2736 5309 2989 5365 Dominus
3021 5311 3231 5365 tradens
3259 5314 3526 5380 quomodo
3556 5320 3625 5369 sﬁt

2064 5401 2343 5465 orandum,
2371 5399 2499 5453 dicit
2525 5418 2537 5451 :
2566 5398 2725 5452 Pater
2753 5411 2944 5466 noster,
2975 5403 3058 5469 qui
3088 5417 3140 5454 es
3168 5402 3220 5453 in
3249 5403 3406 5464 cortis,
3436 5406 3627 5457 sancti—

2063 5505 2240 5572 ﬁcetttr
2259 5519 2439 5556 nomen
2463 5510 2620 5565 tuum,
2643 5502 2880 5555 adveniat
2908 5520 3115 5572 regnum
3146 5514 3301 5568 ttutm,
3326 5507 3420 5576 ﬁat
3450 5508 3626 5561 saltm-

2063 5605 2141 5647 tas
2171 5604 2256 5647 tua
2283 5596 2412 5648 sicut
2440 5596 2495 5648 in
2524 5595 2647 5649 caelo
2676 5605 2725 5648 et
2749 5597 2801 5647 in
2833 5607 2987 5649 terra.

2140 5864 2265 5919 Cum
2299 5865 2379 5919 his
2400 5881 2559 5934 porro
2580 5879 2698 5933 quze
2726 5881 2755 5918 a
2787 5866 2939 5920 nobis
2966 5866 3105 5920 dicta
3135 5876 3275 5929 sunt,
3306 5868 3633 5925 conveniunt

2059 5974 2177 6027 qua:
2205 5966 2419 6013 sanctus
2450 5957 2754 6024 Theologtts
2773 5955 3067 6028 Gregorius
3107 5959 3264 6017 ducet
3303 5959 3358 6013 in
3386 5973 3641 6018 sermone
