4102 6530
507 468 618 534 959

1821 469 2261 536 JUSTINIANI
2304 472 2461 534 IMP.

3671 479 3780 541 960

519 579 766 649 διδάσκει.
790 586 945 658 λέγων
971 587 1130 650 οὕτως
1152 605 1165 620 ⁸
1199 608 1218 641 ε
1251 598 1408 648 Τοῦτο
1433 591 1495 652 δὴ
1518 595 1774 665 βουληθείς
1801 595 1826 649 ὁ
1851 598 2061 664 τεχνίτῃ

2166 647 2167 650 η
2193 599 2257 651 de
2272 606 2458 652 sancto
2478 596 2734 652 Paschate
2749 597 2923 667 (Orat.
2951 597 3040 660 ﬂ,
3068 614 3184 668 quia
3196 607 3270 651 est
3301 597 3336 650 2
3349 597 3414 650 de
3434 594 3748 664 Paschate);

517 670 862 737 ἆπιδείξασθαι
879 676 1040 748 λόγος,
1074 682 1156 732 καὶ
1178 684 1303 742 ζῶον
1325 679 1378 736 ἓν
1408 684 1458 746 iii
1485 685 1795 758 ἀμφοτέρων,
1820 684 2006 759 ὁρατῆς
2032 707 2089 741 τε

517 762 645 836 λίγω
673 767 758 818 καί
797 767 1014 841 ἀοράτου
1049 771 1270 840 φύσεως.
1318 769 1620 848 δημιουργεῖ
1660 776 1746 830 τὸν
1797 773 2084 850 ἄνθρωπον

516 856 603 908 καὶ
639 855 781 929 παρὰ
802 859 892 924 μὲν
917 866 1010 917 τῆς
1033 859 1152 920 ὕλης
1171 860 1334 914 λαϐὼν
1359 863 1418 915 τὸ
1457 871 1610 932 σῶμα
1633 862 1727 922 ἤδη
1752 867 2087 938 προϋποστά-

517 964 636 1008 ne,
666 945 788 1020 παρ’
816 948 997 1002 εαυτοῦ
1020 948 1074 1003 δὲ
1104 954 1233 1012 ζωήν
1262 951 1431 1014 ἐνθείς,
1456 950 1560 1012 ὃδὴ
1585 953 1764 1024 ψυχὴν
1785 957 1981 1025 νοεράν,
2005 960 2088 1010 καί

516 1033 680 1088 εἰκόνα
707 1041 834 1090 Θεοῦ
856 1033 983 1090 οἶδεν
1011 1037 1038 1091 ὁ
1060 1040 1220 1110 λόγος,
1247 1037 1347 1094 οἶόν
1373 1063 1483 1094 τινα
1512 1043 1702 1112 κόσμον
1729 1045 1898 1119 ἕτερον
1925 1047 1975 1098 ἐν
2001 1067 2079 1114 μισ

515 1133 622 1199 κρῷ
647 1127 803 1195 μέγαν
827 1127 910 1180 ἐπὶ
927 1136 1019 1187 τῆς
1039 1138 1133 1198 γῆς
1153 1131 1376 1195 ἵστησιν,
1407 1128 1615 1204 ἄγγελον
1642 1130 1783 1186 ἄλλον
1807 1156 2086 1208 προς-κυνη-

513 1218 605 1272 nia
646 1216 840 1282 μικτὸν.
873 1217 1096 1274 ἓπόπτην
1135 1228 1226 1278 τῆς
1267 1217 1451 1292 ὁρατῆς
1475 1224 1710 1284 κτίσεως,
1751 1226 1946 1291 μύστην
1993 1233 2085 1285 τῆς

515 1305 800 1371 νοουμένης,
826 1304 1042 1374 βασιλέα
1069 1315 1164 1360 τῶν
1183 1310 1266 1361 ἐπὶ
1287 1317 1400 1380 γῆς.
1427 1310 1815 1381 βασιλευόμενον
1841 1310 2042 1366 ἄνωθεν.
2058 1332 2078 1364 ε

514 1393 750 1466 Πρόσχες
777 1397 960 1461 τοίνυν,
1007 1395 1084 1451 ὅτι
1128 1398 1281 1468 λέγων
1310 1398 1336 1452 ὁ
1375 1406 1570 1471 πατὴρ.
1616 1402 1673 1463 ἐξ
1722 1403 2083 1476 ἀμφοτέρων

513 1482 805 1541 ἐποίησεν
837 1485 862 1538 ὁ
889 1488 1040 1545 Θεὸς
1077 1488 1183 1542 τὸν
1211 1485 1556 1562 ἄνθρωπον,
1580 1493 1912 1563 προσέθηκεν.
1932 1491 2082 1547 ὅτιτὸ

509 1574 602 1639 μὶν
619 1579 769 1641 σῶμα
789 1574 838 1637 ἐξ
867 1574 987 1634 ὕλης
1011 1573 1105 1634 ἤδη
1136 1582 1541 1650 προϋποστάσης
1571 1577 1744 1646 ἔλαϐε,
1763 1586 1851 1639 τήν
1888 1579 1942 1634 δε
1981 1581 2082 1652 ψυ-

510 1667 615 1732 χὴν
636 1661 745 1718 οὖδέ
776 1668 1137 1738 προϋπάρχειν
1159 1663 1313 1727 εἶπεν,
1332 1666 1442 1722 οὐδὲ
1465 1667 1520 1722 ἔκ
1548 1691 1672 1729 τινος
1703 1673 2081 1746 προϋπαρχούο

508 1775 606 1814 σης
639 1755 820 1815 οὐσίας
843 1758 1163 1826 γεγενῆσθαι,
1187 1759 1292 1811 ἀλλ’
1320 1756 1397 1813 ὅτι
1425 1761 1549 1834 παρ’
1572 1761 1759 1815 ἑαυτοῦ
1787 1761 1812 1815 ὁ
1833 1763 1953 1823 Θεὸς
1974 1764 2078 1816 ἰνί-

507 1844 620 1902 θηκε
639 1851 730 1904 τήν
752 1850 904 1910 ζωὴν,
937 1844 962 1901 ὃ
985 1845 1048 1906 δὴ
1071 1847 1250 1919 ψυχήν
1271 1852 1448 1923 νοεράν
1478 1854 1564 1902 καὶ
1592 1852 1757 1905 εἰκόνα
1797 1857 1922 1906 Θεοῦ
1951 1849 2080 1906 οἶδεν

2192 689 2269 744 sic
2299 688 2441 741 enim
2467 688 2596 741 dicit
2624 704 2636 740 :
2665 706 2685 737 ε
2717 687 2852 742 Cum
2881 688 3021 742 hanc
3056 702 3167 741 rem
3189 687 3422 741 Verbum
3444 683 3639 739 artifex
3663 683 3755 736 de-

2195 788 2493 832 monstrare
2519 778 2696 842 vellet,
2735 779 2900 832 etiam
2925 778 3122 832 animal
3166 791 3332 830 unum
3379 791 3446 830 ex
3475 774 3752 841 utrisque,

2194 875 2383 919 natura
2415 867 2660 920 videlicet
2681 865 2875 921 visibili
2893 876 3054 936 atque
3078 865 3345 928 invisibili,
3377 863 3650 918 hominem
3677 859 3756 914 fa—

2194 954 2464 1020 bricatur;
2481 963 2796 1024 sumptoque
2808 969 3034 1024 corpore
3052 969 3082 1008 e
3104 954 3326 1007 materia
3346 967 3463 1020 qum
3487 960 3613 1004 ante
3634 947 3759 1002 sub-

2195 1044 2436 1109 sistebat,
2465 1061 2527 1100 ac
2553 1061 2582 1098 a
2610 1047 2784 1115 seipso
2809 1046 2975 1098 vitam
3004 1046 3194 1099 indens
3216 1043 3380 1114 (quod
3423 1045 3612 1112 utique
3643 1043 3760 1096 ani-

2187 1145 2328 1184 mam
2354 1131 2736 1198 intellige‘ntem
2759 1141 2814 1186 et
2835 1132 3118 1200 imaginem
3144 1133 3237 1186 Dei
3259 1149 3376 1187 esse
3405 1145 3542 1189 ratio
3565 1137 3759 1206 novit),

2184 1219 2346 1273 veluti
2375 1221 2656 1286 quemdam
2683 1221 2909 1274 alterum
2939 1222 3216 1286 mundum,
3239 1223 3290 1275 in
3320 1238 3488 1291 parvo
3510 1239 3758 1292 magnum

2181 1308 2462 1385 constituit
2484 1308 2535 1362 in
2565 1316 2728 1370 terra,
2754 1295 2916 1363 alium
2944 1309 3210 1378 angelum,
3242 1313 3600 1379 promiscuum
3626 1313 3760 1367 ado-

2181 1405 2435 1460 ratorem,
2454 1399 2935 1466 contemplatorem
2955 1399 3178 1453 visibilis
3198 1409 3420 1466 naturas,
3438 1403 3761 1457 studiosum-

2181 1499 2284 1552 que
2303 1486 2419 1553 ejus
2437 1502 2556 1553 qua:
2576 1487 2688 1540 sola
2710 1495 2888 1541 mente
2908 1489 3412 1557 comprehenditur:
3435 1506 3622 1546 eorum
3641 1507 3760 1559 qua:

2181 1575 2236 1630 in
2265 1585 2406 1630 terra
2433 1587 2586 1641 sunt,
2615 1579 2993 1646 imperatorem
3029 1595 3265 1648 superno
3301 1581 3759 1650 obtemperantem

2181 1663 2428 1734 imperio.
2468 1685 2486 1717 ε
2542 1665 2719 1731 Quare
2757 1669 3140 1723 attendendum
3186 1678 3288 1736 est,
3337 1669 3550 1726 Patrem
3592 1674 3758 1739 hunc.

2177 1769 2300 1808 cum
2329 1753 2533 1809 diceret
2557 1755 2722 1809 Deum
2752 1771 2818 1810 ex
2847 1758 3087 1828 utrisque
3115 1759 3304 1814 iecisse
3334 1761 3628 1830 hominem,
3656 1764 3755 1817 ad-

2178 1845 2376 1900 didisse
2403 1861 2434 1900 e
2456 1847 2604 1914 prius
2624 1848 2945 1904 subsistente
2974 1851 3196 1904 materia
3217 1867 3412 1921 corpus
3437 1863 3705 1922 sumptum
3736 1873 3753 1909 :

506 1931 534 1988 ὅ
559 1933 720 2005 λόγος.
746 1938 833 1988 Καὶ
862 1938 921 1991 τὸ
942 1938 1096 1990 εἰπεῖν
1123 1937 1174 1990 δὲ
1193 1938 1276 1992 τὸν
1297 1940 1518 2013 πατίρα,
1545 1936 1621 1993 ὅτι
1647 1939 1852 2009 βασιλέα
1873 1941 1958 1994 επὶ
1984 1949 2065 2000 fit

2178 1950 2285 1989 non
2313 1937 2508 1990 dixisse
2527 1953 2658 1992 vero
2686 1939 2830 2008 prius
2851 1941 3117 1996 exstitisse
3141 1942 3395 2009 animam,
3425 1959 3524 1999 nec
3551 1960 3616 1999 es
3645 1946 3754 1999 ulla

506 2029 597 2092 γῆς
619 2027 831 2081 ἐποίησε
861 2027 945 2080 τόν
972 2022 1229 2098 ἄνθρωπον
1257 2026 1282 2081 ὁ
1312 2029 1436 2087 Θεὸς
1465 2028 1850 2099 βασιλευόμενον
1870 2029 2073 2094 ἄνωθεν,

506 2114 702 2188 ἀναιρεῖ
724 2115 781 2168 τὸ
823 2116 979 2177 λέγειν
1021 2119 1089 2176 ὡς
1118 2115 1202 2171 διὰ
1240 2118 1442 2172 κόλασιν
1473 2119 1799 2177 ἐνεϐλήθησαν
1827 2120 1880 2172 αἱ
1905 2119 2081 2190 ψυχαί

503 2211 612 2265 τοῖς
641 2208 869 2274 σώμασι’
912 2209 971 2261 τὸ
1005 2209 1103 2282 γάρ
1141 2209 1425 2276 βασιλεύειν
1453 2209 1535 2262 ἐπὶ
1573 2217 1658 2267 τῆς
1693 2217 1822 2279 γῆς,
1857 2212 1939 2262 καί
1978 2213 2080 2265 ὑπὸ

506 2296 634 2344 Θεοῦ
677 2293 825 2363 μόνον
875 2294 1252 2362 βασιλεύεσθαι,
1284 2297 1338 2349 οὐ
1379 2303 1647 2369 τιμωρίας,
1691 2298 1816 2353 ἀλλά
1857 2301 2079 2370 μεγάλης

503 2378 616 2433 ἐστὶ
641 2388 730 2441 τῆς
759 2388 850 2435 τοῦ
886 2391 1015 2437 Θεοῦ
1043 2383 1258 2458 δωρεᾶς.

501 2555 650 2613 ribus
677 2560 878 2616 dicunt.
927 2562 1056 2615 Nam
1106 2562 1159 2619 in
1206 2571 1350 2618 terra
1394 2579 1618 2633 regnare
1640 2608 1657 2635 ,
1685 2567 1955 2636 soliusque
1982 2569 2074 2624 Dei

501 2648 597 2704 sed
623 2648 675 2702 in
700 2666 892 2720 magno
922 2655 1180 2711 beneﬁcio
1199 2673 1264 2713 ac
1283 2674 1502 2715 munere
1528 2661 1641 2716 Dei.

575 2743 699 2812 Πρὸς
741 2748 937 2806 τούτιις
983 2747 1035 2801 δὲ
1077 2752 1277 2802 κάκεῖνο
1326 2752 1480 2804 εἰπεῖν
1516 2754 1788 2823 ἀναγκαῖον
1821 2757 2078 2826 ἡγούμεθα

499 2831 629 2905 πρὸς
655 2836 776 2894 τούς
804 2841 894 2894 τήν
922 2837 1242 2913 προύπαρξιν
1267 2840 1524 2913 λέγοντας,
1549 2839 1628 2897 ὅτι
1650 2842 1790 2916 εἴπερ
1821 2846 1994 2906 ἀληθὲς
2019 2845 2077 2906 ἦν

498 2924 558 3004 τό
586 2925 946 2999 προϋπάρχειν
972 2933 1065 2987 τὰς
1085 2928 1266 2998 ψυχάς
1298 2938 1396 2984 τῶν
1432 2933 1699 3002 σωμάτων,
1724 2935 1984 3004 ἐγίνωσκον
2015 2931 2074 2989 ἂν

498 3013 586 3066 καί
619 3014 892 3083 ἐμέμνηντο
934 3015 962 3070 ὅ
1003 3039 1054 3070 τι
1096 3016 1365 3091 ἔπραττον
1399 3023 1482 3073 καὶ
1513 3022 1615 3094 πρὸ
1641 3029 1730 3076 τοῦ
1762 3024 1994 3079 εἰσελθεῖν
2024 3027 2072 3079 ἐν

497 3109 611 3162 τοῖς
640 3107 890 3173 σώμασιν,
920 3110 1095 3183 ὥσπερ
1121 3113 1200 3162 καὶ
1244 3113 1372 3179 μετὰ
1399 3116 1486 3168 τήν
1513 3113 1745 3172 τελευτήν
1778 3115 2073 3170 ἐπίστανται

497 3194 582 3245 καὶ
607 3197 910 3264 γινώσκουσι
933 3200 999 3252 τά
1038 3201 1338 3270 πραχθέντα
1369 3203 1547 3260 αὐταῖς
1577 3204 1628 3256 ἐν
1669 3212 1780 3263 τοῖς
1814 3209 2066 3275 σώμασιν.

496 3281 839 3354 ’Δποδείξομεν
869 3285 920 3339 δέ
946 3289 1004 3340 τὸ
1021 3293 1279 3358 ’γινώσκειν
1303 3297 1392 3348 τήν
1417 3292 1596 3362 ψυχήν
1628 3297 1758 3363 μετά
1787 3303 1876 3354 τήν
1904 3299 2068 3352 ἐντεῦ-

2180 2033 2471 2088 substantia
2496 2045 2671 2090 natam
2701 2052 2820 2106 qua:
2846 2046 2970 2092 ante
2988 2038 3248 2093 existeret
3281 2051 3298 2089 :
3331 2039 3428 2093 sed
3472 2041 3636 2095 Deum
3661 2057 3757 2110 per

2183 2124 2416 2192 seipsum
2444 2125 2610 2180 vitam
2641 2126 2910 2192 indidisse,
2951 2128 3094 2195 quod
3135 2129 3368 2182 animam
3412 2145 3531 2186 esse
3559 2131 3756 2185 intelli-

2185 2221 2418 2280 gentem,
2449 2225 2504 2268 et
2541 2215 2635 2269 Dei
2683 2216 2963 2284 imaginem
2989 2257 3004 2281 ,
3038 2218 3186 2272 novit
3209 2219 3366 2272 ratio.
3398 2219 3550 2284 Quod
3577 2229 3757 2274 autem

2183 2303 2314 2356 dicit
2339 2302 2498 2358 Pater
2519 2345 2534 2370 ,
2578 2305 2746 2360 Deum
2782 2306 2971 2361 fecisse
2998 2307 3269 2362 hominem
3298 2308 3675 2378 imperatorem
3699 2312 3756 2368 in

2184 2400 2326 2447 terra
2350 2434 2366 2459 ,
2407 2409 2642 2464 superno
2668 2397 2983 2450 obstrictum
3027 2397 3293 2465 imperio,
3333 2400 3526 2452 evertit
3569 2414 3756 2458 eorum

2181 2485 2530 2539 assertionem
2559 2487 2649 2555 qui
2677 2487 2985 2555 adpmnam
3014 2489 3220 2542 animas
3254 2489 3519 2544 immissas
3559 2505 3755 2562 corpo-

2116 2575 2286 2629 teneri
2327 2576 2572 2645 imperio,
2623 2593 2729 2632 non
2773 2579 2825 2632 in
2871 2578 3116 2648 supplicii
3151 2578 3271 2634 loco
3313 2579 3610 2636 ducendum
3647 2592 3754 2652 est,

2251 2755 2329 2809 Ad
2356 2757 2468 2811 lucc
2497 2757 2623 2812 illud
2655 2758 2810 2814 nobis
2834 2761 3136 2816 necessario
3163 2762 3450 2817 dicendum
3476 2762 3752 2818 existima-

2181 2858 2299 2898 mus
2326 2845 2378 2898 in
2407 2861 2501 2900 eos
2539 2847 2628 2915 qui
2677 2849 3123 2914 prmexistentiam
3162 2860 3406 2905 asserunt
3438 2869 3451 2904 :
3482 2851 3539 2905 Si
3566 2868 3747 2907 verum

2179 2939 2342 2998 esset,
2365 2933 2510 3000 prius
2531 2949 2649 2988 esse
2674 2936 2878 2988 animas
2905 2951 3064 3004 quam
3089 2952 3336 3006 corpora,
3367 2949 3752 3006 cognoscerent

2178 3043 2244 3085 ac
2267 3033 2677 3086 recordarentur
2703 3049 2820 3101 qua:
2851 3044 2975 3089 ante
3019 3037 3308 3102 gessissent
3346 3052 3505 3105 quam
3546 3038 3597 3091 in
3627 3052 3751 3092 cor-

2174 3136 2306 3190 pora
2333 3123 2607 3188 venirent;
2637 3125 3084 3192 quemadmodum
3113 3135 3234 3196 post
3255 3128 3458 3181 obitum
3486 3128 3661 3181 sciunt
3683 3143 3749 3183 ac

2173 3228 2372 3274 norunt
2415 3236 2533 3289 qua:
2578 3222 2632 3274 in
2676 3223 2989 3292 corporibus
3029 3238 3206 3291 egere.
3256 3224 3745 3281 Demonstrabimus

2174 3327 2350 3370 autem
2380 3319 2611 3373 animam
2635 3327 2755 3387 post
2775 3320 3061 3374 discessum
3092 3339 3122 3374 e
3146 3328 3251 3374 vna
3283 3336 3606 3389 cognoscere
3627 3338 3745 3392 qua:

494 3374 572 3426 θεν
601 3376 881 3431 ἀποϐίωσιν
916 3383 980 3432 τά
1008 3381 1163 3449 ἑαυτῇ
1197 3386 1543 3459 πεπραγμένα,
1577 3389 1626 3449 ἐξ
1658 3390 1821 3441 αὐτῶν
1855 3398 1954 3444 τῶν
1975 3398 2063 3444 τοῦ

2169 3407 2349 3474 gessit,
2378 3423 2445 3462 ex
2475 3409 2602 3478 ipsis
2631 3408 2905 3478 Evangelii
2933 3412 3138 3476 verbis;
3172 3411 3285 3466 hmc
3313 3414 3454 3467 enim
3483 3413 3610 3467 dicit
3632 3414 3742 3470 Do-

495 3464 783 3536 εὐαγγελίου
828 3469 1080 3543 ῥημάτων
1111 3472 1242 3542 λέγει
1283 3476 1384 3548 ⁹γάρ
1433 3472 1459 3527 ὅ
1507 3473 1758 3536 δεσπότης
1805 3479 1943 3548 ἡμῶν
1987 3483 2065 3534 καὶ

495 3565 670 3626 σωτήρ
710 3562 925 3632 Χριστός
956 3562 1003 3612 ἕν
1035 3569 1105 3629 τῷ
1142 3565 1275 3617 κατὰ
1317 3576 1387 3616 Λο
1427 3570 1518 3617 κᾶν
1552 3567 1820 3638 εὐαγγελίῳ
1867 3571 1938 3629 εἰς
1978 3576 2065 3629 τήν

491 3653 746 3719 περιοχὴν
780 3655 871 3703 τοῦ
900 3656 1134 3725 Λαζάρου
1161 3657 1244 3706 καὶ
1272 3661 1358 3708 τοῦ
1389 3657 1860 3718 πλουσίου.ταῦτα⁶
1917 3659 2064 3716 ("Av-

491 3737 688 3808 Θρωπός
724 3760 801 3799 τις
837 3738 894 3798 ἧν
923 3744 1186 3809 πλούσιος,
1213 3751 1297 3800 καὶ
1323 3748 1662 3804 ἐνεδιδύσκετο
1695 3757 1958 3829 πορφύραν
1979 3761 2063 3810 καί

493 3825 714 3896 βύσσον,
741 3830 1118 3902 εὐφραινόμενος
1147 3837 1249 3888 καθ’
1277 3839 1467 3907 ἡμέραν
1490 3825 1983 3916 λαμπρῶς-Πτωχὸς
2009 3846 2063 3902 δέ

489 3936 569 3976 τις
609 3915 666 3976 ἦν
708 3921 912 3990 ὀνόματι
942 3929 1195 3996 Λάζαρος,
1227 3925 1280 3988 ὃς
1325 3931 1564 3985 ἐϐέϐλητο
1610 3936 1680 3992 εἰς
1725 3938 1807 3989 τὸν
1856 3939 2062 3993 πυλῶνα

489 4010 642 4062 αὐτοῦ
678 4011 973 4080 ἡλκωμένος,
1019 4021 1105 4069 καὶ
1147 4019 1400 4089 ἐπιθυμνῒν
1449 4027 1791 4093 χορτασθῆναι
1835 4029 1936 4081 ἀπὸ
1965 4038 2063 4083 τῶν

488 4096 685 4168 ψιχίων
713 4111 812 4154 τκῖν
835 4102 1120 4160 πιπτόντων
1149 4109 1249 4162 ἀπὸ
1277 4119 1367 4168 τῆς
1391 4116 1645 4184 τραπέζης
1667 4123 1756 4168 τοῦ
1784 4116 2058 4172 πλουσίου·

489 4189 614 4243 ἀλλά
646 4195 728 4243 καί
769 4194 815 4245 oi
856 4196 998 4254 κύνες
1021 4199 1293 4269 άπίλειχον
1333 4202 1601 4275 ἐρχόμενοι
1625 4206 1689 4258 τά
1721 4205 1837 4263 ἕλκη
1877 4210 2055 4262 αὐτοῦ.

487 4280 708 4350 Ἐγένετο
731 4279 783 4335 δὲ
813 4284 1077 4340 ἀποθανεῖν
1102 4290 1188 4342 τόν
1208 4293 1423 4360 πτωχὸν
1440 4336 1452 4355 ,
1485 4297 1570 4346 καὶ
1594 4295 1932 4365 ἀπενεχθῆναι
1968 4301 2059 4351 αύ-

485 4370 571 4424 τὸν
599 4371 700 4426 ύπό
740 4381 839 4428 τῶν
867 4377 1084 4448 ἀγγέλων
1120 4383 1191 4440 εἰς
1220 4382 1303 4436 τόν
1342 4385 1522 4437 κόλπον
1547 4385 1793 4458 ’Λϐραάμμ
1826 4386 2057 4445 ’Λπέθανε

486 4457 541 4514 δὲ
568 4467 652 4515 καὶ
671 4462 698 4517 ὁ
726 4465 984 4528 πλούσιος.
1013 4473 1097 4523 καί
1116 4472 1287 4542 ἕτάφη.
1314 4478 1412 4528 Καὶ
1432 4478 1480 4528 ἓν
1504 4485 1575 4546 τῷ
1606 4477 1702 4550 ᾅδῃ
1729 4480 1919 4552 ἐπάρας
1940 4486 2058 4542 τοὺς

485 4551 765 4624 ὀφθαλμούς
786 4559 943 4611 αὐτοῦ
965 4561 1220 4633 ὑπάρχων
1248 4565 1296 4616 ἐν
1316 4567 1580 4635 βασάνοις,
1605 4568 1698 4640 ὁρᾷ
1720 4572 1806 4624 τόν
1828 4569 2057 4646 ’Λϐραάμ

484 4643 585 4696 ἀπὸ
605 4648 871 4718 μακρόθεν.
904 4653 988 4703 καὶ
1024 4653 1257 4723 Λάζαρον
1290 4657 1341 4707 ἐν
1378 4664 1485 4716 τοῖς
1513 4658 1714 4718 κόλποις
1752 4643 1939 4716 αὐτοῦ-⁸
1971 4643 2055 4727 καὶ

483 4735 634 4794 αὐτὸς
660 4741 891 4806 φωνήσας
919 4736 1026 4792 εἶπε
1043 4754 1059 4768 ⁸
1080 4749 1317 4818 -Πατερ
1344 4745 1593 4818 Ἁϐραάμ,
1627 4750 1826 4808 ἐλέησόν
1853 4773 1932 4821 με.
1970 4759 2054 4809 καί

481 4827 679 4895 πέμψον
703 4830 949 4904 Λάζαρον,
979 4832 1058 4885 ἶνα
1080 4833 1224 4906 βάψῃ
1251 4837 1310 4889 τὸ
1334 4833 1483 4911 ἄκρον
1507 4846 1598 4892 τοῦ
1626 4839 1867 4897 δακτύλου
1897 4848 2052 4901 αὐτοῦ

480 4914 684 4978 ὕδατος.
710 4924 795 4974 καί
821 4922 1086 4995 καταψύξῃ
1106 4937 1196 4982 τήν
1223 4925 1458 4996 γλῶσσάν
1481 4950 1602 4998 μου.
1621 4929 1700 4986 ὅτι
1730 4931 1979 5007 ὀδυνῶμαι
2003 4941 2055 4992 ἐν

478 5014 540 5080 tn:
566 5008 705 5080 φλογί
729 5010 1106 5085 rauim—Bias
1138 5013 1190 5069 δέ
1222 5013 1543 5090 ’Λϐραάμ’--
1557 5024 1831 5088 Μνήσοητι,
1859 5031 2044 5096 τέκνον,

477 5095 558 5153 ὅτι
576 5101 824 5162 ἀπέλαϐες
852 5107 918 5157 σύ
950 5107 1012 5158 τά
1054 5109 1217 5178 ἀγαθά
1246 5129 1340 5162 σου
1365 5111 1412 5162 ἐν
1557 5116 1660 5189 ζωῇ
1690 5137 1807 5178 σου,
1834 5121 1917 5172 καὶ
1944 5123 2041 5175 Λά-

478 5191 626 5262 ζαρος
647 5188 831 5261 ὁμοίως
858 5201 922 5248 τά
947 5199 1096 5250 κακά·
1119 5205 1206 5251 νῦν
1233 5197 1287 5253 δὲ
1311 5203 1464 5262 αὐτὸς
1483 5188 1879 5278 παρακαλεῖται,
1904 5214 1969 5263 σύ
1993 5211 2047 5266 δὲ

477 5277 740 5335 ὀδυνᾶσαι.
761 5287 858 5337 Καὶ
875 5286 956 5339 ἐπὶ
976 5295 1107 5342 πᾶσι
1137 5292 1335 5352 τούτοις
1366 5277 1713 5365 μεταξὺῗήμῶν
1725 5319 1780 5354 τε
1801 5305 1884 5354 καί
1905 5302 2046 5374 ὑμῶν

474 5371 606 5440 μέγα
630 5374 824 5443 χάσμα
843 5375 1158 5451 ἐστήρικται,
1171 5381 1308 5444 ὅπως
1328 5386 1374 5438 οἱ
1392 5387 1611 5449 θίλοντες
1634 5389 1865 5451 διαϐῆναι
1885 5371 2049 5450 ἐντεῦ-

473 5461 554 5515 Θεν
580 5464 710 5537 πρὸς
737 5466 893 5537 ὑμᾶς,
926 5475 994 5540 μή
1027 5469 1296 5540 δύνωνται,
1325 5476 1449 5544 μηδὲ
1469 5480 1516 5532 οἱ
1555 5483 1738 5536 ἐκεῖθεν
1763 5485 1889 5558 πρὸς
1912 5487 2047 5555 ἡμᾶς

472 5551 995 5629 δεαπερῶσιν.-Εἶπε
1023 5563 1344 5640 δί’-ἐρωτῶ
1366 5566 1453 5624 οὖν
1478 5593 1558 5636 σε,
1587 5577 1770 5651 πάτερ,
1799 5580 1881 5632 ἵνα
1912 5583 2042 5650 πέμ-

471 5641 572 5716 ψῃς
597 5646 746 5700 αὐτὸν
771 5651 841 5709 εἰς
866 5651 949 5705 τὸν
970 5648 1094 5705 οἶκον
1125 5662 1216 5709 τοῦ
1239 5659 1434 5732 πατρὸς
1456 5683 1553 5727 μου
1579 5705 1594 5728 ,
1627 5663 1738 5732 ἔχω
1757 5669 1857 5740 ’γάρ
1895 5670 2042 5724 πέντε

471 5735 731 5806 ἀδελφούς,
763 5737 903 5800 ὅπως
933 5740 1337 5821 διαμαρτύρηται
1368 5751 1557 5818 αὐτοῖς,
1582 5753 1662 5807 ’ἱνα
1687 5735 1872 5823 μήγκαί
1898 5761 2044 5812 αὐτοὶ

471 5827 751 5884 είσᾶλθωσεν
769 5834 837 5891 εἷς
861 5834 945 5888 τόν
967 5831 1118 5889 τόπον
1135 5843 1312 5892 τοῦτον
1340 5848 1430 5899 τῆς
1457 5842 2044 5916 βασάνου.εΔίσχυνθή-

469 5938 641 5976 τειραν
679 5918 768 5979 οὖν
802 5925 849 5980 οἱ
874 5927 1156 6001 Ὠριγίνουε
1180 5931 1578 6004 ἀντιποιούμενοι
1612 5939 1696 5990 καί
1731 5939 1787 6003 ἐκ
1827 5946 1926 5996 τῶν
1955 5947 2042 5996 τοῦ

2167 3497 2340 3551 minus
2366 3507 2547 3553 noster
2567 3509 2620 3553 et
2640 3499 2887 3554 Salvator
2905 3500 3146 3555 Christus
3169 3502 3220 3556 in
3243 3502 3532 3572 Evangelia
3555 3520 3742 3560 secun-

2165 3587 2291 3640 dum
2323 3589 2518 3642 Lucam
2551 3590 2602 3642 in
2632 3590 2882 3658 periocha
2914 3590 3096 3645 Lazari
3123 3601 3179 3645 et
3199 3592 3375 3646 divitis
3406 3593 3552 3663 (Luc.
3584 3596 3698 3663 xu)
3725 3613 3740 3650 :

2166 3675 2335 3730 Homo
2380 3679 2586 3748 quidam
2633 3689 2744 3731 erat
2789 3680 2926 3733 dives
2953 3719 2967 3745 ,
3000 3691 3047 3734 et
3077 3682 3381 3736 induebatur
3425 3699 3652 3753 purpura
3693 3693 3742 3738 et

2126 3759 2128 3761 ’
2165 3767 2340 3837 bysso,
2373 3778 2422 3820 et
2447 3768 2748 3837 epulabatur
2781 3772 3009 3840 quotidie
3054 3772 3341 3842 splendide.
3394 3772 3460 3826 Et
3489 3783 3602 3826 erat
3629 3777 3741 3846 qui-
3806 3793 3809 3795 ·

2163 3859 2282 3911 dum
2315 3860 2574 3911 mendicus
2604 3861 2808 3912 nomine
2830 3858 3082 3924 Lazarus,
3104 3863 3187 3930 qui
3210 3860 3418 3930 jacebat
3442 3861 3510 3914 ad
3524 3862 3740 3931 jauuam

2161 3951 2274 4020 ejus
2298 3991 2313 4014 ,
2345 3950 2599 4002 ulceribus
2628 3951 2806 4018 plenus
2833 3994 2847 4017 ,
2890 3953 3097 4021 cupiens
3136 3954 3318 4005 satiari
3366 3954 3428 4006 de
3456 3955 3600 4007 micis
3628 3973 3740 4026 qua:

2163 4039 2413 4093 cadebant
2443 4042 2505 4093 de
2531 4057 2707 4094 mensa
2738 4043 2906 4095 divitis
2938 4059 2954 4094 :
2987 4044 3076 4096 sed
3109 4054 3159 4096 et
3196 4061 3348 4098 canes
3379 4045 3660 4110 veniebant,
3691 4057 3739 4101 et

2162 4131 2421 4201 lingebant
2450 4132 2623 4185 ulcera
2653 4132 2784 4200 ejus.
2833 4131 3052 4185 Factum
3079 4142 3154 4186 est
3184 4144 3354 4188 autem
3379 4144 3434 4187 ιιι
3461 4145 3737 4189 moreretur

2161 4222 2424 4272 mendicus
2446 4262 2459 4284 ,
2490 4229 2538 4272 et
2566 4231 2858 4287 portaretur
2887 4219 2950 4272 ab
2981 4221 3177 4291 angelis
3206 4224 3259 4274 in
3298 4225 3464 4276 sinum
3493 4223 3735 4278 Abrahw.

2160 4309 2397 4364 Mortuus
2426 4321 2500 4364 est
2529 4315 2775 4364 autemet
2806 4313 2940 4366 dives
2963 4355 2978 4380 ,
3007 4324 3056 4366 et
3084 4315 3312 4381 sepultus
3348 4326 3443 4373 est.
3483 4315 3550 4368 Et
3574 4318 3625 4369 in
3651 4319 3736 4371 in-

2161 4401 2306 4469 ferno
2333 4400 2535 4454 elevans
2566 4403 2736 4454 oculos
2765 4419 2882 4455 suos
2909 4419 3022 4455 cum
3049 4415 3178 4457 esset
3207 4405 3259 4457 in
3295 4407 3580 4469 tormentis,
3613 4407 3736 4460 vidit

2158 4488 2418 4542 Abraham
2441 4507 2473 4542 α
2495 4492 2663 4559 longe,
2690 4500 2737 4542 et
2762 4493 2870 4560 ipse
2894 4490 3147 4544 Lazarum
3170 4495 3221 4546 in
3244 4495 3358 4547 sinu
3381 4495 3491 4563 ejus
3513 4511 3532 4547 :
3554 4505 3601 4547 et
3627 4497 3734 4564 ipse

2156 4582 2386 4634 clamans
2412 4581 2582 4634 dixit:
2605 4581 2766 4635 Pater
2792 4583 3070 4648 Abraham,
3101 4586 3338 4638 miserere
3365 4590 3486 4650 mei,
3516 4597 3565 4640 et
3592 4589 3734 4642 mitte

2159 4670 2437 4736 Lazarum,
2459 4682 2515 4724 ιιι
2543 4673 2766 4740 intinqat
2793 4682 3078 4727 extremum
3107 4676 3252 4745 digiti
3273 4677 3352 4729 sui
3376 4679 3430 4730 in
3455 4694 3659 4747 aquam,
3683 4692 3733 4732 et

2087 4750 2131 4807 θ
2155 4775 2420 4844 refrigeret
2446 4775 2671 4843 linguam
2699 4792 2884 4840 meum,
2915 4778 3033 4847 quia
3063 4781 3261 4831 crucior
3289 4781 3341 4832 in
3372 4780 3468 4832 hac
3494 4782 3728 4850 ﬂamma.

2158 4863 2224 4918 Et
2255 4866 2387 4918 dixit
2416 4867 2492 4920 illi
2529 4865 2791 4920 Abraham
2823 4884 2839 4920 :
2872 4867 3017 4934 Fili,
3049 4871 3320 4923 recordare
3349 4871 3470 4942 quia
3499 4873 3730 4942 recepistt

2157 4964 2209 5007 ιιι
2247 4954 2378 5008 bona
2419 4965 2508 5008 tua
2549 4957 2602 5010 in
2630 4957 2734 5010 vita
2771 4967 2859 5010 tua
2883 5000 2898 5025 ,
2938 4969 2986 5011 et
3023 4957 3251 5013 Lazarus
3281 4963 3518 5015 similiter
3553 4962 3726 5026 mala;

2154 5061 2288 5096 nunc
2311 5053 2480 5097 autem
2502 5045 2582 5098 hic
2609 5047 2921 5106 consolatur,
2950 5059 2998 5098 tu
3031 5064 3144 5102 vero
3172 5051 3440 5104 cruciaris.
3475 5049 3543 5102 Et
3567 5051 3619 5103 in
3648 5050 3727 5103 his

2153 5133 2388 5186 erunibus
2417 5134 2548 5187 inter
2572 5151 2665 5188 nos
2688 5144 2736 5188 et
2765 5152 2850 5189 vos
2881 5153 3123 5206 magnum
3146 5139 3302 5191 chaos
3321 5141 3583 5208 ﬁrmatum
3606 5149 3718 5193 est.

2151 5234 2207 5277 ut
2236 5225 2288 5278 hi
2317 5227 2400 5295 qui
2430 5227 2584 5278 velint
2613 5228 2832 5280 transire
2871 5228 2941 5278 ad
2988 5245 3075 5281 vos
3098 5269 3113 5293 ,
3163 5245 3264 5282 non
3293 5233 3488 5298 possint
3512 5272 3527 5297 ,
3565 5247 3725 5303 neque

2145 5314 2269 5366 inde
2293 5315 2388 5366 huc
2422 5325 2753 5368 transmeare.
2801 5315 2867 5368 Et
2893 5318 2967 5369 ait
2996 5334 3015 5370 :
3049 5317 3193 5389 Rogo
3220 5336 3340 5389 ergo
3371 5331 3436 5386 te,
3466 5330 3632 5388 pater,
3660 5331 3718 5374 ut

2149 5406 2324 5458 mittas
2346 5421 2458 5458 eum
2483 5405 2535 5457 in
2566 5405 2770 5458 domum
2798 5408 2963 5476 patris
2991 5408 3089 5460 mei
3105 5425 3122 5470 ;
3153 5409 3314 5463 habeo
3341 5410 3477 5463 enim
3503 5411 3721 5483 quinque

2148 5496 2334 5566 fratres
2365 5511 2382 5546 :
2409 5505 2462 5546 ut
2486 5503 2694 5548 testetur
2720 5496 2847 5562 illis,
2877 5513 2942 5549 ne
2968 5508 3018 5550 et
3047 5499 3147 5566 ipsi
3171 5502 3375 5554 veniant
3403 5503 3454 5554 in
3485 5503 3616 5555 hunc
3641 5502 3718 5558 lo-

2149 5598 2264 5635 cum
2293 5591 2679 5636 tormentorum.
2713 5583 3066 5649 Quamobrem
3098 5588 3295 5655 pudeat
3322 5604 3416 5643 eos
3442 5591 3531 5657 qui
3558 5598 3708 5646 tuen-

2148 5677 2235 5724 tur
2259 5670 2538 5738 Origenem
2568 5673 2651 5726 vel
2678 5689 2743 5726 ex
2771 5675 2938 5728 sancti
2969 5675 3238 5742 Evangelii
3268 5678 3462 5731 verbis.
3493 5677 3549 5732 Si
3573 5679 3715 5732 enim

2148 5743 2277 5816 ante
2302 5763 2491 5816 animm
2519 5779 2676 5832 quam
2716 5780 2942 5834 corpora
2971 5765 3209 5832 fuissent,
3239 5779 3625 5836 cognoscerent
3650 5785 3714 5825 ea

2147 5866 2266 5920 qua:
2294 5860 2416 5908 ante
2442 5867 2638 5922 corpus
2663 5852 2912 5909 iecissent
2935 5897 2950 5920 ,
2991 5858 3438 5926 quemadmodum
3467 5869 3587 5928 post
3615 5862 3710 5914 mi-

2147 5941 2442 6011 grationem
2479 5956 2512 6002 ο
2554 5942 2664 5997 vita
2709 5945 3121 6004 reminiscuntur
3159 5961 3223 6004 ea
3259 5963 3380 6006 ante
3405 5950 3460 6006 in
3486 5964 3710 6022 corpore
