4102 6538
331 400 432 468 961

1396 396 1627 457 LIBER
1667 396 2064 457 ADVERSUS
2103 396 2529 457 ORIGENEM.

3490 401 3595 468 962

325 505 473 578 ἅγιον
510 504 800 576 εὐαγγελίου
838 503 1093 575 ῥημάτων.
1124 504 1180 556 Εἰ
1205 504 1305 577 γὰρ
1334 508 1677 576 προϋπῆρχον
1714 498 1768 551 αί
1796 497 1897 567 ἰνα
1928 524 1939 557 Α

2044 504 2275 567 asserunt
2303 512 2316 555 ;
2359 496 2462 549 hoc
2488 496 2629 549 enim
2652 511 2682 551 e
2710 497 2888 552 verbis
2932 499 3101 554 sancti
3130 497 3403 566 Evangelii
3431 498 3560 554 didii

329 597 429 668 χαὶ
449 602 549 649 τῶν
574 595 1144 665 σωμάτων,“έγίνωσκον
1174 588 1233 646 ἂν
1263 594 1345 646 καί
1372 594 1437 644 τὰ
1462 592 1563 663 πρό
1591 595 1681 645 τοῦ
1718 591 1899 659 σώμα-

326 705 413 746 τος
437 687 611 746 αὑταῖς
636 686 947 756 πραχθέντα,
976 687 1201 757 καθάπερ
1223 687 1307 738 καί
1341 686 1471 754 μετά
1503 704 1592 740 τιν
1622 682 1847 735 ἀποϐίωσ
1860 701 1902 733 ιν

2005 588 2192 641 cimus.

329 778 607 847 μέμνηνται
657 783 754 829 τῶν
780 773 863 830 διὰ
899 779 993 829 τοῦ
1035 776 1275 843 σώματος
1317 775 1496 832 αὑταῖς
1548 771 1934 840 πεπραγμένων.
1971 772 2131 820 Τοῦτο
2178 766 2275 839 γὰρ
2323 767 2375 819 ἐκ
2407 773 2507 820 τῶν
2548 766 2743 839 ῥήσεων
2784 773 2873 822 τοῦ
2915 767 3060 839 ἁγίου
3085 769 3370 842 εὐαγγελίου
3411 768 3577 825 ἐδιδά-

332 869 551 936 χθημεν.

403 952 513 1009 Ὀτι
547 952 599 1007 δέ
638 960 749 1014 ταῖς
792 952 1137 1011 θεοπνεύστοις
1176 957 1391 1025 γραφαῖς
1435 950 1818 1007 ἀκολουθοῦντες
1858 949 1903 1000 οί

334 1046 469 1120 ἅγιοι
496 1047 711 1119 πατέρες
738 1047 803 1098 τὰ
822 1051 1035 1099 τοιαῦτα
1063 1046 1353 1113 κατέκριναν
1381 1042 1631 1113 δόγματα,
1658 1045 1752 1095 σὺν
1774 1048 1904 1114 Ὠρι-

337 1140 465 1210 γένει
491 1144 563 1205 τῷ
590 1144 753 1191 ταῦτα
780 1137 1177 1205 μυθολογήσαντε
1239 1138 1287 1197 ἐξ
1325 1136 1485 1188 αὐτῶν
1512 1142 1610 1187 τῶν
1639 1136 1906 1205 εἰρημένων

341 1238 446 1287 τοῖς
473 1228 632 1299 ἁγίοις
656 1230 879 1302 πατράσι
905 1234 982 1280 καῖ
1012 1225 1106 1283 ἠδη
1135 1229 1220 1297 μὲν
1246 1232 1414 1296 σαφῶς
1445 1223 1794 1293 ἀπεδείξαμεν,
1828 1224 1910 1273 οὑ-

338 1319 417 1374 δέν
445 1318 497 1373 δὲ
538 1318 683 1379 ἧττον
723 1323 801 1371 καί
831 1317 912 1371 διὰ
953 1325 1049 1371 τῶν
1090 1319 1256 1385 ἑφεξῆς
1283 1323 1575 1389 μαρτυριῶν
1618 1322 1725 1389 τῶν⁹
1763 1314 1916 1381 έιγίων

337 1412 569 1484 πατέρων
596 1408 940 1479 ἀποδείξομεν,
979 1411 1061 1460 καὶ
1092 1415 1286 1482 πρῶτον
1321 1408 1406 1459 τόν
1435 1405 1575 1475 ἅγιον
1600 1406 1780 1477 Πέτρον
1806 1404 1914 1455 ἐπί-

339 1522 526 1555 σκοπον
551 1496 914 1570 Ἀλεξανδρείας
941 1497 1200 1568 γενόμενον
1240 1499 1321 1549 καί
1347 1496 1587 1569 μάρτυρα
1621 1491 1914 1566 παραθησό-

340 1591 485 1662 μεθα,
509 1596 615 1646 τοῖς
646 1583 896 1646 τοιούτοις
925 1588 1061 1653 ἡμῶν
1091 1590 1450 1657 μαρτυροῦντα
1477 1583 1660 1652 λόγοις.

414 1684 517 1733 Τοῦ
551 1676 697 1750 ἁγίου
737 1679 920 1744 Πέτρου
952 1675 1234 1728 ἐπισκόπου
1259 1677 1343 1726 καί
1366 1674 1624 1746 μάρτυρος
1648 1679 1738 1729 τῆς
1764 1690 1847 1737 μη
1860 1691 1920 1722 α·

2078 944 2232 1011 Quod
2260 954 2436 999 autem
2465 961 2518 999 et
2546 948 2712 1000 sancti
2753 946 2958 1013 Patres,
2987 958 3268 1017 sequentes
3296 951 3582 1021 inspiratas

2010 1034 2261 1087 divinitus
2285 1034 2604 1103 Seriptnras,
2636 1037 2793 1090 talem
2815 1038 3111 1091 doctrinam
3138 1040 3577 1105 condemnarunt,

2012 1141 2115 1177 una
2129 1142 2247 1180 cum
2272 1123 2519 1191 Origene,
2536 1127 2623 1193 qui
2645 1127 2756 1180 haec
2776 1138 3107 1181 commentus
3126 1142 3225 1193 est,
3238 1130 3344 1197 jam
3367 1133 3581 1199 quidem

2014 1230 2081 1267 ex
2113 1214 2174 1268 iis
2202 1229 2321 1283 qua:
2366 1215 2437 1267 illi
2489 1214 2766 1280 dixerunt,
2800 1228 2984 1286 aperte
3013 1223 3341 1274 ostendimus
3368 1239 3380 1272 :
3408 1224 3573 1275 nihilo

2018 1310 2193 1356 tamen
2217 1303 2391 1356 secius
2421 1311 2475 1355 et
2503 1318 2567 1356 ex
2599 1304 2995 1373 insequentibus
3027 1305 3237 1361 Patrum
3271 1310 3585 1364 testimoniis

2016 1407 2196 1445 sumus
2220 1392 2654 1447 demonstraturi.
2706 1395 2783 1448 Ac
2827 1396 3053 1463 primum
3080 1410 3319 1453 sanctum
3352 1402 3582 1464 Petrum,

2016 1483 2104 1550 qui
2126 1482 2403 1550 episc0pus
2424 1483 2753 1537 Alexandria:
2776 1496 2829 1538 et
2849 1496 3047 1557 martyr
3068 1488 3185 1553 fuit,
3208 1506 3585 1558 proponemus,

2020 1574 2382 1626 testimonium
2415 1577 2607 1629 nostris
2629 1576 2708 1631 his
2729 1581 3063 1634 sermonibus
3094 1584 3482 1651 perhibentem.

2093 1664 2149 1717 S.
2176 1663 2316 1718 Petri
2341 1667 2574 1736 episcopi
2598 1670 2929 1725 Alexandriae
2951 1683 3005 1726 et
3032 1678 3298 1747 martyris,
3323 1693 3389 1732 ex
3419 1680 3587 1747 primo

342 1767 593 1826 λοπόλεως
614 1764 996 1837 Ἀλεξανδρεὺς,
1032 1766 1083 1817 ἐκ
1123 1770 1212 1818 τοῦ
1240 1767 1443 1837 πρώτου
1471 1764 1644 1833 λόγου,
1674 1764 1788 1837 περί
1829 1766 1919 1813 τοῦ

2044 1769 2289 1818 sermone,
2321 1757 2462 1824 quod
2494 1774 2593 1812 nec
2620 1763 2937 1827 prmexstitit
2955 1764 3149 1830 anima,
3176 1781 3292 1831 nec,
3322 1784 3441 1821 cum
3471 1785 3589 1838 pec-

345 1855 471 1929 μηδέ
515 1858 876 1933 προῒπὰρχειν
917 1862 1005 1912 την
1033 1854 1211 1923 ψυχήν
1257 1853 1381 1923 μηδὲ
1422 1853 1811 1924 ἁμαρτήσασαν,
1838 1848 1920 1902 διὰ

345 1957 501 2008 τοῦτο
531 1957 600 2011 εἰς
625 1959 775 2020 σῶμα
802 1950 1060 2018 βληθῆναι·
1097 1966 1114 1999 ε
1138 1949 1404 2020 ⁸Ηγοὺμεθα
1426 1949 1493 2001 τὰ
1522 1949 1747 2018 περὶτοῦ
1778 1946 1922 2020 πρώ-

346 2062 439 2096 του
486 2042 539 2094 ἐκ
564 2048 654 2098 τῆς
680 2048 771 2109 γῆς
803 2043 981 2109 χοϊκοῦ
1053 2038 1368 2109 γεγενημένου
1401 2037 1664 2109 ἀνθρώπου
1708 2033 1925 2108 παραθέ-

348 2134 488 2189 σθαι,
520 2130 644 2204 πρός
665 2129 720 2183 τό
746 2128 905 2192 δεῖξαι
930 2129 1012 2182 ἕνα
1050 2130 1134 2181 καί
1156 2127 1238 2182 τόν
1266 2126 1411 2180 αὑτόν
1436 2128 1482 2177 ἐν
1509 2132 1581 2193 τῷ
1604 2125 1742 2193 αὑτῷ
1767 2129 1926 2197 καιρῷ

349 2221 632 2291 γενόμενον,
665 2214 754 2271 κᾶν
775 2226 990 2291 μερικῶς
1034 2237 1156 2271 ποτε
1200 2216 1225 2269 6
1254 2215 1354 2269 ἔσω
1387 2218 1469 2270 καί
1499 2214 1595 2278 ἔξω
1621 2215 1819 2286 λέγηται
1845 2212 1927 2267 ἆν-

351 2313 570 2384 θρωπος.
594 2312 649 2363 Εί
674 2310 770 2381 γὰρ
797 2311 881 2361 καί
909 2309 1041 2361 κατὰ
1076 2308 1162 2359 τόν
1197 2309 1445 2375 σωτήριον
1466 2305 1629 2374 λόγον,
1660 2303 1685 2356 ό
1711 2307 1929 2362 ποιήσας

353 2402 418 2456 τὰ
447 2400 655 2464 ἔσωθεν,
686 2402 770 2452 καί
796 2400 861 2453 τὰ
885 2396 1063 2460 ἔξωθεν
1091 2398 1343 2458 ἐποίησεν,
1376 2395 1479 2449 ἀλλ’
1514 2390 1603 2448 οῦν
1627 2415 1683 2466 γε
1714 2395 1927 2466 ἐφάπαξ,

354 2494 441 2546 καί
468 2494 517 2545 έν
556 2492 624 2545 ένί
651 2498 830 2562 καιρῷ,
875 2491 1113 2543 τουτέστι
1139 2496 1201 2562 τῇ
1241 2491 1370 2561 αὑτῇ
1397 2489 1579 2560 ἡμέρᾳ,
1615 2486 1698 2541 ὅτε
1742 2483 1879 2540 εἶπεν
1906 2485 1931 2539 6

356 2584 867 2648 Θεόςν--Ποιησωμεν
884 2576 1139 2652 ἄνθρωπον
1157 2580 1267 2632 κατ’
1282 2578 1442 2631 εἰκόνα
1462 2580 1543 2630 καί
1563 2576 1797 2645 ὁμοίωσιν
1814 2578 1933 2644 ἡμι-

358 2674 526 2747 τέραν.
553 2700 621 2710 -
650 2681 733 2730 Ὠς
756 2672 807 2722 ἐκ
832 2671 1010 2723 τούτου
1041 2668 1244 2723 εὔδηλον
1272 2665 1416 2732 εἶναι,
1445 2666 1521 2722 ὅτι
1553 2669 1637 2719 οὑκ
1662 2668 1763 2719 ἀπὸ
1786 2663 1936 2719 συνό-

360 2760 475 2817 δου.
491 2765 558 2820 ὡς
582 2760 820 2834 πραόνως
846 2764 979 2818 τινς
1003 2761 1194 2833 ἑτέρου,
1213 2764 1298 2812 καί
1328 2760 1406 2830 ἀφ’
1439 2760 1609 2831 έτέρου
1634 2760 1793 2812 τόπου
1816 2778 1938 2810 συν-

363 2852 679 2913 εληλυθότος,
732 2852 1036 2921 γεγέννηται.
1070 2852 1121 2900 Εἰ
1146 2852 1241 2923 γὰρ
1272 2847 1481 2908 σύνοδος
1504 2846 1581 2913 ἦν,
1614 2851 1745 2908 τίνος
1781 2848 1939 2901 ἕνεκεν

363 2945 449 2995 καί
475 2943 532 2995 τό
562 2944 889 3010 πεποιημένον
918 2941 1198 3013 ἀνεγράφη;
1234 2957 1251 2988 ι
1287 2943 1373 2993 καί
1397 2939 1502 3008 μεθ’
1525 2939 1695 3009 ἕτερου
1726 2957 1743 2989 ι
1777 2935 1937 2992 Ὥστε

366 3035 455 3086 οὑκ
474 3032 736 3101 ἐνδέχεται
752 3038 850 3104 πρὸ
869 3032 1118 3099 σωμάτων
1147 3034 1338 3104 οὐρανῷ
1354 3030 1650 3104 ἁμαρτάνων
1668 3025 1757 3097 μί’.
1778 3027 1943 3103 ἆμαρ-

365 3122 550 3189 τάνεινὶ
581 3124 782 3191 ψυχὰς.
812 3121 932 3193 μηδὲ
966 3121 1082 3181 ὅλως
1119 3124 1217 3196 πρό
1246 3129 1493 3194 σωμάτων
1522 3120 1844 3179 ὑποστάσας.
1878 3122 1943 3173 Τό

368 3220 471 3287 γὰρ
490 3215 693 3285 μαθημα
718 3221 865 3267 τοῦτο
894 3222 981 3273 τῆς
1012 3213 1283 3270 Ἑλληνικῆς
1314 3213 1426 3265 έστε
1468 3211 1778 3284 φιλοσοφίας.
1806 3211 1943 3273 ξένης

372 3311 456 3360 καί
484 3308 745 3380 ἀλλοτρίας
777 3304 934 3366 οὔσης
963 3314 1061 3359 τῶν
1110 3302 1161 3357 έν
1210 3310 1412 3376 Χριστῷ
1439 3302 1663 3360 εὐσεϐῶς
1705 3301 1941 3355 θελόντων

371 3402 478 3471 ξεῖνε
519 3416 535 3446 ι

444 3490 541 3537 Τοῦ
580 3484 737 3536 αὑτοῦ
778 3484 829 3533 in
864 3489 954 3539 τῆς
978 3485 1363 3558 μυσταγωγίᾳς,
1405 3480 1462 3541 ἧς
1496 3479 1773 3539 έποιήσατο
1820 3481 1947 3551 πρὸς

373 3577 460 3631 τὴν
488 3573 766 3634 ἐκκλησίαν,
795 3572 980 3641 μέλλων
1019 3573 1103 3626 τόν
1130 3580 1219 3627 τοῦ
1250 3577 1533 3648 μαρτυρίου
1560 3575 1803 3645 στέφανον
1829 3573 1947 3626 ἁνα-

380 3659 626 3733 δέχεσθαι
669 3662 787 3714 «Διά
815 3667 965 3714 τοῦτο
993 3663 1288 3735 παρακαλῶ,
1316 3672 1629 3737 γρηγορεῖτε,
1661 3661 1738 3717 ὅτι
1758 3666 1828 3721 εἰς
1854 3663 1951 3715 θλί-

376 3753 463 3822 ψεν
506 3754 651 3807 πάλιν
692 3752 893 3822 μέλλετε
944 3754 1178 3806 εἰσελθεῖν
1233 3753 1409 3809 Οἴδατε
1460 3757 1652 3812 πόσους
1692 3751 1951 3813 κινδύνους

376 3843 639 3914 ὑπέμεινεν
679 3842 705 3895 6
753 3842 1040 3915 ἀναθρέφας
1079 3863 1141 3909 με
1184 3848 1357 3916 πατήρ
1402 3865 1500 3913 μου
1550 3846 1629 3896 καὶ
1680 3844 1952 3900 ἐπίσκοπος

378 3936 560 3989 Θεονᾶς
595 3932 693 3984 ἀπὸ
719 3936 1020 4000 μαινομένων
1046 3933 1117 3989 είς
1143 3933 1207 3984 τὰ
1236 3928 1413 3983 εἴδωλα
1431 3945 1444 3958 ’
1482 3926 1539 3983 οὑ
1570 3932 1654 3982 καί
1683 3929 1765 3981 τὸν
1789 3930 1952 3999 θρόνον

379 4018 688 4091 δκδεξάμην.
720 4019 814 4073 εἴθε
855 4018 907 4074 δὲ
943 4024 1024 4073 καί
1063 4023 1144 4074 τὸν
1168 4023 1373 4094 τρόπον·
1403 4023 1471 4078 ὡς
1516 4019 1569 4073 δέ
1609 4022 1692 4072 καί
1732 4018 1757 4072 6
1796 4021 1953 4088 μέγας

380 4114 635 4172 Διονύσιος
680 4113 1150 4186 κατακρυπτόμενος
1190 4113 1291 4167 ἀπό
1318 4114 1484 4166 τόπων
1512 4112 1582 4171 είς
1619 4112 1828 4171 τόπους,
1876 4114 1955 4163 καί

380 4201 509 4274 πρὸς
533 4198 696 4269 τούτῳ
743 4204 824 4253 καί
865 4202 1128 4255 Σαῆελλίου
1172 4202 1440 4261 θλίϐοντος.
1468 4203 1527 4254 Τί
1562 4199 1613 4255 δέ
1655 4199 1779 4254 εἴπω
1805 4198 1955 4270 Ἦραο

381 4292 501 4345 κλᾶν
542 4296 625 4345 καί
651 4297 950 4364 Δημήτριον,
975 4295 1093 4352 τοὺς
1132 4294 1407 4365 μακαρίους
1454 4291 1784 4356 έπισκόπους,
1817 4293 1954 4350 ο”ους

2028 1852 2219 1907 casset,
2238 1853 2519 1913 propterea
2544 1849 2591 1900 in
2615 1865 2807 1918 corpus
2832 1853 2988 1905 inissa
3003 1862 3113 1908 est:
3138 1873 3154 1905 ι
3181 1856 3433 1910 Duximus
3449 1874 3591 1927 qua}-

2030 1931 2151 1984 dam
2182 1933 2248 1987 de
2280 1936 2449 2002 primo
2480 1951 2508 1988 e
2540 1945 2680 1991 terra
2726 1947 2939 1994 terreno
2971 1943 3184 1998 homine
3227 1949 3591 2015 proponenda,

2030 2030 2088 2075 ut
2110 2023 2503 2078 demonstretur
2525 2043 2685 2080 unum
2714 2038 2768 2081 et
2792 2032 3035 2085 eumdem
3065 2035 3251 2089 eodem
3278 2037 3327 2089 in
3356 2046 3591 2108 tempore

2030 2128 2147 2167 esse
2176 2114 2369 2169 factum
2400 2134 2411 2168 :
2439 2120 2678 2185 quamvis
2700 2122 3090 2188 particulariter
3113 2140 3487 2194 nonnunquam
3520 2130 3592 2181 in-

2033 2204 2199 2256 terior
2227 2214 2280 2257 et
2307 2207 2542 2259 exterior
2564 2208 2725 2263 homo
2755 2210 2975 2265 dicatur.
3006 2212 3134 2266 Nam
3166 2217 3283 2278 etsi,
3311 2218 3593 2271 secundum

2032 2293 2318 2347 salutarem
2349 2310 2648 2350 sermonem
2675 2338 2688 2360 ,
2731 2300 2819 2369 qui
2850 2302 3101 2356 interiora
3131 2303 3253 2359 fecit
3276 2347 3291 2371 ,
3335 2308 3595 2361 exteriora

2036 2397 2250 2450 quoque
2280 2384 2405 2437 fecit
2430 2402 2442 2437 :
2472 2394 2649 2440 tamen
2672 2390 2835 2443 semel
2866 2399 2918 2444 et
2946 2392 3131 2446 eodem
3159 2403 3414 2463 tempore,
3447 2395 3496 2448 id
3522 2404 3597 2450 est

2036 2482 2221 2535 eadem
2251 2484 2336 2536 die
2358 2524 2374 2547 ,
2418 2501 2535 2537 cum
2566 2486 2697 2539 dixit
2728 2488 2866 2543 Deus
2899 2508 2911 2542 :
2940 2489 3215 2546 Faciamus
3255 2495 3509 2549 hominem
3536 2498 3604 2549 ad

2036 2572 2314 2643 imaginem
2353 2588 2400 2628 et
2429 2578 2813 2632 similitudinem
2840 2592 3101 2647 nostram;
3152 2600 3219 2639 ex
3258 2601 3365 2653 quo
3403 2588 3595 2656 perspi-

2038 2677 2195 2716 cuum
2217 2674 2315 2727 est,
2342 2682 2446 2718 non
2468 2682 2534 2719 ex
2557 2682 2865 2736 congressu,
2889 2673 3038 2739 quasi
3063 2674 3258 2741 aliquid
3283 2675 3422 2728 aliud
3452 2683 3597 2731 aute-

2042 2763 2281 2825 cesserit,
2307 2772 2362 2817 et
2382 2779 2447 2817 ex
2469 2766 2575 2818 alio
2597 2766 2716 2820 loco
2739 2772 3068 2837 convenerit,
3090 2770 3281 2825 factum
3306 2788 3440 2826 esse.
3473 2772 3602 2826 Nam

2044 2853 2088 2906 si
2118 2868 2436 2921 congressus
2465 2856 2581 2923 fuit,
2607 2859 2955 2925 quamobrem
2995 2862 3317 2932 descriptum
3356 2872 3437 2919 est
3466 2866 3601 2933 quod

2037 2942 2147 3009 jam
2176 2941 2371 2997 factum
2402 2946 2606 3000 fuerat?
2626 2948 2718 3003 iEt
2746 2956 2859 3014 post
2877 2949 2974 3001 alia
2996 2969 3008 3002 :
3027 2969 3043 2997 ι
3066 2950 3248 3019 Itaque
3277 2968 3385 3008 non
3414 2955 3600 3024 recipi-

2045 3042 2150 3093 tur,
2183 3043 2306 3087 ante
2332 3049 2555 3103 corpora
2584 3035 2635 3088 in
2659 3038 2795 3089 C(BIO
2817 3053 3035 3105 peccare
3062 3040 3285 3105 animas,
3313 3057 3429 3109 qua:
3454 3059 3602 3111 pror-

2045 3137 2135 3175 sus
2162 3136 2227 3175 ne
2268 3132 2391 3174 ante
2419 3140 2643 3193 corpora
2674 3125 2886 3193 quidem
2917 3128 3297 3194 substiterunt;
3329 3133 3439 3186 hzcc
3467 3133 3604 3185 eniul

2047 3212 2284 3266 doctrina
2308 3228 2335 3264 a
2360 3229 2685 3281 paganorum
2715 3216 3045 3285 philosophia
3070 3229 3172 3280 est,
3194 3234 3315 3287 qua:
3336 3224 3605 3290 peregrina

1985 3375 1989 3379 _
2048 3309 2168 3366 est,
2218 3311 2274 3356 et
2322 3304 2388 3357 ab
2435 3305 2497 3357 iis
2544 3304 2753 3372 aliena,
2806 3306 2896 3375 qui
2940 3308 3026 3375 pie
3074 3308 3126 3360 in
3173 3308 3385 3365 Christo
3425 3313 3607 3365 volunt

2047 3393 2248 3446 vivere.
2293 3414 2310 3446 ι

2124 3480 2368 3549 Ejusdem
2396 3498 2462 3536 ex
2500 3486 2829 3555 mystagogia
2867 3501 3023 3553 quam
3056 3486 3180 3542 fecit
3207 3488 3272 3542 ad
3303 3488 3610 3556 Ecclesiam,

2053 3587 2172 3626 cum
2205 3574 2442 3643 martyrii
2474 3591 2725 3629 coronam
2756 3587 3097 3646 suscepturus
3126 3588 3268 3633 esset
3299 3598 3311 3632 :
3349 3600 3367 3630 ι
3400 3580 3610 3651 Propte-

2054 3678 2145 3717 rea
2175 3662 2419 3727 obsecro,
2451 3665 2684 3733 vigilate.
2719 3666 3074 3721 Afﬂictionem
3102 3668 3243 3722 enim
3272 3686 3479 3723 rursum
3506 3673 3611 3725 adi-

2056 3751 2163 3803 turi
2189 3752 2334 3804 estis.
2367 3753 2526 3805 Scitis
2554 3762 2682 3823 quot
2737 3754 2963 3808 subierit
2992 3757 3220 3823 pericula
3260 3758 3348 3823 qui
3378 3774 3463 3812 me
3488 3774 3612 3813 enu-

2054 3842 2200 3895 trivit
2227 3851 2378 3910 pater
2402 3858 2552 3896 meus
2578 3852 2632 3896 et
2660 3845 2941 3913 episcopus
2971 3845 3233 3911 Theonas,
3264 3848 3332 3900 ab
3358 3848 3422 3902 iis
3450 3850 3537 3917 qui
3566 3849 3615 3902 il

2054 3933 2193 3988 idola
2219 3935 2509 3988 insanirent
2533 3955 2545 3987 :
2571 3936 2622 3988 in
2648 3936 2797 4003 cujus
2817 3951 2915 4003 ego
2938 3936 3116 3991 sedem
3147 3939 3393 4001 successi,
3421 3939 3617 3994 utinam

2055 4020 2215 4074 etiam
2246 4020 2298 4073 in
2328 4023 2535 4075 mores!
2582 4024 2729 4076 scitis
2760 4032 2816 4076 ut
2843 4025 3062 4091 magnus
3092 4040 3149 4079 se
3177 4027 3399 4092 gesserit
3427 4026 3615 4097 Diony-

2053 4110 2185 4176 sius,
2222 4110 2310 4177 qui
2339 4126 2397 4164 se
2428 4125 2457 4164 e
2487 4112 2618 4165 locis
2643 4114 2694 4165 in
2726 4113 2841 4167 loca
2871 4114 3116 4178 abdebat,
3142 4130 3257 4169 cum
3286 4116 3501 4186 insuper
3525 4117 3616 4171 Sa-

2058 4197 2247 4251 bellius
2294 4197 2568 4267 afﬂigeret.
2622 4201 2757 4266 Quid
2808 4218 2969 4271 porro
3016 4204 3189 4257 dicam
3236 4201 3513 4259 lleraclam
3564 4215 3620 4261 et

2062 4288 2385 4343 Demetrium
2442 4290 2627 4345 beatos
2682 4293 3005 4361 episcopos?
3064 4294 3247 4362 Quales
3303 4296 3620 4351 tentatioues

382 4385 698 4459 πειρασμοὺς
726 4385 1016 4440 ὑπέστησαν
1044 4384 1143 4436 ὑπὸ
1170 4390 1257 4437 τοῦ
1287 4385 1522 4452 μανέντος
1547 4384 1845 4456 Ὧριγένους,
1870 4404 1933 4433 κα

2057 4380 2420 4434 sustinuerunt
2446 4382 2513 4435 ab
2542 4381 2728 4437 insano
2756 4379 3002 4452 Origene,
3033 4399 3154 4437 cum
3185 4384 3298 4451 ipse
3325 4384 3540 4438 dissidia
3571 4386 3621 4437 in

384 4476 541 4528 αὑτοῦ
568 4478 839 4544 σχίσματα
866 4475 1131 4546 βάλλοντος
1166 4477 1211 4528 έν
1245 4482 1307 4549 τῇ
1336 4475 1593 4546 ἐκκλησίᾳ,
1630 4475 1697 4526 τὰ
1735 4473 1829 4531 ἕως
1864 4475 1956 4528 σή-

385 4585 537 4638 μερον
564 4567 807 4637 ταραχὰς
976 4569 1266 4637 ἐγείραντα;
1288 4584 1307 4615 ι
1326 4574 1431 4625 Πῶς
1452 4566 1614 4619 τοίνυν
1640 4563 1852 4618 δύναταί
1878 4583 1956 4622 τις

384 4662 485 4707 τῶν
522 4649 575 4708 εὖ
600 4657 900 4728 φρονούντων
924 4657 1267 4710 ἐναντιοῦσθαι
1294 4664 1399 4715 τοῖς
1423 4658 1551 4709 κατά
1576 4656 1857 4729 Ὧριγένους
1882 4656 1954 4707 εί-

386 4748 616 4818 ρημένοις
660 4750 802 4817 παρὰ
829 4754 919 4802 τοῦ
950 4747 1092 4820 ἁγίου
1121 4749 1379 4820 μάρτυρος
1404 4750 1491 4799 καί
1518 4746 1795 4799 ἐπισκόπου
1825 4743 1953 4798 Ἀλε-

387 4832 643 4905 ξανδρείας
668 4837 887 4907 Πέτρους
922 4833 978 4894 ὅς
1017 4856 1094 4894 τις
1120 4836 1206 4889 τόν
1236 4835 1380 4888 καλὸν
1406 4834 1537 4907 ὑπέρ
1574 4840 1793 4906 Χριστοῦ
1833 4835 1952 4886 ἀνα·

389 4917 653 4991 δεξάμενος
696 4926 895 4991 ἀγῶνα,
929 4925 985 4975 οὑ
1031 4924 1176 4992 μόνον
1220 4923 1532 4995 ἀπεκήρυξεν
1583 4923 1834 4995 Ὠριγένην
1874 4923 1960 4974 καί

389 5011 453 5062 τὰ
480 5011 690 5087 μυσαρά
724 5014 884 5065 αὑτοῦ
928 5010 1177 5082 δόγματα,
1220 5012 1339 5064 ἀλλὰ
1380 5015 1464 5064 καὶ
1505 5019 1762 5084 μαρτυρεῖ
1806 5014 1873 5070 ὡς
1914 5010 1959 5063 oi

390 5102 492 5171 πρὸ
522 5101 677 5154 αὑτοῦ
711 5101 846 5169 ἅγιοι
871 5103 1086 5176 πατέρες
1111 5102 1323 5161 πολλοὺς
1352 5102 1620 5170 ὑπέμειναν
1648 5102 1960 5171 πειρασμοὺς

390 5190 491 5243 ἀπό
516 5198 606 5249 τῆς
630 5193 813 5244 έκείνου
843 5192 1247 5265 φρενοϐλαϐείας.

464 5275 581 5331 Εἶπε
608 5278 660 5332 δέ
688 5283 768 5332 καὶ
794 5282 818 5333 6
849 5282 895 5332 ἐν
919 5280 1076 5351 ἁγίοις
1097 5280 1411 5339 ’Δθανάσιος,
1446 5277 1725 5336 ἐπίσκοπος
1759 5280 1843 5331 καί
1868 5280 1961 5330 αὑ·-

393 5369 483 5427 τός
506 5368 871 5443 Ἀλεξανδρείας
898 5368 1170 5442 γενόμενος,
1195 5373 1244 5425 ἐν
1279 5379 1351 5442 τῷ
1390 5370 1516 5439 λόγῳ
1543 5378 1613 5437 τῷ
1650 5372 1720 5427 είς
1745 5372 1828 5424 τόν
1854 5370 1961 5439 βίον

397 5465 494 5512 τοῦ
522 5466 773 5534 μακαρίου
791 5461 1261 5525 Ἀντωνίου,ταῦτα·
1290 5470 1421 5520 cna);
1454 5460 1506 5514 δέ
1534 5462 1802 5531 χλευάζειν
1828 5464 1961 5529 ἡμᾶς

396 5547 609 5616 aliaat:
636 5551 863 5620 λέγοντας
886 5552 961 5614 τό,
1007 5555 1217 5623 Χριστὸν
1244 5549 1502 5624 ἄνθρωπον
1546 5554 1923 5622 πεφανερῶσθαι
1942 5593 1957 5618 ,

399 5636 583 5709 ὅποηγε
611 5642 753 5711 ὑμεῖς
795 5646 849 5695 ἐκ
889 5651 977 5697 τοῦ
1006 5650 1092 5696 νοῦ
1121 5650 1209 5701 τήν
1235 5644 1413 5714 ψυχήν
1452 5644 1720 5719 ὁρίζοντες,
1750 5648 1958 5715 φάσκετε

400 5729 745 5790 πεπλανῆσθαι
772 5736 945 5795 αὐτὴν,
974 5737 1056 5787 καί
1090 5736 1404 5789 πεπτωκέναι
1430 5736 1531 5789 ἀπὸ
1556 5742 1645 5793 τῆς
1670 5733 1847 5803 ἁψῖδος
1873 5742 1961 5788 τοῦ

404 5818 620 5888 οὐρανοῦ
650 5824 720 5883 είς
757 5830 939 5894 σῶμα;
973 5841 991 5874 ι
1031 5832 1114 5879 Δεῖ
1137 5825 1415 5899 προσέχειν
1444 5827 1564 5884 τοὺς
1589 5826 1961 5901 ἀκροωμένους,

2057 4471 2296 4527 Ecclesia
2325 4482 2565 4537 sereret,
2604 4488 2721 4541 qua:
2749 4476 2813 4527 ad
2845 4477 2980 4529 hanc
3006 4490 3171 4543 usque
3196 4474 3335 4529 diem
3367 4477 3414 4529 ei
3446 4477 3622 4530 turbas

2057 4563 2326 4616 excitant?
2362 4581 2379 4614 ι
2411 4562 2491 4615 An
2523 4563 2680 4631 igitur
2702 4573 2878 4632 potest
2906 4564 3094 4632 aliquis
3122 4564 3257 4617 bene
3284 4565 3623 4618 sentientium

2058 4650 2123 4705 iis
2166 4652 2433 4705 adversari
2459 4694 2475 4718 ,
2514 4668 2631 4720 qua:
2674 4654 2725 4706 in
2755 4651 3034 4719 Origenem
3062 4652 3200 4706 dicta
3231 4661 3353 4705 sunt
3381 4668 3410 4704 a
3440 4662 3625 4706 sancto

2061 4750 2292 4811 martyre
2316 4752 2369 4795 et
2393 4743 2644 4811 episcopo
2666 4744 2994 4797 Alexandria:
3018 4742 3211 4797 Petro?
3239 4743 3329 4811 qui
3355 4744 3625 4811 egregium

2060 4849 2157 4903 pro
2187 4832 2398 4887 Christo
2426 4844 2693 4889 certamen
2740 4836 3031 4903 suscipiens
3053 4874 3068 4898 ,
3108 4849 3214 4888 non
3243 4834 3412 4887 solum
3442 4832 3628 4901 Orige-

2061 4937 2182 4975 nem
2210 4963 2225 4987 ,
2263 4924 2683 4992 sceleratamque
2712 4924 2826 4993 ejus
2851 4924 3149 4978 doctrinam
3180 4923 3446 4977 abdicavit
3471 4964 3486 4988 ,
3528 4924 3627 4978 sed

2046 5012 2218 5086 etiam
2272 5012 2585 5065 testiﬁcatur
2631 5020 2850 5067 sanctos
2896 5013 2986 5080 qui
3039 5020 3161 5066 ante
3201 5014 3371 5082 ipsum
3419 5012 3629 5067 fuerant

2062 5098 2247 5155 Patres
2294 5102 2487 5155 multas
2530 5102 2842 5157 sustinuisse
2889 5102 3205 5156 tentatioues
3250 5102 3315 5156 ab
3352 5102 3491 5157 illius
3537 5103 3630 5157 deo

2063 5192 2280 5244 mentia.

2140 5279 2279 5333 Dixit
2300 5297 2515 5349 quoque
2542 5292 2757 5336 sanctus
2795 5284 3110 5337 Athanasius
3130 5323 3143 5347 ,
3177 5284 3265 5353 qui
3291 5293 3345 5340 et
3374 5284 3484 5353 ipse
3514 5285 3631 5355 epi-

2067 5386 2258 5440 scopus
2291 5370 2383 5425 fuit
2413 5373 2766 5438 Alexandriae,
2799 5374 2849 5427 in
2879 5390 3125 5429 sermone
3151 5375 3216 5429 de
3244 5376 3382 5429 beati
3414 5376 3632 5431 Antonii

2066 5462 2171 5513 vita
2208 5479 2219 5513 :
2258 5481 2276 5512 ι
2305 5461 2582 5527 Quomodo
2620 5478 2717 5517 nos
2756 5464 2976 5519 irridere
3020 5466 3226 5519 audetis
3249 5507 3265 5531 ,
3293 5466 3382 5534 qui
3408 5466 3635 5520 dicimus

2068 5550 2332 5606 Christum
2378 5554 2645 5607 hominem
2685 5556 3081 5610 manifestatum
3114 5558 3266 5611 esse?
3304 5572 3427 5611 cum
3456 5565 3509 5610 et
3539 5573 3635 5610 vos

2069 5642 2136 5696 de
2148 5643 2565 5696 menteauimam
2584 5660 2703 5698 esse
2715 5644 3049 5713 deﬁnientes,
3064 5661 3180 5700 eam
3203 5661 3407 5701 errasse
3420 5646 3637 5711 dicatis,

2069 5748 2133 5787 ac
2180 5733 2247 5786 de
2293 5734 2473 5801 apside
2513 5735 2632 5790 cmli
2661 5736 2713 5789 in
2744 5751 2941 5805 corpus
2969 5737 3258 5791 cecidisse?
3294 5755 3312 5788 ι
3347 5737 3635 5791 Atteuaant

2068 5824 2159 5892 qui
2187 5823 2447 5892 audiunt,
2487 5835 2727 5884 sanctum
2757 5826 3106 5883 Athanasium
3134 5827 3197 5882 iis
3225 5835 3408 5896 aperte
3437 5828 3626 5881 adven
