4112 6596
385 419 400 434 ’
463 447 570 512 963

1779 426 2219 491 JUSTINIANI
2258 423 2416 483 IMP.

3624 407 3728 470 θυι

471 552 550 612 δτι
576 548 602 604 ὃ
626 549 676 602 έν
711 544 872 616 ἁγίοις
906 543 1198 605 ’Δθανάσιος
1241 553 1417 616 σαφῶς
1460 545 1773 598 ἐναντιοῦται
1821 546 1927 598 τοῖς
1966 532 2046 591 λέο

2168 526 2252 581 ari
2280 526 2372 596 qui
2393 533 2625 579 mentem
2645 529 2989 594 prreexistere
3009 521 3212 586 dicunt,
3237 527 3292 575 et
3311 533 3378 572 ex
3401 530 3464 572 ea
3485 516 3714 568 animam

474 662 626 714 γουσι
666 639 1020 714 προύπάρχειν
1043 640 1128 693 τὸν
1158 645 1291 700 νοῦν,
1331 643 1414 693 καί
1453 639 1505 692 ἐκ
1543 640 1727 693 τούτου
1748 638 2045 709 γεγενῆσθαι

474 745 564 794 τήν
592 735 769 806 ψυχὴν
795 734 1188 806 ἁμαρτήσασαν,
1217 734 1302 783 καί
1337 745 1659 784 πεπτωκυῖαν
1684 730 1784 783 οὶπό
1811 737 1900 787 τῆς
1923 727 2043 798 ἀψῖ-

475 825 558 887 ὂος
583 831 677 880 τοῦ
698 825 902 900 ούρανοῦ
929 824 1000 882 εἰς
1029 829 1194 890 σῶμα.

545 943 646 992 Τοῦ
689 940 840 990 αὐτοῦ
879 936 1024 1006 άγίου
1059 935 1340 989 ’Δθανασίου
1381 933 1439 986 έκ
1474 939 1564 986 τοῦ
1615 934 1744 986 κατά
1786 931 2041 995 Ἀρειανῶν

478 1016 717 1090 δευτέρου
746 1017 924 1090 λόγου’
951 1037 969 1069 ι
994 1023 1140 1072 Πᾶσα
1162 1021 1190 1075 ἠ
1214 1017 1472 1087 φαινομένη
1511 1016 1676 1074 κτίσις
1705 1013 1753 1064 ἓν
1779 1011 1830 1076 ἓξ
1850 1010 2058 1081 ἡμέραις

479 1108 666 1176 γέγονεο
695 1109 778 1160 καί
891 1110 979 1176 μέν
1003 1109 1173 1181 πρώτῃ
1195 1109 1253 1160 τὸ
1275 1113 1399 1176 φῶς,
1430 1101 1553 1178 ὅπερ
1583 1103 1811 1156 ἐκάλεσεν
1835 1102 2056 1172 ἡμέρανο

481 1203 544 1266 τῇ
570 1193 622 1249 δέ
652 1193 860 1271 δευτέρᾳ
883 1199 942 1251 τὸ
969 1197 1258 1269 στερέωμα,
1292 1197 1377 1248 καί
1403 1202 1465 1267 τῇ
1495 1198 1640 1267 τρίτῃ
1669 1193 1971 1262 συναγαγὼν
1995 1191 2058 1244 τά

481 1284 664 1350 ὕδατα,
700 1285 854 1348 ἔδειξε
901 1291 992 1345 τὴν
1028 1289 1204 1358 ξηρὰν,
1246 1289 1325 1337 καί
1364 1287 1485 1342 τούς
1533 1286 1583 1336 ἐν
1628 1285 1756 1353 αὐτῇ
1797 1281 2059 1338 ποικίλους

481 1379 738 1447 προήγαγε
779 1381 1027 1447 καρπούς,
1056 1379 1143 1430 καί
1171 1382 1230 1446 τῇ
1269 1375 1487 1446 τετάρτῃ
1530 1373 1768 1426 πεποίηκε
1806 1370 1890 1423 τὸν
1925 1369 2059 1426 ἥλιον

481 1468 676 1522 χαίτην
711 1467 937 1527 σελήνην,
968 1470 1050 1518 καί
1079 1468 1245 1519 πάντα
1271 1465 1357 1516 τὸν
1393 1469 1490 1516 τῶν
1525 1463 1751 1534 ἀστέρων
1786 1461 1966 1534 χορὸν·
1998 1466 2060 1533 τῇ

483 1553 536 1608 δέ
563 1557 773 1627 πέμπτῃ
798 1565 895 1611 τῶν
924 1557 971 1609 ἐν
1095 1556 1314 1628 θαλάττῃ
1344 1556 1504 1617 ζώων,
1532 1556 1617 1607 καί
1643 1561 1742 1606 τῶν
1773 1553 1819 1603 έν
1849 1559 1920 1620 τῷ
1951 1553 2062 1623 άερι

481 1651 718 1696 πετεινῶν
745 1649 835 1702 τήν
867 1645 1060 1715 γένεσιν
1089 1641 1284 1697 ἒκτισε⁶
1406 1641 1460 1694 δὲ
1489 1641 1604 1712 ἕκτῃ
1645 1639 1940 1713 τετράποδα
1979 1641 2063 1691 ἐπὶ

479 1740 572 1792 τῆς
600 1741 690 1806 γῆς
718 1737 980 1792 πεποίηκε,
1005 1736 1088 1787 καί
1107 1733 1280 1786 λοιπὸν
1307 1733 1390 1786 τὸν
1410 1729 1670 1804 ἄνθρωπον
1691 1733 1773 1784 τὸν
1799 1731 1852 1782 ἐκ
1881 1729 2062 1798 ψυχῆς

479 1821 672 1889 λογικῆς
701 1825 782 1874 καί
801 1830 1057 1892 σώματος.
1085 1825 1244 1875 Τάτε
1276 1822 1522 1898 ἀόρατα
1562 1822 1748 1874 αὐτοῦ
1789 1821 1912 1874 άπὸ
1941 1821 2064 1872 κτί-

2149 623 2343 678 ortam,
2373 630 2492 683 quae
2518 622 2745 684 peccato
2773 627 2832 667 se
2856 612 3265 675 contaminavit,
3296 624 3360 664 ac
3384 622 3414 663 e
3441 605 3563 662 ccli
3589 621 3718 661 cono

2149 723 2288 762 vexo
2315 706 2368 761 in
2397 721 2593 774 corpus
2621 704 2902 760 decidisse.

2226 900 2478 971 Ejusdem
2507 899 2567 956 ε.
2599 899 2874 955 Athanasii
2904 914 2936 954 e
2982 914 3231 954 sermone
3276 909 3515 953 secundo
3544 908 3729 956 contra

2161 993 2386 1045 Arianos
2411 1008 2424 1043 :
2462 1008 2480 1041 ι
2506 988 2690 1046 Omnis
2716 999 2958 1045 creatura
2985 990 3325 1059 aspectabilis
3354 989 3403 1044 in
3426 1006 3519 1044 sex
3548 991 3727 1046 diebus

2161 1084 2298 1137 facta
2325 1092 2440 1149 est;
2486 1099 2548 1138 ac
2574 1085 2746 1152 primo
2783 1084 2996 1152 quidem
3048 1082 3133 1136 die
3180 1083 3267 1135 lux
3293 1123 3308 1148 ,
3339 1098 3496 1151 quam
3525 1084 3727 1137 vocavit

2159 1172 2330 1235 diem;
2361 1172 2599 1226 secundo
2629 1183 2805 1226 autem
2832 1171 3257 1236 ﬁrmamentum;
3293 1173 3472 1238 tertio,
3495 1173 3732 1227 collectis

2161 1263 2312 1328 aquis
2343 1263 2578 1315 ostendit
2607 1262 2828 1323 aridam,
2859 1261 3142 1330 variosque
3172 1261 3222 1313 in
3254 1276 3315 1314 ea
3347 1262 3595 1331 produxit
3622 1261 3732 1315 fru-

2162 1361 2310 1416 ctus;
2343 1360 2554 1419 quarto,
2588 1349 2715 1405 fecit
2743 1351 2911 1405 solem
2943 1359 2998 1404 et
3024 1351 3222 1415 lunam,
3255 1366 3575 1419 omnemque
3603 1352 3734 1406 stel-

2163 1441 2331 1495 larum
2373 1443 2630 1507 chorum;
2679 1441 2883 1511 quinto,
2930 1441 3092 1494 maris
3131 1441 3456 1505 natatilium,
3494 1442 3734 1510 aerisque

2161 1532 2457 1584 volatilium
2479 1531 2876 1598 generationem
2899 1528 3162 1594 condidit;
3185 1537 3356 1593 sexto,
3382 1528 3505 1584 fecit
3524 1530 3575 1582 in
3598 1540 3734 1584 terra

2164 1621 2557 1691 quadrupedes,
2588 1635 2652 1674 ac
2674 1620 2884 1674 demum
2915 1620 3209 1685 hominem,
3230 1619 3320 1686 qui
3349 1634 3418 1673 ex
3446 1620 3622 1673 anima
3648 1636 3735 1676 ra-

2165 1711 2350 1763 tionali
2380 1717 2461 1763 cst
2495 1718 2549 1763 et
2589 1724 2839 1778 corpore.
2887 1710 2958 1761 Ac
3002 1708 3280 1762 invisibilia
3309 1710 3420 1779 ejus
3449 1727 3481 1762 ιι
3509 1719 3737 1763 creatura

2165 1801 2370 1866 mundi,
2400 1815 2489 1868 per
2517 1815 2577 1851 ea
2605 1815 2719 1870 qua?
2745 1800 2884 1869 facta
2920 1806 3039 1851 sunt
3067 1798 3327 1851 intellecta
3361 1800 3730 1866 conspiciuntur

479 1928 638 1970 σεως
676 1910 914 1979 κόσμου
941 1919 1078 1970 τοῖς
1105 1916 1419 1979 ποιήμασι
1452 1913 1769 1976 νοούμενα
1799 1910 2060 1980 καθορᾶ-

2168 1891 2338 1947 (Rom.
2363 1891 2433 1960 1);
2463 1901 2518 1944 et
2546 1905 2719 1959 neque
2740 1890 2829 1943 lux
2859 1897 2940 1944 est
2969 1898 3027 1943 ut
3057 1905 3180 1953 nox,
3205 1905 3380 1958 neque
3404 1890 3486 1944 sol
3514 1898 3570 1944 ut
3593 1890 3739 1953 luna,

479 2019 553 2050 τα
569 2013 608 2051 ι’
626 2001 712 2050 καί
729 1997 842 2053 οὔτε
871 2001 929 2055 τὸ
953 2008 1053 2071 φῶς
1085 2003 1150 2059 ὡς
1178 2002 1208 2057 ἡ
1237 2001 1346 2062 νέξ,
1368 1997 1481 2055 οὔτε
1507 1998 1531 2053 ὁ
1561 1999 1696 2058 ἥλιος
1713 2001 1780 2058 ὡς
1808 2001 1838 2056 ἡ
1865 1999 2058 2056 σελήνη.

479 2086 600 2144 οὗτε
619 2091 683 2143 τὰ
709 2086 866 2163 ἄλογα
894 2093 962 2152 ὡς
993 2091 1231 2163 ὁλογικός
1253 2089 1513 2166 ἅνθρωπός
1541 2091 1696 2153 ἔστιν,
1726 2087 1840 2144 οὔτε
1865 2087 1961 2161 ὄγγ
1989 2089 2064 2142 λοι

480 2181 552 2240 ὡς
571 2180 617 2232 οί
643 2181 832 2256 θρόνοι,
864 2179 980 2236 οὔτε
1019 2179 1163 2236 οὗτοι
1188 2186 1252 2242 ὠς
1282 2183 1333 2236 αἱ
1361 2184 1602 2245 ἐξουσίαν
1634 2182 1754 2237 ἀλλὰ
1782 2183 1945 2235 πάντα
1973 2183 2063 2250 μέν

484 2272 595 2325 ἐστι
630 2272 904 2340 κτίσματα,
929 2272 1140 2326 ἕκαστον
1166 2271 1216 2326 δέ
1241 2280 1342 2327 τᾶν
1379 2273 1650 2344 γενομένων
1679 2272 1812 2324 κατά
1839 2272 1977 2341 γένος
2001 2280 2061 2341 τῇ

487 2359 591 2433 ἰδίᾳ
630 2363 780 2435 οὐσίᾳ
809 2365 876 2422 ὡς
903 2365 1119 2434 γέγονεν,
1144 2365 1256 2420 ἔστι
1285 2366 1366 2418 καί
1391 2365 1574 2432 μένει.»
1604 2361 1726 2416 ’ἰδοὺ
1753 2364 1832 2415 καί
1867 2360 1892 2416 ὁ
1923 2360 2064 2434 ἅγιος

486 2449 777 2518 ’Δθανάσιος
818 2449 1196 2522 παραδίδωσεν,
1237 2450 1314 2505 ὅτι
1349 2453 1477 2521 μετὰ
1517 2452 1685 2505 πάντα
1712 2453 1776 2504 τὰ
1803 2453 2064 2521 κτίσματα

486 2539 721 2596 εποίησεν
749 2538 774 2592 ὁ
799 2543 924 2599 Θεὸς
957 2542 1041 2593 τὸν
1072 2537 1352 2614 ἄνθρωπον,
1382 2544 1468 2594 τὸν
1497 2543 1550 2593 ὲκ
1582 2545 1817 2612 σώματος
1851 2546 1932 2594 καὶ
1961 2542 2064 2611 ψυ-

489 2636 593 2697 χῆς
628 2635 806 2705 νοερᾶς
851 2635 932 2684 καί
967 2631 1186 2701 λογικῆς.
1220 2634 1291 2685 Ού
1333 2635 1433 2706 γάρ
1487 2628 1595 2686 εἷπε
1641 2634 1699 2686 τὸ
1744 2641 1894 2702 σῶμα
1934 2637 2063 2701 μετὰ

488 2719 656 2771 πάντα
702 2721 959 2790 γενέσθαι,
1001 2721 1087 2774 ἵνα
1130 2723 1557 2794 προϋπάρχουσα
1597 2725 1628 2779 ἡ
1663 2721 1815 2792 ψυχὴ
1867 2723 2062 2792 εἰσέλθῃ

485 2805 538 2858 έν
557 2809 710 2879 αὐτῷ·
737 2808 839 2860 ἀλλ’
859 2805 965 2862 εἶπε
991 2812 1117 2880 μετά
1143 2814 1310 2866 πάντα
1332 2815 1396 2866 τὰ
1418 2815 1675 2882 κτίσματα
1695 2813 1776 2866 τὸν
1803 2809 2062 2883 ἄνθρωπον

485 2898 812 2970 γεγενῆσθαι,
842 2903 924 2952 τν
953 2902 1006 2952 ἐκ
1025 2899 1204 2970 ψυχῆς
1247 2901 1446 2972 λογικῆς
1470 2906 1554 2955 καί
1579 2904 1838 2970 σώματος’
1868 2900 2063 2962 δεικνύς

485 2981 564 3040 ὅτι
588 2987 867 3062 ἀμφότερα,
897 2991 1128 3044 τουτέστι
1158 2994 1307 3060 σῶμα
1331 3012 1385 3046 τε
1411 2995 1497 3046 καί
1525 2992 1724 3062 ψυχήν,
1750 2991 1776 3045 ὁ
1799 2996 1921 3052 Θεὸς
1933 2997 2063 3048 κατά

485 3079 670 3134 ταυτὸν
699 3079 1110 3155 ἐδημιούργησεν.

552 3209 750 3273 Ἐπειδὴ
779 3212 832 3269 δέ
857 3219 940 3270 καί
968 3223 1122 3271 τοῦτο
1150 3220 1279 3287 μετά
1316 3225 1414 3272 τῶν
1447 3216 1601 3272 ἄλλων
1628 3222 1911 3293 Ὠριγένους
1934 3221 2057 3290 βλα-
2091 3253 2134 3312 C

484 3311 709 3374 σφημιῶν
731 3304 945 3376 ετρηται,
973 3304 1047 3359 ὅτι
1069 3310 1099 3364 ἡ
1121 3315 1209 3362 τοῦ
1241 3312 1421 3382 κυρίου
1450 3310 1600 3379 ψυχή
1625 3319 1953 3386 προϋπῆρχε,
1983 3315 2062 3364 καί

485 3399 646 3466 ταύτῃ
675 3393 699 3452 ὁ
725 3398 846 3455 Θεὸς
886 3397 1028 3466 λόγος
1076 3400 1235 3454 ἧνωτο
1265 3401 1362 3473 πρὸ
1396 3408 1486 3458 τῆς
1515 3402 1568 3453 ἐκ
1595 3402 1836 3476 παρθένου
1867 3405 2064 3478 σαρκὼ-

491 3499 644 3542 τεωςο
692 3489 774 3537 καί
812 3494 902 3541 τιρν
949 3488 1185 3544 τοιαύτην
1227 3489 1436 3565 ἀναιρῶν
1482 3489 1724 3566 ληρῳδίκν
1763 3493 1914 3550 αὐτὸς
1953 3491 1977 3545 ὀ
2017 3494 2066 3546 ἐν

487 3569 650 3642 ἆγίοις
675 3576 960 3634 Ἀθανάσιος
991 3575 1039 3627 ἐν
1072 3585 1133 3651 τῇ
1160 3580 1289 3650 πρὸς
1321 3582 1608 3637 Ἐπίκτητον
1651 3581 1911 3655 ἐπιστολῇ,
1940 3581 2068 3652 λέγει

487 3659 888 3724 rubra-liuere»:
915 3671 1325 3737 καταγνώσονται
1342 3669 1533 3723 ἑαυτῶν
1559 3671 1744 3730 πάντες
1771 3672 1815 3724 οἱ
1842 3676 2068 3740 νομίζον-

487 3771 571 3810 τις
598 3756 696 3827 πρὸ
723 3763 813 3823 τῆς
842 3760 1035 3830 Μαρίας
1065 3753 1190 3812 εἶναι
1235 3766 1323 3818 τήν
1365 3761 1413 3822 ἐξ
1452 3763 1606 3820 αὐτῆς
1641 3766 1831 3837 σάρκα,
1855 3767 1941 3816 καί
1972 3765 2067 3837 πρὸ

486 3843 679 3902 ταύτης·
725 3843 1002 3913 ἐσχηκέναι
1036 3847 1214 3918 ψυχήν
1263 3850 1574 3923 ἀνθρωπίνην
1608 3853 1690 3904 τὸν
1733 3854 1851 3905 Θεὸν
1898 3853 2066 3922 λόγον,

485 3935 565 3985 καί
593 3936 644 3985 ἓν
665 3937 788 4009 αύτῇ
817 3939 916 4011 πρὸ
939 3947 1028 3998 τῆς
1056 3939 1322 4009 ἐπιδημίας
1353 3943 1430 3995 ἀεὶ
1454 3946 1764 4014 γεγενῆσθαι.
1782 3962 1797 3992 ι
1820 3945 1876 3998 Εἰ
1905 3948 2070 4000 τοίνυν

488 4025 618 4075 κατά
648 4025 711 4076 τὰ
753 4029 985 4098 εἰρημένα
1014 4036 1086 4100 τῷ
1130 4031 1178 4082 ἐν
1213 4031 1368 4102 ἇηίοις
1407 4029 1703 4104 Ἀθανασίῳ,
1738 4037 1767 4092 ἡ
1796 4035 1947 4104 ψυχή
1977 4044 2067 4090 τοῦ

489 4115 665 4184 κυρίοδ
691 4116 825 4184 ἡμῶν
850 4115 1014 4172 Ἰησοῦ
1038 4127 1263 4191 Χριστοῦ
1286 4127 1374 4174 τοῦ
1402 4125 1534 4176 κατὰ
1556 4123 1722 4178 πάντα
1751 4123 2072 4193 ὁμοιωθέντος

492 4205 606 4269 ἡμῖν
637 4208 800 4277 χωρίς
825 4205 1100 4280 ἁμαρτίας,
1128 4211 1185 4260 ού
1212 4220 1521 4287 προϋπῆρχε
1548 4221 1638 4272 τῆς
1659 4214 1708 4264 ἐν
1731 4217 1883 4289 σαρκί
1912 4217 2071 4269 αὐτοῦ

489 4291 782 4362 ἐπιδημίας,
811 4300 960 4355 ποίας
988 4292 1044 4349 ἂν
1073 4297 1147 4356 εἴη
1177 4304 1360 4370 μανίας
1387 4303 1442 4354 τὸ
1470 4302 1644 4372 λέγειν,
1674 4305 1764 4361 τὰς
1793 4300 1947 4364 ἄλλοις
1974 4314 2073 4359 τῶν

487 4384 758 4456 ἀνθρώπων
784 4383 968 4454 ψυχὰς
993 4391 1354 4464 προϋπάρχειν
1381 4399 1478 4445 τῶν
1508 4391 1796 4464 σωμάτων;

563 4490 878 4565 ’Δκούσωμεν
898 4493 950 4550 δὲ
971 4499 1099 4573 πρὸς
1121 4501 1322 4559 τούτοις
1345 4505 1428 4554 καί
1450 4508 1540 4554 τοῦ
1565 4504 1616 4554 ἐν
1636 4503 1796 4574 ἁγίοις
1820 4505 2070 4558 Βασιλείου

2165 1993 2342 2046 neque
2391 1979 2566 2046 angeli
2607 1980 2745 2032 sicut
2783 1979 2982 2044 throni,
3013 1993 3186 2048 neque
3217 1978 3270 2032 hi
3315 1989 3372 2032 ut
3407 1989 3740 2049 potestates;

2167 2069 2258 2122 sed
2288 2078 2546 2122 creatum
2574 2069 2790 2138 quidem
2819 2084 3007 2123 omnes
3035 2078 3176 2134 sunt,
3211 2070 3623 2138 unumquodque
3648 2085 3744 2124 au-

2168 2166 2276 2213 tem
2307 2175 2492 2214 eorum
2520 2174 2638 2228 quae
2668 2169 2784 2214 orta
2823 2167 2947 2213 sunt
2972 2201 2985 2226 ,
3018 2159 3310 2214 secundum
3341 2174 3508 2227 genus
3537 2161 3589 2213 in
3617 2177 3743 2231 pro-

2165 2251 2278 2318 pria
2304 2251 2628 2313 substantia,
2662 2257 2720 2304 ut
2749 2249 2946 2304 factum
2982 2257 3094 2312 est,
3128 2250 3366 2318 persistit
3391 2264 3454 2304 ac
3481 2261 3678 2305 manet.
3718 2271 3738 2303 ι

2163 2339 2299 2395 Ecce
2327 2346 2546 2394 sanctus
2592 2353 2808 2407 quoque
2837 2339 3159 2394 Athanasius
3186 2339 3367 2403 tradit,
3409 2349 3532 2408 post
3557 2357 3747 2397 omnes

2164 2440 2436 2485 creaturas
2464 2427 2632 2482 Deum
2672 2427 2862 2482 fecisse
2891 2428 3160 2481 hominem
3191 2441 3258 2481 ex
3288 2441 3515 2495 corpore
3543 2437 3598 2482 et
3626 2430 3743 2482 ani-

2163 2538 2250 2577 ma
2273 2521 2602 2590 intelligente
2625 2536 2687 2574 ac
2708 2520 2978 2574 rationali.
3003 2519 3184 2588 Neque
3206 2519 3346 2572 enim
3370 2518 3521 2582 dixit,
3545 2531 3744 2585 corpus

2165 2621 2289 2682 post
2315 2612 2495 2666 omnia
2525 2609 2724 2665 factum
2752 2625 2871 2664 esse
2890 2651 2904 2675 ,
2936 2618 2993 2664 ut
3021 2611 3366 2678 praecxistens
3402 2609 3575 2662 anima
3606 2609 3658 2661 in
3687 2607 3743 2664 id

2137 2705 2531 2773 ingrederetur
2557 2721 2568 2756 :
2599 2703 2692 2757 sed
2721 2702 2872 2764 dixit,
2897 2709 3018 2769 post
3047 2715 3235 2755 omnes
3262 2707 3536 2754 creaturas
3565 2697 3740 2752 homi-

2135 2810 2287 2848 -nem
2329 2808 2447 2848 esse
2476 2792 2671 2848 factum
2695 2833 2711 2857 ,
2748 2793 2839 2861 qui
2864 2806 2930 2845 ex
2967 2791 3142 2844 anima
3171 2789 3418 2844 rationali
3449 2797 3531 2843 est
3553 2797 3609 2842 et
3628 2804 3743 2843 cor-

2163 2899 2297 2953 pore
2323 2901 2335 2935 :
2371 2883 2659 2937 ostendens
2678 2923 2693 2948 ,
2725 2889 2978 2949 utraque.
3011 2879 3063 2935 id
3093 2889 3176 2936 est
3201 2895 3396 2949 corpus
3424 2885 3479 2933 et
3505 2879 3742 2933 animam

2163 2973 2331 3028 Deum
2359 2973 2518 3028 simul
2542 2973 2854 3028 fabricatum
2885 2986 3023 3027 esse.

2236 3198 2499 3284 Quoniam
2528 3225 2705 3272 autem
2744 3217 3002 3284 Origenes
3031 3214 3100 3269 ad
3138 3221 3358 3269 ceteras
3384 3213 3740 3283 blasphemia

2167 3306 2272 3361 hoc
2299 3307 2559 3376 adjnnxit,
2597 3307 2809 3362 Domini
2837 3307 3067 3360 animam
3099 3306 3244 3375 prius
3272 3305 3558 3370 exstitisse,
3588 3305 3744 3374 eique

2169 3397 2337 3452 Deum
2367 3397 2600 3453 Verbum
2630 3414 2748 3453 esse
2776 3399 2982 3453 unitum
3021 3406 3305 3466 antequam
3343 3411 3373 3450 c
3407 3396 3624 3464 Virgine
3657 3398 3742 3451 in-

2168 3500 2482 3546 carnaretur
2514 3509 2526 3544 :
2555 3492 2660 3547 hoc
2689 3493 2849 3546 etiam
2899 3492 3308 3546 deliramentum
3346 3499 3592 3545 evertens
3629 3491 3744 3560 ipse

2169 3591 2384 3636 sanctus
2399 3583 2716 3636 Athanasius
2739 3584 2793 3636 in
2812 3581 3039 3652 epistola
3061 3583 3125 3635 ad
3149 3580 3462 3649 Epictetum,
3481 3581 3558 3636 sic
3579 3581 3738 3636 dicit:

2177 3690 2194 3722 ε
2225 3670 2412 3726 Merito
2439 3688 2561 3729 sese
2589 3671 2921 3726 damnabunt
2948 3686 3134 3726 omnes
3161 3671 3252 3741 qui
3290 3671 3594 3726 existimant
3619 3677 3746 3726 ante

2170 3758 2389 3813 Mariam
2418 3775 2537 3815 esse
2562 3775 2777 3815 carnem
2799 3797 2814 3823 ,
2853 3773 2971 3827 qua:
2999 3773 3065 3813 ex
3095 3773 3158 3812 ea
3199 3767 3306 3822 est;
3355 3775 3419 3814 ac
3460 3767 3586 3814 ante
3624 3774 3743 3816 eam

2171 3851 2419 3905 habuisse
2464 3851 2697 3904 animam
2748 3851 3032 3904 humanam
3085 3849 3251 3903 Deum
3299 3847 3550 3914 Verbum,
3580 3864 3646 3905 ac.
3691 3851 3744 3905 in

2173 3955 2234 3992 ea
2279 3950 2404 3994 ante
2454 3940 2740 3994 adventum
2810 3953 3026 4007 semper
3071 3939 3250 3992 fuisse.
3287 3957 3306 3990 ι
3359 3938 3535 4004 Quare
3577 3940 3624 3993 si
3679 3955 3744 3994 ex

2173 4030 2236 4083 iis
2264 4046 2382 4098 qua:
2411 4046 2440 4083 a
2467 4041 2653 4084 sancto
2681 4029 2974 4083 Athanasio
3001 4029 3141 4083 dicta
3170 4037 3312 4094 sunt,
3340 4031 3513 4083 anima
3535 4029 3747 4084 Domini

2171 4118 2341 4172 nostri
2361 4116 2488 4173 Jesu
2514 4118 2729 4183 Christi,
2754 4119 2842 4188 qui
2865 4134 2962 4188 per
2982 4118 3160 4172 omnia
3187 4119 3342 4173 nobis
3369 4120 3555 4174 similis
3579 4119 3748 4175 factus

2175 4214 2255 4260 est
2282 4207 2484 4276 absque
2513 4215 2764 4276 peccato,
2797 4223 2903 4262 non
2941 4207 3042 4261 fuit
3082 4216 3209 4262 ante
3236 4209 3352 4276 ejus
3380 4209 3434 4263 in
3464 4224 3627 4264 carne
3654 4210 3750 4263 ad-

2169 4304 2391 4350 ventum
2425 4315 2437 4348 :
2469 4298 2640 4366 qualis
2684 4297 2904 4352 insaniae
2944 4307 3065 4364 est,
3103 4298 3283 4354 dicere
3310 4298 3442 4352 alias
3471 4299 3746 4354 hominum

2173 4387 2378 4441 animas
2408 4396 2532 4441 ante
2559 4403 2785 4456 corpora
2820 4388 2976 4442 esse?

2242 4498 2530 4551 Audiamus
2555 4507 2810 4566 pneterea
2837 4498 2895 4552 S.
2919 4497 3171 4552 Basilium
3194 4497 3246 4550 in
3267 4511 3514 4551 sermone
3540 4497 3593 4551 in
3616 4497 3744 4551 illud

487 4587 535 4636 ίν
559 4591 632 4656 τῷ
658 4585 789 4659 λόγῳ
809 4590 880 4647 εἰς
905 4588 962 4642 τὸ
1005 4597 1094 4643 Ἐν
1124 4592 1296 4666 ἀρχῇ
1326 4590 1439 4650 ἧνὸ
1469 4594 1670 4664 λόγος,
1711 4599 1816 4649 καί
1841 4595 1867 4649 ὁ
1891 4596 2067 4668 λόγος

2177 4587 2358 4658 (Hom.
2392 4587 2500 4656 xvr)
2535 4606 2548 4639 :
2583 4586 2649 4640 In
2681 4588 2934 4658 principio
2963 4596 3076 4641 erat
3130 4586 3350 4641 Verbum
3373 4629 3389 4654 ,
3433 4597 3483 4640 et
3528 4587 3750 4642 Verbum

487 4675 550 4740 ὃν
587 4681 744 4756 πρὸς
773 4684 877 4737 τὸν
906 4683 1079 4748 Θεὸν,
1108 4685 1335 4757 λέγοντος
1364 4684 1544 4744 οὕτως’
1575 4683 1737 4761 «Ὀρα
1766 4693 1835 4756 μή
1857 4690 1982 4742 ποτέ
2013 4708 2071 4742 σε

490 4771 907 4848 παρακρούσηται
935 4774 992 4826 τὸ
1016 4773 1274 4844 ὁμώνυμον
1299 4783 1391 4834 τῆς
1410 4783 1590 4844 φωνῆς’
1607 4783 1715 4838 πῶς
1742 4779 1836 4850 γὰρ
1859 4778 1907 4829 ἐν
1929 4780 2072 4851 ἀρχῇ

490 4858 546 4919 ἦν
566 4859 592 4915 ὅ
611 4863 924 4934 ἀνθρώπινος
950 4865 1112 4938 λόγος,
1135 4873 1225 4920 τοῦ
1251 4867 1511 4940 ἀνθρώπου
1535 4872 1671 4920 κάτω
1699 4889 1800 4921 που
1830 4869 2074 4928 λαϐόντος

489 4956 579 5009 την
603 4955 773 5028 ἀρχὴν
801 4961 892 5014 τῆς
928 4957 1200 5019 ’γενέσεωςς
1231 4956 1333 5030 πρὸ
1364 4957 1631 5030 ἀνθρώπου
1660 4960 1824 5025 θηρία,
1859 4960 1958 5031 πρὸ
1978 4961 2068 5011 ἀν·

493 5045 698 5116 θρώπου
742 5051 915 5112 κτήνη,
945 5051 1010 5101 τὰ
1038 5050 1250 5116 ἑρπετὰ,
1281 5047 1380 5102 ὅσα
1409 5057 1638 5124 χερσαῖα
1659 5054 1738 5103 καὶ
1768 5049 1973 5121 ἔνυδρα,
2005 5054 2071 5106 τά

490 5139 695 5190 πετεινά
738 5144 831 5191 τοῦ
881 5144 1115 5210 ούρανοῦ,
1157 5142 1393 5213 ἀστέρες,
1426 5142 1592 5206 ἥλιος,
1622 5142 1820 5203 σελήνη,
1860 5142 2067 5212 βοτάνη,

495 5232 573 5295 γῆ,
597 5225 1093 5288 θάλασσα,ούιανὸς.
1111 5246 1128 5278 ι
1162 5228 1291 5283 ἰδού
1319 5230 1344 5284 ὀ
1376 5237 1540 5304 Πατὴρ
1570 5239 1738 5302 σαφῶς
1769 5234 1883 5302 ἡμῖν
1909 5253 2074 5304 προα-

495 5313 720 5386 γορεύει,
760 5321 830 5385 μὴ
873 5322 1273 5389 συναπαχθῆναι
1312 5328 1417 5380 τοῖς
1448 5326 1537 5375 τοῦ
1585 5324 1872 5395 Ὠριγένους
1900 5323 2077 5392 μύθοις

493 5408 610 5476 περί
651 5413 741 5464 τῆς
789 5415 886 5459 τῶν
933 5411 1123 5478 ψυχῶν
1170 5414 1659 5487 προϋπάρξεως.ού
1700 5411 1927 5468 διδάσκει
1976 5417 2075 5487 γὰρ

496 5498 630 5564 ἡμᾶς
655 5498 705 5550 ἐν
724 5500 868 5571 ἀρχῇ
892 5501 976 5574 τὸν
998 5503 1302 5574 ἀνθρώπινον
1323 5503 1483 5575 λόγον,
1508 5505 1738 5557 τουτέστι
1758 5510 1846 5562 τήν
1869 5504 2071 5575 ψυχήν,

493 5587 618 5643 ἀλλὰ
642 5585 919 5669 διαρῤ-ηδην
947 5592 1064 5660 βοᾷ,
1090 5591 1167 5648 ὄτι
1187 5597 1217 5652 ἡ
1239 5597 1506 5671 ἀνθρώπου
1526 5617 1721 5667 γενεσις
1748 5599 1942 5671 ύστέρα
1968 5597 2079 5652 ἐστί

495 5682 696 5735 πάντων
735 5688 833 5734 τῶν
871 5689 962 5736 τοῦ
1015 5692 1142 5738 Θεοῦ
1185 5688 1491 5758 κτισμάτων.
1545 5691 1599 5740 Εἰ
1625 5693 1790 5742 τοίνυν
1819 5691 1987 5742 πάντα
2016 5691 2080 5741 τὰ

491 5773 751 5837 κτίσματα
783 5773 883 5844 πρὸ
923 5780 1014 5826 τοῦ
1050 5776 1343 5849 ἀνθρώπου,
1383 5785 1492 5837 πῶς
1521 5785 1868 5850 προϋπῆρχον
1895 5777 1946 5829 αί
1979 5777 2078 5846 ψυ-

498 5863 625 5929 χαί;
650 5859 712 5915 ⁸ο
735 5865 834 5938 γὰρ
869 5886 1039 5941 πατηρ
1070 5869 1126 5920 οὐ
1155 5869 1255 5940 πρὸ
1291 5874 1380 5923 τοῦ
1410 5871 1677 5939 σώματος,
1708 5868 1832 5925 ἀλλά
1859 5870 1960 5941 πρὸ
1988 5875 2077 5925 τοῦ

2177 4689 2288 4732 erat
2313 4679 2450 4748 apud
2480 4678 2640 4731 Deum
2668 4719 2683 4745 ,
2727 4678 2800 4731 ita
2833 4678 3134 4732 dicentem:
3165 4697 3183 4729 ι
3207 4677 3338 4732 Vide
3368 4695 3436 4734 ne
3462 4679 3676 4746 quando
3698 4689 3754 4734 te

2177 4771 2322 4824 vocis
2349 4769 2666 4836 ambiguitas
2687 4767 2865 4834 fallat;
2909 4769 3181 4838 quomodo
3222 4769 3364 4822 enim
3407 4768 3461 4821 in
3489 4768 3753 4838 principio

2180 4879 2296 4925 erat
2325 4870 2552 4923 humana
2582 4870 2748 4932 ratio,
2788 4884 2908 4923 cum
2939 4869 3100 4924 homo
3130 4877 3402 4938 postremo
3431 4868 3751 4938 principium

2180 4960 2540 5030 generationis
2570 4959 2876 5027 acceperit?
2903 4960 3041 5013 Ante
3067 4960 3339 5014 hominem
3366 4959 3514 5013 fuere
3547 4960 3752 5024 bestia,

2179 5057 2305 5102 ante
2332 5049 2601 5101 hominem
2626 5048 2899 5116 jumenta;
2931 5047 3158 5116 reptilia,
3183 5055 3292 5100 tum
3323 5047 3618 5112 terrestria,
3644 5057 3758 5102 tua:

2175 5139 2456 5208 aquatilia;
2489 5138 2722 5192 volatilia
2752 5139 2876 5192 cmli
2898 5178 2914 5202 ,
2956 5138 3120 5191 stella:
3145 5179 3157 5201 ,
3188 5138 3306 5201 sol,
3342 5137 3502 5203 luna;
3552 5138 3754 5202 herba,

2181 5237 2350 5292 terra,
2382 5244 2563 5293 mare,
2595 5229 2811 5283 cmlum.
2849 5248 2867 5280 ι
2909 5227 3048 5282 Ecce
3076 5226 3234 5283 Pater
3260 5239 3446 5299 aperte
3483 5231 3637 5286 nobis
3665 5232 3758 5286 de-

2180 5322 2408 5385 nuntiat,
2437 5335 2504 5374 ne
2523 5319 2765 5387 Origenis
2786 5318 2976 5374 fabulis
3004 5320 3070 5374 de
3091 5321 3386 5375 animarum
3408 5324 3756 5391 prmcxisten-

2182 5411 2254 5464 tia
2292 5411 2624 5465 inducamur.
2665 5409 2834 5464 Docet
2873 5410 3016 5464 enim
3055 5426 3186 5476 nos,
3221 5411 3274 5465 in
3304 5413 3565 5481 principio
3595 5411 3760 5468 fuisse

2179 5500 2469 5553 humanam
2497 5499 2782 5567 rationem,
2811 5498 2862 5553 id
2891 5508 2973 5555 est
3002 5500 3233 5554 animam
3266 5518 3280 5553 :
3311 5501 3405 5556 sed
3433 5511 3620 5572 aperte
3647 5503 3760 5557 cla-

2183 5607 2311 5664 mat,
2343 5599 2590 5653 omnibus
2614 5599 2708 5654 Dei
2736 5601 2995 5656 creaturis
3023 5609 3199 5656 ortum
3228 5601 3530 5657 hominibus
3570 5613 3754 5673 poste-

2182 5689 2379 5743 riorem
2409 5705 2546 5744 esse.
2579 5688 2636 5744 Si
2661 5704 2789 5758 ergo
2816 5699 3074 5746 creaturae
3099 5707 3290 5747 omnes
3309 5701 3432 5748 ante
3461 5694 3755 5756 hominem,

2183 5779 2455 5846 quomodo
2485 5780 2633 5847 prius
2661 5781 2849 5835 animm
2871 5779 3118 5837 fuerunt?
3147 5780 3308 5837 Pater
3334 5785 3475 5838 enim
3499 5800 3608 5839 non
3630 5796 3756 5840 ante

2184 5881 2400 5926 corpus.
2432 5869 2527 5924 sed
2555 5879 2678 5925 ante
2707 5869 2997 5938 hominem,
3025 5873 3120 5940 qui
3143 5883 3225 5932 est
3247 5875 3424 5931 anima
3453 5883 3509 5930 et
3535 5891 3751 5947 corpus.
