4102 6524
579 394 681 465 967

1891 386 2333 453 JUS’I‘INIANI
2376 391 2532 454 IMP.
2574 414 2577 417 λ

3735 396 3844 461 968

588 512 761 572 κακίας
777 518 956 570 στῆναι
979 507 1262 570 δυνήσεταί
1289 509 1413 565 ἀλλά
1430 507 1513 564 διὰ
1537 514 1630 568 τῆς
1650 506 1854 581 προςτά
1878 505 2010 563 πάθη
2036 510 2158 575 σχί-

2263 501 2624 557 omnimodam
2653 501 2844 556 anima:
2869 499 3249 570 corruptelam.
3280 497 3411 567 Qum
3435 498 3579 555 enim
3607 515 3775 558 semet
3799 519 3832 560 a

587 624 718 665 οεως
740 603 842 658 ἀπὸ
868 605 957 670 μὶν
987 607 1077 656 τοῦ
1103 602 1303 674 λογικοῦ
1324 601 1456 675 πρός
1481 599 1539 653 τό
1571 595 1751 670 ἄλογον
1783 596 2127 666 μεταϐήσεται

601 693 691 748 ἀπ’
715 694 900 747 ίκείνου
925 690 979 747 δέ
1000 693 1126 767 πρὶς
1147 703 1239 749 τήν
1260 698 1358 746 τῶν
1382 697 1549 762 φυτῶν
1584 688 1915 745 ἀναισθησίαν
1950 704 2163 755 μετατε·

584 782 816 847 οῆσεται,
861 789 935 854 τῷ
963 780 1018 837 δὲ
1037 782 1322 853 ἀναισθήτῳ
1352 800 1461 840 πως
1486 781 1544 835 τὸ
1570 776 1811 848 ἄψυχον,
1837 780 2001 846 τούτῳ
2030 774 2082 830 δί
2105 774 2163 829 τό

585 876 907 950 ἀνύπαρκτον
954 874 1151 928 ἕπεται.
1200 869 1355 927 Ὠστε
1398 870 1562 928 διόλου
1612 868 1699 924 διά
1741 875 1833 928 τῆς
1879 867 2163 927 ἀκολουθίας

587 966 716 1038 πρὸς
741 966 799 1019 τό
839 969 910 1035 μή
950 960 1007 1017 ὃν
1056 965 1231 1023 αὐτοῖς
1271 965 1302 1021 ἡ
1346 963 1501 1034 ψυχή
1547 967 1929 1036 μεταχωρήσει.
1974 962 2163 1013 Οὐκοῦν

587 1057 856 1125 ἀμήχανος
882 1056 1008 1127 αὐτῇ
1024 1053 1173 1107 πάλιν
1194 1052 1347 1107 ι’σται
1372 1054 1403 1111 ἦ
1425 1054 1552 1125 πρὸς
1578 1056 1635 1105 τὸ
1654 1058 1883 1124 κρεῖττον
1904 1047 2161 1109 ίπάνοδος.

588 1138 730 1198 Ἀλλά
752 1147 851 1212 μήν
879 1142 934 1195 εκ
963 1143 1153 1213 θάμνου
1188 1144 1270 1196 ἐπὶ
1290 1142 1375 1195 τόν
1406 1138 1665 1215 ἄνθρωπον
1692 1139 1781 1197 τὴν
1807 1138 1986 1208 ψυχήν
2013 1138 2165 1192 ίπαν·

586 1238 817 1310 ἄγουσιν.
861 1237 1050 1289 Οόιοῦν
1096 1235 1466 1309 προτιμοτέραν
1507 1237 1598 1291 την
1633 1234 1683 1286 ἐν
1706 1232 1874 1303 θάμνῳ
1901 1235 2031 1295 ζωὴν
2074 1237 2165 1291 τῆς

586 1329 866 1396 ἀσωμάτου
888 1323 1135 1396 διαγωγῆς
1164 1325 1215 1376 έκ
1238 1325 1429 1379 τούτων
1451 1321 1883 1377 ἀπιδεικνύουσιν.
1914 1320 2166 1377 Δέδεικται

589 1420 683 1492 γάρ
711 1415 787 1473 ότι
822 1417 948 1490 πρὸς
975 1419 1034 1470 τὸ
1060 1423 1236 1488 χεῇοον
1264 1414 1493 1485 γινομένη
1518 1415 1547 1471 η
1583 1410 1798 1486 πρόοδος
1834 1420 1925 1471 τῆς
1948 1410 2162 1482 ψυχῆς,

588 1509 718 1585 πρός
746 1509 805 1563 τό
826 1511 1105 1579 κατὸιτιρον
1121 1505 1252 1558 κατά
1269 1506 1326 1557 τό
1352 1504 1477 1563 είκός
1496 1503 1831 1559 ὑποϐήσεται.
1861 1501 2165 1559 ’Υποϐἐϐηκε

591 1598 644 1655 δέ
666 1604 757 1658 τὴν
785 1599 1082 1655 ἀναίσθητον
1100 1597 1247 1668 φύσιν
1272 1596 1328 1649 τό
1351 1591 1557 1666 ἄψυχον
1596 1596 1665 1654 είς
1688 1591 1714 1648 ό
1734 1593 1799 1648 δι’
1821 1594 2108 1654 ἀκολουθίας
2136 1594 2166 1651 ἡ

588 1691 729 1767 ἀρχή
752 1695 843 1745 τοῦ
872 1687 1122 1759 δόγματος
1144 1690 1305 1741 αὐτῶν
1333 1693 1423 1746 τήν
1465 1687 1645 1758 ψυχήν
1691 1683 1823 1759 ἄγει.
1855 1683 1978 1739 Ἀλλ’
1999 1684 2166 1744 έπειδή

583 1787 738 1837 τοῦτο
765 1784 822 1834 ού
848 1780 1129 1855 βούλονται,
1163 1779 1193 1838 ἢ
1235 1786 1308 1851 τῷ
1347 1780 1631 1848 ἀναισθήτῳ
1668 1783 1757 1836 την
1786 1776 1967 1847 ψυχήν
2013 1799 2169 1831 κατα-

2265 593 2480 648 sublimi
2508 594 2615 647 vita
2642 591 2870 657 decidit,
2920 589 3121 645 nullum
3163 590 3377 644 modum
3403 590 3594 644 statuit
3617 592 3834 650 malitiae

2264 697 2411 747 sum;
2461 681 2555 738 sed
2585 689 2803 751 propter
2840 680 3147 750 passionum
3186 679 3630 735 consuetudinem
3669 691 3833 753 atque

2264 771 2505 826 habitum
2535 786 2565 825 a
2593 770 2894 826 rationabili
2922 770 2989 824 ad
3009 771 3374 827 irrationabile
3393 771 3657 838 deveniet,
3681 774 3834 830 inde-

2263 874 2369 929 que
2394 861 2447 915 in
2475 861 2718 931 stirpium
2743 860 3203 916 insensibilitatem
3243 860 3576 927 mutabitur;
3606 862 3834 918 insensi-

2264 954 2354 1009 bili
2376 961 2555 1009 autem
2583 955 2871 1007 inanimum
2893 961 2975 1007 est
2998 952 3602 1020 consequens,inanimo
3616 953 3671 1009 id
3693 956 3833 1025 quod

2265 1060 2373 1100 non
2414 1045 2672 1099 subsistit.
2714 1043 2901 1112 Itaque
2941 1044 3154 1113 penitus
3194 1059 3261 1098 ex
3290 1045 3392 1098 hac
3431 1046 3833 1113 consequentia,

2265 1135 2442 1188 anima
2465 1134 2592 1204 ipsis
2612 1134 2677 1187 ad
2706 1149 2813 1188 non
2840 1148 2937 1188 ens
2966 1133 3176 1188 tandem
3206 1133 3485 1189 concedet.
3514 1132 3606 1190 Sic
3633 1135 3832 1190 nullam

2265 1222 2569 1278 facultatem
2596 1223 2836 1277 habitura
2861 1230 2943 1277 est
2970 1222 3037 1276 ad
3067 1223 3286 1278 meliora
3318 1223 3594 1278 redeundi.
3642 1223 3832 1279 Verum

2265 1311 2407 1365 enim
2433 1326 2562 1366 vero
2591 1310 2656 1364 ad
2678 1311 2948 1366 hominem
2983 1325 3014 1365 e
3043 1309 3233 1365 frutice
3274 1311 3506 1365 animam
3535 1311 3830 1380 reducunt;

2265 1401 2425 1468 igitur
2451 1401 2874 1470 praestantiorem
2903 1400 3272 1455 demonstrant
3297 1415 3417 1456 esse
3445 1401 3611 1455 vitam
3643 1402 3695 1455 in
3721 1400 3833 1458 fru-

2268 1492 2393 1560 tice,
2436 1506 2597 1560 quam
2628 1491 2999 1561 incorpoream
3031 1488 3215 1546 vitam.
3247 1490 3366 1546 Jam
3395 1492 3538 1546 enim
3563 1500 3851 1549 ostensum

2266 1588 2368 1648 est,
2391 1593 2729 1650 progressum
2757 1581 2948 1635 animae
2979 1580 3032 1634 in
3054 1579 3344 1647 deteriora,
3374 1588 3535 1650 atque
3564 1580 3758 1636 idcirco
3782 1580 3835 1637 in

2266 1671 2517 1727 inferiora
2540 1686 2690 1736 esse;
2724 1671 2967 1740 subiacet
2989 1678 3168 1724 autem
3199 1670 3491 1724 insensibili
3523 1678 3724 1724 naturae
3749 1670 3835 1723 iu-

2266 1761 2557 1815 animatum
2585 1778 2598 1813 :
2621 1775 2727 1830 quo
2740 1759 3283 1829 perconsequentiam
3302 1759 3619 1828 principium
3646 1774 3834 1815 eorum

588 1874 832 1928 κλείουσιν
855 1912 870 1933 ,
918 1871 948 1931 ἢ
986 1871 1126 1949 ε’περ
1172 1872 1389 1925 ἐντεῦθεν
1430 1872 1511 1924 ἐπί
1549 1874 1632 1925 τ’ν
1676 1872 1973 1946 ἀνθρώπινον
2012 1872 2158 1929 αὐτὴν

2268 1851 2521 1908 doctrinae
2562 1852 2793 1905 animam
2822 1851 3032 1919 redigit.
3078 1850 3182 1905 Sed
3210 1852 3465 1919 quoniam
3485 1851 3592 1906 hoc
3620 1851 3828 1915 uolunt,

584 1964 879 2033 έπσωάγοιεν
895 1964 1024 2036 βίον,
1050 1963 1434 2038 προτιμότερον.
1453 1964 1608 2021 καοώς
1629 1961 1842 2035 ε“ρηται,
1866 1963 1951 2016 τὸν
1972 1961 2162 2025 ξυλώδη

584 2055 692 2124 βίον
710 2064 801 2115 τῆς
827 2058 1028 2132 πρώτης
1058 2052 1379 2117 ἀποδείξουσι
1408 2054 1798 2112 καταστάσεως’
1830 2050 1971 2124 εἷ’πιρ
1984 2052 2161 2105 sane”

585 2144 678 2213 μὲν
713 2145 744 2202 ἦ
772 2145 900 2216 πρὸς
953 2144 1122 2196 κακίαν
1163 2145 1493 2201 κατάπτωσις
1547 2142 1766 2213 γέγονεν,
1808 2143 2027 2195 ὶτεῦθεν
2050 2139 2104 2195 δὲ
2133 2141 2162 2198 ἡ

585 2232 712 2306 πρὸς
733 2233 914 2304 ἀρετὴν
940 2230 1172 2290 ἐπάνοδος
1194 2234 1401 2302 γίνεται.
1447 2233 1632 2284 Οὐκοῦν
1657 2230 1898 2302 ἀκέφαλός
1923 2251 2029 2294 τις,
2077 2232 2165 2284 καί

584 2321 765 2382 ἀτελός
802 2320 828 2375 ό
870 2327 1099 2380 τοιοῦτος
1127 2320 1443 2393 διλὲγχεται
1483 2321 1657 2392 λόγος,
1689 2319 1714 2374 ό
1742 2322 1835 2380 τάς
1873 2320 2057 2392 ψυχάς
2095 2322 2165 2395 ἆρ’

585 2412 779 2466 έαυτῶν
807 2412 909 2486 πρὸ
945 2419 1035 2471 τῆς
1063 2414 1114 2465 έν
1142 2415 1296 2485 σαρκί
1323 2417 1453 2474 ζωῆς
1482 2411 1723 2482 βιοτεύειν
1746 2414 2160 2485 κατασκευάζων,

586 2505 669 2557 καί
696 2501 780 2557 διά
800 2506 968 2556 κακίαν
988 2500 1265 2556 ένδεδὲσθαι
1285 2510 1391 2562 τοῖς
1427 2506 1652 2573 σώμασι.
1680 2520 1697 2553 ι
1726 2500 1973 2573 Προδηλου
1998 2508 2162 2556 τοίνυν

586 2592 743 2654 οὔσης
771 2602 859 2654 τῆς
887 2599 978 2649 τοῦ
1009 2596 1201 2669 πατρὸς
1229 2594 1409 2650 διδασκ
1432 2594 1569 2653 λίας.
1598 2597 1683 2648 καί
1710 2595 2162 2669 ἀποκιρυττούσης

585 2684 644 2737 τό
662 2683 818 2755 λέγειν
846 2685 1204 2762 προϋπάρχειν
1231 2686 1325 2744 τάς
1351 2684 1531 2754 ψυχάς
1569 2691 1666 2739 τῶν
1707 2678 1951 2756 σωμάτων
1970 2728 1980 2747 ,
2015 2686 2160 2738 ἀκού-

553 2806 562 2815 ·
586 2794 753 2843 σωμεν
782 2778 866 2829 καί
885 2781 973 2829 τοῦ
1009 2778 1059 2829 ὲν
1082 2775 1241 2848 ἀγίοις
1270 2777 1505 2847 Θεοφίλου
1528 2782 1615 2829 τοῦ
1644 2778 1917 2829 ἐπισκόπου
1943 2774 2161 2840 Ἀλεξαν-

585 2862 775 2939 δρείας,
791 2865 890 2918 ἀπὸ
911 2870 1003 2921 τοῦ
1017 2864 1163 2937 λόγου
1184 2873 1276 2921 τοῦ
1296 2868 1573 2939 γραφέντος
1591 2867 1721 2941 πρὸς
1745 2888 1882 2926 τινας
1903 2870 2163 2937 μοναχούς

583 2952 945 3028 τάὨριγένους
969 2961 1293 3029 φρονοῦντας,
1309 2954 1540 3026 λέγοντος
1567 2953 1705 3010 τάδε·
1732 2975 1749 3005 ι
1774 2957 1963 3009 Ούκοεᾷν
1986 2956 2160 3010 ἀναθε-

581 3050 880 3119 ματίζοντες
927 3048 1012 3103 τόν
1043 3046 1295 3126 Ὠριγίνην
1337 3052 1421 3102 καί
1455 3050 1573 3108 τούς
1626 3044 1803 3108 ἄλλους
1846 3048 2158 3122 αἱρετικῶς,

580 3137 759 3210 ὥσπερ
784 3139 950 3208 ἡμεῖς,
984 3141 1063 3193 καί
1090 3138 1117 3193 ό
1154 3148 1245 3198 τῆς
1273 3135 1522 3209 Ῥωμαίων
1550 3138 1692 3209 ἁγίας
1726 3138 1985 3199 ἐκκλησίας
2014 3138 2160 3193 ίπίσ-

581 3245 737 3286 κοπος
757 3233 1102 3292 ’Δνασ-τάσιος,
1125 3229 1178 3281 έκ
1204 3227 1549 3301 παλαιοτέρων
1584 3224 1946 3298 ἀγωνισμάτων
1965 3223 2158 3291 ἴνδοξος
2185 3217 2231 3282 C

581 3317 865 3391 στρατηγὸς
886 3315 1139 3389 έπισήμου
1161 3316 1284 3369 λαοῦ
1307 3317 1670 3391 χειροτονηθείς
1694 3356 1706 3379 ,
1730 3311 1768 3387 ᾧ
1788 3317 1870 3368 καί
1894 3319 2041 3369 πᾶσα
2058 3323 2158 3371 τῶν

581 3408 840 3479 μακαρίων
867 3409 999 3461 κατά
1034 3411 1123 3465 τήν
1167 3404 1313 3461 δύσιν
1354 3406 1647 3460 ἐπισκόπων
1690 3405 1869 3459 ἕπεται
1909 3402 2116 3465 σύνοδος
2139 3447 2156 3475 ,

580 3494 935 3569 ἀποδεχομένη
962 3506 1052 3559 τῆς
1078 3505 1176 3553 τῶν
1204 3495 1562 3571 ’Δλεξανδρέων
1588 3496 1852 3556 ἐκκλησίας
1894 3501 1983 3560 τνόν
2026 3499 2159 3553 κατὰ

580 3591 670 3641 τοῦ
697 3587 915 3648 ἀσεϐοῦς
941 3586 1120 3659 ψῆφον.
1152 3604 1172 3639 ι

646 3862 752 3914 τοῦ
790 3860 946 3914 αύτοῦ
971 3860 1025 3915 ίκ
1051 3869 1141 3921 τῆς
1163 3861 1432 3923 ίπιστολῆς
1459 3868 1552 3923 τῆς
1579 3862 1708 3933 πρὸς
1735 3863 1854 3922 τούς
1880 3862 1932 3916 έν
1956 3870 2019 3936 τῇ
2044 3864 2156 3919 Sari—

579 3966 657 4006 πε
674 3948 870 4023 ἀγίους,
894 3949 978 4005 διά
1004 3954 1125 4011 τούς
1148 3952 1471 4024 έγκαλοῦντας
1495 3958 1584 4012 τήν
1606 3961 1706 4009 τῶν
1733 3949 1998 4025 δογμάτων
2017 3951 2156 4028 Ὠριο

572 4039 753 4112 ,γένους
778 4041 1080 4115 καθαίρεσιν·
1117 4061 1134 4092 ι
1158 4042 1458 4112 Ἐτόλμησάν
1485 4063 1617 4103 τινες
1655 4046 1814 4097 εἰπεῖν
1854 4041 2155 4098 διδάσκαλον

579 4126 704 4186 εἶναι
727 4139 820 4193 τῆς
846 4133 1109 4194 ίκκλησίας
1129 4133 1398 4210 Ὠριγίνην.
1418 4133 1550 4213 ’Δρα
1576 4137 1772 4206 πρέπον
1789 4143 1887 4189 τῶν
1913 4137 2154 4189 τοιούτων

580 4221 881 4291 ἀνίχισθαις
914 4225 956 4276 εί
994 4222 1297 4285 διδάσκαλός
1325 4228 1436 4282 ἔστι
1465 4233 1555 4286 τῆς
1585 4225 1848 4285 ἐκκλησίας
1876 4226 2152 4301 Ὧριγένης.

580 4310 1029 4386 μεγαλοφρονοῦσιν
1050 4317 1287 4387 ’Δρειανοί
1312 4336 1365 4369 τε
1388 4356 1403 4379 ,
1444 4318 1527 4369 καί
1573 4317 1890 4384 Εὐνομιανοί,
1929 4319 2012 4368 καί
2035 4311 2153 4367 Ἐλ-

581 4397 739 4461 ληνσς⁶
769 4403 814 4454 οἱ
844 4406 937 4473 μὲν
961 4407 1031 4464 εἰς
1051 4406 1135 4459 τόν
1162 4405 1269 4458 υἶόν
1297 4409 1381 4458 καί
1399 4409 1471 4466 εἰς
1499 4405 1556 4460 τὸ
1582 4410 1780 4474 πνεῦμα
1802 4403 2151 4476 βλασφημοῦν-

580 4508 686 4552 τίς,
726 4492 772 4545 οἶ
809 4490 862 4547 δί
890 4504 1018 4564 μετά
1058 4500 1148 4548 τοῦ
1186 4493 1460 4549 δυσσεϐεῖν
1498 4493 1679 4567 ὁμοίως
1716 4495 1919 4557 αὐτοῖς,
1950 4496 2035 4547 καί
2061 4500 2150 4552 τήν

580 4580 860 4636 ἀνάστασιν
886 4589 983 4638 τῶν
1006 4593 1189 4661 νεκρῶν
1218 4586 1579 4655 χλευάζοντες.
1603 4588 1753 4658 Σαφές
1775 4589 1938 4640 τοίνυν
1968 4585 2022 4638 έκ
2048 4593 2148 4639 τῶν
2174 4578 2226 4639 D
2250 4560 2456 4661 (lentes.

581 4672 843 4745 εἰρημένων
878 4673 1165 4745 γεγένηται,
1212 4671 1293 4728 ὅτι
1338 4673 1491 4749 περό
1536 4682 1643 4735 τοῖς
1689 4673 1851 4745 ἀγίοις
1894 4675 2150 4750 πατράσιν

580 4759 854 4815 ἀκολουθῶν
876 4765 965 4816 οὐκ
989 4762 1385 4836 agamnam;
1407 4766 1453 4820 οί
1479 4763 1839 4838 τάὨριγένους
1858 4771 2151 4839 φρονοῦντες

579 4859 642 4927 τῇ
666 4853 918 4927 «summa
942 4854 1121 4929 πλάνη.
1155 4857 1238 4907 καί
1263 4864 1533 4928 ’Δρειανικῇ
1562 4855 1889 4910 ἀκολουθοῦσι
1915 4860 2089 4929 μανίᾳ.

652 4945 795 5014 Λέγει
821 4942 874 4997 δί
901 4947 982 4997 καί
1017 4944 1042 4998 ὁ
1071 4946 1122 4997 ἓν
1156 4943 1312 5016 ἀγίοις
1355 4945 1597 5019 Κύριλλος
1627 4945 1900 5003 έπίσκοπος
1925 4943 2143 5008 Ἀλεξαν-

580 5028 749 5107 δρείας
765 5033 816 5085 ἐκ
836 5040 928 5092 τῆς
952 5034 1212 5094 ἐπιστολῆς
1232 5042 1315 5096 τῆς
1347 5036 1471 5109 πρὸς
1500 5038 1620 5096 τούς
1640 5037 1689 5090 ἓν
1709 5040 1840 5107 Φουᾷ
1858 5056 1986 5105 μονα
1990 5036 2144 5106 χούς,

581 5128 712 5183 κατά
747 5133 846 5180 τῶν
881 5128 1117 5199 λεγόντων
1152 5133 1221 5198 μὴ
1246 5124 1370 5183 εἶναι
1416 5130 1696 5185 ἀνάστασιν
1736 5136 1833 5183 τῶν
1876 5129 2142 5198 σωμάτων,

584 5212 728 5268 τάδε’
757 5230 776 5264 ε
812 5220 937 5268 ψασί
958 5221 1120 5270 τοίνυν
1141 5225 1238 5273 τῶν
1262 5222 1311 5272 ἓν
1336 5220 1459 5286 ύμῖν
1481 5240 1618 5280 τινας
1640 5220 1905 5294 ἀρνεῖσθαι
1927 5225 2023 5271 τῶν
2052 5219 2148 5270 ἀν-

579 5305 838 5380 θρωπίνων
863 5308 1114 5380 σωμάτων
1142 5316 1230 5369 τήν
1258 5312 1441 5366 ἀνάστα
1452 5332 1554 5374 σιν,
1590 5309 1716 5383 ὅπερ
1738 5312 1849 5365 ίστί
1875 5311 2026 5385 μέρος
2060 5317 2152 5369 τῆς

579 5397 836 5474 δμολσγίας
866 5401 1025 5471 ἡμῶν,
1069 5400 1126 5462 ἧς
1153 5401 1428 5469 ποιούμεθα
1470 5402 1764 5472 προσιόντες
1804 5407 1876 5472 τῷ
1916 5400 2148 5472 σωτηρίῳ

578 5489 916 5564 βαπτίσματι.
941 5494 1320 5563 Ὀμολογούντες
1340 5496 1435 5568 γάρ
1452 5499 1539 5552 τήν
1560 5495 1751 5554 πίστιν,
1764 5494 2150 5565 προσεπάγομεν

578 5577 657 5636 ὅτι
682 5586 986 5653 πιστεύομεν
1009 5584 1091 5635 καί
1107 5585 1173 5641 είς
1196 5583 1384 5655 σαρκὸς
1406 5584 1696 5637 ἀνάστασιν.
1717 5583 1771 5634 Εἰ
1788 5579 1830 5635 δ’
1849 5583 2144 5653 ἀναιροῦμεν

579 5678 752 5736 τοῦτο,
797 5676 881 5726 καί
910 5675 967 5726 οῦ
997 5675 1304 5742 πιστεύομεν
1330 5670 1408 5727 ὅτι
1434 5672 1458 5727 ὁ
1491 5673 1707 5746 Χριστός
1744 5673 1794 5725 ἐκ
1819 5680 2003 5747 νεκρῶν
2032 5672 2144 5743 ἐγή-

581 5783 771 5838 γερται,
800 5764 882 5816 ἶνα
909 5765 1040 5834 ἡμᾶς
1068 5764 1234 5835 ἑαυτῷ
1255 5752 1632 5834 συναναστήσῃ,
1661 5761 1995 5831 χωλιύουσαν
2021 5757 2143 5829 ἕχο-

584 5875 668 5911 an
696 5863 785 5916 τήν
812 5860 1003 5923 πίστιν,
1035 5861 1117 5913 καί
1149 5862 1237 5916 τήν
1263 5858 1527 5928 βασιλικήν
1553 5859 1756 5929 ἀγίντες
1784 5855 1893 5912 ὁδόν
1910 5896 1924 5923 ,
1953 5852 2146 5927 βαδίζο-

1842 5990 1851 5997 .
1871 5972 1904 5996 δρ

2266 1949 2359 1995 aut
2398 1941 2693 1996 insensibili
2722 1941 2957 1995 animam
2986 1941 3331 2003 concludunt,
3361 1947 3473 2006 aut,
3515 1941 3561 1997 si
3603 1941 3726 1996 inde
3767 1942 3834 1995 ad

2262 2032 2545 2085 humanam
2592 2033 2758 2086 vitam
2782 2045 2899 2087 eam
2947 2030 3246 2095 reducunt,
3295 2045 3412 2085 eam
3440 2032 3604 2084 vitam
3632 2045 3749 2100 qua:
3782 2031 3834 2086 iu

2261 2120 2431 2189 stirpe
2459 2119 2701 2185 ducatur,
2735 2128 2793 2175 ut
2816 2121 3020 2175 dictum
3048 2126 3160 2184 est,
3194 2121 3481 2175 ostendunt
3508 2121 3833 2175 antecellere

2261 2210 2435 2279 primo
2462 2210 2759 2265 animarum
2797 2210 2963 2266 statui
2995 2227 3010 2264 :
3037 2209 3299 2279 siquidem
3334 2210 3457 2264 inde
3484 2210 3549 2264 ad
3577 2211 3834 2266 malitiam

2264 2300 2362 2355 fuit
2386 2300 2696 2370 prolapsio,
2746 2300 2870 2355 hinc
2910 2313 3041 2354 vero
3082 2300 3148 2353 ad
3189 2300 3442 2353 virtutem
3481 2306 3565 2353 est
3610 2299 3831 2354 reditus.

2263 2389 2616 2455 Quamobrem
2647 2390 2735 2443 illa
2763 2387 2903 2444 ratio
2937 2389 3271 2444 convincitur
3298 2402 3416 2442 esse
3460 2389 3578 2442 sine
3625 2390 3827 2457 capite,

2261 2490 2317 2534 et
2341 2480 2455 2535 sine
2480 2480 2602 2544 line,
2625 2494 2744 2551 quae
2765 2481 2944 2535 vivere
2971 2481 3176 2534 animas
3194 2488 3467 2548 separatas
3497 2487 3621 2533 ante
3646 2494 3834 2547 corpo~

2261 2583 2411 2624 ream
2440 2571 2600 2624 vitam
2630 2579 2930 2633 asseverat,
2962 2583 3026 2625 ac
3057 2578 3278 2639 propter
3295 2568 3492 2637 ﬂagitia
3518 2570 3831 2638 corporibus

2263 2672 2383 2713 esse
2403 2656 2702 2712 devinctus.
2719 2675 2739 2706 ν
2760 2657 2885 2714 Haec
2910 2657 3194 2729 Nyssenus.
3223 2658 3353 2712 Cum
3379 2656 3536 2725 igitur
3556 2666 3736 2727 aperta
3760 2658 3831 2712 sit

2263 2745 2438 2801 Patris
2458 2748 2615 2815 hujus
2633 2747 2896 2813 doctrina,
2919 2746 3240 2816 damnetque
3259 2762 3353 2803 eos
3375 2748 3467 2818 qui
3497 2747 3698 2811 dicant,
3723 2748 3831 2800 ani-

2262 2853 2379 2893 mas
2406 2847 2530 2892 ante
2558 2852 2785 2907 corpora
2811 2836 2975 2893 fuisse
2998 2855 3012 2890 :
3036 2836 3312 2894 audiamus
3328 2848 3385 2895 et
3402 2847 3646 2893 sanctum
3661 2838 3831 2893 Theo—

2259 2925 2461 2995 philum
2486 2925 2796 2995 episcopum
2826 2925 3183 2989 Alexandriae,
3226 2943 3255 2982 e
3294 2941 3544 2981 sermone
3570 2926 3635 2978 ad
3664 2941 3828 2993 quos-

2260 3012 2383 3067 dam
2408 3014 2703 3069 monachos
2729 3014 2960 3084 scripto,
3009 3013 3100 3082 qui
3137 3010 3354 3079 Origeui
3390 3015 3777 3067 assentirentur
3811 3032 3824 3065 :

2259 3102 2339 3158 sic
2362 3104 2504 3157 enim
2532 3104 2664 3159 dicit
2696 3122 2709 3157 :
2741 3122 2759 3155 ι
2782 3102 2960 3170 Quare
2986 3102 3499 3163 anatheniatizantes
3522 3102 3827 3171 Origenem,

2259 3201 2590 3262 cmterosque
2618 3193 2925 3257 haereticos,
2953 3193 3201 3262 exemplo
3228 3200 3434 3260 nostro,
3482 3201 3540 3247 et
3565 3192 3828 3248 Anastasii
3860 3250 3865 3256 _

2258 3291 2457 3339 sancta:
2487 3283 2739 3337 Romanae
2777 3282 3027 3339 Ecclesia:
3053 3283 3321 3353 episcopi,
3347 3283 3439 3353 qui
3466 3297 3533 3337 ex
3561 3284 3828 3339 veteribus

2258 3372 2641 3427 certaminibus
2680 3372 2858 3427 clarus
2894 3374 3208 3427 nobilissimi
3238 3373 3419 3444 populi
3463 3373 3569 3427 dux
3618 3384 3829 3428 creatus

2257 3470 2372 3527 est,
2419 3478 2578 3532 quem
2622 3472 2677 3517 et
2702 3463 2950 3518 universa
2979 3464 3258 3517 beatorum
3282 3460 3586 3517 Occidentis
3615 3463 3815 3532 episco-

2257 3567 2447 3624 porum
2486 3554 2726 3623 sequitur
2768 3554 3037 3626 synodus,
3086 3566 3206 3624 quae
3244 3553 3450 3623 accepit
3495 3569 3559 3608 ac
3587 3553 3828 3623 probarit

2256 3642 2741 3698 Alexandrinorum
2802 3642 3052 3699 Ecclesiae
3107 3645 3429 3698 sententiam
3483 3643 3538 3697 in
3601 3644 3823 3713 impium

2256 3731 2439 3787 latam.
2472 3751 2490 3785 ε

2325 3840 2575 3912 Ejusdem
2606 3841 2674 3897 de
2701 3842 2926 3912 cpistola
2953 3841 3021 3897 ad
3047 3849 3264 3897 sanctos
3283 3842 3372 3910 qui
3401 3842 3453 3895 in
3478 3840 3622 3896 Secti
3645 3851 3821 3907 erant,

2253 3941 2477 4003 propter
2515 3946 2610 3987 eos
2655 3934 2746 4001 qui
2787 3935 3093 3988 incusarent
3137 3932 3533 3986 damnationem
3580 3929 3827 4000 Origenis

2254 4020 2552 4077 doctrinm:
2583 4040 2601 4073 ι
2633 4022 2820 4077 Dicere
2839 4021 3078 4077 nonnulli
3101 4021 3215 4075 ausi
3242 4029 3388 4087 sunt,
3410 4020 3691 4085 Origeuem
3720 4020 3826 4076 Ec-

2252 4111 2429 4168 clesize
2459 4127 2577 4167 esse
2607 4112 2905 4167 doctorem.
2937 4112 3017 4165 An
3046 4111 3124 4179 hi,
3154 4111 3397 4177 obsecro,
3429 4110 3635 4166 ferendi
3663 4120 3785 4166 sunt
3804 4113 3830 4166 ἲ

2252 4200 2309 4256 Si
2332 4200 2585 4258 Ecclesiae
2615 4201 2809 4257 doctor
2833 4210 2915 4256 est
2939 4201 3213 4268 Origenes,
3240 4214 3462 4267 magnos
3484 4201 3584 4254 sibi
3609 4201 3830 4270 spiritus

2252 4299 2468 4346 sumunt
2494 4290 2697 4354 Ariani,
2742 4302 2798 4346 et
2823 4291 3157 4355 Eunomiani,
3186 4301 3241 4345 et
3267 4290 3460 4360 pagani
3491 4308 3505 4343 :
3532 4290 3605 4344 illi
3636 4292 3690 4345 in
3731 4289 3825 4343 Fi-

2252 4379 2381 4435 lium
2405 4395 2468 4435 ac
2492 4380 2747 4451 Spiritum
2778 4381 3246 4451 blasphemautes;
3275 4380 3327 4434 bi
3359 4380 3625 4442 similiter,
3655 4388 3821 4449 atque

2253 4469 2348 4534 illi,
2375 4469 2544 4540 impii,
2572 4484 2673 4524 nec
2712 4485 2817 4524 non
2839 4471 3287 4524 resurrectionem
3321 4476 3657 4523 mortuorum
3682 4468 3829 4522 deri-

2488 4581 2507 4612 »
2565 4560 2642 4615 Ex
2685 4561 2768 4615 bis
2795 4562 3135 4630 perspicuum
3165 4568 3275 4624 est,
3328 4573 3451 4613 eum
3475 4559 3567 4627 qui
3606 4564 3830 4613 sanctos

2254 4651 2441 4707 Patres
2470 4654 2729 4721 sequitur,
2776 4668 2881 4707 non
2924 4652 3169 4706 dubitare
3195 4651 3324 4720 quin
3355 4650 3389 4705 ii
3417 4652 3509 4719 qui
3547 4664 3668 4705 cum
3701 4648 3826 4703 Ori-

2252 4754 2388 4810 gene
2430 4743 2687 4806 sentiunt,
2740 4757 3067 4813 paganorum
3117 4755 3355 4795 errorem
3402 4740 3827 4807 Arianorumque

2252 4831 2515 4886 insaniam
2543 4843 2857 4901 sequantur.

2320 4941 2444 4996 Haec
2497 4958 2710 5012 quoque
2762 4952 2978 4999 sanctus
3025 4940 3252 5012 Cyrillus
3299 4939 3429 4995 dicit
3484 4937 3826 4993 Alexandria:

2250 5041 2549 5110 cpiscopus,
2592 5042 2644 5095 in
2683 5042 2906 5111 epistola
2945 5040 3019 5111 ad
3043 5040 3335 5095 monachos
3360 5038 3449 5108 qui
3481 5038 3533 5092 in
3560 5035 3739 5102 Phua,
3767 5037 3824 5091 in

2250 5156 2345 5196 eos
2364 5143 2453 5211 qui
2477 5140 2745 5196 afﬁrmant
2766 5155 3047 5210 corporum
3070 5140 3516 5194 resurrectionem
3537 5152 3647 5192 non
3672 5151 3822 5192 esse:

2258 5262 2276 5295 ι
2298 5243 2462 5296 Aiunt
2488 5241 2669 5310 igitur,
2700 5255 2819 5316 esse
2840 5239 2982 5309 apud
3013 5254 3107 5293 vos
3127 5238 3220 5308 qui
3241 5245 3439 5306 negent
3465 5237 3823 5290 humanorum

2249 5357 2536 5412 corporum
2584 5340 3034 5395 resurrectionem
3078 5355 3091 5391 :
3133 5352 3252 5406 qua:
3295 5351 3421 5406 pars
3467 5333 3826 5390 confessionis

2248 5451 2445 5500 nostra:
2465 5450 2567 5508 est,
2581 5456 2738 5511 quam
2758 5439 2979 5494 fecimus
2997 5437 3229 5492 salutare
3249 5435 3507 5490 adeuntes
3529 5434 3819 5504 baptisma.

2249 5541 2432 5597 Fidem
2461 5541 2605 5597 enim
2630 5538 2962 5607 proﬁtentes,
2990 5536 3326 5607 adjungimus
3353 5533 3573 5588 credere
3620 5547 3721 5587 nos
3765 5539 3823 5585 et

2248 5640 2424 5696 carnis
2445 5637 2910 5692 resurrectionem.
2934 5635 2990 5689 Si
3013 5636 3116 5688 hoc
3137 5633 3392 5694 tollimus,
3424 5644 3524 5684 nec
3548 5628 3821 5683 credimus

2246 5738 2515 5794 Christum
2541 5736 2895 5791 resurrexisse
2924 5749 2954 5788 a
2984 5731 3239 5798 mortuis,
3270 5737 3329 5785 ut
3368 5744 3467 5785 nos
3490 5727 3596 5785 sibi
3621 5739 3816 5784 conre-

2249 5845 2549 5911 suscitaret,
2577 5843 2966 5902 claudicantem
2988 5840 3246 5898 habemus
3274 5839 3451 5906 tidem,
3476 5850 3537 5892 ac
3564 5850 3596 5892 a
3618 5833 3702 5890 via
3725 5845 3811 5889 re-
