4112 6540
346 437 451 497 969

1420 439 1654 509 LIBER
1693 450 2091 511 ADVERSUS
2124 449 2547 513 ORIGENEM.

3441 458 3547 521 970

352 571 441 619 μεν
467 552 555 609 τήν
581 549 984 624 διεστραμμένην.
1032 563 1151 606 Εστι
1178 551 1228 607 δέ
1253 555 1281 609 ή
1303 574 1511 611 τοιαυτη
1532 554 1788 619 κακοδοξία
1807 564 1893 615 τῆς

1998 558 2081 624 gia
2106 557 2476 618 deﬂectentes.
2508 575 2729 631 pravum
2759 560 2858 613 iter
2899 561 3186 628 sequimur.
3236 558 3544 627 Huiusmodi

351 642 634 714 Ὠριγένους
662 642 1056 710 φρενοϐλαϐείας
1090 639 1142 695 6v
1180 647 1260 696 καί
1298 644 1343 695 oi
1388 646 1598 720 πατέρες
1650 648 1785 715 ήμῶν
1831 650 1897 705 ὡς

349 729 705 803 διαστρέφοντα
734 736 824 788 τήν
852 731 1079 788 ἀλήθειαν
1104 732 1448 805 ἀπεκήρυξαν,
1488 736 1575 785 καί
1612 735 1898 803 ἀνεθεμάτι-

350 842 461 876 σαν.
501 824 571 876 Οὐ
591 824 688 896 γάρ
717 822 976 895 ἐφρόνησεν
1004 825 1071 882 ὡς
1101 825 1423 895 Χριστιανὸς,
1453 824 1572 877 ἀλλά
1605 834 1712 884 ταῖς
1732 825 1901 885 Ἐλλή-

349 934 444 965 νων
470 913 806 972 ἀκολουθήσας
833 912 1094 983 φλυαρίαις
1121 914 1452 972 πεπλάνηται.
1478 926 1527 967 Ἦ
1557 913 1609 968 δέ
1638 917 1783 988 ἀρχή
1810 923 1897 970 τοῦ

346 1008 625 1073 νοσήματος
645 1004 863 1057 ἐντεῦθεν
878 1004 1011 1072 αὐτῷ
1025 1004 1329 1074 συμϐέϐηκε.
1354 1008 1479 1061 Φησὶ
1496 1006 1589 1078 γάρ
1616 1003 1694 1059 ὅτι
1709 1014 1899 1078 προῦπ-

346 1095 601 1167 άρχουσιν
634 1093 685 1145 αἱ
713 1094 887 1162 ψυχαί
931 1100 1030 1146 τῶν
1078 1094 1355 1162 σωμάτων,
1393 1097 1472 1146 καί
1510 1097 1611 1148 ἀπο
1646 1093 1899 1164 άγιασμοῦ

348 1182 741 1254 παρηνέχθησαν
787 1183 857 1241 είς
894 1181 1158 1252 ἐπιθυμίας
1202 1184 1447 1258 πονηράς,
1488 1186 1566 1236 καί
1607 1184 1902 1241 ἀπέστησαν

348 1276 471 1323 Θεοῦ
491 1284 505 1299 ⁸
534 1272 615 1323 καί
657 1270 851 1330 ταύτης
891 1271 1034 1324 ἕνεκα
1070 1278 1160 1329 τῆς
1188 1274 1349 1330 αἰτίας
1377 1270 1697 1325 κατεδίκασεν
1720 1274 1897 1333 αὐτάς.

350 1365 429 1415 ταί
450 1362 796 1432 έσωμάτωσεν,
824 1365 907 1415 καί
932 1366 1054 1418 εἰσιν
1084 1366 1151 1422 ὡς
1178 1365 1226 1416 έν
1250 1362 1576 1440 δεσμωτηρίῳ
1612 1367 1661 1418 έν
1693 1369 1894 1435 σαρκί.»

416 1546 517 1593 Τοῦ
546 1542 703 1595 αὐτοῦ
733 1542 784 1595 έκ
822 1550 914 1600 τῆς
948 1542 1213 1611 ἐπιστολῆς
1249 1552 1340 1602 τῆς
1367 1544 1496 1614 πρὸς
1527 1544 1646 1603 τοὺς
1681 1546 1730 1597 έν
1768 1551 1901 1617 «bona;

348 1627 626 1697 μοναχοῦς·
666 1646 683 1677 ι
712 1627 765 1681 Ἠ
803 1627 855 1683 δέ
893 1630 1124 1687 ἐκκλησία
1168 1639 1282 1690 ταῖς
1315 1634 1663 1692 θεοπνεύστοις
1694 1634 1902 1705 ἑπομένη

348 1726 588 1792 γραφαῖς,
634 1721 723 1771 οὐκ
763 1716 865 1773 οἶδε
893 1726 990 1772 τῶν
1032 1724 1278 1789 σωμάτων
1321 1724 1768 1796 προϋπάρχουσαν
1814 1731 1902 1784 τήν

348 1811 548 1879 ψυχήν,
579 1810 682 1865 ἀλλ’
709 1811 820 1865 οὖδέ
846 1817 1313 1887 προαμαρτήσασαν
1333 1814 1432 1885 πρὸ
1462 1816 1641 1867 αὐτῶν·
1671 1822 1779 1875 πῶς
1803 1818 1901 1889 γάρ

2000 656 2173 700 autem
2211 647 2447 716 improba
2488 649 2669 716 opinio
2717 650 2783 703 ab
2829 647 3068 715 Origenis
3110 649 3373 702 dementia
3416 657 3544 703 est:

1999 752 2154 805 quem
2181 747 2235 791 et
2262 746 2439 807 patres
2478 740 2664 801 nostri,
2716 745 2775 793 ut
2799 740 2911 793 veri
2939 740 3365 808 depravatorem,
3392 740 3545 795 abdi-

1999 837 2253 882 caverunt
2279 836 2333 881 et
2360 830 2959 883 anathematizaverutnt.
2990 828 3104 882 Non
3136 830 3275 883 enim
3300 831 3466 885 sensit
3494 838 3551 885 ut

1999 916 2347 981 Christianus,
2389 917 2480 971 sed
2510 931 2831 986 paganorum
2860 926 3071 972 secutus
3113 918 3340 986 ineptias
3367 927 3421 972 et
3448 935 3548 973 nu-

1999 1017 2113 1071 gas,
2137 1005 2186 1057 in
2208 1018 2441 1059 errorem
2469 1005 2670 1059 incidit.
2700 1007 2830 1061 llinc
2855 1015 3031 1061 autem
3056 1008 3104 1062 ei
3134 1010 3353 1076 contigit
3379 1009 3548 1063 morbi

2000 1094 2337 1163 principium.
2370 1095 2652 1149 Asseverat
2680 1097 2881 1151 animas
2919 1106 3041 1151 ante
3069 1113 3293 1166 corpora
3320 1114 3467 1165 esse,
3496 1107 3549 1153 et

2000 1198 2031 1237 a
2057 1186 2403 1239 sanctimonia
2434 1186 2686 1240 abductas
2721 1186 2879 1241 fuisse
2910 1189 2962 1241 in
2991 1189 3306 1256 cupiditates
3348 1205 3411 1243 ac
3456 1204 3553 1244 ne-

2000 1272 2240 1340 quitiam,
2267 1272 2654 1343 descivisseque
2682 1290 2711 1328 a
2742 1275 2868 1337 Deo,
2895 1292 2924 1328 a
2949 1291 3053 1343 quo
3084 1277 3218 1331 hanc
3245 1277 3312 1331 ob
3340 1291 3553 1332 causam

2001 1359 2259 1413 damnata:
2281 1370 2421 1425 sunt,
2446 1372 2501 1415 et
2524 1364 2734 1432 corpori
2755 1364 3042 1427 obstrictae,
3066 1374 3293 1434 suntque
3322 1367 3371 1419 in
3393 1380 3554 1421 carne

2001 1455 2252 1515 tanquam
2282 1450 2333 1502 in
2357 1465 2591 1504 carcere.
2619 1470 2636 1502 ι

2073 1530 2316 1603 Ejusdem
2349 1553 2413 1591 ex
2443 1540 2663 1608 epistola
2691 1542 2885 1610 scripta
2934 1532 3003 1595 ad
3050 1558 3143 1597 eos
3185 1543 3277 1611 qui
3318 1545 3369 1597 in
3411 1544 3551 1598 Phua

2003 1635 2183 1689 erant,
2216 1628 2503 1681 monachos
2548 1646 2560 1680 :
2598 1648 2615 1678 ε
2643 1628 2877 1685 Ecclesia
2906 1648 3062 1694 vero,
3088 1632 3375 1702 Scripturis
3400 1635 3553 1690 obse-

2002 1730 2171 1783 quens
2195 1730 2223 1766 a
2253 1715 2363 1769 Deo
2406 1718 2704 1785 inspiratis,
2736 1736 2834 1774 nec
2857 1722 3084 1774 animam
3115 1726 3260 1778 novit
3287 1732 3408 1779 ante
3437 1740 3551 1778 σοι·-

2002 1819 2133 1873 pora
2161 1803 2338 1867 fuisse,
2389 1821 2487 1859 nec
2533 1816 2657 1860 ante
2697 1823 2759 1861 ea
2800 1824 3071 1876 peccasse.
3108 1809 3382 1876 Quomodo
3411 1813 3552 1866 enim

347 1904 378 1958 ή
415 1906 484 1973 μή
514 1908 782 1974 ὑφεστῶσα
821 1907 900 1957 καὶ
936 1903 1181 1979 ἁμαρτεῖν
1220 1903 1463 1967 ήδύνατοζ
1512 1911 1667 1978 φαμέν
1705 1908 1784 1973 δέ,
1827 1909 1893 1965 ὄτι

2004 1908 2121 1963 qua:
2148 1909 2252 1947 non
2278 1894 2595 1948 subsidebat
2624 1911 2847 1964 peccare
2876 1899 3080 1966 potuit?
3106 1898 3174 1952 At
3202 1916 3297 1955 nos
3322 1896 3549 1955 afllrmas

348 1990 533 2045 ἔπλασε
576 1994 665 2060 μὲν
710 1992 863 2046 ὁτῶν
899 1990 1020 2045 ὅλων
1065 1992 1367 2066 δημιουργὸς
1408 1996 1467 2049 τὸ
1500 2005 1649 2066 σῶμα
1686 1999 1739 2051 ἐκ
1785 2008 1898 2071 γῆς,

348 2079 594 2147 έψύχωσε
646 2080 699 2134 δέ
729 2084 849 2135 αὐτὸ
875 2081 1026 2154 ψυχῇ
1063 2088 1230 2155 νωρᾷ.
1260 2087 1348 2137 Καὶ
1394 2086 1525 2143 α”τη
1568 2087 1703 2140 ἐστίν
1738 2089 1768 2144 ἡ
1810 2095 1899 2141 τοῦ

346 2172 603 2243 ἀνθρώπου
633 2174 968 2227 κατασκευή.»
998 2175 1085 2224 [αἱ
1112 2175 1213 2242 μεθ’
1234 2174 1383 2248 ἕτερα
1423 2172 1560 2229 ε”Οτι
1580 2177 1669 2228 οὐκ
1695 2178 1747 2229 έκ
1774 2197 1901 2249 προ-

345 2268 667 2330 γενεστέρων,
696 2261 764 2319 ὥς
801 2282 976 2332 φασιν,
1006 2260 1381 2331 ἁμαρτημάτων
1416 2262 1838 2321 καταδεδίκασται
1870 2267 1900 2324 ἡ

346 2355 432 2401 τοὺ
459 2348 719 2421 ἀνθρώπου
742 2348 917 2418 ψυχή,
946 2351 1029 2402 καί
1049 2353 1121 2408 είς
1153 2356 1326 2405 τοῦτον
1354 2353 1668 2422 κατεπέμφθη
1687 2355 1772 2407 τὸν
1793 2354 1902 2409 κόσ-

348 2458 458 2509 μον,
488 2442 799 2494 πιστώσεται
823 2441 1023 2515 γράφων
1050 2443 1133 2494 καί
1162 2439 1187 2494 6
1210 2442 1463 2512 πάνσοφος
1484 2444 1900 2505 [Milon—1'06;

346 2534 445 2603 γάρ
472 2532 660 2591 πάντας
690 2534 823 2601 ἡμᾶς
846 2531 924 2586 δεῖ
949 2534 1279 2606 φανερωθῆναι
1316 2531 1589 2609 ἔμπροσθεν
1628 2542 1714 2588 τοῦ
1744 2535 1902 2608 βήμα-

347 2638 434 2677 τος
479 2626 569 2671 τοῦ
605 2625 857 2695 Χριστοῦ,
899 2620 982 2673 ἵνα
1018 2623 1283 2688 κομίσηται
1333 2621 1544 2680 ἕκαστος
1587 2624 1654 2675 τά
1693 2620 1774 2676 διά
1810 2631 1899 2677 τοῦ

348 2708 584 2774 σώματος
607 2708 735 2780 πρὸς
764 2706 795 2759 ἃ
815 2706 1043 2783 ἔπραξεν,
1067 2706 1164 2761 εἴτε
1186 2709 1384 2779 ἀγαθὸν,
1404 2709 1501 2763 εἴτε
1525 2711 1796 2781 φαῦλονο-
1817 2713 1903 2765 Διά

346 2797 396 2847 τί
420 2796 515 2869 γάρ
539 2795 665 2865 μόνα
687 2798 751 2849 τά
781 2794 863 2850 διὰ
895 2803 983 2849 τοῦ
1011 2800 1243 2866 σώματος
1284 2800 1705 2875 φανερωθήσεσθλί
1748 2821 1895 2872 φησι,

346 2891 428 2940 καί
457 2889 579 2957 οὐχί
596 2886 656 2946 δή
686 2888 869 2958 μᾶλλον
897 2892 979 2942 καί
1005 2892 1070 2943 τά
1092 2892 1189 2963 πρὸ
1216 2897 1309 2946 τοῦ
1346 2894 1603 2960 σώματος,
1629 2892 1769 2967 εἴπερ
1796 2892 1901 2966 ῃδει

346 2982 606 3048 προοῦσαν
632 3016 647 3039 ,
676 2980 758 3030 καί
798 2984 1273 3054 προαμαρτήσασαν
1297 2985 1387 3037 τήν
1426 2980 1629 3050 ψυχήνς
1657 2985 1713 3035 Εἰ
1740 2980 1791 3036 δὲ
1819 2984 1902 3036 ίπί

345 3068 514 3135 μόνοις
543 3068 802 3143 κρινόμεθα
823 3078 931 3130 τοῖς
951 3068 1033 3123 διά
1073 3077 1164 3125 τοῦ
1190 3074 1418 3143 σώματος
1436 3114 1449 3137 ,
1473 3074 1556 3124 οὐκ
1584 3069 1779 3143 ἔχομεν
1814 3070 1903 3129 δη·-

348 3159 511 3212 λονὸτι
561 3162 949 3232 προγενεστέραν
988 3168 1078 3215 τοῦ
1113 3164 1346 3231 σώματος
1374 3161 1645 3235 ἁμαρτίαν.
1686 3165 1757 3216 Οὑ
1802 3166 1900 3236 γάρ

2008 1999 2151 2046 mus,
2198 1982 2554 2037 universitatis
2580 1985 2823 2052 opiﬁcem
2862 2002 3053 2055 corpus
3088 2003 3117 2040 e
3148 1996 3287 2041 terra
3317 1987 3548 2054 ﬁnxisse,

2001 2074 2162 2141 idque
2183 2074 2797 2156 animassejntelligente
2824 2076 3017 2138 anima,
3057 2086 3113 2131 et
3139 2078 3251 2132 haec
3273 2088 3354 2131 est
3380 2079 3548 2133 homi-

2001 2167 2083 2221 nis
2104 2174 2387 2222 structura.
2404 2188 2421 2219 ι
2445 2167 2509 2220 Et
2526 2177 2644 2237 post
2661 2169 2759 2221 alia
2781 2186 2793 2221 :
2817 2188 2834 2218 ‹
2854 2169 3093 2224 Animam
3116 2172 3344 2225 hominis
3366 2187 3465 2227 nec
3485 2174 3551 2226 ob

2002 2256 2286 2324 prmterita,
2307 2266 2362 2309 ut
2378 2257 2545 2319 aiunt,
2574 2255 2769 2324 ﬂagitia
2791 2266 2949 2325 atque
2974 2260 3172 2312 scelera
3196 2274 3310 2313 esse
3335 2260 3545 2314 damna-

2002 2356 2130 2411 tam,
2172 2364 2269 2401 nec
2293 2348 2343 2400 in
2372 2349 2511 2401 hunc
2536 2348 2814 2403 demissam
2836 2348 3108 2413 mundum,
3138 2351 3549 2418 sapientissimus

2001 2434 2193 2489 Paulus
2219 2436 2371 2489 ﬁdem
2394 2435 2534 2501 facit,
2560 2438 2631 2490 ita
2659 2437 2894 2492 scribens
2919 2456 2930 2490 :
2965 2436 3152 2491 Omnes
3168 2441 3302 2492 enim
3322 2456 3413 2492 nos
3442 2448 3551 2493 mas

2000 2526 2235 2595 nifestari
2257 2533 2454 2595 oportet
2476 2538 2594 2579 ante
2616 2525 2835 2579 tribunal
2864 2525 3072 2589 Christi,
3102 2536 3155 2579 ut
3189 2530 3375 2597 referat
3394 2544 3547 2583 unus-

1999 2614 2204 2683 quisque
2231 2630 2291 2665 ea
2328 2630 2441 2683 qua:
2475 2631 2562 2681 per
2589 2630 2770 2684 corpus
2788 2653 2803 2675 ,
2843 2624 2992 2684 prout
3019 2617 3192 2685 gessit,
3219 2617 3322 2669 sive
3344 2615 3552 2685 bonum,

1999 2704 2102 2754 sive
2128 2703 2316 2755 malum
2341 2701 2417 2771 (II
2447 2706 2571 2759 Cor.
2606 2702 2682 2772 v).
2714 2703 2822 2757 Cur
2859 2716 2986 2771 ergo
3017 2713 3235 2773 propter
3266 2704 3379 2759 sola
3421 2720 3548 2774 pro-

1998 2795 2111 2863 pria
2136 2794 2375 2864 corporis
2394 2794 2721 2848 manifestari
2748 2806 2845 2848 nos
2869 2802 3119 2863 oportere
3140 2796 3232 2859 ait,
3257 2808 3355 2849 nec
3375 2798 3551 2865 potius

2000 2894 2219 2955 propter
2244 2900 2306 2939 ea
2333 2886 2492 2938 etiam
2522 2900 2639 2955 qua:
2678 2893 2800 2939 ante
2829 2900 3041 2955 corpus,
3087 2887 3130 2939 si
3158 2887 3386 2939 animam
3428 2895 3550 2939 ante

1997 2975 2158 3030 fuisse
2196 2981 2377 3039 norat,
2429 2982 2483 3029 et
2510 2983 2635 3029 ante
2668 2978 2962 3044 peccasse?
3010 2975 3065 3029 Si
3095 2990 3219 3031 vero
3249 2977 3316 3030 ob
3343 2991 3404 3029 ea
3435 2975 3549 3030 sola

1998 3080 2113 3134 qua:
2156 3065 2209 3117 in
2257 3079 2479 3133 corpore
2513 3065 2792 3132 gessimus,
2841 3064 3151 3119 adducimur
3190 3066 3241 3119 in
3272 3066 3546 3134 judicium,

1998 3171 2105 3209 non
2133 3156 2316 3225 utique
2352 3156 2607 3209 habemus
2643 3156 2911 3224 antiquius
2952 3166 3177 3225 corpore
3220 3166 3498 3226 peccatqu
3529 3173 3543 3209 :

343 3248 615 3318 ὑφέστηκεν
645 3249 767 3309 ὅλως
787 3253 817 3309 ή
843 3258 935 3305 τοῦ
963 3253 1221 3326 ἀνθρώπου
1256 3252 1405 3323 ψυχή
1430 3253 1528 3325 πρὸ
1552 3254 1705 3307 αὑτοῦ
1721 3293 1737 3318 ,
1780 3254 1893 3313 πλη-

1998 3258 2120 3296 nam
2152 3244 2370 3298 omnino
2396 3253 2522 3298 ante
2558 3244 2607 3298 id
2649 3260 2754 3298 non
2791 3246 3031 3299 constitit
3075 3246 3304 3303 hominis
3350 3248 3545 3301 anima.

342 3348 543 3415 ροφορεῖ
564 3339 615 3393 δέ
641 3342 766 3415 πρὸς
796 3348 943 3396 τοῦτο
964 3345 1094 3412 ήμᾶς
1115 3346 1196 3397 καί
1221 3346 1250 3401 Ii
1277 3351 1367 3398 τοῦ
1386 3350 1584 3413 νομικοῦ
1606 3346 1895 3420 γράμματος

341 3428 573 3498 δύναμις.
604 3434 658 3484 Ei
697 3435 826 3504 γὰρ,
867 3434 935 3491 ὧς
970 3454 1115 3505 φησιν
1144 3433 1171 3488 6
1203 3435 1577 3501 πεπλανημένος
1614 3436 1895 3509 Ὠριγένης,

341 3520 396 3571 ix
419 3526 516 3572 τῶν
532 3523 933 3595 προγενεστέρων
953 3522 1347 3595 ἁμαρτημάτων,
1362 3524 1491 3595 λόγῳ
1516 3523 1768 3583 κολάσεως
1788 3524 1897 3581 ἦτοι

338 3610 579 3683 τιμωρίας
618 3608 816 3672 ἐδέξατο
857 3611 915 3664 τὸ
952 3618 1101 3680 σῶμα
1146 3613 1177 3668 ή
1218 3611 1403 3682 ψυχή,
1444 3610 1523 3665 διά
1560 3615 1705 3666 ποίαν
1734 3614 1895 3666 αἰτίαν

340 3700 578 3758 ἠπείλησε
622 3703 827 3755 θάνατον
850 3710 958 3761 τοῖς
1000 3702 1405 3778 ἁμαρτάνουσινς
1448 3701 1551 3757 ἔδει
1586 3711 1683 3776 γὰρ
1715 3705 1896 3775 μᾶλλον

335 3794 453 3849 τούς
483 3789 706 3851 δικαίους
734 3792 1080 3853 ἀποθνήσκειν,
1118 3792 1200 3845 ἶνα
1228 3792 1638 3846 ἀπαλλάττωνται
1659 3799 1757 3847 τῶν
1785 3791 1897 3848 δεσ-

335 3890 461 3951 μῶν,
486 3886 566 3936 καί
588 3892 678 3942 τῆς
704 3886 980 3955 τιμωρίας,
1009 3887 1095 3955 ζῇν
1131 3881 1184 3937 δέ
1213 3885 1330 3942 τοὺς
1365 3883 1683 3960 ἀλιτηρίους,
1707 3887 1787 3939 ἴνα
1820 3902 1897 3939 κο-

334 3974 577 4036 λάζωνται
597 3980 664 4043 μή
685 3974 1110 4044 ἀπαλλαττόμενοι
1134 3982 1233 4029 τῶν
1264 3972 1480 4045 δεσμῶν.
1521 3992 1540 4027 ν

398 4071 477 4115 Ἐκ
525 4071 615 4123 τῆς
670 4064 948 4121 ἐπιτεθείσης
1006 4064 1111 4115 ὑπὸ
1150 4070 1247 4115 τῶν
1301 4063 1409 4119 κατ’
1458 4062 1709 4135 Αἴγυπτον
1735 4106 1750 4130 ,
1807 4066 1893 4118 καί

330 4151 686 4225 ’Δλεξάνδρειαν
729 4150 1013 4204 ἐπισκόπων
1054 4151 1318 4210 συνοδικῆς
1346 4152 1607 4210 ἐπιστολῆς
1634 4152 1766 4206 κατά
1794 4158 1892 4205 τῶν

330 4237 614 4313 Ὠριγένους
637 4239 920 4312 δογμάτων·
942 4258 959 4289 t
980 4236 1138 4299 Οὗτος
1167 4242 1324 4293 τοίνυν
1350 4238 1376 4292 6
1413 4242 1730 4312 προκείμενος
1759 4238 1891 4315 Ὠρι-

330 4330 495 4396 γένης,
524 4330 749 4402 καθάπερ
774 4330 833 4382 τὸ
852 4336 940 4387 τῆς
970 4329 1267 4401 ἐρημώσεως
1292 4326 1544 4396 βδέλυγμα
1568 4329 1615 4379 iv
1637 4329 1778 4399 μέσῳ
1802 4337 1891 4389 τῆς

333 4418 538 4476 ἀληθοῦς
567 4418 829 4476 ἐκκλησίας
856 4418 1134 4489 γεγένηται.
1165 4420 1263 4469 Καὶ
1282 4416 1627 4491 πρεσϐύτερος
1653 4432 1887 4490 χειροτο-

326 4509 481 4564 νηθείς
509 4507 610 4559 ὑπὸ
637 4514 726 4564 τῆς
758 4514 1008 4563 κανωικῆς
1032 4522 1117 4567 τε,
1150 4508 1232 4559 καὶ
1272 4512 1391 4574 μιᾶς
1420 4508 1594 4580 χειρὸς
1630 4506 1771 4563 άληθι
1798 4514 1855 4563 ἧς
1874 4547 1887 4567 ,

1996 3331 2110 3386 Hoc
2130 3344 2291 3401 porro
2308 3334 2520 3403 planum
2544 3332 2667 3388 facit
2694 3342 2748 3388 et
2775 3336 2957 3404 legalis
2985 3337 3171 3391 littera:
3189 3339 3283 3391 vis.
3312 3336 3366 3391 Si
3383 3339 3543 3404 enim,

1996 3431 2055 3476 ut
2081 3423 2210 3477 dicit
2230 3423 2554 3479 errabundus
2580 3424 2853 3493 Origenes,
2878 3427 2945 3480 ob
2961 3428 3236 3497 superiora
3267 3428 3543 3483 commissa

1998 3510 2049 3563 in
2100 3513 2341 3580 supplicii
2386 3528 2451 3567 ac
2496 3528 2665 3581 poma:
2709 3515 2828 3569 loco
2874 3516 3047 3570 anima
3093 3532 3286 3586 corpus
3323 3520 3544 3587 accepit,

1994 3601 2339 3668 quamobrem
2366 3602 2640 3670 ﬂagitiosis
2679 3604 2741 3657 ac
2769 3605 3041 3659 sceleratis
3069 3617 3294 3659 mortem
3321 3609 3545 3661 commi-

1995 3698 2117 3742 nata
2142 3691 2260 3744 est?
2304 3690 2470 3758 Magis
2497 3692 2637 3746 enim
2675 3702 3021 3762 Oportuerat,
3068 3696 3237 3749 bonos
3274 3708 3337 3750 ac
3372 3696 3546 3765 justo:

1994 3782 2137 3836 viros
2166 3792 2391 3836 mortem
2416 3792 2693 3852 Oppetere,
2720 3792 2778 3838 ut
2803 3785 3025 3839 vinculis
3054 3794 3107 3839 et
3132 3786 3392 3854 supplicio
3422 3787 3544 3841 libc.

1994 3878 2241 3924 rarentur
2288 3890 2300 3923 :
2340 3872 2519 3927 vivere
2560 3884 2747 3927 contra
2788 3874 3043 3929 scelestos
3083 3891 3145 3929 ac
3173 3876 3440 3944 nefarios,
3487 3886 3545 3931 ut

1991 3974 2149 4031 pinna
2162 3960 2512 4029 amcerentur,
2526 3979 2623 4018 nec
2635 3964 2736 4017 ulla
2751 3964 3079 4019 vinculorum
3093 3976 3232 4019 esset
3244 3967 3501 4022 liberatio.
3518 3988 3536 4019 ε

2063 4048 2139 4103 Ex
2188 4052 2517 4120 expositione
2569 4053 2835 4124 synodica:
2881 4054 3119 4122 epistola:
3171 4056 3540 4125 episcoporum

1993 4139 2208 4210 Egypti
2250 4149 2408 4209 atque
2445 4141 2772 4195 Alexandriae
2801 4142 3053 4197 adversus
3080 4142 3318 4211 Origenis
3345 4145 3541 4199 doctri-

1993 4246 2113 4283 nam
2148 4248 2161 4283 :
2187 4249 2205 4281 ι
2228 4229 2325 4285 llic
2341 4244 2490 4298 ergo,
2516 4232 2580 4285 de
2607 4246 2712 4301 quo
2738 4234 2931 4303 agitur,
2955 4232 3205 4302 Origenes
3226 4235 3386 4288 veluti
3411 4235 3542 4289 abo-

1992 4321 2293 4375 minationis
2309 4322 2571 4376 desolatio
2594 4322 2644 4375 in
2665 4324 2839 4378 medio
2866 4340 3002 4377 verm
3028 4324 3275 4379 Ecclesiae
3302 4325 3535 4389 exstitit;

1990 4424 2052 4463 ac
2082 4411 2357 4481 presbyter
2386 4412 2659 4465 ordinatus
2686 4427 2714 4464 a
2744 4412 2997 4466 canonica
3022 4452 3039 4479 ,
3086 4413 3151 4467 ab
3178 4427 3275 4466 una
3293 4454 3308 4477 ,
3354 4427 3383 4465 a
3411 4426 3537 4465 vera

1989 4516 2179 4567 manu,
2229 4502 2537 4569 dignitatem
2567 4502 2859 4572 presbyteri
2888 4502 3077 4555 nudam
3124 4518 3187 4555 ac
3228 4503 3392 4557 solam
3438 4503 3536 4556 ha-

328 4589 442 4663 εἶχε
461 4594 517 4647 τὸ
540 4595 734 4663 ἀξίωμα
763 4600 852 4647 τοῦ
873 4594 1219 4667 πρεσϐυτέρου
1249 4593 1384 4662 ψιλόν
1396 4611 1452 4646 τε
1471 4597 1550 4647 καί
1577 4596 1742 4667 μόνον,
1773 4596 1884 4647 καθα

1994 4591 2140 4653 buit,
2195 4592 2638 4659 quemadmodum
2685 4600 2740 4645 et
2777 4594 3104 4661 apostolatus
3142 4592 3325 4647 habuit
3369 4596 3527 4648 hono-

325 4686 455 4757 άπερ
498 4688 579 4737 καί
613 4686 671 4739 τὸ
699 4692 788 4743 τῆς
815 4684 1097 4742 ἀποστολῆς
1119 4678 1260 4752 εἶχεν
1284 4683 1309 4736 6
1330 4684 1569 4745 κλέπτης,
1591 4687 1675 4737 καί
1697 4683 1884 4758 προδό-

324 4795 416 4831 της
448 4775 655 4834 Ἰούδας.
687 4774 985 4848 ’Δρξαμένου
1024 4778 1123 4847 γὰρ
1152 4776 1307 4827 αὐτοῦ
1336 4775 1659 4846 βλασφήμους
1692 4774 1886 4845 ὁμιλίας

325 4863 506 4933 ὁμιλεῖν
527 4907 539 4927 ,
576 4863 601 4917 6
636 4865 743 4917 κατ’
768 4866 925 4916 ἐκεῖνο
952 4865 1231 4936 μακαρίτης
1259 4864 1499 4934 Ἦρακλᾶς
1529 4862 1553 4916 6
1578 4864 1882 4928 ἐπίσκοπος,

325 4958 392 5014 ὡς
414 4958 616 5029 ἀροτὴρ,
643 4960 726 5009 καί
750 4956 1099 5029 ἀμπελουργὸς
1123 4954 1382 5027 φιλαλήθης
1403 4962 1491 5009 τοῦ
1513 4962 1602 5013 τῆς
1626 4956 1884 5015 έκκλησίας

327 5046 518 5115 χωρίου
548 5048 839 5115 τυγχάνων,
863 5047 915 5099 έκ
936 5046 1088 5116 μέσου
1127 5050 1217 5098 τοῦ
1240 5044 1386 5096 καλοῦ
1415 5046 1556 5096 σίτου
1584 5050 1761 5100 τοῦτον
1786 5047 1882 5108 έξέ-

323 5137 481 5202 τιλεν,
519 5140 585 5195 ὡς
612 5144 704 5192 τοῦ
731 5146 946 5213 πονηροῦ
983 5139 1197 5200 ζιζανίου
1222 5133 1338 5190 ὄντα
1376 5136 1615 5195 άληθῶς.»
1656 5140 1747 5189 Καί
1775 5136 1889 5208 μετ’

324 5226 483 5295 ὀλίγα⁶
496 5223 769 5279 «Ἐκπεσών
783 5225 929 5287 οὗτος
951 5229 1034 5280 ἐπὶ
1048 5231 1138 5283 τήν
1156 5235 1245 5297 γῆν
1265 5227 1386 5299 οὐρα
1402 5223 1524 5280 δόθεν
1546 5228 1612 5285 ὡς
1623 5228 1878 5301 ἀστραπή.

323 5316 547 5389 καθάπερ
576 5315 602 5369 6
628 5322 805 5371 τούτου
840 5322 1008 5391 πατήρ
1036 5315 1061 5369 6
1092 5314 1323 5374 διάϐολος
1342 5356 1356 5375 ,
1398 5316 1554 5385 θυμοῦ
1584 5317 1741 5369 πνέων
1766 5315 1877 5369 πολ-

319 5402 407 5457 λοῦ
446 5408 523 5457 καί
560 5403 718 5458 δεινοῦ
754 5408 879 5459 κατὰ
919 5413 1007 5463 τῆς
1036 5405 1295 5464 ἀληθείας,
1334 5405 1415 5457 ἐπὶ
1451 5409 1538 5461 τήν
1572 5405 1876 5475 καλουμένην

322 5494 647 5552 Παλαιστίνην
683 5497 860 5567 χώραν
892 5493 1127 5548 ἴπλευσε’
1159 5498 1243 5549 καί
1271 5497 1475 5554 καθίσας
1511 5496 1563 5548 έν
1590 5504 1649 5565 τῇ
1690 5510 1874 5549 Καισα-

324 5582 443 5654 ρέων
483 5583 811 5653 μητροπόλει,
860 5584 1079 5653 κᾴκεῖθεν
1113 5585 1170 5637 τὸ
1206 5592 1523 5658 προσωπεῖον
1552 5583 1876 5653 ἀποκαλύψας

321 5670 430 5721 ολον
456 5670 503 5729 ἐξ
531 5668 643 5721 ὅλου
678 5676 765 5722 τοῦ
793 5670 1136 5741 καλύμματος,
1167 5673 1388 5745 καθάπερ
1417 5671 1444 5725 6
1483 5675 1633 5743 ἰχθὺς
1661 5676 1689 5730 ή
1717 5676 1877 5728 σηπία

317 5759 461 5829 παρά
488 5779 595 5813 τισι
621 5759 912 5828 καλουμένη.
929 5760 1053 5837 ὅπερ
1079 5764 1231 5816 αὐτοῦ
1262 5762 1369 5816 καθ’
1398 5761 1569 5821 ἡδονήν
1595 5766 1871 5835 ἐτύγχανε,

392 5857 420 5886 ⁸
449 5848 699 5905 Demetrii
728 5852 965 5920 episcopi
994 5854 1330 5913 Alexandrini
1352 5870 1651 5910 successor.

619 5948 888 6007 Ρηειοι..
937 5944 1054 6005 Gn.
1103 5942 1453 6007 LXXXVI.

1988 4696 2101 4735 rem
2142 4682 2224 4735 fur
2269 4698 2332 4736 ac
2377 4682 2615 4751 proditor
2660 4681 2841 4737 ludas.
2890 4683 2939 4735 ls
2992 4684 3127 4736 enim
3179 4698 3296 4737 cum
3345 4685 3528 4751 erupis-

1986 4783 2070 4827 set
2110 4774 2442 4842 blasphemas
2483 4775 2727 4828 homilias
2762 4775 2984 4836 habere,
3035 4775 3280 4829 Heraclas
3310 4783 3333 4810 "
3364 4776 3534 4829 beata:

1986 4863 2256 4916 memoria:
2282 4872 2391 4916 tum
2421 4864 2718 4932 episcopus,
2749 4872 2806 4915 ut
2835 4865 3100 4917 studiosus
3132 4865 3383 4928 veritatis,
3415 4879 3533 4917 ara-

1987 4963 2072 5008 tor
2097 4970 2158 5008 ac
2179 4955 2373 5008 vinitor
2388 4955 2730 5009 ecclesiastici
2753 4955 2883 5021 agri,
2903 4970 3021 5009 eum
3038 4970 3067 5007 e
3096 4954 3269 5009 medio
3298 4954 3531 5023 pulchra!

1985 5059 2047 5097 ac
2080 5043 2209 5096 ιωῑω
2237 5044 2426 5109 segetis
2455 5043 2666 5106 evulsit,
2710 5043 2852 5112 quod
2896 5058 3077 5096 revera
3107 5059 3136 5097 e
3162 5044 3301 5099 malo
3326 5044 3530 5098 zizanio

1983 5141 2142 5186 esset.
2165 5152 2183 5183 ι
2211 5132 2285 5187 Ac
2299 5133 2456 5201 paulo
2485 5141 2606 5202 post
2633 5150 2647 5185 :
2678 5153 2695 5184 ι
2716 5134 2888 5199 Quare
2916 5135 3001 5189 hic
3027 5149 3058 5188 e
3085 5135 3221 5189 cwlo
3252 5135 3303 5188 in
3334 5144 3528 5190 terram

1982 5221 2253 5285 decidens,
2275 5229 2523 5291 tanquam
2547 5222 2736 5290 fulgur,
2776 5225 2913 5278 sicut
2941 5231 2994 5276 et
3021 5223 3133 5291 ejus
3160 5233 3314 5294 pater
3339 5225 3527 5279 diabo-

1983 5309 2097 5375 lus,
2147 5312 2326 5363 multa;
2371 5313 2671 5381 atrocisque
2715 5312 2997 5365 iracundiae
3025 5322 3208 5368 contra
3254 5315 3527 5369 veritatem

1982 5400 2210 5468 spirans,
2233 5400 2283 5452 in
2308 5398 2635 5453 Palrestinam
2660 5401 2929 5468 regionem
2956 5403 3247 5470 navigavit;
3274 5413 3529 5458 moratus.

1982 5503 2085 5557 que
2105 5488 2156 5542 in
2178 5488 2588 5544 Caesareensium
2611 5491 2905 5560 metropoli,
2926 5506 3043 5545 cum
3061 5507 3338 5561 personam
3363 5508 3527 5562 quam

1981 5578 2081 5633 sibi
2110 5577 2354 5632 induerat
2380 5578 2748 5647 deposuisset,
2793 5596 2954 5649 seque
2994 5582 3317 5651 aperuisset,
3362 5582 3528 5637 veluti

1978 5670 2137 5737 piscis
2161 5668 2245 5736 qui
2274 5669 2419 5737 sepia
2442 5670 2579 5738 apud
2600 5671 2852 5739 quosdam
2882 5672 3193 5741 appellatur,
3224 5674 3527 5741 signiﬁcans

1979 5758 2121 5829 quod
2142 5759 2239 5813 sibi
2262 5759 2519 5827 voluptati
2539 5769 2677 5829 erat,
2690 5776 2751 5816 ac
2773 5762 3161 5821 tenebricosam
3175 5772 3335 5831 atque
3348 5771 3527 5820 attulit

3157 5929 3237 5993 δι
