4112 6534
580 446 678 505 971

1899 431 2168 494 JUSTIN
2181 429 2340 490 [ANI
2384 425 2540 487 1MP-

3691 416 3813 481 9'72

593 547 844 602 σκοτεινόν
879 567 930 602 τε
974 551 1057 602 καί
1108 548 1289 620 μέλανα
1314 549 1426 618 βίον
1452 549 1528 603 {es
1566 549 1832 617 ἐξεμέσοις,
1865 546 2021 600 έκιῐσε
2061 546 2139 616 έγ-

2246 541 2364 595 νίιξε
2391 551 2654 594 venenum
2686 548 2959 600 evomens,
3011 533 3117 587 illic
3155 530 3369 601 scriptis
3396 530 3695 600 expressit,
3743 537 3806 585 et

584 641 788 712 γράφως
814 639 1211 700 ἀπετυπώσατο,
1247 642 1329 693 καί
1368 641 1591 714 καθάπερ
1619 636 1889 693 Ἰουδαϊκός
1924 636 2140 696 κάπηλος

587 734 922 804 προσχήματι
947 731 1128 802 ἀγαθοῦ
1156 738 1317 806 πικρῷ
1345 731 1495 802 γλυκύ
1527 731 1772 802 κατέμιξε.
1801 730 1860 783 Τί
1887 729 1982 802 γὰρ
2008 725 2034 780 ὁ
2062 747 2149 777 κα-

588 827 901 894 κομήχανος,
929 826 1012 877 καί
1040 821 1282 894 μανιώδης
1306 823 1435 893 λέγει
1453 821 1586 888 fuit,
1621 825 1760 895 φησί,
1781 820 1879 896 πρὸ
1908 822 2142 889 σώματος

538 906 542 910 λ
588 915 618 971 ἡ
643 913 793 984 ψυχὴ
823 914 872 967 έν
899 914 1124 985 οὐρανοῖς
1150 919 1383 984 προοῦσα
1404 929 1416 942 '
1444 915 1648 988 κᾴκεῖσε
1665 952 1680 976 ,
1711 913 1888 982 φησὶν,
1927 908 2143 981 ἁμαρτή-

588 1025 752 1059 σασαν
778 1004 826 1056 ἔν
845 1003 1032 1078 φυλακῇ
1055 1007 1346 1076 κατήγγισε,
1366 1004 1620 1058 τουτέστιν
1645 1003 1693 1055 έν
1715 1008 1788 1073 τῷ
1809 1002 2007 1070 σώματι
2031 1018 2144 1051 κατν

587 1095 827 1166 ἐπεμψεν,
865 1097 936 1156 είς
984 1095 1309 1167 καθαρισμὸν,
1339 1097 1478 1166 φησί,
1507 1095 1590 1147 καί
1611 1090 1951 1166 σωφρονισμόν
1976 1095 2075 1142 τῶν
2098 1087 2144 1139 ἐν

587 1188 810 1259 οὐρανοῖς
838 1187 966 1260 αὐτῇ
991 1185 1317 1258 γεγενημένων
1356 1183 1760 1257 ἁμαρτημάτων·
1789 1187 1986 1250 πρῶτον
2014 1176 2143 1230 ἔνθεν

588 1280 728 1337 εὐθύς
750 1276 775 1330 ό
796 1276 1136 1337 ἀσεϐέστατος
1162 1275 1440 1346 μυθολογεῖ,
1468 1275 1550 1327 καί
1577 1271 1838 1343 μάχεσθαι
1857 1278 1917 1341 τῇ
1946 1270 2144 1341 ἀληθείᾳ

586 1368 725 1422 θέλει.
743 1384 761 1417 ι
788 1369 876 1420 lissi
900 1366 1010 1437 μετ’
1036 1367 1194 1437 ὀλίγα·
1215 1367 1303 1417 (Ei
1321 1363 1373 1418 δέ
1392 1373 1550 1439 προῆν
1574 1365 1604 1421 ἡ
1624 1363 1776 1432 ψυχὴ
1800 1361 1850 1416 έν
1865 1369 1972 1421 τοῖς
1995 1362 2144 1432 οὐρα-

586 1469 706 1524 νοῖς,
728 1463 810 1513 καί
835 1459 1214 1533 προημάρτηκεν
1234 1458 1418 1521 έκεῖσε,
1446 1458 1607 1514 καθώς
1635 1455 1886 1529 Ὠριγένης
1907 1453 1932 1506 ό
1953 1453 2141 1522 μανιώ-

588 1548 676 1609 δης
705 1553 787 1603 καί
813 1551 1066 1618 θεομάχος
1095 1545 1278 1620 ἔφησεν
1299 1586 1314 1610 ,
1340 1545 1442 1600 ἔδει
1469 1550 1537 1616 μή
1578 1545 1734 1614 λέγειν
1757 1545 1838 1598 τόν
1866 1543 2141 1613 ἁγιώτατον

585 1644 932 1713 προφήτην,-
956 1639 1034 1690 καί
1049 1637 1287 1690 πλάσσων
1311 1641 1515 1705 πνεῦμα
1540 1634 1800 1708 ἀνθρώπου
1827 1632 1873 1683 έν
1894 1633 2048 1702 αὐτῷ,
2074 1658 2142 1669 —

587 1729 708 1784 ἀλλὰ
751 1729 951 1799 μᾶλλον,
987 1727 1374 1799 καταγγίζων
1420 1730 1664 1794 πνεῦμα
1707 1723 2026 1795 ἀνθρώπου
2083 1721 2142 1772 έν

583 1822 767 1890 αὐτῷ,
794 1818 824 1878 ἦ
851 1820 996 1890 τάχα
1022 1819 1461 1889 καταπέμπων.
1490 1821 1589 1870 Νῦν
1618 1812 1670 1870 δέ
1701 1819 1770 1888 μή
1797 1821 1945 1868 τοῦτο
1971 1814 2139 1883 λέγων,

2242 631 2396 686 sicuti
2441 643 2610 698 caupo
2639 625 2917 690 Judaicus,
2965 625 3091 678 boni
3121 622 3302 692 specie
3331 637 3394 676 ac
3439 619 3801 684 simulatione,

2241 720 2379 774 dulci
2409 731 2646 772 amarum
2673 715 2904 770 miscuit.
2925 712 3063 780 Quid
3093 714 3233 766 enim
3265 713 3366 766 iste
3391 723 3556 780 prave
3575 711 3806 765 moliens

2242 818 2400 878 atque
2427 807 2694 862 insaniens
2721 805 2886 859 dicit?
2914 804 3061 869 Erat,
3095 803 3288 871 inquit,
3317 802 3496 856 anima
3523 809 3650 857 ante
3673 816 3800 856 cor—

2241 914 2361 968 pus,
2390 905 2446 952 et
2469 895 2840 966 pmexistebat
2865 893 2920 946 in
2943 893 3090 947 caelis
3117 909 3130 944 :
3159 905 3405 959 eamque,
3431 905 3554 945 cum
3585 890 3658 944 ibi
3681 903 3786 958 pec

2241 992 2433 1048 casset,
2456 986 2509 1038 in
2536 984 2831 1039 custodiam
2862 983 3125 1038 immersit
3148 983 3306 1045 Deus,
3339 980 3392 1034 id
3417 989 3500 1036 est
3527 981 3580 1034 in
3607 994 3807 1050 corpus

2240 1074 2455 1128 demisit
2502 1090 2516 1126 :
2565 1073 2632 1126 ad
2661 1073 3058 1142 purgationem,
3088 1072 3286 1140 inquit,
3317 1081 3373 1127 et
3399 1071 3807 1139 castigationem

2241 1164 2596 1217 admissorum
2617 1162 2668 1214 in
2692 1162 2840 1216 caelis
2867 1162 3164 1216 criminum.
3197 1160 3330 1215 Hinc
3350 1159 3579 1229 primum
3602 1160 3808 1229 impiis-

2241 1254 2407 1308 simus
2432 1251 2674 1323 protinus
2718 1249 3014 1314 fabulatur,
3061 1249 3447 1316 veritatemque
3485 1262 3801 1318 oppugnare

2241 1343 2472 1398 studet.)
2495 1343 2574 1395 Ac
2592 1341 2752 1410 paulo
2777 1348 2936 1410 post:
2967 1339 3050 1394 «Si
3081 1348 3205 1393 ante
3233 1339 3330 1393 fuit
3354 1338 3532 1392 anima
3552 1337 3606 1392 in
3627 1339 3801 1398 cmlis,

2241 1434 2416 1503 ibique
2440 1433 2586 1502 prius
2612 1431 2850 1500 deliquit,
2883 1436 2938 1483 ut
2964 1429 3261 1484 malesanus
3299 1427 3552 1496 Origenes
3586 1426 3807 1494 Deoque

2240 1535 2540 1590 repugnans
2567 1519 2737 1583 dixit,
2781 1533 2887 1572 non
2925 1517 3166 1586 oportuit
3191 1517 3368 1570 dicere
3402 1514 3803 1568 sanctissimum

2239 1610 2554 1679 prophetam
2599 1625 2612 1660 :
2660 1605 2728 1660 Et
2776 1607 2978 1676 [ingens
3024 1606 3258 1674 spiritum
3305 1603 3525 1657 hominis
3575 1603 3630 1654 in
3685 1601 3806 1669 ipso

2243 1698 2426 1770 (Zach.
2455 1697 2551 1767 xu)
2586 1715 2598 1749 :
2630 1696 2723 1751 sed
2750 1697 2946 1765 potius,
2979 1694 3322 1762 Demergens,
3353 1691 3504 1761 quasi
3525 1692 3576 1744 in
3605 1699 3802 1753 utrem.

2239 1788 2480 1858 spiritum
2511 1786 2740 1842 hominis
2769 1787 2823 1839 in
2865 1784 3019 1853 ipso;
3069 1784 3153 1838 vel
3190 1782 3447 1844 fortasse,
3487 1781 3802 1836 Demittens.

584 1913 704 1966 ἀλλά
747 1910 1047 1967 πλάσσων
1075 1909 1342 1979 έναύτῷ,
1369 1905 1593 1962 δείκνυσι
1629 1913 1804 1962 τοῦτον
1845 1906 1987 1958 λύκον
2023 1901 2142 1960 ὄντα

2246 1877 2361 1932 Jam
2391 1892 2519 1931 vero
2546 1891 2664 1931 cum
2693 1877 2798 1931 hoc
2826 1891 2932 1930 non
2959 1873 3139 1938 dicat,
3185 1873 3279 1928 sed
3325 1870 3555 1941 Fingens
3583 1872 3636 1924 in
3664 1872 3803 1941 ipso,

584 2002 884 2076 βαρύτατον,
909 1998 1223 2069 ἐνδεδυμένον
1243 1995 1418 2062 ἴξωθεν
1445 1999 1572 2070 πρὸς
1594 1997 1790 2054 ἀπάτην
1808 1995 2057 2054 ἀπωλείας
2079 1994 2144 2047 τά

584 2088 760 2143 κώδια.
789 2087 877 2149 Ὠς
921 2091 1176 2164 οὐρανόθεν
1216 2089 1311 2164 γάρ
1340 2086 1366 2143 ὃ
1395 2089 1666 2147 έπίληπτος
1687 2127 1702 2148 ,
1735 2089 1820 2140 καί
1874 2087 1941 2140 τά
1988 2086 2141 2138 έκεῖσε

585 2181 999 2252 διατετυπωμένα
1031 2182 1355 2252 έπιστάμενος
1397 2186 1682 2254 προφανῶς,
1707 2179 1761 2232 οὐ
1788 2177 1929 2249 μόνον
1959 2181 2145 2254 προοῦ·

587 2295 702 2335 σαν.
726 2273 846 2326 ἀλλά
873 2275 958 2327 καί
983 2273 1414 2347 προημαρτηκέναι
1439 2276 1527 2330 τήν
1547 2269 1726 2341 ψυχήν
1753 2269 1901 2341 λέγει.
1941 2285 1960 2318 ε
1991 2265 2143 2322 Ἀπο-

584 2365 825 2422 δέδεεκται
851 2367 1012 2420 τοίνυν
1041 2363 1123 2419 διά
1144 2385 1198 2420 τε
1227 2373 1318 2425 τῆς
1341 2365 1475 2423 Θείας
1499 2372 1693 2438 γραφῆς
1709 2401 1726 2427 ,
1754 2364 1837 2416 καί
1863 2367 1960 2415 τῶν
1991 2358 2144 2433 ἁγίων

585 2459 841 2532 πατέρων,
873 2455 950 2511 ὅτι
988 2454 1098 2510 οὐδέ
1135 2462 1198 2530 τῇ
1225 2461 1323 2510 τῶν
1361 2459 1669 2528 Χριστιανῶν
1701 2452 1897 2525 ἀληθινῇ
1938 2453 2142 2514 πίστει,

586 2544 697 2601 οὐδέ
726 2553 798 2619 τῷ
825 2548 950 2616 ὀρθῷ
973 2544 1103 2615 λόγῳ
1135 2545 1501 2614 συμϐαίνουσιν
1528 2543 1580 2598 αί
1613 2551 1712 2597 τῶν
1739 2543 1991 2617 αῗρετικῶν
2027 2541 2145 2614 περὶ

588 2635 953 2707 προῦπάρξεως
982 2632 1169 2703 ψυχῶν
1198 2632 1480 2704 φαντασίαι.

656 2725 755 2777 Καὶ
776 2729 926 2779 τοῦτο
945 2721 996 2776 δὲ
1019 2723 1145 2795 πρὸς
1170 2729 1279 2781 τοῖς
1300 2717 1458 2781 ἄλλοις
1480 2725 1565 2779 τήν
1589 2719 1872 2796 Ὠριγένους
1895 2720 2144 2793 παρίστη·

570 2837 668 2869 ισιν
695 2811 882 2877 ἄνοιαν,
911 2815 967 2868 τὸ
989 2813 1145 2884 λέγειν
1179 2813 1263 2866 τὸν
1288 2812 1514 2885 οὐρανὸν,
1544 2815 1629 2864 καί
1651 2815 1736 2867 τόν
1755 2812 1914 2876 ἥλιον,
1945 2813 2027 2866 καί
2056 2815 2146 2870 τήν

585 2903 818 2966 σελήνην,
842 2905 924 2956 καί
948 2904 1066 2962 τούς
1101 2902 1340 2976 ἀστέρας,
1369 2903 1453 2954 καί
1491 2901 1554 2954 τά
1580 2899 1742 2956 ὕδατα
1767 2903 1832 2956 τά
1859 2903 2026 2956 έπάνω
2048 2909 2147 2958 τῶν

585 2995 800 3068 οὐρανῶν
822 2991 1066 3064 ἔμψυχα,
1091 2996 1173 3047 καί
1189 2991 1391 3066 λογικάς
1413 3016 1547 3056 τινας
1567 2991 1690 3050 εἶναι
1704 2994 1956 3064 δυνάμεις.
1974 3003 2149 3052 ταῦτα

585 3082 640 3137 δέ
664 3089 836 3152 σαφῶς
865 3079 1170 3154 ἀπαγορεύει
1210 3085 1294 3137 καί
1333 3081 1359 3137 ό
1404 3084 1454 3137 έν
1493 3083 1652 3155 ἁγίοις
1695 3085 1948 3145 Βασίλειος
1985 3085 2034 3140 έν
2073 3093 2148 3159 τῷ

585 3174 737 3246 τρίτῳ
762 3173 892 3244 λόγῳ
918 3179 1007 3226 τοῦ
1029 3172 1389 3244 ὑπομνηματος
1403 3174 1822 3246 τῆςἙξαημέρου,
1844 3175 1998 3246 λέγων
2019 3179 2148 3232 κατά

586 3270 684 3318 τῶν
709 3259 984 3337 Ὠριγένους
1014 3261 1276 3334 δογμάτων
1305 3263 1483 3324 οὕτως’
1505 3265 1672 3335 ιἨμίν
1699 3264 1752 3320 δέ
1781 3269 2009 3343 καὶπρὸς
2029 3272 2150 3330 τούς

587 3353 688 3408 ἀπὸ
713 3362 804 3413 τῆς
837 3353 1099 3414 έκκλησίας
1139 3354 1250 3408 έστί
1272 3374 1350 3414 τις
1373 3351 1514 3426 λόγος
1538 3357 1654 3430 περί
1679 3361 1776 3410 τῶν
1805 3353 2148 3432 διακριθέντων

586 3442 816 3508 ὐδάτων,
864 3441 911 3498 οἳ
953 3443 1206 3520 προφάσει
1259 3443 1515 3516 ἀναγωγῆς
1578 3445 1662 3498 καί
1704 3446 1960 3517 νοημάτων
2007 3443 2148 3504 δῆθεν

588 3533 924 3610 ὑψηλοτέρων,
949 3535 1018 3594 είς
1042 3534 1332 3612 ἀλληγορίαν
1355 3534 1646 3607 κατέφυγον,
1668 3533 1904 3607 δυνάμεις
1926 3536 2149 3612 λέγοντες

586 3626 929 3696 πνευματικὰς
963 3627 1048 3679 καί
1088 3625 1390 3696 ἀσωμάτους
1429 3628 1679 3697 τροπικοτῆ
1717 3627 1769 3680 ἐκ
1816 3633 1913 3681 τῶν
1950 3627 2147 3682 ὑδάτων

586 3719 942 3789 σημαίνεσθαι·
976 3721 1056 3774 καί
1079 3716 1178 3773 ἄνω
1200 3721 1290 3790 μέν
1326 3718 1411 3773 έπί
1445 3723 1536 3773 τοῦ
1564 3721 1911 3793 στερεώματος
1933 3741 2148 3793 μεμενη-

589 3810 723 3863 κέναι
748 3809 840 3870 τάς
867 3812 1144 3884 κρείττους,
1175 3807 1313 3864 κάτω
1342 3806 1395 3863 δέ
1421 3810 1470 3862 ἐν
1493 3816 1604 3870 τοῖς
1629 3812 1918 3885 περιγείοις,
1941 3813 2019 3864 καί
2045 3811 2150 3866 ύλι·

591 3908 690 3960 κοῖς
717 3901 892 3960 τόποις
932 3908 1337 3973 προσαπομεῖναι
1371 3902 1466 3960 τὰς
1507 3901 1748 3974 πονηράς.
1791 3905 1880 3956 Διά
1918 3907 2067 3956 τοῦτο
2094 3900 2148 3957 δέ

590 4014 730 4062 φασι,
763 3995 842 4045 καί
863 3993 930 4046 τά
949 3993 1112 4045 έπάνω
1129 3999 1227 4044 τῶν
1252 3993 1471 4068 οὐρανῶν
1495 3989 1657 4046 ὕδατα
1678 3991 1827 4045 αένεῖν
1854 3992 1935 4047 τόν
1958 3993 2144 4067 κύριον,

590 4083 828 4136 τουτέστι
854 4082 944 4140 τὰς
974 4082 1165 4152 ἀγαθάς
1188 4079 1420 4152 δυνάμεις
1436 4124 1450 4149 ,
1475 4082 1616 4145 ἀξίας
1640 4079 1798 4142 οὔσας
1827 4080 1908 4136 διά
1935 4079 2147 4159 καθαρόο

591 4191 721 4227 τητα
757 4175 845 4224 τοῦ
890 4171 1182 4239 ἡγεμονικοῦ
1207 4170 1291 4224 τόν
1313 4172 1569 4244 πρέποντα
1596 4167 1730 4225 αἶνον
1758 4170 2051 4227 ἀποδιδόναι
2077 4179 2148 4242 τῷ

592 4261 843 4313 κτίσαντι⁶
869 4261 934 4313 τά
957 4257 1011 4310 δέ
1032 4259 1264 4314 ὑποκάτω
1285 4265 1382 4312 τῶν
1402 4262 1625 4332 οὐρανῶν
1645 4258 1811 4314 ὕδατα
1840 4263 2150 4330 πνευματικά

593 4351 718 4411 εἶναι
744 4363 835 4415 τῆς
858 4358 1114 4431 πονηρίας,
1142 4354 1243 4408 ἀπό
1271 4359 1362 4408 τοῦ
1382 4357 1510 4408 κατά
1529 4356 1675 4426 φύσιν
1695 4355 1856 4425 ὕψους
1877 4358 1948 4417 είς
1972 4358 2030 4411 τό
2059 4366 2150 4417 τῆς

593 4449 764 4506 κακίας
785 4446 936 4517 βάθος
959 4445 1314 4501 καταπεσόντα
1335 4458 1348 4473 ⁸
1373 4443 1501 4520 ἅπερ
1527 4448 1594 4506 ώς
1618 4446 1899 4524 ταραχώδη
1927 4445 2042 4502 ὄντα
2068 4451 2151 4503 καί

593 4540 928 4594 στασιαστικά
943 4578 958 4604 ,
987 4540 1070 4593 καί
1090 4544 1201 4598 τοῖς
1220 4537 1449 4610 θορύϐοις
1471 4545 1569 4592 τῶν
1592 4542 1759 4592 παθῶν
1791 4538 2146 4611 κνμαινόμενα,

591 4631 847 4690 θαλάσσας
873 4629 1223 4700 ὀνομάζεσθαι,
1255 4626 1338 4683 διά
1364 4628 1420 4683 τὸ
1447 4629 1840 4698 εὐμετάϐλητον,
1870 4632 1951 4683 καί
1989 4627 2146 4686 ἄστα-
2176 4616 2226 4675 D

590 4741 700 4788 τον,
728 4726 826 4776 τῶν
850 4721 981 4775 κατά
1007 4719 1300 4791 προαίρεσιν
1327 4720 1627 4788 κινημάτων.
1658 4722 1784 4780 Τούς
1813 4719 1866 4776 δέ
1892 4724 2149 4782 τοιούτους

592 4813 764 4886 λόγους
815 4813 882 4873 ώς
928 4812 1192 4886 ὀνειράτων
1235 4811 1524 4882 συγχύσεις
1560 4813 1641 4865 καί
1679 4811 1927 4885 γραώδεις
1965 4814 2152 4881 μύθους

591 4900 1042 4972 ἀποπεμψάμενοι,
1072 4901 1128 4954 τό
1153 4899 1290 4974 ὕδωρ
1332 4902 1584 4969 νοήσωμεν
1620 4899 1788 4976 ὕδωρ,
1817 4904 1902 4956 καί
1929 4908 2017 4961 τήν
2044 4901 2152 4958 διὰ-

592 5012 758 5065 κρισιν
786 4995 872 5049 τὴν
907 4991 1006 5044 ὐπὸ
1032 4995 1122 5044 τοῦ
1165 4991 1518 5064 στερεώματος
1546 4992 1671 5046 κατά
1698 4996 1786 5050 τήν
1823 4990 2149 5046 ἀποδοθεῖσαν

592 5083 758 5135 αἰτίαν
785 5079 1050 5152 δεξώμεθα,
1082 5075 1174 5150 κᾷν
1199 5083 1271 5141 εἰς
1297 5078 1578 5152 δοξολογίαν
1603 5085 1725 5136 ποτέ
1751 5090 1839 5139 τοῦ
1860 5091 2022 5140 κοινοῦ
2048 5092 2144 5141 τῶν

592 5169 714 5224 ὅλων
735 5169 984 5225 δεσπότου
1009 5173 1073 5225 τά
1093 5171 1326 5244 ὐπεράνω
1344 5177 1442 5224 τῶν
1462 5171 1673 5242 οὐρανῶν
1695 5173 2145 5246 παραλαμϐάνηται

593 5257 780 5324 ὕδατα,
812 5261 870 5315 οὐ
893 5261 1090 5333 λογικήν
1108 5262 1235 5314 αὐτά
1261 5261 1406 5330 φύσιν
1428 5263 1569 5335 παρὰ
1594 5268 1744 5316 τοῦτο
1760 5264 2002 5334 τιθέμεθα.
2017 5263 2144 5321 Οὔτε

592 5352 689 5422 γάρ
714 5352 759 5404 οί
787 5352 989 5420 οὐρανοί
1012 5348 1246 5420 ἕμψυχοι
1268 5389 1284 5412 ,
1317 5349 1486 5410 ἐπειδὴ
1515 5349 1804 5422 διηγοῦνται
1826 5352 1969 5418 δόξαν
1996 5360 2146 5418 Θεοῦ,

594 5441 705 5497 οὐδὲ
756 5443 814 5497 τὸ
860 5443 1122 5515 στερέωμα
1163 5445 1285 5504 ζῶον
1329 5444 1593 5507 αἰσθητόν,
1653 5443 1821 5503 ἐπειδὴ
1865 5445 2150 5515 ἀναγγέλλει

595 5535 791 5592 ποίησιν
811 5540 910 5586 τῶν
935 5539 1118 5606 χειρῶν
1142 5533 1320 5586 αὐτοῦ.
1335 5541 1446 5588 »Δεῖ
1463 5532 1514 5588 δέ
1527 5537 1805 5609 προσέχειν
1825 5539 1943 5595 τούς
1967 5539 2149 5611 δικροοι⁸

597 5631 721 5696 τὰς,
747 5627 824 5684 ὅτι
849 5636 921 5702 τῷ
953 5633 1107 5684 εἰπεῖν
1134 5631 1220 5685 τόν
1244 5632 1463 5706 πατέρα,
1498 5650 1516 5682 ε
1535 5635 1662 5705 πρὸς
1681 5636 1799 5693 τούς
1819 5634 1919 5687 ἀπὸ
1945 5642 2035 5692 τῆς
2073 5635 2152 5687 ἐκ·

597 5731 800 5790 κλησίας
817 5732 928 5786 ἐστί
951 5752 1027 5790 τις
1047 5733 1161 5799 iis?»
1177 5733 1342 5804 λόγος,
1357 5752 1374 5784 ε
1398 5736 1514 5805 περί
1536 5737 1818 5807 Ὡριγένους
1845 5731 2146 5804 διαλέγεται,

601 5833 685 5884 τῆς
711 5829 806 5877 σοῦ
842 5830 966 5878 Θεοῦ
1005 5826 1224 5898 χάριτος
1260 5829 1341 5880 καί
1381 5833 1466 5885 τῆς
1496 5826 1642 5896 ἁγίας
1693 5833 1782 5880 τοῦ
1811 5831 1935 5878 Θεοῦ
1979 5824 2152 5882 ἔκκλη-

2243 1967 2473 2024 ostendit
2497 1967 2642 2022 hunc
2669 1966 2850 2036 lupum
2875 1963 3243 2032 gravissimum
3270 1976 3408 2024 esse,
3434 1961 3675 2015 indutum
3703 1974 3802 2013 ex-

2244 2057 2506 2114 trinsecus
2526 2058 2642 2112 ovis
2661 2057 2799 2127 pelle
2812 2055 2880 2111 ad
2895 2056 3262 2125 deceptionem
3280 2053 3612 2124 perditionis.
3637 2051 3804 2118 Quasi

2244 2148 2386 2203 enim
2408 2147 2476 2202 de
2490 2147 2628 2202 caelo
2650 2147 2885 2210 veniens,
2901 2146 3077 2213 ibique
3097 2145 3382 2200 constituta
3404 2151 3587 2212 aperte
3607 2143 3801 2206 sciens,

2244 2251 2352 2292 non
2377 2236 2549 2292 solum
2569 2248 2758 2290 vecors
2776 2234 3172 2303 praeexstitisse,
3194 2233 3286 2287 sed
3315 2233 3461 2301 prius
3487 2231 3648 2285 etiam
3675 2245 3804 2300 pec-

2245 2344 2400 2385 casse
2427 2328 2657 2383 animam
2685 2327 2833 2381 dicit.
2863 2343 2883 2378 ε
2935 2324 3111 2391 Quare
3138 2323 3560 2379 demonstratum
3583 2329 3664 2377 est
3693 2329 3805 2376 tun

2244 2437 2276 2476 e
2295 2421 2471 2477 divina
2497 2419 2794 2488 Scriptura,
2825 2425 2938 2472 tum
2966 2432 2998 2473 e
3023 2416 3222 2472 sanctis
3246 2415 3507 2481 Patribus,
3539 2429 3639 2469 nec
3659 2428 3803 2469 verae

2244 2510 2668 2566 Christianorum
2692 2507 2834 2572 ﬁdei,
2861 2521 2960 2561 nec
2985 2513 3145 2560 recta:
3164 2503 3356 2559 rationi
3381 2503 3667 2558 convenire
3693 2503 3804 2557 ba:-

2245 2602 2530 2657 reticorum
2549 2599 2616 2654 de
2644 2597 2940 2652 animarum
2963 2595 3355 2666 praeexistentia
3377 2593 3798 2661 imaginationes.

2317 2689 2580 2745 Pmterea
2615 2687 2718 2740 hoc
2745 2698 2956 2754 quoque
2994 2681 3234 2751 Origenis
3268 2683 3594 2736 demonstrat
3623 2695 3806 2734 amen-

2244 2781 2374 2835 tiam
2394 2819 2410 2845 ,
2441 2775 2584 2846 quod
2613 2773 2848 2829 affirmat
2875 2772 3065 2828 caelum
3084 2813 3100 2838 ,
3129 2780 3184 2827 et
3210 2771 3396 2836 solem,
3427 2779 3483 2825 et
3523 2769 3721 2837 lunam,
3749 2778 3806 2824 et

2245 2868 2446 2933 stellas,
2469 2878 2519 2922 et
2543 2879 2706 2934 aquas
2728 2879 2847 2934 qua:
2871 2877 3032 2933 super
3056 2863 3220 2917 coelos
3247 2869 3388 2924 sunt,
3411 2861 3640 2914 animata
3665 2876 3808 2928 esse,

2247 2967 2304 3014 et
2329 2956 2586 3026 quasdam
2614 2970 2734 3010 esse
2761 2955 2982 3010 virtutes
3019 2953 3228 3007 ratione
3257 2958 3488 3006 utentes.
3530 2949 3653 3005 Haec
3679 2966 3809 3006 vero

2248 3055 2432 3119 aperte
2491 3044 2686 3101 refellit
2730 3052 2946 3099 sanctus
2990 3042 3216 3096 Basilius
3261 3041 3313 3094 in
3359 3040 3518 3095 tertio
3562 3054 3808 3094 semone

2249 3136 2755 3195 commentariorum
2794 3134 2850 3188 in
2891 3131 3289 3196 Hexaemeron,
3315 3130 3394 3185 sic
3421 3137 3607 3184 contra
3633 3126 3810 3197 Origo-

2251 3231 2334 3285 nis
2356 3228 2650 3284 doctrinam
2670 3226 2946 3295 disputans
2966 3223 3157 3295 (Prope
3175 3221 3353 3293 ﬁnem)
3379 3239 3394 3276 :
3423 3241 3442 3273 ι
3467 3221 3630 3276 Nobis
3648 3236 3808 3292 porro

2249 3319 2319 3374 de
2346 3315 2610 3387 separatis
2637 3315 2790 3384 aquis
2818 3313 3098 3369 dicendum
3145 3320 3228 3366 est
3275 3319 3332 3366 et
3375 3309 3442 3365 ad
3475 3325 3571 3366 eos
3610 3310 3699 3380 qui
3739 3311 3808 3363 ab

2249 3406 2493 3463 Ecclesia
2523 3404 2866 3470 exciderunt,
2894 3402 2986 3471 qui
3023 3401 3122 3456 sub
3150 3400 3372 3456 obtentu
3400 3415 3584 3455 sensus
3611 3412 3806 3466 anago—

2247 3498 2353 3568 εἰεί
2393 3504 2449 3553 et
2475 3494 2842 3551 sublimiorum
2871 3491 3120 3548 videlicet
3154 3491 3559 3558 sententiarum,
3585 3489 3650 3544 ad
3673 3489 3804 3542 alle-

2247 3587 2451 3657 goriam
2486 3582 2867 3652 confugerunt,
2899 3589 2956 3636 et
2993 3587 3239 3636 asserunt
3283 3579 3507 3634 virtutes
3551 3577 3803 3646 quasdam

2248 3675 2548 3748 Spirituales
2567 3681 2623 3728 et
2643 3673 2984 3741 incorporeas
3004 3669 3208 3739 tropice
3233 3667 3300 3722 ab
3322 3665 3802 3736 aquissigiiilicari;

2249 3781 2314 3821 ac
2340 3777 2551 3820 sursum
2577 3761 2790 3832 quidem
2815 3760 2869 3815 in
2899 3758 3233 3814 ﬁrmamento
3255 3756 3514 3810 mansisse
3539 3754 3803 3819 meliores,

2247 3855 2497 3910 deorsum
2541 3866 2671 3907 vero
2720 3849 2774 3904 in
2813 3848 3149 3903 terrestribus
3194 3832 3630 3913 silvestribusque
3676 3843 3806 3898 locis

2248 3944 2547 4000 deteriores
2573 3939 2873 4011 perstitisse
2898 3955 2914 4003 ;
2962 3951 3027 3992 ac
3052 3937 3249 3992 idcirco
3297 3935 3467 4000 aiunt,
3497 3946 3661 4000 aquas
3688 3944 3806 3999 quae

2246 4048 2410 4105 supra
2447 4031 2614 4088 caelos
2647 4037 2774 4086 sunt
2795 4070 2812 4096 ,
2856 4027 3073 4082 laudare
3115 4025 3422 4089 Dominum,
3452 4022 3507 4077 id
3534 4029 3617 4076 est
3641 4021 3808 4075 bonas

2245 4123 2498 4184 virtutes,
2529 4134 2646 4190 qua:
2674 4119 2846 4186 dignae
2873 4125 2996 4171 sunt
3023 4121 3239 4186 propter
3262 4111 3484 4180 potioris
3511 4109 3677 4179 partis
3703 4123 3805 4178 pu-

2248 4214 2480 4277 ritatem,
2511 4211 2787 4266 decentem
2814 4207 3023 4263 laudem
3051 4203 3274 4260 reddere
3309 4201 3590 4266 Creatori;
3636 4213 3800 4268 aquas

2249 4317 2402 4370 vero,
2431 4315 2551 4370 qua:
2588 4299 2773 4354 subter
2798 4296 2965 4352 caelos
2999 4300 3142 4358 sunt,
3168 4291 3460 4361 spiritualia
3489 4303 3607 4345 esse
3629 4287 3806 4356 nequi-

2250 4395 2356 4459 εἰπε,
2381 4405 2499 4461 quae
2517 4405 2550 4446 e
2567 4387 2799 4444 naturali
2825 4386 3147 4442 sublimitate
3173 4383 3228 4437 in
3254 4382 3468 4436 malitia:
3487 4379 3805 4451 profundum

2250 4483 2594 4546 deciderunt;
2624 4492 2794 4550 eaque
2818 4485 2878 4532 ut
2898 4474 3198 4530 turbulenta
3226 4480 3282 4527 et
3307 4471 3576 4536 seditiosa,
3603 4470 3806 4540 passio-

2250 4587 2480 4642 numque
2505 4570 2814 4626 tumultibus
2838 4566 3163 4631 ﬂuctuantia,
3191 4563 3359 4619 maria
3387 4562 3663 4632 appellari,
3689 4575 3807 4629 pro-

2251 4670 2370 4732 pter
2397 4660 2603 4715 facilein
2627 4657 2978 4713 mutationem
3006 4661 3167 4724 atque
3192 4651 3588 4707 instabilitatem
3615 4648 3804 4703 volun-

2250 4751 2504 4805 tariorum
2532 4756 2796 4803 motuum.
2837 4744 2908 4798 At
2935 4757 3034 4797 nos
3058 4740 3360 4810 hujusmodi
3386 4739 3654 4803 rationes,
3686 4745 3804 4790 tan~

2249 4855 2408 4910 quam
2430 4838 2652 4895 confusa
2686 4835 2892 4892 somnia
2913 4841 2968 4889 et
2994 4833 3162 4887 aniles
3185 4831 3407 4890 fabulas,
3438 4828 3804 4897 repudiemus;

2249 4944 2442 4999 aquam
2483 4944 2601 4984 esse
2627 4927 2925 4994 cogitemus
2947 4925 2991 4992 ‘,
3012 4922 3510 4992 separationemque
3553 4933 3585 4973 a
3631 4917 3809 4972 firma-

2250 5026 2432 5073 mento
2460 5017 2649 5072 factam
2679 5014 3002 5083 accipiamus
3042 5009 3331 5066 secundum
3357 5007 3619 5063 redditam
3644 5007 3810 5061 ratio~

2252 5121 2393 5161 nem.
2447 5109 2524 5159 Ac
2558 5105 2602 5159 si
2642 5102 2854 5173 quando
2889 5100 2956 5155 ad
2984 5097 3278 5156 communis
3311 5097 3675 5151 universorum
3704 5096 3809 5150 Do-

2251 5194 2382 5248 mini
2427 5193 2864 5262 glorilicationem
2923 5204 3070 5260 aqua
3130 5202 3242 5258 quae
3292 5203 3444 5256 super
3491 5185 3642 5239 caelos
3692 5194 3810 5239 sunt

2254 5283 2478 5355 (Psalm.
2508 5280 2722 5352 cnvm)
2752 5287 3121 5343 assumuntur,
3151 5292 3258 5332 non
3286 5283 3566 5347 propterea
3591 5289 3683 5328 eas
3709 5274 3808 5328 du-

2253 5387 2438 5426 camus
2458 5385 2575 5425 esse
2602 5377 2839 5423 naturam
2869 5367 3074 5422 ratione
3095 5371 3353 5419 utentem.
3383 5363 3492 5419 Nec
3518 5365 3660 5418 enim
3688 5362 3808 5415 mali

2255 5463 2453 5518 idcirco
2498 5460 2714 5515 animati
2760 5466 2919 5522 sunt,
2965 5456 3098 5527 quod
3142 5463 3388 5508 enarrant
3441 5455 3656 5523 gloriam
3710 5450 3810 5506 Dei

2251 5553 2422 5624 (Psal.
2451 5552 2627 5619 xvm);
2663 5565 2762 5604 nec
2791 5548 3174 5602 firmamentum
3204 5543 3398 5598 animal
3425 5551 3507 5596 est
3533 5541 3807 5611 praeditum

2249 5660 2428 5711 sensu,
2447 5642 2698 5712 quoniam
2719 5655 2881 5711 opera
2903 5652 3148 5693 manuum
3175 5635 3290 5703 ejus
3310 5634 3602 5688 annuntiat.
3631 5649 3651 5683 ι
3685 5630 3809 5686 Haec

2251 5730 2494 5787 Basilius.
2525 5730 2915 5786 Attendenduiu
2937 5741 3098 5798 porro
3125 5734 3208 5779 est
3227 5721 3573 5784 auditoribus,
3596 5718 3811 5773 Patrem

2247 5820 2340 5875 illo
2369 5820 2528 5874 modo
2555 5819 2805 5889 loquendi
2833 5833 3003 5885 usum,
3032 5835 3050 5870 ι
3084 5815 3273 5871 Sermo
3313 5810 3530 5882 quidam
3556 5810 3709 5866 nobis
3725 5816 3815 5865 est

734 5913 1124 5970 Corisonantius
1152 5915 1336 5971 Greco
1365 5913 1629 5984 legeretur
1658 5930 1833 5984 aquam
1856 5929 1965 5967 esse
1993 5915 2265 5982 cogitemus
2291 5926 2497 5966 aruum.
2524 5907 2673 5964 Enn.
