4102 6528
400 444 507 505 973

1479 438 1708 498 LIBER
1749 438 2145 501 ADVERSUS
2183 438 2606 500 ORIGENEM.

3503 460 3610 522 974

400 558 518 613 σίας
538 557 882 625 ἀπιλαθέντος,
906 560 986 612 καί
1011 565 1108 612 τῶν
1127 556 1403 631 ὁμοφρόνων
1423 558 1610 629 ἐκείνῳο
1631 562 1687 613 ού
1712 561 1806 635 γάρ
1828 554 1932 614 εἶπε

2062 552 2128 610 ad
2156 570 2249 611 eos
2276 557 2365 627 qui
2391 567 2514 613 sunt
2541 560 2608 614 ab
2628 558 2886 623 Ecclesia,
2909 581 2925 613 ι
2942 561 3009 616 de
3034 560 3257 629 Origene
3278 564 3555 632 disserere,
3578 582 3610 622 a

408 665 427 694 α
448 647 572 720 πρὸς
603 648 721 707 τούς
741 648 792 701 ίν
824 655 887 719 τῇ
912 647 1204 720 έκκλησίᾳ,ι
1234 646 1355 698 ἀλλά
1396 663 1413 695 t
1431 648 1557 719 πρὸς
1584 652 1703 707 τούς
1728 650 1828 701 ἀπὸ
1865 656 1955 705 τῆς

400 732 657 795 έκκλησίας
692 738 807 807 ’ὑμῖν
834 737 943 790 ίστί
968 757 1046 795 τις
1082 736 1247 807 λόγος·
1271 753 1290 787 ι
1314 738 1398 790 καί
1438 735 1520 791 διά
1558 740 1645 806 μὲν
1684 745 1773 791 τοῦ
1804 741 1958 791 εἰπεῖν

405 840 425 874 ε
456 825 591 893 ἡμῖν,
612 842 631 875 ι
660 826 777 887 τούς
801 834 891 885 τῆς
916 825 1179 885 έκκλησίας
1222 823 1461 882 ίδηλωσε’
1490 824 1573 880 διά
1598 825 1651 880 δέ
1679 833 1769 881 τοῦ
1806 828 1957 880 εἰπεῖν

406 932 423 963 ι
457 916 576 974 τούς
598 914 697 970 ἀπὸ
731 923 822 975 τῆς
851 913 1138 981 έκνλησίας,
1170 932 1189 966 ι
1217 916 1337 973 τούς
1380 915 1571 974 ταύτης
1610 917 1954 975 άποπεσόντας

400 1001 658 1074 ίσήμανεν.

463 1184 546 1240 Ἐν
585 1184 636 1241 δέ
673 1189 755 1242 καί
790 1186 935 1259 μόνον
970 1194 1043 1261 τῷ
1086 1186 1323 1243 δυσσεϐεῖ
1360 1189 1599 1262 Ὠριγένει
1639 1186 1954 1257 σπούδασμα

392 1281 557 1351 γέγονε
576 1319 590 1342 ,
619 1280 676 1334 τό
698 1284 785 1339 τήν
811 1279 1086 1337 Ἑλληνικὴν
1108 1280 1288 1338 πλάνην
1308 1286 1547 1353 κρατῦναι
1563 1322 1578 1345 ,
1610 1282 1689 1333 καί
1716 1286 1825 1339 ταῖς
1854 1286 1952 1333 τῶν

393 1372 701 1446 σαθροτέρων
726 1370 927 1441 ψυχαῖς
968 1372 1161 1435 ζιζάνια
1193 1372 1609 1444 ἐγκατασπεῖραι.
1648 1372 1729 1424 Διό
1768 1374 1955 1442 κᾲκεῖνο

390 1464 449 1516 τὸ
484 1465 700 1534 γέλωτος
733 1466 823 1532 μίν
854 1460 1020 1527 ἄξιον,
1059 1463 1181 1534 παρ’
1212 1464 1368 1516 αύτοῦ
1413 1460 1467 1515 δέ
1502 1460 1635 1530 ὅμως
1673 1462 1949 1534 εἰρημένον,

390 1554 508 1623 περί
530 1558 619 1611 τῆς
647 1558 746 1605 τῶν
773 1552 1043 1624 ἀνθρώπων
1068 1552 1120 1604 έκ
1145 1558 1328 1625 νεκρῶν
1352 1552 1695 1610 ἀναστάσεως,
1724 1553 1954 1623 προσθεῖ-

388 1661 467 1695 ναι
488 1638 794 1711 συνείδομεν.
819 1642 962 1712 Λέγει
980 1644 1099 1715 γάρ,
1125 1640 1201 1695 ὅτι
1222 1642 1270 1695 ἐν
1376 1642 1649 1695 ἀναστάσει
1668 1640 1951 1718 σφαιροειδῆ

389 1730 662 1806 έγείρονται
706 1732 771 1786 τά
820 1734 1037 1800 σώματα
1073 1738 1171 1786 τῶν
1207 1733 1497 1808 ἀνθρώπων.
1525 1731 1591 1782 Ὢ
1632 1740 1722 1792 τῆς
1757 1734 1947 1797 ἀνοίας,

386 1821 474 1871 καί
496 1819 739 1891 άμαθείας
761 1826 849 1874 τοῦ
879 1821 1247 1894 φρενοϐλαϐοῦς
1274 1823 1479 1883 τούτου.
1511 1826 1594 1875 καὶ
1622 1830 1718 1878 τῶν
1749 1824 1951 1880 Ἐλληνι-

2056 646 2150 702 Dei
2178 649 2344 717 gratia
2384 658 2441 704 et
2479 659 2662 705 sancta
2710 651 2805 705 Dei
2831 650 3061 707 Ecclesia
3089 654 3309 723 expulso
3333 695 3349 719 ,
3392 654 3614 726 ejusque

2055 739 2403 806 sequacibus:
2424 756 2528 794 non
2557 742 2699 795 enim
2727 741 2879 807 dixit,
2901 761 2918 793 ι
2946 743 3013 797 ad
3041 758 3134 799 eos
3158 745 3249 813 qui
3274 754 3397 799 sunt
3424 747 3476 800 in
3504 746 3611 803 Ec—

2054 827 2236 893 clesia,
2250 847 2268 879 ι
2284 829 2397 894 sed,
2419 849 2437 880 ι
2456 829 2643 884 Sermo
2659 832 2872 900 quidam
2898 833 3052 888 nobis
3074 842 3156 888 est
3181 833 3247 887 ad
3265 849 3358 889 eos
3372 836 3463 904 qui
3488 846 3613 892 sunt

2053 918 2121 972 ab
2147 916 2410 985 Ecclesia;
2445 938 2463 971 ι
2491 928 2545 974 et
2572 936 2668 990 per
2695 923 2821 977 illud
2851 924 3062 993 quidem
3091 926 3233 994 quod
3259 926 3422 994 dicit,
3460 946 3479 979 ι
3510 945 3611 985 no-

2053 1008 2154 1070 bis,
2176 1028 2194 1059 ι
2220 1007 2473 1064 Ecclesia:
2497 1011 2737 1066 homines
2765 1013 3105 1080 signiﬁcavit;
3134 1031 3229 1084 per
3257 1016 3383 1071 illud
3412 1027 3611 1086 autem,

2060 1116 2078 1148 ι
2100 1098 2190 1167 qui
2218 1107 2343 1154 sunt
2370 1100 2435 1154 ab
2464 1099 2696 1154 Ecclesia
2716 1140 2731 1164 ,
2772 1120 2790 1153 ι
2816 1102 3054 1170 dejectos
3081 1105 3148 1158 ab
3177 1106 3287 1173 ipsa
3315 1106 3608 1164 denotavit.

2125 1186 2297 1241 Unum
2323 1199 2499 1242 autem
2528 1205 2592 1243 ac
2618 1190 2789 1244 solum
2818 1190 2979 1260 impio
2999 1191 3210 1260 Origeni
3233 1194 3465 1247 studium
3491 1193 3608 1260 fuit,

2053 1290 2377 1345 paganorum
2425 1293 2659 1332 errorem
2708 1279 3064 1349 conﬁrmare,
3114 1290 3166 1336 et
3206 1282 3610 1338 imbecilliorum

2052 1368 2242 1421 animis
2267 1368 2465 1421 zizania
2488 1369 2737 1423 inserere.
2764 1369 3117 1435 Quamobrem
3140 1373 3242 1427 hoc
3268 1388 3478 1441 quoque
3502 1375 3610 1428 risi:

2052 1473 2178 1513 sane
2206 1458 2419 1527 dignum
2445 1497 2460 1521 ,
2492 1460 2558 1513 ab
2582 1475 2647 1514 eo
2676 1469 2853 1514 tamen
2882 1460 3079 1516 dictum
3106 1504 3119 1528 ,
3152 1464 3217 1518 de
3245 1464 3513 1519 hominum
3543 1482 3608 1521 ex

2051 1549 2272 1601 mortuis
2301 1550 2711 1617 resurrectione,
2756 1550 3043 1619 adjungere
3070 1554 3417 1611 decrevimus.
3449 1556 3607 1611 Aﬁirn

2050 1639 2231 1702 mavit,
2264 1639 2316 1692 in
2344 1641 2733 1695 resurrectione
2760 1657 2985 1711 corpora
3015 1643 3287 1698 hominum
3314 1648 3609 1703 orbiculata

2050 1727 2314 1781 suscitari.
2359 1726 2403 1780 Ο
2427 1727 2744 1781 dementiam
2775 1738 2935 1798 atque
2963 1730 3225 1786 inscitiam
3255 1734 3485 1791 hominis
3523 1739 3608 1791 in-

2050 1815 2183 1880 sani,
2206 1822 2258 1868 et
2278 1829 2599 1884 paganorum
2621 1817 2907 1886 disciplinae
2927 1819 3291 1888 explicatoris!
3319 1825 3407 1893 qui
3429 1836 3608 1880 mente

386 1914 483 1960 κῶν
508 1906 767 1979 δογμάτων
796 1908 1032 1981 ίξηγητοῦ
1050 1927 1062 1937 ·
1095 1907 1149 1969 ὃς
1173 1929 1250 1968 τις
1274 1909 1571 1979 τυφλώττων
1595 1915 1681 1968 τήν
1710 1909 1940 1975 διάνοιαν,

2050 1906 2334 1959 εωειιῑίεηε
2356 1944 2370 1969 ,
2417 1905 2739 1975 studensque
2786 1906 3204 1963 Christianorum
3236 1911 3357 1966 fidei
3385 1914 3608 1969 miscere

384 2001 467 2052 καί
487 2006 561 2074 τῇ·
584 2006 681 2054 τῶν
705 2008 1015 2075 Χριστιανῶν
1048 2001 1219 2055 πίστει
1250 2000 1439 2069 μύθους
1468 2002 1686 2071 ἐπιμίξαι
1717 2000 1946 2056 σπουδάο

381 2109 500 2151 σας,
527 2090 682 2147 αὐτὴν
701 2095 789 2148 τήν
814 2097 912 2143 τῶν
941 2096 1251 2164 Χριστιανῶν
1282 2087 1452 2143 ἐλπίδα
1478 2110 1531 2143 τε
1573 2094 1655 2143 καί
1677 2098 1944 2167 σωτηρίαν,

380 2182 615 2235 τουτέστι
646 2186 737 2240 τὴν
768 2182 1129 2253 έπηγγελμίνην
1162 2183 1276 2251 ἡμῖν
1305 2182 1601 2247 ἀνάστασιν,
1637 2182 1948 2238 ἐσπούδασεν

381 2273 673 2347 ἐνυϐρίσαι,
700 2273 825 2343 μηδέ
846 2280 936 2332 τήν
963 2280 1052 2328 τοῦ
1078 2276 1246 2348 κυρίου
1265 2273 1546 2329 ἀνάστασιν
1572 2275 1942 2349 ἐντρεπόμενος.

381 2364 623 2437 Ἐγερθεὶς
650 2366 751 2435 γάρ
780 2362 805 2417 6
833 2364 1003 2436 κύριος
1031 2365 1086 2417 ὶκ
1125 2371 1307 2437 νεκρῶν
1328 2404 1340 2426 ,
1370 2366 1451 2417 καί
1482 2367 1699 2437 ἀπαρχή
1736 2372 1835 2418 τῶν
1867 2386 1947 2419 κε-

380 2454 687 2523 κοιμημένων
708 2453 994 2525 γενόμενος,
1026 2460 1135 2512 τοῖς
1176 2456 1420 2523 μαθηταῖς
1461 2453 1617 2524 ἅφθη,
1652 2456 1734 2507 καί
1769 2452 1948 2519 ἔδειξεν

378 2540 547 2599 αὐτοῖς
581 2543 663 2594 καί
699 2542 791 2601 τάς
819 2539 1106 2615 διατρήσας
1133 2548 1231 2596 τῶν
1256 2549 1474 2615 χειρῶν,
1506 2546 1587 2595 καί
1624 2550 1723 2597 τῶν
1752 2546 1941 2609 ποδῶν,

378 2633 461 2683 καί
479 2635 568 2688 τήν
590 2630 779 2700 πληγήν
804 2639 893 2690 τῆς
915 2631 1139 2705 πλευρᾶς
1155 2647 1167 2659 ·
1198 2635 1284 2685 καί
1303 2630 1455 2703 ἔφαγε
1473 2634 1599 2700 μετά
1623 2639 1709 2690 τήν
1730 2633 1947 2688 ἀνάστα-

378 2741 479 2782 σιν,
506 2722 606 2790 οὔχ
628 2723 695 2782 ὡς
709 2730 893 2793 τροφῆς
918 2718 1165 2792 δεόμενος,
1187 2721 1290 2775 ἀλλ’
1309 2722 1390 2775 ἶνα
1405 2729 1476 2794 τῷ
1492 2722 1660 2796 τρόπῳ
1678 2722 1842 2793 τούτῳ
1856 2730 1945 2783 τήν

376 2816 468 2863 τοῦ
498 2811 806 2871 ἀναστάντος
831 2813 1068 2881 σώματος
1090 2813 1238 2884 φύσιν
1264 2812 1608 2869 πιστώσηται.
1633 2809 1819 2881 ’Δμὲλει
1844 2832 1938 2875 τοι,

376 2902 459 2955 καί
478 2901 940 2973 ἀναλαμϐανομένου
964 2908 1051 2958 τοῦ
1073 2905 1270 2977 κυρίου,
1300 2902 1324 2957 6
1345 2899 1552 2975 ἄγγελος
1573 2904 1696 2979 πρὸς
1717 2906 1835 2962 τούς
1853 2925 1944 2973 μα·

376 2992 530 3051 (ητάς
558 2988 752 3063 ἔλεγεν·
789 3010 808 3043 t
838 2990 997 3052 Οὗτος
1034 2991 1060 3046 6
1096 2998 1291 3053 Ἰησοῦς
1323 2991 1349 3050 6
1378 2993 1667 3065 ἀναληφθεὶς
1695 2992 1776 3062 ἀφ’
1803 2993 1942 3062 ύμῶν

376 3084 448 3143 εἰς
476 3084 558 3137 τόν
583 3083 820 3157 οὐρανόν,
862 3079 1011 3143 οὗτος
1048 3083 1328 3148 ἐλεύσεται,
1365 3080 1417 3137 ὃν
1452 3084 1637 3158 τρόπον
1672 3085 1940 3139 ἐθεάσασθε

375 3176 526 3229 αὑτὸν
561 3175 896 3249 πορευόμενον
923 3179 996 3235 εἰς
1028 3177 1114 3230 τόν
1137 3173 1392 3250 οὐρανόν.»
1426 3179 1483 3230 Εἰ
1521 3174 1573 3230 δέ
1612 3177 1772 3236 καθὼς
1810 3183 1941 3250 Ὠρι-

2048 1996 2270 2061 fabulas,
2303 1997 2468 2066 ipsam
2496 1996 2918 2052 Christianorum
2947 2015 3095 2069 spem
3140 2017 3203 2057 ac
3229 2004 3472 2069 salutem,
3506 2008 3607 2063 hoc

2047 2095 2148 2152 est,
2173 2088 2487 2156 promissam
2517 2088 2670 2142 nobis
2690 2091 3156 2157 resurrectionem,
3183 2092 3337 2147 nixus
3367 2104 3450 2147 est
3478 2110 3608 2150 con-

2047 2180 2264 2233 tumelia
2292 2179 2497 2233 violare
2520 2220 2536 2247 ,
2569 2193 2636 2233 ne
2664 2180 3107 2234 resurrectionem
3152 2184 3365 2252 quidem
3397 2185 3605 2240 Domini

2045 2270 2326 2325 reveritus.
2378 2269 2663 2339 Resurgens
2704 2272 2842 2323 enim
2882 2270 3133 2325 Dominus
3176 2290 3242 2327 ex
3286 2278 3529 2340 mortuis,
3558 2286 3607 2329 et

2045 2359 2284 2428 primitiae
2312 2357 2671 2411 dormientium
2700 2360 2864 2429 factus
2896 2358 3071 2428 (Joan.
3089 2361 3205 2431 xx),
3233 2362 3503 2431 discipulis
3531 2366 3608 2418 vi-

2044 2463 2135 2502 sus
2159 2457 2257 2513 est,
2282 2448 2463 2518 eisque
2492 2448 2725 2503 ostendit
2743 2448 3001 2504 foramina
3022 2467 3271 2506 manuum
3300 2469 3363 2509 ac
3389 2456 3605 2524 pedum,

2044 2546 2100 2591 et
2126 2538 2333 2606 plagam
2379 2538 2560 2592 lateris
2592 2555 2605 2591 :
2637 2547 2691 2593 et
2716 2544 2838 2608 post
2864 2544 3309 2598 resurrectionem
3355 2548 3605 2614 comedit,

2043 2644 2149 2682 non
2179 2638 2238 2683 ut
2262 2630 2381 2684 cibo
2410 2629 2670 2697 indigens,
2694 2630 2785 2685 sed
2820 2640 2874 2684 ut
2901 2646 2967 2685 eo
2987 2634 3145 2687 modo
3171 2636 3468 2692 resuscitati
3488 2655 3607 2693 cor-

2043 2722 2189 2789 poris
2215 2728 2457 2774 naturam
2485 2720 2845 2777 conﬁrmaret.
2876 2722 2940 2775 Et
2964 2715 3177 2791 quidem
3204 2742 3321 2779 cum
3354 2728 3605 2785 Dominus

2042 2810 2363 2864 ascenderet
2390 2852 2405 2877 ,
2443 2812 2662 2879 angelus
2694 2813 2760 2867 ad
2798 2814 3087 2883 discipulos
3114 2816 3247 2871 dixit
3278 2836 3292 2870 :
3326 2818 3427 2873 Hic
3454 2820 3606 2877 Jesus

2040 2900 2125 2970 qui
2164 2908 2449 2968 assumptus
2478 2910 2554 2954 est
2583 2918 2614 2953 a
2645 2900 2779 2955 vobis
2809 2903 2859 2955 in
2898 2903 3107 2968 caelum,
3138 2906 3211 2959 sic
3239 2909 3401 2961 veniet
3426 2927 3603 2980 quem-

2039 2990 2314 3044 admodum
2334 2990 2530 3045 vidistis
2551 3007 2666 3044 eum
2690 3002 2890 3046 euntem
2912 2994 2965 3046 in
2988 2996 3168 3049 cetum
3198 2998 3333 3067 (Act.
3358 2998 3419 3068 ι).
3448 3000 3603 3066 Quod

2040 3082 2106 3147 si,
2137 3090 2194 3135 ut
2221 3082 2417 3136 insanit
2443 3082 2717 3150 Origenes,
2750 3084 3099 3140 orbiculatum
3129 3098 3245 3143 erat
3272 3106 3467 3161 corpus
3493 3092 3601 3148 Do-

2039 3175 2204 3240 mini,
2232 3174 2501 3243 quomodo
2529 3178 2701 3245 potuit
2728 3177 3095 3234 demonstrare
3132 3196 3381 3238 manuum
3408 3200 3473 3241 ac
3508 3203 3602 3256 pe-

373 3264 517 3332 γένης
539 3265 786 3333 μαίνεται,
818 3261 1126 3336 σφαιροειδές
1148 3260 1204 3321 ἦν
1222 3265 1277 3316 τὸ
1302 3270 1451 3334 σῶμα
1476 3270 1565 3319 τοῦ
1595 3266 1769 3338 κυρίου
1785 3307 1800 3332 ,
1831 3273 1940 3327 πῶς

2042 3264 2167 3318 dum
2197 3262 2476 3329 foramina,
2503 3273 2597 3319 aut
2620 3265 2801 3321 lateris
2828 3267 3076 3336 plagam?
3102 3278 3193 3325 aut
3217 3275 3482 3342 quomodo
3510 3293 3601 3333 co-

375 3349 487 3424 εἶχε
529 3353 687 3416 δεῖξαι
724 3356 817 3414 τάς
868 3362 966 3407 τῶν
1020 3361 1210 3428 χειρῶν
1263 3358 1349 3408 καί
1391 3352 1559 3409 ποδῶν
1618 3354 1934 3433 διατρήσεις,

374 3443 404 3501 ἢ
465 3449 555 3502 τήν
627 3444 817 3514 πληγήν
878 3452 969 3503 τῆς
1034 3444 1289 3518 πλευρᾶςῖ
1346 3443 1376 3503 ἦ
1435 3452 1544 3505 πῶς
1596 3455 1765 3519 φαγεῖν
1823 3447 1939 3507 ἠδύ-

374 3554 511 3598 νατο,
540 3534 570 3592 ἦ
597 3532 723 3593 ὅλως
745 3534 846 3590 ύπὸ
872 3541 971 3589 τῶν
991 3536 1223 3605 μαθητῶν
1248 3538 1605 3609 γνωρισθῆναις
1636 3545 1744 3596 πῶς
1769 3535 1821 3592 δέ
1848 3543 1937 3593 καί

373 3624 436 3677 τά
461 3629 557 3677 τῶν
585 3623 737 3695 ἁγίων
778 3626 988 3693 σώματα
1022 3625 1152 3693 μετά
1190 3630 1278 3682 τήν
1312 3631 1401 3678 τοῦ
1443 3628 1612 3699 κυρίου
1658 3626 1933 3680 ἀνάστασιν

374 3714 646 3786 ὲγερθέντα.
672 3715 752 3766 καί
783 3714 984 3785 ὀφθέντα
1005 3713 1052 3766 έν
1155 3713 1276 3787 ἀγίᾳ
1300 3715 1461 3781 πόλει,
1485 3712 1694 3769 δυνατὸν
1716 3712 1772 3774 ἦν
1793 3718 1935 3791 παρά

373 3810 472 3857 τῶν
495 3799 653 3855 ἄλλων
692 3804 994 3875 γνωσθῆναι,
1020 3801 1159 3875 εἴπερ
1196 3805 1246 3855 έν
1282 3800 1412 3874 ἄλλῳ
1442 3807 1677 3873 σχήματι
1709 3801 1786 3864 ἦν.
1814 3805 1936 3877 παρ’

377 3892 503 3965 ὅπερ
529 3895 808 3964 ὶτύγχανεν
841 3895 891 3947 έν
914 3902 975 3968 τῇ
1004 3898 1135 3967 Coifi;
1168 3895 1217 3947 έν
1244 3901 1305 3967 τῇ
1344 3896 1509 3967 πέτρᾳ
1545 3899 1707 3947 τοίνυν
1732 3902 1823 3953 τῆς
1847 3897 1937 3948 πί-

374 4004 534 4043 στεως
564 3984 583 4055 [
609 3985 958 4059 ίστηριγμένος
981 3983 1213 4055 οὐδαμῶς
1241 3983 1261 4056 ]
1290 3986 1373 4039 ούκ
1406 3985 1756 4060 έστηριγμένος
1773 4028 1787 4053 ,
1818 3986 1939 4042 ἀλλά

374 4076 612 4131 τοιαύτας
638 4076 720 4127 καί
753 4074 945 4129 τούτων
970 4074 1136 4146 πολλῷ
1170 4076 1381 4149 χείρους
1405 4074 1725 4146 βλασφημίας
1759 4074 1784 4129 6
1815 4075 1938 4132 δυσ-

374 4161 528 4220 σεϐὴς
557 4163 809 4237 Ὠριγένης
832 4163 1099 4233 ίκθέμινος,
1131 4166 1330 4224 εἰκότως
1356 4164 1403 4218 έν
1424 4171 1495 4235 τῷ
1515 4173 1672 4239 καιρῷ
1694 4173 1785 4221 τοῦ
1806 4188 1934 4239 μαρ-

373 4251 549 4324 τυρίου
582 4253 667 4303 τόν
706 4254 794 4304 οιίν
828 4254 1047 4327 Χριστόν
1074 4255 1431 4328 άπηρνήσατο,
1464 4264 1526 4326 τῇ
1554 4255 1606 4311 δέ
1635 4255 1754 4331 παρ’
1786 4259 1937 4313 αὐτοῦ

376 4342 672 4413 εἰσαγομένῃ
706 4342 953 4415 Ἑλληνικῇ
990 4342 1223 4419 πολυθεΐᾳ
1255 4347 1621 4418 προσεκύνησε.
1653 4354 1742 4403 Καὶ
1786 4356 1937 4405 τοῦτο

375 4426 428 4483 δέ
454 4432 583 4484 κατά
610 4438 733 4485 Θεοῦ
762 4433 925 4501 γέγονε
953 4434 1223 4507 πρόνοιαν,
1252 4436 1330 4490 ἵνα
1364 4441 1434 4505 μή
1474 4438 1585 4493 ἀντί
1607 4440 1863 4515 μάρτυρος
1892 4442 1939 4493 έν

374 4529 438 4593 τῇ
462 4520 697 4596 ίκκλησίᾳ
723 4520 775 4576 δε
783 4527 882 4598 χθῇ
899 4563 913 4585 ,
952 4528 1034 4578 καί
1059 4526 1281 4579 ἐντεῦθεν
1308 4535 1371 4601 τῇ
1394 4529 1577 4601 ποίμνῃ
1603 4536 1690 4583 τοῦ
1716 4537 1936 4603 Χριστοῦ

375 4610 535 4679 βλᾶϐη
562 4617 918 4683 προσγίνηται.
946 4616 1003 4668 Εἰ
1025 4616 1124 4686 γάρ
1154 4619 1282 4675 τινές
1309 4620 1410 4672 εἰσι
1431 4620 1510 4671 καί
1535 4624 1620 4671 νῦν
1646 4617 1939 4689 ὁμολογοῦν-

2042 3352 2257 3407 medere
2284 3354 2485 3423 potuit,
2514 3360 2607 3407 aut
2642 3353 2858 3409 omnino
2888 3369 2918 3409 a
2943 3355 3212 3426 discipulis
3240 3364 3492 3428 agnosci?
3533 3364 3601 3419 Et

2040 3442 2293 3511 quoniam
2313 3442 2504 3498 'modo
2532 3452 2837 3498 sanctorum
2859 3460 3081 3514 corpora
3104 3463 3223 3517 quae
3250 3459 3371 3519 post
3394 3452 3601 3510 Domini

2039 3533 2485 3586 resurrectionem
2531 3540 2878 3587 surrexerunt
2920 3533 3142 3603 (Matth.
3175 3541 3354 3611 xxvn)
3384 3579 3398 3603 ,
3447 3552 3501 3597 et
3548 3546 3600 3599 in

2038 3630 2221 3676 sancta
2252 3622 2468 3676 civitate
2495 3631 2892 3692 apparuerunt,
2941 3632 3167 3692 potuere
3195 3628 3261 3683 ab
3291 3630 3409 3685 aliis
3436 3647 3602 3701 agno-

2039 3711 2152 3775 sci,
2192 3711 2449 3779 siquidem
2494 3712 2547 3765 in
2575 3712 2679 3766 alia
2707 3721 2858 3767 erant
2886 3712 3049 3781 ﬁgura
3094 3725 3253 3785 atque
3310 3719 3518 3775 fuerant
3546 3725 3597 3778 in

2039 3799 2183 3851 vita?
2230 3798 2286 3852 ln
2323 3798 2443 3853 ﬁdei
2469 3812 2597 3867 ergo
2633 3807 2785 3869 petra
2831 3802 2976 3855 nullo
3005 3803 3164 3857 modo
3192 3805 3475 3877 stabilitus,
3506 3811 3601 3865 sed

2041 3889 2340 3958 huiusmodi
2364 3928 2379 3952 ,
2422 3896 2582 3957 atque
2612 3890 2695 3944 his
2722 3890 2890 3944 multo
2923 3892 3216 3948 atrociores
3243 3894 3599 3965 blasphemias

2041 3984 2234 4053 impius
2254 3980 2508 4050 Origenes
2524 3996 2644 4036 cum
2674 3980 2943 4047 edidisset,
2974 3984 3102 4038 nihil
3127 3984 3318 4039 mirum
3344 3997 3444 4054 est,
3475 4004 3596 4045 eum

2042 4073 2096 4128 in
2122 4074 2237 4142 ipso
2258 4072 2495 4143 martyrii
2513 4072 2736 4126 articulo
2756 4071 3019 4127 Christum
3041 4074 3350 4144 abnegasse,
3371 4081 3598 4135 cultam-

2041 4178 2145 4233 que
2173 4178 2201 4216 a
2231 4161 2453 4231 paganis
2488 4160 2707 4215 deorum
2749 4162 3158 4228 multitudinem,
3186 4180 3345 4234 quam
3374 4168 3488 4238 ipse
3517 4171 3599 4225 in-

2040 4254 2204 4319 ducit,
2229 4254 2497 4308 adorasse.
2519 4252 2693 4321 Atque
2720 4252 2774 4306 id
2803 4253 2895 4307 Dei
2918 4254 3247 4324 providentia
3271 4256 3464 4313 factum
3491 4270 3596 4329 est,

2040 4360 2110 4400 ne
2138 4345 2191 4399 in
2219 4344 2455 4400 Ecclesia
2482 4359 2579 4412 pro
2618 4352 2849 4414 martyre
2876 4346 3209 4415 acciperetur
3228 4387 3244 4412 ,
3284 4357 3443 4419 atque
3472 4352 3595 4407 inde

2040 4437 2186 4506 gregi
2213 4436 2409 4491 Christi
2458 4434 2740 4490 inferretur
2777 4436 2972 4505 aliquid
3016 4438 3338 4494 detrimenti.
3388 4442 3518 4495 Nam
3549 4445 3595 4498 si

2040 4528 2201 4583 etiam
2229 4543 2369 4581 nunc
2396 4533 2517 4581 slmt
2543 4526 2633 4593 qui
2652 4524 2719 4579 de
2746 4524 2861 4592 ejus
2887 4526 3100 4594 quidem
3128 4528 3280 4581 ruina
3309 4528 3598 4584 conﬁtean-

2041 4624 2148 4681 tur,
2173 4615 2464 4670 doctrinam
2492 4628 2621 4667 vero
2644 4622 2885 4667 asserant
2905 4654 2921 4679 ,
2962 4630 3029 4668 an
3059 4631 3165 4669 non
3192 4631 3310 4670 eam
3342 4626 3592 4686 tanquam

372 4719 457 4759 τες
480 4702 568 4770 μίν
594 4702 651 4756 τὸ
673 4703 853 4756 έκείνου
883 4710 1092 4772 πτῶμα,
1129 4706 1523 4777 ἀντιποιούμενοι
1551 4705 1603 4760 δέ
1631 4715 1731 4761 τῶν
1757 4710 1933 4772 αὐτοῦ,

424 4798 447 4807 -
559 4793 571 4807 .
644 4789 667 4807 .
730 4792 773 4807 ς,
915 4794 925 4807 .
1006 4796 1016 4807 .
1085 4799 1108 4807 -
1158 4796 1169 4807 .
1290 4796 1300 4807 ,
1596 4798 1606 4807 .
1788 4798 1799 4807 .
1866 4801 1878 4807 -

2041 4707 2287 4777 martyris
2306 4720 2369 4759 ac
2389 4704 2559 4758 Patris
2579 4712 2731 4759 erant
2750 4703 3031 4770 defensuri,
3053 4706 3098 4759 si
3118 4707 3425 4777 contigisset
3447 4724 3588 4773 eum,

372 4798 483 4850 πῶς
520 4793 607 4843 ούκ
638 4789 836 4861 ἔμελλον
868 4794 934 4848 τά
960 4796 1112 4847 αὐτοῦ
1140 4796 1206 4853 ὡς
1238 4796 1493 4869 μάρτυρος
1528 4798 1609 4849 καί
1646 4798 1833 4870 πατρὸς
1858 4801 1941 4851 ἐκ·

372 4878 551 4945 δικεῐν,
583 4882 723 4957 εἴπερ
754 4885 941 4942 συνέϐη
978 4886 1131 4945 αὐτόν
1159 4892 1227 4953 μή
1262 4890 1690 4959 προσκυνήσαντα
1725 4896 1834 4949 τοῖς
1864 4893 1935 4942 εἰ·

372 4968 548 5031 δὼλοις
570 4972 907 5037 τελειωθῆναις
932 4972 1089 5033 οὐδεὶς
1112 4976 1211 5047 γὰρ
1232 4982 1321 5034 τῆς
1348 4975 1575 5033 ἀληθείας
1604 4977 1935 5046 ἀντεχόμενος

370 5060 602 5113 ἐκπίπτει
630 5066 718 5114 τοῦ
743 5067 892 5126 Θεοῦ,
918 5060 949 5120 ἦ
978 5062 1464 5133 έγκαταλιμπάνεται
1492 5065 1578 5116 ὑπ’
1606 5066 1781 5128 αὐτοῦ,
1806 5069 1934 5120 κατά

368 5152 429 5206 τό
456 5152 710 5226 εἰρημένον
744 5162 805 5226 τῇ
846 5155 953 5227 θείᾳ
981 5162 1167 5227 γραφῇ⁶
1203 5171 1221 5204 ε
1258 5152 1559 5224 Ἐμελίψατε
1602 5159 1672 5214 εἰς
1708 5156 1934 5225 ἀρχαίας

369 5242 568 5308 γενεάς,
600 5244 680 5293 καί
706 5238 866 5308 ἴδετε,
889 5243 965 5302 τίς
995 5244 1262 5296 ὶπίστευσε
1290 5250 1363 5314 τῷ
1390 5246 1570 5316 κυρίῳ,
1603 5247 1688 5299 καί
1724 5245 1928 5316 έγκατε·

369 5328 565 5402 Myos,-
592 5332 623 5391 ἦ
645 5336 723 5393 τίς
749 5334 957 5391 ἤλπισεν
983 5337 1053 5394 εἰς
1080 5336 1231 5389 αὐτόν
1248 5376 1263 5400 ,
1306 5337 1391 5388 καί
1416 5333 1681 5407 ύπερεῐδεν
1702 5335 1877 5399 αὐτόν,
1904 5355 1922 5387 ι

367 5417 619 5492 Ὠριγίνης
648 5421 700 5476 δέ
734 5422 759 5477 ό
786 5422 1038 5483 δυσσεϐὴς
1066 5427 1159 5484 τὰς
1186 5424 1371 5479 ἑαυτοῦ
1396 5426 1708 5495 βλασφημίας
1737 5426 1792 5477 ού
1835 5428 1927 5495 μί-

372 5533 494 5587 κρες
517 5513 701 5567 ἑαυτοῦ
723 5511 952 5575 ἔστησεν,
984 5514 1106 5567 ἀλλά
1131 5514 1212 5569 διὰ
1239 5522 1339 5569 τῶν
1366 5514 1499 5567 ἰδίων
1524 5517 1928 5589 συγγραμμάτων

370 5606 451 5657 sui
477 5606 546 5663 εἰς
580 5604 791 5662 πολλούς
818 5604 1020 5675 ἑτέρους
1047 5610 1134 5661 τήν
1159 5608 1336 5657 οἰκείαν
1362 5604 1546 5662 πλάνην
1575 5604 1922 5679 παρέπεμψεν.

368 5688 527 5749 Ὠστε
553 5698 683 5749 πάνυ
710 5696 785 5749 ἐπ’
810 5697 943 5765 αύτῷ
977 5693 1217 5767 ἁρμοδίαν
1247 5690 1369 5748 εἶναι
1397 5700 1483 5752 τήν
1507 5702 1592 5749 τοῦ
1622 5696 1763 5767 ἁγίου
1794 5696 1922 5748 ἀπο-

370 5786 549 5841 στόλου
570 5788 763 5839 Παύλου
780 5790 938 5856 φωνήν
958 5786 1216 5857 λέγουσαν,
1228 5803 1245 5835 t
1258 5784 1335 5839 ὅτι
1348 5794 1491 5840 τινῶν
1507 5790 1596 5855 μέν
1613 5789 1662 5839 αἱ
1682 5787 1923 5858 ἁμαρτίαι

2038 4799 2181 4854 nulla
2210 4797 2364 4852 idolis
2392 4796 2627 4851 exhibita
2651 4795 2978 4860 adoratione,
3004 4800 3400 4853 consummari?
3426 4800 3593 4856 Nemo

2039 4892 2181 4945 enim
2208 4888 2451 4943 veritatis
2477 4888 2711 4941 retinens
2737 4885 2934 4941 excidit
2960 4902 2990 4939 a
3018 4887 3129 4941 Deo
3154 4929 3170 4954 ,
3211 4889 3278 4943 ab
3305 4905 3478 4958 eoque
3505 4891 3597 4946 de-

2035 4981 2247 5044 seritur,
2268 4977 2419 5045 juxta
2446 4976 2588 5045 quod
2614 4974 2739 5029 dicit
2764 4974 2940 5029 divina
2967 4973 3241 5045 Scriptura
3273 4994 3286 5029 :
3315 4977 3591 5047 Respicite,

2033 5070 2130 5138 ﬁlii
2148 5109 2163 5133 ,
2191 5069 2425 5121 nationes
2448 5066 2710 5119 hominum
2726 5104 2740 5127 ,
2768 5074 2816 5115 et
2841 5065 3009 5117 scietis
3032 5066 3151 5135 quia
3177 5066 3346 5120 nullus
3371 5070 3594 5138 speravit

2030 5160 2086 5212 in
2117 5157 2363 5212 Domino.
2398 5164 2447 5209 et
2495 5155 2735 5213 confusus
2771 5163 2866 5206 est.
2901 5151 3025 5215 Quis
3053 5156 3189 5209 enim
3223 5160 3501 5227 permansit
3532 5159 3587 5211 in

2028 5244 2288 5298 mandatis
2327 5246 2459 5314 ejus,
2498 5249 2545 5296 et
2587 5241 2855 5294 derelictus
2898 5242 3009 5295 est?
3047 5253 3136 5296 aut
3179 5246 3291 5315 quis
3338 5245 3589 5299 invocavit

2027 5348 2171 5398 eum,
2220 5340 2274 5385 et
2322 5329 2557 5397 despexit
2606 5328 2749 5382 illum
2806 5328 2968 5400 (Eccl.
3021 5331 3121 5399 n)?
3161 5332 3359 5403 Impius
3400 5345 3580 5389 autem

2026 5418 2283 5487 Origenes
2309 5417 2668 5487 blasphemias
2694 5434 2815 5474 suas
2854 5436 2959 5473 non
2986 5422 3163 5490 seipso
3192 5431 3343 5479 tenus
3372 5426 3578 5492 statuit,

2025 5509 2117 5563 sed
2145 5507 2374 5577 propriis
2400 5507 2611 5576 scriptis
2638 5507 2691 5561 in
2736 5508 2930 5562 multos
2978 5510 3110 5564 alios
3148 5527 3299 5567 suum
3340 5529 3576 5569 errorem

2027 5601 2341 5668 transmisit,
2364 5608 2422 5655 ut
2449 5600 2502 5654 in
2524 5615 2644 5654 eum
2675 5599 2827 5654 valde
2851 5602 3131 5655 conveniat
3156 5606 3323 5659 sancti
3353 5608 3583 5675 apostoli

2027 5694 2175 5748 Pauli
2204 5710 2305 5748 vox
2323 5732 2337 5759 ,
2366 5708 2483 5761 quas
2508 5693 2634 5747 dicit
2666 5710 2678 5745 :
2715 5691 3061 5755 Quorumdam
3088 5694 3347 5749 hominum
3371 5709 3579 5767 peccata

2028 5786 2302 5855 manifesta
2328 5793 2481 5852 sunt,
2520 5782 2854 5854 praeedentia
2900 5784 2968 5835 ad
3000 5784 3290 5853 judicium;
3336 5803 3582 5859 quosdam

440 5875 470 5908 ⁴
506 5873 664 5928 Certe
694 5873 969 5943 legendum
999 5889 1219 5943 quonam
1246 5874 1417 5939 modo,
1448 5882 1504 5927 ut
1532 5882 1739 5930 constet
1766 5888 1971 5929 sensus.
1995 5871 2146 5929 Enn.
