4102 6532
494 483 600 542 975

1769 445 2207 506 JUSTINIANI
2252 442 2408 501 1MP.
3605 441 3712 507 973

495 573 732 650 πρόδηλοί
761 576 856 627 εἱσι
880 573 1196 645 προάγουσαι
1223 575 1290 631 εἰς
1327 573 1518 643 κρίσιν,
1549 571 1646 623 τισί
1674 565 1725 620 δέ
1760 569 1840 619 καί
1860 568 2045 619 ἐπακο-

2176 565 2315 609 :utem
2354 563 2402 606 et
2429 551 2795 623 subsequuntur
2824 551 2875 620 (1
2902 552 3032 606 Tim.
3063 551 3137 623 v).
3180 551 3309 606 Nam
3351 564 3466 620 ejus
3509 547 3704 603 erroris

496 670 770 726 λουθοῦσιν.
784 685 803 719 ι
825 678 872 721 'H
888 669 988 741 γάρ
1011 664 1225 734 διαδοχή
1247 673 1335 724 τῆς
1357 664 1545 722 πλάνης
1571 663 1729 716 αὐτοῦ
1751 661 1799 713 έν
1821 668 1932 717 ταῖς
1952 666 2050 712 τῶν

499 762 810 835 σαθροτέρων
847 759 1075 830 ἕρπουσα
1103 756 1333 827 ψυχαῖς,
1374 753 1574 810 δίδωσιν
1609 752 1888 807 ἀκολουθεῖν
1915 752 2050 820 αὐτῷ

497 851 586 910 τά(
615 851 662 913 ἐξ
700 850 872 926 ἀρχῆς
909 847 999 902 ὐπ’
1037 849 1188 900 αὐτοῦ
1223 846 1487 918 γενομένας
1528 843 1799 914 ἁμαρτίας.
1834 839 1922 900 Ὠς
1954 842 2050 912 γάρ

497 944 581 995 οὐκ
611 939 915 1016 ἔξαρκούσης
950 945 1057 998 τοῖς
1088 939 1153 992 τά
1182 935 1465 1011 Ὠριγένους
1502 933 1766 998 δοξάζουσι
1807 940 1898 990 τῆς
1935 933 2053 1006 περί

497 1031 855 1103 προϋπάρξεως
881 1033 978 1081 τῶν
995 1025 1183 1096 ψυχῶν
1202 1025 1460 1082 ἀσεϐείας,
1486 1025 1571 1078 καί
1591 1028 1689 1076 τῶν
1711 1018 1866 1074 ἄλλων
1895 1021 2054 1074 αὐτοῦ

499 1118 856 1190 ματαιολσγιῶν
875 1154 888 1178 ,
927 1119 1012 1169 καί
1042 1122 1138 1168 τῶν
1167 1118 1284 1189 περί
1310 1123 1399 1173 τῆς
1425 1113 1571 1185 ἁγίας
1598 1110 1795 1186 τριάδος
1831 1111 2058 1181 βλασφη-

500 1217 652 1278 μιῶν,
697 1211 783 1261 καί
819 1213 968 1262 τοῦτο
1010 1213 1070 1280 τῇ
1113 1209 1269 1278 οἰκείᾳ
1308 1205 1635 1277 προστιθέασι
1673 1203 1832 1273 πῧάνη
1867 1201 1920 1253 ἐκ
1957 1207 2055 1254 τῶν

501 1297 685 1353 ἐκείνου
716 1297 1116 1372 διεστραμμνων
1141 1295 1460 1368 ὁδηγούμενοι
1485 1295 1662 1366 λόγων,
1693 1297 1749 1348 τό
1771 1293 1943 1364 λέγειν,
1977 1289 2056 1344 ὅτι

504 1390 698 1443 πάντων
731 1389 927 1442 ἀσεϐῶν
959 1388 1251 1460 ἀνθρώπων,
1292 1388 1374 1437 καὶ
1412 1384 1540 1455 πρός
1567 1402 1621 1454 γε
1653 1380 1890 1450 δαιμόνων
1919 1382 1948 1437 ἡ
1975 1379 2058 1432 κό-

503 1478 650 1538 λασις
678 1480 837 1552 πέρας
874 1476 1012 1547 ἔχει.
1042 1479 1138 1530 Καί
1166 1474 1729 1530 ἀποκατασταθήσονται
1755 1471 1954 1528 ἀσεϐεῖς
1979 1489 2056 1529 τε,

429 1573 436 1582 ’
505 1571 586 1620 καί
628 1567 854 1637 δαίμονες
894 1571 964 1626 είς
1001 1572 1088 1624 την
1117 1569 1361 1640 προτέραν
1389 1566 1550 1619 αὐτῶν
1590 1564 1744 1627 τάξιν.
1791 1567 1967 1616 Ταῦτα
2006 1560 2057 1615 δέ

504 1659 747 1730 λέγοντες,
775 1657 1031 1736 ρᾳθΐμους
1060 1660 1148 1726 μέν
1175 1663 1378 1710 ποιοῦσι
1403 1654 1520 1715 τούς
1549 1657 1839 1728 ἀνθρώπους
1863 1656 1980 1727 περί
2003 1653 2061 1707 τὸ

505 1748 721 1820 πληροῦν
746 1750 838 1808 τὰς
858 1747 1055 1807 ἐντολάς
1081 1755 1171 1800 τοῦ
1199 1753 1344 1808 Θεοῦ,
1368 1755 1458 1805 τῆς
1493 1754 1668 1804 στενῆς
1691 1749 1774 1798 καί
1805 1744 2064 1813 τεθλιμμέ-

505 1857 589 1896 νης
615 1837 733 1891 ὁδοῦ
762 1839 941 1898 αὐτοὺς
992 1839 1385 1913 ἀποτρέποντες,
1431 1840 1511 1889 καί
1542 1837 1668 1912 πρὸς
1701 1843 1789 1895 τὴν
1824 1835 2062 1889 πλατεῖαν

504 1932 588 1981 καί
616 1929 910 2001 εὐρύχωρον
938 1927 1350 1986 ἀποπλανῶντες·
1379 1927 1712 1980 ἐναντιοῦνται
1749 1923 1802 1979 δέ
1836 1926 2062 1986 καθάπαξ

504 2021 582 2072 καί
617 2026 725 2078 τοῖς
765 2020 908 2092 παρά
953 2023 1040 2071 τοῦ
1084 2017 1300 2088 μεγάλου
1346 2021 1468 2070 Θεοῦ
1523 2018 1606 2068 καὶ
1658 2023 1884 2089 σωτῆρος
1926 2016 2062 2082 ἡμῶν

505 2106 668 2166 Ἰησοῦ
695 2117 914 2184 Χριστοῦ
950 2110 1250 2182 λεγομένοις.
1284 2109 1438 2168 Αὐτὸς
1463 2111 1562 2182 γάρ
1591 2109 1638 2162 έν
1667 2116 1738 2180 τῷ
1769 2108 1892 2180 ἁγίῳ
1921 2109 2063 2177 εὐαγ-

505 2201 648 2270 γελίῳ
676 2199 900 2254 διδάσκει
920 2239 933 2262 ,
973 2202 1039 2259 ὠς
1079 2199 1125 2252 οἶ
1154 2201 1240 2269 μὲν
1267 2199 1468 2257 ἀσεϐεῖς
1499 2196 1854 2252 ἀπελεύσονται
1883 2198 1952 2255 εἰς
1981 2196 2066 2250 κόηι

505 2291 649 2344 λασιν
686 2293 904 2353 αἰώνιον,
937 2290 980 2342 οἱ
1013 2287 1065 2343 δέ
1094 2287 1270 2342 δίκαιοι
1297 2291 1369 2346 εἰς
1398 2291 1526 2350 ζωήν
1551 2289 1762 2342 αἰώνιον.
1798 2287 1891 2337 Καί
1923 2285 2067 2339 πάλιν

506 2383 635 2454 λέγει
647 2390 750 2442 τοῖς
765 2385 854 2452 μέν
873 2384 923 2435 ἐκ
937 2381 1126 2445 δεξιῶν
1149 2386 1346 2444 «Δεῦτε,
1371 2379 1415 2432 οί
1439 2377 1742 2449 εὐλογημένοι
1763 2383 1852 2430 τοῦ
1876 2377 2068 2447 πατρίς

510 2493 624 2538 μου,
642 2472 1041 2543 κληρονομήσατε
1067 2476 1156 2529 τὴν
1176 2472 1538 2539 ἡτοιμασμένην
1562 2469 1675 2536 ύμῖν
1697 2467 1948 2536 βασιῗἐίαν
1969 2466 2069 2518 ἀπὸ

510 2562 789 2622 κατασῗολῆς
815 2561 1004 2630 κόσμου
1025 2576 1039 2590 ⁹
1076 2577 1094 2611 1
1125 2567 1230 2619 τοῖς
1257 2558 1311 2613 δέ
1339 2561 1386 2621 ἐξ
1414 2560 1708 2625 εὐωνύμωνο
1743 2573 1761 2606 ε
1800 2557 2068 2630 Πορεύεσθε

512 2653 599 2704 ἀπ’
621 2653 762 2719 ἐμοῦ,
789 2651 834 2704 οί
861 2650 1212 2721 κατηραμένοι,
1248 2651 1316 2708 εἰς
1335 2648 1391 2703 τό
1411 2655 1513 2722 πῦρ
1538 2649 1592 2701 τὸ
1617 2649 1829 2711 αἰώνιον,
1859 2649 1914 2700 τό
1936 2648 2070 2703 ἡτοι-

513 2743 767 2811 μασμένον
793 2748 864 2811 τῷ
891 2739 1104 2810 διαϐόλῳ
1131 2742 1216 2792 καί
1249 2745 1350 2798 τοῖς
1391 2739 1610 2810 ἀγγέλοις
1641 2741 1819 2792 αὐτοῦ.
1849 2742 2072 2806 Φανερῶς

515 2827 599 2884 οὖν
626 2836 718 2886 τοῦ
747 2832 918 2904 κυρίου
947 2828 1028 2884 διά
1054 2837 1142 2884 τοῦ
1165 2829 1307 2900 ἁγίου
1331 2829 1618 2900 εὐαγγελίου
1640 2829 1959 2884 ἀτελεέτητον
1985 2830 2072 2883 τήν

515 2941 567 2974 τε
605 2921 805 2974 κόλασιν
835 2925 923 2978 τήν
965 2940 1018 2974 τε
1048 2921 1306 2990 βασιλείαν
1335 2919 1784 2992 ἐπαγγελλομένου,
1836 2914 2074 2990 πρόδηλοι

513 3014 872 3070 καθεστήκασιν
900 3006 1040 3065 οὗτοι
1065 3013 1183 3071 τούς
1211 3011 1493 3085 Ὠριγένους
1520 3009 1708 3079 μύθους
1733 3015 2074 3082 προτιμῶντες

517 3107 614 3154 τῶν
660 3106 746 3154 τοῦ
792 3101 972 3173 κυρίου
1025 3099 1352 3170 ἀποφάσεων
1382 3096 1564 3170 ὃπουγε
1608 3099 1829 3168 κᾴκεῑίεν
1856 3099 2021 3152 αὐτῶν
2045 3098 2075 3154 ἦ

517 3188 658 3242 ἄνοια
684 3187 1016 3260 διελέγχεται.
1043 3190 1099 3242 Ei
1121 3189 1220 3261 γάρ
1246 3207 1322 3246 τις
1350 3189 1479 3240 κατά
1517 3189 1634 3248 τούς
1677 3187 1854 3241 ἐκείνου
1891 3187 2077 3262 λήρους

2150 644 2415 700 successio
2458 643 2509 696 in
2561 640 2906 697 intirmiorum
2952 643 3190 712 irrepens
3231 643 3456 708 animas,
3498 639 3624 694 facit
3647 645 3706 693 ut

2150 749 2269 788 eum
2301 739 2590 800 sequantur
2637 746 2756 800 qua:
2801 746 2832 785 a
2868 731 3128 802 principio
3174 732 3458 788 commissa
3495 730 3563 786 ab
3590 729 3707 800 ipso

2150 827 2369 890 peccata
2397 825 2540 872 sunt.

2222 956 2382 1022 Quasi
2411 956 2551 1010 enim
2574 955 2638 1009 iis
2659 954 2749 1022 qui
2779 952 3016 1032 Brigenis
3043 955 3236 1025 placita
3263 963 3574 1024 sequuntur,
3603 970 3710 1009 non

2153 1047 2282 1100 satis
2309 1046 2378 1098 sit
2403 1045 2469 1098 de
2499 1046 2893 1113 praaexistentia
2923 1046 3218 1100 animarum
3249 1047 3521 1114 impietas,
3554 1055 3711 1099 caete-

2153 1149 2320 1202 raque
2348 1133 2460 1202 ejus
2489 1133 2880 1202 vaniloquentia
2903 1171 2918 1197 ,
2960 1134 3410 1204 blasphemiaaque
3437 1134 3503 1188 de
3530 1143 3710 1189 sancta

2161 1224 2422 1277 Trinitate
2465 1241 2476 1274 :
2520 1223 2621 1277 hoc
2667 1239 2881 1294 quoque
2927 1225 3145 1293 proprio
3189 1224 3357 1278 errori
3405 1223 3714 1291 adiungunt,

2157 1315 2344 1368 ducem
2376 1323 2429 1368 et
2459 1322 2729 1366 auctorem
2779 1313 3038 1367 habentes
3075 1328 3376 1382 perversam
3419 1312 3534 1380 ejus
3562 1313 3717 1368 disci-

2156 1405 2382 1474 plinam,
2409 1411 2465 1455 ut
2493 1402 2704 1467 dicant,
2748 1403 2984 1455 omnium
3014 1402 3293 1470 impiorum
3321 1401 3625 1462 hominum,
3657 1411 3718 1450 ac

2159 1501 2415 1561 prmterea
2462 1490 2758 1543 dmmonum
2805 1505 3018 1559 pmnam
3068 1489 3224 1542 tinem
3255 1489 3552 1542 habituram
3581 1501 3716 1549 esse,

2159 1582 2571 1647 restitutumque
2593 1579 2656 1632 iri
2684 1589 2794 1634 tum
2821 1581 3015 1648 impios
3037 1580 3298 1644 homines,
3321 1588 3430 1633 tum
3453 1579 3720 1632 daemones

2163 1671 2214 1724 in
2241 1669 2518 1738 pristinum
2543 1669 2782 1722 ordinem
2805 1685 2977 1722 suum.
3003 1668 3126 1724 llzec
3141 1684 3259 1723 cum
3282 1669 3484 1734 dicunt,
3508 1668 3722 1736 ignavos

2163 1761 2405 1816 homines
2433 1759 2668 1815 eﬂiciunt
2703 1759 2754 1812 in
2791 1759 2883 1813 Dei
2913 1760 3192 1829 przereptis
3220 1758 3600 1826 exsequendis,
3631 1771 3724 1812 eos

2165 1861 2468 1908 avertentes
2497 1852 2563 1904 ab
2588 1859 2810 1918 angusta
2832 1858 2885 1904 et
2913 1858 3060 1903 arcta
3086 1851 3188 1914 via,
3210 1859 3263 1903 et
3285 1849 3337 1902 in
3366 1849 3483 1902 latze
3509 1864 3572 1903 ac
3600 1863 3724 1918 Spa-

2097 1927 2134 1983 B
2166 1941 2313 1996 tiosaa
2350 1955 2587 1995 errorem
2618 1940 2946 1994 inducentes.
2976 1937 3204 1994 Omnino
3233 1949 3408 1993 autem
3435 1939 3727 1992 adversan-

2163 2039 2250 2085 tur
2271 2031 2447 2099 magni
2471 2030 2563 2084 Dei
2593 2038 2643 2084 et
2667 2027 2964 2084 Salvatoris
2985 2029 3151 2083 nostri
3179 2027 3302 2085 Jesu
3322 2026 3516 2082 Christi
3537 2027 3724 2091 dictis;

2165 2121 2278 2190 ipse
2303 2121 2444 2174 enim
2474 2120 2527 2173 in
2560 2128 2745 2174 sancto
2772 2117 3056 2186 Evangelio
3082 2117 3275 2182 docet,
3307 2117 3495 2186 impios
3519 2116 3727 2185 quidem

2164 2207 2332 2262 ituros
2362 2208 2413 2261 in
2444 2217 2701 2262 aeternum
2747 2207 3060 2277 supplicium
3089 2249 3102 2274 ,
3127 2207 3299 2274 justos
3333 2221 3458 2259 vrro
3489 2207 3539 2259 in
3568 2215 3726 2259 teter-

2167 2314 2292 2352 nam
2321 2299 2484 2352 vitam
2537 2296 2749 2368 (Matth.
2782 2308 2906 2358 xxV)
2935 2314 2949 2362 ;
2998 2312 3289 2366 rursusque
3331 2296 3457 2350 dicit
3493 2296 3556 2350 iis
3583 2296 3670 2363 qni
3699 2309 3730 2348 a

2166 2390 2366 2446 dextris
2393 2399 2515 2444 sunt
2548 2407 2560 2442 :
2596 2389 2796 2453 Venite,
2835 2389 3088 2442 benedicti
3130 2387 3305 2440 Patris
3344 2387 3458 2448 mei,
3484 2386 3730 2456 possidete

2166 2491 2402 2549 paratum
2425 2480 2563 2534 vobis
2586 2495 2798 2550 regnum
2827 2495 2859 2530 a
2891 2478 3251 2532 constitutione
3280 2477 3486 2541 mundi;
3515 2476 3579 2529 iis
3605 2488 3731 2528 vero

2167 2571 2255 2638 qui
2287 2585 2315 2622 a
2345 2569 2598 2622 sinistris:
2623 2568 2699 2621 Ite
2721 2585 2751 2620 a
2773 2584 2870 2631 me,
2893 2567 3167 2629 maledicti,
3198 2567 3251 2619 in
3273 2567 3438 2636 ignem
3464 2573 3729 2624 attentum,

2169 2661 2254 2729 qui
2276 2667 2486 2728 paratus
2509 2667 2584 2711 est
2619 2657 2822 2710 diabolo
2852 2665 2901 2709 et
2939 2655 3132 2725 angelis
3167 2654 3276 2724 ejus
3306 2652 3570 2724 (Ibidem).
3604 2652 3733 2708 Cum

2171 2750 2332 2817 igitur
2358 2757 2543 2818 aperte
2573 2747 2828 2802 Dominus
2876 2746 2931 2800 in
2981 2754 3167 2800 sancto
3205 2744 3492 2814 Evangelia
3539 2742 3736 2798 indesi-

2173 2857 2304 2894 nens
2325 2849 2379 2894 et
2405 2839 2720 2910 supplicium
2749 2845 2803 2893 et
2829 2852 3049 2906 regnum
3075 2835 3371 2901 denuntiet,
3398 2835 3735 2906 perspicuum

2173 2940 2252 2986 est
2280 2931 2378 2986 hos
2403 2929 2647 2999 Origenis
2692 2929 3043 2984 deliramenta
3086 2928 3369 2984 sententiis
3411 2927 3617 2982 Domini
3645 2942 3738 2981 an-

2175 3021 2391 3078 teferre.
2421 3022 2499 3078 Ex
2527 3022 2629 3080 hoc
2656 3038 2870 3094 quoque
2891 3021 3103 3078 illorum
3124 3023 3358 3077 amentia
3385 3019 3737 3090 redarguitur.

2175 3113 2232 3168 Si
2260 3115 2379 3183 quis
2407 3113 2547 3170 enim
2570 3113 2723 3183 juxta
2755 3114 2896 3168 illius
2923 3127 3090 3182 nugas
3113 3120 3279 3182 ponat
3306 3110 3618 3182 supplicium
3648 3110 3740 3164 de-

2176 3203 2400 3256 siturum
2425 3243 2440 3269 ,
2481 3217 2701 3259 necesse
2743 3211 2828 3260 est
2873 3203 3016 3257 hunc
3063 3210 3118 3257 et
3145 3202 3418 3273 promissae
3439 3200 3598 3270 justis
3623 3202 3740 3254 vita

519 3279 752 3332 ὑπόθοιτο
769 3281 924 3352 πέρας
947 3277 976 3330 ἶ
979 3299 1093 3348 χειν
1109 3284 1196 3336 τὴν
1217 3277 1626 3351 κόλασιν,ἀνάγκη
1647 3281 1970 3334 τόν⁶τοιοῦτον
1995 3284 2075 3333 καί

2176 3301 2389 3347 aeterna:
2416 3301 2656 3348 statuere
2685 3293 2843 3348 tinem
2869 3311 2881 3346 :
2906 3307 3058 3362 aeque
3086 3293 3227 3347 enim
3259 3292 3310 3346 in
3337 3299 3565 3360 utroque
3589 3299 3742 3344 aeter-

519 3379 580 3438 τῇ
609 3370 936 3441 έπηγγελμένῃ
962 3377 1067 3429 τοῖς
1095 3367 1303 3429 δικαίοις
1328 3371 1505 3438 αἰωνίῳ
1532 3375 1631 3443 ζωῇ
1657 3369 1792 3429 τέλος
1818 3370 2072 3424 ἐπιθεῖναι.

519 3456 712 3523 Ἐξίσης
736 3463 834 3536 γάρ
871 3459 946 3513 ἔπ’
981 3460 1270 3531 ἀμφοτέρων
1303 3460 1360 3512 τό
1398 3461 1590 3514 αίῶνιον
1615 3467 1766 3512 κεῖται
1785 3473 1798 3487 ⁸
1827 3461 1912 3514 καί
1937 3458 2076 3536 εἷ’περ

521 3553 677 3624 πέρας
725 3549 840 3620 ἔχει
867 3549 1067 3610 κόλασίς
1091 3571 1147 3604 τε
1171 3553 1252 3603 καί
1279 3550 1576 3611 ἀπόλαυσις,
1607 3548 1740 3604 διατ⁶ί
1776 3553 1807 3609 ἡ
1843 3552 2078 3626 ένανθρὼ-

522 3665 678 3704 πησις
703 3649 792 3697 τοῦ
820 3645 994 3714 κυρίου
1029 3644 1164 3712 ἡμῶν
1197 3640 1358 3700 Ἰησοῦ
1396 3650 1643 3718 Χριστοῦ;
1683 3641 1818 3699 διατί
1853 3643 1906 3699 δέ
1940 3649 2022 3700 καί
2050 3649 2078 3704 ἠ

525 3734 844 3805 σταύρωσις,
873 3735 956 3786 καί
981 3731 1006 3787 ὃ
1032 3733 1250 3792 θάνατος.
1283 3736 1367 3787 καί
1392 3735 1422 3790 ἡ
1447 3739 1599 3805 ταφή,
1627 3737 1713 3788 καί
1738 3737 1768 3794 ἡ
1795 3738 2079 3797 ἀνάστασις

523 3829 615 3876 τοῦ
650 3827 856 3898 κυρίους
893 3830 1034 3877 ποῖον
1059 3821 1110 3877 δέ
1150 3820 1318 3895 ἔφελος
1345 3831 1450 3884 τοῖς
1476 3825 1562 3879 τὸν
1587 3826 1729 3880 καλὸν
1756 3828 1924 3899 ἀγῶνα
1939 3829 2084 3899 ’ἀγω-

523 3915 824 3983 νισαμένοις,
854 3915 936 3967 καί
961 3914 1090 3988 ὐπέρ
1116 3920 1338 3988 Χριστοῦ
1367 3919 1776 3989 μαρτυρήσασιν,
1806 3919 1848 3970 εἰ
1870 3918 2086 3982 μέλλοιεν

524 4003 750 4074 δαίμονές
776 4025 828 4059 τε
846 4045 860 4070 ,
889 4007 971 4058 καί
996 4006 1146 4060 ἀσεϐε
1160 4016 1197 4065 ’ς
1229 4011 1317 4065 τήν
1344 4008 1498 4065 αὐτὴν
1525 4015 1630 4066 τοῖς
1656 4007 1814 4080 ἀγίοις
1840 4007 1978 4072 τοίξιν
2007 4009 2090 4064 διά

527 4102 614 4152 τῆς
664 4095 1124 4154 ἀποκαταστάσεως
1171 4095 1469 4167 λαμϐάνεινς
1505 4093 1647 4152 Ἀλλά
1694 4101 1776 4151 καί
1811 4104 1975 4153 ταῦτα
2002 4103 2092 4169 μέν

527 4183 609 4236 ίπί
649 4185 743 4242 τάς
787 4185 975 4237 ἐκείνων
1020 4187 1233 4259 τραπείη
1277 4185 1493 4256 κεφαλάς
1537 4194 1634 4241 τῶν
1681 4193 1842 4243 ταῦτα
1884 4189 2092 4257 μυθολοο

524 4269 762 4342 γούντων.
792 4273 849 4326 Οί
872 4275 972 4346 γάρ
997 4279 1086 4328 τοῦ
1112 4281 1332 4344 Χριστοῦ
1375 4275 1511 4346 λόγοι
1544 4274 1853 4346 διαμένουσιν
1879 4280 2093 4332 ἀσάλευ-

2179 3400 2306 3438 nnm
2355 3385 2588 3456 ponitur.
2638 3383 2696 3439 Si
2739 3392 2916 3438 autem
2960 3390 3015 3438 et
3055 3398 3213 3453 pmna
3255 3393 3310 3438 et
3347 3382 3526 3436 fruitio
3565 3381 3741 3448 gloria)

2182 3473 2381 3529 habent
2410 3474 2588 3540 linem,
2621 3490 2718 3530 cur
2746 3473 3042 3527 incarnatio
3070 3473 3166 3526 fuit
3191 3471 3396 3526 Domini
3426 3470 3591 3524 nostri
3620 3468 3743 3524 Jesu

2181 3563 2412 3620 Christi?
2449 3581 2546 3621 cur
2569 3564 2876 3632 crneiiixio,
2905 3573 2960 3618 et
2986 3579 3152 3630 mors,
3181 3571 3237 3618 et
3262 3562 3550 3632 sepultura,
3582 3568 3638 3615 et
3661 3575 3746 3614 re-

2183 3654 2442 3709 surrectio
2471 3653 2726 3709 Domini?
2773 3652 2917 3722 quod
2962 3652 3299 3707 commodum
3343 3651 3406 3706 iis
3433 3651 3522 3720 qui
3550 3651 3746 3705 bonum

2184 3751 2455 3798 certamen
2481 3751 2838 3808 certaverunt,
2859 3749 2913 3796 et
2932 3757 3030 3810 pro
3058 3739 3270 3794 Christo
3295 3739 3604 3809 martyrium
3625 3738 3746 3792 sub-

2187 3834 2396 3899 ierunt,
2445 3833 2489 3887 si
2527 3840 2582 3886 et
2625 3831 2893 3886 dmmones
2939 3838 2994 3884 et
3030 3828 3272 3882 homines
3307 3827 3452 3895 impii
3505 3825 3749 3880 eumdem

2188 3938 2345 3991 quem
2376 3922 2542 3977 sancti
2591 3921 2832 3976 ordinem
2860 3918 3310 3987 redintegratione
3339 3917 3569 3971 habituri
3596 3919 3751 3971 sunt?

2196 3991 2392 4066 Verum
2419 4012 2522 4066 hoc
2549 4027 2603 4066 in
2629 4024 2814 4065 eorum
2845 4009 3019 4077 capita
3046 4014 3301 4070 vertatur,
3345 4005 3433 4076 qui
3460 4005 3572 4060 haec
3598 4003 3750 4059 fabu-

2193 4099 2386 4154 lantur.
2418 4099 2550 4154 Nam
2577 4098 2775 4154 Christi
2810 4097 2973 4152 verba
3001 4095 3056 4150 in
3106 4093 3338 4149 ﬁdelium
3383 4094 3648 4149 mentibus
3677 4094 3751 4146 in-

2197 4203 2456 4242 concussa
2484 4195 2720 4250 manent,
2752 4193 2912 4253 atque
2939 4186 2991 4238 in
3020 4185 3134 4252 ipsa
3170 4197 3343 4237 rerum
3373 4182 3610 4236 veritate.

526 4385 600 4418 τοι
626 4365 676 4416 ἓν
707 4372 818 4424 ταῖς
855 4372 952 4418 τῶν
999 4371 1193 4418 πιστῶν
1225 4365 1458 4434 ψυχαῖς,
1509 4369 1589 4419 καί
1638 4367 1688 4419 έν
1737 4368 1860 4440 αὐτῇ
1905 4375 1965 4439 τῇ
1991 4377 2089 4421 τῶν
2115 4369 2429 4440 πραγμάτων
2455 4367 2674 4438 ἀληθείᾳ.

599 4453 656 4505 ΘΞ
684 4449 737 4506 δέ
761 4457 848 4510 τήν
873 4453 1153 4528 Ὠριγένους
1181 4451 1486 4514 ἐκδικοῦντες
1506 4453 1802 4519 κακοδοξίαν,
1831 4455 2095 4528 φεύγοντες

530 4543 644 4601 τούς
670 4544 785 4614 περὶ
811 4542 1003 4596 τούτων
1029 4542 1266 4614 ἀρραγεῖς
1315 4543 1582 4616 έλέγχους,
1634 4549 1720 4600 καί
1756 4549 2096 4619 συγκρύπτειν

528 4634 618 4687 τήν
643 4629 834 4683 έοιυτῶν
858 4629 1044 4687 πλάνην
1060 4630 1365 4703 βουλόμενοι,
1383 4635 1521 4692 τινάς
1547 4634 1716 4706 ῥήσεις
1742 4637 1795 4688 ἐκ
1817 4643 1915 4689 τῶν
1941 4636 2095 4709 ἀγίων

532 4721 763 4795 πατέρων
786 4727 944 4780 κακῶς
974 4721 1390 4792 ἐκλαμϐάνοντες,
1435 4727 1516 4777 καὶ
1551 4725 1680 4796 πρὸς
1707 4726 1792 4779 τόν
1819 4723 1944 4779 ἴδιον
1985 4734 2098 4780 νοῦν

532 4812 990 4884 παρερμηνεύοντες
1007 4854 1020 4877 ,
1142 4813 1294 4886 οἰκείᾳ
1321 4815 1745 4888 προσαρμόζουσι
1771 4815 1902 4886 νόσῳ
1919 4831 1930 4842 ⁸
1968 4816 2094 4886 ὅπερ

535 4907 741 4954 ποιοῦσι
771 4903 852 4954 καί
889 4901 974 4955 ἐπί
998 4907 1096 4955 τῶν
1136 4902 1278 4954 θείων
1310 4910 1529 4974 γραφῶν.
1558 4902 1729 4974 Ἠμεῖς
1773 4903 1826 4958 δέ
1856 4907 1903 4968 ἐξ
1936 4909 2096 4959 αὐτῶν

535 4997 632 5044 τῶν
661 4989 814 5061 ἀγίων
841 4991 1070 5064 πατέρων
1101 4989 1419 5060 ἀποδείξομεν
1442 4995 1688 5061 ματαίους
1715 4989 1836 5048 εἶναι
1874 4998 1954 5048 καί
1980 4999 2098 5056 τούς

536 5081 806 5136 τοιούτους
835 5082 997 5136 αὐτῶν
1019 5080 1215 5151 λόγους.
1242 5084 1386 5156 Λέγει
1412 5085 1574 5138 τοίνυν
1599 5083 1623 5138 ὁ
1646 5086 1694 5138 έν
1723 5084 1882 5156 άγίοις
1908 5087 2097 5160 Γρηγὸ-

535 5188 644 5243 ριος
670 5167 940 5241 ὁθεολόγος
967 5171 1015 5222 ἕν
1040 5177 1112 5240 τῷ
1141 5172 1477 5243 ἀπολογητικῷ
1495 5174 1621 5244 λόγῳ
1645 5173 1794 5229 τάδε·
1830 5173 1994 5242 «Ἡμῖν
2018 5176 2096 5241 δὲ,

537 5255 609 5318 οἷς
637 5260 695 5312 τὸ
723 5257 1118 5329 κινδυνευόμενόν
1142 5262 1247 5316 ἔστι
1271 5269 1498 5336 σωτηρία
1526 5265 1704 5334 ψυχῆς
1731 5275 1820 5324 τῆς
1847 5271 2097 5340 μακαρίας

537 5369 592 5405 τε
623 5353 707 5404 καί
755 5347 1033 5418 ἀθανάτου,
1060 5356 1142 5406 καί
1166 5351 1386 5408 ἀθάνατα
1416 5355 1840 5426 κολασθησομένης
1877 5357 1906 5416 ἦ
1951 5357 2098 5412 ἔπαι-

536 5441 865 5508 νεθησομένης
889 5437 968 5493 διὰ
994 5442 1167 5511 κακίαν
1199 5441 1228 5500 ἧ
1259 5443 1460 5514 ἀρετήν,
1487 5444 1640 5498 πόσον
1668 5450 1773 5516 χρὴ
1795 5443 1956 5499 δοκεῖν
1976 5443 2098 5501 εἶναι

537 5529 624 5582 τὸν
649 5528 839 5596 ἀγῶνα,
865 5529 951 5578 καί
979 5523 1098 5586 ὅσης
1121 5526 1199 5581 δεῖ
1220 5537 1308 5588 τῆς
1333 5531 1639 5602 ἐπιστήμηςς
1663 5536 1781 5586 »καί
1809 5534 1916 5604 μετ’
1935 5535 2095 5605 ὀλίγαο

545 5625 662 5682 «τίς
686 5620 875 5690 ψευδὴς
897 5619 1162 5691 ἀπολογία;
1181 5623 1302 5674 ποία
1317 5620 1578 5683 πιθανότης
1604 5623 1876 5693 ﬂuxu“;
1903 5631 1978 5684 τίς
1990 5629 2099 5679 ἒπί-

540 5731 646 5769 νοια
678 5712 807 5766 κατά
847 5720 937 5771 τῆς
972 5711 1197 5772 ἀληθείας
1223 5713 1602 5784 παραλογιεῖται
1644 5715 1702 5769 τό
1748 5713 2096 5790 δικαστήριον,

541 5803 623 5856 καί
646 5802 816 5873 κλέψει
841 5806 928 5860 τήν
949 5801 1092 5874 ὀρθήν
1116 5804 1278 5876 κρίσιν
1305 5808 1408 5860 τοῖς
1435 5801 1564 5857 πᾶσι
1593 5800 1761 5858 πάντα
1783 5804 1830 5855 έν
1860 5809 1992 5874 ζυγῷ
2018 5827 2096 5858 τι·

544 5897 736 5959 ἱεῖσαν,
765 5895 846 5946 καί
871 5893 1074 5963 πρᾶξιν,
1103 5894 1182 5945 καί
1201 5891 1362 5961 λόγον,
1393 5895 1473 5946 καί
1498 5889 1761 5960 διανέημα,
1791 5897 1872 5947 καὶ
1895 5896 2099 5952 ἀντιση-

2269 4455 2368 4521 Qui
2395 4469 2558 4524 porro
2591 4451 2834 4522 Origenis
2861 4453 3156 4522 improbam
3184 4452 3490 4522 Opinionem
3518 4458 3753 4514 tuentur,

2197 4546 2345 4601 tirma
2371 4547 2484 4600 haec
2509 4552 2819 4613 argumenta
2843 4543 3105 4613 fugientes
3130 4584 3146 4609 ,
3191 4557 3454 4612 suumque
3498 4550 3756 4597 conantes

2203 4645 2382 4704 tegere
2428 4649 2664 4690 errorem
2693 4673 2706 4698 ,
2737 4633 2975 4703 quaedam
3021 4640 3325 4687 sanctorum
3370 4631 3585 4684 Patrum
3614 4629 3754 4685 dicta

2197 4727 2336 4781 male
2363 4725 2688 4794 excipientes
2711 4764 2726 4788 ,
2774 4737 3044 4792 pravoque
3077 4737 3146 4776 ex
3181 4721 3444 4776 sententia
3469 4735 3562 4775 sua
3591 4719 3757 4774 inter-

2198 4823 2486 4885 pretantes,
2515 4813 2733 4882 proprio
2757 4812 2946 4867 morbo
2965 4810 3371 4866 accommodant
3393 4827 3406 4863 :
3430 4809 3572 4878 quod
3593 4809 3756 4864 etiam

2199 4904 2252 4958 in
2299 4902 2492 4957 divinis
2531 4901 2730 4955 faciunt
2774 4899 3081 4970 Scripturis.
3128 4897 3237 4954 Nos
3281 4907 3458 4953 autem
3505 4912 3574 4954 ex
3623 4898 3754 4967 ipsis

2195 4991 2395 5046 sanctis
2423 4989 2668 5044 Patribus
2695 4988 3036 5044 ostendemus
3070 4988 3253 5042 inanes
3280 5001 3344 5041 ac
3368 4987 3545 5042 futiles
3569 5002 3754 5042 eorum

2195 5082 2432 5136 rationes
2479 5094 2617 5134 esse.
2665 5077 2791 5134 llaec
2835 5079 2996 5147 igitur
3021 5079 3204 5134 scribit
3229 5088 3444 5134 sanctus
3471 5076 3754 5146 Gregorius

2198 5170 2502 5238 Theologus
2549 5170 2601 5223 in
2643 5170 2975 5239 apologetiea
3020 5169 3306 5224 oratione:
3345 5187 3363 5220 ι
3395 5168 3558 5224 Nobis
3602 5185 3756 5238 vero,

2197 5259 2388 5328 quibus
2414 5259 2748 5330 periclitatur
2772 5259 2916 5314 saltss
2941 5259 3129 5312 animm
3155 5257 3323 5314 beata:
3351 5268 3511 5327 atque
3539 5259 3759 5314 immor-

2198 5351 2338 5416 talis,
2368 5365 2592 5420 quaeque
2626 5350 3001 5419 sempiternam
3031 5349 3242 5403 aditura
3278 5359 3361 5404 est
3410 5350 3494 5405 vei
3541 5365 3754 5420 pinnam

2197 5441 2283 5496 vel
2311 5439 2520 5495 laudem
2545 5478 2560 5504 ,
2601 5447 2820 5509 propter
2847 5440 3100 5493 malitiam
3129 5449 3222 5492 aut
3255 5440 3502 5494 virtutem
3527 5482 3542 5506 ,
3570 5441 3756 5508 quanti

2197 5530 2495 5587 faciendum
2541 5539 2624 5586 est
2665 5531 2767 5586 hoe
2807 5539 3114 5598 certamen,
3159 5538 3250 5585 aut
3291 5539 3488 5600 quanta
3532 5531 3754 5586 scientia

2199 5639 2334 5692 opus
2361 5623 2478 5676 est?
2514 5641 2531 5673 ι
2576 5621 2642 5675 Ει
2669 5630 2792 5692 post
2818 5637 2985 5690 pauca
3017 5640 3030 5675 :
3071 5641 3088 5673 ι
3123 5621 3236 5687 Qua
3267 5622 3396 5676 falsa
3425 5621 3754 5684 defensione,

2197 5727 2300 5781 qua
2330 5712 2672 5782 persuasione
2700 5713 3014 5775 artiﬁciosa,
3035 5727 3266 5781 quonam
3289 5723 3588 5766 commento
3614 5715 3757 5767 veri-

2198 5810 2364 5857 tatem
2412 5811 2750 5871 oppugnante
2796 5803 3236 5856 cireumvenietur
3277 5801 3392 5868 jus,
3441 5817 3503 5856 ac
3546 5801 3759 5856 falletur

2199 5900 2403 5948 rectum
2447 5892 2730 5961 iudicium,
2761 5892 2903 5962 quod
2949 5907 3023 5948 on
3042 5893 3193 5946 uibus
3233 5894 3410 5946 omnia
3452 5893 3504 5947 in
3551 5900 3754 5948 statera
