4102 6534
505 494 609 558 979

1816 472 2254 539 JUSTINIANI
2295 471 2448 534 IMP.

3626 456 3732 520 980

514 607 704 667 λάσεως
736 610 891 668 τέλος.
920 608 1038 662 Ἀλλ’
1063 607 1115 662 αἰ
1141 608 1229 676 μέν
1269 603 1447 660 ἄτοποι
1481 608 1568 657 τοῦ
1601 600 1719 673 βίου
1760 596 1932 656 ἡδοναί
1970 601 2067 649 τῶν

2189 584 2312 655 ιιιοό
2349 584 2625 652 quisquam
2666 581 2714 635 ei
2751 577 2956 633 deditus
2992 574 3131 643 igni,
3172 567 3414 641 supplicii
3449 562 3605 618 ﬁnem
3630 576 3729 676 ex;

517 707 666 752 σκιῶν
713 701 795 752 καί
834 699 1093 773 ὀνειράτων
1121 696 1443 770 διαφέρουσιν
1470 690 1608 746 οὐδέν
1631 705 1646 720 ⁸
1674 691 1824 763 πρινή
1850 688 1948 758 γάρ
1993 702 2069 738 τε·

514 788 742 848 λεσθῆναι
768 791 833 843 τά
855 797 942 849 τῆς
970 788 1242 859 ἁμαρτίας,
1284 786 1549 840 σϐέννυται
1576 782 1640 835 τά
1666 788 1755 840 τῆς
1783 775 1958 835 ἡδονῆς
1980 790 1992 803 ⁸
2018 770 2071 826 αἶ

518 878 569 933 δέ
585 880 723 954 ’ὑπέρ
744 880 935 934 τούτων
951 880 1171 936 κολάσεις
1184 878 1343 952 πέρας
1365 876 1450 928 οὐκ
1473 871 1705 942 ἔχουσιν.
1730 896 1795 907 ——
1808 872 1904 919 Τοῦ
1920 865 2071 918 αὐτοῦ

519 974 571 1024 ἐκ
611 978 700 1025 τοῦ
729 972 1079 1039 ὑπομνήματςς
1128 976 1218 1026 τῆς
1247 967 1371 1040 πρὸς
1400 963 1683 1037 Κορινθίους
1722 959 1927 1031 πρώτης
1964 955 2072 1006 ἔπι·

519 1062 721 1121 στολῆς’
752 1061 821 1113 Οὐ
848 1060 1019 1134 μικρὸν
1046 1061 1160 1129 ἡμῖν
1190 1058 1245 1111 τὸ
1266 1058 1578 1126 προκείμενον
1614 1053 1806 1115 ζήτημα
1832 1045 2072 1108 ἐντεῦθεν,

519 1151 641 1206 ἀλλὰ
662 1154 744 1204 καί
767 1153 884 1224 περί
905 1156 1005 1204 τῶν
1030 1146 1220 1223 σφόδρα
1248 1146 1522 1215 ἀναγκαίων
1547 1156 1563 1175 ‘
1589 1140 1807 1196 ἅπαντες
1845 1139 2077 1199 ζητοῦσιν

522 1240 791 1316 ἂνθρωποι,
814 1242 857 1293 εἰ
879 1240 1013 1296 τέλος
1034 1236 1149 1307 ἔχει
1171 1237 1226 1291 τὸ
1252 1243 1342 1295 τῆς
1366 1234 1557 1307 γεέννης
1586 1236 1712 1304 πῦρ*
1748 1226 1827 1282 ὅτι
1864 1230 1952 1296 μέν
1978 1225 2076 1297 γάρ

523 1335 609 1387 οὐκ
633 1332 766 1402 ἔχει,
788 1331 813 1385 ό
840 1332 1051 1405 Χριστός
1080 1332 1355 1400 άπεφιζνατο
1378 1328 1545 1389 εἰπών,
1585 1342 1603 1372 ι
1621 1323 1685 1375 Τὸ
1698 1327 1803 1394 πῦρ
1832 1320 1994 1372 αὐτῶν
2022 1315 2079 1368 ού

523 1424 872 1486 σϐεσθήσεται,
898 1423 983 1474 καί
1008 1419 1033 1473 ό
1063 1419 1255 1480 σκώληξ
1275 1418 1438 1470 αὐτῶν
1465 1415 1519 1466 ού
1540 1412 1825 1467 τελευτήσει
1844 1426 1858 1440 ⁸
1881 1424 1900 1457 ι
1934 1407 2018 1458 καί
2052 1402 2077 1458 ὃ

524 1514 714 1572 Παῦλος
742 1511 794 1566 δέ
816 1510 1003 1570 δεικνύς
1034 1510 1179 1563 αὐτόν
1214 1508 1454 1561 ἀθάνατον
1476 1543 1491 1567 ,
1521 1503 1692 1574 φησίν·
1725 1516 1743 1549 ε
1765 1498 1823 1549 Οί
1850 1495 2079 1568 ἁμαρτά-

525 1622 684 1661 νοντες
709 1600 844 1658 δίκην
861 1600 1088 1653 τίσουσιν
1109 1596 1321 1672 ὀλέθριον
1338 1595 1546 1648 αἰώνιον.
1561 1595 1755 1646 ι-Τῆς
1770 1586 1928 1639 τοίνυν
1947 1584 2082 1642 θείας

526 1701 719 1768 γραφῆς
767 1694 976 1745 καὶτῶν
1006 1688 1159 1759 άγίων
1189 1685 1421 1760 πατερων
1466 1688 1636 1754 σαφῶς
1676 1680 1808 1748 ἡμᾶς
1848 1673 2079 1728 ἐκδιδασ-

526 1786 711 1838 κόντων
737 1788 804 1854 μὴ
823 1778 948 1836 εἶναι
972 1781 1108 1839 τέλος
1129 1779 1379 1835 κολάσεως
1402 1783 1499 1830 τῶν
1527 1771 1742 1831 ἀσεϐῶν,
1768 1770 1850 1821 καί
1872 1773 1970 1821 τῶν
1995 1764 2084 1819 ὑπ’

526 1876 718 1931 ἑκείνων
749 1870 1149 1949 θεραπευομένων
1187 1866 1435 1937 δαιμόνων
1453 1904 1469 1930 ,
1500 1864 1648 1918 ποίαν
1673 1858 2085 1913 ἀποκατάστασιν

526 1965 572 2017 οἱ
601 1966 667 2019 τά
694 1961 978 2034 Ὠριγένους
1006 1963 1297 2034 φρονοῦντες
1318 1954 1664 2025 φαντάζονται,
1704 1950 1754 2002 ἐν
1782 1943 1823 2019 ᾧ
1844 1947 2004 2018 πέρας
2032 1942 2084 1996 αί

526 2056 759 2127 τιμωρίαι
786 2055 871 2106 οὐκ
893 2050 1129 2122 ἔχουσιῆ
1160 2058 1211 2101 Ἦ
1237 2048 1335 2120 γάρ
1356 2044 1475 2116 ἀγία
1494 2047 1585 2097 τοῦ
1609 2045 1827 2114 Χριστοῦ
1854 2036 2082 2093 ἐκκλησία

527 2148 701 2218 ὥσπερ
728 2152 834 2203 τοῖς
871 2140 1079 2199 δικαίοις
1118 2136 1440 2192 ἀτελεύτητον
1484 2133 1737 2204 κηρύσσει
1769 2132 1858 2184 τήν
1889 2128 2083 2180 αἰώνιον

529 2240 677 2298 ζωήν,
709 2232 840 2286 οῦτω
871 2234 953 2285 καί
982 2238 1087 2289 τοῖς
1126 2228 1360 2283 ἀσεϐέσιν
1402 2222 1721 2278 ἀτελεύτητον
1764 2221 1853 2275 τήν
1889 2215 2085 2269 κόλασιν

529 2322 867 2398 παραδίδωσι.
909 2323 992 2375 Καί
1036 2326 1204 2374 ταῦτα
1232 2318 1319 2387 μέν
1341 2316 1387 2367 έν
1432 2314 1650 2371 τούτοις.
1676 2316 1837 2380 Ἡμεῖς
1866 2306 1919 2362 δί
1948 2307 2087 2381 ὀλίγα

531 2417 619 2484 μέν
640 2415 693 2467 ἐκ
717 2411 908 2466 πολλῶν
935 2417 996 2481 τῇ
1022 2429 1075 2463 τε
1105 2409 1213 2481 θείᾳ
1236 2412 1422 2479 γραφῇ,
1453 2410 1559 2460 τοῖς
1581 2420 1635 2454 τε
1661 2399 1817 2471 ἁγίοις
1837 2398 2101 2470 πατράσιν,

532 2502 790 2578 εἰρημένων
824 2504 1137 2572 παραγαγεῖν
1179 2493 1486 2564 συνείδομεν,
1515 2490 1641 2565 πρὸς
1681 2490 1738 2545 τὸ
1782 2489 1969 2561 ἐλέγξαι
2001 2490 2089 2544 τήν

533 2603 634 2657 τῶν
655 2594 1001 2677 Ὠριγενιστῶν
1031 2593 1346 2650 δυσσέϐειαν.

604 2895 893 2967 Βουλόμενοι
917 2893 969 2949 δέ
993 2900 1096 2949 πᾶν
1123 2890 1399 2949 σκάνδαλον
1420 2897 1512 2950 τῆς
1530 2888 1810 2961 ἁγιωτάτης
1835 2883 2093 2941 ἐκκλησίας

532 2985 803 3049 ἀπελάσαι,
833 2988 958 3059 πρὸς
984 2988 1041 3041 τό
1069 2984 1254 3057 μηδένα
1276 2985 1433 3061 ῥύπον
1461 2983 1510 3037 έν
1538 2983 1665 3054 αὐτῇ
1693 2977 2090 3046 καταλειτθῆναι,

534 3080 617 3131 καί
637 3078 1013 3137 ἀκολουθοῦντες
1034 3085 1146 3136 ταῖς
1168 3078 1319 3137 θείαις
1338 3081 1580 3150 γραφαῖς,
1601 3078 1708 3130 τοῖς
1733 3089 1785 3124 τε
1808 3068 1968 3139 ἁγίοις
1991 3087 2093 3120 πα-

532 3171 687 3245 τράσι
724 3176 828 3229 τοῖς
873 3169 959 3222 τόν
990 3168 1138 3222 αἶτὸν
1167 3172 1415 3240 Ὢριγίνην
1446 3167 1528 3216 καί
1553 3164 1618 3217 τὰ
1645 3165 1856 3216 τοιαῦτα
1885 3155 2095 3229 μυσαρά

534 3265 613 3319 ταί
636 3261 794 3318 ἀσεϐῆ
825 3262 977 3313 αύτο.)
1005 3258 1237 3329 δόγματα
1258 3256 1525 3309 ἑκϐαλοῦσί
1549 3273 1623 3313 τε,
1646 3254 1728 3305 καί
1752 3249 1956 3306 δικαίως
1979 3249 2093 3299 ἀνα-

539 3351 711 3420 ἳέματι
740 3349 1072 3409 ύποϐαλοῦσι,
1103 3353 1190 3405 την
1216 3352 1478 3421 παροῦσαν
1505 3346 1641 3412 ἡμῶν
1671 3340 1937 3396 ἐπιστολήν
1965 3336 2092 3410 πρός

535 3445 622 3500 τήν
642 3445 734 3499 σὴν
758 3438 1033 3508 ποιούμεθα
1059 3436 1422 3508 μακαριότητα,
1454 3432 1517 3487 δι’
1546 3431 1605 3492 ἧς
1632 3431 1979 3506 προτρέπομεν
2003 3427 2092 3480 αύι-

535 3537 625 3589 τήν
655 3537 957 3601 συναγαγεῖν
987 3527 1219 3587 ἅπαντας
1246 3529 1361 3585 τούς
1390 3523 1713 3595 ἐνδημοῦντας
1741 3524 1867 3576 κατὰ
1902 3520 2090 3577 ταύτην

535 3628 624 3681 τὴν
645 3621 887 3691 βασιλίδα
909 3619 1047 3676 πόλιν
1067 3619 1382 3679 ὁσιωτάτους
1398 3617 1727 3679 ἐπισκόπους,
1746 3618 1824 3670 καί
1843 3616 1961 3674 τούς
1986 3614 2093 3665 θεο-

538 3715 864 3784 φιλεστάτους
890 3722 986 3767 τῶν
1030 3715 1236 3771 ἐνταῦθα
1271 3713 1461 3782 εύαγῶν
1497 3712 1840 3781 μοναστηρίων
1879 3705 2093 3775 ἡγουμέ-

539 3822 683 3865 νους·
721 3809 803 3860 καί
841 3806 1236 3882 παρασκευάσαι
1256 3805 1449 3864 πάντας
1478 3802 1735 3875 ἐγγράφως
1771 3800 1856 3854 τὸν
1893 3798 2091 3873 εἰρημέο

540 3915 616 3949 νον
657 3894 886 3953 δυσσεϐῆ
910 3916 963 3950 τε
982 3938 996 3961 ,
1032 3897 1113 3948 καί
1156 3896 1406 3965 θεομάχον
1434 3893 1707 3965 Ὧριγένην,
1732 3890 1816 3943 τόν
1843 3890 1924 3941 καί
1947 3886 2091 3941 ’Δδαο

541 3987 762 4054 μάντιον,
790 3987 1136 4059 πρεσϐύτερον
1167 3986 1426 4057 γενόμενον
1460 3991 1551 4041 τῆς
1579 3982 1707 4034 κατά
1735 3976 2093 4052 Ἀλεξάνδρειαν

540 4076 821 4146 ἁγιωτάτης
845 4075 1137 4137 ἐκκλησίας,
1158 4077 1241 4128 καί
1273 4076 1343 4129 τά
1381 4074 1533 4127 αὐτοῦ
1581 4071 1787 4143 μυσαρά
1817 4071 1897 4122 καί
1931 4068 2095 4125 ἀσεϐῆ

541 4163 795 4237 δόγματα,
812 4169 897 4219 καί
915 4167 976 4219 τά
996 4166 1376 4235 ὑποτεταγμένα
1393 4164 1558 4216 πάντα
1579 4160 1813 4231 κεφάλαια
1827 4164 1958 4213 πᾶσι
1976 4157 2096 4230 τρό-

541 4276 655 4315 ποις
689 4254 1069 4324 άναθεματίσαι*
1105 4252 1354 4323 ἐκπέμψαι
1386 4251 1437 4306 δέ
1480 4253 1561 4304 καί
1592 4252 1655 4303 τά
1691 4245 1780 4301 ἶσα
1819 4255 1918 4300 τῶν
1952 4246 2096 4319 παρά

542 4354 634 4406 τῆς
655 4355 751 4406 σῆς
778 4346 1145 4420 μακαριότητος
1168 4344 1359 4402 ταύτης
1384 4342 1527 4395 ἕνεκα
1558 4346 1649 4398 τῆς
1675 4340 1839 4396 αἰτίας
1876 4357 2096 4409 πραττο·

544 4446 718 4514 μένων,
747 4448 827 4496 καὶ
859 4444 984 4517 πρὸς
1026 4442 1146 4498 τούς
1184 4438 1362 4499 ἄλλους
1394 4438 1623 4496 ἅπαντας
1650 4436 1960 4507 άγιωτάτους
1989 4432 2097 4488 ἐπι-

542 4534 789 4596 σκόπους,
826 4535 907 4586 καί
942 4540 1040 4585 τῶν
1077 4532 1267 4601 εύαγῶν
1293 4532 1635 4604 μοναστηρίων
1670 4527 1994 4596 ἡγουμένους*
2025 4526 2097 4594 ἐφ’

2169 649 2394 747 spectet.
2427 649 2622 728 verum
2666 669 2917 738 improbae
2944 663 3121 718 saeculi
3148 658 3305 729 hujus
3331 655 3632 723 voluptates
3657 649 3729 703 ah

2171 767 2369 823 umbris
2396 763 2718 829 somniisque
2746 757 2875 812 nihil
2914 752 3190 816 dill‘erunt;
3238 748 3542 818 priusquam
3584 741 3731 796 enim

2171 863 2449 927 peccatum
2473 852 2539 905 ad
2563 851 2719 903 linem
2741 843 3058 917 pervenerit,
3083 836 3432 904 exstinguitur
3453 830 3730 899 voluptas;

2171 944 2549 1015 suppliciorum
2596 953 2751 1001 vero,
2792 949 2911 1004 quas
2955 946 3052 1001 pro
3100 926 3307 994 ﬂagitiis
3351 920 3729 988 suscipiuntur,
3804 974 3817 995 ς

2173 1000 2347 1089 nullus
2386 1039 2469 1085 est
2497 1029 2635 1084 linis.
2674 1045 2692 1079 ι
2739 1000 2988 1093 Ejusdem
3003 1035 3084 1074 ex
3119 1011 3518 1072 commentariis
3543 1009 3595 1061 iu
3622 1006 3732 1075 pri—

2174 1138 2314 1179 mam
2336 1121 2401 1177 ad
2421 1117 2725 1173 Corinthios
2740 1111 3063 1183 Epistolam:
3095 1125 3114 1158 ι
3143 1105 3257 1159 Non
3278 1102 3409 1156 levis
3434 1098 3587 1153 nobis
3611 1096 3735 1151 hinc

2174 1209 2447 1279 proposita
2475 1203 2696 1274 quaestio
2710 1197 2924 1268 est,sed
2948 1197 3016 1251 de
3042 1195 3202 1250 rebus
3216 1190 3372 1244 valde
3398 1184 3730 1241 necessariis.

2177 1301 2431 1368 Quaerunt
2454 1311 2638 1353 omnes
2662 1293 2938 1357 homines,
2974 1290 3108 1358 ignis
3133 1286 3387 1355 gehennae
3412 1282 3549 1337 sitne
3578 1278 3737 1332 linem

2178 1390 2454 1444 habiturus
2498 1403 2510 1439 :
2551 1400 2658 1440 non
2707 1383 3008 1437 habiturum
3057 1372 3418 1448 pronuntiavit
3461 1367 3735 1425 Dominus,

2178 1494 2299 1534 cum
2330 1475 2535 1530 diceret
2558 1490 2572 1527 :
2598 1472 2744 1543 Ignis
2770 1486 2944 1524 eorum
2970 1485 3072 1522 non
3092 1465 3457 1533 exstinguetur,
3486 1466 3538 1512 et
3558 1459 3740 1511 vermis

2180 1585 2355 1623 eorum
2379 1582 2483 1620 non
2504 1566 2748 1619 morietur
2780 1560 2971 1633 (Marc.
2996 1557 3092 1627 ix).
3125 1554 3318 1608 Paulus
3342 1566 3468 1606 vero
3496 1563 3617 1603 eum
3645 1561 3739 1615 pe-

2182 1670 2403 1712 rennem
2446 1653 2735 1709 ostendens
2773 1651 2847 1704 ait
2875 1667 2888 1702 :
2922 1647 3222 1701 Peccalores
3264 1657 3439 1713 poenas
3467 1639 3659 1692 dabunt
3683 1638 3741 1689 in

2180 1746 2389 1800 interitu
2414 1754 2631 1801 (eterna:
2662 1740 2747 1811 (11
2773 1739 2950 1793 Thess.
2976 1736 3036 1807 ι).
3065 1754 3084 1788 ι
3115 1734 3289 1800 Quare
3308 1745 3426 1786 cum
3448 1728 3623 1783 divina
3645 1741 3744 1781 nos

2184 1834 2459 1904 Scriptura
2499 1832 2777 1899 sanctique
2813 1828 3000 1884 Patres
3041 1825 3335 1888 edoceant,
3358 1820 3556 1875 nullum
3584 1818 3743 1873 linem

2113 1942 2162 2001 Β
2188 1944 2305 1983 esse
2340 1927 2623 1997 impiorum
2662 1921 2949 1993 supplicii,
2981 1918 3384 1982 dtemonumque
3420 1913 3510 1981 qui
3546 1910 3612 1964 ab
3640 1909 3747 1963 illis

2185 2020 2434 2074 coluntur
2466 2034 2480 2069 :
2508 2030 2666 2084 quam
2694 2011 3084 2068 restitutionem
3113 2005 3486 2073 imaginantur,
3504 2000 3594 2070 qui
3621 2014 3749 2053 cum

2184 2103 2415 2175 Origene
2443 2106 2700 2170 sentiunt,
2723 2101 2813 2156 ubi
2841 2097 3219 2169 suppliciorum
3240 2091 3416 2147 nullus
3438 2098 3519 2145 est
3539 2088 3747 2143 exitus?

2184 2196 2379 2252 Sancta
2406 2194 2550 2250 enim
2591 2190 2789 2247 Christi
2828 2186 3063 2243 Ecclesia
3082 2226 3098 2253 ,
3126 2179 3569 2252 quemadmodum
3590 2175 3750 2245 justis

2186 2288 2575 2343 indesinentem
2622 2283 2872 2353 praedicat
2922 2280 3086 2333 vitam
3130 2284 3382 2330 aeternam
3408 2313 3424 2339 ,
3453 2271 3525 2324 ita
3557 2270 3751 2338 impios

2186 2384 2445 2448 perpetuo
2462 2376 2481 2395 ‘
2507 2371 2761 2443 supplicia
2787 2382 3002 2423 manere
3025 2364 3202 2420 tradit.
3216 2363 3388 2430 Atque
3412 2361 3525 2414 hmo
3535 2359 3748 2427 quidem

2188 2447 2245 2523 in
2271 2468 2372 2520 his.
2420 2463 2527 2519 Nos
2552 2475 2714 2532 porro
2742 2473 2943 2529 paucas
2961 2472 2993 2511 e
3019 2452 3217 2509 multis.
3240 2450 3429 2505 divinae
3464 2447 3749 2517 Scriptura:

2189 2566 2600 2624 sanctorumque
2628 2552 2843 2607 Patrum
2871 2545 3271 2603 auctoritatibus
3296 2540 3593 2596 alferendas
3631 2553 3752 2595 esse

2190 2649 2557 2722 perspeximus
2575 2687 2591 2714 ,
2619 2644 2687 2700 ad
2713 2638 3089 2700 confutandam
3117 2636 3531 2706 Origenistarum
3558 2632 3749 2703 impie-

2191 2747 2377 2795 tatem.

2259 2831 2393 2886 Cum
2436 2838 2615 2884 autem
2668 2826 2889 2881 velimus
2916 2836 3077 2879 omne
3103 2818 3405 2876 scandalum
3432 2831 3464 2871 a
3510 2810 3739 2871 sanctis.-

2190 2920 2327 2975 sima
2372 2917 2607 2973 Ecclesia
2635 2913 2969 2984 propulsare,
3000 2918 3059 2964 ut
3086 2907 3228 2963 nulla
3258 2907 3309 2960 in
3339 2920 3402 2959 ea
3428 2902 3636 2957 macula
3662 2915 3749 2956 re-

2196 3010 2491 3078 linquatur;
2518 3007 2878 3074 obsequentes
2913 2999 3104 3055 divinis
3131 2995 3418 3065 Scripturis
3445 2991 3749 3059 sanctisque

2195 3100 2441 3154 Patribus
2468 3098 2557 3166 qui
2587 3097 2760 3166 ipsum
2786 3094 3069 3161 Origenem
3098 3104 3162 3144 ac
3180 3084 3483 3156 huiusmodi
3513 3082 3750 3136 scelera-

2195 3199 2299 3243 tam
2321 3189 2644 3258 impiatuque
2679 3184 2793 3254 ejus
2821 3182 3119 3238 doctrinam
3150 3178 3517 3249 proﬂigarunt,
3547 3189 3610 3227 ac
3632 3172 3750 3240 jure

2197 3280 2521 3336 anathemati
2548 3279 2908 3346 subjecerunt,
2924 3273 3063 3327 hanc
3081 3269 3359 3342 epistolam
3382 3266 3452 3321 ad
3470 3274 3614 3318 tuam
3633 3263 3749 3317 bea-

2196 3369 2478 3425 titudinem
2524 3366 2784 3430 dedimus,
2813 3378 2916 3432 qua
2962 3376 3081 3416 eam
3127 3360 3405 3413 hortamur
3429 3363 3488 3410 ut
3515 3353 3749 3409 omnium

2193 3460 2284 3530 qui
2330 3459 2383 3513 in
2420 3458 2521 3511 hac
2561 3454 2707 3522 regia
2733 3453 2863 3508 urbe
2890 3464 3031 3504 nunc
3057 3448 3275 3515 degunt,
3298 3441 3751 3499 sanetissimorum

2194 3550 2564 3622 episcoporum
2589 3550 2908 3601 conventum
2936 3541 3158 3602 habeat,
3197 3552 3264 3591 ac
3290 3535 3398 3589 Deo
3432 3530 3751 3588 amabilissi-

2194 3653 2402 3693 morum
2431 3635 2798 3706 praefectorum
2825 3630 3044 3696 sanctis,
3067 3642 3183 3696 quae
3207 3627 3293 3681 hic
3319 3633 3460 3687 sunt,
3488 3629 3753 3677 monaste-

2197 3730 2311 3794 riis,
2344 3728 2608 3795 faciatque
2628 3733 2687 3779 ut
2705 3737 2889 3778 omnes
2910 3721 2963 3774 in
2990 3718 3202 3788 scriptis
3230 3714 3505 3788 przel‘atum
3534 3711 3759 3781 impium

2196 3838 2260 3877 ac
2284 3821 2395 3875 Deo
2422 3822 2803 3887 repugnantem
2847 3810 3127 3879 Origenem
3146 3849 3162 3876 ,
3186 3808 3275 3877 qui
3304 3814 3358 3860 et
3384 3802 3749 3861 Adamantius.

2196 3910 2287 3979 qui
2339 3909 2616 3979 presbyter
2671 3904 2766 3957 fuit
2824 3899 3165 3957 sanctissimae
3226 3893 3475 3949 Ecclesiae
3526 3891 3759 3945 Alexan.

2198 3998 2350 4064 driae,
2381 4012 2443 4051 ac
2472 3996 2588 4064 ejus
2614 3991 2816 4046 nefaria
2839 3988 3104 4058 impiaque
3131 3985 3395 4052 dogmata,
3418 3979 3754 4049 capitulaque

2198 4087 2377 4141 omnia
2399 4100 2516 4153 quae
2537 4082 2755 4137 inferius
2786 4086 3077 4150 ponuntur,
3100 4072 3417 4130 omnimodis
3445 4070 3756 4124 anathema-

2201 4177 2368 4230 tizent
2397 4193 2410 4227 :
2442 4172 2789 4241 exemplaque
2824 4169 3059 4223 dimittas
3106 4180 3289 4220 eorum
3318 4177 3436 4231 qua:
3460 4176 3490 4215 a
3521 4160 3753 4215 beatitu-

2203 4265 2329 4319 dine
2358 4271 2446 4317 tua
2475 4262 2544 4316 ob
2573 4261 2711 4313 hanc
2732 4272 2944 4313 causam
2973 4263 3121 4323 gesta
3150 4253 3364 4314 fuerint,
3389 4250 3456 4305 ad
3474 4250 3611 4303 alios
3636 4262 3754 4302 om-

2201 4369 2299 4407 nes
2343 4350 2703 4405 sanctissimos
2757 4348 3035 4416 episcopos
3078 4344 3459 4413 prmfectosque
3479 4337 3757 4393 venerabi-

2204 4444 2331 4497 linm
2362 4439 2807 4495 monasteriorum
2833 4454 2846 4489 :
2880 4444 2940 4490 ut
2965 4443 3020 4489 et
3069 4433 3167 4502 ipsi
3218 4429 3606 4499 subscriptione
3633 4443 3758 4497 pro-

2203 4531 2319 4601 pria
2385 4528 2832 4583 anathematizent
2892 4524 3170 4591 Origenem
3237 4520 3567 4586 scelestaque
3644 4515 3758 4583 ejus

544 4620 637 4694 ᾦτε
667 4626 749 4676 καί
766 4624 953 4681 αύτούς
975 4620 1037 4675 δι’
1057 4622 1239 4679 οἰκείας
1263 4620 1551 4692 ὑπογραφῆς
1581 4617 1939 4687 ἀναθεματίσαι
1964 4612 2089 4687 Ὠρι-

2206 4621 2471 4688 dogmata,
2497 4632 2619 4671 cum
2639 4615 2883 4670 omnibus
2901 4613 2992 4680 qui
3016 4609 3443 4672 declarabuntur,
3474 4605 3754 4659 haereticis.

542 4714 702 4781 γένην,
727 4712 891 4766 καὶτὰ
931 4712 1140 4785 μυσαρά
1167 4711 1325 4765 αὐτοῦ
1350 4707 1594 4779 δόγματα,
1628 4707 1755 4775 μετά
1783 4704 1981 4759 πάντων
2000 4711 2098 4757 τῶν

543 4802 957 4872 δηλωθησομένων
982 4802 1258 4876 αἱρετικῶν·
1284 4805 1377 4855 τοῦ
1410 4800 1587 4853 λοιποῦ
1621 4797 1672 4851 δέ
1700 4802 1769 4866 μή
1798 4795 1956 4855 ἄλλως
1992 4796 2101 4849 έπε-

543 4892 764 4952 σκόπους
799 4892 1218 4964 χειροτονεῖσθαι,
1258 4890 1289 4948 ἦ
1327 4889 1674 4962 μοναστηρίων
1713 4888 2034 4958 ἡγουμένους,
2059 4888 2102 4937 εἰ

545 4986 737 5047 μήποτε
761 4982 999 5055 πρότερον
1023 4982 1152 5051 μετά
1178 4986 1276 5033 τῶν
1295 4975 1449 5032 ἄλλων
1471 4978 1701 5031 άπᾶντων
1725 4977 1982 5048 αἰρετικῶν
2004 4981 2101 5028 τῶν

545 5073 595 5133 ἐξ
626 5068 770 5129 ἔθους
809 5072 859 5124 ἐν
893 5079 1004 5128 τοῖς
1030 5071 1313 5141 γενομένοις
1332 5067 1567 5127 λιϐέλλοις
1592 5064 2098 5134 άναθεματιζομένων,

545 5161 777 5212 τουτέστι
820 5158 1111 5223 Σαϐελλίου,
1137 5156 1347 5231 Ἀρείου,
1375 5154 1762 5227 ’Δπολλιναρίου,
1805 5156 2100 5225 Νεστορίου,

546 5248 828 5314 Εὐτυχοῦς,
852 5246 1141 5319 Διοσκόρου,
1164 5246 1402 5313 Τιμοθέου
1421 5251 1510 5300 τοῦ
1532 5244 1791 5317 Δίλούρου,
1816 5244 1897 5295 καί
1914 5243 2102 5313 Πέτρου

546 5340 636 5388 τοῦ
662 5339 879 5404 Μογγοῦ,
909 5337 991 5388 καί
1013 5335 1235 5407 ’Δνθίμου
1263 5338 1642 5408 Τραπεζοῦντος
1661 5373 1675 5394 ,
1706 5330 1974 5387 Θεοδοσίου
2012 5338 2101 5385 τοῦ

548 5421 921 5496 Ἀλεξανδρέως,
944 5426 1130 5497 Πέτρου
1154 5428 1245 5476 τοῦ
1273 5425 1446 5494 πρώην
1460 5420 1790 5490 ’Δντιοχείας,
1820 5422 1901 5473 καί
1921 5420 2102 5491 Πέτρου

546 5519 637 5565 τοῦ
661 5510 962 5583 ’Δπαμείας,
1006 5516 1091 5565 καί
1117 5513 1331 5585 Σεϐήρου
1371 5516 1462 5566 τοῦ
1489 5530 1613 5565 ποτε
1645 5508 1983 5578 ’Δντιοχείας,
2014 5510 2104 5561 καί

545 5601 631 5655 τὸν
659 5603 907 5676 εἰρημένον
946 5602 1194 5672 Ὧριγένην
1231 5604 1319 5656 τὸν
1362 5605 1449 5659 τήν
1474 5599 1745 5657 ιἙλληνικήν
1782 5602 1862 5653 καί
1905 5595 2097 5674 ’Δρεια-

546 5694 677 5748 νικῆν
716 5693 893 5761 μανίαν
922 5695 1218 5755 νοσήσαντα,
1245 5692 1374 5762 μετά
1414 5697 1512 5744 τῶν
1538 5691 1690 5745 αὐτοῦ
1728 5696 1970 5763 μυσαρῶν
2019 5692 2098 5743 καί

2202 4712 2263 4766 1η
2306 4717 2576 4778 posterum
2607 4713 2807 4767 autem,
2860 4717 2929 4756 ne
2956 4702 3109 4754 aliter
3136 4697 3450 4752 ordinentur
3496 4692 3756 4763 episcopi,

2203 4806 2295 4854 aut
2319 4794 2761 4853 monasteriorum
2790 4790 3043 4860 praefecti,
3068 4787 3164 4841 nisi
3187 4786 3331 4855 prius
3356 4799 3476 4839 cum
3498 4783 3614 4835 aliis
3638 4798 3757 4836 om-

2202 4890 2358 4945 nibus
2386 4887 2671 4953 htereticis,
2698 4884 2788 4953 qui
2817 4882 2883 4937 de
2913 4896 3061 4935 more
3108 4880 3161 4934 in
3202 4877 3357 4933 editis
3398 4874 3590 4929 libellis
3631 4889 3757 4926 ana-

2203 4978 2630 5038 thematizantur,
2664 4974 2714 5027 id
2754 4981 2859 5035 est,
2907 4969 3157 5032 Sabellio,
3204 4967 3350 5027 Ario,
3394 4964 3756 5034 Apollinario,

2203 5067 2468 5129 Nestorio,
2498 5063 2753 5134 Eutyche,
2784 5061 3070 5119 Dioscoro.
3122 5056 3402 5111 Timotheo
3455 5052 3676 5113 Eluro.
3706 5062 3759 5106 et

2203 5157 2363 5211 Petro
2411 5155 2619 5223 Moggo,
2667 5160 2721 5206 et
2764 5148 3014 5205 Anthimo
3059 5143 3427 5214 Trapezuntis,
3455 5142 3760 5196 Theodosio

2204 5243 2557 5303 Alexandrize,
2590 5241 2749 5294 Petro
2777 5236 2869 5305 qui
2912 5234 3015 5288 fuit
3052 5232 3363 5296 Antiochiae,
3391 5240 3446 5285 et
3473 5229 3635 5284 Petro
3666 5231 3758 5298 qui

2206 5335 2491 5402 Apamea},
2550 5338 2604 5384 et
2651 5328 2850 5382 Severo
2895 5324 3024 5378 olim
3070 5320 3400 5383 Antiochiae,
3446 5317 3758 5387 praedictum

2204 5420 2363 5474 etiam
2391 5417 2690 5485 Origenem,
2722 5413 2812 5481 qui
2850 5424 3174 5480 paganorum
3222 5408 3648 5474 Arianorumque
3676 5406 3757 5459 in-

2203 5510 2350 5566 sania
2378 5507 2666 5574 laboravit,
2704 5520 2806 5558 una
2852 5517 2969 5556 cum
3017 5498 3431 5554 exsecrabilibus
3478 5498 3759 5565 impiisque

2202 5598 2319 5667 ejus
2337 5596 2672 5665 dogmatibus
2694 5588 3160 5647 anathematizent.
3184 5583 3440 5640 Omnibus
3460 5585 3600 5638 enim
3625 5600 3758 5651 prae-

2201 5685 2482 5742 dicendum
2530 5691 2629 5750 est,
2660 5696 2727 5736 ne
2772 5677 2988 5735 omnino
3033 5675 3310 5745 quisquam
3359 5673 3551 5726 audeat
3598 5671 3757 5728 talem

624 5868 640 5894 ⁸
680 5860 748 5918 llt
777 5864 979 5934 legatur
1002 5872 1245 5935 perpetua
1275 5866 1512 5936 syntaxis
1541 5873 1593 5919 et
1621 5864 1832 5920 Grzecns
1855 5870 2028 5918 textus
2055 5859 2343 5931 postulant.
2376 5856 2524 5911 Eutr.
