4112 6548
350 455 456 518 98.

1423 455 1651 513 LIBER
1689 453 2081 514 ADVERSUS
2117 453 2536 514 ORIGENEM.

3455 458 3562 522 982

362 553 559 607 ασεϐὦν
578 555 839 626 δογμάτων
865 557 1264 628 ἁναθεματίσωσι
1287 574 1299 586 ⁸
1329 555 1406 610 δεῖ
1425 559 1519 628 γάρ
1554 555 1714 610 ἅπασι
1752 578 1910 632 προα-

2013 558 2338 624 haereticum,
2367 569 2455 612 aut
2484 561 2597 626 ejus
2618 561 2976 627 expositiones
3015 561 3313 627 defendere,
3345 562 3437 618 sed
3468 578 3564 620 sas

361 651 600 717 γορεῦσαι
621 655 716 701 τοῦ
744 648 927 716 μηδένα
947 651 1131 720 τολμᾷν
1161 650 1405 708 παντελῶς
1430 651 1786 702 ἀντιποιεῖσθαι
1819 655 1910 702 τοῦ

361 738 590 789 τοιούτου
613 744 891 811 αζρετικοῦ,
921 738 950 795 ἦ
979 745 1074 792 τῶν
1098 739 1252 790 αὐτοῦ
1281 738 1538 797 ἐκθέσεων,
1576 737 1696 789 ἀλλὰ
1719 733 1909 794 ταύτας

360 825 566 877 ἕκαστον
591 827 642 878 ἔκ
679 828 848 885 πάσης
872 826 1073 897 ψυχῆς,
1104 829 1182 880 καί
1213 829 1380 885 πάσης
1421 825 1635 885 διανοίας
1664 833 1822 890 μισεῖν
1855 845 1907 878 τε

360 916 438 966 καί
461 916 881 988 ἀποστρέφεσθαι,
913 917 994 968 καί
1023 918 1407 984 ἀναθεματίζειν,
1442 912 1521 968 οἷα
1549 923 1642 974 τῆς
1670 926 1908 988 Χριστια-

361 1013 494 1063 νικῆς
517 1004 848 1079 παραδόσεως
877 1008 1135 1080 ἀλλοτρίας
1171 1008 1513 1068 καθεστώσας,
1553 1008 1634 1058 καί
1669 1013 1777 1064 ταῖς
1812 1012 1912 1059 τῶν

359 1089 713 1166 ἁπλουστέρων
742 1093 941 1162 ψυχαῖς
973 1094 1185 1165 μεγάλην
1205 1093 1535 1165 ἔργαζομένας
1558 1093 1734 1161 λύμην.

430 1187 600 1235 Ταῦτα
638 1181 689 1235 δὲ
720 1182 847 1235 αῦτά
875 1188 1249 1255 γεγραφήκαμεν
1277 1185 1331 1236 οὐ
1359 1184 1504 1251 μόνον
1541 1183 1668 1256 πρὸς
1693 1186 1784 1238 τὴν
1819 1186 1911 1239 σήν

358 1273 660 1340 ἁγιωσύνην.
700 1272 822 1324 ἀλλὰ
849 1277 929 1324 καί
957 1274 1085 1346 πρὸς
1120 1275 1204 1325 τὸν
1244 1271 1534 1341 ἁγιώτατον,
1561 1273 1639 1323 καί
1662 1269 1912 1342 μακαρεῶ-

357 1380 510 1412 τατον
544 1361 715 1413 πάπαν
742 1368 825 1419 τῆς
854 1361 1209 1435 πρεσϐυτέρας
1237 1363 1451 1427 Ῥώμης,
1479 1360 1557 1412 καί
1584 1358 1912 1430 πατριάρχην

360 1450 584 1516 Βεγίλιον,
614 1452 694 1503 καί
714 1453 830 1510 τοὺς
872 1450 1072 1510 λοιποὺς
1105 1450 1329 1509 ἅπαντας
1356 1449 1572 1521 ἁγιωτάτ
1585 1470 1671 1509 ους
1709 1449 1910 1501 ἐπισκό-

356 1560 486 1598 πους
507 1543 591 1592 καί
610 1543 964 1614 πατριάρχας,
995 1543 1252 1596 τουτέστιν
1278 1539 1658 1614 ’Δλεξανδρείας,
1691 1538 1911 1593 Θεουπό·

355 1627 499 1688 λεως,
527 1630 608 1680 καί
647 1626 1013 1703 Ἰεροσολύμων,
1068 1631 1198 1683 ὥστε
1237 1632 1318 1682 καὶ
1355 1631 1543 1687 αὐτοὺς
1572 1627 1803 1701 πρόνοιαν
1832 1628 1909 1679 θέ-

358 1719 473 1769 σθαι
499 1725 569 1781 τῦ
610 1714 762 1790 ἴργῳ,
797 1721 881 1770 καί
921 1719 1104 1790 πίρατε
1142 1724 1304 1772 ταῦτα
1336 1715 1697 1791 παραδοθῆναι.
1740 1715 1911 1768 Βουλό-

357 1826 493 1871 μενοι
521 1805 572 1860 δί
599 1809 794 1868 πάντας
819 1810 935 1868 τοὺς
955 1811 1284 1883 Χριστιανοὺς
1311 1816 1510 1877 γνῶναι.
1541 1809 1606 1866 ὠς
1635 1809 1700 1861 τά
1729 1807 1913 1877 Ὠριγέ-

2012 648 2372 715 unusquisque
2398 663 2461 701 ex
2484 656 2598 700 toto
2625 647 2800 700 animo
2830 657 2882 700 et
2906 656 3015 703 tota
3036 652 3355 716 cogitatione
3383 651 3561 707 oderit

2010 746 2066 790 et
2093 747 2385 801 aversetur,
2414 747 2470 792 et
2499 740 2926 804 anathematizct,
2957 750 3016 794 ut
3060 757 3090 794 a
3117 741 3415 796 Christiana
3453 756 3559 797 tra-

2010 827 2211 880 ditione
2239 829 2460 894 alienas,
2505 837 2560 881 et
2599 829 2980 894 simpliciorum
3023 831 3300 886 animabus
3344 843 3560 900 gravem

2011 912 2291 969 afferentes
2317 915 2455 970 luem
2485 930 2548 970 ac
2573 925 2797 985 pestem.

2078 1178 2202 1236 Haec
2221 1196 2382 1249 pon'o
2410 1184 2596 1238 eadem
2623 1189 2930 1255 scripsimus
2971 1202 3076 1241 non
3105 1188 3277 1242 solum
3317 1187 3380 1240 ad
3409 1201 3562 1241 sanc-

2010 1269 2216 1323 titatem
2249 1277 2410 1334 tuam,
2439 1272 2532 1326 sed
2553 1275 2713 1328 etiam
2743 1275 2806 1328 ad
2827 1275 3214 1330 sanctissimum
3243 1283 3296 1328 et
3315 1274 3559 1329 beatissi-

2009 1370 2152 1408 mum
2174 1371 2364 1425 papam
2390 1360 2612 1414 senioris
2641 1361 2822 1416 Romae
2845 1371 2898 1416 et
2920 1361 3276 1431 patriarcliam
3296 1360 3560 1429 Vigilium,

2009 1453 2064 1498 et
2089 1445 2154 1498 ad
2179 1455 2403 1502 caeteros
2431 1464 2618 1505 omnes
2654 1453 3016 1506 sanctissimos
3056 1452 3337 1522 episcopos
3364 1459 3422 1505 et
3467 1467 3561 1519 pa-

2010 1535 2288 1604 triarchas,
2320 1537 2374 1592 id
2402 1547 2505 1607 est,
2535 1539 2886 1607 Alexandriae,
2912 1542 3266 1611 Theopoleos,
3295 1549 3350 1595 et
3379 1539 3563 1594 Hiero-

2010 1623 2356 1692 solymorum,
2387 1635 2446 1681 ut
2467 1637 2520 1682 et
2549 1630 2602 1682 lii
2632 1630 2756 1684 huic
2783 1631 2860 1684 rei
2889 1630 3231 1700 prospiciam,
3256 1637 3310 1683 et
3353 1629 3465 1682 hzec
3497 1627 3560 1679 li-

2010 1727 2128 1765 nem
2155 1715 2531 1783 adipiscantur.
2563 1717 2694 1773 Cum
2725 1736 2855 1774 vero
2883 1720 3180 1789 cupiamus,
3209 1733 3393 1776 omnes
3414 1717 3562 1772 Chri-

2009 1803 2211 1858 stianos
2231 1819 2558 1873 cognoscere
2603 1811 2797 1878 scripta
2850 1811 3089 1878 Origenis
3132 1826 3348 1880 prorsus
3379 1825 3410 1863 a
3436 1824 3563 1868 vera

353 1916 470 1956 νους
490 1901 908 1970 συγγεγραμμένα
934 1900 1184 1959 παντελῶς
1205 1900 1438 1972 ἀλλότρια
1465 1908 1554 1958 τῆς
1579 1899 1786 1956 ἀληθοῦς
1812 1905 1909 1952 τῶν

2013 1890 2431 1947 Christianorum
2461 1895 2562 1951 fide
2592 1897 2762 1952 aliena
2785 1914 2920 1964 esse,
2953 1915 3021 1953 ex
3046 1899 3222 1954 multis
3257 1898 3559 1953 immensis-

356 1993 662 2058 Χριστιανῶν
698 1991 948 2059 τυγχάνει
985 1992 1227 2051 πίστεως,
1258 1987 1545 2057 συνείδομεν
1581 1989 1633 2040 ίκ
1672 1995 1768 2039 τῶν
1791 1987 1906 2040 πολ·

357 2075 447 2126 λῶν
466 2075 617 2128 αὑτοῦ
644 2079 729 2128 καί
753 2078 975 2153 ἀμέτρων
998 2078 1322 2149 βλασφημιῶν
1360 2077 1526 2149 ὀλίγας
1563 2077 1639 2129 ἐπ’
1666 2077 1817 2136 αὐτῆς
1838 2076 1909 2128 λὲο

354 2164 474 2224 ξεως
495 2165 809 2238 παραθεῖναι.
830 2161 1048 2233 Ἐχουσι
1071 2163 1124 2219 δέ
1146 2165 1332 2224 οῦτως.

356 2271 466 2330 ὀτι
493 2277 652 2351 ἥττων
679 2275 704 2330 ὁ
727 2277 834 2351 uio:
855 2282 944 2351 τοῦ
971 2279 1183 2351 πατρὸς,
1209 2271 1292 2331 καί
1322 2277 1386 2351 ,τὸ
1415 2282 1734 2351 πνεῦμαῌτοῦ
1774 2275 1906 2341 υίοῦ,

493 2347 546 2397 ἐκ
573 2352 662 2398 τοῦ
698 2349 902 2420 πρώτου
933 2346 1187 2416 ).ὁγου”τοῦ
1215 2350 1332 2420 περί
1355 2349 1534 2421 ἀρχῶν
1551 2347 1766 2418 βιϐλίου.

423 2453 536 2508 Ὀτι
563 2454 588 2507 ὁ
609 2457 698 2525 μὲν
726 2457 846 2515 Θεὸς
887 2459 971 2510 καί
997 2461 1165 2530 πατὴρ
1189 2459 1421 2526 συνέχων
1456 2459 1522 2512 τά
1556 2457 1720 2511 πάντα
1746 2458 1911 2527 φθάνει

356 2545 426 2600 εἰς
445 2543 654 2598 ἕκαστον
677 2551 775 2598 τῶν
801 2542 972 2607 ὄντων,
999 2544 1293 2615 μεταδιδοὺς
1319 2547 1512 2617 ἑκάστῳ
1542 2548 1642 2601 ἀπὸ
1671 2553 1758 2601 τοῦ
1781 2546 1906 2600 ἰδίου

2020 1996 2126 2048 que
2146 1982 2260 2051 ejus
2283 1985 2626 2054 blasphemiis
2663 2005 2858 2058 paucas
2889 1989 2958 2043 ad
2981 1992 3199 2045 verbum
3227 1989 3564 2060 apponendas

2009 2085 2126 2126 esse
2148 2074 2464 2130 censuimus.
2497 2074 2586 2130 Sic
2613 2085 2789 2132 autem
2820 2079 3033 2133 habent.

2108 2265 2258 2330 Quod
2284 2268 2450 2322 minor
2474 2271 2539 2322 sit
2569 2268 2736 2323 Filius
2758 2270 2932 2332 Patre,
2956 2282 3003 2324 et
3032 2271 3253 2336 Spiritus
3284 2271 3447 2338 Filio,

2396 2355 2424 2391 e
2451 2339 2616 2407 primo
2659 2338 2789 2393 libro
2832 2340 3185 2395 Periure/ton.

2076 2447 2230 2515 Quod
2255 2448 2394 2503 Deus
2420 2449 2632 2518 quidem
2680 2458 2736 2504 et
2763 2449 2921 2504 Pater
2947 2465 3124 2504 omnia
3168 2449 3465 2512 continens,
3496 2449 3561 2504 ad

2007 2540 2419 2608 unumquodque
2467 2541 2668 2594 entium
2697 2542 2968 2610 pervenit,
3009 2557 3126 2596 esse
3154 2542 3435 2608 unicuique
3459 2542 3561 2596 im-

356 2634 410 2686 τὸ
431 2628 570 2687 εἶναι.
593 2631 656 2702 ⁷ῼ
676 2637 774 2707 γάρ
805 2636 940 2691 ἐστιν
969 2635 1207 2692 ἔλαττονο
1245 2640 1311 2696 ὡς
1339 2636 1390 2690 δὲ
1416 2640 1556 2712 παρά
1590 2635 1684 2707 [ῗσ.
1719 2635 1782 2690 ὧν
1810 2638 1907 2712 γαρ

2012 2632 2241 2700 pertiens
2263 2631 2328 2685 de
2355 2647 2483 2697 suo;
2508 2641 2532 2669 ⁸
2561 2647 2677 2686 esse
2701 2634 2842 2687 enim
2865 2641 2948 2687 est
2967 2634 3144 2688 minus
3157 2634 3359 2702 :pquoad
3381 2649 3561 2688 verum

356 2727 516 2780 ἐστιν·
545 2726 758 2780 ἐλάττων
797 2725 850 2780 δέ
877 2726 1036 2801 παρὰ]
1083 2729 1168 2781 τὸν
1209 2730 1407 2801 πατέρα
1435 2728 1459 2782 ὁ
1483 2728 1587 2788 υίὸς
1611 2730 1794 2799 φθάνων
1829 2728 1911 2781 ἐπί

358 2815 478 2883 μόνα
511 2819 574 2870 τά
601 2816 784 2886 λογικά,
827 2814 1057 2890 δεύτερος
1089 2819 1188 2890 γάρ
1217 2816 1327 2872 ἔστι
1367 2825 1457 2874 τοῦ
1499 2819 1723 2887 πατρός⁶
1756 2817 1830 2872 ἴτε
1857 2816 1908 2872 δὲ

357 2903 498 2963 ἧττον
532 2906 587 2958 τὸ
619 2910 813 2975 πνεῦμα
841 2907 897 2960 τὸ
935 2906 1074 2978 ἅγιον
1105 2909 1188 2961 ἐπὶ
1223 2909 1404 2978 μόνους
1445 2910 1564 2968 τοὺς
1587 2908 1761 2978 ἁγίους
1791 2911 1910 2966 διῖκ-

360 2995 600 3062 δούμενον.
627 2991 781 3048 Ὠστε
823 2997 951 3048 κατά
987 3003 1135 3049 τοῦτο
1167 2999 1345 3065 μείζων
1371 2998 1401 3054 ἦ
1439 2995 1648 3070 δύναμις
1689 3005 1778 3052 τοῦ
1816 3021 1911 3052 πα·

359 3084 473 3154 τρὸς
501 3086 636 3154 παρά
659 3086 747 3136 τὸν
772 3085 897 3142 υἱὸν.
928 3088 1012 3138 καί
1049 3087 1105 3138 τὸ
1133 3093 1332 3152 πνεῦμα
1366 3089 1422 3140 τὸ
1451 3085 1608 3158 ἅγιον*
1639 3088 1816 3139 πλείων
1857 3087 1910 3142 δὲ

361 3175 386 3228 ὁ
415 3178 501 3225 τοῦ
528 3172 637 3224 υίοῦ
675 3174 816 3246 παρά
842 3175 898 3227 τὸ
941 3179 1136 3244 πνεῦμα
1163 3175 1219 3226 τὸ
1241 3173 1399 3244 ἅγιον
1427 3176 1508 3227 καί
1549 3174 1694 3229 πάλιν
1732 3173 1910 3247 διαφέ-

2009 2718 2220 2774 Patrem
2241 2719 2404 2774 Filius
2430 2721 2496 2774 ad
2521 2721 2633 2775 sola
2658 2722 2992 2776 rationabilia
3017 2722 3284 2792 pervenit;
3316 2729 3398 2776 est
3418 2722 3559 2776 enim

2007 2806 2271 2862 secundus
2297 2823 2326 2860 a
2361 2806 2552 2862 Patre:
2585 2808 2755 2863 adhuc
2784 2810 2944 2864 etiam
2996 2811 3170 2864 minor
3214 2819 3294 2865 est
3338 2809 3565 2880 Spiritus

2007 2906 2244 2962 sanctus,
2272 2897 2336 2951 ad
2367 2899 2511 2953 solos
2537 2908 2751 2954 sanctos
2774 2889 3108 2970 perveniens.
3132 2900 3207 2954 lta
3234 2916 3297 2954 ex
3323 2902 3423 2956 hoc
3450 2916 3565 2954 nia-

2005 2986 2090 3055 jor
2112 2997 2193 3040 est
2217 2995 2453 3056 potestas
2499 2986 2672 3043 Patris
2692 3001 2798 3054 pra:
2821 2986 2953 3043 Filio
2983 2997 3038 3043 et
3082 2988 3282 3058 Spiritu
3328 2997 3513 3043 sancto
3546 3005 3560 3040 :

2012 3077 2342 3145 ampliorque
2369 3077 2483 3130 Filii
2505 3093 2613 3148 pra:
2638 3078 2837 3146 Spiritu
2863 3086 3067 3143 sancto,
3098 3093 3160 3131 ac
3188 3093 3398 3133 rursqu
3426 3093 3560 3146 pra:-

2010 3166 2236 3220 stantior
2269 3166 2438 3220 sancti
2475 3165 2699 3237 Spiritus
2741 3177 2976 3237 potestas
3027 3183 3134 3236 pra:
3186 3168 3302 3222 aliis
3352 3167 3563 3222 entibus

361 3277 523 3330 ρουσα
561 3245 853 3328 μᾶλλονγτοῡ
881 3259 1023 3330 ἁγίου
1057 3258 1342 3325 πνεύματος
1381 3263 1410 3318 ἡ
1450 3259 1657 3330 δύναμις
1686 3245 1910 3336 mpera,
1939 3245 1986 3309 (ἶ
2015 3255 2232 3308 sanctis.

359 3345 482 3404 ἄλλα
510 3348 649 3420 ἅγια.

361 3453 468 3514 Ὀτι
491 3461 845 3533 πεπερασμένη
870 3460 1066 3533 infusi
1079 3466 1170 3516 τοῦ
1195 3470 1318 3516 Θεοῦ
1360 3463 1442 3516 καί
1469 3463 1660 3531 πατρὸς
1681 3462 1909 3533 δύναμις,

569 3529 631 3582 ἐκ
645 3537 731 3584 τοῦ
759 3529 990 3605 δευτέρου
1017 3530 1162 3601 λόγου
1192 3540 1282 3585 τοῦ
1313 3534 1470 3586 αὐτοῦ
1495 3529 1708 3601 βιϐλίου.

428 3643 806 3714 Πεπερασμένην
826 3643 925 3714 γάρ
953 3639 1075 3696 εἶναι
1100 3644 1184 3695 καί
1203 3647 1290 3700 τήν
1315 3641 1522 3712 δύναμιν
1542 3649 1632 3697 τοῦ
1661 3649 1783 3697 Θεοῦ
1807 3643 1913 3695 λεκ-

361 3729 489 3794 τέον,
528 3732 610 3782 καί
645 3731 702 3782 οὐ
741 3732 985 3802 προφάσει
1021 3732 1256 3800 εὐφημίας
1293 3735 1381 3788 τήν
1419 3735 1726 3806 περιγραφὴν
1761 3733 1912 3789 αὐτῆς

362 3819 713 3893 περιαιρετέον.
744 3822 861 3872 Καὶ
884 3815 1018 3887 μετ’
1046 3819 1248 3888 ὀλίγα’
1277 3820 1512 3875 Πεποίηκε
1555 3820 1656 3890 γάρ
1685 3825 1913 3873 τοσαῦτα

283 3968 289 3972 _
360 3905 591 3975 [τοίνυν]
639 3906 769 3961 ὅσων
813 3905 1028 3966 ἠδύνατο
1077 3905 1488 3981 περιδράξασθαι,
1522 3912 1604 3961 κοί
1649 3909 1789 3977 ἔχειν
1813 3911 1911 3963 ὑπὸ

364 4003 542 4065 χεῖρα,
574 4000 653 4049 καί
681 4004 990 4071 συγκρατείν
1028 3997 1128 4050 ὑπὸ
1156 4002 1242 4054 τὴν
1286 3997 1463 4051 ἑαυτοῦ
1505 3999 1764 4071 πρόνοιαν
1813 4002 1912 4052 ὧσ-

361 4105 457 4160 περ
487 4089 571 4139 καὶ
595 4088 846 4144 τοσαύτην
870 4087 986 4144 ὕλην
1009 4087 1395 4152 κατεσκεύασεν,
1421 4085 1542 4144 ὅσην
1568 4086 1781 4146 ἠδύνατο
1806 4087 1915 4142 δια-

363 4188 637 4250 κοσμῆσαι.

423 4293 521 4340 Τοῦ
545 4290 699 4342 αὐτοῦ
719 4288 770 4342 ἐκ
793 4298 884 4345 τοῦ
910 4294 1152 4368 τετάρτου
1181 4292 1325 4366 λόγου
1350 4299 1435 4348 τοῦ
1465 4294 1619 4348 αὐτοῦ
1648 4293 1860 4364 βιϐλίου.

432 4395 611 4459 Μηδεὶς
636 4398 687 4453 δὲ
713 4404 1073 4475 προσκοπτέτω
1105 4412 1175 4473 τῷ
1202 4404 1352 4475 λόγῳ,
1385 4406 1426 4456 εί
1454 4405 1612 4475 μίτρα
1640 4403 1914 4472 ἐπιτίθεμεν

364 4489 447 4538 καί
547 4495 633 4541 τοῦ
659 4497 782 4542 Θεοῦ
811 4488 1034 4560 δυνάμει.
1061 4490 1270 4568 ’Δπειρα
1297 4495 1394 4564 γὰρ
1421 4492 1706 4566 περιλαϐεῖν
1813 4492 1913 4561 ‘P‘s'

2017 3450 2164 3516 Quod
2191 3454 2339 3522 finita
2359 3466 2433 3509 est
2464 3454 2556 3508 Dei
2582 3465 2628 3508 et
2657 3456 2828 3510 Patris
2868 3464 3110 3524 potestas.
3135 3473 3163 3511 e
3190 3455 3408 3511 secundo
3433 3454 3567 3510 libro

2521 3527 2747 3595 ejusdem
2781 3527 3068 3580 voluminis.

2083 3635 2311 3690 Finitam
2339 3637 2480 3691 enim
2510 3651 2625 3690 esse
2671 3645 2724 3690 et
2750 3644 3068 3706 potestatem
3117 3636 3211 3690 Dei
3239 3633 3517 3690 dicendum
3550 3651 3565 3686 :

2014 3734 2415 3794 nec,pr:etextu
2466 3725 2666 3791 laudis,
2698 3727 3115 3794 circumscriptio
3167 3725 3282 3794 ejus
3334 3725 3566 3778 tollenda

2013 3825 2114 3873 est.
2146 3818 2216 3870 Et
2236 3819 2388 3887 paulo
2408 3826 2521 3887 post
2542 3835 2560 3872 :
2591 3818 2758 3870 Tanta
2787 3818 2925 3871 enim
2950 3817 3093 3881 fecit,
3120 3825 3314 3886 quanta
3335 3817 3431 3871 sub
3454 3831 3568 3868 ma-

2013 3924 2141 3961 num
2162 3906 2616 3974 comprehendere
2644 3916 2696 3960 et
2726 3907 2921 3960 habere
2953 3915 3181 3975 poterat,
3211 3915 3265 3960 et
3293 3907 3565 3961 continere

2013 3996 2110 4050 sub
2139 3995 2468 4064 providentia
2502 4010 2596 4049 sua
2622 4013 2634 4047 :
2660 3995 3103 4064 quemadmodum
3129 4003 3180 4049 et
3211 4003 3413 4048 tantam
3439 4009 3568 4048 con-

2012 4085 2205 4138 struxit
2242 4086 2536 4150 materiam,
2561 4093 2812 4154 quantam
2833 4086 3200 4142 administrare
3227 4094 3281 4141 et
3303 4101 3567 4141 exornare

2012 4184 2241 4246 poterat.

2151 4305 2399 4375 Ejusdem
2421 4322 2484 4360 ea:
2510 4315 2689 4376 quarto
2718 4306 2846 4362 libro
2874 4308 3100 4378 ejusdem
3137 4308 3422 4363 voluminis.

2080 4412 2247 4466 Nemo
2276 4421 2452 4466 autem
2477 4428 2722 4468 sermone
2745 4415 3060 4480 oﬂendatur,
3083 4416 3126 4469 si
3150 4416 3365 4470 modum
3386 4413 3567 4468 statui-

2011 4516 2129 4554 mus
2174 4499 2267 4554 Dei
2313 4502 2471 4554 etiam
2520 4503 2789 4569 potestati.
2821 4503 3026 4557 Infinita
3079 4505 3216 4557 enim
3263 4503 3564 4571 complecti,

364 4596 442 4629 σει
465 4576 698 4630 ἀδύνατον
735 4583 998 4650 τυγχάνει.
1019 4579 1178 4644 Ἀπαξ
1218 4581 1270 4634 δέ
1309 4581 1700 4653 πεπερασμένων
1737 4576 1909 4641 ὅντων,

2012 4598 2200 4644 natura
2249 4591 2568 4658 impossibile
2611 4599 2711 4656 est,
2741 4609 2861 4646 nam
2893 4609 3012 4646 cum
3058 4594 3221 4647 semel
3274 4591 3416 4646 ﬁnita
3463 4591 3567 4645 sint

365 4665 430 4719 ὧν
455 4667 836 4742 περιδράττεται
865 4673 1010 4730 αὐτὸς
1042 4672 1065 4723 ὁ
1087 4672 1229 4734 Θεὸς,
1257 4670 1438 4742 ἀνάγκη
1471 4667 1585 4742 ὅρον
1611 4664 1735 4722 εἶναι
1757 4669 1916 4739 μέχρι

363 4758 534 4810 πόσων
556 4762 938 4834 πεπερασμένων
966 4759 1181 4833 διαρκεῖ.

361 4867 473 4925 Ὅτι
498 4873 703 4940 κτίσμα,
737 4875 818 4925 καί
845 4872 1046 4945 γενητὸς
1070 4871 1095 4926 ὁ
1123 4873 1248 4938 υίὸς,
1291 4875 1345 4927 ἐκ
1375 4878 1464 4928 τοῦ
1491 4873 1644 4927 αΰτοῦ
1673 4871 1716 4927 δ’
1743 4871 1911 4942 λόγου.

433 4978 592 5041 Οὗτος
613 4980 704 5036 δέὁ
726 4983 829 5042 υίὸς
843 4984 896 5036 ἐκ
920 4983 1184 5054 θελήματος
1203 4990 1291 5037 τοῦ
1313 4984 1503 5059 πατρὸς
1527 4984 1792 5055 γεννηθεὶς,
1812 4999 1830 5033 ε
1855 4980 1915 5041 ὅς

363 5072 499 5124 ἐστιν
529 5073 666 5124 εἰκών
692 5077 782 5124 τοῦ
810 5077 933 5126 Θεοῦ
962 5078 1052 5126 τοῦ
1088 5074 1329 5147 ἀοράτου.
1357 5074 1442 5124 καί
1469 5073 1788 5143 ἀπαύγασμα
1824 5078 1914 5129 τῆς

365 5157 507 5220 δόξης
531 5161 700 5225 αὐτοῦ,
729 5166 991 5242 χαρακτήρ
1021 5182 1074 5216 τε
1105 5170 1194 5222 τῆς
1221 5162 1556 5221 ὑποστάσεως
1583 5163 1751 5221 αὐτοῦ,
1774 5183 1916 5236 πρω-

364 5247 561 5306 τότοκος
576 5251 744 5308 πάσης
765 5253 993 5314 κτίσεως,
1011 5256 1221 5323 κτίσμα,
1238 5254 1406 5323 σοφία.
1427 5269 1445 5301 ι
1462 5253 1590 5308 Αὐτὴ
1604 5252 1696 5327 γὰρ
1719 5253 1747 5308 ἡ
1766 5254 1914 5320 σοφία

365 5338 532 5406 φησίνο
570 5353 588 5385 ε
620 5347 674 5390 '0
704 5340 822 5398 Θεὸς
865 5337 1035 5393 ἴκτισέ
1066 5360 1124 5408 με
1155 5341 1322 5412 ἀρχὴν
1352 5339 1473 5393 ὁδῶν
1501 5342 1658 5394 αὐτοῦ
1690 5343 1762 5400 εἰς
1791 5339 1913 5414 ἔργα

366 5428 548 5478 αὐτοῦ.
579 5441 600 5475 ι

442 5625 466 5651 ⁸
496 5617 793 5685 Legendum
818 5626 914 5682 est,
939 5618 1165 5671 omnibus
1189 5634 1252 5672 ex
1279 5618 1372 5672 lib.
1393 5634 1408 5672 ι
1430 5617 1546 5674 Peri
1562 5619 1757 5673 archon
1787 5635 1835 5674 c.
1857 5620 1908 5673 5.

369 5683 457 5738 Sic
481 5683 680 5755 reliqua
710 5701 825 5754 qua:
855 5703 917 5740 ex
942 5686 1163 5753 Origene
1190 5688 1274 5742 hic
1312 5687 1624 5753 afferuntur,
1649 5689 1698 5740 in
1728 5687 1914 5743 Gneco

369 5769 599 5821 (pioque,
617 5757 704 5822 qui
721 5773 785 5809 ex
812 5756 993 5808 Latino
1014 5771 1292 5821 expressus
1314 5765 1415 5822 est,
1441 5766 1561 5809 sunt
1581 5757 1909 5823 corrigenda.

373 5823 685 5879 llumumcs.
710 5857 776 5866 —
796 5823 965 5880 Locus
987 5825 1260 5891 obscurus,
1285 5834 1339 5880 et
1362 5836 1637 5894 corrup‘us
1664 5828 1821 5881 etiam
1850 5827 1902 5882 in

2018 4695 2135 4747 qua:
2164 4679 2302 4732 Deus
2333 4679 2442 4747 ipse
2467 4681 2884 4749 comprehendit,
2915 4697 3131 4736 necesse
3173 4689 3255 4736 est
3282 4681 3566 4736 terminum

2019 4781 2136 4822 esse
2164 4768 2229 4822 ad
2257 4777 2388 4838 quot
2411 4783 2575 4836 usque
2605 4769 2750 4822 ﬁnita
2778 4770 2888 4838 ipse
2913 4770 3154 4824 suﬂiciat.

2091 4877 2239 4942 Quod
2257 4889 2491 4933 creatura
2511 4889 2558 4933 et
2579 4882 2742 4950 factus
2763 4879 2929 4950 Filius
2956 4892 3050 4946 est,
3068 4898 3130 4935 ea:
3152 4882 3326 4936 eodem
3348 4880 3495 4936 libro.

2090 4987 2188 5043 Hic
2213 4989 2372 5042 Filius
2416 4987 2482 5041 de
2525 4989 2799 5043 voluntate
2843 4988 3015 5044 Patris
3042 4996 3343 5056 generatus,
3376 4991 3458 5060 qui
3492 4998 3568 5042 est

2017 5079 2186 5149 imago
2218 5079 2308 5132 Dei
2329 5077 2612 5142 invisibilis,
2646 5087 2690 5130 et
2713 5079 2953 5148 splendor
2979 5081 3157 5149 gloria:
3175 5079 3303 5148 ejus,
3334 5090 3381 5132 et
3400 5080 3566 5148 ﬁgura

2018 5169 2317 5221 substantia:
2349 5168 2480 5236 ejus,
2508 5168 2870 5236 primogenitus
2916 5169 3080 5221 omnis
3121 5177 3385 5230 creaturae,
3417 5183 3561 5219 creao

2020 5267 2132 5310 tura
2155 5295 2170 5320 ,
2215 5257 2466 5324 sapientia
2498 5257 2726 5326 (Coloss.
2757 5273 2806 5320 r;
2841 5256 2998 5311 Hebr.
3022 5274 3070 5323 i;
3103 5255 3132 5310 Ι
3171 5255 3288 5312 Cor.
3329 5257 3418 5326 v).
3447 5256 3564 5326 Ipsa

2016 5345 2158 5398 enim
2197 5344 2469 5413 Sapientia
2500 5346 2667 5400 dicit:
2700 5346 2951 5400 Dominus
2997 5348 3183 5401 creauit
3236 5365 3316 5402 me
3358 5348 3560 5402 initium

2015 5433 2212 5486 viarum
2239 5451 2443 5488 suarum
2469 5437 2520 5489 in
2541 5452 2695 5504 opera
2723 5438 2883 5505 ipsius
2911 5436 3085 5497 (Prov.
3117 5436 3215 5507 ix).

2015 5623 2234 5698 Gmco;
2277 5628 2414 5682 forte
2458 5629 2536 5682 sic
2585 5628 2939 5698 restituendus
2969 5646 2982 5682 :
3016 5627 3138 5698 Ipse
3185 5631 3318 5683 enim
3363 5638 3438 5681 est
3478 5627 3566 5693 qui

2014 5703 2125 5774 est;_
2142 5696 2309 5750 minor
2353 5713 2467 5751 vero
2497 5698 2651 5753 Patre
2679 5696 2726 5751 F
2731 5700 2846 5754 ilius
2875 5700 2940 5752 ad
2966 5696 3076 5754 sola
3103 5699 3424 5755 rationabilia
3445 5713 3565 5767 ριγο

2014 5778 2233 5818 vemens.
