4112 6540
367 453 473 518 985

870 550 954 601 Ἐκ
986 551 1079 600 τοῦ
1104 546 1254 599 αὐτοῦ
1284 542 1449 614 λόγου.

447 661 610 715 ιιάντα
633 660 696 713 τά
723 660 839 731 γένη
863 660 946 710 καὶ
968 658 1035 710 τὰ
1057 653 1162 711 εἴδη
1191 656 1265 708 ἀεὶ
1290 651 1347 710 ἧν
1368 669 1380 682 ⁸
1412 650 1536 721 [ἀλλ’
1556 654 1615 704 οὐ
1643 650 1703 708 δή
1730 646 1828 718 τις]
1853 646 1942 702 ἆλ-

1424 439 1657 500 LIBER
1692 434 2090 497 ADVERSUS
2124 433 2546 495 ORIGENEM.

1954 544 2004 598 Δ

3474 439 3580 501 986

2572 538 2655 592 Ea:
2693 539 2865 592 eodem
2895 538 3045 592 libro.

2100 649 2309 704 Genera
2349 651 2524 704 omnia
2552 660 2606 703 et
2633 651 2842 719 species
2869 666 3081 718 semper
3124 660 3276 705 erant
3305 670 3318 705 :
3351 668 3457 708 non
3506 662 3581 709 ιιι

378 752 460 812 λος
502 748 556 805 δέ
597 770 677 809 τις
704 749 808 823 ίρεῖ
830 750 913 800 καὶ
944 749 1001 802 τὸ
1033 746 1140 800 καθ’
1170 744 1219 797 ἓν
1252 745 1461 816 ἀριθμοῦ
1486 758 1501 773 ’
1533 742 1659 799 πλὴν
1696 740 1941 814 ἑκατέρως

2040 738 2097 792 de
2125 739 2478 805 singularibus
2525 740 2888 793 differentibus
2934 754 3154 794 numero
3195 742 3388 795 dixerit
3437 743 3582 810 quis-

379 836 660 911 [δηλοῦται]
689 837 965 901 δηλοῦνται,
997 837 1072 891 ὄτι
1100 836 1189 888 οὐκ
1211 836 1392 910 ἤρξατο
1417 832 1442 887 ὁ
1470 834 1591 893 Θεὸς
1619 831 1940 905 δημιουργεῖν

378 932 608 1002 ἀργήσας
630 929 775 983 ποτέ.

375 1128 488 1202 lupi
511 1132 602 1187 τῆς
625 1125 991 1201 προῦπᾶρξεως
1015 1132 1113 1202 τῶν
1135 1124 1357 1202 ψυχῶν,¹
1372 1126 1422 1177 ἐκ
1446 1131 1532 1178 τοῦ
1560 1128 1765 1199 πρώτου
1785 1125 1932 1195 λόγου

882 1199 1001 1270 περὶ
1026 1197 1206 1269 ἀρχῶν
1225 1195 1420 1265 βιϐλίου

441 1309 517 1375 Ἐξ
542 1309 671 1371 ἰδίας
709 1311 875 1370 αἰτίας
909 1314 1009 1363 τῶν
1042 1313 1112 1380 μή
1147 1311 1504 1381 προσεχίντων
1539 1308 1742 1368 ἑαυτοῖς
1777 1311 1936 1384 ἀγρύ-

372 1424 508 1464 πνως
545 1403 763 1475 γίνονται
796 1400 982 1471 τάχιον
1020 1401 1049 1459 ἢ
1087 1399 1295 1475 βράδιον
1333 1398 1729 1473 [μεταπτώσεις]
1780 1422 1936 1470 μετα-

371 1493 677 1559 πιπτούσης,
707 1497 787 1547 xui
814 1497 894 1549 ἐπὶ
932 1496 1101 1549 πλεῖον
1134 1494 1164 1554 ἦ
1193 1496 1270 1550 ἐπ’
1306 1494 1539 1550 ἔλαττον
1572 1498 1638 1555 ὡς
1673 1496 1770 1549 ἀπὸ
1814 1497 1938 1550 ταύ-

370 1606 463 1645 της
509 1594 601 1646 τῆς
651 1585 818 1645 αἰτίας
881 1586 1043 1659 κρίσει
1103 1588 1212 1660 Θε’ᾳ
1272 1590 1781 1662 συμπαραμετρούσῃ
1829 1595 1938 1646 τοῖς

369 1675 595 1731 εκάστσυ
621 1677 890 1746 βελτίοσιν,
918 1674 947 1734 ἦ
976 1676 1182 1751 χείροσι
1208 1681 1439 1747 κινήμασι
1464 1681 1545 1730 καὶ
1564 1679 1622 1731 τὸ
1643 1676 1747 1732 κατ’
1775 1677 1936 1739 ἀξίαν·

372 1766 397 1821 ὃ
423 1767 514 1835 μέν
540 1786 618 1825 τις
646 1766 740 1829 ἕξει
769 1768 815 1820 ἐν
840 1775 901 1840 τῇ
930 1768 1139 1839 ἐσομένη
1166 1766 1493 1835 διακοσμήσει
1508 1764 1646 1830 τοίξιν
1661 1767 1937 1837 ἀγγελικὴν,

371 1857 400 1914 ἦ
427 1855 640 1927 δυνέμιν
666 1859 911 1931 ἀρχικήν,
952 1857 981 1917 ἦ
1021 1860 1248 1921 ἐξουσίαν
1273 1864 1361 1917 την
1388 1858 1469 1912 ἐπί
1492 1881 1638 1913 τινων
1655 1898 1670 1919 ,
1707 1858 1737 1916 ἣ
1771 1858 1941 1932 θρόνον

369 1952 468 2001 τῶν
493 1947 1000 2017 ἒπιϐασιλευομένων,
1050 1947 1079 2006 ἦ
1119 1947 1321 2020 κυρείαν
1356 1953 1447 2005 τήν
1471 1942 1601 2001 κατά
1638 1946 1843 2000 δούλων.
1877 1947 1934 2000 Οί

371 2033 423 2087 δὲ
451 2037 506 2087 οὐ
534 2034 666 2090 πάνυ
691 2059 740 2091 τι
768 2035 1091 2102 ἐκπεσόντες,
1127 2044 1217 2096 τήν
1253 2040 1336 2091 ἐπί
1374 2046 1480 2097 τοῖς
1507 2040 1780 2111 εἰρημένοις
1807 2043 1938 2094 οἰκο-

370 2127 542 2193 νομίαν
567 2145 621 2180 τε
649 2128 734 2179 καί
768 2127 998 2196 βοήθειαν
1024 2128 1211 2190 ἕξουσι.
1251 2131 1350 2181 Καὶ
1386 2128 1551 2187 οὕτως
1587 2124 1715 2183 κατά
1758 2132 1848 2198 μέν
1879 2132 1937 2185 τὸ

370 2213 604 2267 πλεῖστον
630 2216 728 2267 ἀπὸ
753 2216 965 2270 τῶνὺπό
988 2213 1082 2276 τὰς
1108 2214 1301 2289 ἀρχὰς.
1333 2219 1417 2270 καὶ
1440 2217 1686 2278 ἔξουσίας,
1716 2224 1797 2270 καί
1822 2220 1939 2276 τοὺς

373 2304 598 2375 θρόνους,
627 2307 707 2358 καί
732 2299 824 2365 τὰς
852 2304 1184 2373 κυριότητας,
1219 2302 1364 2374 τάχα
1397 2300 1447 2356 δέ
1477 2301 1583 2359 ἴσθ’
1618 2302 1697 2357 ὅτε
1724 2307 1806 2359 καὶ
1831 2306 1937 2358 ἀντ’

373 2397 539 2448 αὐτῶν
564 2398 878 2453 συστήσεται
918 2396 977 2449 τὸ
1013 2400 1113 2449 τῶν
1161 2395 1433 2470 ἀνθρώπων
1466 2395 1606 2464 γένος
1640 2396 1690 2448 ἕν
1723 2403 1796 2466 τῷ
1836 2395 1940 2449 καθ’

373 2485 458 2538 ἕνα
484 2485 679 2555 κόσμῳ.

376 2676 455 2723 ἐκ
480 2672 576 2741 tofi
600 2667 757 2720 αὑτοῦ
780 2667 952 2737 λόγου,
982 2665 1059 2741 ᾇτι
1086 2669 1129 2741 εἰ
1148 2667 1499 2741 μεταϐάλλοιεν
1520 2668 1608 2741 ᾲέπὶ
1634 2669 1689 2723 τὸ
1718 2677 1941 2741 κρεῖττον

480 2737 524 2790 οἱ
552 2734 808 2805 δαίμονες,
840 2734 1275 2811 συμπληρώσουσὲ
1300 2758 1422 2792 ποτε
1453 2734 1829 2811 ἀνθρωπότητα.

444 2843 597 2917 Οἶμαι
622 2846 674 2901 δέ
702 2845 942 2902 δύνασθαι
978 2849 1076 2902 ἀπὸ
1102 2856 1201 2903 τῶν
1231 2853 1642 2921 ὑποτεταγμένων
1669 2860 1777 2913 τοῖς
1821 2858 1940 2924 χεί-

378 2955 552 3010 ροσιν,
601 2937 795 3008 ἀρχαῖς
821 2939 903 2989 καὶ
944 2938 1229 3000 ἐξουσίαις,
1271 2942 1354 2991 καὶ
1390 2941 1796 3016 κοσμοκράτορσι
1835 2943 1942 2995 καθ’

375 3026 580 3081 ἕκαστον
607 3026 806 3096 κόσμον,
825 3027 856 3084 ἦ
882 3025 973 3095 [fax
999 3049 1132 3087 τινος
1160 3030 1352 3099 κόσμου
1374 3028 1537 3098 νόους]
1557 3052 1693 3091 τινας
1718 3028 1942 3100 κόσμους

378 3115 537 3174 ένίους
562 3116 746 3186 τάχιον
784 3119 1260 3193 εὖεργετουμένους,
1305 3123 1390 3172 καὶ
1433 3120 1841 3192 βουλησομένους
1891 3123 1942 3187 ἐξ

378 3207 539 3263 αὐτῶν
561 3209 882 3280 μεταϐαλεῖν,
911 3213 1299 3282 συμπληρώσειν
1322 3215 1443 3267 ποτέ
1472 3214 1851 3287 ἁνθρωπὸτητα.

576 3416 693 3489 Περὶ
715 3422 805 3475 τῆς
827 3422 925 3469 τῶν
952 3410 1130 3468 ἄνωθεν
1155 3417 1223 3477 εἰς
1243 3423 1393 3486 σῶμα
1420 3427 1733 3491 καταγωγῆς.

450 3520 595 3577 Οὕτω
617 3521 677 3580 δή
704 3525 1064 3579 ποικιλωτάτου
1088 3525 1274 3597 κόσμου
1301 3530 1644 3600 τυγχάνοντος
1661 3571 1675 3591 ,
1702 3534 1785 3585 καὶ
1816 3551 1940 3585 τοσ-

381 3617 514 3666 αῦτα
552 3611 762 3685 διάφορα
791 3614 967 3686 λογικά
1007 3618 1357 3691 περιέχοντος,
1393 3623 1444 3673 τί
1478 3618 1593 3672 ἄλλο
1633 3626 1742 3692 χρὴ
1787 3621 1943 3693 λέγειν

380 3700 538 3755 αἴτιον
557 3701 811 3774 2γεγονέναι
838 3711 928 3758 τοῦ
958 3706 1242 3763 ὑποστῆναι
1266 3708 1437 3771 αὐτὸν,
1464 3707 1493 3765 ἢ
1530 3711 1588 3763 τὸ
1612 3712 1828 3763 ποικίλον
1852 3719 1943 3771 τῆς

381 3793 727 3854 ἀποπτώσεως
754 3804 853 3849 τῶν
881 3798 981 3865 οὐχ
1006 3796 1188 3866 ὁμοίως
1228 3807 1319 3858 τῆς
1345 3800 1513 3861 ένοὶδος
1556 3802 1939 3874 ἀπορῤεὸντωνς

383 3884 566 3939 καὶτὸν
590 3883 786 3962 ἔνυδρον
814 3886 917 3942 ἴσθ’
944 3887 1025 3944 ὅτε
1051 3892 1260 3965 αἱρεῖται
1290 3895 1395 3965 βίον
1425 3899 1455 3954 ἡ
1480 3896 1651 3967 ψυχή.

486 4088 567 4141 Ἐκ
593 4097 684 4144 τοῦ
714 4090 949 4163 δευτέρου
975 4093 1121 4167 λόγου
1147 4105 1237 4153 τοῦ
1268 4104 1386 4173 περὶ
1410 4102 1591 4174 ἀρχῶν
1619 4103 1835 4171 βιϐλίου.

454 4196 507 4252 ἸΙ
534 4198 683 4269 ψυχή
709 4204 1032 4279 ἀπορρέουσα
1056 4212 1145 4259 τοῦ
1172 4209 1322 4263 καλοῦ
1339 4250 1354 4271 ,
1400 4215 1483 4264 καί
1519 4221 1581 4277 τῇ
1612 4216 1760 4286 κακίᾳ
1794 4233 1947 4287 προσ-

382 4287 645 4357 κλιναμένη
667 4329 682 4351 ,
713 4295 796 4344 καὶ
820 4293 901 4345 έπί
920 4294 1085 4349 πλεῖον
1114 4298 1164 4350 έν
1190 4300 1348 4369 ταύτῃ
1380 4304 1632 4371 γινομένη,
1656 4306 1701 4356 εἰ
1725 4310 1793 4375 μή
1817 4306 1944 4359 ὐπο-

382 4379 605 4449 στρέφοι,
632 4380 731 4434 ὖπό
755 4390 845 4441 τῆς
872 4384 1039 4449 ἀνοίας
1066 4388 1436 4447 ἀποκτηδοῦται
1496 4395 1579 4446 καὶ
1609 4394 1708 4448 ὑπὸ
1732 4403 1823 4454 τῆς
1854 4416 1945 4449 πο·

381 4471 553 4543 νηρίας
573 4471 948 4547 ἀποθηριοῦται.
968 4490 1001 4528 ιὶ
1014 4480 1074 4529 αὶ
1100 4500 1134 4546 μ
1148 4499 1168 4531 ε
1181 4480 1225 4534 τ’
1249 4482 1447 4550 ὀλίγα·
1473 4487 1564 4536 Καὶ
1582 4486 1798 4559 αἱρεῖται
1821 4489 1946 4561 πρὸς

384 4558 440 4608 τὸ
469 4558 772 4629 ἀλογωθῖωαι
794 4600 810 4621 .
862 4567 944 4617 καί
978 4565 1062 4618 τὸν
1091 4566 1321 4641 ἔνυδρον,
1363 4570 1425 4622 ἵν’
1454 4572 1615 4631 οὕτως
1639 4572 1784 4635 εἴπω,
1818 4576 1941 4643 βίου’

384 4648 467 4697 καί
492 4648 636 4716 τάχα
662 4649 770 4704 κατ’
788 4651 926 4713 ἀξίαν
948 4660 1037 4712 τῆς
1052 4655 1135 4708 ἐπὶ
1160 4656 1317 4710 πλεῖον
1340 4661 1583 4719 πτώσεως
1600 4660 1944 4733 [ἐκπτώσεως]

383 4746 473 4797 τῆς
515 4743 689 4802 κακίας
731 4740 952 4796 ἐνδύεται
981 4747 1193 4814 σώματα
1220 4744 1411 4817 [σῶμα]
1436 4753 1492 4802 οὗ
1519 4748 1603 4807 δεῆ
1638 4750 1734 4821 [ἵσ.
1763 4752 1945 4828 ὑδαρῆ]

382 4825 574 4882 τοιοῦδε
601 4832 731 4892 ζώου
758 4832 961 4903 ἀλόγου.

382 4934 463 4990 Ἐκ
487 4944 576 4992 τοῦ
604 4941 762 4997 αὐτοῦ
787 4938 965 5012 λόγου,
1004 4940 1081 5021 ὅτι
1119 4941 1266 5021 ἔσται
1298 4946 1463 5000 τελεία
1502 4949 1531 5004 ἠ
1564 4956 1662 5002 τῶν
1700 4951 1948 5021 σωμάτων

1035 5014 1268 5073 ἀπόθεσις
1278 5053 1292 5066 .

454 5095 509 5145 Εἰ
534 5092 586 5148 δὲ
610 5091 676 5150 τὰ
700 5097 1057 5171 [onmem]
1082 5104 1463 5176 ὑποτεταγμένα
1489 5115 1561 5179 τῷ
1586 5118 1785 5181 Χριστῷ
1821 5113 1951 5167 ὐπο-

387 5187 661 5255 παγήσεται
690 5190 773 5242 ἐπὶ
794 5192 920 5244 τέλει
951 5196 1034 5245 καὶ
1060 5200 1131 5264 τῷ
1157 5202 1286 5267 Θεῷ,
1314 5196 1501 5257 πάντες
1527 5200 1860 5257 ἀποθήσονται
1886 5200 1952 5259 τοὶ

394 5275 607 5339 σώματα
625 5291 639 5304 ⁵
666 5280 751 5330 καί
776 5275 913 5348 οἶμαι
939 5278 1015 5334 ὅτι
1034 5284 1150 5336 τότε
1176 5284 1245 5342 εἰς
1270 5287 1328 5338 τὸ
1355 5292 1421 5355 μὴ
1443 5282 1492 5339 ὃν
1519 5286 1662 5343 ἔσται
1686 5289 1947 5357 ἀνάλυσις,

389 5370 478 5423 τῆς
505 5371 602 5417 τῶν
627 5364 873 5435 σωμάτων
901 5372 1096 5439 φύσεως
1122 5373 1542 5446 ὑποστησομένης
1570 5378 1802 5453 δεύτερον
1823 5423 1838 5447 ,
1868 5378 1951 5446 ἐὰν

390 5454 537 5509 πάλιν
561 5454 730 5525 λογικᾶ
755 5458 1075 5536 ὑποκαταϐᾔ.

494 5564 573 5619 ἐκ
598 5573 686 5621 τοῦ
714 5570 887 5641 τρίτου
907 5568 1049 5640 λόγου
1075 5576 1164 5625 τοῦ
1193 5575 1347 5627 αὐτοῦ
1375 5575 1592 5643 βιϐλίου,
1623 5583 1739 5650 περὶ
1768 5588 1853 5633 τοῦ

1083 5661 1261 5695 αυτου.
1376 5709 1383 5715 .

462 5728 735 5796 Λεγομνου
760 5734 848 5782 τοῦ
877 5734 1002 5783 Θεοῦ
1028 5730 1195 5785 πάντα
1223 5735 1446 5805 γενέσθαι
1482 5736 1531 5788 ἰν
1559 5745 1740 5800 πᾶσιν,
1772 5738 1945 5813 ὥσπερ

2032 827 2192 897 piam.
2251 828 2628 882 Verumtamen
2687 829 2934 896 utrinque
2988 829 3360 895 declarantur,
3416 830 3586 887 Deum

2034 932 2139 971 non
2164 916 2352 971 fecisse
2382 918 2592 971 creandi
2628 918 2853 981 initium,
2885 932 3006 969 cum
3036 918 3317 985 aliquando
3348 920 3506 976 fuerit.
3530 921 3587 978 in

2033 1006 2143 1059 otio
2173 1015 2220 1058 ⁸.

2174 1117 2254 1170 De
2289 1119 2577 1170 animarum
2605 1118 3013 1188 prmexislentia,
3038 1133 3101 1170 ea:
3129 1121 3291 1188 primo
3321 1118 3450 1172 libra

2639 1184 2762 1237 Peri
2781 1203 2868 1239 arc
2904 1205 2922 1241 ι
2938 1202 2989 1240 n.

2105 1295 2180 1349 Ex
2207 1311 2423 1366 propria
2451 1297 2605 1366 culpa
2629 1298 2843 1351 minime
2868 1298 2965 1351 sibi
2998 1299 3277 1367 vigilanter
3314 1298 3594 1353 attenden-

2038 1386 2168 1438 tium
2194 1385 2326 1438 liunt
2352 1386 2507 1440 citius
2531 1394 2622 1440 aut
2647 1387 2817 1439 serius
2842 1386 3198 1456 delapsiones,
3230 1389 3387 1456 idque
3413 1390 3502 1443 vel
3526 1390 3592 1442 ad

2039 1476 2276 1544 longiora
2304 1485 2580 1546 tempora,
2608 1479 2693 1532 vel
2743 1480 2809 1535 ad
2853 1480 3131 1545 breviora;
3171 1481 3311 1550 quod
3335 1480 3590 1549 judicium

2038 1563 2271 1620 divinum
2306 1576 2527 1636 propter
2553 1568 2690 1622 hanc
2717 1583 2930 1622 causam
2958 1570 3108 1624 bonis
3134 1580 3222 1623 aut
3244 1572 3397 1625 malis
3415 1573 3596 1626 unius-

2038 1654 2295 1723 cujusque
2340 1656 2665 1710 motionibus
2707 1657 2919 1725 dignam
2948 1669 3339 1715 commensuret
3366 1661 3597 1715 retribu-

2042 1743 2260 1797 tionem.
2294 1743 2389 1799 Hic
2414 1747 2626 1813 quidem
2654 1746 2706 1799 in
2736 1748 2909 1801 futura
2938 1748 3116 1801 mundi
3136 1748 3482 1818 dispositione
3510 1750 3596 1804 ha-

2041 1830 2187 1883 bebit
2216 1831 2454 1886 ordinem
2483 1834 2797 1901 angelicum,
2830 1845 2922 1889 aut
2971 1837 3218 1891 virtutem
3246 1838 3593 1907 principatus,

1970 1901 2018 1961 Β
2043 1927 2135 1971 aut
2157 1928 2477 1987 potestatem
2507 1922 2557 1974 in
2587 1924 2813 1992 aliquos,
2841 1934 2932 1978 aut
2962 1926 3211 1980 thronum
3234 1901 3398 1995 regno
3419 1901 3600 1983 subdi-

2044 2016 2237 2074 torum,
2265 2019 2359 2063 aut
2409 2011 2823 2067 dominationem
2875 2014 2926 2068 in
2954 2031 3160 2070 servos.
3186 2016 3286 2082 Qui
3315 2033 3443 2072 vero
3489 2034 3597 2075 non

2043 2100 2266 2153 multum
2291 2101 2621 2169 exciderunt,
2663 2104 2953 2171 habebunt,
2981 2123 3140 2175 quam
3171 2107 3421 2173 diximus.
3452 2124 3599 2165 (nco-

2040 2188 2293 2255 nomiam,
2321 2200 2376 2245 et
2396 2192 2775 2261 adjumentum.
2811 2194 2984 2264 Atque
3012 2197 3083 2250 ita
3135 2206 3194 2250 ut
3220 2198 3504 2266 plurimum
3529 2216 3599 2255 ex

2039 2282 2107 2335 iis
2151 2283 2242 2351 qui
2288 2292 2412 2338 sunt
2455 2284 2552 2339 sub
2599 2286 3002 2355 principatibus,
3044 2296 3100 2342 et
3142 2291 3513 2356 potestatibus,
3544 2300 3599 2345 et

2042 2374 2248 2430 thronis
2292 2384 2348 2429 et
2391 2376 2875 2447 dominationibus,
2919 2380 3056 2434 forte
3110 2381 3271 2434 etiam
3316 2381 3600 2449 aliquando

2038 2464 2161 2519 loco
2197 2466 2435 2535 ipsorum
2471 2470 2824 2524 constituetur
2868 2484 3037 2539 genus
3064 2470 3353 2525 humanum
3401 2486 3507 2526 uno
3544 2472 3597 2526 in

2038 2557 2260 2611 mundo.

2039 2665 2125 2720 Ea:
2143 2667 2318 2721 eodem
2340 2666 2469 2722 libro
2492 2684 2510 2722 :
2529 2665 2678 2732 Quod
2698 2670 2743 2740 si
2762 2669 3015 2724 daemone:
3034 2680 3293 2725 mutentur
3318 2675 3372 2726 in
3396 2672 3595 2740 melius,

2213 2748 2456 2792 naturam
2478 2739 2756 2809 aliquando
2777 2741 3096 2809 complebunt
3124 2743 3419 2796 humanam.

2112 2844 2249 2901 Puto
2273 2856 2450 2902 autem
2472 2863 2629 2917 posse
2652 2864 2715 2902 ex
2744 2850 2809 2904 iis
2828 2851 2917 2918 qui
2945 2851 3139 2906 subditi
3162 2862 3286 2906 sunt
3307 2852 3600 2923 pejoribu<,

2041 2937 2425 3009 principatibus
2466 2947 2520 2993 et
2567 2942 2942 3008 potestatibus,
2986 2943 3275 3012 mundique
3305 2945 3599 3000 rectoribus

2039 3043 2138 3096 per
2159 3028 2395 3096 singulos
2423 3030 2672 3096 mundos,
2703 3039 2796 3084 aut
2820 3041 3027 3086 mentes
3064 3032 3289 3101 alicujus
3318 3033 3499 3087 mundi
3526 3035 3600 3088 ci-

2042 3119 2146 3172 tius
2169 3119 2487 3174 beneﬁcium
2511 3122 2850 3190 accipientes,
2875 3124 3218 3193 volentesque
3248 3124 3298 3177 in
3329 3133 3600 3192 posterum

2042 3208 2109 3261 ab
2150 3208 2279 3277 ipsis
2318 3211 2547 3280 mutari,
2594 3212 2864 3282 complere
2900 3213 3183 3282 aliquando
3212 3230 3378 3284 genus
3406 3216 3599 3271 buma-

2044 3313 2188 3351 num.

2146 3406 2224 3462 De
2245 3426 2303 3463 eo
2328 3411 2412 3481 qui
2440 3410 2656 3481 desuper
2682 3416 2846 3481 factus
2874 3422 2950 3467 est
2976 3415 3031 3468 in
3058 3431 3240 3485 corpus
3260 3418 3494 3488 delapsa.

2112 3523 2189 3577 Ita
2220 3540 2341 3579 cum
2370 3526 2597 3580 mundus
2627 3542 2694 3580 ex
2723 3542 2929 3582 summa
2952 3537 3161 3584 constet
3188 3532 3465 3598 varietate,
3487 3543 3602 3589 tan-

2046 3622 2257 3683 tamque
2275 3616 2481 3670 rationc
2502 3620 2761 3672 utentium
2780 3621 3055 3674 contineat
3081 3621 3452 3691 dill'erentiam,
3476 3625 3605 3694 quid

2044 3703 2185 3758 aliud
2214 3705 2493 3760 dicendum
2515 3716 2597 3761 est
2624 3708 2786 3763 luisse
2825 3724 2999 3765 causa:
3028 3719 3087 3764 ut
3112 3711 3396 3777 subsistat,
3444 3730 3607 3783 quam

2044 3796 2222 3850 varios
2250 3795 2531 3851 delabendi
2559 3800 2750 3853 modos
2776 3816 2963 3854 eorum
2992 3802 3081 3869 qui
3111 3818 3218 3856 non
3238 3804 3486 3859 similiter
3511 3803 3607 3860 des

2048 3882 2216 3938 ﬂuunt
2236 3885 2303 3939 ab
2333 3888 2579 3942 unitate?
2605 3888 2669 3943 Et
2696 3891 2995 3967 aquaticam
3025 3908 3402 3969 nonnunquam
3428 3896 3605 3957 anima

2047 3975 2195 4043 eligit
2222 3976 2408 4033 vitam.

2400 4085 2485 4139 Ea:
2513 4086 2732 4143 secundo
2755 4085 3081 4145 Periarchon
3109 4090 3261 4147 libro.

2118 4193 2307 4248 Anima
2350 4194 2586 4251 deﬂuens
2610 4212 2640 4250 a
2668 4198 2830 4262 bono,
2861 4207 2917 4252 et
2943 4213 3168 4267 vergens
3195 4202 3260 4255 ad
3291 4204 3610 4276 nequitiam,

2045 4284 2350 4354 diutiusque
2391 4287 2558 4355 ipsam
2589 4289 2937 4357 ampleCtens,
2986 4290 3085 4345 nisi
3106 4307 3164 4348 se
3192 4292 3258 4345 ab
3303 4293 3614 4362 insipientia

2046 4372 2285 4437 reducat,
2320 4376 2507 4429 transit
2553 4377 2621 4430 ad
2658 4377 2936 4446 jumenta,
2984 4389 3143 4450 atque
3187 4382 3256 4436 ob
3287 4384 3614 4451 pravitatem.

2047 4462 2319 4518 efferatur.
2336 4463 2405 4517 Et
2423 4467 2576 4536 paulo
2593 4477 2708 4537 post
2730 4468 3030 4539 :Eligitqne
3052 4478 3108 4524 ut
3131 4472 3422 4538 brutescat,
3448 4475 3615 4535 vitam

2048 4559 2229 4619 etiam,
2260 4562 2317 4608 ut
2346 4557 2418 4610 ita
2445 4558 2636 4616 dicam.
2682 4563 2989 4629 aquatilem.
3039 4561 3100 4615 Et
3130 4563 3266 4616 forte
3293 4581 3388 4631 pro
3417 4567 3613 4629 merito.

2049 4647 2270 4715 majoris
2312 4649 2379 4702 ad
2423 4651 2767 4706 vitiositatem
2798 4655 3153 4723 prolapsionis
3178 4658 3345 4710 induit
3380 4676 3608 4727 corpora

2050 4740 2295 4806 aquatica
2326 4740 2446 4794 talis
2474 4741 2614 4797 bruti
2638 4743 2905 4797 animalis.

2052 4947 2135 5001 Ex
2154 4948 2327 5002 eodem
2356 4947 2486 5008 libro
2526 4964 2544 5002 :
2589 4946 2738 5012 Quod
2768 4952 2863 5025 erit
2892 4953 3119 5022 perfecta
3155 4967 3422 5022 corporum
3450 4956 3606 5025 depa—

2756 5032 2896 5072 81130.

2126 5106 2281 5174 Quod
2323 5108 2367 5162 si
2412 5108 2647 5176 subjecta
2687 5108 2897 5164 Christo
2927 5110 3139 5164 tandem
3167 5111 3518 5180 subjicientur
3554 5122 3611 5172 et

2057 5198 2187 5259 Deo,
2220 5214 2442 5267 corpora
2475 5199 2808 5268 deponentur
2855 5201 2921 5254 ab
2963 5201 3210 5257 omnibus
3239 5202 3293 5273 (I
3321 5203 3439 5259 Cor.
3472 5206 3605 5276 xv):

2057 5290 2390 5359 arbitrorque
2421 5288 2647 5344 futuram
2676 5298 2803 5347 tunc
2830 5292 2883 5345 in
2912 5308 3017 5347 non
3054 5310 3149 5349 ens
3183 5297 3559 5352 resolutionem
3591 5317 3605 5360 ;

2045 5374 2241 5417 natura
2271 5383 2562 5435 corporum
2587 5384 2778 5424 rursus
2811 5372 3135 5441 ittcaaptura,
3161 5376 3205 5429 si
3231 5380 3438 5434 ratione
3464 5392 3614 5441 atem.

2045 5455 2120 5507 tia
2160 5455 2357 5509 iterum
2390 5457 2745 5515 descendant.

2160 5566 2243 5619 Ex
2271 5569 2423 5625 tertio
2454 5570 2683 5640 ejusdem
2720 5582 2980 5630 tractatus
3014 5577 3168 5642 libro,
3201 5577 3263 5633 de
3291 5582 3491 5636 eodem.

2110 5724 2245 5781 Cum
2265 5727 2408 5786 Deus
2424 5730 2637 5788 dicatur
2657 5732 2771 5789 ﬁcri
2790 5737 2971 5792 omnia
2993 5736 3045 5793 in
3066 5740 3316 5799 omnibus
3333 5740 3598 5815 (Ibidem),

464 5863 487 5893 ι
523 5851 677 5923 Quasi
711 5856 983 5916 aliauanda
1030 5858 1178 5913 fuerit
1204 5861 1390 5916 otiosus
1420 5861 1551 5919 Vide
1579 5862 1773 5937 Pagan.
1799 5864 2149 5921 Gaudentium
2171 5880 2285 5935 cap.
2320 5862 2407 5921 25.
