4112 6638
520 430 628 493 987

1832 432 2273 495 JUSTINIANI
2318 436 2472 497 IMP.

3636 449 3756 511 988

521 541 580 591 οὗ
604 537 852 607 δυνάμεθα
880 539 1047 594 κακίαν
1073 542 1383 606 καταλιπεῖν,
1415 543 1531 598 οὔτε
1557 546 1679 606 Θεὸς
1704 546 1873 601 πάντα
1895 545 2061 617 γίνετα

2184 543 2630 610 quemadmodum
2670 560 2775 598 non
2811 561 3092 615 possumus
3131 546 3382 604 deserere
3422 547 3743 616 nequitiam.

519 630 573 682 du
598 635 783 698 πᾶσιν,
821 628 933 684 οῦδέ
978 629 1130 704 ἄλογα
1156 637 1284 696 ζῶα,
1310 634 1391 688 ἵνα
1422 640 1490 704 μὴ
1528 638 1609 690 καί
1648 637 1696 689 ἐν
1722 635 1919 710 κακίᾳό
1958 637 2079 696 Θεὸς

520 718 745 794 γίνηται,
774 724 860 774 καί
887 722 935 773 ἓν
969 721 1159 793 ἀλόγοις
1187 726 1330 786 ζώοις
1351 739 1362 749 ‘
1392 724 1494 777 ἀλλ’
1520 723 1627 777 οὐδέ
1658 722 1874 794 ἄψυχα,
1901 726 1982 778 ἵνα
2009 732 2079 795 μή

521 812 608 865 καί
630 812 680 864 ἐν
703 812 871 871 αὐτοῖς
894 811 917 866 ὁ
945 814 1084 871 Θεὸς.
1118 812 1201 867 ὅτε
1224 814 1391 868 πάντα
1415 817 1619 885 γίνεται“
1650 816 1810 876 οὕτως
1835 816 1948 871 οὐδὲ
1973 821 2078 871 σώ-

519 922 681 970 ματα,
708 901 741 955 ἀ
765 924 877 956 τινα
901 911 960 974 τῇ
989 902 1093 957 ἰδὶα
1114 906 1264 975 φύσει
1289 902 1476 976 ἀψυχά
1500 911 1640 961 ε’σιν.

619 1169 699 1223 Ἐκ
721 1177 807 1226 τοῦ
835 1170 1074 1248 δευτέρου
1102 1174 1252 1247 λόγου
1279 1182 1370 1229 τοῦ
1400 1178 1516 1249 περί
1543 1177 1722 1246 ἀρχῶν
1749 1176 1964 1246 βιϐλίου.

586 1278 727 1359 Παρᾶ
765 1289 854 1343 τὴν
889 1283 1183 1341 ἀπόπτωσιν
1214 1290 1300 1341 καί
1340 1292 1429 1345 τὴν
1454 1286 1598 1357 φύξιν
1632 1292 1721 1346 τήν
1748 1289 1847 1341 ἀπὸ
1872 1295 1960 1342 τοῦ
1988 1292 2074 1361 ζῇν

513 1383 583 1440 τῇ
610 1376 890 1444 πνεύματι,
936 1377 1131 1447 γέγονεν
1170 1378 1201 1434 η
1241 1383 1325 1430 νῦν
1358 1379 1589 1446 γενομένη
1623 1376 1802 1447 ψυχὴ,
1832 1372 1959 1431 οὖσα
1992 1380 2074 1431 καί

513 1461 706 1540 δεκτική
731 1473 820 1524 τῆς
845 1464 1084 1519 ἐπανόδου
1111 1473 1201 1524 τῆς
1234 1463 1307 1535 ἐφ’
1332 1464 1453 1539 ὅπερ
1480 1464 1534 1523 ἦν
1569 1467 1616 1518 ἐν
1640 1468 1785 1539 ἀρχῇ
1802 1506 1816 1530 ,
1847 1466 1970 1540 ὅπερ
1994 1488 2077 1520 νο-

513 1539 637 1624 μίζω
662 1554 893 1626 λέγεσθαι
919 1555 1018 1608 ὑπὸ
1062 1562 1151 1608 τοῦ
1195 1558 1449 1631 προφήτου
1474 1554 1522 1608 ἐν
1547 1563 1639 1627 τῷ,
1667 1572 1687 1605 ε
1715 1539 2068 1629 Ἐπίστρεφον,

512 1642 662 1713 ψυχή
688 1664 818 1711 μου,
856 1646 928 1703 εἰς
955 1649 1044 1701 τήν
1082 1642 1367 1697 ἀνάπαυσίν
1409 1665 1526 1706 σου,
1568 1662 1587 1695 ι
1618 1647 1749 1700 ὥστε
1784 1645 1894 1700 ὅλον
1918 1654 2069 1700 τοῦτο

510 1729 632 1786 εἶναι
660 1740 772 1793 νοῦς
798 1731 892 1803 [ἵσ.
922 1740 1038 1793 νοῦς
1063 1731 1165 1803 ἦν]’
1193 1740 1303 1794 πῶς
1326 1732 1444 1802 (sic)
1473 1729 1560 1788 οὖν
1582 1736 1752 1808 γέγονε
1782 1735 1955 1807 ψυχὴ,
1985 1739 2071 1790 καί

509 1825 659 1894 ψυχή
684 1826 1049 1902 κατορθωθεῖσα
1074 1825 1260 1897 γίνεται
1276 1834 1410 1890 νοῦς.

782 2051 859 2107 Ἐκ
884 2060 972 2109 τοῦ
999 2055 1155 2110 αὑτοῦ
1181 2055 1328 2128 λόγου
1360 2060 1479 2131 περὶ
1504 2063 1592 2113 τοῦ
1613 2058 1786 2113 αὐτοῦ.

571 2190 773 2264 Ὠσπερ
810 2199 973 2247 σῶσαι
997 2193 1055 2248 τὸ
1081 2193 1332 2254 ἀπολωλὸς
1358 2192 1495 2252 ἦλθεν
1523 2194 1547 2251 ὁ
1571 2202 1762 2270 σωτὴρ,
1788 2193 1868 2250 ὅτε
1900 2197 2065 2265 μέντοι

500 2285 714 2345 σώζεται
742 2284 800 2337 τὸ
828 2283 1111 2347 ἀπολωλὸς,
1140 2284 1303 2339 οὐκέτι
1339 2286 1474 2341 ἐστίν
1508 2287 1778 2348 ἀπολωλός³
1814 2287 1973 2347 οὕτως
2008 2288 2068 2346 ἣν

503 2380 670 2427 σῶσαι
696 2368 804 2430 ἦλθε
833 2372 1032 2442 ψυχήν,
1059 2375 1125 2432 ὡς
1152 2380 1319 2427 σῶσαι
1340 2375 1395 2429 τὸ
1430 2376 1707 2441 ἀπολωλὸς,
1736 2377 1902 2430 οὐκέτι
1928 2377 2065 2445 μένει

504 2460 719 2531 dataria}
743 2462 970 2515 σωθεῖσα
994 2460 1167 2530 ψυχὴ,
1183 2460 1297 2515 οἷ’τε
1319 2464 1377 2518 τὸ
1398 2464 1653 2524 ἀπολωλὸς
1678 2462 2067 2524 ἀπολωλός.²Ἐτι

501 2551 852 2620 βασανιστέον.
876 2553 934 2603 Εἰ
953 2554 1125 2625 ὥσπερ
1151 2552 1208 2606 τὸ
1232 2553 1484 2613 ἀπολωλὸς
1503 2551 1559 2611 ἦν
1584 2552 1666 2608 ὅτε
1693 2555 1777 2607 οὐκ
1803 2553 2062 2617 ἀπολώλει,

500 2647 585 2697 καί
613 2644 754 2699 ἔσται
769 2647 889 2698 ποτέ
907 2642 987 2699 ὅτε
1016 2645 1104 2697 οὐκ
1132 2642 1278 2698 ἴστκι
1306 2645 1576 2704 ἀπολωλός·
1601 2645 1733 2700 οὕτω
1753 2649 1837 2699 καὶ
1861 2647 1892 2703 ἠ
1912 2644 2063 2720 ψυχὴ

503 2730 560 2792 ἦν
585 2731 666 2789 ὅτε
697 2737 785 2789 οὐκ
810 2731 869 2793 ἦν
891 2734 1065 2804 ψυχή,
1096 2738 1178 2790 καὶ
1208 2732 1359 2789 ἔσται
1385 2734 1465 2790 ὅτε
1497 2737 1587 2789 οὐκ
1610 2733 1757 2791 ἔσται
1776 2735 1947 2807 ψυχή.

2178 631 2249 685 ita
2279 646 2451 700 neque
2497 631 2635 688 Deus
2676 631 2735 687 lit
2773 635 2950 688 omnia
2981 636 3035 690 in
3063 636 3342 702 omnibus,
3394 650 3567 704 neque
3591 632 3746 714 quod

2175 729 2298 774 sunt
2318 722 2470 775 bruta
2489 760 2506 785 ,
2545 737 2613 776 ne
2638 722 2777 778 Deus
2814 723 2907 777 ﬁat
2945 725 3087 792 quod
3116 726 3351 794 nequitia
3375 734 3479 790 est,
3508 732 3564 780 et
3588 722 3745 793 quod

2174 810 2372 874 bruta;
2427 811 2522 866 sed
2568 827 2741 881 neque
2784 812 2929 882 quod
2970 814 3262 869 inanimata
3289 822 3453 881 sunt,
3502 830 3569 870 ne
3608 831 3743 870 cum

2175 900 2233 952 iit
2272 916 2451 955 omnia
2499 903 2665 966 Deus,
2722 904 2813 957 ﬁat
2847 906 3005 959 etiam
3059 907 3201 974 quod
3242 908 3356 976 ipsa
3397 926 3411 962 :
3454 909 3525 963 ita
3556 924 3741 975 neque

2173 989 2314 1057 quod
2342 1005 2566 1060 corpora
2584 1033 2601 1059 ,
2630 1007 2748 1061 qua:
2772 995 2990 1063 propria
3019 995 3257 1065 ipsorum
3286 1006 3475 1052 natura
3504 997 3741 1055 inanima

2172 1089 2314 1133 εικιι.

2524 1169 2605 1225 Ea:
2633 1172 2855 1228 secundo
2871 1176 2993 1232 Peri
3009 1175 3199 1230 archon
3224 1173 3377 1230 libro.

2242 1279 2318 1335 Ex
2343 1296 2409 1337 eo
2438 1283 2579 1353 quod
2601 1284 2799 1339 decidit
2818 1294 2874 1340 et
2892 1286 3121 1355 refrixit,
3144 1303 3297 1357 passa
3322 1288 3528 1344 scilicet
3552 1288 3741 1345 Graece

2174 1380 2415 1425 vocatam
2457 1373 2647 1444 psyxin
2676 1389 2708 1428 a
2734 1376 2956 1445 spiritali
2984 1377 3121 1443 vita,
3155 1376 3293 1433 facta
3338 1386 3421 1433 est
3447 1392 3564 1447 qua:
3592 1396 3739 1435 nunc

2171 1461 2379 1525 anima,
2412 1461 2596 1517 Graece
2624 1466 2825 1535 psyche
2867 1483 2881 1519 :
2924 1481 3041 1534 quze
3086 1467 3314 1522 reditum
3352 1483 3568 1538 quoque
3595 1470 3648 1524 in
3676 1470 3737 1524 id

2171 1551 2312 1618 quod
2343 1553 2410 1607 ab
2440 1553 2591 1608 initio
2619 1556 2736 1619 fuit,
2766 1556 3015 1611 admittit.
3046 1558 3198 1623 Quod
3228 1574 3259 1612 a
3282 1559 3544 1629 propheta
3571 1560 3734 1628 signi-

2170 1638 2319 1693 ﬁcari
2347 1641 2607 1709 arbitror,
2651 1642 2775 1697 dum
2801 1645 2875 1698 ait
2918 1662 2931 1697 :
2982 1644 3279 1712 Revertere,
3311 1648 3487 1700 anima
3513 1664 3645 1712 mea,
3674 1650 3734 1700 iu

2169 1732 2389 1795 requiem
2431 1740 2568 1786 tuam
2601 1733 2775 1803 (Psal.
2807 1736 2979 1804 cxrx),
3013 1746 3071 1790 ut
3110 1745 3281 1791 totum
3310 1737 3417 1793 hoc
3460 1738 3530 1792 sit
3556 1754 3730 1793 mens.

2168 1817 2318 1873 Mens
2347 1820 2504 1887 igitur
2531 1819 2667 1875 facta
2697 1830 2780 1876 est
2804 1824 3003 1890 anima,
3036 1824 3213 1878 anima
3240 1840 3369 1880 vero
3404 1833 3550 1881 recte
3577 1824 3732 1882 factis

2098 1902 2144 1961 B
2170 1907 2431 1977 integrata
2461 1910 2518 1964 lit
2542 1926 2712 1966 mens.

2557 2047 2640 2101 Ex
2677 2051 2853 2103 eodem
2878 2050 3035 2117 libro,
3066 2054 3130 2107 de
3156 2055 3350 2109 eodem.

2238 2186 2693 2251 Quemadmodum
2718 2187 2786 2241 ad
2814 2188 3123 2245 salvandum
3142 2192 3285 2261 quod
3306 2193 3543 2261 perierat
3582 2193 3723 2247 venit

2167 2276 2413 2332 Salvator
2435 2277 2585 2349 (Luc.
2608 2278 2751 2347 xxx);
2782 2279 2940 2348 idque
2963 2282 3106 2351 quod
3129 2283 3381 2352 perierat,
3404 2283 3493 2338 ubi
3522 2282 3722 2338 salvum

2165 2377 2276 2433 est,
2326 2385 2433 2424 non
2461 2370 2655 2425 dicitur
2682 2369 2911 2439 amplius
2950 2372 3175 2441 periisse
3203 2390 3217 2425 :
3251 2373 3323 2427 ita
3352 2373 3529 2427 anima
3567 2387 3723 2441 quam

2164 2459 2374 2514 salvare
2401 2460 2572 2526 venit,
2623 2468 2683 2515 ut
2728 2460 2960 2516 salvaret
3005 2462 3149 2531 quod
3196 2463 3462 2531 perierat,
3510 2478 3619 2516 non
3646 2470 3725 2517 cst

2164 2552 2393 2621 amplius
2413 2552 2588 2607 anima
2604 2551 2713 2621 jam
2739 2551 2964 2617 salvata,
2988 2568 3165 2621 neque
3183 2554 3287 2607 dici
3312 2562 3490 2623 potest
3509 2553 3725 2622 periisse

2161 2641 2307 2713 quod
2351 2643 2499 2711 prius
2538 2640 2645 2696 dici
2680 2649 2918 2711 poterat.
2966 2640 3383 2711 Expendendum
3430 2642 3620 2697 adhuc.
3669 2642 3724 2697 Si

2161 2733 2613 2803 quemadmodum
2651 2732 2795 2801 quod
2819 2733 2998 2803 periit,
3046 2733 3146 2787 fuit
3184 2734 3471 2801 aliquando
3498 2749 3585 2788 res
3610 2747 3725 2801 qua:

2150 2834 2259 2878 non
2301 2823 2548 2893 perierit,
2603 2831 2659 2878 et
2704 2823 2808 2878 erit
2844 2822 3129 2892 aliquando
3176 2838 3297 2878 cum
3349 2838 3459 2879 non
3500 2823 3604 2878 erit
3638 2837 3725 2877 res

501 2924 616 2978 qua:
640 2909 860 2980 perierit
888 2929 903 2978 ;
936 2911 1009 2966 ita
1034 2920 1089 2968 et
1114 2913 1292 2968 anima
1318 2928 1424 2969 non
1454 2912 1614 2968 fuerit
1640 2913 1767 2969 olim
1796 2914 1973 2971 anima
2001 2920 2056 2968 et
2093 2913 2196 2969 erit
2217 2913 2432 2982 quando
2462 2928 2569 2968 non
2590 2913 2693 2967 erit
2720 2913 2915 2966 anima.

955 3049 1036 3101 Ἐγ
1063 3058 1148 3104 τοῦ
1174 3053 1417 3125 τετάρτου
1441 3052 1611 3123 λόγου.

571 3152 774 3228 ’Δνάγκη
895 3164 1262 3233 προηγουμένην
1282 3164 1558 3234 τυγχάνειν
1581 3168 1668 3221 τήν
1690 3169 1787 3218 τῶν
1813 3165 2060 3235 σωμάτων

495 3246 662 3316 φύσιν,
685 3246 806 3300 ἀλλά
828 3251 877 3299 ἐκ
895 3247 1261 3321 διαλειμμάτων
1276 3250 1579 3323 ὑφίστασθαι
1596 3250 1678 3306 διὰ
1690 3273 1802 3305 τινα
1822 3255 2062 3322 συμπτώ-

497 3358 631 3405 ματα
656 3338 887 3409 γινόμενα
914 3344 1027 3416 περί
1065 3344 1130 3396 τά
1171 3342 1374 3413 λογικά,
1420 3342 1623 3414 δεόμενα
1668 3342 1947 3410 σωμάτων·
1979 3346 2062 3398 καί

494 3426 640 3479 πάλιν
681 3435 771 3485 τῆς
812 3429 1195 3506 ἐπανορθώσεως
1236 3432 1433 3492 τελείως
1477 3434 1736 3503 γινομένης
1786 3437 1857 3493 είς
1897 3436 1954 3490 τὸ
1989 3440 2061 3506 μὴ

495 3511 616 3569 εἶναι
637 3515 930 3572 ἀναλύεσθαι
948 3525 1133 3584 ταῦτα,
1157 3521 1288 3575 ὥστε
1314 3528 1463 3576 τοῦτο
1489 3523 1565 3576 ἀεὶ
1590 3524 1827 3591 γίνεσθαι.

498 3651 571 3708 Ἐκ
596 3662 686 3708 τοῦ
709 3661 917 3735 πρώτου
942 3658 1097 3735 λόγου
1120 3665 1209 3735 τοῦ
1236 3662 1396 3735 αὐτοῦ
1423 3658 1744 3735 Δβιϐλίοψότι
1767 3661 2005 3735 ἔμψυχος
2032 3662 2060 3720 ὃ

784 3729 939 3791 ἥλιος,
965 3732 1047 3783 καὶ
1071 3731 1101 3787 ἡ
1126 3729 1323 3797 σελήνη,
1356 3729 1435 3784 καί
1461 3732 1504 3783 οἱ
1530 3733 1765 3805 ἀστέρες.

563 3862 675 3921 ὀτι
701 3864 754 3920 δὲ
796 3868 1119 3947 πρεσϐυτέρα
1144 3869 1175 3927 ἡ
1213 3868 1365 3939 ψυχή
1406 3876 1497 3924 τοῦ
1532 3871 1668 3929 ἡλίου
1705 3882 1796 3934 τῆς
1825 3873 2059 3936 ἔνδὲσιως

492 3957 651 4012 αὐτοῦ
680 3966 770 4018 τῆς
792 3960 861 4019 είς
885 3960 942 4014 τὸ
968 3968 1149 4031 σῶμα,
1179 3963 1309 4029 μετά
1334 3963 1393 4015 τό
1430 3962 1820 4034 συλλογίσασθαι
1847 3967 1901 4020 εκ
1929 3989 2060 4039 συγ·

492 4049 705 4120 κρίσεως
733 4048 994 4121 ἀνθρώπου
1021 4058 1113 4110 τῆς
1140 4051 1270 4124 πρὸς
1298 4050 1465 4119 αὐτόν,
1488 4055 1574 4107 καί
1594 4054 1813 4109 ίντεῦθεν
1841 4056 1941 4110 ἀπὸ
1959 4063 2057 4112 τῶν

489 4143 684 4210 γραφῶν
704 4131 844 4206 οἶμαι
868 4136 1127 4203 ἀποδεῖξαι
1154 4138 1420 4195 δύνασθαι.

981 4276 1061 4329 ἐκ
1085 4280 1176 4329 τοῦ
1205 4277 1363 4331 αὐτοῦ
1387 4278 1557 4349 λόγου.

2707 3051 2793 3106 Ea:
2820 3060 3000 3122 quarto
3029 3053 3181 3107 libro.

2231 3158 2459 3214 Necesse
2479 3167 2559 3213 est
2584 3175 2688 3213 non
2710 3162 3138 3229 pracexistentem
3163 3177 3281 3217 esse
3309 3179 3592 3234 corporum
3622 3182 3718 3219 na-

2163 3256 2354 3311 turam,
2387 3249 2479 3303 sed
2508 3264 2604 3318 per
2631 3250 2907 3305 intervalla
2945 3253 3237 3309 subsistere
3275 3266 3495 3323 propter
3518 3256 3720 3325 aliquos

2160 3352 2337 3402 casus,
2367 3338 2711 3392 ambientium
2738 3354 2855 3403 res,
2885 3356 3003 3409 qua:
3031 3344 3238 3397 ratione
3267 3352 3502 3409 utuntur,
3531 3360 3718 3414 corpo-

2160 3428 2308 3482 ribus
2345 3426 2641 3495 indigentes
2670 3444 2683 3480 :
2715 3429 2854 3483 iacta
2885 3446 3014 3486 vero
3052 3431 3425 3487 emendatione
3464 3432 3713 3502 perfecta,

2160 3516 2351 3573 iterum
2376 3518 2489 3573 haec
2507 3517 2703 3572 resolvi
2719 3519 2773 3572 in
2793 3520 3034 3587 nihilum,
3059 3522 3132 3576 ita
3160 3529 3220 3574 ut
3243 3520 3347 3577 hoc
3372 3520 3463 3576 ﬁat
3488 3537 3717 3592 semper.

2158 3653 2246 3711 Ex
2266 3656 2428 3727 primo
2455 3656 2682 3727 ejusdem
2712 3657 2828 3727 libri
2856 3659 3107 3713 volumine
3129 3676 3146 3713 :
3170 3656 3319 3722 Quod
3350 3660 3430 3714 sol
3456 3668 3505 3714 et
3525 3660 3649 3715 luna
3669 3668 3718 3716 et

2651 3725 2815 3781 stella:
2833 3729 3063 3781 animata
3091 3738 3225 3783 sunt.

2228 3861 2381 3929 Quod
2410 3879 2568 3934 porro
2605 3865 2733 3921 Solis
2772 3866 2951 3920 anima
2996 3859 3263 3935 antiquior
3304 3866 3377 3923 sit
3415 3865 3717 3934 alligationa

2157 3952 2320 4022 ipsius
2341 3953 2408 4008 ad
2435 3969 2649 4024 corpus,
2674 3956 2978 4011 conclusum
2999 3956 3107 4024 iam
3127 3964 3209 4011 est
3226 3971 3293 4010 ex
3322 3954 3718 4024 comparatione

2157 4041 2389 4095 hominis
2429 4041 2497 4095 ad
2524 4041 2697 4111 ipsum
2740 4060 2754 4096 :
2798 4057 2984 4098 verum
3024 4051 3079 4099 et
3104 4059 3136 4100 e
3178 4041 3465 4112 Scripturis
3489 4042 3718 4096 arbitror

2157 4148 2313 4203 posse
2333 4134 2439 4188 hoc
2459 4133 2839 4186 demonstrari.

2700 4260 2787 4315 Ea:
2815 4262 2991 4316 eodem
3012 4258 3168 4318 libro.

562 4411 756 4464 κάλλιον
783 4412 1028 4466 ἀναλῦσαι
1047 4452 1062 4474 ,
1101 4415 1183 4467 καί
1208 4414 1302 4466 σὺν
1329 4422 1534 4487 Χριστῷ
1575 4409 1728 4480 εἶναι,
1757 4414 1921 4486 πολλῷ
1958 4417 2055 4489 γὰρ

2235 4400 2458 4456 Praestat
2477 4402 2704 4468 dissolvi,
2724 4409 2774 4455 et
2798 4418 2909 4457 esse
2930 4418 3042 4456 cum
3062 4400 3261 4457 Christo
3277 4401 3439 4474 (Phil.
3456 4405 3495 4469 ι)
3515 4417 3528 4451 :
3552 4406 3716 4453 multo

425 4493 429 4498 ’
491 4502 678 4571 μᾶλλον
698 4509 954 4576 κρεῖσσον*
969 4506 1153 4572 νομίζω
1174 4505 1270 4579 γὰρ
1292 4503 1368 4559 ὅτι
1393 4505 1525 4576 λέγοι
1552 4500 1609 4558 ἀν
1629 4504 2057 4569 ὁῆλιος,(1ςά)λιον

489 4590 755 4654 ἀναλῦσαι,
788 4594 867 4645 καί
889 4593 983 4645 σὺν
1000 4600 1202 4666 Χριστῷ
1222 4590 1360 4647 εἶναι’
1382 4594 1542 4667 πολλῷ
1560 4596 1656 4666 γὰρ
1685 4596 1867 4665 μᾶλλον
1890 4606 2060 4670 κρεῖσ-

489 4700 595 4733 σον.
612 4683 728 4733 ικαὶ
744 4679 768 4734 ὁ
784 4682 874 4753 μὲν
897 4678 1285 4747 Παῦλος,ι’Δλλά
1305 4684 1362 4737 τὸ
1386 4684 1623 4753 impium
1644 4692 1705 4755 τῇ
1726 4687 1872 4755 σαρκί
1894 4688 2055 4757 ἀναγ-

489 4770 741 4842 καιὸτερον
766 4769 828 4824 δι’
853 4771 1081 4842 ὑμᾶς’»ό
1108 4770 1160 4825 δέ
1188 4772 1340 4834 ἥλιος,
1362 4772 1457 4825 (Τὸ
1482 4775 1727 4843 ἐπιμένειν
1742 4782 1813 4845 τῷ
1837 4777 2055 4849 οὐρανίῳ

487 4864 653 4935 τούτῳ
690 4864 890 4932 σώματι
928 4863 1312 4937 ἀναγκαιότερον
1354 4862 1435 4919 διά
1474 4871 1563 4923 τὴν
1602 4866 1912 4937 ἀποκάλυψιν
1954 4876 2053 4922 τῶν

487 4956 668 5009 τέκνων
695 4960 784 5009 τοῦ
811 4960 987 5010 Θεοῦ.»
1013 4955 1087 5008 Τά
1105 4952 1159 5008 δὲ
1181 4956 1312 5008 αὐτὰ
1332 4958 1417 5009 καί
1437 4959 1554 5029 περί
1573 4957 1797 5030 σελήνης,
1828 4960 1914 5012 καί
1935 4961 2055 5034 περὶ

486 5050 587 5099 τῶν
610 5044 794 5098 λοιπῶν
821 5046 1046 5120 ἀστέρων
1073 5045 1288 5099 λεκτέον.

490 5250 584 5332 Ἐκ.
598 5256 956 5332 τοῦ-τετάρτου
983 5252 1131 5332 λόγου
1156 5257 1245 5332 τοῦ
1274 5254 1432 5309 αὑτοῦ
1461 5256 1676 5332 βιθλίου,
1702 5256 1781 5313 ὅτι
1817 5260 1900 5332 καί
1916 5257 2057 5332 ⁸ὑπὲρ

557 5322 805 5400 δαιμόνων
831 5321 921 5400 dei:
948 5323 1031 5400 τόν
1049 5321 1271 5400 Χριστὸν
1308 5321 1689 5400 σταυρωθῆναι,
1714 5331 1795 5383 καὶ
1821 5321 2054 5389 πολλάκις

556 5399 707 5448 τοῦτο
736 5395 807 5452 εἰς
832 5395 952 5454 τοὺς
979 5395 1247 5464 ἐσομένους
1271 5395 1476 5455 αἰῶνας.

556 5530 695 5586 Ἀλλά
712 5526 805 5604 κᾷν
830 5534 992 5608 μέχρι
1010 5538 1101 5588 τοῦ
1124 5532 1311 5593 πάθους
1331 5553 1409 5595 τις
1429 5537 1641 5607 ζητήσῃ,
1660 5534 1901 5611 τολμηρόν
1921 5532 2051 5597 δόξει

484 5628 653 5676 ποιεῖν
696 5622 824 5696 περί
852 5619 970 5692 [τῶν
1012 5623 1251 5692 οὐρανίων
1292 5620 1474 5693 τόπων]
1516 5624 1600 5678 τὸν
1640 5625 1863 5701 οὐράνιον
1900 5622 2051 5679 τόπον

489 5714 611 5769 erit?)
633 5717 811 5778 ζητῶν.
847 5710 966 5769 Ἀλλ’
998 5712 1048 5767 εἴ
1081 5716 1193 5769 ἐστι
1234 5717 1548 5783 πνευματικά
1588 5724 1675 5775 τῆς
1711 5717 1953 5791 πονηρίας
2001 5715 2049 5767 ἐν

490 5800 593 5863 soi;
619 5800 890 5878 οὗρανίοις.
917 5799 1019 5876 ἄρα
1042 5804 1084 5856 εὶ
1106 5804 1278 5876 ὥσπερ
1305 5801 1468 5858 ἐνθάδε
1494 5805 1584 5858 οὐκ
1606 5805 1872 5878 αἰδούμεθα
1895 5824 2050 5860 σταυ-

488 5896 727 5963 ροιίαινον
778 5894 1023 5967 ὁμολογεῖν
1056 5896 1136 5951 ἐπὶ
1179 5896 1457 5973 καθαιρέσει
1496 5894 1559 5950 ὧν
1608 5898 1793 5952 mum:
1831 5896 1915 5952 διὰ
1959 5904 2048 5952 τοῦ

1914 6551 1983 6559 ——

2161 4492 2299 4546 enim
2329 4492 2435 4548 hoc
2461 4494 2669 4548 melius.
2699 4494 2792 4548 Sol
2816 4507 3030 4563 quoque
3051 4493 3155 4547 hoc
3175 4493 3365 4562 ipsum,
3393 4501 3544 4562 puto,
3575 4490 3718 4545 dixe-

2158 4584 2230 4639 rit
2261 4601 2274 4635 :
2305 4582 2527 4638 Praestat
2554 4584 2804 4651 dissolvi,
2836 4593 2893 4639 et
2936 4599 3055 4639 esse
3099 4598 3222 4639 cum
3259 4582 3499 4644 Christo,
3546 4580 3717 4634 multo

2158 4675 2300 4730 enim
2327 4675 2432 4729 hoc
2453 4675 2661 4729 melius.
2692 4673 2955 4730 Caeterum
2985 4674 3176 4729 Paulus
3207 4673 3438 4743 quidem,
3468 4670 3575 4726 Sed
3603 4687 3716 4724 ma-

2156 4781 2297 4833 nere,
2327 4765 2519 4835 inquit,
2555 4767 2611 4820 in
2639 4782 2795 4820 carne
2832 4767 2995 4836 magis
3020 4766 3361 4819 necessarium
3397 4774 3608 4833 propter
3630 4778 3718 4817 vos

2157 4856 2424 4926 (Ibidem);
2441 4856 2534 4913 Sol
2554 4874 2683 4913 vero
2697 4858 2917 4913 dixerit:
2934 4857 3037 4912 Sed
3066 4870 3379 4926 permanere
3407 4856 3459 4909 in
3487 4855 3591 4910 hoc
3603 4870 3718 4910 CIB-

2154 4943 2275 5000 lesti
2301 4961 2526 5014 corpore
2557 4947 2723 5013 magis
2748 4946 3104 5000 necessarium
3133 4955 3215 5001 est
3250 4952 3471 5014 propter
3509 4943 3717 4997 revela-

2153 5036 2353 5090 tionem
2384 5035 2609 5089 ﬁliorum
2639 5035 2752 5090 Dei.
2784 5033 2907 5090 llaec
2931 5034 3116 5090 eadem
3144 5033 3211 5089 de
3248 5033 3371 5088 luna
3405 5031 3717 5099 ceterisque

2155 5125 2324 5181 stellis
2350 5123 2648 5178 dicendum.

2159 5260 2247 5315 Ex
2271 5270 2452 5330 quarto
2481 5260 2705 5330 ejusdem
2735 5260 2855 5330 libri:
2877 5261 3123 5313 volumine
3164 5275 3183 5313 :
3222 5258 3370 5330 Quod
3397 5275 3490 5330 pro
3521 5260 3689 5313 dwmo

2224 5328 2371 5384 nibus
2399 5328 2554 5383 etiam
2593 5339 2790 5401 Oportet
2816 5328 3078 5401 Christum
3097 5329 3346 5401 cruciﬁgi,
3375 5329 3524 5401 idque
3548 5345 3685 5399 saepe

2224 5416 2431 5454 numero
2459 5415 2552 5468 per
2579 5398 2766 5453 secula
2797 5400 2991 5469 futura.

2223 5537 2383 5606 Atqui
2427 5536 2473 5591 si
2509 5536 2595 5590 vel
2637 5536 2705 5592 de
2752 5538 3002 5606 passione
3045 5537 3159 5605 ipsa
3205 5534 3551 5604 quastiouem
3590 5531 3710 5600 quis

2149 5635 2388 5691 moveat,
2435 5626 2688 5682 audacter
2714 5626 2956 5696 profecto
2994 5626 3261 5681 videbitur
3283 5625 3422 5680 circa
3450 5623 3568 5677 loca
3592 5635 3708 5675 etn-

2149 5717 2304 5771 lestia
2350 5714 2400 5769 id
2424 5730 2683 5784 quaerere.
2708 5716 2904 5771 Verum
2930 5715 2974 5769 si
3002 5715 3056 5769 in
3081 5713 3385 5770 caelestibus
3403 5719 3526 5766 sunt
3550 5709 3710 5777 spiri-

2150 5805 2312 5861 tualia
2330 5806 2594 5873 nequitiae,
2617 5805 2753 5861 sicut
2772 5813 2917 5860 certe
2936 5804 3024 5859 hic
3044 5819 3151 5859 non
3174 5800 3531 5857 erubescimus
3553 5796 3707 5851 fateri

2150 5892 2460 5951 cruciﬁxum
2509 5894 2573 5951 ad
2626 5893 2958 5951 demolienda
3004 5908 3121 5963 quze
3149 5888 3394 5963 patiendo
3422 5885 3707 5955 demolitus
