4112 6594
357 495 466 561 989

1422 496 1656 558 LIBER
1691 499 2089 560 ADVERSUS
2125 499 2547 565 ORIGENEM.

3486 508 3592 573 990

364 600 690 666 πεπονθέναι,
734 600 867 656 οὕτω
890 603 1035 675 κάκεῖ
1077 602 1136 655 τό
1176 602 1529 673 παραπλήσιον
1581 598 1801 662 διδόντες
1846 604 1928 672 γί-

2037 609 2142 667 est;
2174 602 2245 656 ita
2271 602 2343 656 ibi
2364 618 2578 672 quoque
2598 605 2770 660 simile
2792 606 2904 661 tieri
2933 609 3592 679 concedentes,etreliqua

365 693 537 747 νεσθαι
555 692 640 745 καί
662 692 725 746 τά
748 692 858 755 ίξῆς
884 692 979 751 ἕως
1007 693 1023 723 ⁸
1045 700 1135 751 τῆς
1162 697 1450 752 συντελείας
1477 698 1567 747 τοῦ
1595 691 1781 751 παντὸς
1810 694 1934 745 αἰῶ-

367 800 471 846 νος,
502 781 557 833 οὗ
576 780 971 852 φοϐηθησόμεθα.

868 897 948 942 Ἐκ
972 895 1062 943 τοῦ
1089 890 1246 943 αὐτοῦ
1268 888 1436 961 λόγου.

438 1003 524 1061 Τίς
541 1006 655 1054 νοῦν
677 999 815 1069 ἔχων
834 999 1061 1075 όρίσεται
1078 1004 1282 1075 πρώτην
1301 1004 1384 1056 καί
1402 998 1640 1075 δευτᾶραν
1661 1003 1744 1055 καί
1762 1003 1936 1075 τρίτην

380 1091 592 1164 ὀμίραν,
621 1089 841 1159 ἑσπέραν
868 1110 922 1144 τε
958 1093 1041 1144 καί
1066 1092 1263 1166 πρωίαν
1287 1094 1453 1165 χωρίς
1481 1091 1618 1149 ἡλίου
1657 1094 1933 1162 γεγονέναι,

380 1184 461 1235 καί
485 1180 715 1244 σελήνης,
742 1182 827 1233 καί
850 1182 1107 1255 ἀστερωνς

443 1275 643 1328 Τούτων
669 1276 832 1327 τοίνυν
856 1272 1016 1334 οὕτως
1039 1275 1293 1343 ἐχόντων,
1324 1277 1411 1330 καί
1448 1279 1581 1330 πᾶσι
1622 1273 1778 1332 δήλων
1799 1294 1936 1344 γενο-

369 1364 525 1432 μένων
538 1371 635 1417 τῶν
647 1364 790 1438 παρά
803 1364 1083 1437 Ὠριγένους
1102 1362 1367 1437 εἰρημένων
1381 1364 1724 1437 βλασφημιῶν,
1740 1388 1777 1420 π
1782 1369 1934 1438 pomi-

367 1472 445 1509 κει
467 1453 549 1509 τὸν
570 1451 648 1508 ἔπ’
674 1455 810 1523 αὐτῷ
834 1454 1239 1525 άναθεματισμόν
1262 1455 1422 1515 οὕτως
1450 1455 1694 1526 γίνεσθαι.

434 1629 498 1686 Εἴ
511 1651 590 1693 τις
617 1633 745 1703 λέγει
782 1632 812 1691 ἦ
840 1621 990 1703 ἔχει,
1020 1634 1378 1706 προϋπάρχειν
1405 1637 1497 1694 τάς
1532 1640 1631 1688 τῶν
1662 1634 1935 1705 ἀνθρώπων

369 1724 576 1795 ψυχάς,
601 1722 680 1779 οἷα
705 1728 879 1800 πρώην
895 1726 1014 1787 νόας
1038 1723 1202 1785 οὔσας
1222 1729 1302 1779 καί
1329 1725 1473 1795 ἀγίας
1502 1724 1764 1794 δυνάμεις,
1795 1727 1935 1803 κόρον

370 1811 423 1870 δέ
450 1815 704 1875 λαϐούσας
727 1823 817 1874 τῆς
842 1816 976 1875 θείας
1001 1816 1230 1890 θεωρίας,
1256 1818 1340 1869 καὶ
1370 1818 1497 1889 πρός
1521 1816 1578 1869 τὸ
1606 1824 1787 1889 χεῖρον
1814 1837 1934 1891 τρα-

2036 704 2204 833 ἓεῖιιο
2231 691 2300 745 ad
2323 694 2486 749 totius
2513 697 2689 750 saeculi
2710 700 3222 754 consummationem
3251 701 3384 755 nihil
3408 700 3593 757 formi-

2075 793 2104 832 a
2145 795 2304 833 imus.

2075 793 2304 834 animus.

2580 891 2668 947 Ea:
2688 895 2865 948 eodem
2891 895 3041 951 libro.

2102 1003 2231 1071 Quis
2254 1020 2385 1060 sana
2409 1015 2587 1061 mente
2613 1016 2813 1063 statuat
2839 1010 3092 1079 primum,
3122 1017 3177 1065 et
3203 1009 3516 1076 secundum,
3537 1018 3594 1065 et

2031 1095 2251 1149 tertium
2295 1096 2458 1165 diem,
2486 1112 2817 1167 vespereque
2853 1107 2909 1154 et
2935 1116 3091 1156 mane
3118 1100 3282 1155 fuisse
3309 1101 3426 1155 sine
3452 1101 3591 1164 sole,

2032 1186 2178 1254 luna,
2209 1195 2263 1241 et
2282 1186 2483 1242 stellis?

2101 1276 2197 1332 His
2241 1278 2399 1344 igitur
2442 1278 2514 1332 ita
2556 1291 2614 1333 se
2644 1278 3000 1346 habentibus,
3032 1270 3306 1348 i'actisque
3346 1277 3595 1333 omnibus

2032 1367 2210 1437 palam
2261 1364 2503 1435 Origenis
2552 1368 2936 1436 blasphemiis,
2992 1369 3491 1424 anathematismum
3535 1366 3597 1423 in

2034 1457 2206 1527 ipsum
2233 1457 2310 1512 sic
2340 1456 2453 1512 ﬁeri
2482 1460 2751 1513 convenit.

2103 1548 2144 1602 l.
2177 1547 2234 1602 Si
2272 1548 2391 1616 quis
2435 1548 2563 1602 dicit
2611 1558 2704 1602 aut
2732 1549 2893 1603 sentit
2932 1549 3274 1618 praeexistere
3319 1546 3593 1602 hominum

2033 1639 2259 1704 animas,
2289 1647 2347 1692 ut
2373 1646 2500 1706 pote
2526 1653 2644 1706 qna‘.
2670 1647 2825 1693 antea
2854 1648 3061 1693 mentes
3089 1639 3286 1693 fuerint
3311 1646 3366 1691 et
3394 1645 3594 1691 sancta)

2033 1727 2278 1792 virtutes,
2310 1727 2719 1797 satietatemque
2741 1728 2948 1796 cepisse
2975 1728 3163 1782 divina:
3187 1726 3596 1796 contemplatio-

2034 1817 2149 1883 nis,
2187 1825 2243 1871 et
2269 1817 2321 1870 in
2352 1817 2587 1871 deterius
2615 1833 2901 1872 conversas
2921 1833 3067 1884 esse,
3100 1825 3259 1886 atque
3282 1817 3479 1871 idcirco
3506 1831 3596 1870 re-

370 1907 554 1965 πείσας
575 1943 590 1969 ,
619 1907 702 1959 καί
736 1902 821 1958 διά
857 1911 1005 1960 τοῦτο
1042 1904 1394 1975 ἀποψυγείσας
1421 1907 1511 1974 μὶν
1551 1914 1643 1964 τῆς
1680 1912 1772 1960 τοῦ
1806 1910 1933 1958 Θεοῦ

2037 1907 2245 1963 frixisse
2264 1925 2295 1962 a
2316 1907 2411 1961 Dei
2438 1906 2718 1973 charitate,
2749 1916 2805 1961 et
2840 1907 2965 1963 inde
2993 1909 3175 1978 ψυχάς
3201 1906 3405 1970 Graece,
3436 1903 3489 1958 id
3515 1913 3598 1959 est

371 1994 593 2063 ἀγάπης,
619 1991 841 2048 ἐντεῦθεν
865 1991 917 2047 δὲ
945 1992 1132 2063 ψυχάς
1161 1994 1552 2063 ὀνομασθείσας,
1578 1995 1664 2047 καί
1690 1997 1934 2068 τιμωρίας

372 2080 528 2157 χάριν
552 2086 623 2141 είς
647 2084 863 2151 σώματα
883 2084 1354 2153 καταπεμφθείσας,
1377 2083 1619 2152 ἀνάθεμα.

436 2165 497 2224 Εἴ
527 2191 605 2229 τις
629 2171 757 2241 λέγει
784 2169 813 2228 ἦ
843 2168 874 2224 ἕ
876 2190 964 2240 χει
1002 2176 1092 2230 τὴν
1130 2179 1219 2226 τοῦ
1249 2173 1425 2245 κυρίου
1455 2168 1634 2239 ψυχὴν
1661 2171 1933 2243 προϋπάρ-

371 2282 515 2332 χειν,
540 2264 626 2316 καί
652 2264 896 2332 ἡνωμένην
932 2264 1225 2334 γεγενῆσθαι
1250 2270 1322 2328 τῷ
1347 2269 1455 2333 Θεῷ
1481 2262 1610 2333 λόγῳ
1642 2262 1742 2330 πρὸ
1767 2268 1855 2319 τῆς
1884 2261 1937 2313 ἐκ

368 2351 615 2426 παρθένου
643 2353 948 2425 σαρκὼεώς
974 2371 1058 2409 τε.
1089 2354 1173 2405 καὶ
1196 2356 1501 2423 γεννήσεως,
1530 2352 1752 2419 ἀνάθεμα
1780 2347 1932 2403 ἴστω.

439 2438 589 2500 Βῖτις
618 2440 749 2512 λέγει
780 2439 809 2498 ἦ
862 2438 894 2494 ἕ
895 2460 1005 2510 χει,
1035 2448 1235 2515 πρῶτον
1261 2442 1549 2496 πεπλάσθαι
1578 2442 1635 2495 τό
1663 2448 1810 2513 σῶμα
1844 2446 1937 2495 τοῦ

369 2534 541 2605 κυρίου
563 2534 702 2604 ἡμῶν
718 2540 874 2591 Ἰησοῦ
900 2542 1124 2610 Χριστοῦ
1152 2537 1201 2590 ἰν
1229 2543 1291 2610 τῇ
1317 2540 1482 2610 μήτρᾳ
1506 2544 1598 2595 τῆς
1626 2536 1770 2607 ἀγίας
1798 2558 1937 2611 παρ·

369 2629 531 2691 θένου,
555 2630 641 2681 καί
664 2630 792 2699 μετά
818 2635 982 2684 ταῦτα
1006 2629 1243 2690 ἓνωθῆναι
1266 2633 1405 2698 αὐτῷ
1426 2632 1510 2685 τὸν
1529 2633 1650 2685 Θεὸν
1674 2632 1836 2702 λόγον,
1854 2635 1939 2687 καί

372 2720 462 2775 τὴν
487 2715 667 2787 tituli?
687 2718 754 2777 ὡς
783 2719 1186 2793 προϋπάρξασαν
1202 2759 1218 2787 ,
1248 2721 1470 2792 ἀνάθεμα
1495 2719 1654 2776 ἔστω.

439 2804 504 2859 Εἴ
538 2827 615 2866 τις
654 2807 783 2880 λέγει
805 2806 835 2866 ἦ
866 2806 1007 2877 ἔχει.
1048 2814 1179 2863 πᾶσι
1203 2818 1307 2870 τοίς
1334 2812 1647 2884 ἐπουρανίοις
1689 2811 1939 2881 τόγμασιν

370 2897 717 2967 ἃξομοιωθῆναι
737 2897 820 2951 τόν
834 2904 923 2952 τοῦ
947 2905 1073 2952 Θεοῦ
1093 2899 1255 2970 λόγον,
1277 2900 1539 2972 γενόμενον
1558 2906 1668 2959 τοῖς
1687 2900 1941 2975 Χερουϐὶμ

372 2986 656 3063 Χερουϐὶμ,
709 2989 795 3042 καὶ
852 2995 957 3047 τοῖς
1015 2991 1228 3063 Σεραφὶμ
1277 2992 1535 3063 Σεραφίμ,
1603 2992 1687 3043 καί
1750 2990 1940 3050 πάσαις

372 3074 542 3137 ἅπλῶς
567 3083 681 3136 ταῖς
707 3072 811 3130 άνω
836 3075 1108 3147 δυνάμεσιν
1135 3078 1502 3150 ὶξομοιωθέντα,
1531 3079 1753 3148 ἀνάθεμα
1778 3078 1808 3132 ἕ
1810 3100 1937 3132 στω.

2036 1997 2243 2053 animas
2264 2011 2382 2051 esse
2402 2005 2752 2065 nuncupatas,
2773 1996 3135 2066 demissasque
3154 2011 3273 2051 esse
3294 1996 3347 2049 in
3370 2008 3597 2065 corpora

2033 2086 2284 2156 supplicii
2312 2100 2474 2140 causa
2508 2102 2522 2139 :
2554 2087 2838 2140 anathema
2865 2087 2954 2142 sit.

2108 2177 2170 2231 ιι.
2200 2177 2400 2245 Siquis
2427 2176 2557 2230 dicit
2594 2185 2685 2230 aut
2711 2178 2876 2231 sentit
2917 2177 3127 2231 Domini
3174 2178 3406 2230 animam
3451 2175 3600 2246 prius

2033 2270 2324 2334 exstitisse,
2355 2277 2515 2337 atque
2536 2270 2739 2323 unitam
2768 2270 2928 2323 fuisse
2953 2270 3064 2323 Deo
3089 2269 3266 2323 Verbo
3286 2278 3409 2323 ante
3430 2269 3601 2323 incarv

2036 2360 2308 2414 nationem
2331 2366 2386 2412 et
2411 2358 2809 2425 generationem
2833 2373 2899 2412 ex
2920 2357 3136 2426 Virgine
3162 2374 3175 2409 :
3203 2357 3486 2410 anathema
3508 2346 3598 2409 sit'.

2106 2446 2191 2501 Ill.
2224 2447 2283 2503 Si
2310 2447 2429 2516 quis
2467 2446 2597 2501 dicit
2634 2454 2726 2500 aut
2751 2447 2915 2502 sentit
2940 2446 3172 2515 primum
3210 2444 3600 2500 conformatum

2038 2554 2155 2595 esse
2176 2554 2370 2608 corpus
2389 2537 2599 2592 Domini
2621 2538 2788 2593 nostri
2809 2537 2935 2592 Jesu
2949 2535 3144 2591 Christi
3171 2536 3225 2590 in
3253 2544 3407 2590 utero
3434 2535 3603 2590 beatae

2036 2630 2268 2698 Virginis
2289 2671 2305 2695 ,
2358 2644 2421 2684 ac
2448 2636 2635 2699 postea
2673 2629 2879 2684 unitum
2915 2628 2963 2681 ei
3005 2642 3123 2683 esse
3151 2627 3318 2681 Deum
3346 2625 3602 2692 Verbum,

2036 2726 2093 2774 et
2118 2719 2371 2786 animam,
2402 2727 2460 2772 ut
2487 2727 2612 2788 pote
2638 2733 2756 2787 quae
2781 2727 2905 2773 ante
2934 2716 3119 2771 fuisset
3150 2733 3165 2769 :
3197 2715 3481 2770 anathema
3509 2714 3600 2771 sit.

2107 2807 2196 2861 IV.
2225 2807 2280 2862 Si
2309 2809 2429 2877 quis
2454 2809 2585 2863 dicit
2608 2817 2699 2862 aut
2719 2810 2884 2863 sentit
2910 2808 3157 2862 omnibus
3184 2807 3488 2862 cmlestibus
3514 2820 3605 2860 or-

2037 2896 2255 2951 dinibus
2280 2898 2629 2952 assimilatum
2658 2912 2777 2953 esse
2802 2898 2969 2952 Deum
3017 2895 3276 2961 Verbum,
3307 2894 3604 2950 cherubin»

2039 3004 2144 3060 que
2170 2987 2366 3044 factum
2403 3004 2522 3045 esse
2549 2989 2677 3058 ipsis
2713 2988 3022 3053 cherubim,
3070 2995 3128 3041 et
3166 2986 3435 3055 seraphim
3477 2984 3605 3054 ipsis

2039 3080 2329 3151 seraphim,
2355 3095 2419 3135 ac
2441 3080 2685 3135 omnibus
2706 3079 2862 3148 plane
2886 3076 3131 3147 supernis
3150 3076 3435 3130 virtutibus
3459 3073 3604 3130 simi-

2039 3168 2146 3224 lem
2176 3185 2295 3225 esse
2323 3168 2517 3223 factum
2545 3186 2558 3221 :
2581 3169 2861 3223 anathema
2882 3169 2970 3224 sit.

442 3256 507 3311 Εἴ
538 3278 617 3316 τις
650 3258 781 3329 λέγει
829 3257 860 3317 ἦ
891 3258 1035 3329 ἔχει,
1065 3259 1116 3313 ἓν
1153 3266 1216 3332 τῇ
1253 3260 1532 3313 ἀναστάσει
1564 3257 1850 3333 σφαιροειδῆ
1876 3261 1937 3314 τά

2114 3260 2181 3315 ν.
2204 3260 2260 3314 Si
2286 3259 2405 3328 quis
2430 3258 2558 3314 dicit
2584 3266 2675 3313 aut
2700 3259 2882 3323 sentit,
2902 3259 2955 3312 in
2975 3257 3366 3313 resurrectione
3379 3268 3604 3326 corpora

376 3352 474 3401 τῶν
501 3348 770 3421 ἀνθρώπων
800 3348 1077 3422 ἐγείρεσθαι
1101 3350 1314 3417 σώματα
1332 3387 1346 3412 ,
1373 3351 1458 3401 καί
1477 3349 1586 3418 οὐχ
1609 3348 1839 3420 ὁμολογεῖ
1855 3349 1943 3423 ὁρ·-

375 3436 511 3495 θίους
536 3438 669 3508 ἡμᾶς
694 3438 991 3508 ἔγείρεσθαι,
1025 3438 1246 3507 ἀνάθεμα
1272 3436 1424 3492 ἔστω.

444 3528 599 3585 εἴτις
616 3526 748 3598 λέγει
775 3527 976 3601 οὐρανὸν
1006 3529 1092 3580 καὶ
1119 3527 1253 3584 ἥλιον
1272 3529 1355 3580 καί
1377 3526 1596 3592 σελήνην,
1620 3529 1701 3581 καί
1722 3529 1943 3602 ἀστέρας

376 3619 463 3671 καὶ
489 3615 652 3672 ὕδατα
679 3618 744 3671 τά
775 3618 1010 3690 ὑπεράνω
1044 3624 1143 3671 τῶν
1181 3618 1399 3691 οὐρανῶν
1431 3617 1700 3688 ὶμψύχους
1723 3622 1806 3672 καί
1834 3617 1941 3689 [λο-

377 3706 549 3775 γεκάς,
597 3714 654 3758 ut
698 3705 834 3760 bene
882 3706 1185 3759 observavit
1231 3705 1526 3773 Paganinus
1575 3706 1942 3777 Gaudentius]

377 3794 547 3855 ὑλικάς
573 3791 695 3849 εἷναί
716 3816 855 3856 τινας
885 3794 1141 3867 δυνάμεις,
1173 3794 1399 3865 ἀνάθεμα
1423 3794 1577 3851 ἔστω.

448 3882 510 3937 Εἴ
548 3906 627 3944 τις
667 3885 797 3957 λέγει
845 3884 874 3943 ἦ
915 3884 944 3939 ἕ
947 3906 1069 3955 χει,
1102 3882 1179 3939 ὅτι
1212 3884 1237 3938 ό
1267 3883 1518 3945 δεσπότης
1542 3886 1757 3955 Χριστός
1795 3887 1842 3939 ἐν
1870 3893 1941 3959 τῷ

378 3972 600 4043 μέλλοντι
622 3976 760 4028 αἰῶνι
785 3975 1205 4047 σταυρωθήσεται
1227 3973 1357 4046 ὑπὲρ
1391 3972 1660 4046 δαιμόνων,
1692 3977 1820 4029 καθά
1859 3979 1944 4029 καί

378 4063 507 4136 ὑπὲρ
534 4065 824 4138 ἀνθρώπων,
849 4065 1064 4135 ἀνάθεμα
1084 4062 1236 4118 ἔστω.

448 4153 512 4207 Εἴ
551 4176 630 4215 τις
664 4156 795 4228 λέγει
821 4154 850 4213 ἦ
881 4153 1023 4224 ἔχει,
1069 4152 1099 4211 ἦ
1139 4153 1523 4225 πεπερασμένην
1562 4147 1687 4206 εἶναι
1723 4157 1812 4210 την
1851 4158 1938 4207 τοῦ

378 4253 505 4301 Θεοῦ
536 4245 767 4316 δύναμιν,
795 4250 880 4301 καί
902 4246 1028 4317 Heg.
1050 4243 1103 4313 ἢ]
1129 4252 1359 4301 τοσαῦτα
1381 4245 1531 4301 αὐτὸν
1554 4243 1940 4317 δημιουργῆσαι,

377 4336 491 4390 ὅσον
520 4335 931 4412 περιδράξασθαι,
967 4340 1186 4407 ἀνάθεμα
1215 4334 1372 4391 ἔστω.

444 4424 506 4479 Εἴ
525 4449 602 4487 τις
630 4428 761 4499 λέγει
795 4426 825 4486 ἦ
853 4426 882 4480 ἒ
886 4448 1000 4497 χει,
1025 4427 1333 4503 πρόσκαιρον
1364 4421 1487 4481 εἶναι
1511 4429 1601 4484 τήν
1639 4432 1738 4479 τῶν
1765 4423 1941 4499 δαιμό-

376 4537 469 4571 νων
514 4521 597 4573 καί
624 4519 826 4573 ἀσεϐῶν
849 4519 1118 4589 ἀνθρώπων
1146 4517 1369 4580 κόλασιν,
1399 4518 1483 4571 καί
1509 4516 1648 4574 τέλος
1672 4517 1803 4570 κατά
1831 4537 1942 4570 τινα

375 4606 556 4680 χρόνον
583 4608 741 4665 αὐτὴν
767 4608 909 4671 ἕξειν,
945 4608 1096 4678 ἤγουν
1133 4607 1547 4662 ἀποκατάστασιν
1573 4606 1799 4675 γενέσθαι
1826 4602 1937 4658 δαι-

376 4699 554 4767 μόνων,
582 4697 613 4757 ἦ
641 4698 841 4752 ἀσεϐῶν
871 4699 1165 4773 ἀνθρώπων,
1188 4698 1407 4767 ἀνάθεμα
1428 4694 1584 4751 ἴστω.

442 4876 693 4947 Ἀνάθεμα
718 4881 801 4931 καί
822 4876 1063 4951 Ὠριγὲνει
1090 4884 1166 4947 τῷ
1202 4879 1287 4930 καί
1308 4873 1616 4947 ’Δδαμαντίῳ
1667 4884 1740 4950 τῷ
1777 4885 1936 4934 ταῦτα

376 4970 608 5039 ἑκθεμίνῳ
646 4971 775 5038 μετά
821 4976 921 5022 τῶν
961 4974 1208 5039 μυσαρῶν
1250 4968 1400 5021 αὐτοῦ
1449 4969 1531 5019 καί
1567 4966 1938 5040 ἑπικαταράτων

374 5058 555 5127 ἐναγῶν
566 5078 621 5112 τε
632 5056 910 5129 δογμάτων,
929 5059 1014 5111 καί
1034 5059 1183 5111 παντί
1205 5058 1463 5129 προσώπῳ
1484 5061 1736 5126 φρονοῦντι
1754 5063 1935 5117 ταῦτα.

375 5143 405 5201 ἦ
433 5143 729 5205 ἐκδικοῦντι.
758 5146 787 5204 ἦ
812 5144 966 5215 [κατά
997 5167 1109 5200 τινα
1139 5139 1350 5217 τρόπον]
1376 5144 1504 5197 κατά
1528 5164 1579 5198 τι
1604 5145 1857 5205 παντελῶς
1886 5145 1935 5198 ἐν

376 5230 648 5304 οίῳδῆποτε
670 5236 841 5308 χρόνῳ
865 5236 1056 5290 τούτων
1080 5234 1441 5289 ἀντιποιεῖσθαι
1466 5232 1732 5304 τολμῶντε.

378 5369 597 5445 Γράιθαα
621 5380 711 5426 τοῦ
739 5374 981 5443 βασιλέως
1008 5372 1354 5445 ’1ουστινιανοῦ
1382 5371 1514 5445 πρὸς
1539 5375 1623 5429 τήν
1643 5370 1789 5442 ἀγίαν
1814 5372 1933 5425 σύν-

620 5438 1067 5518 περί’⁶ί).ριγίνους,
1097 5447 1177 5497 καί
1199 5451 1297 5499 τῶν
1325 5438 1609 5517 ὁμογρόνων
1636 5438 1813 5497 αὖτοῦ.

442 5580 636 5640 Σπουδὴ
662 5582 857 5653 γέγονεν
897 5583 1010 5651 ἡμῖν
1054 5603 1133 5635 και
1175 5579 1333 5646 ἔστιν,
1376 5582 1642 5654 ἀτάραχον
1668 5584 1755 5639 τήν
1792 5579 1936 5653 ἁγίαν

376 5672 464 5723 τοῦ
488 5674 616 5723 Θεοῦ
653 5670 735 5721 καὶ
765 5668 1094 5727 ἀποστολικην
1125 5669 1374 5728 ἐκκλησίαν
1399 5669 1836 5741 διαφυλάττεσθαι,
1862 5671 1929 5730 ὡς

449 5892 464 5921 ⁸
490 5888 624 5946 Sunt
649 5890 739 5959 qui
770 5890 859 5945 hic
885 5888 989 5959 legi
1012 5888 1206 5953 velint,
1234 5891 1319 5947 ἐπὶ
1348 5896 1435 5950 τῆς
1464 5888 1748 5951 συντελείας
1781 5902 1794 5942 :
1827 5885 1918 5942 sed

378 5960 509 6019 nihil
533 5956 863 6031 mutandum.
897 5956 1218 6014 Hannmxus.

2043 3352 2318 3407 hominum
2362 3350 2657 3406 orbiculata
2701 3350 2981 3419 suscitari,
3028 3364 3127 3405 nec
3170 3347 3456 3405 conﬁtetur
3500 3361 3600 3402 nos

2042 3443 2288 3499 suscitari
2316 3450 2493 3497 rectos
2519 3459 2533 3494 :
2556 3440 2841 3494 anathema
2869 3440 2957 3495 sit.

2115 3532 2204 3587 Vl.
2234 3531 2293 3587 Si
2332 3533 2452 3600 quis
2492 3529 2621 3584 dicit
2655 3529 2871 3595 caelum,
2913 3537 2970 3584 et
3005 3529 3191 3593 solem,
3222 3536 3278 3582 et
3309 3528 3508 3593 lunam,
3548 3531 3604 3583 et

2039 3622 2247 3685 stellas,
2274 3628 2329 3676 et
2364 3633 2529 3687 aquas
2557 3633 2675 3687 quae
2711 3634 2873 3688 super
2901 3619 3067 3674 caelos
3093 3627 3234 3682 sunt,
3266 3619 3526 3671 animatas
3552 3625 3604 3672 et

2041 3711 2345 3766 materiales
2374 3710 2605 3782 [ratione
2626 3706 2893 3779 przeditas]
2920 3724 3039 3764 esse
3065 3708 3319 3779 quasdam
3339 3708 3560 3762 virtutes
3587 3723 3601 3758 :

2040 3800 2325 3854 anathema
2347 3798 2434 3852 sit.

2111 3887 2220 3942 νυ.
2251 3887 2308 3943 Si
2335 3888 2454 3957 quis
2482 3888 2611 3944 dicit
2633 3896 2726 3944 aut
2751 3886 2915 3942 sentit
2941 3885 3223 3940 Dominum
3252 3883 3520 3939 Christum
3546 3881 3601 3939 in

2040 3978 2217 4034 futuro
2236 3978 2432 4033 saeculo
2455 3978 2763 4033 cruciﬁxum
2788 3976 2848 4030 iri
2874 3992 2970 4044 pro
2993 3976 3337 4039 dmmonibus,
3364 3974 3522 4031 sicuti
3541 3985 3597 4030 et

2043 4085 2138 4140 pro
2159 4068 2463 4123 hominibus
2495 4086 2507 4120 :
2540 4068 2822 4122 anathema
2852 4066 2941 4120 sit.

2112 4152 2242 4210 VIII.
2270 4155 2327 4210 Si
2358 4155 2476 4223 quis
2500 4154 2627 4209 dicit
2654 4164 2746 4208 aut
2773 4153 2954 4219 sentit,
3001 4151 3086 4205 vel
3122 4149 3322 4203 (initam
3362 4163 3480 4203 esse
3504 4149 3598 4202 Dei

2038 4252 2389 4314 potestatem,
2418 4244 2501 4297 vel
2529 4258 2649 4297 eum
2680 4249 2828 4296 tanta
2856 4239 3079 4307 fecisse,
3128 4246 3326 4307 quanta
3354 4251 3601 4307 compte.-

2039 4333 2274 4389 bendcre
2303 4334 2478 4402 potuit
2505 4350 2517 4383 :
2544 4332 2828 4385 anathema
2850 4330 2939 4383 sit.

2110 4419 2198 4475 IX.
2230 4420 2287 4474 Si
2307 4421 2427 4489 quis
2456 4419 2589 4474 dicit
2612 4427 2704 4473 aut
2722 4419 2907 4479 sentit,
2934 4416 3000 4470 ad
3031 4424 3238 4484 tempus
3260 4427 3378 4468 esse
3405 4412 3603 4467 daamo-

2042 4526 2165 4564 num
2186 4518 2242 4564 et
2264 4509 2547 4579 impiorum
2562 4506 2833 4562 hominum
2855 4504 3189 4574 supplicium,
3214 4502 3432 4570 ejusque
3446 4502 3603 4556 tinem

2041 4600 2323 4671 aliquando
2336 4600 2706 4665 futurum,sive
2718 4597 3106 4652 restitutionem
3122 4603 3176 4648 et
3195 4593 3606 4663 redintegratio-

2041 4705 2164 4744 nem
2193 4688 2308 4743 fore
2335 4689 2635 4744 daimontun
2672 4694 2765 4741 aut
2800 4685 3083 4755 impiorum
3126 4683 3396 4737 hominum
3428 4700 3441 4735 :
3473 4698 3598 4738 ana-

2044 4782 2223 4836 thema
2252 4782 2342 4839 sit.

2077 4850 2086 4859 .
2115 4869 2407 4925 Anathema
2436 4876 2492 4923 et
2518 4866 2752 4937 Origeni,
2781 4866 2869 4935 qui
2897 4873 2953 4920 et
2975 4864 3340 4926 Adamantius,
3373 4861 3461 4931 qui
3489 4861 3602 4916 haec

2039 4961 2287 5031 exposuit
2315 4976 2419 5014 una
2447 4974 2566 5014 cum
2597 4959 2797 5013 nefaria
2827 4964 2987 5025 atque
3015 4953 3328 5010 exsecrabili
3348 4952 3600 5006 scelesta-

2039 5064 2144 5119 que
2169 5049 2285 5117 ejus
2312 5048 2587 5113 doctrina,
2617 5055 2671 5101 et
2697 5045 2866 5101 cuivis
2904 5046 2994 5113 qui
3022 5059 3085 5100 ea
3115 5042 3343 5107 sentiat,
3387 5048 3478 5095 aut
3504 5040 3601 5094 de—

2040 5140 2222 5196 fendat
2243 5178 2259 5205 ,
2304 5147 2396 5193 aut
2423 5138 2535 5193 ullo
2567 5135 2731 5191 modo
2759 5148 2977 5205 prorsus
3013 5146 3332 5202 quocunque
3361 5137 3603 5200 tempore

2042 5231 2181 5286 tueri
2206 5235 2509 5300 ιιεωευιηοι.

2039 5379 2065 5407 ι
2097 5369 2304 5424 Littera
2336 5367 2617 5422 Iustiniani
2651 5364 2976 5434 imperatoris
2999 5363 3068 5416 ad
3094 5370 3323 5434 sanctam
3351 5360 3601 5431 synodum

2275 5439 2409 5492 C.P.
2442 5437 2505 5490 de
2532 5432 2755 5505 Origene
2778 5441 2829 5489 et
2855 5432 3185 5487 sectatoribus
3213 5432 3343 5502 ejus.

2110 5575 2359 5631 Studium
2387 5583 2628 5630 nostrum
2658 5574 2757 5629 fuit
2783 5580 2839 5627 et
2864 5579 2966 5635 est,
2997 5580 3234 5626 sanctam
3262 5569 3356 5623 Dei
3383 5576 3439 5623 et
3463 5582 3592 5638 apo-

2032 5670 2273 5726 stolicam
2293 5667 2581 5725 Ecclesiam
2604 5681 2635 5720 a
2662 5664 2832 5719 turbis
2856 5677 3099 5720 securam
3120 5660 3408 5728 custodire,
3437 5666 3594 5729 prout

2101 5895 2124 5922 ἰ
2154 5884 2427 5939 Pertinent
2452 5886 2533 5940 ha:
2556 5885 2747 5956 litterae
2775 5884 2841 5941 ad
2870 5883 3134 5956 synodum
3169 5897 3202 5936 a
3229 5880 3422 5936 Manna
3443 5878 3587 5937 cele-

2029 5956 2234 6011 bratam
2257 5955 2353 6010 cir.
2378 5970 2464 6010 an.
2498 5956 2592 6011 Ch.
2619 5955 2743 6010 5&5.
