4088 6580
494 431 598 516 991

1799 422 2237 486 IUSTINIANI
2278 423 2436 485 IMP.

3609 427 3717 492 992

501 530 714 596 δικαιον,
745 532 823 585 καί
846 531 906 586 τά
935 533 1168 589 ὁπωσοῦν
1192 530 1508 601 ἀναφυόμενα
1531 535 1594 602 τῇ
1619 527 1861 600 ὀρθοδόξῳ
1889 531 2060 584 πίστει

2174 545 2259 598 par
2298 538 2379 584 est
2421 538 2476 583 et
2512 544 2574 583 ea
2609 545 2728 600 qua:
2766 546 3086 604 quocunque
3129 532 3290 588 modo
3316 540 3504 592 contra
3532 535 3724 592 ortho-

502 623 693 675 ἄναντία
718 621 1113 691 κατακρίνεσθαι.

570 711 702 764 Ἐπεί
716 715 879 766 τοίνυν
899 708 1198 779 διέγνωσται
1218 711 1352 779 ἡμῖν,
1382 711 1450 770 ὥς
1478 731 1604 771 τινες
1626 713 1676 764 ἓν
1699 711 2063 785 Ἱεροσολύμοις

503 801 602 852 εἰσί
643 802 866 869 μοναχόί
910 797 1179 861 δήπουθεν,
1227 799 1520 872 Πυθαγόρᾳ,
1561 803 1642 853 καί
1681 802 1932 863 Πλάτωνι,
1981 801 2064 852 καί

503 895 740 964 Ὠριγίνει
767 897 839 962 τῷ
862 888 1198 960 Ἂδαμαντίῳ,
1241 893 1324 944 καί
1356 897 1417 965 τῇ
1445 891 1634 945 τούτων
1667 889 1939 963 δυσσεϐείκ
1983 894 2065 944 καί

505 982 660 1053 πλάνῃ
685 981 1170 1045 κατακολουθοῦντες,
1201 984 1287 1034 καί
1327 979 1672 1040 διδάσκοντες·
1702 980 1808 1034 δεῖν
1843 983 2064 1053 ᾠήθημεν

437 1088 445 1096 '
505 1070 740 1146 φροντίδα
784 1075 869 1125 καί
895 1075 1098 1134 ζήτησιν
1135 1073 1440 1130 ποιήσασθαι
1475 1075 1593 1146 περὶ
1629 1071 1858 1137 τούτων,
1888 1074 1970 1128 ἶνα
1996 1080 2065 1143 μὴ

506 1162 664 1216 τίλεον
690 1160 773 1215 διά
816 1169 905 1221 τῆς
935 1162 1207 1242 Ἑλληνικῆς
1234 1165 1319 1215 καί
1343 1171 1656 1233 Μανιχαῐκῆς
1685 1164 1878 1223 ἀπάτης
1903 1166 2067 1216 αὐτῶν

506 1254 719 1312 πολλοὺς
763 1255 1071 1308 ἀπολέσωσι.
1115 1256 1330 1325 Λέγουσι
1369 1258 1498 1326 γὰρ,
1539 1257 1619 1308 ἵνα
1650 1255 1701 1308 ἐκ
1741 1263 1838 1310 τῶν
1877 1258 2068 1310 πολλῶν

507 1343 646 1415 ὀλίγα
667 1345 1106 1414 μνημονεύσωμεν,
1132 1343 1208 1398 ὅτι
1231 1346 1336 1403 νὸες
1354 1343 1484 1402 ἦσαν
1505 1344 1633 1415 δίχα
1655 1346 1836 1406 παντὸς
1855 1347 2065 1419 ἀριθμοῦ

509 1452 562 1486 τε
591 1436 673 1486 καί
699 1433 968 1502 ὀνόματος,
1000 1435 1067 1492 ὡς
1096 1432 1242 1487 ἕνάδα
1269 1435 1466 1486 πάντων
1495 1430 1616 1487 εἶναι
1645 1442 1743 1488 τῶν
1781 1435 1983 1506 λογικῶν
2006 1443 2067 1508 τῇ

509 1525 781 1583 ταυτότητι
816 1532 904 1585 τῆς
934 1527 1110 1584 οὐσίας
1137 1529 1219 1578 καί
1247 1523 1515 1598 ἐνεργείας,
1545 1528 1630 1579 καί
1657 1535 1717 1600 τῇ
1759 1524 1962 1598 δυνάμει
2007 1535 2068 1599 τῇ

510 1616 640 1684 πρός
664 1615 746 1669 τὸν
766 1615 883 1668 Θεὸν
909 1615 1050 1684 λόγον
1087 1615 1262 1668 ἑνώσει
1295 1635 1349 1668 τε
1386 1618 1467 1667 καί
1488 1617 1687 1686 γνώσει.
1720 1619 1807 1668 Καὶ
1834 1619 1902 1675 ὡς
1927 1617 2070 1689 κόρον

512 1707 676 1759 αὐτῶν
700 1705 1044 1775 λαμϐανόντων
1077 1713 1168 1763 τῆς
1201 1706 1332 1763 θείας
1365 1707 1568 1776 ἀγάπης
1607 1709 1688 1759 καί
1714 1707 1920 1780 θεωρίας
1945 1708 2071 1761 κατά

511 1798 801 1866 ἀναλογίαν,
834 1797 917 1850 ἐπί
945 1797 1004 1849 τό
1034 1803 1213 1868 χεῖρον
1239 1804 1329 1856 τῆς
1356 1796 1573 1850 ἑκάστου
1610 1805 1798 1873 τροπῆς
1824 1796 2071 1866 λεπτομε-

2161 619 2354 674 doxam
2376 620 2533 675 tidem
2560 632 2902 688 enascuntur,
2930 624 3310 678 condemnare.

2231 709 2362 765 Cum
2384 723 2510 776 ergo
2525 718 2856 779 compertum
2878 713 3190 780 habeamus,
3205 728 3322 768 esse
3342 712 3727 785 Hierosolymis

2161 797 2420 864 quosdam
2457 798 2707 851 nimirum
2738 802 3028 856 monachos
3055 803 3144 870 qui
3175 801 3509 872 Pythagone,
3539 802 3726 858 Plato.

2162 886 2244 939 nis
2271 885 2617 955 Origenisque
2648 887 2947 942 Adamantii
2988 887 3180 960 impios
3209 905 3423 946 errores
3455 900 3727 947 sectentur

2164 989 2228 1028 ac
2243 974 2498 1040 doceant;
2522 977 2938 1032 existimavimus
2959 993 3140 1032 curam
3165 986 3220 1033 et
3241 979 3639 1048 inquisitionem
3657 980 3728 1036 de

2165 1062 2230 1116 iis
2257 1063 2631 1131 adhibendam,
2659 1079 2726 1119 ne
2750 1065 2786 1119 ii
2815 1066 3028 1120 tandem
3058 1068 3328 1136 paganicis
3351 1076 3405 1122 et
3437 1068 3730 1124 Manichai-

2165 1153 2242 1207 cis
2260 1153 2369 1207 suis
2397 1153 2705 1222 imposturis
2729 1156 2927 1210 multos
2955 1158 3194 1225 perdant.
3227 1157 3422 1212 Dicunt
3450 1159 3592 1212 enim
3628 1159 3730 1229 (ut

2165 1239 2232 1294 de
2258 1241 2436 1296 multis
2456 1257 2622 1310 pauca
2643 1246 3143 1313 commemoramus)
3172 1254 3375 1301 mentes
3391 1248 3552 1300 fuisse
3576 1261 3730 1316 pror-

2166 1346 2257 1385 sus
2279 1339 2335 1384 et
2360 1332 2565 1386 numeri
2595 1340 2651 1386 et
2670 1333 2900 1388 nominis
2927 1343 3212 1402 expertes;
3260 1336 3544 1404 omniaque
3566 1337 3731 1390 ratio-

2169 1419 2307 1471 nalia
2332 1435 2493 1472 unum
2519 1435 2638 1475 esse
2664 1421 2943 1476 identitate
2968 1423 3276 1477 substantia:
3303 1433 3358 1478 et
3379 1425 3726 1494 operationis,

2167 1517 2223 1563 et
2245 1510 2440 1564 virtute
2467 1510 2606 1579 apud
2631 1512 2798 1570 Deum
2827 1512 3058 1567 Verbum
3097 1529 3193 1583 per
3207 1515 3514 1592 .unitionem
3541 1524 3596 1570 et
3632 1532 3729 1570 co-

2169 1598 2479 1665 gnitionem.
2528 1599 2634 1656 Has
2659 1615 2788 1655 vero
2815 1607 3056 1670 mentes,
3088 1604 3177 1657 ubi
3206 1605 3537 1672 susceperint
3575 1605 3730 1672 juxta

2171 1689 2586 1758 uniuscujusque
2625 1699 2838 1760 captum
2869 1693 3169 1748 satietatem
3197 1693 3394 1748 divina:
3434 1695 3733 1750 dilectionis

2171 1786 2226 1831 et
2253 1779 2741 1847 contemplationis,
2772 1796 2868 1849 per
2892 1784 3238 1837 mutationem
3287 1785 3517 1853 ipsarum
3555 1787 3606 1838 in
3634 1787 3732 1841 de-

512 1889 746 1962 ρέστερα,
773 1886 802 1945 ἦ
823 1890 905 1940 καί
928 1889 1206 1958 παχύτερα
1235 1888 1451 1956 σώματα
1475 1887 1831 1958 ἀμφιὰσασθαι,
1859 1890 1941 1940 καί
1969 1889 2071 1941 ὀνό-

2174 1868 2358 1932 terius,
2382 1867 2467 1920 vel
2498 1869 2785 1931 crassiora,
2810 1870 2894 1923 vel
2915 1871 3159 1925 tenuiora
3185 1886 3412 1940 corpora
3444 1875 3660 1928 induere
3678 1887 3733 1929 et

512 1997 653 2048 ματα
689 1976 1058 2050 κληρώσασθαι,
1107 1975 1368 2044 κάντεῦθεν
1404 1976 1499 2032 τάς
1536 1975 1796 2048 οὐρανίους
1845 1978 1930 2027 καί
1973 1975 2071 2027 λει-

512 2066 778 2138 τουργικάς
809 2065 1090 2122 ὑποστῆναι
1115 2062 1368 2134 δυνάμεις.
1396 2064 1535 2118 ’Δλλά
1560 2068 1654 2133 μην
1682 2065 1765 2117 καί
1789 2063 1922 2120 ἥλιον
1939 2103 1952 2125 ,
1992 2067 2074 2116 καί

515 2157 740 2216 σελήνην,
766 2159 853 2208 καί
875 2158 994 2215 τούς
1021 2157 1275 2230 ἀστέρας,
1303 2157 1390 2208 καί
1419 2156 1548 2210 αὐτά
1570 2163 1660 2214 τῆς
1686 2156 1841 2213 αὐτῆς
1865 2162 1962 2208 τῶν
1986 2155 2072 2208 λο-

515 2254 668 2318 γικῶν
696 2244 866 2305 ἔνάδος
895 2241 1045 2308 ὄντα,
1086 2245 1137 2296 ἐκ
1174 2253 1265 2303 τῆς
1303 2245 1387 2297 ἐπὶ
1411 2245 1477 2297 τά
1507 2245 1666 2316 χείρω
1693 2251 1884 2317 τροπῆς
1923 2249 2074 2298 τοῦτο

515 2337 786 2408 γεγονέναι.
818 2334 940 2405 ὅπερ
971 2335 1086 2387 είσί.
1117 2335 1189 2387 Τά
1217 2331 1270 2387 δὲ
1298 2334 1382 2387 ἕπί
1419 2333 1581 2386 πλεῖον
1603 2342 1694 2392 τῆς
1723 2333 1855 2392 θείας
1877 2335 2076 2403 ἀγάπης

516 2427 840 2498 ἀποψυγὲντα
877 2427 1080 2496 λογικά,
1115 2419 1302 2496 ψυχάς
1338 2425 1696 2496 ὀνομασθῆναι,
1745 2429 1828 2478 καί
1874 2429 2076 2494 σώμασι

517 2519 835 2591 παχυτέροις
873 2525 979 2576 τοῖς
1016 2516 1124 2570 καθ’
1172 2519 1304 2586 ἡμᾶς
1334 2516 1647 2586 ἕμϐληθῆναι.
1678 2519 1753 2569 Τά
1795 2514 1849 2569 δέ
1897 2518 1980 2569 ἐπὶ
2017 2518 2076 2570 τό

513 2605 671 2680 ’ἄκρον
699 2615 788 2667 τῆς
825 2611 1001 2666 κακίας
1030 2607 1322 2671 ἐληλακότα,
1363 2606 1590 2682 ψυχροῖς
1617 2608 1702 2658 καί
1737 2609 1964 2679 ζοφεροίς
1998 2607 2076 2658 ἐν·

517 2699 712 2757 δεθῆναι
737 2700 959 2768 σώμασι,
978 2700 1065 2764 ,καί
1094 2694 1327 2764 δαίμονας
1353 2696 1683 2764 ὀνομασθῆναι
1708 2695 1958 2767 γενόμενα.
1991 2699 2078 2750 καί

517 2788 596 2845 ὅτι
620 2791 669 2853 ἐξ
699 2789 960 2860 ὰγγελικῆς
993 2789 1082 2857 μίν
1120 2787 1483 2845 καταστάσεως
1523 2784 1725 2855 ψυχικὴ
1753 2788 1944 2857 γίνεται
1989 2807 2078 2838 κα·-

517 2882 783 2938 τὸιστασις,
815 2878 866 2931 bc
893 2875 946 2932 δέ
970 2885 1059 2936 τῆς
1084 2877 1310 2948 ψυχικῆς
1339 2872 1666 2945 δαιμονιώδης
1692 2895 1746 2928 τε
1771 2877 1854 2928 καί
1891 2875 2079 2946 ἀνθρω-

517 2974 652 3030 πίνη.
678 2969 799 3025 Ἕνα
828 2969 880 3025 δί
901 2970 1045 3040 μόνον
1071 2975 1186 3022 νοῦν
1215 2970 1266 3021 ἐκ
1297 2968 1465 3027 πάσης
1503 2974 1592 3027 τῆς
1621 2965 1794 3026 ἔνάδος
1820 2971 1920 3020 τῶν
1945 2965 2080 3035 λογι-

518 3069 617 3115 κῶν
643 3061 904 3116 ἀκλόνητον
941 3067 1100 3129 μεῖναι
1128 3061 1212 3112 καί
1242 3059 1468 3114 ἀκίνητον
1493 3062 1582 3115 τῆς
1610 3057 1746 3116 θείας
1773 3057 1974 3124 ἀγάπης
2002 3056 2080 3106 καί

517 3155 755 3225 θεωρίας,
788 3147 842 3212 ὃς
876 3151 959 3204 καί
983 3149 1199 3224 Χριστὸς
1227 3147 1464 3221 βασιλεὺς
1515 3146 1636 3204 Θεὸς
1673 3148 1752 3198 καὶ
1787 3141 2077 3218 ἅνθρωπος,

2175 1956 2388 2009 nomina
2415 1958 2616 2025 sortiri,
2654 1974 2718 2012 ac
2742 1959 2866 2013 inde
2892 1959 3138 2015 caelestes
3165 1970 3218 2014 et
3243 1961 3582 2018 administras
3608 1964 3734 2017 sub-

2172 2047 2371 2102 stitisse
2390 2048 2631 2103 virtutes.
2654 2049 2766 2103 lmo
2787 2057 2842 2104 et
2859 2051 3049 2117 solem,
3073 2059 3126 2105 et
3144 2051 3345 2118 lunam,
3374 2060 3428 2106 et
3451 2054 3652 2115 stellas,
3677 2060 3735 2108 ut

2172 2146 2299 2206 pote
2335 2151 2452 2205 qua:
2492 2145 2548 2192 et
2590 2137 2703 2207 ipsa
2745 2139 2798 2192 in
2829 2140 3222 2196 rationabilium
3251 2142 3456 2196 unitate
3483 2142 3622 2206 sint,
3667 2157 3734 2196 ex

2172 2227 2467 2280 mutatione
2502 2227 2557 2280 in
2595 2224 2832 2282 deterius
2858 2228 3028 2292 facta,
3059 2229 3162 2284 hoc
3191 2245 3308 2284 esse
3334 2235 3560 2299 erupisse
3584 2233 3732 2299 quod

2173 2323 2316 2370 sunt.
2345 2314 2419 2369 Ea
2443 2331 2573 2371 vero
2593 2317 2948 2382 rationabilia,
2983 2319 3034 2372 in
3062 2321 3253 2387 quibus
3275 2321 3444 2389 magis
3474 2321 3568 2375 Dei
3589 2336 3737 2375 amor

2175 2405 2476 2470 refrixerit,
2538 2407 2754 2476 ψυχάς,
2798 2407 2900 2462 hoc
2941 2416 3027 2463 est
3063 2410 3269 2464 animas
3313 2411 3639 2480 nuncupari,
3685 2421 3739 2465 et

2175 2496 2556 2561 crassioribus,
2594 2498 2772 2566 qualia
2813 2506 2992 2552 nostra
3019 2507 3144 2553 sunt
3191 2514 3417 2569 corpora
3441 2541 3456 2565 ,
3507 2500 3738 2554 immitti.

2175 2583 2304 2647 Qua:
2331 2595 2508 2640 autem
2530 2586 2598 2640 ad
2634 2596 2929 2641 extremum
2959 2590 3324 2657 perversitatis
3349 2591 3633 2657 venerint,
3673 2604 3740 2646 ea

2167 2673 2379 2743 frigidis
2407 2691 2471 2730 ac
2501 2677 2806 2746 caliginosis
2833 2677 2996 2734 inseri
3023 2680 3334 2748 corporibus
3351 2720 3366 2744 ,
3397 2689 3452 2734 et
3476 2680 3743 2737 dzrmoues

2173 2761 2292 2817 ﬁeri
2320 2773 2376 2818 et
2403 2766 2732 2834 nuncupari;
2783 2780 2847 2821 ac
2886 2767 3112 2836 proinde
3147 2783 3214 2822 ex
3256 2769 3496 2836 angelico
3527 2769 3740 2837 quidem

2177 2860 2318 2907 statu
2347 2851 2463 2907 ﬁeri
2499 2853 2818 2922 animalem,
2849 2870 2916 2910 ex
2954 2856 3170 2911 animali
3197 2872 3327 2912 vero
3352 2858 3740 2914 dmmoniacum

2177 2951 2234 2996 et
2251 2943 2563 2998 humanum.
2585 2944 2754 3000 Unam
2778 2956 2956 3001 autem
2979 2947 3241 3002 duntaxat
3259 2958 3514 3016 mentem,
3542 2965 3612 3004 ex
3631 2959 3740 3004 tota

2181 3033 2384 3086 unitate
2430 3034 2800 3100 rationalium,
2845 3035 3284 3105 imperturbatam
3321 3039 3646 3107 perstitisse,
3688 3047 3741 3094 et

2180 3123 2457 3178 immotam
2477 3139 2508 3178 a
2530 3125 2817 3181 dilectione
2830 3127 3006 3181 divina
3028 3137 3083 3182 et
3107 3130 3577 3198 contemplatione,
3600 3145 3741 3184 cam-

519 3243 789 3314 γεγονὲναι.
812 3243 902 3294 καί
921 3237 998 3295 ὅτι
1017 3239 1262 3298 παντελής
1283 3238 1395 3291 ἐστι
1413 3243 1510 3290 τῶν
1530 3235 1779 3306 σωμάτων
1798 3235 2074 3308 ἀναίρεσις,

2181 3227 2285 3280 que
2310 3213 2470 3268 fuisse
2491 3213 2757 3270 Christum
2785 3230 2987 3284 regem,
3010 3217 3175 3272 Deum
3197 3227 3251 3272 et
3272 3219 3563 3274 hominem.
3584 3218 3742 3272 Afﬁr-

519 3334 674 3385 αὐτοῦ
709 3337 797 3384 τοῦ
834 3332 1010 3402 κυρίου
1039 3332 1241 3403 πρώτου
1271 3328 1626 3396 ἀποτιθεμένου
1661 3327 1718 3380 τὸ
1743 3323 1867 3378 ἴδιον
1892 3331 2074 3394 σῶμα,

520 3424 724 3475 καὶτῶν
761 3420 943 3473 λοιπῶν
974 3417 1232 3472 ἀπάντων·
1277 3420 1358 3470 καί
1393 3415 1470 3471 ὅτι
1512 3417 1888 3484 ἀνακομίζονται
1929 3416 2078 3470 πάλιν

519 3507 741 3569 ἅπαντες
768 3511 840 3568 είς
879 3513 967 3566 τήν
1004 3508 1159 3565 αὐτὴν
1199 3504 1380 3569 ένάδα,
1411 3509 1490 3559 καὶ
1528 3507 1744 3576 γίνονται
1780 3506 1907 3568 νόες,
1949 3506 2079 3560 καθά

519 3602 602 3653 καί
626 3599 675 3652 ἐν
756 3599 1068 3671 προϋπάρξει
1095 3598 1394 3668 ἐτύγχανον·
1413 3596 1879 3666 ἀποκαθισταμένου
1909 3595 2079 3653 δηλον·

519 3691 594 3745 ότι
626 3691 708 3743 καί
742 3691 894 3742 αὐτοῦ
920 3693 1010 3742 τοῦ
1041 3687 1277 3743 διαϐόλου
1303 3690 1386 3740 καί
1412 3694 1512 3740 τῶν
1540 3686 1720 3740 λοιπῶν
1744 3685 1986 3752 δαιμόνων
2009 3689 2080 3748 εἰς

516 3781 606 3837 τήν
630 3779 782 3836 αὐτὴν
822 3775 1001 3843 ἔνάδα,
1037 3779 1123 3831 καί
1161 3783 1258 3832 τῶν
1286 3778 1483 3830 ἀσεϐῶν
1511 3778 1595 3830 καί
1620 3777 1775 3830 ἀθέων
1807 3778 2079 3853 ἀνθρώπων

519 3867 648 3939 μ..τά
674 3875 772 3922 τῶν
797 3869 936 3921 θείων
971 3868 1053 3920 καί
1076 3869 1317 3939 θεοφόρων
1341 3864 1560 3941 ἀνδρῶν,
1591 3868 1672 3918 καί
1695 3871 1794 3920 τῶν
1836 3868 2080 3940 οὐρανίων

517 3953 776 4024 δυνάμεων
793 3993 808 4019 ,
838 3957 923 4008 καί
948 3959 1038 4013 τήν
1061 3955 1211 4011 αὐτην
1240 3954 1447 4017 έξόντων
1473 3955 1652 4009 ἕνωσιν
1683 3956 1809 4029 πρὸς
1829 3955 1914 4009 τόν
1937 3957 2077 4021 Θεὸν,

517 4041 694 4096 ὁποίαν
719 4042 832 4112 ἔχει
855 4047 934 4096 καί
960 4042 986 4095 ό
1012 4043 1228 4116 Χριστός
1245 4083 1261 4108 ,
1298 4044 1460 4102 καθώς
1491 4045 1573 4096 καί
1609 4051 1950 4118 προϋπῆρχον
1969 4086 1982 4103 .
2012 4048 2080 4105 ὡς

517 4128 763 4205 μηδεμίαν
782 4125 906 4184 εἶναι
924 4129 1157 4205 διαφοράν
1176 4137 1248 4205 τῷ
1266 4139 1471 4204 Χριστῷ
1494 4132 1620 4201 πρὸς
1644 4135 1710 4187 τά
1728 4133 1878 4186 λοιπὰ
1913 4133 2080 4204 λογικά

518 4218 794 4282 παντελῶς,
827 4217 943 4273 οὔτε
969 4227 1030 4289 τῆ
1058 4222 1222 4292 οὐσίᾳ,
1254 4219 1363 4275 οὔτε
1384 4228 1444 4294 τῇ
1464 4223 1667 4294 γνώσει,
1696 4221 1811 4278 οὔτε
1836 4231 1896 4297 τῆ
1927 4222 2076 4278 δυνά-

519 4329 620 4384 μει,
648 4307 762 4364 οὐτε
789 4319 850 4380 τῆ
875 4313 1112 4384 ἐνεργείᾳ.
1143 4310 1200 4366 Ὀ
1229 4314 1326 4386 γάρ
1352 4333 1430 4367 τοι
1458 4314 1747 4386 Πυθαγόρας
1787 4316 1955 4390 ἀρχὴν
1981 4323 2080 4370 τῶν

519 4398 721 4457 πάντων
762 4399 939 4470 ἔφησεν
975 4396 1099 4454 εἶναι
1125 4407 1212 4460 τῆν
1235 4400 1449 4466 μονάδα.
1477 4407 1577 4458 Καί
1609 4401 1757 4456 πάλιν
1789 4404 2078 4478 Πυθαγόρας

517 4493 601 4549 καί
623 4491 819 4550 Πλάτων
848 4489 1001 4560 δῆμόν
1037 4513 1146 4546 τινα
1182 4493 1370 4562 ψυχῶν
1399 4491 1685 4561 ἀσωμάτων
1717 4493 1966 4557 εἰπόντες,
2000 4497 2079 4548 καί

2180 3310 2328 3355 mant
2354 3303 2534 3369 etiam,
2567 3319 2794 3373 corpora
2817 3306 3026 3374 penitus
3050 3308 3271 3362 interire
3314 3325 3328 3361 :
3372 3309 3489 3378 ipso
3517 3307 3744 3364 Dominu

2176 3394 2404 3464 primum
2421 3438 2448 3462 ,.
2464 3393 2658 3449 deinde
2686 3397 2904 3464 reliquis
2932 3397 3176 3452 omnibus
3203 3415 3354 3454 suum
3382 3415 3578 3469 corpus
3600 3399 3708 3467 ahji
3726 3427 3742 3440 ς

2176 3493 2436 3548 cientibus
2459 3510 2472 3545 :
2495 3501 2549 3547 et
2565 3493 2707 3560 quod
2728 3508 2936 3548 rursum
2960 3509 3146 3550 omnes
3173 3495 3453 3551 redeuntes
3472 3495 3536 3550 ad
3561 3497 3727 3566 ipsam

2176 3593 2484 3656 veritatem,
2528 3599 2735 3646 mentes
2783 3590 2914 3646 ﬁunt
2949 3592 3102 3662 juxta
3131 3593 3258 3648 illud
3279 3609 3396 3648 esse
3421 3594 3566 3664 quod
3593 3595 3743 3664 prius

2178 3690 2447 3744 habebant
2477 3707 2491 3745 :
2520 3704 2584 3745 ac
2609 3689 2860 3745 videlicet
2889 3691 3060 3760 ipsum
3101 3692 3260 3746 etiam
3282 3691 3550 3746 diabolum
3579 3695 3740 3748 resti-

2178 3781 2431 3834 tuendum
2461 3795 2612 3847 esse,
2645 3789 2700 3836 et
2727 3781 2961 3850 reliquos
3001 3781 3268 3837 daemones
3291 3783 3344 3836 in
3368 3784 3533 3853 ipsam
3564 3787 3743 3840 unita--

2178 3878 2318 3936 tem,
2350 3878 2511 3938 atque
2533 3870 2725 3940 impios
2753 3879 2807 3924 et
2833 3870 3067 3926 nefarios
3095 3871 3338 3928 homines
3365 3889 3469 3927 una
3498 3890 3618 3929 cum
3658 3877 3744 3930 di-

2176 3961 2314 4015 vinis
2357 3975 2420 4015 ac
2449 3961 2560 4014 Deo
2589 3961 2761 4031 plenis
2787 3960 2942 4025 viris,
2974 3960 3385 4030 caelestibusque
3411 3963 3692 4018 virtutibus
3722 4008 3738 4030 ,

2178 4050 2474 4119 eodemque
2520 4049 2720 4113 modo,
2771 4066 2878 4120 quo
2919 4059 2974 4104 et
3018 4051 3293 4114 Christus,
3337 4066 3456 4106 cum
3485 4053 3597 4107 Deo
3622 4069 3742 4109 esse

2179 4129 2457 4205 uniendos,
2481 4142 2635 4196 sicuti
2659 4149 2712 4194 ct
2733 4142 2876 4209 prius
2901 4141 3034 4194 uniti
3055 4149 3225 4203 erant,
3259 4149 3417 4210 atque
3439 4141 3574 4196 adeo
3595 4142 3744 4196 Chri-

2177 4241 2316 4288 stum
2346 4232 2503 4302 plane
2532 4233 2660 4286 nihil
2689 4248 2720 4287 a
2749 4233 2966 4303 reliquis
2994 4234 3200 4288 ratione
3228 4234 3461 4303 praeditis
3506 4235 3738 4302 differre,

2179 4339 2354 4393 neque
2381 4324 2708 4387 substantia,
2739 4339 2912 4392 neque
2939 4324 3272 4392 cognitione,
3316 4339 3490 4393 neque
3517 4326 3740 4390 virtute,

2179 4429 2354 4484 neque
2412 4414 2745 4483 operatione.
2798 4412 3127 4484 Pythagoras
3176 4414 3372 4467 etenim
3421 4415 3740 4483 principium

2179 4507 2414 4562 omnium
2437 4519 2615 4560 rerum
2653 4505 2908 4559 unitatem
2930 4518 3050 4560 esse
3070 4504 3220 4569 dixit,
3245 4513 3298 4558 et
3320 4520 3526 4559 rursum
3549 4504 3743 4575 Pytha-

515 4583 610 4641 τὰς
639 4581 894 4656 ἁμαρτάδι
933 4606 1028 4639 τινι
1065 4586 1474 4657 περιπεσούσας,
1525 4584 1769 4661 τιμωρίας
1813 4583 1971 4658 χάριν
2005 4589 2074 4645 εἰς

2177 4609 2334 4664 goras
2361 4602 2416 4649 et
2430 4593 2582 4648 Plato
2611 4593 3002 4647 multitudinem
3031 4594 3311 4660 quamdam
3340 4593 3630 4646 animarum
3660 4595 3743 4646 in-

515 4677 730 4742 σώματα
744 4677 1165 4746 καταπέμπεσθαι
1181 4677 1431 4748 λέγουσιν.
1449 4674 1590 4729 Ὀθεν
1614 4674 1639 4730 ό
1664 4677 1862 4731 Πλάτων
1888 4676 1917 4732 δ
1930 4679 1950 4729 ἐ
1960 4700 2037 4746 μα
2051 4700 2076 4739 ς

516 4763 575 4816 τό
599 4769 773 4835 σῶμα,
815 4767 898 4816 καί
935 4772 1105 4834 σῆμα
1132 4765 1398 4835 ἐκάλεσεν,
1437 4767 1504 4824 ὡς
1542 4766 1685 4819 οίονεί
1714 4774 1805 4825 τῆς
1825 4757 2005 4835 ψυχῆς
2027 4765 2077 4820 ἓν

515 4853 678 4922 τούτῳ
714 4851 974 4921 δεδεμένης
1011 4858 1091 4907 καί
1127 4854 1455 4924 τεθαμμένης.
1484 4851 1605 4910 Εἶτα
1639 4859 1755 4929 περί
1784 4863 1873 4915 τῆς
1901 4858 2078 4926 ἐσομέο

514 4961 604 5001 ’.⁸ης
629 4946 843 5016 κρίσεως
873 4947 956 4997 καί
981 4942 1360 5005 ἀνταποδόσεως
1393 4953 1493 5001 τῶν
1520 4946 1709 5016 ψυχῶν
1745 4942 1884 5007 αὖθις
1908 4951 2075 5019 φησίν·

522 5030 606 5084 (Ἦ
619 5034 706 5101 μὲν
725 5031 1250 5107 παιδεραστησαντος,
1270 5037 1350 5088 καί
1368 5033 1600 5107 [ἀδόλως]
1613 5043 1775 5095 κακῶς
1801 5038 2079 5105 βιώσαντος

517 5124 646 5192 μετὰ
666 5124 950 5196 φιλοσοφίας
980 5124 1130 5196 ψυχή
1159 5129 1304 5198 τρίτῃ
1343 5125 1560 5200 περιόδῳ
1597 5135 1658 5201 τῇ
1700 5128 1915 5196 χιλιετεῐ
1938 5129 2079 5191 ἐᾶται

516 5215 842 5280 κολασθῆναι,
877 5220 959 5268 καί
987 5218 1117 5271 οὕτω
1146 5220 1459 5292 πτερωθεῖσα
1486 5225 1557 5289 τῷ
1583 5220 1951 5292 τρισχιλιοστῷ
1979 5218 2078 5275 ἔτει

517 5304 806 5360 δκεάλλεταε
830 5310 914 5360 καί
938 5309 1242 5380 ἀπέρχεται.
1269 5309 1325 5362 Δί
1354 5307 1406 5362 δέ
1431 5307 1570 5363 ἄλλαι
1598 5307 1786 5365 ὁπόταν
1815 5311 1953 5365 τόνδε
1996 5314 2078 5365 τόν

515 5397 626 5463 βίον
646 5397 944 5460 τελέσωσιν,
976 5401 1028 5452 ai
1056 5403 1144 5468 μίν
1184 5403 1252 5460 εἰς
1280 5402 1342 5454 τά
1382 5402 1480 5455 ὐπὸ
1505 5409 1597 5470 γῆς
1635 5399 1957 5475 δικαιωτήρια
1998 5403 2077 5456 ἐλ-

515 5485 691 5538 θοῦσαι
719 5483 857 5543 δίκην
881 5486 988 5557 ἅμα
1024 5491 1105 5541 καί
1128 5489 1267 5559 λόγον
1304 5491 1548 5547 τίσουσιν.
1579 5489 1629 5542 αί
1664 5488 1715 5542 δὲ
1745 5494 1814 5549 εἰς
1849 5492 2075 5562 οὐράνιὲν

515 5595 628 5631 τινα
657 5576 806 5631 τόπον
833 5579 1182 5650 κουφισθεῖσαι
1214 5579 1313 5632 ὐπὸ
1335 5587 1424 5638 της
1452 5576 1589 5636 δίκης
1616 5577 1872 5642 διάξουσιν
1897 5582 2074 5645 ἀξίως,

518 5667 679 5719 καθὼς
709 5667 942 5722 ἐϐίωσαν.
976 5687 994 5718 ι
1029 5665 1099 5722 Οὐ
1123 5672 1210 5725 τήν
1238 5669 1449 5722 ἀτοπίαν
1487 5674 1574 5722 τοῦ
1597 5669 1745 5738 λόγου
1773 5672 2074 5740 καταμαθεῖν

600 5883 621 5911 ³
646 5884 794 5939 Plato
824 5885 874 5939 in
905 5884 1146 5950 Phwdro,
1176 5899 1288 5955 post
1321 5895 1416 5938 [για
1438 5901 1685 5941 amwmm
1715 5889 1876 5942 millia

2177 4701 2558 4756 corporearum
2588 4699 2706 4739 esse
2743 4683 3003 4751 dicentes,
3033 4683 3216 4738 dicunt
3240 4684 3419 4748 etiam,
3451 4682 3595 4752 quod
3617 4683 3659 4736 si
3685 4684 3740 4736 in

2175 4786 2453 4848 peccatum
2483 4775 2697 4844 aliquod
2727 4773 3007 4828 inciderint
3028 4816 3043 4842 ,
3071 4774 3124 4827 in
3153 4789 3365 4843 pmnam
3389 4773 3741 4827 demittuntur

2175 4868 2230 4923 in
2260 4883 2506 4937 corpora.
2545 4865 2804 4932 Quocirca
2844 4865 2996 4920 Plato
3036 4881 3230 4935 corpus
3269 4866 3555 4934 appellavit
3583 4864 3740 4933 δέμας

2176 4949 2303 5028 (hoc
2327 4964 2408 5010 est
2435 4955 2743 5023 vinculum),
2774 4960 2828 5008 et
2856 4962 2995 5023 σῆμα
3025 4954 3152 5024 (hoc
3178 4961 3260 5007 est
3279 4951 3629 5021 sepulcrum),
3661 4966 3729 5005 eo

2178 5045 2316 5116 quod
2344 5045 2516 5099 anima
2543 5045 2596 5098 in
2624 5045 2740 5113 ipso
2761 5058 2985 5111 corpore
3018 5042 3169 5112 quasi
3210 5043 3387 5096 vincta
3430 5048 3485 5097 et
3529 5041 3736 5110 sepulta

2178 5135 2287 5198 sit;
2318 5134 2511 5189 deinde
2539 5133 2605 5188 de
2629 5133 2803 5187 futuro
2827 5132 3028 5201 judicio
3056 5139 3112 5186 et
3139 5131 3486 5186 retributione
3528 5129 3736 5182 anima-

2177 5239 2296 5278 rum
2325 5240 2507 5280 rursus
2535 5224 2705 5292 inquit
2729 5241 2742 5276 :
2769 5223 2956 5276 Anima
2983 5223 3120 5277 illius
3142 5223 3232 5290 qui
3262 5236 3365 5275 una
3390 5214 3507 5278 cum
3529 5219 3738 5286 sapien-

2176 5316 2265 5369 tia:
2293 5316 2468 5370 studio
2504 5328 2793 5388 puerorum
2819 5327 3002 5368 amore
3029 5319 3083 5366 et
3111 5307 3368 5381 ﬂagitiosa
3398 5311 3504 5363 vita
3535 5323 3592 5362 se
3623 5309 3736 5375 pol-

2177 5402 2296 5472 luit,
2342 5420 2440 5473 per
2478 5414 2591 5458 tres
2624 5403 2950 5458 millenarias
2995 5402 3334 5457 circuitiones
3360 5413 3545 5468 pinnas
3575 5398 3688 5451 luet
3717 5414 3732 5450 :

2178 5501 2232 5546 et
2257 5493 2337 5546 sic
2363 5493 2690 5562 recuperatis
2733 5492 2832 5547 alis
2865 5498 2987 5562 post
3015 5505 3276 5544 annorum
3306 5488 3467 5542 millia
3495 5498 3518 5522 η
3550 5485 3733 5540 educi-

2178 5589 2265 5634 tur
2293 5588 2347 5634 et
2374 5581 2484 5635 abit
2517 5598 2530 5633 :
2571 5581 2790 5650 reliqua:
2813 5596 2942 5635 vero
2971 5595 3091 5635 cum
3121 5595 3186 5634 ex
3216 5579 3315 5632 hac
3339 5579 3447 5632 vita
3473 5575 3732 5632 discesse-

2178 5671 2303 5736 rint,
2354 5670 2468 5724 alim
2497 5670 2708 5739 quidem
2753 5671 2850 5726 sub
2879 5679 3021 5726 terra
3050 5669 3104 5725 in
3128 5667 3310 5739 judicii
3341 5665 3518 5723 locum
3545 5663 3735 5721 delata:
