4112 6538
608 441 714 504 995
1919 427 2358 492 JUSTINIANI
2399 425 2557 486 IMP.
3733 438 3847 499 996

613 545 758 614 φοίσιν
786 540 866 596 καί
890 538 1061 594 οὐσίαν
1087 539 1170 593 καί
1197 535 1406 610 δύναμιν
1429 536 1514 590 καί
1536 536 1765 599 έξουσίαν
1784 533 1833 589 έν
1857 537 2019 608 τρισίν
2038 535 2164 589 ὐπο-

2269 545 2429 585 unam
2457 529 2730 594 deitatem,
2761 529 2874 584 sive
2903 536 3143 583 naturam
3169 536 3223 584 et
3249 527 3599 586 substantiam
3625 539 3679 586 et
3723 535 3834 588 vir-

614 651 879 694 στάσεσιν,
918 630 1027 689 ἦτοι
1053 631 1346 703 προσώποις
1373 625 1684 691 δοξάζοντες,
1724 626 1793 685 εἰς
1821 623 1855 679 ἀ
1881 625 2168 697 βεϐαπτίσ-

618 719 765 788 μεθα.
795 721 866 778 εἰς
903 717 935 772 ἃ
962 717 1400 784 πεπιστεύκαμεν,
1431 717 1515 768 καί
1547 710 1620 772 οἷς
1647 713 2040 783 συντετάγμεθα,
2079 714 2171 772 τὰς

616 809 705 878 μέν
731 807 982 868 ἰδιότητας
1012 807 1338 877 χωρίζοντες,
1367 804 1584 862 ένοῦντες
1613 801 1665 857 δέ
1689 806 1777 860 τὴν
1800 803 2027 860 θιότητα.
2063 809 2174 855 Μο-

615 893 740 950 νάδα
765 897 858 972 γάρ
887 897 936 948 έν
960 894 1148 969 τριάδι,
1177 897 1259 948 καί
1286 891 1465 969 τριάδα
1497 893 1547 946 έν
1569 891 1742 964 μονάδι
1767 898 2169 966 προσκυνοῦμεν,

616 983 897 1060 παράδοξον
917 984 1142 1054 ἔχουσαν
1167 989 1256 1042 την
1282 981 1519 1058 διαίρεσιν
1542 983 1624 1034 καί
1640 986 1727 1038 τήν
1755 980 1954 1034 ἕιωσιν·
1986 977 2174 1050 μονάδα

615 1077 706 1143 μὲν
729 1075 858 1127 κατά
885 1074 970 1127 τὸν
993 1082 1084 1133 τῆς
1104 1075 1278 1132 οὐσίας
1303 1072 1454 1143 ἤγουν
1473 1071 1698 1130 θεότητος
1723 1069 1859 1140 λόγον
1875 1085 1889 1100 ⁸
1917 1067 2098 1141 τριάδα
2120 1067 2174 1123 δέ

616 1164 748 1217 κατὰ
781 1164 876 1224 τάς
900 1161 1154 1222 ἰδιότητας
1187 1161 1343 1233 ἤγουν
1382 1161 1728 1222 ὑποστάσεις,
1761 1160 1872 1216 ἦτοι
1901 1156 2172 1231 πρόσωπα⁸

615 1250 886 1328 διαιρεῖται
915 1254 1010 1326 γάρ
1041 1251 1364 1326 ἀδιαιρέτως,
1387 1249 1446 1303 ἶν’
1469 1248 1630 1307 οὕτως
1661 1246 1912 1318 εἴπωμεν,
1935 1249 2020 1299 καί
2049 1267 2176 1300 συν-

615 1341 830 1396 άπτεται
867 1340 1171 1418 διῃρημένως
1188 1380 1203 1403 ,
1234 1338 1284 1393 ἓν
1311 1339 1406 1412 γάρ
1433 1339 1481 1392 έν
1503 1337 1670 1410 τρισίν
1709 1337 1739 1392 ἠ
1772 1335 1972 1399 θεότης,
2000 1337 2085 1387 καὶ
2110 1335 2176 1388 τὰ

616 1432 732 1503 τρία
755 1427 822 1492 έν,
855 1429 903 1481 έν
928 1426 999 1488 οἷς
1026 1431 1056 1487 ἡ
1083 1429 1277 1487 θεότης⁶
1307 1427 1336 1485 ἦ
1363 1427 1477 1498 τόγε
1506 1424 1852 1494 ἀκριϐέστερον
1885 1427 2058 1486 εἰπεῖν,
2086 1422 2118 1477 ἃ
2146 1425 2176 1481 ἡ

615 1518 806 1583 θεότης,
833 1520 954 1574 Θεὸν
992 1519 1226 1582 ἕκαστον,
1254 1513 1311 1570 ἂν
1335 1519 1574 1594 θεωρῆται
1599 1516 1744 1586 μόνον
1769 1519 1862 1568 τοῦ
1897 1520 1983 1568 νοῦ
2013 1517 2178 1589 χωρί-

615 1611 778 1670 ζοντος
802 1609 866 1662 τά
892 1609 1182 1679 ἀχώριστοι.
1205 1608 1328 1661 Θεὸν
1350 1608 1415 1660 τά
1435 1609 1553 1679 τρία
1574 1604 1684 1674 μετ’
1703 1602 1920 1661 ἀλλήλων
1937 1605 2178 1673 νοούμενα

614 1703 686 1766 τῷ
706 1704 876 1764 ταυτῷ
905 1705 995 1756 τῆς
1017 1695 1118 1769 [ἵσ.
1151 1692 1426 1768 δυνάμεως]
1453 1699 1688 1754 κινήσεως
1717 1697 1802 1748 καὶ
1828 1703 1919 1753 τῆς
1938 1697 2136 1764 φύσεως
2157 1709 2173 1724 '

613 1781 782 1840 έπειδή
812 1788 919 1857 χρη
960 1785 1152 1838 καὶτὸν
1190 1785 1274 1838 ἕνα
1317 1784 1435 1838 Θεὸν
1473 1783 1754 1855 ὁμολογεῖν,
1792 1787 1876 1838 καί
1914 1786 2005 1845 τὰς
2040 1792 2178 1858 τρεῖς

2267 627 2438 674 tutem
2464 627 2521 673 et
2545 627 2866 688 potestatem
2905 619 2959 673 in
2987 619 3154 674 tribus
3191 619 3546 676 subsistentiis
3569 622 3680 678 sive
3707 639 3838 693 per-

2269 708 2415 762 sonis
2437 706 2742 769 adorantes,
2773 707 2824 761 in
2851 709 3044 776 quibus
3086 708 3344 784 baptizati
3382 725 3583 778 sumus,
3616 713 3668 767 in
3695 729 3841 784 quas

2270 797 2554 859 credimus.
2584 797 2640 851 in
2664 798 2858 867 quibus
2884 783 3283 854 confessionem.
3301 800 3562 866 dedimus,
3590 783 3838 876 proprie-

2271 894 2409 942 tates
2435 888 2649 956 quidem
2686 897 3026 957 separantes,
3071 889 3324 946 deitatem
3353 900 3532 946 autem
3562 894 3834 950 unientes.

2275 975 2542 1032 Unitatem
2567 979 2710 1032 enim
2740 978 2792 1032 in
2819 978 3095 1044 Trinitate,
3127 989 3182 1034 et
3209 979 3526 1036 Trinitatem
3552 981 3606 1038 in
3628 984 3840 1040 unitate

2273 1069 2576 1134 adoramus,
2604 1069 2902 1124 mirabilem
2923 1070 3207 1125 habentem
3231 1079 3286 1125 et
3312 1071 3626 1128 divisionem
3645 1082 3702 1130 et
3724 1074 3842 1130 uni-

2275 1158 2512 1223 tionem;
2543 1157 2803 1212 unitatem
2830 1157 3068 1226 quidem,
3097 1159 3387 1213 secundum
3414 1160 3675 1216 rationem
3702 1162 3838 1217 sub-

2274 1247 2484 1303 stantia:
2508 1261 2604 1302 seu
2631 1246 2885 1312 deitatis;
2933 1245 3248 1302 Trinitatem
3293 1256 3494 1316 autem,
3538 1251 3840 1305 secundum

2275 1335 2651 1405 proprietates,
2692 1335 2779 1390 vel
2805 1335 3198 1402 subsistentias,
3243 1337 3356 1392 sive
3382 1353 3657 1408 personas.
3688 1340 3838 1396 Divi-

2275 1423 2418 1478 ditur
2445 1425 2586 1478 enim
2614 1425 2730 1480 sine
2754 1424 3014 1482 divisione
3043 1427 3122 1497 (ut
3141 1424 3218 1481 sic
3241 1425 3501 1497 dicamus)
3531 1438 3587 1484 ct
3613 1429 3839 1498 conjun-

2275 1514 2418 1582 gitur
2445 1514 2634 1569 divise.
2665 1513 2838 1569 Unum
2864 1516 3007 1571 enim
3034 1525 3117 1572 est
3144 1515 3314 1571 deitas
3341 1518 3393 1571 in
3420 1519 3620 1583 tribus,
3651 1529 3708 1574 et
3735 1522 3839 1576 tria

2277 1617 2440 1657 unum
2461 1643 2476 1668 ,
2527 1604 2578 1657 in
2607 1605 2798 1674 quibus
2824 1605 2998 1661 deitas
3026 1614 3108 1660 est
3139 1623 3152 1658 :
3185 1614 3278 1660 aut
3307 1607 3394 1677 (ut
3423 1609 3668 1666 subtilius
3688 1612 3838 1666 dica-

2277 1691 2425 1763 mus)
2450 1693 2562 1763 ipsa
2593 1694 2693 1746 tria
2721 1704 2802 1748 est
2823 1694 3012 1761 deitas,
3041 1709 3158 1763 qua:
3190 1697 3288 1750 tria
3319 1697 3458 1752 Deus
3485 1696 3666 1765 Pater,
3697 1701 3839 1756 Deus

2278 1780 2462 1846 Filius,
2494 1782 2630 1836 Deus
2657 1781 2886 1851 Spiritus
2914 1792 3150 1848 sanctus,
3196 1801 3316 1839 cum
3359 1801 3688 1858 unaquaeque
3716 1805 3839 1858 per-

618 1874 927 1933 όποστάσεις
951 1875 1232 1950 κηρύττειν,
1259 1876 1409 1944 ἤγουν
1427 1877 1545 1950 τρία
1569 1875 1840 1948 πρόσωπα,
1864 1879 1944 1929 καί
1965 1874 2164 1933 έκοίστηι

2277 1884 2409 1924 sona
2429 1869 2600 1924 solum
2618 1870 3136 1939 intelligitur,mente
3148 1883 3427 1942 separante
3442 1875 3835 1946 inseparabilia,

612 1965 740 2030 μετά
757 1971 848 2023 τῆς
866 1963 1131 2024 ἰδιότητος.
1146 1968 1232 2020 Καὶ
1248 1963 1359 2018 οὐτε
1382 1970 1470 2023 τήν
1489 1966 1661 2018 ἵνωσιν
1684 1963 1760 2035 [ἴσ
1805 1961 2176 2035 ὁμολογοῦντες]

612 2053 872 2124 σύγχυσιν
893 2055 1200 2128 ιργαζόμεθα
1219 2056 1345 2108 κατά
1366 2053 1638 2117 Σαϐελλιον,
1665 2052 1716 2106 έν
1736 2053 2009 2121 πρόσωπον
2029 2055 2179 2128 τριώ-

613 2166 765 2216 νυμον
792 2145 997 2216 λέγοντα
1023 2152 1112 2205 τὴν
1139 2145 1350 2219 τριάδα,
1378 2145 1460 2200 τόν
1490 2146 1634 2199 αὐτὶν
1662 2147 1885 2220 πατέρα,
1925 2146 2011 2197 καί
2031 2145 2172 2206 υἱόν,

613 2235 691 2286 καί
715 2233 857 2305 ἅγιον
881 2241 1111 2306 πνεῦμα,
1142 2232 1259 2290 οὔτε
1304 2235 1611 2309 διαιροῦντες
1645 2231 1740 2304 [ἴσ.
1767 2235 1859 2292 τὰς
1897 2229 2172 2300 ἰδιότητας]

614 2321 964 2396 ἀλλοτριοῦμεν
986 2331 1076 2383 τῆς
1101 2328 1191 2378 τοῦ
1230 2329 1355 2377 Θεοῦ
1378 2323 1568 2396 πατρὸς
1603 2322 1775 2380 οὐσίας
1811 2321 1893 2375 τόν
1920 2321 2062 2381 υἱὸν.
2092 2322 2174 2374 καί

616 2415 674 2468 τὸ
697 2422 895 2488 πνεῦμα
921 2417 980 2471 τὸ
1005 2415 1142 2488 ἅγιον
1159 2456 1172 2476 .
1209 2417 1336 2470 κατά
1361 2421 1450 2474 τήν
1476 2415 1661 2488 ’Δρείου
1694 2417 1896 2488 μανίαν,
1925 2415 1996 2474 εἰς
2031 2421 2172 2488 τρεῖς

614 2501 878 2579 διαφόρους
899 2507 1076 2566 οὐσίας
1112 2506 1490 2576 κατατέμνοντες
1523 2510 1610 2564 τὴν
1643 2505 1870 2562 θιότητα.
1904 2501 1988 2565 Εἷς
2009 2507 2174 2559 τοίνυν

614 2593 737 2652 Θεὸς
774 2591 800 2645 5
831 2598 1018 2666 πατήρ,
1049 2595 1099 2658 έξ
1131 2590 1192 2647 οὗ
1221 2596 1286 2648 τὰ
1312 2594 1503 2648 πάντα·
1535 2596 1621 2648 καί
1646 2590 1716 2653 εἷς
1744 2593 1849 2653 υίὸς
1879 2599 2166 2664 μονογενής,

612 2676 676 2733 δι’
697 2676 758 2735 οὗ
781 2683 846 2736 τά
868 2682 1059 2737 πάντα·
1089 2684 1173 2736 καί
1197 2681 1248 2736 ἓν
1270 2688 1468 2753 πνεῦμα
1492 2681 1652 2756 ἅγιον,
1683 2682 1734 2736 iv
1759 2677 1800 2755 ᾧ
1820 2681 1884 2736 τὰ
1907 2685 2093 2736 πάντα.

2278 1967 2332 2012 et
2355 1958 2454 2012 tria
2486 1974 2621 2014 unus
2649 1959 2823 2028 Deus,
2869 1976 2989 2015 cum
3031 1962 3188 2016 simul
3232 1963 3596 2033 intelliguntur
3618 1977 3840 2036 propter

2277 2051 2520 2105 eamdem
2561 2051 2810 2107 virtutem
2852 2053 3202 2123 eamdemque
3231 2063 3476 2110 naturam
3522 2074 3537 2110 :
3585 2060 3839 2129 quoniam

2279 2149 2491 2209 oportet
2534 2150 2589 2196 et
2618 2158 2778 2196 unum
2807 2142 2976 2198 Deum
3003 2143 3276 2209 conﬁteri,
3321 2155 3376 2201 et
3405 2155 3514 2202 tres
3539 2149 3836 2204 subsisten-

2279 2229 2380 2284 tias
2409 2229 2721 2299 praedicare,
2747 2245 2842 2286 seu
2868 2239 2979 2287 tres
3008 2248 3296 2302 personas,
3328 2243 3382 2289 et
3411 2251 3839 2309 unamquamque

2279 2333 2400 2372 cum
2428 2334 2520 2373 sua
2549 2321 2896 2388 proprietate.
2929 2320 2998 2375 Et
3021 2322 3278 2377 unitatem
3307 2325 3658 2393 conﬁtentes,
3707 2343 3836 2383 con-

2277 2408 2540 2464 fusionem
2567 2426 2673 2464 non
2717 2411 2944 2467 facimus
2969 2413 3264 2468 secundum
3292 2415 3600 2483 Sabellium,
3649 2419 3835 2475 dicen-

2279 2508 2385 2555 tem
2411 2541 2426 2566 ,
2471 2500 2786 2557 Trinitatem
2833 2514 2994 2558 unam
3039 2519 3158 2560 esse
3204 2521 3487 2575 personam
3529 2510 3834 2564 triuomium

2279 2591 2682 2664 [trinonymum]
2708 2593 2958 2650 eumdem
2984 2588 3215 2661 Patrem,
3246 2605 3301 2651 et
3329 2596 3542 2664 Filium,
3572 2608 3628 2655 et
3663 2600 3834 2670 Spiri-

2275 2687 2388 2734 tum
2410 2690 2652 2738 sanctum
2676 2699 2690 2736 :
2718 2697 2816 2738 nec
2835 2683 3133 2739 dividentes
3152 2686 3525 2755 proprietates,
3543 2689 3834 2743 alienamns

2273 2785 2304 2824 a
2331 2769 2427 2826 Dei
2455 2771 2626 2826 Patris
2654 2772 2950 2827 substantia
2975 2773 3165 2828 Filium
3193 2782 3249 2830 et
3283 2775 3538 2845 Spiritum
3567 2787 3831 2840 sanctum,

610 2857 896 2914 secundum
920 2858 1031 2913 Arii
1067 2856 1323 2922 furorem,
1356 2859 1409 2914 in
1468 2867 1577 2914 tres
1624 2858 1862 2914 diversas
1908 2864 2128 2913 naturas
2156 2858 2450 2914 incidentes
2495 2859 2767 2915 deitatem.
2805 2860 2951 2917 Unus
2999 2863 3160 2932 igitur
3208 2865 3348 2920 Deus
3386 2865 3571 2934 Pater,
3616 2883 3683 2924 ex
3725 2883 3832 2939 quo

609 2945 786 3000 omnia
811 2964 826 2999 :
857 2954 912 3001 et
939 2961 1074 3002 unus
1103 2947 1406 3016 unigenitus
1425 2946 1608 3015 Filius,
1635 2962 1734 3018 per
1757 2961 1916 3017 quem
1940 2947 2119 3003 omnia
2145 2964 2160 3001 :
2200 2955 2257 3003 et
2284 2963 2418 3002 unus
2442 2949 2672 3019 Spiritus
2698 2960 2936 3016 sanctus,
2967 2953 3022 3008 in
3046 2969 3154 3024 quo
3181 2955 3381 3011 omnia.

674 3085 1038 3157 Ὀμολογοῦμεν
1075 3083 1128 3140 δέ
1161 3085 1309 3140 αὐτόν
1340 3085 1427 3138 τὸν
1461 3090 1692 3156 μονογενῆ
1733 3085 1844 3139 υἱὸν
1871 3089 1961 3140 τοῦ
2005 3090 2161 3150 Θεοῦ,

2337 3081 2668 3140 Conﬁtemur
2694 3095 2874 3142 autem
2903 3087 3075 3157 ipsum
3106 3089 3435 3159 unigenitum
3475 3092 3666 3150 Filium
3709 3095 3830 3162 Dei,

607 3179 728 3234 Θεὸν
748 3179 914 3252 λόγον,
953 3179 1039 3235 τὸν
1069 3179 1170 3252 πρὸ
1196 3178 1380 3231 αἰώνων
1405 3179 1490 3231 καί
1514 3177 1749 3251 ἀχρόνως
1777 3179 1832 3231 ix
1855 3183 1946 3233 τοῦ
1977 3181 2168 3255 πατρὸς

605 3267 909 3342 γεννηθίντα,
936 3269 994 3322 οὐ
1019 3269 1286 3326 ποιηθέντα
1306 3305 1321 3330 ,
1347 3266 1427 3322 ἄπ’
1468 3267 1708 3337 έσχάτων
1746 3275 1846 3323 τῶν
1881 3269 2075 3342 ἡμερῶν
2102 3265 2169 3322 δι’

607 3363 762 3427 ἡμᾶς,
786 3359 872 3412 καί
900 3355 983 3413 διά
1003 3363 1093 3417 τήν
1118 3360 1358 3434 ἡμετέραν
1394 3363 1647 3435 σωτηρίαν
1673 3360 1966 3415 κατελθόντα
1994 3361 2044 3413 ἐκ
2068 3367 2167 3416 τῶν

605 3450 849 3518 οὐρανῶν,
879 3451 961 3501 καί
985 3448 1300 3521 σαρκωθέντα
1337 3450 1390 3502 έκ
1426 3451 1709 3519 πνεύματος
1737 3447 1913 3521 ἁγίου,
1952 3451 2037 3502 καί
2076 3455 2167 3508 τῆς

605 3537 754 3608 ἁγίας
797 3534 993 3600 ένδόξου
1036 3536 1295 3601 θιοτόκου,
1337 3538 1421 3590 καὶ
1446 3537 1775 3609 ἀειπαρθένου
1816 3539 2040 3612 Μαρίας,
2083 3539 2168 3590 καί

605 3628 890 3700 γεννηθέντα
920 3628 969 3690 έξ
997 3627 1180 3688 αὐτῆς,
1215 3624 1270 3686 ὅς
1303 3627 1410 3680 έστι
1437 3627 1606 3700 κύριος
1632 3632 1826 3688 Ἰησοῦς
1850 3627 2067 3700 Χριστός
2097 3621 2166 3686 εἷς

604 3725 694 3776 τῆς
717 3715 866 3788 ἁγίας
883 3714 1108 3790 τριάδος,
1133 3715 1398 3786 όμοούσιος
1419 3724 1492 3788 τῷ
1516 3717 1610 3787 θεῷ
1636 3720 1716 3774 καὶ
1743 3720 1900 3791 πατρὶ
1926 3719 2056 3771 κατὰ
2075 3721 2164 3775 τήν

603 3804 833 3870 θεότητα,
865 3809 950 3860 καί
977 3805 1239 3877 όμοούσιος
1267 3807 1381 3876 ἡμῖν
1409 3805 1434 3859 ό
1458 3807 1614 3865 αὐτὸς
1639 3808 1769 3860 κατά
1799 3811 1890 3866 τήν
1913 3806 2166 3884 ἀνθρωπό-

604 3917 752 3954 τητα.
779 3897 998 3956 παθητὸς
1027 3899 1192 3971 σαρκί,
1225 3899 1417 3956 ἀπαθὴς
1445 3897 1471 3954 5
1497 3899 1642 3958 αὐτὸς
1669 3896 1881 3956 θεότητε.
1914 3898 2041 3954 Οὔτε
2061 3901 2162 3972 γάρ

603 3985 774 4057 ἴτερός
799 3987 876 4044 τίς
913 3986 1022 4040 έστι
1049 3990 1188 4058 παρά
1212 3988 1294 4042 τὸν
1321 3989 1442 4042 Θεὸν
1458 3987 1601 4060 λόγον
1623 3987 1650 4042 ό
1677 3989 1734 4042 τὸ
1760 3990 1916 4049 πάθος
1949 3994 2033 4044 καί
2079 3992 2164 4046 τόν

604 4075 810 4129 θάνατον
847 4073 1254 4147 ἀναδεδεγμένος⁴
1290 4075 1394 4132 ἀλλ’
1421 4077 1575 4137 αὐτὸς
1611 4076 1638 4132 5
1674 4079 1868 4139 ἀπαθής
1894 4080 1977 4132 καί
2003 4077 2162 4140 ἀΐδιος

603 4167 694 4214 τοῦ
721 4166 848 4215 Θεοῦ
870 4161 1012 4232 λόγος
1031 4166 1300 4233 γεννήσεως
1323 4165 1509 4241 σαρκὸς
1527 4165 1835 4238 ἀνθρωπίνης
1861 4165 2160 4238 ἀνασχόμε-

602 4270 708 4312 νος,
737 4251 805 4303 τά
828 4251 994 4304 πάντα
1021 4252 1332 4323 πεπλήρωκε.
1359 4254 1440 4306 Διὸ
1477 4255 1562 4306 οὐκ
1599 4250 1744 4308 ἄλλον
1769 4255 1853 4309 τὸν
1878 4257 1998 4309 Θεὸν
2020 4257 2160 4328 λόγον

602 4340 686 4394 τὸν
720 4341 1263 4415 θαυματουργήσαντα,
1298 4343 1378 4395 καί
1417 4337 1556 4396 ἄλλον
1584 4343 1667 4396 τόν
1703 4345 1918 4416 Χριστόν
1939 4346 2026 4399 τὸν
2055 4367 2156 4400 παι

2270 3172 2436 3228 Deum
2465 3173 2717 3242 Verbum,
2741 3185 2866 3233 ante
2885 3179 3078 3234 saecula
3101 3188 3157 3235 et
3182 3181 3298 3236 sine
3326 3190 3567 3253 tempore
3585 3199 3654 3242 ex
3675 3185 3829 3242 Patre

2269 3272 2471 3332 natum,
2501 3282 2608 3322 non
2634 3265 2830 3323 factum
2847 3308 2864 3334 ,
2894 3269 2948 3324 in
2977 3271 3176 3327 ultimis
3202 3273 3391 3329 diebus
3416 3284 3636 3345 propter
3657 3293 3755 3333 nos
3775 3288 3829 3334 et

2268 3361 2488 3423 propter
2510 3363 2745 3410 nostram
2773 3358 2998 3413 salutem
3022 3359 3360 3418 descendisse
3383 3363 3451 3420 de
3473 3366 3642 3429 cmlis.
3664 3376 3717 3423 et
3745 3369 3828 3422 in-

2267 3455 2541 3500 carnatum
2570 3462 2691 3502 esse
2729 3463 2795 3503 ex
2834 3447 3033 3520 Spiritu
3062 3461 3274 3520 sancto,
3305 3464 3360 3510 et
3384 3463 3566 3512 saneta
3596 3459 3825 3526 gloriosa

2268 3537 2360 3592 Dei
2383 3537 2654 3596 Genitrice
2674 3557 2886 3612 semper
2903 3545 3107 3612 virgine
3121 3547 3306 3613 Maria,
3323 3559 3378 3604 et
3404 3561 3584 3606 natum
3606 3569 3671 3607 ex
3690 3555 3827 3624 ipsa,

2265 3628 2354 3696 qui
2385 3637 2468 3683 est
2495 3627 2750 3685 Dominus
2777 3631 2930 3688 Jesus
2949 3633 3212 3700 Christus,
3243 3630 3380 3694 unus
3399 3639 3468 3695 de
3493 3651 3677 3697 sancta
3703 3643 3827 3700 Tri-

2265 3719 2463 3784 nitate,
2510 3723 2972 3778 consubstantialis
3017 3725 3128 3780 Deo
3167 3725 3310 3782 Patri
3333 3732 3622 3785 secundum
3655 3733 3826 3787 deita-

2266 3817 2372 3863 tem
2393 3851 2409 3878 ,
2451 3819 2506 3865 et
2531 3813 2995 3871 consubstantialis
3021 3817 3174 3873 nobis
3213 3819 3352 3874 idem
3393 3821 3506 3891 ipse
3534 3824 3828 3879 secundum

2264 3898 2669 3963 humanitatem,
2693 3903 2957 3970 passibilis
2978 3919 3158 3971 carne,
3183 3905 3522 3976 impassibilis
3552 3909 3692 3965 idem
3710 3912 3826 3980 ipse

2263 3989 2481 4046 deitate.
2529 3991 2646 4046 Non
2695 3994 2836 4048 enim
2865 3994 3001 4050 alius
3037 3996 3252 4064 quidam
3291 4008 3374 4054 est
3417 4009 3612 4070 praeter
3659 4001 3825 4057 Deum

2263 4075 2495 4133 Verbum
2517 4119 2533 4144 ,
2580 4081 2670 4150 qui
2707 4082 3012 4150 passionem
3051 4092 3108 4140 et
3145 4095 3375 4142 mortem
3417 4089 3654 4159 suscepit
3686 4108 3699 4143 :
3730 4089 3824 4144 sed

2262 4165 2376 4235 ipse
2404 4167 2744 4238 impassibilis
2771 4179 2826 4226 et
2851 4172 3209 4242 sempiternus
3235 4174 3373 4230 Deus
3400 4176 3633 4232 Verbum
3661 4193 3825 4248 gene-

2261 4257 2520 4313 rationem
2544 4260 2721 4315 carnis
2743 4260 2987 4316 humanm
3011 4265 3276 4320 sustinere
3296 4265 3558 4335 dignatus,
3585 4269 3824 4337 implevit

2261 4348 2460 4405 omnia.
2487 4348 2612 4404 ldeo
2641 4365 2747 4404 non
2771 4351 2932 4406 alium
2953 4352 3119 4407 Deum
3135 4354 3365 4410 Verbum
3394 4368 3511 4410 esse
3535 4359 3625 4426 qui
3653 4359 3816 4413 mira-

600 4429 746 4484 θόντα
781 4430 1120 4499 έπιστιέμεθα⁸
1158 4429 1260 4484 ἀλλ’
1284 4431 1373 4486 ἕνα
1409 4434 1491 4485 καί
1528 4433 1612 4487 τόν
1639 4437 1784 4488 αὐτόν
1817 4436 1981 4509 κύρισν
2016 4438 2154 4506 ἡμῶν

2267 4444 2372 4504 cula
2399 4453 2653 4516 operatus
2680 4455 2780 4514 est,
2809 4457 2865 4503 et
2891 4449 3053 4503 alium
3082 4448 3355 4506 Christum
3383 4453 3474 4521 qui
3499 4469 3686 4523 passus
3713 4465 3818 4520 est,

599 4527 790 4580 Ἰησοῦν
833 4522 1045 4596 Χριστὸν
1084 4520 1169 4577 τὸν
1211 4528 1302 4577 τοῦ
1341 4529 1465 4577 Θεοῦ
1505 4523 1646 4595 λόγον
1687 4527 2030 4598 σαρκωθίντα,
2076 4529 2158 4580 καί

603 4613 1041 4687 ένανθρωπήσαντα
1059 4651 1074 4676 ,
1105 4615 1182 4665 καὶ
1223 4618 1312 4666 τοῦ
1339 4613 1492 4668 αὐτοῦ
1517 4606 1583 4666 τοί
1603 4630 1659 4668 τε
1687 4614 1948 4685 θαύματα,
1985 4617 2068 4670 καὶ
2094 4618 2158 4673 τά

601 4701 754 4763 πάθη,
787 4701 917 4776 ἅπερ
943 4701 1180 4760 έκουσίως
1205 4704 1432 4774 ὐπέμεινε
1461 4706 1630 4777 σοφαί,
1661 4703 2008 4775 ὁμολογοῦμεν’
2041 4705 2157 4762 οὔτε

594 4793 690 4868 γάρ
711 4790 971 4863 ἄνθρωπός
997 4814 1075 4853 τις
1103 4793 1233 4868 ὐπέρ
1257 4796 1392 4863 ἡμῶν
1421 4794 1595 4848 έαυτὸν
1615 4792 1846 4859 δέδωκεν,
1879 4797 1980 4850 ἀλλ’
2007 4798 2158 4860 αὐτὸς

596 4883 623 4936 5
645 4884 765 4944 θεὸς
801 4883 944 4955 λόγος
974 4884 1031 4938 τὸ
1059 4883 1180 4939 ἴδιον
1217 4893 1368 4954 σῶμα
1396 4883 1601 4940 δέδωκεν
1629 4887 1758 4959 ὐπίρ
1783 4889 1919 4958 ἡμῶν
1938 4928 1954 4951 ,
1981 4888 2060 4944 ἵνα
2089 4895 2157 4959 μή

595 4973 664 5032 εἷς
694 4970 947 5048 ἄνθρωπον
969 4975 1000 5032 ἠ
1021 4979 1194 5034 πίστις
1213 4980 1293 5029 καὶ
1315 4979 1343 5033 ἡ
1371 4977 1507 5036 ἐλπὶς
1536 4978 1671 5048 ἡμῶν
1697 4975 1748 5052 ᾖ,
1776 4978 1880 5031 ἀλλ’
1908 4981 1977 5039 εἰς
2005 4982 2156 5034 αὐτὸν

593 5063 678 5117 τὸν
715 5065 832 5118 Θεὸν
869 5065 1013 5136 λόγον
1052 5070 1140 5123 τήν
1166 5068 1411 5138 ἡμετέραν
1445 5072 1616 5121 πίστιν
1655 5066 1879 5139 ἔχωμεν.
1907 5073 1993 5124 Καὶ
2033 5073 2155 5126 Θεὸν

590 5157 754 5208 τοίνυν
786 5156 934 5209 αὐτίν
974 5156 1326 5228 ὁμολογοῦντες
1354 5159 1436 5210 οὐκ
1467 5159 1732 5227 ἀθετοῦμεν
1763 5162 1820 5213 τὸ
1849 5156 1972 5215 εἶναι
2006 5163 2152 5218 αὐτόν

589 5247 674 5298 καί
700 5242 988 5318 ἄνθρωπον
1021 5249 1102 5300 καί
1130 5245 1388 5320 ἄνθρωπον
1414 5250 1630 5321 λέγοντες
1657 5251 1828 5307 αὐτὸν.
1860 5253 1948 5304 οὐχ
1969 5255 2150 5325 ἀρνού-

590 5341 714 5406 μεςα
739 5338 796 5392 τό
826 5333 948 5392 εἶναι
975 5340 1122 5393 αὐτὸν
1150 5343 1228 5393 καί
1255 5341 1394 5394 Θιόν.
1413 5344 1468 5394 Ei
1494 5344 1590 5415 γάρ
1615 5345 1737 5403 Θεὸς
1765 5343 1909 5414 μόνον
1932 5342 2012 5407 ἦν,
2036 5355 2146 5406 πῶς

587 5426 822 5497 ἴπασχες
884 5437 993 5488 πῶς
1043 5431 1356 5502 έσταυροῦτο
1404 5436 1486 5484 καὶ
1531 5433 1860 5494 ἀπέθνησκενς
1909 5436 2148 5509 ἀλλότρια

584 5521 682 5592 γάρ
710 5526 873 5572 ταῦτα
898 5525 1043 5572 Θεοῦ.
1074 5525 1134 5570 Εἰ
1157 5519 1208 5574 δέ
1238 5518 1491 5596 ἄνθρωπος
1519 5523 1686 5593 μόνον,
1703 5531 1811 5583 πῶς
1830 5522 1913 5578 διά
1938 5534 2024 5582 τεῦ
2051 5529 2148 5581 πά-

583 5611 699 5668 θους
728 5611 884 5670 ίνίιιας
913 5617 1021 5668 πῶς
1050 5607 1233 5674 ἕσωζες
1261 5618 1370 5671 πῶς
1396 5613 1678 5675 ίζωοποίεις
1715 5621 1877 5668 ταῦτα
1898 5619 1995 5689 γὰρ
2019 5618 2146 5693 ὑπὲρ

581 5697 831 5776 ἄνθρωπον
856 5697 932 5757 ἦν.
967 5707 1062 5753 Νῦν
1083 5699 1135 5754 δέ
1170 5700 1194 5754 ό
1220 5703 1366 5760 αὐτὸς
1391 5703 1622 5771 πάσχει,
1654 5705 1735 5756 καί
1761 5707 1933 5770 σώζει,
1963 5709 2042 5760 καὶ
2066 5705 2148 5760 διὰ

582 5797 669 5844 τοῦ
696 5790 885 5848 πάθους
912 5791 1081 5862 νικᾷ,ό
1103 5792 1253 5853 αὐτὸς
1272 5792 1413 5851 Θεὸς.
1438 5790 1462 5845 ὸ
1487 5791 1644 5851 αὐτὸς
1673 5789 1931 5864 ἅνθρωπος
1953 5795 2010 5848 τὸ
2035 5816 2151 5849 συν-

2258 4538 2628 4606 cognoscimus
2659 4557 2672 4592 :
2704 4541 2798 4593 sed
2839 4555 3000 4594 unum
3029 4541 3384 4612 eumdemque
3416 4543 3695 4599 Dominum
3720 4563 3820 4602 no.

2259 4633 2429 4681 strum
2456 4625 2638 4684 Jesum
2667 4629 2957 4692 Christum,
2982 4629 3074 4684 Dei
3102 4630 3333 4686 Verbum
3365 4632 3698 4690 incarnatum
3717 4675 3733 4700 ,
3761 4645 3818 4692 et

2258 4716 2528 4772 hominem
2555 4717 2772 4783 factum,
2801 4727 2857 4773 et
2883 4719 3119 4786 ejusdem
3141 4721 3305 4791 ipsius
3333 4725 3589 4780 miracula
3611 4736 3665 4780 et
3695 4743 3818 4796 pas-

2259 4806 2457 4870 siones,
2497 4823 2631 4877 quas
2668 4822 2830 4862 carne
2861 4808 3158 4864 voluntarie
3179 4813 3454 4875 sustinuit,
3482 4815 3816 4870 conﬁtemur.

2261 4893 2374 4948 Non
2404 4897 2543 4948 enim
2565 4895 2726 4950 homo
2755 4896 2947 4964 aliquis
2973 4913 3072 4966 pro
3100 4899 3254 4954 nobis
3278 4900 3619 4970 semetipsum
3647 4904 3812 4968 dedit,

2257 4984 2350 5038 sed
2381 4985 2492 5053 ipse
2515 4985 2655 5039 Deus
2684 4984 2912 5039 Verbum
2943 5001 3096 5040 suum
3126 5003 3322 5056 corpus
3343 5004 3440 5058 pro
3469 4990 3621 5044 nobis
3646 4991 3810 5055 dedit,

2256 5087 2324 5125 ne
2351 5073 2401 5126 in
2432 5071 2702 5126 hominem
2725 5072 2852 5127 ﬁdes
2873 5081 2928 5127 et
2950 5089 3073 5142 spes
3099 5084 3280 5130 nostra
3311 5077 3410 5144 sit,
3445 5077 3538 5133 sed
3559 5078 3612 5132 in
3640 5079 3810 5148 ipsun'

2257 5160 2421 5214 Deum
2466 5161 2696 5215 Verbum
2725 5169 2964 5216 nostram
2992 5162 3148 5218 ﬁdem
3178 5164 3486 5220 habeamus.
3535 5166 3602 5222 Et
3645 5169 3811 5223 Deum

2255 5250 2414 5320 igitur
2442 5267 2564 5305 eum
2603 5251 2953 5318 conﬁtentes,
3001 5270 3108 5308 non
3139 5255 3461 5326 abnegamus
3488 5257 3660 5327 ipsum
3693 5274 3814 5315 esse

2255 5350 2310 5396 et
2339 5343 2608 5397 hominem
2641 5359 2656 5395 :
2687 5353 2742 5396 et
2763 5343 3030 5397 hominem
3057 5345 3294 5400 dicentes
3317 5361 3458 5410 eum,
3509 5362 3614 5402 non
3644 5349 3813 5402 abne-

2254 5450 2439 5503 gamus
2469 5435 2637 5504 ipsum
2667 5451 2782 5490 esse
2805 5445 2856 5490 et
2888 5437 3070 5490 Deum.
3114 5436 3170 5490 Si
3215 5438 3354 5491 enim
3395 5439 3531 5493 Deus
3572 5446 3810 5492 tantum-

2252 5523 2413 5576 modo
2433 5533 2595 5591 esset,
2614 5525 2879 5594 quomodo
2896 5526 3231 5594 patiebatur?
3251 5527 3516 5594 quomodo
3537 5528 3811 5594 cruciﬁge-

2253 5615 2410 5669 batur
2439 5623 2492 5668 et
2521 5615 2880 5670 moriebatur?
2906 5616 3261 5679 Alienacnim
3294 5617 3390 5670 ista
3419 5624 3541 5670 sunt
3563 5616 3692 5670 Deo.
3716 5617 3806 5669 Sin

2255 5714 2434 5758 autem
2457 5705 2618 5758 homo
2641 5705 2834 5772 solum,
2871 5706 3142 5774 quomodo
3170 5722 3268 5776 per
3296 5706 3596 5776 passionem
3625 5707 3803 5759 vince-

2251 5793 2384 5848 bat?
2406 5793 2677 5862 quomodo
2699 5796 2873 5852 salvos
2897 5795 3159 5853 faciebat?
3175 5795 3451 5863 Quomodo
3474 5793 3807 5852 viviﬁcabat?

4035 483 4040 696 ¹
