4088 6524
345 429 447 491 997

1422 430 1656 528 .LIBER
1696 432 2091 493 ADVERSUS
2127 434 2548 498 ORIGENEM.

3457 451 3560 513 998

350 536 658 612 αμφέτερον,
699 539 858 603 οὕτως
878 540 929 596 ἒν
962 542 1222 617 ἑκάτερον,
1245 547 1319 607 ’ὡς
1354 548 1514 617 μόνον.
1541 546 1685 602 Ὀθεν
1712 549 1761 611 ἔξ
1794 547 1903 601 im-

2009 546 2133 602 Haec
2152 549 2293 602 enim
2313 564 2470 618 supra
2492 551 2718 605 hominis
2739 562 2979 610 naturam
3010 567 3181 613 erant.
3211 559 3360 616 Nunc
3382 571 3561 616 autem

348 630 502 701 τέρας
524 630 741 702 φύσεως,
766 635 1024 688 τουτέστιν
1046 635 1097 687 in
1123 633 1354 695 θεότητος
1392 640 1473 690 καί
1501 638 1911 709 ἀνθρωπότητος,

346 719 435 775 ἕνα
459 722 674 793 Χριστὸν
701 720 936 778 σύνθετον
972 725 1216 798 λέγοντες,
1247 726 1511 798 σύγχυσιν
1528 738 1589 803 τῇ
1617 729 1794 783 ίνῶσει
1820 730 1911 782 οὑκ

348 811 699 881 έπεισάγομεν.
727 816 820 866 Καὶ
840 815 889 868 έν
911 813 1120 892 ini-ipa
1142 814 1195 870 δέ
1232 819 1407 888 φύσει,
1446 820 1708 871 τουτέστιν
1728 819 1778 871 ἐν
1804 817 1913 870 θεό-

346 920 458 956 τητι
502 903 585 953 καί
636 903 1010 974 ἀνθρωπότητι,
1062 908 1148 960 τὸν
1194 908 1280 961 ἕνα
1323 909 1487 984 κύριον
1547 910 1684 977 ἡμῶν
1726 906 1913 965 Ἰησοῦν

344 993 558 1062 Χριστὸν
583 992 665 1046 τὸν
690 1000 779 1047 τοῦ
804 1003 929 1048 Θεοῦ
960 996 1096 1069 λόγον
1127 1000 1468 1073 σαρκώθέντα,
1494 1002 1577 1053 καὶ
1603 1000 1912 1072 ένανθρωπή·

344 1100 508 1135 σαντα
531 1083 884 1152 γινώσκοντες,
930 1082 1175 1159 διαίρεσιν
1212 1087 1300 1155 μέν
1332 1109 1441 1141 τινα
1483 1085 1573 1155 [ἷσ.
1620 1088 1711 1140 ἀνά
1740 1086 1910 1159 μέρος]

342 1168 548 1241 ἁμερὸς,
565 1169 594 1227 ἦ
614 1175 772 1240 τομήν
790 1173 875 1224 οὑκ
893 1173 1188 1246 ἐπιφέρομεν
1215 1182 1277 1247 τῇ
1306 1181 1397 1245 μιᾷ
1417 1178 1569 1228 αὑτοῦ
1598 1177 1879 1229 ὑποστάσει
1892 1190 1908 1205 ⁸

342 1263 431 1315 τήν
450 1254 760 1330 δέδιαφορὰν
788 1265 885 1313 τῶν
911 1261 1125 1328 φύσεων,
1155 1261 1206 1324 ἐξ
1232 1260 1297 1313 ὧν
1318 1265 1402 1315 καί
1430 1263 1696 1324 συνετέθη,
1726 1262 1911 1332 σημαί-

342 1366 506 1415 νομεν,
551 1350 637 1401 οὑκ
679 1350 984 1421 ἀνῃρημένην
1025 1348 1109 1403 διά
1133 1356 1221 1407 τήν
1248 1352 1460 1413 ἕνωσιν,
1504 1351 1673 1409 ἐπειδὴ
1700 1352 1910 1424 ἑκατέρα

341 1442 489 1508 φύσις
514 1439 653 1491 ἐστίν
679 1439 729 1490 ἐν
757 1440 914 1507 αὑτῷ.
944 1439 1224 1499 Συνθέσεως
1250 1446 1345 1514 γάρ
1371 1439 1786 1511 ὸμολογουμένης.
1825 1441 1910 1492 καὶ

340 1528 406 1578 τά
428 1527 554 1599 μέρη
577 1528 623 1578 ἐν
645 1533 717 1595 τῷ
743 1524 839 1598 ὅλῳ
863 1528 1123 1601 ὑπάρχει,
1155 1531 1244 1581 καί
1275 1532 1333 1583 τὸ
1374 1530 1485 1583 ὅλον
1510 1531 1559 1581 ἐν
1584 1538 1688 1586 το“ς
1730 1528 1910 1600 μέρεσι

341 1615 658 1683 γινώσκεται.
689 1612 817 1669 Οὔτε
852 1618 951 1691 γάρ
994 1618 1024 1673 ri
1063 1618 1170 1669 Otia:
1198 1620 1349 1686 φύσις
1387 1620 1457 1677 είς
1481 1622 1569 1675 τὴν
1602 1619 1910 1691 ἀνθρωπίνην

341 1704 648 1769 μετεϐλήθη,
688 1702 804 1758 οὔτε
848 1704 902 1758 δέ
943 1706 973 1763 ἠ
1018 1707 1297 1782 ἀνθρωπίνη
1336 1708 1483 1775 φύσις
1524 1708 1595 1764 είς
1642 1712 1731 1762 τήν
1778 1706 1910 1757 θείαν

341 1793 531 1866 έτράπη
548 1808 561 1821 ·
589 1794 852 1863 νοουμένης
880 1793 932 1847 δέ
963 1794 1167 1863 μᾶλλον,
1197 1798 1279 1848 καί
1303 1796 1649 1869 ὑπαρχούσης
1670 1794 1907 1866 έιατέρας

2014 637 2153 691 idem
2184 638 2297 707 ipse
2319 640 2546 708 patitur,
2574 647 2632 695 et
2655 642 2830 697 salvos
2859 643 3017 713 facit,
3046 655 3100 701 et
3128 663 3225 717 per
3260 650 3564 718 passionem

2009 728 2192 794 vincit,
2221 728 2359 783 idem
2384 729 2498 799 ipse
2516 730 2687 799 Deus,
2721 731 2834 800 ipse
2862 734 3049 799 homo,
3081 746 3363 807 utrumque
3390 747 3415 775 ⁸
3443 748 3563 792 tan-

2009 830 2167 885 quam
2196 832 2399 883 unum,
2445 826 2725 887 utrumque
2770 828 3018 890 tanquam
3063 825 3257 880 solum.
3311 825 3460 882 Unde
3494 841 3564 883 ex

2009 912 2235 972 utraque
2256 913 2466 974 natura,
2486 906 2536 959 id
2559 915 2641 961 est
2665 922 2729 962 ea
2743 908 2941 964 deitate
2961 912 3376 982 ethumanitate,
3400 932 3563 971 unum

2008 991 2276 1048 Christum
2295 998 2646 1066 compositum
2666 998 2924 1066 dicentes,
2946 1002 3311 1061 confusionem
3340 1010 3565 1064 unitioni

2009 1098 2114 1138 non
2136 1085 2533 1141 introducimus.
2561 1087 2625 1140 Et
2646 1090 2699 1142 in
2723 1098 2946 1158 utraque
2973 1101 3149 1147 autem
3172 1106 3380 1161 natura,
3410 1099 3461 1153 id
3483 1109 3567 1155 est

2008 1174 2060 1228 in
2086 1174 2360 1230 divinitate
2380 1184 2435 1231 et
2461 1178 2808 1245 humanitate,
2835 1197 2993 1235 unum
3015 1182 3294 1239 Dominum
3324 1196 3562 1243 nostrum

2005 1260 2187 1318 Jesum
2206 1262 2475 1319 Christum
2493 1266 2827 1322 DeiVerbum
2846 1269 3194 1336 incarnatum,
3218 1284 3271 1327 et
3292 1275 3560 1330 hominem

2005 1352 2201 1408 factum
2227 1365 2628 1422 cognoscentes,
2659 1357 2973 1413 divisionem
3001 1360 3211 1429 quidem
3242 1378 3339 1433 per
3364 1373 3564 1433 partes,

2006 1443 2091 1496 vel
2119 1445 2431 1500 incisionem
2472 1464 2575 1501 non
2604 1448 2877 1504 inferimus
2908 1454 2997 1504 uni
3023 1454 3137 1521 ejus
3163 1454 3513 1511 subsistentia:
3546 1475 3561 1509 :

2006 1533 2354 1590 differentiam
2381 1547 2556 1593 autem
2579 1549 2906 1608 naturarum,
2937 1560 3003 1598 ex
3027 1546 3216 1613 quibus
3236 1551 3565 1617 compositus

2005 1630 2104 1685 est,
2135 1624 2511 1691 signiﬁcamus,
2535 1643 2642 1681 non
2665 1630 3036 1700 interemptam
3060 1642 3281 1703 prOpter
3305 1639 3563 1692 unitatem

2008 1710 2381 1785 [unitionem],
2427 1717 2677 1783 quoniam
2723 1726 2949 1787 utraque
2994 1731 3182 1776 natura
3222 1725 3277 1777 in
3317 1725 3431 1794 ipso
3458 1735 3559 1779 est.

2006 1800 2136 1855 Cum
2165 1803 2306 1857 enim
2335 1807 2776 1875 compositionem
2807 1807 3064 1877 dicamus,
3089 1826 3307 1868 necesse
3330 1821 3413 1868 est
3434 1829 3563 1868 con-

340 1880 393 1933 έν
421 1889 493 1952 τῷ
524 1890 615 1941 τῆς
663 1882 793 1942 ἰδίας
832 1884 1032 1955 φύσεως
1062 1883 1163 1960 ὅρῳ
1204 1905 1259 1940 τε
1309 1889 1392 1940 καὶ
1428 1887 1557 1956 λόγῳ
1600 1886 1903 1959 πεπρᾶχθαί

2007 1890 2143 1946 fiteri
2165 1899 2219 1947 et
2244 1902 2425 1961 partes
2451 1896 2505 1949 in
2533 1903 2646 1951 toto
2667 1912 2806 1963 esse,
2836 1904 2891 1951 et
2912 1905 3081 1953 totum
3119 1902 3172 1955 in
3198 1904 3436 1971 partibus
3464 1919 3559 1959 co-

341 1992 498 2044 φομεν
522 1985 609 2030 την
632 1973 810 2028 ἕνωσιν
837 1974 940 2028 καθ’
971 1975 1282 2031 ὑπόστασιν.
1321 1987 1374 2031 Ἦ
1400 1975 1453 2031 δέ
1489 1976 1594 2030 καθ’
1621 1977 1903 2031 ὑπόστασιν

340 2062 513 2121 ἵνωσις
537 2061 693 2127 δηλοῖ,
725 2062 801 2118 ὅτι
830 2064 854 2118 ό
884 2066 1006 2125 Θεὸς
1028 2066 1167 2137 λξιγος
1184 2104 1201 2131 ,
1226 2069 1490 2122 τουτέστιν
1513 2069 1543 2124 ἡ
1679 2067 1904 2121 ὑπόστα-

343 2172 426 2212 σις
453 2153 505 2205 ἐκ
546 2161 644 2207 τῶν
672 2162 822 2228 τριῶν
860 2165 947 2216 τῆς
986 2159 1216 2218 θεότητος
1256 2160 1619 2226 ὑποστάσεων,
1658 2162 1713 2213 ού
1744 2168 1902 2231 προῦο

340 2240 586 2293 ποστάντι
612 2242 855 2316 ἀνθρώπῳ
894 2245 1080 2309 ῇνὼθη,
1107 2246 1207 2299 ἀλλ’
1242 2247 1293 2299 έν
1327 2254 1387 2320 τῇ
1412 2251 1596 2320 γαστρί
1622 2256 1709 2307 τῇς
1753 2249 1903 2319 ἁγίας

340 2329 583 2401 παρθένου
612 2327 1004 2403 ἐδημιούργησεν
1026 2333 1190 2402 έαυτῷ
1219 2334 1269 2397 ἐξ
1300 2338 1452 2393 αὐτῆς
1481 2333 1529 2387 έν
1552 2342 1613 2409 τῇ
1643 2334 1746 2410 ἰδίᾳ
1773 2339 1902 2391 ὑπο-

339 2422 523 2471 στάσει
549 2420 714 2492 σάρκα
739 2420 1073 2490 ἄψυχωμέιην
1102 2422 1252 2494 ψυχῇ
1279 2424 1442 2498 λογικῇ
1470 2428 1556 2479 καὶ
1581 2431 1747 2499 νοερᾷ,
1778 2425 1900 2502 ὅπερ

337 2506 449 2561 έστὶ
478 2509 625 2578 φύσις
669 2510 977 2583 ἀνθρωπίνη·
1030 2515 1220 2571 ταύτην
1265 2513 1319 2568 δέ
1350 2520 1439 2572 τήν
1473 2515 1577 2568 καθ’
1616 2517 1901 2572 ὑπόστασιν

336 2602 429 2651 τοῦ
469 2603 595 2652 Θεοῦ
621 2600 765 2670 λόγου
803 2605 933 2677 πρὶς
963 2607 1053 2661 τὴν
1079 2605 1246 2677 σάρκα
1288 2605 1467 2660 ἕνωσιν
1494 2605 1740 2661 διδάσκων
1768 2610 1903 2678 ἡμᾶς

337 2691 417 2744 καὶ
433 2687 609 2750 ὸΘεῖος
625 2691 925 2758 ἀπόστολος,
951 2694 1101 2763 λέγει,
1113 2694 1228 2756 (Ὃς
1256 2698 1303 2749 ἐν
1320 2706 1482 2772 μορφῇ
1495 2705 1622 2753 Θεοῦ
1643 2700 1717 2753 ὑπ
1730 2699 1751 2750 ἰ
1754 2721 1783 2772 ρ
1789 2722 1901 2770 χων

336 2778 434 2848 οὑχ
463 2778 725 2855 ἁρπαγμὸν
767 2784 991 2855 ἡγήσατο
1033 2787 1087 2839 τὸ
1115 2781 1239 2840 εἶναι
1272 2783 1363 2842 ἶσα
1402 2796 1538 2860 Θεῷ,
1578 2789 1682 2843 ἀλλ’
1723 2791 1901 2845 ἑαυτὸν

337 2867 565 2934 ἕκένωσε,
595 2876 787 2944 pop;le
816 2870 993 2926 δούλου
1018 2874 1204 2928 λαϐὼν.
1220 2893 1240 2927 ι
1265 2879 1353 2931 Διά
1371 2880 1468 2954 γὰρ
1496 2884 1588 2931 τοῦ
1612 2882 1774 2933 εἰπεῖν
1791 2918 1805 2942 ,
1838 2879 1901 2940 ὃς

337 2957 395 3009 έν
421 2965 626 3033 μορφῇ
656 2969 808 3014 Θεοῦ
843 2963 1181 3037 ὑπάρχων,
1211 2970 1299 3024 τήν
1324 2974 1412 3022 τοῦ
1441 2968 1591 3040 λόγου
1613 2970 1900 3024 ὑπόστασιν

338 3046 673 3120 ὁπάρχουσαν
691 3048 871 3115 ἔδειξεν
886 3054 936 3106 έν
958 3056 1108 3128 οὐσία
1126 3062 1272 3109 Θεοῦ.
1292 3059 1379 3111 Διά
1400 3058 1451 3111 δέ
1468 3065 1557 3113 τοῦ
1580 3062 1753 3121 εἰπεῖν,
1769 3082 1903 3135 μορ-

339 3143 447 3203 φην
464 3135 685 3191 δούλου
709 3138 954 3202 ἔλαϐεν,
980 3145 1125 3218 οὐσίᾳ
1144 3146 1425 3217 ἀνθρώπου,
1451 3152 1533 3201 καί
1551 3150 1655 3219 οὑχ
1675 3150 1901 3205 ὑποστὰ-

2003 1981 2208 2049 gnosci.
2238 1981 2349 2037 Nec
2375 1984 2517 2037 enim
2554 1984 2729 2039 divina
2758 1994 2947 2038 natura
2979 1986 3029 2041 in
3071 1988 3353 2044 humanam
3384 1998 3529 2046 trans

2000 2079 2202 2125 mutata
2230 2080 2340 2136 est,
2371 2088 2471 2128 nec
2496 2073 2726 2130 humana
2756 2088 2944 2133 natura
2968 2079 3021 2132 in
3048 2078 3278 2133 divinam
3298 2095 3555 2135 conversa

2000 2170 2100 2218 est.
2124 2162 2289 2231 Magis
2304 2174 2481 2219 autem
2504 2166 2831 2235 intelligitur,
2848 2170 2988 2237 quod
3007 2178 3229 2237 utraque
3246 2170 3297 2223 in
3318 2171 3550 2239 proprie

2002 2260 2109 2305 tate
2136 2260 2190 2305 et
2218 2252 2424 2306 ratione
2451 2267 2560 2306 sua:
2582 2262 2782 2308 natune
2805 2264 3083 2323 manente,
3114 2256 3250 2310 facta
3271 2266 3353 2310 est
3380 2257 3553 2311 unitas

2002 2341 2213 2414 [unitio]
2234 2342 2521 2397 secundum
2542 2345 2956 2400 subsistentiam.
2980 2345 3161 2400 Unitas
3177 2354 3354 2400 autem
3370 2362 3549 2401 secun-

1998 2432 2124 2483 dum
2147 2431 2540 2485 subsistentiam
2570 2432 2847 2503 signiﬁcat,
2869 2434 3012 2503 quod
3043 2435 3182 2489 Deus
3217 2435 3470 2501 Verbum,
3502 2437 3555 2491 id

1998 2526 2082 2571 est
2097 2534 2198 2571 una
2218 2520 2555 2574 subsistentia
2567 2523 2813 2577 extribus
2825 2524 3036 2577 deitatis
3052 2524 3425 2592 subsistentiis,
3440 2540 3545 2579 non

1998 2617 2123 2662 ante
2146 2609 2404 2678 plasmato
2428 2612 2627 2665 homini
2649 2612 2828 2667 unitus
2855 2621 2957 2677 est,
2987 2612 3079 2667 sed
3100 2614 3151 2666 in
3182 2622 3335 2668 utero
3355 2623 3553 2668 sanctae

2004 2696 2230 2766 Virginis
2258 2702 2461 2753 ereavit
2488 2702 2587 2755 sibi
2617 2716 2685 2756 ex
2716 2702 2829 2771 ipsa
2859 2702 2913 2755 in
2942 2718 3035 2757 sua
3065 2703 3405 2759 subsistentia
3434 2720 3555 2759 car-

2000 2802 2120 2839 nem
2150 2788 2436 2841 animatam
2462 2790 2636 2842 anima
2662 2790 2910 2843 rationali
2938 2800 2991 2845 et
3018 2791 3382 2856 intellectuali,
3410 2794 3555 2860 quod

1999 2888 2082 2930 est
2106 2888 2293 2930 natura
2317 2876 2567 2931 humana.
2588 2876 2736 2934 lianc
2755 2889 2932 2933 autem
2952 2881 3241 2935 secundum
3262 2884 3556 2937 subsisten-

2002 2970 2125 3022 tiam
2158 2970 2412 3023 unitatem
2438 2969 2774 3042 [unitionem]
2816 2970 2909 3025 Dei
2935 2969 3092 3025 Verbi
3121 2971 3187 3025 ad
3212 2987 3425 3026 carnem
3453 2972 3552 3027 do-

1998 3071 2123 3110 cens
2145 3073 2241 3110 nos
2261 3068 2316 3113 et
2334 3058 2541 3112 divinus
2554 3058 2837 3128 Apostolus
2856 3059 2986 3113 dicit
3009 3076 3021 3111 :
3050 3057 3151 3123 Qui
3177 3076 3290 3112 cum
3310 3061 3363 3112 in
3389 3062 3555 3131 {arma

2003 3147 2099 3201 Dei
2131 3159 2279 3212 esset,
2321 3165 2424 3202 non
2452 3151 2691 3218 rapinam
2728 3149 3003 3202 arbitratus
3041 3158 3117 3202 est
3164 3149 3406 3219 aequalem
3447 3164 3557 3202 seu

340 3244 439 3290 σει,
452 3227 559 3284 ἦτοι
579 3232 836 3303 προσώπῳ
854 3232 1089 3290 ἔνωθῇναι
1107 3236 1189 3288 τὸν
1205 3236 1320 3288 Θεὸν
1336 3236 1476 3306 λόγον
1492 3236 1752 3307 ἐσήμανεν.
1768 3239 1895 3295 Οὔτε

2003 3255 2108 3292 esse
2129 3239 2256 3305 Deo,
2277 3239 2368 3291 sed
2392 3241 2717 3309 semetipsum
2742 3240 3045 3303 exinanivit,
3073 3240 3292 3309 formam
3314 3239 3440 3290 servi
3469 3254 3557 3290 ac.

339 3312 684 3392 νάρεῖπε,τόν
704 3319 763 3372 έν
787 3330 988 3397 μορφῇ
1012 3318 1237 3377 δούλου
1258 3325 1634 3399 ὑπάρχοντα
1655 3326 1894 3395 ἔλαϐεν,

340 3408 420 3462 ἱνα
444 3412 515 3478 μή
542 3412 926 3483 προϋποστάντι
955 3416 1197 3489 ἀνθρώπῳ
1217 3416 1446 3475 ένωθῇναι
1473 3418 1607 3491 δείξῃ
1630 3421 1713 3475 τὸν
1734 3423 1894 3493 λόγον,

340 3500 492 3559 καθὼς
536 3497 792 3575 Θεόδωρος
830 3504 911 3555 καί
952 3503 1213 3578 Νεστόριος
1252 3507 1548 3568 ἀσεϐοῦντες
1584 3509 1899 3583 ἐϐλασφήμη-

340 3605 471 3652 σαν,
500 3598 748 3658 σχετικὴν
776 3595 865 3649 τὴν
901 3592 1079 3647 ἕνωσιν
1122 3594 1361 3665 λέγοντες.
1395 3606 1555 3667 Ἡμεῖς
1592 3597 1644 3653 δέ
1687 3610 1748 3672 τῇ
1794 3605 1901 3676 θείᾳ

342 3686 506 3750 γραφῇ
524 3718 539 3741 ,
571 3684 654 3733 καί
692 3688 795 3741 τοῖς
823 3681 983 3753 ἁγίοις
1010 3687 1265 3757 πατράσιν
1291 3687 1523 3757 έπόμενοι
1549 3689 1897 3762 ὁμολογοῦμεν,

344 3769 423 3824 ότι
446 3770 471 3825 ὸ
494 3774 618 3831 Θεὸς
637 3772 781 3843 λόγος
802 3776 932 3849 σάρξ
956 3776 1170 3844 ὶγένετο.
1208 3776 1332 3852 ὅπερ
1355 3780 1468 3834 έστί
1487 3779 1590 3833 καθ’
1615 3780 1898 3835 ὑπόστασιν

344 3863 506 3931 ἑαυτῷ
535 3863 718 3917 ένῶσαι
754 3866 903 3935 φύσιν
938 3866 1261 3939 ἀνθρωπίνην.
1291 3869 1371 3921 Διὸ
1402 3872 1483 3922 καὶ
1524 3867 1593 3928 εἷς
1615 3871 1845 3940 ύπάρχει
1873 3868 1898 3923 ὸ

345 3952 515 4024 κύριος
540 3952 677 4016 ἡμῶν
707 3949 898 4012 Ἰησοῦς
925 3954 1141 4025 Χριστὸς
1158 3995 1173 4021 ,
1203 3956 1255 4007 ὲν
1282 3955 1444 4027 έαυτῷ
1472 3954 1617 4026 ἔχων
1639 3959 1696 4010 τὸ
1719 3958 1901 4017 τέλειον

345 4046 437 4099 τῆς
456 4043 613 4099 θεῐκῇς
631 4039 852 4112 φύσεως,
874 4044 1030 4097 καὶτὸ
1049 4043 1226 4096 τέλειον
1242 4050 1332 4103 τῆς
1351 4045 1659 4118 ἀνθρωπίνης
1679 4044 1897 4118 φύσεως·

292 4194 295 4197 Α
347 4131 429 4182 mi
453 4126 564 4183 ἔστι
590 4134 855 4201 μονογενὴς
884 4132 972 4199 μέν
997 4134 1080 4185 καί
1102 4131 1248 4202 λόγος
1272 4134 1337 4192 ὡς
1362 4133 1416 4186 in:
1434 4138 1558 4186 Θεοῦ
1580 4134 1771 4205 πατρὸς
1791 4153 1897 4206 γεν·

346 4222 529 4289 νηθείς,
561 4227 643 4275 καί
671 4222 987 4295 πρωτότοκος
1015 4220 1069 4277 δέ
1110 4222 1159 4275 έν
1185 4221 1388 4283 πολλοῖς
1411 4220 1639 4296 ἀδελφοῖς
1673 4223 1699 4278 ὸ
1722 4225 1900 4289 αὑτὸς,

346 4308 428 4366 ὅτε
451 4313 645 4383 γέγονεν
669 4308 931 4386 ἄνθρωπος
946 4326 961 4342 ⁸
999 4312 1024 4367 ὸ
1050 4314 1150 4384 γάρ
1174 4312 1281 4374 υίὸς
1304 4318 1391 4366 τοῦ
1420 4321 1545 4368 Θεοῦ
1583 4316 1689 4374 υῗὸς
1711 4315 1901 4387 ἀνθρώ-

347 4419 447 4453 που
488 4403 679 4472 γέγονε.
708 4405 798 4456 Καὶ
818 4406 986 4471 μείνας
1008 4401 1130 4479 ὅπερ
1153 4401 1228 4468 ἦν,
1257 4406 1315 4457 οὑ
1347 4405 1613 4472 μετέϐαλεν
1640 4402 1764 4479 ὅπερ
1805 4408 1901 4476 γέ-

346 4507 507 4559 γονεν.
522 4489 665 4544 ὀθεν
676 4495 760 4544 καί
780 4490 871 4545 δύο
897 4496 1151 4562 γεννήσεις
1171 4499 1261 4545 τοῦ
1283 4496 1436 4548 αὑτοῦ
1456 4500 1749 4565 μονογενοῦς
1770 4501 1897 4548 Θεοῦ

1996 3329 2187 3395 cipiens
2229 3328 2497 3397 (Philipp.
2524 3328 2614 3397 ιι).
2656 3326 2761 3381 Per
2785 3327 2889 3381 hoc
2913 3327 3050 3381 enim
3082 3327 3223 3395 quod
3251 3326 3405 3390 dixit,
3455 3324 3557 3389 Qui

1996 3434 2108 3471 cum
2134 3420 2188 3472 in
2217 3421 2384 3487 forma
2400 3419 2493 3472 Dei
2518 3426 2669 3481 esset,
2686 3417 2838 3472 Verbi
2873 3418 3266 3473 subsistentiam
3296 3417 3348 3471 in
3370 3425 3559 3472 natura

1996 3507 2090 3562 Dei
2117 3522 2236 3561 esse
2264 3507 2497 3561 ostendit
2528 3524 2541 3560 :
2572 3521 2669 3577 per
2695 3507 2798 3561 hoc
2823 3515 3000 3562 autem
3038 3507 3180 3575 quod
3209 3506 3363 3569 dixit,
3415 3504 3555 3560 For-

1997 3612 2133 3648 mam
2162 3596 2291 3648 servi
2317 3597 2532 3663 accepit,
2555 3602 2757 3648 natura:
2782 3594 3031 3659 hominis,
3059 3603 3113 3648 et
3142 3609 3247 3647 non
3268 3593 3559 3648 subsisten-

1998 3685 2083 3737 tiae
2111 3684 2223 3737 sive
2250 3696 2517 3751 personze,
2558 3682 2764 3736 unitum
2793 3694 2910 3736 esse
2939 3681 3105 3736 Deum
3129 3679 3361 3735 Verbum
3389 3680 3555 3747 signi-

1997 3772 2194 3827 ﬁcavit.
2224 3770 2334 3825 Nec
2360 3770 2501 3824 enim
2532 3768 2685 3835 dixit,
2715 3768 2858 3837 quod
2879 3784 3000 3823 eum
3029 3768 3119 3836 qui
3143 3768 3196 3821 in
3221 3766 3387 3822 forma
3416 3767 3558 3821 servi

1997 3869 2132 3929 erat,
2162 3860 2401 3929 accepit,
2433 3874 2499 3913 ne
2526 3867 2652 3913 ante
2680 3858 2945 3926 plasmato
2976 3857 3179 3911 homini
3209 3857 3413 3910 unitum
3436 3870 3557 3912 esse

1998 3949 2163 4003 Deum
2186 3947 2411 4002 Verbum
2435 3946 2761 4010 ostenderet,
2791 3945 2928 3999 sicut
2956 3943 3266 3997 Theodorus
3293 3950 3347 3997 et
3368 3942 3555 3999 Nesto-

1996 4037 2108 4091 rius
2154 4036 2300 4105 impii
2346 4035 2849 4102 hlasphemaverunt
2871 4072 2887 4099 ,
2942 4031 3274 4086 affectualem
3319 4032 3561 4085 dicentes

2000 4126 2279 4179 unitatem.
2304 4121 2413 4176 Nos
2440 4129 2618 4175 autem
2638 4130 2926 4188 sequentes
2952 4119 3157 4174 divinas
3183 4117 3482 4187 Scripturas
3502 4125 3557 4171 et

1997 4222 2212 4270 sanctos
2240 4211 2455 4276 Patres,
2484 4208 2800 4265 conﬁtemur
2835 4207 2978 4276 quod
3007 4205 3145 4260 Deus
3171 4205 3403 4259 Verbum
3430 4218 3559 4256 caro

1996 4306 2168 4361 factus
2181 4311 2283 4367 est,
2295 4302 2436 4372 quod
2456 4308 2538 4357 est
2552 4299 2842 4356 secundum
2861 4297 3255 4354 subsistentiam
3275 4294 3376 4349 sibi
3401 4294 3559 4349 unire

1999 4402 2243 4448 naturain
2265 4392 2547 4445 humanam
2577 4407 2592 4444 :
2615 4389 2736 4444 ideo
2756 4397 2810 4444 et
2828 4404 2965 4445 unus
2982 4395 3065 4442 est
3089 4385 3343 4440 Dominus
3373 4389 3561 4436 noster

1998 4482 2151 4538 Jesus
2176 4480 2419 4537 Christus
2442 4522 2459 4548 ,
2510 4479 2711 4535 habens
2749 4480 2805 4532 in
2846 4479 3133 4546 semetipso
3162 4473 3555 4545 perfectionem

348 4556 493 4649 λόγου
531 4578 882 4651 ὁμολογοῦμεν·
904 4556 1011 4639 ⁷την
1044 4582 1134 4650 μέν
1169 4582 1267 4657 πρὸ
1295 4556 1480 4634 αἰώνων
1516 4556 1683 4637 έκυτοῦ
1711 4584 1901 4657 πατρὸς

2003 4572 2192 4627 divina:
2218 4579 2453 4637 naturas,
2482 4576 2538 4624 et
2562 4567 2941 4637 perfectionem
2966 4574 3170 4618 natura:
3197 4564 3458 4616 humanae.
3489 4556 3560 4612 Et

348 4667 652 4736 ἀσωμάτως,
683 4674 772 4726 τήν
802 4669 854 4723 δέ
878 4668 958 4723 ἔπ’
991 4671 1228 4738 ἰσχόντων
1264 4677 1361 4724 τῶν
1388 4673 1583 4745 ἡμερῶν
1619 4679 1709 4727 τοῦ
1742 4675 1899 4729 αὑτοῦ

351 4759 403 4810 ix
426 4765 515 4817 τῆς
543 4758 687 4830 ἁγίας
716 4758 908 4822 ἐνδόξου
946 4762 1203 4825 θεοτόκου,
1233 4763 1315 4815 καί
1350 4762 1673 4834 ἀειπαρθένου
1701 4766 1904 4837 Μαρίας

350 4849 712 4920 σαρκωθέντος.
743 4850 828 4901 καί
860 4850 1350 4923 ένανθρωπησαντος.
1391 4862 1445 4905 '0
1478 4853 1575 4925 γάρ
1616 4854 1667 4909 ἐκ
1704 4856 1900 4926 πατρὸς

350 4935 606 5005 ὲχλάμψας
630 4939 758 5015 ὑπὲρ
782 4936 989 5002 ἔννοιαν,
1023 4937 1077 4993 έκ
1098 4942 1289 5013 μητρὸς
1324 4940 1557 4994 ἀνέτειλεν
1582 4941 1710 5012 ὑπὲρ
1734 4942 1897 5012 λόγον.

354 5028 444 5078 Καὶ
463 5024 531 5079 ὢν
557 5028 678 5088 θεὸς
699 5031 873 5089 ἀληθής
899 5027 1152 5104 ἅνθρωπος
1176 5036 1370 5100 γέγονεν
1401 5031 1610 5091 ἀληθῶς.
1640 5034 1728 5085 Διά
1751 5041 1902 5086 τοῦτο

352 5119 535 5185 κυρίως
563 5121 647 5170 iui
685 5122 811 5174 κατά
835 5122 1059 5177 ἀλήθειαν
1096 5122 1313 5176 θεοτόκον
1356 5127 1446 5179 τὴν
1488 5121 1652 5194 ἁγίαν,
1694 5120 1903 5186 ἔνδοξον,

353 5207 437 5257 καί
463 5207 783 5279 ἀιιπάρθενον
817 5217 1005 5286 Μαρίαν
1027 5209 1378 5282 ὁμολογοῦμεν.
1411 5212 1525 5279 Οὑχ
1560 5214 1627 5269 ὡς
1651 5218 1736 5265 τοῦ
1778 5219 1904 5264 Θεοῦ

353 5293 498 5365 λόγου
522 5302 610 5355 τήν
629 5300 799 5369 ἀρχὴν
822 5301 867 5362 ἐξ
891 5304 1047 5360 αὑτῆς
1067 5301 1317 5365 λαϐόντος,
1340 5302 1441 5355 ἀλλ’
1462 5302 1539 5357 ὄτι
1562 5304 1640 5357 in"
1669 5307 1906 5373 ἐσχάτων

353 5394 452 5440 τῶν
493 5390 688 5462 ἡμερῶν
729 5390 754 5442 ὁ
783 5393 882 5464 πρὸ
922 5400 1019 5445 τῶν
1059 5396 1248 5446 αἰώνων
1297 5402 1558 5467 μονογενής
1602 5400 1721 5456 Θεὸς
1762 5400 1905 5469 λόγος

354 5476 622 5549 σαρκωθείς
646 5476 695 5538 έξ
724 5478 880 5536 αὑτῆς
910 5478 1152 5555 ἄτρεπτος
1179 5482 1521 5555 ένηνθρώπησε
1543 5501 1554 5514 ’
1582 5487 1663 5537 καί
1691 5485 1907 5562 ἀόρατος

356 5564 422 5617 ὧν
448 5564 497 5617 ἐν
526 5573 629 5625 τοῖς
671 5567 883 5631 ἑαυτοῦ,
915 5569 1097 5638 ὁρατὸς
1134 5573 1327 5641 γέγονεν
1369 5572 1419 5625 έν
1457 5582 1566 5633 τοῖς
1589 5575 1709 5647 παρ’
1755 5579 1905 5645 ἡμῖν’

354 5658 441 5707 καί
469 5656 663 5715 ἀπαθής
690 5656 755 5711 ὦν
783 5658 903 5717 Θεὸς
930 5660 1019 5711 οὑκ
1044 5661 1294 5723 ἀπηξίωσε
1323 5664 1537 5723 παθητὸς
1562 5661 1684 5719 εἶναι
1714 5664 1906 5741 ἄνθρω-

426 5866 454 5896 δ
479 5855 648 5913 Simul
677 5864 975 5926 utrumque,
1004 5854 1077 5911 ita
1104 5871 1264 5911 unum
1301 5867 1580 5926 utrumque
1615 5870 1671 5916 ut
1697 5862 1902 5919 unicus.

2006 4671 2090 4718 est
2113 4662 2411 4730 unigenitus
2436 4660 2650 4729 quidem
2670 4659 2922 4722 Verbum,
2940 4666 2999 4712 ut
3024 4665 3150 4726 pote
3174 4671 3240 4709 ex
3260 4654 3371 4708 Deo
3396 4651 3575 4705 Patre.

2006 4770 2164 4816 natus
2187 4800 2203 4827 ,
2245 4767 2301 4815 et
2340 4757 2722 4829 primogenitus
2760 4764 2935 4814 autem
2966 4756 3019 4809 in
3049 4754 3229 4809 multis
3257 4750 3505 4805 fratribus
3538 4765 3553 4801 :

2007 4858 2146 4912 idem
2164 4858 2275 4930 ipse
2292 4870 2415 4911 cum
2436 4855 2607 4909 factus
2626 4863 2707 4909 est
2734 4853 2898 4907 homo
2924 4852 3111 4925 (Filius
3129 4850 3267 4904 enim
3288 4847 3396 4911 Dei,
3418 4847 3557 4899 ﬁlius

2007 4946 2241 5001 hominis
2262 4944 2430 5001 factus
2452 4943 2576 5013 est),
2600 4951 2649 4998 et
2677 4957 2894 4996 manens
2916 4941 3057 5012 quod
3085 4947 3219 5007 erat,
3247 4952 3349 4990 non
3376 4945 3552 4989 trans-

2003 5036 2229 5090 mutavit
2272 5035 2415 5103 quod
2458 5035 2625 5087 factus
2663 5040 2763 5086 est.
2812 5029 2962 5085 Unde
2991 5038 3044 5084 et
3084 5029 3215 5083 duas
3248 5026 3555 5080 nativitates

2004 5125 2239 5193 ejusdem
2268 5124 2433 5193 ipsius
2459 5122 2712 5192 unigeniti
2744 5121 2835 5175 Dei
2862 5120 3018 5175 Verbi
3048 5116 3398 5173 conﬁtemur:
3432 5125 3558 5169 ante

2008 5217 2197 5271 srecula
2225 5215 2436 5285 quidem
2466 5229 2532 5268 ex
2558 5213 2715 5267 Patre
2743 5210 3150 5281 incorporaliter
3182 5207 3323 5272 nati,
3351 5207 3403 5260 in
3432 5206 3556 5259 ulti-

2007 5311 2107 5364 mis
2133 5316 2309 5362 autem
2338 5307 2523 5361 diebus
2564 5305 2799 5373 ejusdem
2840 5304 3003 5373 ipsius
3044 5299 3299 5355 incarnati
3345 5306 3400 5351 et
3446 5296 3558 5351 nati

2012 5398 2302 5471 [humanati
2324 5394 2515 5465 Greca]
2543 5395 2608 5448 de
2635 5402 2813 5448 sancta
2842 5392 3067 5462 gloriosa
3102 5390 3189 5443 Dei
3212 5387 3476 5442 Genitrice
3504 5394 3557 5438 ct

2011 5503 2219 5556 semper
2241 5486 2452 5553 Virgine
2480 5485 2664 5538 Maria.
2697 5484 2796 5549 Qui
2830 5484 2968 5539 enim
3002 5481 3069 5535 de
3100 5480 3253 5532 Patre
3294 5476 3557 5546 spientim:

2010 5594 2167 5648 supra
2189 5578 2534 5641 intellectum,
2560 5592 2625 5629 ex
2651 5584 2817 5630 matre
2837 5583 2984 5630 ortus
3010 5581 3092 5627 est
3115 5584 3271 5639 supra
3294 5567 3557 5623 rationein

2011 5666 2371 5742 [orationem].
2396 5665 2599 5723 Etcum
2622 5665 2759 5722 Deus
2786 5680 2940 5721 verus
2960 5670 3119 5729 esset,
3146 5662 3309 5715 factus
3331 5668 3409 5711 est
3429 5668 3557 5709 vero
