4112 6540
574 438 681 501 999

1885 429 2325 494 JUSTINIANI
2363 427 2524 494 IMP.

3663 431 3796 499 100(

577 563 692 605 πος,
721 541 804 594 καί
831 538 858 593 ὃ
883 539 1138 598 ἀθάνατος,
1168 539 1331 607 νόμοις¹
1359 542 1647 595 ὑποκεῖσθαι
1675 539 1907 595 Θανάτου.
1948 522 2132 594 Τοῦτον

2236 537 2418 595 homo.
2441 538 2568 594 Ideo
2597 539 2815 608 proprie
2843 547 2896 594 et
2924 553 3050 594 vere
3075 538 3170 594 Dei
3208 536 3532 595 Genitricem
3553 551 3798 597 sanctam

577 629 662 686 τόν
702 629 751 683 ἕν
793 629 1005 698 Βηθ).ε“μ
1040 628 1326 700 γεννηθέντα
1370 630 1426 681 ἔκ
1471 629 1768 701 σπέρματος
1820 625 1972 681 Δαυίδ
2009 626 2140 680 κατὰ

578 724 744 796 σάρκα
764 759 781 786 ,
813 719 1111 790 ὁμοιωθέντα
1152 721 1424 792 ἀνθρώπως
1444 763 1457 786 ,
1489 721 1573 772 καί
1613 719 1966 791 σταυρωθέντα
2007 717 2138 790 ὑπὲρ

576 813 715 883 ήμῶν
751 815 848 863 τῶν
875 809 1147 882 ἀνθρώπων
1191 808 1273 862 ἐπί
1299 809 1502 860 Ποντίου
1546 807 1776 861 Πιθάτον.
1819 805 2058 880 ἐκήρυξαν
2092 803 2139 856 οί

578 901 710 971 ἆγιοι
731 899 997 955 ἀπόστολοι
1017 898 1166 952 αὐτόν
1190 893 1313 951 εἶναι
1341 899 1483 957 Θεὸν,
1515 897 1663 950 αὐτὸν
1691 894 1964 966 ἄνθρωπον,
1990 895 2139 948 αὐτόν

575 990 684 1044 υἱὸν
709 991 967 1060 ἀνθρώπου
985 1028 1000 1051 ,
1026 988 1173 1041 αὐτὸν
1203 987 1252 1049 ἐξ
1291 988 1502 1060 οὐρανοῦ
1520 1025 1534 1048 ,
1562 987 1710 1040 αὐτὸν
1729 985 1829 1039 διπὸ
1848 993 1962 1055 γῆς,
1989 985 2138 1037 αὐτόν

576 1084 761 1141 ἀπαθῆ,
791 1081 940 1134 αὐτόν
980 1078 1211 1136 παθητόν.
1242 1076 1304 1130 '0
1337 1078 1436 1149 γὰρ
1462 1077 1705 1146 γεννηθείς
1744 1073 1922 1130 ἄνωθεν
1961 1075 2011 1126 ἐκ
2046 1079 2136 1128 τοῦ

578 1169 766 1244 πατρὸς
790 1169 932 1240 λόγος
953 1167 1203 1240 ἀρῥήτως.
1227 1167 1520 1240 ἀφράστως,
1551 1163 1939 1226 ἀκαταλήπτως,
1965 1159 2138 1222 ἀιδίως-

577 1259 729 1316 αὐτὸς
767 1257 817 1310 ἓν
849 1256 1022 1328 χρόνῳ
1059 1259 1285 1325 γεννᾶται
1311 1253 1523 1306 κάτωθεν
1551 1253 1605 1304 ἐκ
1638 1251 1884 1323 παρθένου
1916 1251 2132 1321 Μαρίας,

575 1347 658 1401 ἵνα
683 1345 728 1397 οί
755 1345 970 1398 κάτωθεν
997 1343 1240 1418 πρότερον
1263 1342 1591 1413 γεννηθέντες,
1621 1336 1800 1394 ἄνωθεν
1821 1340 1876 1392 ἐκ
1898 1337 2135 1413 δευτέρον

575 1437 870 1507 γεννηθῶσι,
900 1435 1161 1489 τουτέστιν
1188 1433 1238 1484 έκ
1271 1437 1416 1485 Θεοῦ.
1456 1432 1615 1491 Αὐτός
1643 1425 1728 1483 οῦν
1757 1431 1951 1499 μητέρα
1991 1429 2134 1498 μόνον

575 1525 692 1602 ἔχει
721 1527 805 1580 ὶπί
832 1531 921 1585 τῆς
947 1531 1059 1596 γῆς,
1084 1525 1169 1576 καί
1197 1524 1342 1592 ἡμεῖς
1363 1523 1561 1596 πατέρα
1597 1521 1744 1591 μόνον
1767 1519 1960 1589 ἔχομεν
1982 1521 2032 1573 έν
2054 1521 2136 1572 οῦ-

577 1623 732 1690 ρανῷ.
762 1615 940 1670 Λαϐὼν
966 1616 1064 1687 γὰρ
1089 1614 1174 1669 τὸν
1206 1614 1372 1670 θνητόν
1399 1615 1594 1682 πατέρα
1621 1619 1720 1666 τῶν
1753 1613 2023 1685 ἀνθρώπων
2050 1613 2136 1665 τὸν

530 1709 534 1715 “
575 1702 758 1774 Ἀδὰμ,
790 1700 948 1757 ἔδωκε
976 1709 1079 1762 τοῖς
1106 1703 1385 1775 ἀνθρώποις
1408 1701 1492 1755 τὸν
1521 1700 1706 1754 ἑαυτοῦ
1733 1701 1933 1772 πατίρα
1958 1701 2138 1752 ἀθάνα-

573 1814 659 1848 τον
694 1794 822 1849 κατά
858 1793 916 1848 τὸ
953 1791 1233 1863 λεγόμενον,
1258 1808 1276 1840 ι
1300 1789 1512 1844 Δέδωκεν
1535 1792 1709 1850 αὐτοῖς
1737 1792 1964 1853 ἐξουσίαν
1991 1791 2136 1846 τέκνα

2239 629 2523 697 gloriosam
2554 638 2608 684 et
2634 644 2848 698 semper
2877 629 3131 696 virginem
3171 629 3394 684 Mariam
3436 631 3797 688 conﬁtemur:

2238 735 2346 776 non
2383 721 2508 789 quia
2548 721 2690 776 Deus
2716 719 2949 776 Verbum
2978 720 3184 774 initium
3213 735 3280 774 ex
3309 721 3422 789 ipsa
3447 722 3672 791 accepit,
3698 723 3801 778 sed

2237 810 2378 877 quod
2404 809 2459 862 in
2483 809 2682 864 ultimis
2705 809 2892 864 diebus
2918 809 3223 877 unigenitus
3251 810 3392 865 Dcus
3413 809 3642 866 Verbum
3658 853 3676 878 ,
3701 815 3800 882 qui

2237 907 2364 953 ante
2399 899 2588 953 sarcula
2619 907 2764 964 erat,
2806 898 3113 954 incarnatus
3140 914 3208 954 ex
3237 899 3370 968 ipsa,
3398 901 3802 957 immutabiliter

2235 989 2399 1043 homo
2424 988 2597 1043 lactus
2625 997 2710 1042 est
2739 1004 2753 1039 :
2782 995 2838 1042 ‘et
2865 1003 2986 1043 cum
3015 989 3295 1044 invisibilis
3321 990 3375 1044 in
3403 992 3514 1044 suis
3536 1001 3696 1056 esset,
3719 993 3802 1048 vi-

2235 1077 2403 1130 sibilis
2425 1076 2594 1132 factus
2619 1085 2703 1131 est
2730 1078 2783 1130 in
2814 1078 3012 1133 nostris
3037 1095 3050 1130 :
3075 1080 3269 1132 etcum
3299 1079 3638 1148 impassihilis
3660 1082 3802 1137 Deus

2235 1174 2397 1230 esset.
2427 1182 2535 1222 non
2575 1167 2891 1234 dedignatus
2916 1174 3000 1222 est
3036 1169 3304 1238 passibilis
3331 1185 3452 1225 esse
3489 1172 3649 1226 homo
3671 1213 3688 1237 ,
3742 1181 3803 1227 et

2237 1256 2572 1323 immortalis,
2601 1257 2792 1312 mortis
2819 1257 3022 1325 legibus
3061 1258 3355 1324 subjacere.
3385 1258 3582 1323 Istum,
3625 1261 3712 1330 qui
3743 1263 3799 1315 in

2237 1347 2548 1403 Bethlehem
2564 1347 2630 1402 de
2652 1348 2859 1402 semine
2886 1348 3052 1404 David
3073 1359 3232 1405 natus
3257 1359 3340 1404 est
3365 1354 3651 1406 secundum
3680 1368 3800 1407 ean

2235 1449 2378 1500 nem,
2408 1443 2464 1490 et
2492 1435 2680 1490 similis
2724 1434 2897 1490 factus
2939 1437 3265 1503 hominibus,
3311 1446 3368 1492 et
3408 1437 3692 1493 cruciﬁxus
3715 1443 3798 1493 est

2236 1537 2333 1591 pro
2378 1524 2680 1578 hominibus
2722 1524 2822 1578 sub
2869 1523 3060 1580 Pontio
3107 1525 3320 1590 Pilato,
3374 1526 3798 1594 praedicaverunt

2235 1614 2406 1669 sancti
2443 1615 2671 1683 apostoli
2700 1616 2872 1683 ipsum
2912 1630 3031 1670 esse
3056 1615 3254 1682 Deum,
3287 1616 3460 1685 ipsum
3486 1617 3796 1681 hominem;

2236 1703 2408 1772 ipsum
2448 1703 2637 1759 Filium
2677 1705 2793 1773 Dei,
2824 1705 2996 1774 ipsum
3025 1704 3190 1759 ﬁlium
3220 1706 3490 1771 hominis;
3530 1707 3702 1776 ipsum
3727 1708 3798 1763 de

2237 1793 2395 1857 οωιο,
2424 1792 2594 1860 ipsum
2632 1792 2700 1847 de
2741 1802 2920 1859 terra;
2970 1793 3142 1862 ipsum
3182 1793 3592 1863 impassibilem.
3623 1795 3795 1865 ipsum

573 1891 698 1939 Θεοῦ
726 1884 1007 1956 γενέσθαι.ι
1025 1881 1170 1937 Ὀθεν
1199 1884 1282 1936 καί
1303 1883 1512 1936 θανάτου
1541 1883 1672 1934 κατὰ
1700 1882 1861 1953 σάρκα
1879 1883 2079 1951 γεύεται
2105 1881 2131 1936 5

2235 1883 2560 1950 passibilem.
2588 1883 2726 1938 Deus
2754 1884 2895 1938 enim
2923 1883 3177 1950 Verbum,
3209 1885 3300 1953 qui
3329 1893 3484 1940 natus
3511 1893 3594 1940 est
3611 1885 3797 1941 desur-

570 1976 678 2034 υίὸς
715 1979 806 2028 τοῦ
833 1978 964 2027 Θεοῦ
1003 1970 1086 2026 διά
1111 1973 1196 2026 τὸν
1236 1971 1470 2042 σαρκικὸν
1511 1972 1664 2025 αὐτοῦ
1704 1970 1934 2043 πατέρα,
1975 1971 2056 2027 ἵνα
2088 1971 2131 2023 οί

571 2066 670 2118 νίοί
707 2070 798 2118 τοῦ
826 2064 1084 2139 ἀνθρώπου
1113 2069 1202 2121 τῆς
1231 2065 1364 2124 ζωῆς
1403 2062 1559 2114 αὐτοῦ
1595 2059 1918 2128 μεταλάϐωσι
1943 2057 2024 2114 διὰ
2049 2061 2134 2114 τόν

570 2156 698 2209 κατά
722 2159 920 2224 πνεῦμα
947 2154 1106 2206 αὐτῶν
1146 2152 1340 2226 πατέρα
1372 2151 1454 2204 τόν
1493 2149 1630 2203 Θεὸν.
1683 2149 1836 2210 Αὐτὸς
1880 2144 1969 2202 οὖν
2008 2150 2133 2203 κατὰ

569 2245 716 2312 φύσιν
742 2243 850 2302 υίὸς
876 2243 982 2296 ἐστι
1004 2248 1093 2295 τοῦ
1128 2247 1274 2303 Θεοῦ,
1317 2243 1464 2312 ἡμεῖς
1492 2240 1624 2292 κατὰ
1652 2240 1828 2312 χάριν.
1871 2243 1962 2292 Καὶ
1983 2240 2133 2293 πάλιν

573 2336 723 2392 αὐτὸς
742 2333 850 2388 κατ’
877 2333 1151 2402 οἰκονομίαν
1175 2335 1260 2385 καί
1281 2329 1343 2386 δι’
1368 2333 1501 2392 ἡμᾶς
1525 2331 1633 2390 υίὸς
1655 2333 1823 2403 γέγονε
1849 2339 1938 2386 τοῦ
1959 2330 2131 2402 Ἀδὰμ,

572 2424 714 2489 ἡμεῖς
744 2420 796 2475 δέ
824 2423 955 2476 κατά
994 2422 1142 2493 φύσιν
1170 2419 1321 2492 ἐσμέν
1356 2422 1458 2474 υἱοί
1483 2426 1574 2476 τοῦ
1602 2420 1782 2492 ’Δδὰμ.
1827 2426 1994 2496 Πατὴρ
2031 2425 2132 2497 γὰρ

571 2515 723 2567 αὺτοῦ
766 2514 902 2566 ἐστίν
938 2512 1116 2571 όΘεὸς
1156 2515 1290 2567 κατά
1327 2518 1499 2585 φύσιν,
1539 2515 1676 2582 ἡμῶν
1703 2513 1756 2568 δέ
1796 2515 1924 2568 κατά
1952 2516 2130 2588 χάριν.

554 2601 662 2655 ⁴ιίαί
683 2601 800 2660 Θεὸς
826 2603 979 2655 αὐτοῦ
1022 2604 1186 2673 γέγονε
1223 2601 1334 2656 κατ’
1361 2607 1664 2672 οἰκονομίαν.
1694 2602 1820 2658 διότι
1849 2601 2130 2677 ἅνθρωπος.

570 2693 706 2760 ἡμῶν
741 2689 794 2746 δὲ
829 2694 953 2747 κατά
999 2695 1144 2762 φύσιν
1188 2691 1436 2752 δεσπότης
1477 2694 1589 2748 έστί
1634 2697 1717 2748 καί
1759 2696 1900 2754 Θεός.
1935 2696 2132 2752 ι(αί“διά

569 2788 717 2837 τοῦτο
746 2780 770 2836 ὁ
798 2782 968 2852 λόγος,
1003 2781 1061 2842 ὅς
1098 2784 1229 2838 ἔστιν
1267 2784 1373 2838 uio:
1398 2790 1486 2837 τοῦ
1514 2789 1640 2838 Θεοῦ
1681 2787 1894 2859 πατρὸς,
1939 2787 2132 2847 mea;

569 2873 720 2945 σαρκί
761 2871 924 2942 γέγονε
953 2872 1114 2946 σὰρξ,
1137 2873 1220 2926 ἵνα
1257 2872 1302 2925 οί
1325 2868 1574 2947 ἅνθρωποι
1600 2871 1852 2934 ένωοέντες
1882 2881 1954 2944 τῷ
1983 2879 2135 2930 πνεύ-

569 2981 711 3029 ματι.
743 2961 976 3032 γένωνται
1000 2958 1050 3013 ἓν
1076 2953 1292 3031 πνεῦμα.
1320 2962 1472 3023 Αὐτός
1497 2957 1582 3016 οὖν
1614 2962 1639 3016 ό
1664 2964 1881 3024 ἀληθινὸς
1907 2966 2009 3025 uio.
2041 2971 2132 3021 τοῦ

569 3053 697 3104 Θεοῦ
725 3052 842 3108 τοὺς
861 3049 1053 3110 πάντας
1075 3051 1209 3119 ἡμᾶς
1233 3058 1390 3128 φορεῖ,
1418 3052 1498 3106 ἵνα
1525 3051 1571 3106 οί
1595 3053 1782 3113 πάντες⁵
1805 3053 1889 3108 ἕνα
1914 3057 2135 3128 φορέσω-

568 3159 658 3208 μεν
693 3140 842 3196 Θεόν·
873 3143 960 3193 καί
982 3137 1094 3196 ἔστι
1131 3144 1215 3194 καὶ
1260 3145 1388 3212 μετὰ
1413 3147 1502 3201 τήν
1549 3145 1914 3220 ένανθρὼπησιν
1947 3145 2014 3206 εἷς
2041 3157 2127 3208 τῆς

2232 1987 2348 2027 sum
2372 1987 2439 2026 ex
2461 1972 2618 2028 Patre
2642 1972 3002 2038 ineﬁ'abiliter,
3026 1974 3473 2039 inenarrabiliter,
3497 1975 3797 2046 incompre-

2231 2061 2600 2126 hensibiliter,
2648 2063 3004 2131 sempiterne,
3045 2063 3160 2132 ipse
3188 2063 3242 2117 in
3284 2072 3525 2133 tempore
3561 2065 3796 2119 nascitur

2233 2149 2482 2204 deorsum
2510 2150 2579 2205 de
2605 2149 2821 2217 Virgine
2844 2149 3035 2216 Maria,
3069 2158 3127 2206 ut
3151 2153 3223 2206 illi
3251 2151 3342 2220 qui
3363 2152 3610 2206 deorsum
3641 2153 3789 2221 prius

2234 2240 2344 2293 nati
2370 2248 2515 2306 sunt,
2543 2239 2820 2294 desursum
2843 2239 3134 2294 secundum
3154 2248 3522 2306 nascerentur,
3543 2240 3594 2294 id
3619 2248 3788 2294 estex

2235 2327 2364 2381 Deo.
2407 2326 2526 2394 Ipse
2569 2327 2728 2396 igitur
2755 2334 2983 2382 matrem
3026 2327 3396 2382 tantummodo
3425 2328 3590 2384 habet
3631 2343 3794 2396 super

2234 2425 2450 2480 terram,
2474 2427 2528 2474 et
2552 2434 2650 2474 nos
2669 2418 3034 2475 tantummodo
3056 2427 3260 2489 patrem
3282 2419 3544 2474 habemus
3564 2421 3615 2472 in
3632 2420 3789 2476 cmlo.

2232 2507 2363 2564 Cum
2409 2511 2549 2564 enim
2594 2511 2886 2580 accepisset
2930 2512 3213 2564 mortalem
3259 2521 3470 2580 patrem
3515 2512 3793 2566 hominum

2233 2598 2421 2664 Adam,
2463 2599 2608 2654 dedit
2645 2600 2950 2656 hominibus
2976 2615 3130 2654 suum
3159 2599 3375 2656 Patrem
3413 2601 3792 2665 immortalem,

2233 2688 2522 2743 secundum
2560 2689 2664 2744 hoc
2710 2689 2855 2759 quod
2899 2691 3138 2745 dicitur:
3173 2690 3330 2746 Dedit
3372 2693 3448 2746 eis
3493 2701 3792 2762 potestatem

2235 2777 2371 2839 ﬁlios
2394 2775 2489 2830 Dei
2515 2777 2630 2846 ﬁeri
2659 2778 2839 2848 (Joau.
2869 2779 2934 2849 ι).
2983 2779 3135 2837 Unde
3160 2789 3214 2837 et
3238 2791 3470 2838 mortem
3498 2783 3792 2851 secundum

2235 2882 2448 2922 carnem
2479 2877 2656 2937 gustat
2684 2871 2849 2927 Filius
2880 2872 3006 2940 Dei,
3051 2884 3274 2944 propter
3315 2876 3585 2930 carnalem
3632 2892 3790 2930 suum

2234 2968 2437 3030 patrem
2454 3001 2468 3025 ,
2500 2969 2559 3014 ut
2586 2960 2679 3016 ﬁlii
2702 2963 2933 3019 hominis
2957 2965 3080 3019 vitae
3107 2965 3223 3034 ejus
3251 2966 3539 3035 participes
3575 2963 3788 3026 ﬁerent,

2233 3068 2451 3129 propter
2476 3075 2630 3114 suum
2651 3061 2942 3115 secundum
2962 3062 3206 3131 spiritum
3230 3061 3439 3118 Patrem
3463 3063 3648 3117 Deum.
3672 3061 3792 3131 Ipso

2235 3150 2396 3217 igitur
2421 3151 2713 3204 secundum
2737 3160 2981 3205 naturam
3010 3151 3174 3207 Filius
3210 3159 3293 3206 est
3319 3150 3437 3216 Dei,
3483 3167 3583 3205 nos
3609 3158 3792 3204 autem

567 3229 716 3300 ἁγίας
738 3226 940 3302 τριάδος
969 3227 996 3282 ὃ
1025 3235 1286 3302 μονογενὴς
1313 3231 1421 3290 υίὸς
1457 3238 1548 3287 τοῦ
1576 3241 1701 3288 Θεοῦ
1745 3233 1964 3303 ὃκύριος
1993 3239 2132 3306 ἡμῶν

2235 3239 2523 3294 secundum
2549 3239 2801 3308 gratiam;
2842 3247 2898 3293 et
2917 3239 3108 3293 lterum
3131 3241 3243 3309 ipse
3269 3240 3559 3296 secundum
3579 3239 3792 3309 dispen‘

568 3313 758 3376 Ἰησοῦς
783 3317 1019 3390 Χριστὸς,
1049 3319 1285 3378 σύνθετος
1313 3321 1362 3383 ἐξ
1390 3319 1632 3395 έιιατέρας
1660 3325 1876 3393 φύσεως.
1904 3328 2131 3380 Σύνθετον

567 3400 622 3456 δέ
643 3405 730 3458 τὸν
747 3405 963 3474 Χριστὸν
989 3403 1320 3477 όμο).ογοῦμιν
1345 3415 1408 3480 τῇ
1435 3415 1533 3463 τῶν
1573 3414 1728 3481 ἁγίων
1753 3414 1980 3487 πατέρων
2009 3417 2132 3469 ἀκο-

566 3491 851 3553 λουθοῦντες
877 3492 1193 3569 διδασκαλίᾳ.
1214 3495 1321 3550 ἐπί
1340 3499 1436 3572 γάρ
1455 3505 1547 3552 τοῦ
1565 3503 1693 3556 κατὰ
1711 3503 1927 3578 Χριστόν
1938 3525 2133 3573 μυστη-

565 3587 675 3654 ρίου
704 3585 735 3641 ἠ
761 3585 890 3639 κατὰ
923 3585 1153 3639 σύνθεσιν
1177 3585 1354 3647 Eram;
1378 3594 1468 3647 τὴν
1497 3589 1760 3661 σύγχυσιν
1781 3595 1862 3646 καί
1889 3591 2132 3662 διαίρεσιν

565 3675 926 3730 διποϐάλλεταυ
955 3679 1039 3730 καί
1057 3677 1292 3746 φυλάττει
1312 3680 1402 3749 μέν
1422 3685 1510 3738 τήν
1530 3682 1773 3756 ἑκατέραι-
1792 3686 1986 3754 φύσεως
2010 3686 2130 3742 ι’διὸο

563 3786 710 3830 τητα,
743 3771 860 3835 μίαν
883 3765 936 3822 δέ
962 3769 1266 3830 ὑπόστασιν.
1293 3770 1406 3828 ἤτοι
1423 3772 1697 3845 πρόσωπον
1722 3782 1813 3828 τοῦ
1833 3784 1960 3831 Θεοῦ
1985 3779 2129 3850 λόγου

563 3858 644 3909 καί
663 3854 791 3925 μετᾶ
816 3864 906 3916 τῆς
944 3860 1136 3932 σαρκὸς
1174 3856 1390 3916 δείκνυσι
1407 3898 1424 3924 ,
1456 3862 1540 3914 καί
1565 3861 1707 3918 ἔστιν
1737 3861 1807 3924 εἷς
1827 3870 1907 3919 γαί
1929 3866 1954 3922 ὁ
1980 3871 2132 3929 αὐτὸς·

562 3946 745 4004 τέλειος
773 3945 821 3998 έν
847 3945 1070 4009 θεότητι,
1113 3951 1194 4001 καὶ
1220 3949 1408 4008 τέλειος
1436 3950 1484 4002 έν
1519 3952 1894 4024 άνθρωτότητι,
1934 3959 2034 4025 οὐχ
2063 3961 2132 4018 ὡς·

562 4029 707 4084 δυσίν
742 4032 1084 4088 ῦποστάσεσιν
1119 4035 1229 4092 ἤτοι
1265 4039 1594 4110 προσώποις,
1625 4040 1728 4092 ἀλλ’
1753 4042 1803 4094 έν
1843 4043 1950 4115 Θείᾳ
1987 4047 2132 4116 φύσει

563 4124 641 4174 καί
663 4122 943 4193 ἀνθρωπίνῃ
969 4125 1358 4197 γνωριζόμενος·
1387 4127 1472 4180 ἶνα
1495 4124 1566 4187 εἷς
1647 4130 1753 4183 καθ’
1780 4131 2023 4208 ἑκάτερα,
2050 4137 2133 4188 τέ-

563 4209 857 4282 λειοςιθεὸς,
888 4214 973 4266 καί
1005 4213 1186 4272 τέλειος
1209 4211 1494 4291 ὅνθρωπος,
1523 4215 1549 4270 ό
1573 4219 1723 4280 αὐτὸς
1751 4219 1776 4274 ό
1805 4223 1975 4294 κύριος
1995 4226 2133 4294 ἡμῶν

563 4295 753 4359 Ἰησοῦς
778 4303 1014 4375 Χριστός,
1045 4301 1072 4356 ό
1101 4299 1170 4366 εἷς
1196 4312 1288 4364 τῆς
1315 4304 1466 4376 ἁγίας
1488 4307 1689 4382 τριάδος
1719 4309 2134 4384 συνδοξαζόμενος

562 4396 632 4456 τῷ
652 4392 810 4462 πατρί
829 4394 909 4443 καί
926 4399 999 4463 τῷ
1021 4391 1147 4464 ἁγίῳ
1165 4395 1427 4465 πνεύματι.
1442 4395 1569 4452 Οῦτε
1593 4401 1687 4476 γὰρ
1710 4403 1954 4475 τετάρτου
1977 4425 2133 4479 προσ·

562 4480 704 4530 ωπον
729 4480 1016 4551 προσθήκην
1052 4481 1316 4546 έπεδέξατο
1345 4486 1378 4542 ἦ
1416 4483 1537 4556 ἆγία
1564 4491 1709 4558 τριὰς
1732 4493 1815 4543 καὶ
1857 4495 2127 4566 σαρκωθέν-

2232 3327 2496 3384 sationem
2526 3337 2582 3383 et
2606 3337 2826 3398 propter
2847 3345 2945 3384 nos
2972 3328 3109 3384 ﬁlius
3137 3330 3234 3384 fuit
3263 3330 3455 3395 Adam,
3485 3345 3584 3384 nos
3611 3338 3791 3382 autem

2232 3417 2523 3472 secundum
2546 3426 2790 3473 naturam
2819 3434 3000 3474 sumus
3025 3419 3115 3473 ﬁlii
3138 3418 3325 3473 Adam.
3353 3418 3512 3473 Pater
3537 3419 3676 3473 enim
3704 3412 3812 3472 est

2233 3506 2350 3573 ejus
2374 3505 2515 3561 Deus
2542 3506 2831 3562 secundum
2859 3517 3134 3573 naturam,
3169 3516 3352 3562 noster
3390 3516 3570 3562 autem
3597 3522 3792 3562 secun-

2232 3595 2358 3650 dum
2383 3596 2628 3663 gratiam.
2659 3595 2726 3650 Et
2752 3597 2894 3652 Deus
2921 3597 2970 3652 ei
2998 3596 3096 3650 fuit
3122 3595 3414 3651 secundum
3439 3595 3791 3665 dispensatio-

2233 3699 2376 3750 nem,
2407 3699 2474 3740 eo
2493 3685 2634 3757 quod
2660 3685 2820 3739 homo
2850 3685 3020 3739 factus
3049 3693 3160 3752 est,
3192 3693 3376 3740 noster
3401 3693 3577 3739 autem
3597 3699 3791 3740 secun-

2232 3774 2356 3829 dum
2401 3782 2646 3827 naturam
2690 3772 2944 3828 Dominus
2985 3782 3069 3828 est
3103 3782 3159 3829 et
3205 3773 3365 3828 Deus.
3395 3773 3460 3827 Et
3487 3773 3608 3828 ideo
3649 3774 3792 3830 Deus

2231 3859 2482 3922 Verbum,
2508 3862 2599 3930 qui
2625 3859 2880 3916 estFilius
2907 3862 3000 3916 Dei
3017 3863 3209 3928 Patris,
3227 3865 3410 3922 unitus
3428 3862 3594 3925 carni,
3618 3861 3792 3919 factus

2231 3960 2311 4006 est
2341 3967 2488 4016 caro,
2517 3961 2577 4006 ut
2603 3953 2850 4008 homines
2872 3955 3004 4009 uniti
3033 3956 3264 4024 spiritui,
3296 3956 3482 4009 ﬁerent
3519 3971 3656 4010 unus
3677 3958 3790 4025 δρία

2231 4041 2386 4095 ritus.
2409 4040 2526 4110 Ipse
2549 4042 2710 4109 igitur
2736 4058 2894 4098 verus
2922 4043 3086 4099 Filius
3113 4045 3205 4099 Dei
3235 4061 3422 4100 omnes
3449 4062 3546 4099 nos
3576 4047 3792 4103 indutus

2231 4139 2340 4196 est,
2375 4139 2432 4184 ut
2470 4146 2658 4184 omnes
2700 4131 2982 4188 induamur
3019 4150 3182 4188 unum
3211 4133 3400 4190 Deum.
3426 4134 3493 4188 Et
3519 4144 3599 4189 est
3627 4137 3789 4190 etiam

2231 4230 2353 4292 post
2376 4221 2795 4277 incarnationem
2823 4239 2961 4278 unus
2988 4224 3054 4279 de
3082 4233 3267 4280 sancta
3290 4225 3572 4292 Trinitate,
3603 4228 3792 4294 unige-

2232 4312 2370 4364 nitus
2391 4311 2551 4365 Filius
2573 4311 2663 4364 Dei
2689 4310 2943 4368 Dominus
2963 4322 3147 4369 noster
3167 4313 3318 4371 Jesus
3337 4315 3603 4382 Christus,
3636 4331 3788 4371 com-

2230 4405 2434 4470 positus
2455 4416 2519 4454 ex
2547 4408 2772 4470 utraque
2802 4411 3005 4458 natura.
3032 4403 3396 4473 Compositum
3419 4412 3595 4459 autem
3625 4403 3785 4458 Chri-

2230 4501 2369 4546 stum
2395 4492 2730 4561 conﬁtemur,
2775 4504 3083 4551 sanctorum
3126 4499 3338 4552 Patrum
3376 4497 3669 4552 doctrinam
3694 4514 3787 4554 se-

563 4587 648 4626 τος
677 4575 766 4621 τοῦ
795 4569 899 4629 ἕνός
929 4579 1020 4631 τῆς
1052 4570 1197 4644 ἁγίας
1236 4573 1444 4644 τριάδος
1474 4584 1598 4630 Θεοῦ
1623 4577 1788 4649 λόγου.
1819 4584 2014 4640 Ταύτην
2042 4589 2129 4643 τὴν

2233 4599 2473 4659 quentes.
2513 4591 2570 4644 In
2601 4593 2855 4662 mysterio
2881 4593 3023 4646 enim
3053 4592 3246 4647 Christi
3289 4595 3463 4649 unitas
3491 4595 3787 4650 secundum

559 4659 711 4718 καλήν
734 4666 1158 4736 παρακαταθήκην
1173 4704 1190 4731 ,
1211 4666 1267 4724 ἣν
1287 4669 1430 4738 ποιρὰ
1449 4675 1550 4722 τῶν
1573 4668 1725 4740 ἁγίων
1743 4673 1971 4748 πατέρων
1997 4677 2124 4734 εἱλή-

561 4769 745 4820 φαμεν,
772 4751 1096 4822 φυλάττομεν,
1125 4755 1174 4807 έν
1200 4752 1229 4828 ᾖ
1254 4759 1416 4827 ζῶμεν
1438 4759 1519 4811 καί
1553 4759 1931 4831 πολιτευόμεθα,
1962 4769 2043 4820 καί
2067 4769 2125 4826 ἢν

562 4839 861 4909 συνέκδημον
880 4842 1136 4915 λάϐοιμεν,
1165 4848 1232 4906 εἰς
1274 4850 1499 4920 πατέρα,
1527 4854 1608 4904 καί
1650 4855 1864 4925 Χριστὸν
1903 4859 1989 4912 τόν
2013 4857 2124 4914 υίλῖν

561 4933 648 4981 τοῦ
675 4935 797 4984 Θεοῦ
825 4937 914 4984 τοῦ
944 4936 1144 4997 ζῶντος,
1175 4937 1261 4988 καί
1285 4934 1423 5008 ἅγιον
1450 4943 1648 5008 πνεῦμα
1666 4939 1942 5015 ὁμολογίαν.

2229 4681 2700 4748 compositionem,
2745 4681 3112 4736 confusionem
3151 4690 3207 4737 et
3243 4683 3557 4737 divisionem
3588 4683 3786 4751 rejicit,

2228 4778 2284 4825 et
2325 4777 2503 4824 servat
2547 4769 2763 4837 quidem
2804 4771 3082 4838 utriusque
3129 4780 3331 4826 naturae
3361 4773 3781 4840 proprietatem;

2229 4871 2387 4914 unam
2417 4866 2592 4912 autem
2621 4859 3014 4913 subsistentiam
3054 4875 3147 4915 seu
3177 4875 3457 4930 personam
3487 4859 3582 4915 Dei
3622 4860 3784 4915 Verbi

2227 4958 2420 5004 etcum
2443 4963 2603 5002 carne
2629 4949 2879 5014 ostendit,
2901 4957 2958 5004 et
2983 4958 3066 5004 est
3087 4967 3226 5006 unus
3245 4951 3487 5020 idemque
3514 4950 3786 5020 perfectus

2234 5039 2289 5092 in
2317 5037 2533 5103 deitate,
2563 5045 2619 5091 et
2643 5037 2907 5106 perfectus
2935 5039 2984 5092 in
3013 5039 3358 5105 humanitate,
3388 5056 3494 5094 non
3526 5048 3781 5110 tanquam

562 5105 616 5159 in
637 5104 837 5162 duabus
857 5108 1208 5165 subsistentiis
1232 5113 1346 5168 sive
1371 5117 1652 5186 personis,
1699 5119 1793 5174 sed
1832 5121 1888 5176 in
1931 5123 2108 5180 divina
2146 5135 2332 5182 natura
2377 5134 2432 5182 et
2471 5104 2698 5181 humana
2741 5128 3179 5196 cognoscendus,
3228 5138 3286 5182 ut
3313 5104 3448 5183 unus
3469 5128 3537 5183 sit
3558 5128 3612 5182 in
3632 5104 3782 5182 utra-

561 5215 695 5271 que,
732 5203 994 5270 perfectus
1021 5202 1163 5260 Deus
1208 5212 1264 5260 et
1313 5207 1579 5276 perfectus
1621 5211 1814 5277 homo;
1882 5214 2023 5270 idem
2066 5218 2180 5286 ipse
2218 5219 2472 5273 Dominus
2510 5217 2662 5274 Jesus
2697 5216 2966 5286 Christus,
3015 5234 3152 5273 unus
3185 5219 3253 5274 de
3296 5227 3477 5274 sancta
3519 5218 3783 5276 Trinitate

559 5288 1037 5379 congloriticandus
1064 5291 1207 5348 Patri
1249 5301 1304 5348 et
1343 5304 1530 5352 sancto
1557 5297 1801 5368 Spiritui.
1864 5301 1972 5359 Nec
2012 5307 2152 5361 enim
2188 5316 2392 5375 quartae
2431 5322 2671 5376 persons:
2715 5307 3065 5375 adiectionem
3086 5311 3317 5379 suscepit
3342 5318 3522 5366 sancta
3547 5309 3780 5368 Trinitas

561 5387 619 5432 et
663 5378 934 5434 incarnato
978 5397 1084 5436 uno
1128 5382 1195 5437 de
1239 5399 1425 5440 sancta
1470 5385 1730 5444 Trinitate
1775 5391 1887 5446 Deo
1914 5392 2113 5450 Verbo.
2169 5395 2327 5450 Istam
2376 5396 2536 5464 igitur
2583 5396 2777 5452 bonam
2823 5397 3176 5462 mditionem,
3206 5378 3364 5468 quam
3391 5415 3419 5454 a
3448 5403 3647 5457 sanctis
3673 5403 3777 5458 Pa-

562 5471 730 5523 tnbus
765 5470 1085 5539 accepimus,
1126 5475 1470 5543 custodimus,
1516 5477 1568 5531 in
1611 5493 1714 5547 qua
1741 5481 1969 5536 vivimus
2005 5490 2060 5536 et
2109 5497 2514 5548 conversamur,
2571 5493 2626 5539 et
2675 5499 2833 5553 quam
2859 5525 2874 5553 ,
2931 5488 2999 5542 ab
3055 5485 3156 5542 hac
3202 5488 3309 5541 vita
3355 5488 3776 5558 proﬁciscentes,

561 5572 774 5610 oramus
818 5558 1092 5614 nobiscum
1131 5561 1366 5628 habere,
1411 5579 1530 5634 qua:
1574 5573 1660 5622 es:
1697 5567 1750 5621 in
1790 5566 2001 5623 Patrem
2049 5578 2105 5624 et
2141 5569 2406 5627 Christum
2455 5572 2644 5628 Filium
2690 5575 2784 5630 Dei
2826 5575 2959 5644 vivi,
3003 5585 3059 5631 et
3103 5585 3340 5632 sanctum
3367 5577 3618 5648 Spiritum
3646 5595 3779 5637 eon-

563 5648 744 5700 l‘esslo.

2299 5772 2421 5829 Haec
2465 5775 2537 5828 ita
2575 5774 2885 5830 conﬁtentes
2930 5791 3090 5845 super
3125 5777 3258 5830 alias
3305 5777 3474 5831 sancti
3501 5775 3682 5847 Cyrilli
3707 5776 3778 5832 de

2220 5863 2323 5919 ﬁde
2343 5873 2487 5918 recta
2515 5865 2805 5929 doctrinas,
2829 5874 2882 5919 et
2909 5866 3010 5920 hoc
3032 5867 3175 5936 quod
3200 5867 3399 5923 dictum
3428 5879 3509 5923 est
3536 5876 3602 5922 an
3634 5869 3776 5942 ipso,

634 5767 805 5818 Ταῦτα
837 5765 992 5826 οὕτως
1029 5766 1374 5842 ὁμολογοῦντες
1407 5771 1535 5846 πρὸς
1580 5781 1696 5846 ταῖς
1735 5770 1903 5832 ἄλλαις
1943 5781 2031 5829 τοῦ
2072 5776 2124 5828 έν

564 5847 723 5920 ἰεγίοιε
756 5855 984 5925 ινρίλλον
1007 5860 1126 5929 περί
1163 5867 1251 5918 τῆς
1275 5861 1421 5931 ὀρθῆς
1451 5865 1672 5920 πίστεως
1695 5859 2010 5928 διδακαλίας,
2030 5867 2111 5917 καί
