4112 6536
399 453 528 520 1001

393 673 795 742 σεσαρκωμένην,
825 675 1088 745 δεχόμενοι
1114 679 1445 752 ὁμολογοῦμεν
1462 724 1476 748 ,
1504 685 1581 742 ὅτι
1618 689 1670 740 ἐκ
1694 698 1782 750 τῆς
1811 692 1945 753 θείας

393 759 620 823 φύσεως,
658 764 740 814 καί
779 771 868 823 τῆς
901 768 1209 841 ἀνθρωπίνης
1251 769 1319 831 εἷς
1361 777 1577 847 Χριστὸς
1613 780 1941 847 ἀπετελέσθη,

390 849 470 897 καί
498 849 554 898 οὑ
565 851 662 916 ,μία
695 854 868 921 φύσις,
896 859 1051 916 καθὼς
1081 879 1210 920 τινες
1238 869 1400 921 κακῶς
1427 870 1515 922 τήν
1540 865 1666 929 λέξιν
1693 869 1942 938 ἐκλαμϐά·

389 953 552 994 νοντες
572 935 728 1007 λέγειν
749 940 1113 1017 ἐπιχειροῦσιν.
1138 944 1324 1015 ’Λμέλει
1337 970 1416 1004 τοι
1436 953 1682 1014 καίαὺτὸς
1702 954 1728 1008 ὸ
1750 962 1940 1031 πατὴρ,

388 1023 559 1084 ὁσάκις
602 1029 718 1095 μίαν
759 1033 908 1100 φύσιν
949 1029 1054 1088 εἷπε
1083 1041 1174 1090 τοῦ
1215 1037 1363 1107 λόγου
1402 1046 1815 1116 σεσαρκωμένην.
1859 1050 1944 1100 έπί

385 1115 568 1168 τούτου
592 1125 663 1188 τῷ
688 1127 776 1179 τῆς
803 1122 997 1190 ογὺσεως
1030 1124 1236 1193 ὀνόματι
1269 1131 1378 1182 ἀντὶ
1414 1131 1746 1194 ὑποστάσεως
1787 1137 1944 1214 ἐχρή-

387 1222 534 1255 σατο.
577 1209 667 1258 Καὶ
697 1209 746 1259 έν
785 1205 855 1267 οἷς
882 1210 1044 1280 λόγοις
1069 1210 1175 1267 εἶπε
1215 1217 1402 1274 ταύτην
1441 1225 1530 1276 τὴν
1571 1221 1726 1286 λέξιν,
1757 1225 1805 1276 έν
1831 1234 1942 1285 τοῖς

387 1289 552 1358 lycii:
579 1295 645 1352 ὡς
673 1295 754 1347 έπί
781 1298 839 1349 τὸ
888 1299 1119 1354 πλεῖστον
1139 1307 1372 1375 ἰπήγαγε,
1408 1310 1531 1361 ποτὲ
1554 1312 1642 1378 μέν
1661 1313 1790 1376 υἱὸν,
1818 1320 1940 1370 ποτέ

386 1375 437 1428 δὲ
469 1377 603 1447 λόγον
629 1380 658 1438 ἦ
683 1394 938 1455 μονογενῆ’
977 1387 1107 1462 άπερ
1137 1392 1192 1443 οὑ
1224 1395 1445 1461 φύσεως,
1481 1398 1584 1449 ἀλλ’
1612 1400 1940 1465 ὑποστάσεως

385 1462 492 1519 ἦτοι
518 1471 791 1537 προσώπου
820 1475 930 1528 ἐστὶ
969 1475 1225 1533 δηλωτικὰ.
1264 1479 1315 1534 ’Β
1347 1487 1511 1537 τοίνυν
1536 1488 1821 1551 ὑπόστασις
1848 1502 1939 1549 τοῦ

386 1553 528 1622 λόγου
556 1563 863 1628 σαρκωθεῖσα
890 1566 944 1615 οὐ
970 1567 1086 1632 μίαν
1106 1570 1272 1636 φύσιν,
1304 1571 1409 1624 ἀλλ’
1428 1574 1513 1625 ἕνα
1537 1582 1751 1646 Χριστὸν
1775 1583 1941 1636 σύνθε-

381 1661 466 1693 τον
491 1643 749 1700 ἀπετέλεσε
777 1649 858 1702 τὸν
889 1654 1030 1706 αὑτὸν
1057 1657 1178 1709 Θεὸν
1207 1679 1259 1711 τε
1291 1663 1374 1713 καὶ
1411 1659 1695 1736 ἄνθρωπον
1726 1674 1846 1724 Θεὸν
1885 1673 1937 1726 δὲ

381 1733 461 1782 καί
485 1729 736 1807 ἄνθρωπον
762 1739 842 1791 τὸν
871 1746 1084 1814 Χριστὸν
1112 1745 1488 1819 ὁμολογοῦντας,
1518 1758 1634 1825 μίαν
1661 1761 1806 1829 φύσιν
1831 1762 1943 1820 ἤτοι

379 1821 547 1874 οὐσίαν
573 1824 649 1876 ἐπ’
674 1828 806 1896 αὐτῷ
832 1830 983 1902 λέγειν
1011 1835 1190 1895 ἀσεϐές
1209 1853 1222 1868 ⁸
1253 1838 1492 1894 ἀδύνατον
1521 1847 1619 1919 γάρ
1659 1849 1742 1900 τὸν
1770 1852 1934 1921 κόριον

376 1910 713 1973 ἠμῶιῚησοῦν
737 1923 948 1992 Χριστὸν
978 1928 1107 1977 κατά
1125 1931 1242 1994 μίαν
1263 1933 1344 1982 καί
1373 1937 1461 1989 τήν
1485 1936 1636 1992 αὑτήν
1654 1939 1933 2008 φύσιν,ἥτοι
1965 1946 2009 2002 Β

377 1997 570 2067 ὠσίαν,
599 2009 794 2080 καίπρὸ
813 2012 998 2064 αἰώνων
1017 2009 1242 2071 εἶναικαὶ
1275 2021 1320 2071 ἐν
1342 2023 1530 2094 χρόνῳ,
1576 2025 1605 2083 ἦ
1634 2029 1797 2086 ἀπαθῆ
1849 2034 1932 2085 καί

376 2092 613 2150 παθητὸν.
641 2092 762 2167 ὅπερ
783 2098 862 2150 ἐπί
876 2108 966 2158 τῆς
988 2109 1106 2169 μιᾶς
1131 2108 1286 2159 αὑτοῦ
1306 2109 1631 2172 ὑποστάσεως
1652 2115 1758 2172 ἤτοι
1779 2138 1932 2191 προσι

376 2180 515 2231 ώπου
555 2179 708 2253 ὀρθῶς
760 2184 1100 2257 ὁμολογοῦμεν.
1141 2192 1214 2255 Ἐξ
1256 2197 1417 2250 αὐτῶν
1449 2196 1502 2252 δὲ
1541 2208 1636 2254 τῶν
1670 2179 1929 2275 εἰρημένων

373 2269 460 2316 τοῦ
487 2269 642 2321 αὑτοῦ
670 2271 718 2322 έν
747 2272 905 2343 ἁγίοις
950 2279 1180 2350 Κυρίλλου
1209 2282 1531 2355 ἀποδείξομεν
1557 2294 1647 2346 τήν
1685 2297 1802 2364 περὶ
1837 2304 1928 2354 τῆς

373 2357 625 2425 ε”ρημένης
654 2361 828 2424 λέξεως
860 2371 1170 2436 σαφεστάτην
1198 2374 1348 2426 αὑτοῦ
1377 2373 1724 2433 διδασκαλίαν·
1750 2357 1802 2436 έν
1833 2387 1925 2458 γάρ

372 2450 431 2513 τῇ
458 2449 629 2516 πρώτῃ
649 2451 775 2520 πρὸς
797 2454 1058 2507 Σοὺκενσον
1079 2458 1314 2532 ἐπιστολῇ
1341 2466 1493 2517 εἰπών
1520 2468 1636 2534 μίαν
1660 2471 1809 2538 φύσιν
1835 2480 1922 2527 τοῦ

370 2530 519 2601 λόγου
549 2542 921 2612 σεσαρκωμένην
937 2582 950 2602 ,
977 2545 1113 2603 εὑθὺς
1135 2548 1381 2620 έπήγαγεν
1397 2566 1411 2580 ⁶
1449 2568 1468 2602 ε
1493 2555 1677 2608 Οὐκοῦν
1703 2555 1814 2610 ὅσον
1836 2564 1924 2628 μέν

371 2616 482 2676 ἧκεν
512 2624 580 2682 εἰς
619 2622 839 2690 ἔννοιαν,
884 2629 955 2689 sic
979 2653 1032 2701 γε
1071 2634 1217 2702 μόνον
1251 2638 1306 2692 τὸ
1331 2637 1450 2713 όρᾷν
1477 2651 1582 2702 τοῖς
1620 2655 1710 2705 τῆς
1744 2648 1922 2718 ψυχῆς

369 2706 592 2778 ὄμμασι,
621 2719 732 2768 τίνα
757 2719 940 2786 τρόπον
969 2722 1328 2796 ἐνηνθρώπηκεν
1355 2728 1379 2782 ὸ
1404 2739 1684 2802 μονογενής,
1715 2735 1802 2791 δὺο
1830 2741 1921 2798 τάς

367 2801 540 2870 φύσεις
565 2797 686 2856 εἷναί
705 2826 859 2876 φαμεν
882 2810 970 2866 τάς
992 2810 1275 2875 ἐνωθείσας,
1298 2817 1384 2871 ἕνα
1407 2817 1458 2872 δέ
1483 2822 1592 2874 υἱὸν
1609 2826 1687 2877 καὶ
1708 2832 1921 2899 Χριστέν

367 2892 449 2942 καὶ
491 2893 650 2967 κύριον
679 2894 760 2947 τὸν
791 2903 878 2950 τοῦ
904 2906 1027 2953 Θεοῦ
1055 2904 1245 2977 πατρὸς
1272 2905 1411 2976 λόγον
1452 2911 1917 2980 ἱνανθρωπήσαντα,

368 2980 453 3030 καί
479 2987 872 3056 σεσαρκωμένον.
905 3007 922 3039 ι
957 2992 1044 3044 Διά
1070 2995 1257 3047 τούτων
1292 2993 1344 3049 δὲ
1371 2995 1396 3050 ό
1424 3006 1588 3075 πατὴρ
1625 3005 1710 3056 τὸν
1737 3006 1918 3079 τρόπον

361 3075 455 3126 τῆς
504 3071 924 3143 ἔνανθρωπήσεως
975 3089 1307 3148 παραστῆσαι
1352 3085 1674 3153 βουλόμενος,
1731 3095 1812 3145 καί
1862 3095 1918 3148 τὸ

360 3154 643 3231 ἀδιαίρετον
679 3165 760 3215 καὶ
807 3166 1104 3236 ἀσὺγχυτον
1130 3170 1424 3241 φυλάττων,
1471 3177 1667 3231 καὶτὸν
1709 3182 1918 3254 ἀριθμὸν

1402 475 1635 542 LIBER
1673 485 2070 550 ADVERSUS
2101 491 2524 559 ORIGENEM.

393 581 450 632 τὸ
496 581 742 651 εἰρημένον
789 586 912 659 παρ’
951 591 1131 655 αὑτοῦ,
1162 592 1279 660 μίαν
1318 598 1465 665 φύσιν
1508 605 1600 653 τοῦ
1641 607 1769 654 Θεοῦ
1795 603 1914 672 λόγοι

2016 622 2204 664 _unam
2243 619 2483 664 naturam
2512 612 2606 666 Dei
2624 614 2780 671 Verbi
2821 621 3171 690 incarnatam,

3449 509 3584 574 1002

3222 631 3590 704 suscipientes,

2045 696 2358 751 confitemur
2392 701 2533 766 quod
2577 717 2642 757 ex
2668 705 2840 760 divina
2881 719 3069 765 natura
3110 723 3164 768 et
3199 696 3425 774 humana
3457 696 3592 780 unus

2044 779 2285 838 Christus
2323 784 2542 841 effectus
2588 799 2688 854 est,
2731 803 2785 846 et
2813 810 2915 849 non
2959 797 3009 850 in
3038 815 3142 854 una
3172 814 3381 874 natura,
3429 822 3590 878 prout

2042 867 2254 934 quidam
2283 873 2421 927 male
2450 875 2799 944 intelligentes
2823 883 3128 949 dictionem,
3160 867 3591 952 conantur-dice-

2042 970 2119 1009 re.
2167 957 2316 1013 Unde
2346 971 2400 1014 et
2425 962 2540 1041 ipse
2569 964 2743 1032 Pater,
2791 972 3001 1037 quoties
3029 990 3187 1030 unam
3216 990 3460 1038 naturam
3507 987 3589 1041 di-

2045 1045 2123 1097 xit
2152 1045 2312 1101 Verbi
2353 1037 2698 1118 incarnatam,
2749 1057 2802 1108 in
2850 1058 2953 1112 hoc
2997 1071 3198 1119 natura:
3244 1074 3458 1128 nomine
3485 1090 3583 1144 pro
3643 1115 3657 1130 .

2039 1135 2378 1192 subsistentia
2408 1157 2534 1196 usus
2557 1152 2656 1196 est.
2699 1143 2763 1199 Et
2791 1147 2841 1200 in
2871 1151 3063 1216 quibus
3106 1155 3252 1210 libris
3291 1159 3426 1214 dixit
3453 1135 3589 1221 hanc

2039 1224 2349 1296 dictionem,
2380 1231 2430 1284 in
2462 1237 2802 1302 sequentibus
2831 1243 3020 1309 smpius
3049 1245 3239 1311 intulit,
3266 1252 3279 1280 '
3303 1264 3357 1304 et
3376 1255 3587 1321 quando

2039 1313 2247 1381 Filium,
2300 1329 2354 1373 et
2380 1325 2591 1388 quando
2620 1327 2867 1392 Verbum,
2925 1343 3014 1386 aut
3064 1313 3420 1404 Unigenitunf,
3469 1354 3586 1407 quae

2039 1419 2144 1457 non
2173 1417 2434 1477 naturam,
2465 1414 2555 1466 sed
2582 1415 2974 1472 subsistentiam
3000 1437 3094 1476 seu
3122 1436 3404 1490 personam
3433 1429 3588 1496 signi-

2040 1492 2218 1548 ficant.
2258 1495 2606 1554 Subsistentia
2635 1503 2793 1568 igitur
2822 1505 2976 1560 Verbi
3000 1509 3268 1566 incarnata
3296 1529 3400 1568 non
3426 1492 3582 1570 un'am

2038 1591 2298 1649 naturam,
2345 1587 2439 1640 sed
2479 1604 2640 1643 unum
2685 1590 2952 1646 Christum
2996 1601 3346 1666 compositum
3386 1601 3579 1670 effecit,

2037 1669 2277 1723 eumdem
2319 1673 2488 1742 ipsum
2519 1676 2684 1731 Deum
2724 1688 2780 1733 et
2822 1681 3107 1737 hominem.
3149 1685 3253 1742 Eos
3288 1697 3463 1746 autem
3490 1669 3581 1760 qui

2036 1753 2300 1811 Christum
2329 1760 2494 1815 Deum
2517 1773 2571 1818 et
2599 1767 2862 1822 hominem
2889 1773 3225 1841 confitentur,
3249 1794 3404 1831 unam
3427 1789 3582 1834 natu-

2037 1860 2150 1898 ram
2193 1849 2305 1902 sive
2349 1852 2696 1909 substantiam
2747 1860 2912 1926 ipsius
2955 1862 3164 1930 dicere,
3213 1868 3427 1936 impium
3475 1880 3574 1924 est.

2034 1933 2360 2002 lmpossibile
2381 1941 2520 1994 enim
2552 1951 2633 1997 est
2657 1945 2935 2001 Dominum
2961 1962 3199 2007 nostrum
3227 1933 3407 2010 Jesum
3435 1958 3579 2014 Chri-

2031 2031 2168 2077 stum
2197 2028 2484 2082 secundum
2514 2047 2670 2085 unam
2700 2037 3046 2106 eamdemque
3069 2051 3309 2097 naturam
3331 2062 3423 2101 seu
3450 2049 3575 2102 sub-

2029 2116 2274 2167 stantiam
2296 2126 2350 2170 et
2377 2128 2499 2173 ante
2522 2124 2713 2177 smcula
2743 2140 2878 2187 esse,
2909 2136 2962 2182 et
2991 2129 3042 2183 in
3074 2140 3333 2202 tempore,
3364 2147 3455 2190 aut
3474 2139 3575 2192 im-

2027 2202 2331 2267 passibilem
2361 2214 2416 2259 et
2444 2209 2746 2275 passibilem
2774 2229 2787 2264 :
2836 2215 2978 2281 quod
3010 2216 3063 2271 in
3106 2235 3211 2272 una
3237 2223 3574 2280 subsistentia

2027 2288 2138 2342 sive
2167 2307 2391 2358 persona
2437 2295 2548 2363 ejus
2577 2307 2721 2355 recte
2762 2302 3096 2362 confitemur.
3141 2309 3220 2364 Ex
3250 2312 3379 2380 ipsis
3399 2323 3573 2370 autem

2029 2379 2185 2435 dictis
2213 2382 2450 2450 ejusdem
2479 2389 2648 2444 sancti
2692 2391 2870 2462 Cyrilli
2901 2399 3240 2454 ostendemus
3271 2379 3346 2456 ide
3372 2418 3575 2458 memo-

2025 2480 2138 2523 rata
2161 2473 2392 2529 dictione
2422 2478 2750 2534 manifestam
2780 2483 2945 2552 ipsius
2971 2485 3288 2543 doctrinam.
3321 2490 3378 2546 In
3401 2494 3568 2561 prima

2023 2562 2164 2614 enim
2190 2564 2256 2616 ad
2294 2563 2607 2622 Successum
2659 2572 2908 2640 epistola,
2958 2590 3076 2630 cum
3125 2577 3360 2645 dixisset,
3409 2598 3566 2637 unam

2021 2659 2262 2705 naturam
2292 2654 2383 2708 Dei
2410 2656 2566 2712 Verbi
2596 2660 2940 2728 incarnatam,
2971 2667 3146 2720 statim
3171 2667 3347 2723 intulit
3372 2688 3383 2722 :
3423 2691 3442 2724 ε
3473 2672 3568 2726 Er~

2019 2751 2090 2806 go
2117 2749 2371 2808 quantum
2417 2747 2626 2812 quidem
2664 2749 2728 2801 ad
2771 2751 3096 2808 intellectum
3126 2757 3376 2823 pertinet,
3421 2769 3476 2813 et
3501 2762 3566 2814 ad

2023 2827 2302 2884 videndum
2326 2837 2687 2891 tantummodo
2709 2840 2873 2894 oculis
2894 2843 3098 2907 animm,
3124 2847 3566 2913 quemadmodum

2020 2919 2326 2976 incarnatus
2354 2932 2436 2977 est
2467 2923 2794 2994 Unigenitus,
2844 2930 2976 2986 duas
3001 2943 3218 2990 naturas
3249 2938 3423 2993 unitas
3450 2954 3568 2994 esse

2019 3007 2257 3074 dicimus,
2291 3027 2450 3067 unum
2479 3023 2655 3069 autem
2681 3017 2888 3085 Filium,
2918 3031 2974 3076 et
2998 3022 3285 3094 Christum,
3308 3036 3364 3082 et
3384 3029 3566 3085 Domi-

2017 3112 2164 3163 num,
2213 3099 2307 3155 Dei
2350 3101 2519 3158 Patris
2547 3105 2774 3162 Verbum
2817 3111 3164 3179 incarnatum,
3217 3127 3270 3170 et
3298 3118 3562 3174 hominem

2015 3185 2232 3239 factum.
2256 3207 2274 3239 ι
2309 3187 2411 3242 Per
2438 3191 2534 3245 ista
2563 3203 2740 3248 autem
2769 3197 2926 3251 Pater
2951 3201 3162 3254 modum
3187 3204 3562 3262 incarnationis

362 3254 458 3298 τῶν
487 3251 823 3306 συνελθουσῶν
852 3257 1045 3324 φύσεων
1089 3257 1275 3324 ἔδειξε,
1322 3266 1402 3315 καί
1441 3265 1527 3318 ἕνα
1571 3272 1784 3340 Χριστὸν
1811 3274 1914 3331 imi-

2016 3273 2202 3328 volens
2242 3277 2598 3347 manifestare,
2639 3291 2693 3337 et
2719 3284 2993 3340 indivisam
3032 3297 3086 3342 et
3120 3291 3444 3347 incont‘usam
3470 3312 3564 3350 cu-

359 3340 531 3411 ρυξεν,
562 3341 665 3394 ἀλλ’
702 3344 821 3412 οὐχί
845 3348 958 3414 μίαν
987 3351 1133 3418 φύσιν
1157 3350 1382 3410 θεότητος
1419 3356 1500 3408 καί
1520 3357 1724 3431 σαρκός.
1750 3365 1838 3415 καί
1863 3364 1910 3417 έν

343 3424 420 3497 ’τῇ
445 3423 654 3501 δευτέρᾳ
677 3434 803 3503 πρὸς
831 3433 918 3486 τὸν
937 3435 1087 3490 αὑτὸν
1113 3439 1376 3494 Σοὺκενσον
1399 3442 1630 3517 ἐπιστολῇ
1658 3449 1722 3499 τά
1743 3469 1907 3521 παρα-

357 3517 545 3573 πλήσια
573 3517 818 3574 διδάσκων
846 3522 1007 3595 [λέγει]
1035 3528 1212 3600 γράφει
1241 3529 1420 3590 οὕτως·
1455 3549 1474 3583 ε
1494 3537 1548 3586 Εἰ
1565 3538 1653 3605 μὲν
1672 3540 1770 3611 γάρ
1790 3517 1908 3608 μίαν

357 3607 578 3668 εἰπόντες
619 3615 706 3667 τήν
744 3619 832 3666 τοῦ
861 3614 1006 3686 λόγου
1031 3619 1174 3689 φύσιν
1215 3625 1575 3692 σεσιγήκαμεν,
1603 3629 1688 3678 οὐκ
1714 3629 1908 3700 έπενεγ·

356 3694 520 3755 πιόντες
535 3700 612 3760 τὸ,
636 3720 670 3752 σ
682 3720 701 3752 ε
717 3722 749 3753 σ
761 3722 833 3774 αρ
846 3724 874 3755 κ
888 3727 971 3770 ωμ
985 3707 1004 3756 ἑ
1017 3727 1134 3770 νην,
1159 3708 1258 3762 ἀλλ’
1283 3707 1381 3762 οἷον
1399 3711 1495 3775 ἔξω
1513 3715 1670 3774 Θέντες
1685 3722 1770 3773 τήν
1785 3721 1910 3772 οἰκο-

353 3787 560 3853 νομίαν,
606 3785 663 3845 ἧν
691 3792 858 3850 αὐτοῖς
895 3794 1041 3862 τάχα
1069 3815 1164 3848 που
1206 3800 1286 3850 καὶ
1312 3800 1397 3852 οὑκ
1423 3802 1658 3863 ἀπίθανος
1700 3803 1726 3858 ὸ
1765 3806 1906 3877 λόγος

351 3879 793 3945 προσποιουμένοις
818 3882 1027 3952 ἐρωτᾷν,
1054 3890 1154 3936 ποῦ
1182 3886 1239 3938 τὸ
1266 3887 1446 3941 τέλειον
1467 3890 1514 3942 ἐν
1541 3892 1900 3964 ἀνθρωπότητι.

352 3961 379 4018 ἦ
409 3965 486 4020 τὸ,
512 3973 619 4026 πῶς
640 3969 908 4038 ὑφέστηκεν
931 3974 959 4027 ἡ
980 3973 1085 4025 καθ’
1115 3977 1245 4044 ἡμᾶς
1265 3978 1432 4042 oua-ix;
1462 3978 1660 4040 Ἐπειδὴ
1689 3983 1738 4038 δέ
1769 3989 1847 4040 καὶ
1874 3990 1903 4046 ἠ

351 4052 397 4103 έν
425 4053 767 4126 ἀνθρωπότητι
806 4060 1050 4120 τελειότης
1071 4103 1084 4126 ,
1124 4068 1208 4118 καί
1243 4074 1331 4126 τῆς
1370 4070 1477 4122 καθ’
1514 4075 1645 4141 ἡμᾶς
1673 4076 1844 4137 οὑσίας
1872 4079 1902 4134 ἡ

347 4136 556 4200 δήλωσις
583 4146 949 4215 εἰσκεκόμισται
971 4148 1050 4203 διά
1074 4159 1164 4205 τοῦ
1189 4153 1364 4226 λέγειν,
1397 4178 1461 4210 σε
1479 4165 1898 4231 σαρκωμένην,

347 4231 727 4285 παυσάσθωσαν
766 4236 1028 4306 καλαμίνην
1056 4240 1235 4314 ῥάϐδον
1274 4244 1469 4308 ἑαυτοῖς
1500 4253 1896 4312 ὑποστήσαντες.

343 4323 441 4368 Τοῦ
466 4320 560 4392 γάρ
583 4321 898 4385 ἔκϐάλλοντος
925 4333 1012 4385 τήν
1041 4331 1329 4402 οἰκονομίαν,
1363 4340 1444 4389 καὶ
1481 4340 1780 4413 ἀρνουμένου
1809 4354 1897 4406 τήν

343 4407 608 4477 σάρκωσιν.
654 4408 710 4469 ἦν
738 4413 793 4466 τὸ
837 4414 1148 4482 ἐγκαλεῖσθαι
1191 4420 1390 4484 δικαίως
1426 4427 1777 4504 ἀφαιρουμένου
1811 4438 1896 4488 τὸν

339 4495 445 4547 υἱὸν
486 4507 574 4556 τῆς
603 4501 788 4562 τελείας
822 4505 1217 4577 ἀνθρωπότητος.
1247 4514 1301 4564 Ei
1337 4512 1421 4578 δὲ,
1455 4517 1521 4576 ὡς
1560 4517 1706 4587 ἔφην,
1746 4521 1795 4576 έν
1822 4534 1893 4590 τῷ

2013 3365 2252 3420 Stodiens
2302 3369 2628 3436 unitionem,
2679 3382 2732 3426 et
2776 3390 3052 3430 numerum
3095 3389 3396 3435 naturarum
3444 3399 3562 3451 qua:

2009 3466 2374 3509 convenerunt
2412 3457 2812 3527 demonstravit,
2859 3474 2913 3519 et
2941 3482 3102 3522 unum
3130 3469 3395 3528 Christum
3425 3490 3560 3544 pra:-

2009 3539 2230 3606 dicavit,
2265 3551 2321 3596 at
2345 3559 2450 3599 non
2482 3564 2638 3604 unam
2668 3561 2909 3612 naturam
2939 3555 3148 3614 deitatis
3179 3571 3234 3616 et
3260 3539 3452 3618 carnis.
3497 3567 3559 3620 Et

2013 3627 2068 3681 in
2095 3631 2328 3686 secunda
2373 3635 2439 3688 ad
2467 3641 2711 3694 eumdem
2751 3640 3060 3700 Successum
3107 3651 3326 3718 epistola
3370 3654 3558 3712 similia

2008 3717 2226 3782 docens,
2268 3721 2339 3776 ita
2368 3724 2584 3778 scribit:
2623 3747 2641 3780 ε
2668 3728 2798 3783 Nam
2827 3732 3082 3801 siquidem
3120 3717 3277 3792 unam
3322 3739 3556 3799 dicentes

2007 3803 2166 3860 Verbi
2214 3818 2452 3866 naturam
2485 3818 2852 3888 tacuissemus,
2903 3839 3008 3880 non
3038 3826 3342 3891 inferentes,
3374 3831 3552 3888 lucar-

2006 3902 2208 3956 natam,
2259 3899 2350 3951 sed
2397 3903 2546 3969 quasi
2588 3916 2736 3959 extra
2767 3919 3026 3976 ponentes
3067 3915 3550 3986 dispensationem;

2006 3991 2123 4035 erat
2168 3984 2269 4039 illis
2296 3986 2514 4043 forsitan
2562 4001 2615 4046 et
2641 3997 2939 4053 verisimilis
2969 4002 3105 4056 ratio
3133 3984 3550 4074 Confingentibus

2004 4069 2354 4139 interrogare,
2410 4078 2498 4132 ubi
2544 4081 2795 4148 perfectio
2825 4087 2876 4140 in
2908 4088 3252 4157 humanitate,
3295 4069 3376 4150 v'el
3407 4114 3541 4166 quo-

1999 4161 2160 4214 modo
2182 4163 2417 4218 subsistit
2447 4167 2722 4243 [substitit]
2753 4174 2977 4232 humana
3006 4190 3186 4235 nostra
3212 4161 3547 4240 substantia?

2002 4249 2263 4313 Quoniam
2307 4263 2484 4310 autem
2524 4267 2577 4312 et
2619 4260 2874 4328 perfectio
2903 4266 2956 4320 in
2985 4268 3331 4338 humanitate,
3363 4283 3418 4329 et
3445 4291 3546 4330 no-

1997 4347 2117 4391 strm
2138 4339 2442 4396 substantia:
2463 4345 2840 4406 demonstratio
2857 4354 3155 4412 introducta
3178 4369 3278 4427 est,
3301 4363 3542 4432 dicendo,

1995 4425 2372 4496 lncarnatum;
2405 4445 2612 4490 cessent
2650 4443 2994 4499 arundineam
3043 4449 3242 4514 Virg-am
3272 4452 3370 4506 sibi
3413 4469 3542 4524 sup-

1993 4525 2271 4585 ponentes.
2311 4518 2620 4589 Ejicientem
2672 4531 2814 4585 enim
2843 4533 3311 4606 dispensationem,
3363 4551 3418 4596 et
3444 4518 3540 4598 ab-

342 4589 692 4658 σεσαρκῶσθαι
719 4590 870 4662 λέγειν
907 4595 1079 4658 αὑτὸν,
1113 4603 1274 4668 σαφής
1303 4601 1411 4656 in:
1451 4609 1534 4658 καί
1561 4609 1890 4680 ἀναμφίϐολος

2016 4621 2271 4680 tegentem
2323 4616 2760 4690 incarnationem,
2807 4631 3084 4696 oportebat
3112 4632 3256 4700 juste
3280 4640 3535 4700 accusari,

338 4672 566 4746 ὁμολογία
598 4685 711 4740 τοῦ,
762 4678 839 4736 ὅτι
882 4685 1077 4754 γέγονεν
1120 4684 1405 4760 ἄνθρωπος,
1448 4693 1587 4748 οὐδέν
1615 4697 1689 4753 ἴτι
1715 4703 1887 4759 κωλύει

332 4747 477 4823 νοεῖν.
506 4767 572 4824 ὡς
595 4763 664 4825 εἷς
689 4768 943 4841 ὑπάρχων
971 4776 1053 4826 καὶ
1072 4775 1217 4844 μόνος
1245 4779 1353 4836 υίὸς
1377 4778 1402 4832 ὸ
1425 4786 1656 4857 Χριστὸς,
1681 4786 1706 4839 ό
1734 4792 1885 4850 αὑτὸς

329 4850 450 4907 Θεὸς
476 4852 584 4907 έστι
611 4857 695 4907 καί
723 4853 1000 4930 ἅνθρωπος,
1025 4862 1195 4935 ὥσπερ
1218 4865 1264 4916 έν
1291 4866 1480 4925 θεότητι
1514 4871 1688 4928 τέλειος
1708 4913 1722 4936 ,
1753 4876 1884 4931 οὕτω

331 4942 410 4988 καὶ
433 4939 479 4989 ἐν
497 4941 835 5013 ἀνθρωπότητι
853 4947 1053 5007 τέλειος⁵
1086 4950 1325 5021 ὀρθότατα
1346 4953 1397 5008 δέ
1417 4961 1495 5011 καὶ
1514 4960 1640 5011 πάνυ
1664 4971 1883 5024 συνετῶς

329 5025 360 5076 ἡ
390 5031 454 5081 σὴ
480 5027 725 5090 τελειότης
755 5035 838 5086 τὸν
861 5039 978 5110 περί
1009 5043 1097 5090 τοῦ
1125 5044 1375 5100 σωτηρίου
1403 5045 1590 5107 πάθους
1639 5049 1874 5108 έκτέθεικε

331 5114 490 5181 λόγον,
521 5117 604 5167 οὑκ
624 5120 768 5172 αὐτὸν
787 5123 870 5174 τὸν
892 5134 1126 5192 μονογενῆ
1156 5128 1258 5178 υἱὸν
1279 5137 1366 5180 τοῦ
1395 5140 1541 5195 Θεοῦ,
1565 5137 1684 5188 καθὸ
1703 5149 1880 5194 νοεῖται

327 5205 406 5251 καὶ
432 5200 544 5255 ἔστι
564 5206 708 5269 Θεὸς,
740 5210 910 5262 παθεῖν
931 5215 1002 5269 εἰς
1029 5211 1156 5266 ἰδίαν
1179 5217 1322 5284 φύσιν
1348 5221 1410 5272 τά
1438 5223 1688 5288 σώματος,
1723 5230 1879 5298 ἰσχυ-

324 5291 572 5356 ριζομένη.
598 5294 766 5348 παθεῖν
793 5295 846 5349 δέ
867 5300 1047 5364 μᾶλλον
1071 5311 1129 5375 τῇ
1156 5313 1303 5377 χοίκῇ
1320 5309 1485 5375 φύσει.
1511 5319 1594 5364 Δεῖ
1608 5317 1705 5387 γάρ
1727 5291 1878 5387 ἀναγ-

323 5379 472 5436 καίως
499 5380 752 5453 ἀμφότερα
781 5389 1025 5447 σώζεσθαι
1053 5398 1124 5458 τῷ
1151 5392 1220 5444 ένί
1248 5399 1323 5446 καί
1364 5399 1482 5449 κατά
1509 5399 1733 5457 ἀλήθειαν
1760 5409 1872 5477 ν’ῷ,

313 5466 378 5517 ,τὸ
410 5469 488 5518 καί
515 5477 582 5536 μή
607 5471 826 5540 πάσχειν
854 5476 1039 5540 θείκῶς,
1073 5483 1150 5532 καί
1169 5482 1225 5534 τὸ
1253 5483 1476 5554 λέγεσθαι
1497 5491 1668 5544 παθεῖν
1685 5496 1871 5568 ἀνθρω-

319 5556 492 5612 πίνως.
525 5567 574 5609 Ἦ
599 5561 751 5611 αὑτοῦ
772 5564 868 5634 γάρ
894 5566 1098 5620 πέπονθε
1123 5571 1269 5643 σάρξ.
1303 5589 1322 5622 ε
1351 5579 1439 5627 Καὶ
1476 5579 1524 5629 έν
1552 5588 1623 5648 τῷ
1647 5604 1871 5656 τρισκαι-

323 5639 348 5656 ..
416 5645 422 5656 ,
545 5643 590 5656 ς.
741 5650 753 5656 -
813 5653 819 5656 -

318 5639 505 5712 δεκάτῳ
538 5643 592 5698 δέ
619 5650 861 5717 κεφαλαίῳ
887 5660 981 5704 τῶν
1013 5658 1234 5725 σχολίων
1261 5659 1286 5712 ὸ
1314 5664 1459 5723 αὑτὸς
1495 5667 1540 5718 ἐν
1572 5667 1728 5740 ἁγίοις
1759 5678 1864 5728 K6-

1991 4704 2314 4763 auferentem
2338 4727 2366 4764 a
2398 4714 2531 4772 Filio
2560 4721 2852 4787 perfectam
2879 4725 3282 4786 humanitatem.
3321 4733 3412 4787 Sin
3442 4749 3536 4789 auo

1991 4804 2098 4849 tem
2131 4798 2211 4864 (ut
2234 4798 2365 4869 dixi)
2395 4803 2721 4862 incarnatum
2749 4825 2866 4866 esse
2893 4814 3116 4871 dicendo
3143 4818 3334 4887 ipsum,
3368 4827 3536 4879 mani-

1989 4881 2124 4936 festa
2147 4891 2228 4938 est
2257 4895 2309 4939 et
2349 4889 2708 4950 indubitabilis
2750 4899 3034 4966 confessio,
3080 4881 3220 4973 quod
3261 4881 3429 4962 factus
3452 4922 3534 4967 est

1988 4972 2149 5028 homo
2177 4990 2191 5038 ;
2223 4977 2352 5032 nihil
2374 4979 2484 5047 jam
2511 4985 2757 5052 prohibet
2776 4972 3236 5064 intelligere,iquia
3258 5013 3375 5052 cum
3399 5017 3534 5056 unus

1986 5062 2056 5116 sit
2097 5071 2153 5118 et
2194 5068 2338 5122 solus
2385 5069 2522 5126 filius
2569 5071 2828 5142 Christus,
2880 5079 3014 5134 idem
3061 5062 3173 5150 ipse
3201 5085 3338 5141 Deus
3367 5098 3447 5144 est
3475 5100 3530 5145 et

1986 5153 2168 5217 homo.
2195 5158 2334 5212 sicut
2359 5159 2409 5212 in
2439 5161 2636 5218 deitate
2665 5165 2949 5232 perfectus,
2978 5171 3046 5224 ita
3076 5181 3131 5225 et
3158 5174 3208 5226 in
3236 5175 3529 5234 humanita-

1983 5247 2036 5294 te
2064 5244 2349 5309 perfectus.
2392 5248 2703 5306 Rectissime
2750 5264 2925 5310 autem
2956 5267 3010 5312 et
3051 5262 3204 5317 nimis
3241 5266 3528 5333 prudenter

1982 5341 2068 5386 tua
2101 5337 2354 5404 perfectio
2379 5341 2445 5395 de
2473 5343 2690 5398 salutari
2721 5350 2964 5414 passione
2992 5355 3249 5410 rationem
3281 5361 3523 5429 exponit,

1978 5437 2083 5474 nun
2131 5425 2299 5492 ipsum
2329 5430 2652 5496 unigenitum
2686 5433 2875 5490 Filium
2902 5437 3013 5504 Dei,
3064 5425 3520 5515 secundum—quod

1978 5510 2287 5580 intelligitur
2331 5525 2384 5569 et
2413 5526 2494 5572 est
2523 5519 2677 5585 Deus,
2724 5538 2935 5593 passum
2965 5543 3082 5584 esse
3123 5531 3173 5585 in
3203 5549 3296 5587 sua
3333 5547 3519 5591 natura

1975 5613 2092 5667 quae
2119 5612 2240 5656 sunt
2269 5609 2508 5674 corporis
2537 5612 2823 5678 affirmans,
2873 5621 3039 5686 magis
3084 5632 3258 5676 autem
3306 5640 3515 5694 passum

1974 5702 2092 5742 esse
2134 5698 2340 5746 terrena
2370 5704 2573 5752 natura.
2616 5698 2836 5771 Oportet
2865 5708 3003 5760 enim
3036 5714 3332 5767 necessario
3373 5723 3508 5768 ιλιι-ειν

389 5807 405 5839 ¹
435 5817 728 5886 Aliquando
759 5822 966 5888 quidem
1005 5825 1192 5883 Filium
1214 5871 1229 5896 ,
1257 5833 1543 5903 aliquando
1581 5850 1711 5897 Vero
1746 5845 1995 5919 Verbum,
2030 5865 2107 5910 est
2137 5863 2348 5927 quando
2379 5865 2584 5931 Filium,
2614 5877 2693 5924 est
2715 5875 2923 5940 quando
2953 5877 3199 5933 Verbum.

556 5918 825 5978 PATROL.
873 5920 989 5982 Gn.
1038 5924 1143 5988 LX
1155 5930 1272 5992 ΧΧ
1284 5934 1358 5995 γι
1373 5983 1397 6011 .,

3093 5981 3170 6039 32
