4112 6530
527 478 661 542 1003

1789 469 2227 535 JUSTINIANI
2267 467 2424 528 IMP-

3597 453 3731 526 1004

527 597 682 670 ριλλος
711 593 886 665 ὁμοίως
926 594 1316 661 ἀποϐαλλὸμενος
1348 595 1536 649 τοὺςτε
1565 587 1656 643 δύο
1690 589 1829 648 υίοὺς
1851 587 2080 657 εἰσάγον-
2108 632 2115 644 ί

2214 596 2285 648 μιιο
2313 578 2512 634 servari
2541 577 2630 632 uni
2668 583 2722 629 et
2748 588 2874 629 vero
2901 572 3055 639 Filio,
3084 581 3142 626 et
3167 586 3273 625 non
3303 569 3413 640 pati
3441 569 3730 624 secundun.
3803 623 3812 632 ,

529 707 638 748 τας,
663 683 778 743 τούς
797 704 852 740 τε
873 687 990 752 μίαν
1016 684 1162 755 φύσιν
1179 683 1411 752 λέγοντας
1429 679 1658 736 θεότητος
1679 680 1763 731 καί
1779 683 1870 734 τῆς
1895 674 2083 743 σαρκὸς

527 780 614 828 τοῦ
639 778 850 834 Χριστοῦ
865 811 880 834 ,
910 773 1086 844 γράφει
1109 770 1290 829 οὕτως·
1324 787 1341 818 ε
1363 769 1432 822 Οὑ
1459 766 1732 841 διοριστέον
1768 760 1850 816 οῦν
1873 760 1974 832 ἄρα
1999 761 2085 814 τὸν

527 865 612 918 ἕνα
639 865 808 935 κύριον
831 867 1017 919 Ἰησοῦν
1037 859 1251 931 Χριστὸν
1277 859 1347 917 είς
1373 854 1631 931 ἄνθρωπον
1668 853 1862 929 ἰδικῶς,
1895 853 1980 905 καί
2015 853 2086 908 εἰς

527 952 646 1005 θεὸν
673 949 839 1010 ίδικῶς
858 988 874 1010 ,
902 947 1008 1002 ἀλλ’
1030 949 1115 1001 ἕνα
1149 950 1233 1000 καί
1253 948 1338 1000 τὸν
1363 947 1512 1000 αὑτὸν
1541 942 1737 1003 Ἰησοῦν
1759 942 1973 1014 Χριστιζν
2005 940 2089 992 κὺ-

529 1042 632 1114 ριόν
653 1061 830 1112 φαμεν,
861 1045 952 1096 τήν
977 1044 1077 1093 τῶν
1101 1039 1293 1108 φύσεων
1316 1035 1501 1095 εἰδότες
1522 1033 1789 1106 διαφοράν,
1819 1035 1901 1083 καί
1925 1032 2088 1099 ἀσυγ-

533 1115 708 1199 χύτοῖς
737 1129 964 1187 ἀλλήλαις
991 1133 1254 1202 τηροῦντες
1287 1126 1465 1184 αὑτάς.
1487 1141 1505 1174 ι
1539 1125 1594 1175 Εἰ
1611 1125 1802 1182 τοίνυν,
1827 1120 1987 1176 καθώς
2015 1117 2090 1170 δι-

533 1218 707 1274 δάσκει
749 1217 850 1272 όέν
892 1217 1048 1288 ἁγίοις
1086 1211 1350 1290 Κίριλλος,
1391 1209 1460 1271 εἷς
1508 1213 1642 1265 ἐστιν
1688 1208 1714 1262 6
1760 1207 1926 1282 κὺριος
1955 1207 2090 1275 ἡμῶν

529 1308 716 1367 Ἰησοῦς
741 1309 976 1382 Χριστὸς,
998 1306 1180 1364 τέλειος
1205 1304 1251 1355 ἐν
1271 1303 1482 1359 θότητι,
1512 1303 1595 1353 καὶ
1614 1299 1794 1356 τέλειος
1822 1295 1847 1349 ὁ
1873 1297 2024 1352 αὑτὸς
2044 1295 2092 1345 ἐν

532 1394 908 1470 ἀνθρωπότητι,
943 1397 1028 1446 καί
1069 1395 1154 1445 οὑκ
1197 1389 1348 1445 ἔπαθε
1389 1397 1451 1462 τῇ
1493 1390 1600 1461 θείᾳ
1635 1388 1815 1458 φύσει,
1863 1384 1987 1437 ἀλλᾶ
2029 1389 2092 1453 τῇ

535 1466 681 1559 χοῖκῇ
709 1482 852 1556 φύσει
871 1523 887 1545 ,
929 1479 1025 1536 οἶδε
1054 1479 1108 1535 δέ
1148 1482 1230 1532 καὶ
1256 1483 1343 1535 τὴν
1369 1486 1467 1531 τῶν
1495 1478 1689 1546 φύσεων
1715 1466 1982 1550 δεαφορᾶν,
2011 1473 2096 1524 καί

531 1577 592 1631 τὸ
616 1576 952 1645 ἀσυγχύτους
977 1572 1137 1630 αὑτὰς
1159 1569 1384 1627 ἀλλήλαις
1412 1569 1459 1620 έν
1487 1571 1578 1637 μιᾷ
1605 1564 1892 1620 ὑποστάσει
1911 1563 2094 1633 φυλάτ-

533 1666 726 1723 τεσθαι,
756 1662 900 1718 δῆλον
925 1659 1004 1714 ὅτι
1033 1660 1114 1713 τὸν
1144 1658 1288 1711 αὑτὸν
1316 1659 1365 1710 έν
1386 1664 1446 1730 τῇ
1492 1657 1600 1728 θείᾳ
1628 1657 1777 1726 φύσει
1809 1656 1887 1705 καί
1917 1658 1981 1724 τῇ
2019 1652 2099 1702 ἁν-

534 1753 752 1828 Θρωπίνῃ
779 1749 909 1819 λετγει
936 1745 961 1801 6
995 1750 1162 1818 πατὴρ
1189 1745 1540 1817 γνωρίζεσθαι,
1571 1743 1656 1795 καί
1683 1741 1922 1814 ἑκατέραν
1953 1739 2099 1809 φύσιν

534 1844 584 1896 έν
606 1841 745 1910 αὑτῷ
772 1834 916 1900 εἶναι,
948 1838 998 1899 ἐξ
1033 1832 1097 1886 ὧν
1126 1837 1208 1887 καί
1244 1833 1498 1888 συνετέθη.
1529 1833 1620 1884 Καὶ
1654 1830 1741 1882 οὐκ
1767 1826 1828 1884 ἄν
1865 1847 1942 1886 τις
1968 1825 2099 1879 οὕτω

2184 671 2456 732 deitatem,
2486 675 2542 722 et
2568 667 2674 722 dici
2702 681 2916 735 passum
2945 679 3062 720 esse
3082 663 3327 718 eumdem
3356 663 3524 732 ipsum
3541 675 3735 715 secuno

2185 761 2310 814 dum
2354 758 2732 812 humanitatem
2766 775 2778 808 :
2810 756 2974 825 ipsius
3015 755 3155 808 enim
3200 766 3357 822 passa
3403 759 3486 806 est
3532 764 3679 804 caro.
3706 766 3728 800 τ
3801 817 3803 819 ι

2188 850 2255 904 Et
2301 850 2355 903 in
2401 847 2766 902 tertiodecimo
2811 846 2986 914 capite
3030 844 3351 900 scholiorum
3380 843 3519 896 idem
3547 840 3604 894 S.
3635 840 3734 910 Cy-

2189 940 2340 994 rillus
2369 937 2617 994 similiter
2655 936 2897 1002 rejiciens
2923 951 3017 990 eos
3053 935 3141 1003 qui
3167 934 3302 988 duos
3331 932 3466 987 ﬁlios
3495 929 3731 985 introdu-

2189 1036 2334 1092 cunt,
2383 1035 2438 1080 et
2479 1040 2573 1080 eos
2603 1024 2692 1093 qui
2721 1040 2880 1078 unam
2921 1023 3104 1078 dicunt
3138 1029 3381 1076 naturam
3429 1017 3642 1074 deitatis
3685 1024 3740 1073 α

2188 1115 2366 1172 carnis
2383 1113 2598 1180 Christi,
2621 1114 2692 1166 ita
2713 1113 2896 1167 scribit
2921 1129 2933 1164 :
2973 1131 2990 1162 ε
3013 1111 3128 1165 Νοη
3146 1108 3552 1165 discernendum
3579 1123 3738 1164 unum

2190 1205 2471 1259 Dominum
2491 1201 2669 1256 Jesum
2703 1201 2972 1256 Christum
3019 1202 3071 1254 in
3115 1200 3386 1254 hominem
3433 1199 3738 1268 separatim,

2190 1301 2246 1348 et
2273 1294 2324 1347 in
2354 1293 2520 1346 Deum
2546 1291 2873 1360 separatim:
2919 1290 3013 1345 sed
3050 1304 3214 1344 unum
3261 1287 3616 1355 eumdemque
3644 1286 3739 1340 Do-

2191 1383 2392 1437 minum
2419 1383 2598 1436 Jesum
2628 1381 2895 1435 Christum
2915 1381 3157 1446 dicimus,
3183 1387 3487 1434 naturarum
3515 1379 3743 1432 scientes

2193 1471 2568 1535 diﬂerentiam,
2598 1478 2653 1525 et
2694 1471 2998 1526 incontusas
3037 1484 3128 1524 eas
3154 1468 3256 1524 sibi
3280 1469 3503 1522 invicem
3533 1481 3747 1522 conser-

2194 1573 2398 1618 vantes.
2431 1583 2448 1614 ι
2481 1564 2536 1618 Si
2567 1564 2726 1632 igitur
2754 1563 2934 1633 (prout
2955 1563 3110 1617 docet
3137 1576 3234 1616 nos
3259 1567 3473 1616 sanctus
3499 1559 3746 1631 Cyrinus)

2197 1671 2332 1710 unus
2369 1663 2452 1710 est
2483 1655 2736 1710 Dominus
2762 1663 2948 1711 noster
2985 1654 3143 1710 Jesus
3169 1653 3428 1717 Christus,
3483 1651 3752 1722 perfectus

2185 1746 2252 1799 in
2280 1745 2478 1799 deitate
2497 1784 2514 1810 ,
2550 1753 2603 1799 et
2633 1744 2898 1814 perfectus
2921 1745 3057 1800 idem
3088 1745 3206 1813 ipse
3239 1743 3291 1798 in
3317 1743 3662 1804 humanitate,
3694 1750 3751 1796 et

2199 1848 2305 1888 non
2329 1842 2411 1889 est
2429 1848 2614 1903 passus
2641 1834 2817 1888 divina
2848 1844 3051 1897 natura,
3083 1833 3176 1888 sed
3204 1841 3432 1896 terrena,
3455 1832 3557 1887 scit
3575 1840 3749 1886 autem

534 1932 738 2002 μανείη,
784 1931 852 1989 ὦς
895 1929 1052 2002 ὀρθῶς
1092 1928 1298 1994 νομίσαι
1334 1931 1522 1997 φρονεῖν
1556 1924 1675 1980 τοὺς
1712 1921 1944 1991 λέγοντας
1981 1919 2098 1984 μίαν

2214 1930 2254 1975 et
2282 1929 2590 1977 naturarum
2628 1921 3008 1986 differentiam,
3049 1928 3105 1976 et
3132 1920 3275 1990 quod
3319 1920 3606 1975 inconfusa:
3647 1919 3751 1974 sibi

536 2017 658 2076 εἶναι
682 2022 846 2091 φύσιν,
871 2019 979 2077 ἤτοι
1000 2019 1176 2071 οὑσίαν
1199 2017 1385 2090 σαρκὸς
1405 2017 1483 2066 καί
1500 2012 1721 2069 θεότητος
1741 2015 1830 2064 τοῦ
1852 2012 2092 2080 Χριστοῦ,

538 2114 625 2167 τήν
652 2110 803 2166 αὐτὴν
831 2108 960 2160 Θείαν
988 2107 1071 2159 καί
1097 2109 1299 2174 χοίκὴν,
1327 2105 1546 2160 παθητὴν
1572 2102 1656 2154 καί
1679 2101 1860 2156 ἀπαθῆ.

2205 2011 2432 2066 invicem
2475 2011 2528 2065 in
2559 2027 2659 2065 una
2701 2011 3036 2067 subsistentia
3079 2019 3498 2066 conservantur:
3548 2017 3754 2064 certum

2201 2106 2302 2162 est,
2331 2099 2473 2167 quod
2505 2098 2752 2153 eumdem
2782 2099 2950 2169 ipsum
2993 2099 3045 2153 in
3074 2098 3252 2153 divina
3283 2107 3470 2153 natura
3496 2106 3551 2152 et
3580 2099 3630 2151 in
3653 2098 3752 2152 hu-

2209 2203 2367 2242 mana
2393 2189 2523 2243 dicit
2544 2187 2703 2243 Pater
2729 2188 2996 2256 cognosci,
3026 2196 3081 2242 et
3119 2195 3394 2255 utramque
3419 2194 3660 2241 naturam
3699 2185 3755 2239 in

541 2289 656 2358 ipso
684 2303 821 2350 esse,
849 2303 918 2344 ex
948 2288 1139 2356 quibus
1165 2293 1222 2342 et
1247 2284 1574 2354 compositus
1599 2289 1699 2337 est.
1748 2278 1816 2334 Et
1859 2293 1965 2332 non
2008 2276 2199 2346 aliquis
2243 2275 2321 2332 sic
2369 2277 2615 2342 insaniat,
2667 2285 2724 2330 ut
2761 2277 3046 2331 arbitretur
3094 2290 3188 2331 eos
3233 2282 3379 2328 recte
3431 2289 3619 2344 sapere
3663 2272 3755 2342 qui

541 2379 725 2434 dicunt
769 2395 928 2433 unam
970 2393 1088 2432 esse
1132 2385 1374 2430 naturam
1418 2375 1531 2429 sive
1576 2370 1925 2428 substantiam
1966 2368 2141 2424 carnis
2189 2375 2244 2422 et
2289 2367 2502 2423 deitatis
2545 2367 2761 2434 Christi,
2818 2368 3059 2423 eamdem
3106 2375 3160 2422 et
3203 2367 3433 2421 divinam
3478 2373 3533 2420 et
3588 2373 3758 2420 terre-

543 2486 684 2532 nam,
718 2470 1016 2540 passibilem
1043 2477 1098 2523 et
1125 2467 1522 2537 impassibilem.

614 2561 810 2641 Ἐπειδή
851 2561 906 2617 δέ
947 2565 1032 2616 καὶ
1075 2563 1310 2635 έτέρωθεν
1352 2558 1737 2620 κατασκευάζειν
1786 2556 2110 2629 ίπιχειροῦσί

547 2672 672 2713 τινες
700 2654 756 2708 τό
933 2647 1059 2707 εἶναι
1081 2654 1227 2724 φύσιν
1253 2658 1342 2710 τῆς
1370 2647 1600 2707 θεότητος
1628 2647 1709 2700 καί
1734 2651 1824 2705 τῆς
1862 2640 2113 2716 ἀνθρωπὸ-

548 2763 698 2804 τητος
724 2750 817 2800 τοῦ
848 2749 1099 2817 Χριστοῦ,
1127 2743 1294 2796 τὸτοῦ
1320 2741 1582 2814 ἀνθρώπου
1618 2733 1940 2810 παράδειγμα
1978 2750 2108 2806 προ·

549 2833 870 2904 ϐαλλόμενοι,
908 2835 994 2886 καί
1034 2832 1286 2904 λέγοντες,
1337 2831 1510 2904 ὥσπερ
1549 2828 1600 2891 ἒξ
1638 2827 1906 2903 έτερογυῶν
1931 2821 2110 2893 ψυχῆς

2283 2551 2544 2619 Quoniam
2591 2559 2766 2608 autem
2805 2560 2859 2607 et
2901 2551 3006 2605 alio
3042 2551 3200 2606 modo
3236 2550 3447 2619 quidam
3476 2546 3758 2602 ostendere

2211 2649 2493 2710 conantur,
2515 2657 2674 2697 unam
2701 2650 2819 2696 esSe
2845 2650 3086 2695 naturam
3114 2639 3324 2695 deitatis
3345 2646 3398 2693 et
3420 2636 3761 2692 humanitatis

2213 2729 2430 2798 Christi,
2461 2731 2760 2801 exemplum
2781 2729 3008 2785 hominis
3029 2736 3401 2798 praponentes,
3427 2734 3483 2781 et
3500 2726 3757 2787 dicentes,

2212 2820 2356 2887 quod
2399 2820 2537 2874 sicut
2581 2833 2650 2874 ex
2694 2818 2919 2873 diversis
2963 2817 3188 2882 naturis,
3235 2816 3409 2870 anima
3456 2821 3511 2868 et
3537 2827 3761 2882 corpore

551 2928 636 2980 καὶ
683 2928 918 2997 σώματος
947 2926 1198 2983 συνεστὼς
1227 2922 1253 2976 ὃ
1281 2919 1542 2996 ἄνθρωπος
1723 2923 1872 2990 φύσις
1895 2917 2107 2990 λέγεται,

2215 2915 2511 2971 consistens
2531 2913 2715 2978 homo,
2756 2927 2861 2967 una
2893 2919 3080 2966 natura
3108 2910 3315 2974 dicitur,
3346 2909 3423 2964 sic
3449 2917 3504 2962 et
3530 2922 3595 2962 ex
3623 2906 3758 2961 dua-

551 3016 683 3072 οὗτω
705 3018 790 3069 καί
815 3017 868 3070 ίκ
895 3014 982 3070 δὺο
1009 3015 1224 3085 φύσεων.
1250 3015 1478 3073 θεότητος
1498 3014 1578 3066 καί
1604 3010 2000 3087 ἀνθρωπότητος,
2027 3011 2112 3063 τόν

550 3106 762 3181 Χριστόν
787 3105 1038 3177 λέγοντες,
1069 3103 1314 3177 ὀφείλομεν
1341 3105 1458 3172 μίαν
1490 3099 1639 3173 φύσιν
1663 3099 1741 3156 ἔπ’
1777 3101 1916 3172 αὑτῷ
1939 3099 2109 3170 λέγειν·

553 3198 710 3251 έκεῖνο
741 3197 864 3274 πρὸς
887 3197 1067 3254 αὑτοὺς
1097 3195 1304 3268 ίροῦμεν
1322 3235 1337 3260 ,
1375 3189 1451 3248 ὅτι
1490 3191 1516 3246 6
1543 3193 1631 3264 μέν
1657 3189 1912 3265 ἅνθρωπος
1940 3185 2028 3260 κᾷν
2062 3190 2116 3241 ὲκ

551 3285 798 3360 διαφόρων
825 3287 1114 3349 συνέστηκε,
1137 3285 1373 3340 τουτέστι
1398 3282 1576 3353 ψυχῆς
1596 3283 1679 3336 καί
1703 3283 1958 3351 σώματος,
1981 3277 2116 3350 ὅμως

553 3375 638 3430 διὰ
664 3381 814 3430 τοῦτο
844 3378 935 3446 μία
962 3376 1108 3447 φὺσις
1133 3374 1357 3446 λέγεται,
1397 3369 1565 3429 ἐπειδή
1591 3378 1763 3431 κοινῶς
1789 3369 1914 3424 κατᾶ
1941 3375 2119 3423 πασῶν

561 3472 657 3520 τῶν
679 3465 1032 3526 ὑποστάσεων,
1059 3463 1208 3534 ἤγουν
1229 3463 1516 3535 προσώπων
1536 3467 1633 3516 τῶν
1653 3460 1752 3514 ὑπὸ
1771 3461 1827 3514 τό
1852 3459 1970 3513 αὐτὸ
1990 3453 2119 3516 εἶδος

556 3555 866 3625 ἀναγομένων
892 3559 1270 3626 κατηγορεῖται.
1299 3553 1355 3606 Ei
1379 3553 1461 3604 καί
1487 3553 1551 3605 τὰ
1576 3551 1790 3618 μάλιστα
1813 3551 1911 3621 γὰρ
1938 3548 2118 3605 ἑκάστη

560 3644 874 3707 ὑπόστασις,
903 3641 1015 3700 ἤτοι
1058 3641 1358 3713 πρόσωπον.
1401 3634 1502 3692 οἷον
1541 3639 1751 3714 Πέτρος,
1792 3640 1876 3691 καί
1909 3636 2118 3698 Παῦλος,

558 3739 662 3791 τοῖς
690 3729 956 3801 ίδιώμασιν
977 3729 1066 3783 ἀπ’
1095 3729 1309 3786 ἀλλήλων
1331 3726 1742 3803 διαχωρίζονται,
1773 3727 1876 3782 ἀλλ’
1901 3724 2038 3797 ὅμως
2061 3728 2120 3781 οὑ

557 3827 618 3893 τῇ
639 3821 785 3892 φύσει
802 3818 1110 3894 διαιροῦνται
1123 3833 1139 3849 ⁸
1161 3818 1430 3892 ἀμφότεροι
1449 3820 1550 3893 ’γὰρ
1573 3816 1821 3890 ἄνθρωποι
1838 3833 1851 3847 ·
1875 3820 1958 3870 καί
1975 3816 2122 3869 πάλιν

561 3908 676 3964 οὔτε
701 3909 853 3980 ψυχή
899 3911 1062 3982 χωρίς
1089 3911 1354 3978 σώματος,
1393 3907 1505 3964 οὔτε
1544 3914 1694 3980 σῶμα
1739 3908 1904 3979 χωρίς
1943 3904 2122 3975 ψυχῆς

561 3998 838 4072 [ἄνθρωπός
877 3995 1042 4068 ἔστιν]
1068 3997 1463 4074 ἀνθρωπότητος,
1502 3997 1603 4051 ἀλλ’
1626 3998 1676 4048 ἐκ
1693 4002 1785 4050 τοῦ
1809 4001 1877 4063 μή
1899 3992 2036 4055 ὄντος
2055 3997 2126 4055 εἰς

561 4092 618 4143 τὸ
645 4086 770 4143 εἶναι
808 4091 862 4141 ίκ
887 4089 1066 4157 ψυχῆς
1109 4091 1191 4140 καί
1239 4091 1474 4158 σώματος
1517 4085 1891 4158 ἔδημιουργήθη.
1933 4089 2033 4138 Πᾶν
2071 4082 2125 4138 δέ

563 4179 783 4245 κτίσμα,
814 4176 858 4228 εί
881 4178 965 4230 καί
1003 4177 1056 4229 έκ
1085 4173 1324 4248 διαφόρων
1371 4176 1702 4234 συνέστηκεν,
1752 4170 1851 4225 ἀλλ’
1886 4167 1971 4225 οὖν
2009 4173 2125 4242 μίαν

567 4267 746 4323 ἐκείνην
771 4264 914 4333 ἔχειν
939 4265 1136 4336 λέγεται
1159 4267 1335 4335 φύσιν,
1364 4264 1469 4317 καθ’
1489 4264 1544 4320 ἣν
1567 4264 1709 4335 παρά
1739 4267 1827 4316 τοῦ
1862 4267 1984 4314 Θεοῦ
2015 4248 2126 4317 ἐδηί-

484 4425 488 4431 η
564 4357 854 4428 μιουργήθη.
899 4364 953 4407 ἐ)
991 4353 1044 4408 δέ
1087 4356 1302 4428 Χριστός
1342 4355 1446 4421 οὑχ
1484 4353 1676 4411 οὕτως’
1719 4349 1833 4404 οὕτε
1869 4347 1967 4419 γὰρ
2009 4351 2126 4418 μίαν

566 4441 713 4514 φύσιν
731 4483 744 4500 ,
775 4443 926 4512 ἤγουν
955 4443 1129 4496 οὐσίαν
1155 4440 1298 4498 δηλοῖ
1322 4447 1488 4498 κοινῶς
1527 4439 1653 4492 κατᾶ
1679 4438 1868 4491 πολλῶν
1905 4437 2129 4491 ὑποστά-

569 4552 728 4596 σεων,
752 4531 862 4589 ἤτοι
885 4533 1167 4603 προσώπων
1193 4528 1625 4602 κατηγορουμνην
1641 4570 1655 4586 ,
1688 4527 1861 4601 ὥσπερ
1887 4525 1912 4579 ό
1940 4522 2128 4598 ἄνθρω-

571 4642 664 4682 πος
681 4637 696 4653 ’
724 4623 769 4675 εί
788 4624 889 4696 γὰρ
913 4628 1064 4675 τοῦτο
1087 4617 1168 4683 ἦν,
1192 4620 1364 4674 πολλοὶ
1389 4622 1596 4690 Χριστοὶ
1623 4619 1966 4692 εὑρεθήσονται
1981 4659 1994 4683 ,
2021 4603 2131 4670 καθ’

569 4710 636 4766 ὧν
673 4712 730 4766 τὸ
756 4713 910 4765 κοινὸν
934 4719 1024 4769 τῆς
1061 4715 1257 4782 φύσεως
1292 4716 1654 4782 ητηγορῆται,
1694 4706 1818 4780 ὅπερ
1859 4711 1940 4761 καί
1976 4708 2130 4778 λέγειν

573 4804 704 4856 ἐστίν
725 4801 934 4860 ἀσεϐές·
979 4800 1080 4853 ἀλλ’
1108 4797 1225 4852 οὔτε
1254 4797 1342 4852 ἀπ’
1369 4799 1541 4871 ἀρχῆς
1589 4800 1642 4850 ίκ
1681 4798 1910 4856 θεότητος
1937 4800 2018 4850 καί
2045 4799 2132 4852 ἀνέ-

569 4893 907 4965 θρωπότητος,
935 4892 1107 4965 ὥσπερ
1134 4889 1159 4942 6
1193 4886 1450 4958 ἅνθρωπος
1477 4886 1530 4941 ἔκ
1553 4887 1731 4956 ψυχῆς
1756 4891 1836 4940 καί
1874 4890 2130 4954 σώματος,

571 4980 597 5035 6
618 4982 832 5054 Χριστός
859 4978 1238 5053 έδημιουργήθη,
1259 4979 1340 5032 ἶνα
1361 4983 1511 5032 τοῦτο
1533 4974 1564 5052 ᾖ
1586 4980 1732 5046 φύσις
1750 4983 1990 5047 Χριστοῦ’
2014 4976 2136 5029 ἀλλὰ

573 5071 695 5129 Θεὸς
716 5066 780 5122 ὢν
807 5068 908 5127 πρὸ
927 5070 1118 5121 αἰώνων
1142 5067 1168 5120 6
1194 5066 1355 5138 λόγος,
1386 5069 1468 5118 καὶ
1498 5072 1583 5122 τῆς
1609 5066 1766 5121 αὐτῆς
1795 5067 2009 5134 φῧσεως,
2030 5063 2136 5119 ἤτοι

574 5161 750 5221 οὑσίας
774 5159 1027 5233 ὑπάρχων
1053 5163 1124 5226 τῷ
1151 5158 1328 5228 πατρί,
1358 5157 1436 5207 καί
1459 5152 1758 5224 δημιουργὸς
1779 5150 2032 5214 ἁπάντων,
2055 5149 2133 5202 ἔπ’

575 5250 812 5317 ἐσχάτων
845 5255 942 5300 τῶν
970 5249 1162 5315 ἡμερῶν
1201 5244 1462 5317 ἀνθρώπου
1508 5238 1656 5310 φύσιν
1699 5237 1806 5293 καθ’
1852 5239 2134 5291 ὑπόστασιν

573 5340 765 5396 iacio-at;
794 5337 986 5405 έαυτῷ,
1025 5337 1214 5404 γέγονεν
1251 5329 1541 5405 ἅνθρωπος,
1589 5335 1654 5398 μή
1695 5323 1876 5386 ἐκστάς
1901 5333 1990 5381 τοῦ
2017 5323 2135 5380 εἶναι

578 5426 701 5486 Θεὸς
711 5465 722 5477 .

647 5515 821 5570 Ἔστιν
853 5511 939 5568 οῦν
960 5515 984 5566 ό
1014 5516 1225 5587 Χριστός
1253 5513 1342 5581 μία
1368 5510 1650 5570 ὑπόστασις
1670 5551 1681 5564 .
1711 5510 1820 5567 ἦτοι
1841 5509 2134 5580 πρόσωπον,

578 5615 660 5665 καί
688 5609 804 5679 ἔχει
829 5609 887 5662 τὸ
914 5606 1092 5660 τέλειον
1120 5607 1170 5657 ἐν
1205 5606 1368 5674 ἐαυτῷ
1405 5612 1494 5662 τῆς
1522 5622 1574 5657 τε
1619 5603 1748 5660 θείας
1783 5603 1871 5652 καί
1896 5600 2135 5652 ἀκτίστου

580 5704 777 5767 φύσεως
796 5740 810 5760 ,
849 5700 930 5752 καί
952 5697 1010 5752 τὸ
1035 5697 1214 5750 τέλειον
1248 5704 1340 5757 τῆς
1374 5695 1675 5768 ἀνθρωπίνης
1707 5693 1792 5744 καί
1818 5697 2020 5747 πιστῆς
2045 5689 2140 5759 φύ-

583 5812 730 5851 σει-ος.
758 5798 864 5851 Πῶς
885 5787 989 5855 οὖν,
1013 5795 1062 5846 ἐν
1138 5788 1227 5845 δύο
1248 5787 1420 5863 φὺσεις
1438 5789 1777 5861 γνωρίζονται,
1805 5781 2041 5843 οἴκτιστος
2062 5786 2144 5836 καί

587 5888 759 5944 metu}
777 5921 792 5949 ,
823 5881 905 5938 έπί
931 5884 1112 5937 τούτου
1140 5886 1258 5953 μίαν
1288 5881 1435 5953 φύσιν
1461 5879 1570 5938 ἤτοι
1591 5879 1760 5931 οὑσίαν
1787 5875 2013 5945 λέγεσθαι
2051 5871 2138 5928 δυο

2155 4293 2206 4351 D

2211 3005 2310 3060 lius
2331 3003 2531 3058 naturis
2553 3002 2764 3058 deitatis
2786 3009 2840 3056 et
2859 3000 3200 3056 humanitatis
3218 2998 3482 3055 Christum
3502 2996 3760 3058 dicentes,

2210 3095 2463 3150 debemus
2490 3108 2648 3148 unam
2679 3093 2844 3162 ipsius
2891 3091 3072 3146 dicere
3100 3099 3342 3144 naturam
3366 3106 3379 3141 :
3415 3085 3541 3141 illud
3569 3084 3635 3138 ad
3663 3097 3761 3137 eos

2212 3182 2469 3247 dicemus,
2512 3181 2657 3250 quod
2687 3181 2847 3236 homo
2876 3179 3088 3249 quidem
3137 3179 3262 3233 licet
3289 3191 3355 3232 ex
3391 3174 3610 3231 diversis
3637 3187 3760 3227 con-

2213 3278 2336 3335 stet,
2365 3269 2417 3325 id
2443 3276 2543 3336 est,
2575 3269 2749 3324 anima
2774 3276 2830 3324 et
2855 3283 3101 3338 corpore,
3123 3273 3300 3320 tamen
3327 3264 3447 3319 ideo
3473 3278 3574 3317 una
3604 3272 3761 3316 natu-

2213 3375 2276 3415 ra
2319 3359 2532 3426 dicitur,
2581 3359 2833 3428 quoniam
2877 3356 2944 3412 de
2992 3356 3233 3411 omnibus
3272 3351 3626 3409 subsistentiis
3651 3351 3763 3405 sive

2216 3449 2479 3521 personis,
2503 3464 2618 3516 qua:
2641 3447 2736 3502 sub
2765 3446 2952 3501 eadem
2972 3444 3151 3515 specie
3177 3442 3492 3503 referuntur,
3523 3451 3762 3493 commu-

2216 3543 2357 3597 niter
2385 3540 2716 3610 praedicatur.
2757 3537 2913 3592 Licet
2959 3537 3099 3592 enim
3128 3545 3454 3601 unaquaeque
3482 3527 3767 3583 subsisten-

2219 3633 2293 3686 tia
2313 3631 2424 3686 sive
2447 3644 2697 3700 persona,
2723 3628 2861 3682 sicut
2890 3624 3078 3679 Petrus
3105 3633 3159 3678 et
3187 3621 3401 3681 Paulus,
3430 3613 3767 3687 proprietati-

2220 3722 2320 3776 bus
2350 3735 2380 3774 a
2413 3735 2473 3774 se
2501 3717 2724 3772 invicem
2753 3722 3084 3785 separentur,
3121 3710 3212 3765 sed
3241 3718 3416 3764 tamen
3447 3721 3554 3760 non
3579 3712 3767 3758 natura

2219 3809 2560 3865 dividuntur:
2605 3807 2759 3861 ambo
2800 3805 2941 3861 enim
2987 3801 3266 3864 homines;
3316 3807 3371 3853 et
3415 3797 3624 3859 iterum,
3670 3807 3770 3848 nec

2222 3901 2397 3955 anima
2435 3899 2551 3953 sine
2577 3910 2820 3966 corpore,
2870 3908 2969 3949 nec
3004 3906 3196 3960 corpus
3241 3889 3355 3944 sine
3394 3885 3568 3940 anima
3609 3884 3772 3938 homo

2224 3997 2325 4053 est,
2356 3986 2453 4043 sed
2481 4002 2545 4042 ex
2575 4001 2641 4040 eo
2669 3984 2811 4054 quod
2841 3997 2946 4037 non
2975 3987 3110 4044 erat,
3139 3978 3205 4032 ad
3247 3977 3350 4031 hoc
3377 3972 3519 4044 quod
3557 3980 3656 4035 est,
3703 3985 3773 4024 ex

2224 4079 2399 4132 anima
2440 4086 2494 4132 et
2538 4090 2762 4144 corpore
2807 4079 3018 4127 creatus
3063 4077 3164 4124 est.
3206 4065 3545 4134 Unaquaeque
3593 4069 3772 4115 autem

2225 4175 2469 4223 creatura
2513 4167 2637 4220 licet
2663 4179 2729 4218 ex
2768 4160 2995 4216 diversis
3023 4163 3251 4220 constet,
3290 4153 3383 4210 sed
3407 4161 3583 4207 tamen
3610 4163 3774 4204 unam

2229 4257 2372 4311 illam
2393 4256 2591 4310 habere
2613 4253 2804 4308 dicitur
2822 4258 3084 4311 naturam,
3115 4244 3401 4302 secundum
3428 4255 3586 4311 quam
3607 4254 3638 4293 a
3665 4237 3775 4292 Deo

2227 4355 2404 4404 creata
2433 4351 2533 4399 est.
2571 4341 2810 4396 Christus
2838 4348 3014 4393 autem
3047 4352 3151 4390 non
3176 4336 3289 4390 sic:
3325 4347 3424 4387 nec
3455 4329 3594 4384 enim
3615 4340 3775 4381 unam

2230 4446 2470 4491 naturam
2496 4435 2608 4487 sive
2635 4429 2983 4486 substantiam
3012 4425 3293 4493 signiﬁcat,
3339 4435 3454 4490 qua:
3477 4417 3774 4474 communi-

2230 4535 2310 4580 ter
2333 4524 2398 4578 de
2424 4522 2661 4591 plurimis
2676 4516 3029 4574 subsistentiis
3050 4515 3161 4570 sive
3180 4511 3420 4582 personis
3439 4507 3776 4577 prtedicatur,

2229 4615 2366 4670 sicut
2386 4614 2565 4667 homo.
2605 4609 2662 4664 Si
2703 4610 2842 4663 enini
2870 4607 2973 4661 hoc
2993 4613 3154 4669 esset,
3184 4602 3335 4656 multi
3360 4599 3540 4655 christi
3570 4595 3777 4650 inveni-

2232 4712 2415 4760 rentur
2461 4701 2513 4755 in
2564 4696 2712 4772 [de]
2753 4697 2944 4767 quibus
2985 4691 3337 4747 communitas
3375 4687 3528 4742 unius
3576 4690 3779 4737 natum

2236 4790 2644 4862 praedicabitur;
2693 4785 2835 4855 quod
2865 4792 2920 4838 et
2948 4782 3126 4836 dicere
3164 4778 3383 4846 impium
3412 4783 3509 4829 est.
3551 4772 3655 4862 Sed
3686 4785 3780 4823 ne-

2234 4860 2337 4950 que
2367 4881 2433 4933 ab
2460 4878 2610 4932 initio
2639 4891 2706 4931 ex
2753 4874 2955 4928 deitate
2985 4879 3039 4923 et
3075 4867 3405 4923 humanitate
3450 4862 3586 4916 sicut
3617 4860 3778 4912 homo

2235 4945 2300 5022 ex
2331 4968 2503 5022 anima
2529 4974 2585 5019 et
2607 4977 2852 5032 corpore,
2884 4958 3126 5014 Christus
3151 4962 3363 5010 creatus
3385 4959 3482 5013 est,
3508 4957 3566 5002 ut
3593 4948 3693 5001 hoc
3711 4945 3782 4998 sit

2236 5068 2424 5111 natura
2466 5054 2660 5110 Christi
2695 5071 2708 5106 :
2751 5051 2844 5106 sed
2890 5065 3009 5104 cum
3056 5047 3194 5102 Deus
3236 5051 3379 5099 esset
3423 5049 3546 5094 ante
3591 5037 3782 5092 saecula

2241 5145 2491 5205 Verbum,
2539 5151 2597 5196 et
2643 5148 2786 5196 esset
2827 5137 3063 5207 ejusdem
3107 5144 3309 5187 natura;
3337 5131 3450 5183 sive
3477 5126 3782 5181 substantiae

2238 5247 2358 5286 cum
2401 5229 2581 5296 Patre,
2633 5236 2688 5282 et
2730 5235 2942 5281 creator
2987 5223 3244 5284 omnium,
3296 5220 3348 5272 in
3378 5217 3574 5269 ultimis
3600 5214 3785 5268 diebus

2240 5319 2467 5374 hominis
2485 5327 2724 5371 naturam
2747 5313 3032 5370 secundum
3050 5311 3442 5366 subsistentiam
3457 5306 3556 5361 sibi
3579 5305 3785 5368 uniens,

2240 5409 2410 5463 factus
2437 5416 2517 5461 est
2543 5406 2705 5460 homo
2734 5419 2953 5458 manens
2979 5403 3134 5455 Deus.

2313 5507 2407 5563 Est
2432 5505 2590 5572 igitur
2617 5502 2856 5558 Christus
2881 5515 2980 5553 una
3013 5496 3371 5558 subsistentia,
3399 5494 3511 5548 sive
3537 5504 3786 5561 persona,

2238 5606 2294 5652 et
2319 5596 2478 5650 habet
2507 5594 2557 5647 in
2581 5591 2865 5660 semetipso
2890 5588 3266 5658 perfectionem
3292 5584 3479 5637 divina,
3503 5591 3556 5635 et
3586 5582 3790 5634 increa-

2242 5689 2362 5741 biiis
2386 5696 2607 5751 naturm,
2638 5692 2692 5737 et
2733 5680 3110 5750 perfectionem
3157 5677 3398 5730 humanae
3447 5685 3500 5727 et
3546 5671 3792 5726 creahilis

2245 5785 2462 5831 natum.
2495 5772 2773 5839 Quomodo
2798 5770 2971 5837 igitur,
3006 5768 3056 5820 in
3081 5782 3187 5835 quo
3215 5766 3330 5819 dum
3366 5774 3566 5818 naturae
3593 5774 3792 5829 cogno-

2242 5875 2479 5931 scuntur,
2506 5862 2821 5923 increahilis,
2853 5866 2906 5911 et
2935 5857 3196 5920 creabilis,
3240 5856 3290 5908 in
3337 5869 3402 5908 eo
3433 5867 3590 5907 unam
3638 5859 3791 5904 natu-
