4088 6526
377 448 511 514 1005

1397 471 1627 533 LIBER
1665 477 2060 542 ADVERSUS
2097 482 2517 549 ORIGENEM.

3439 499 3572 565 1006

372 577 537 633 νατόνς
586 579 638 628 Εἰ
680 580 779 651 γάρ
821 586 905 636 καί
950 587 1040 651 μία
1085 582 1365 645 ὑπόστασις
1418 589 1532 644 ἦτοι
1577 590 1850 664 πρόσωπον
1898 624 1899 635 ι

2026 608 2137 647 ram
2165 597 2277 651 sive
2299 600 2647 655 substantiam
2673 605 2774 660 dici
2814 600 3209 676 possibile‘est?
3255 615 3402 673 Licet
3430 635 3571 675 enim

370 664 601 731 Χριστός.
629 668 732 720 ἀλλ’
757 669 1019 737 όμοοὺσιος
1046 681 1117 744 τῷ
1156 680 1311 749 πατρὶ
1337 685 1445 746 Θεῷ
1470 716 1486 739 ,
1534 682 1615 731 καί
1657 679 1923 747 όμοοὺσιος

366 750 488 815 ἡμῖν
514 751 539 803 6
558 754 728 817 αὑτός,
760 759 813 808 οὑ
834 764 931 825 μήν
951 761 1074 813 κατά
1100 763 1218 829 μίαν
1240 766 1321 816 καί
1338 770 1427 822 τήν
1451 766 1601 823 αὑτήν
1624 769 1790 837 φύσιν,
1812 769 1922 827 ἤτοι

364 838 540 890 οὐσίαν
558 854 572 867 ⁸
603 844 644 893 εἰ
672 841 725 895 δὲ
748 848 837 914 μία
858 849 1006 914 φύσις
1046 849 1156 906 ἤτοι
1188 853 1334 905 οὐσία
1361 850 1418 910 ἦν
1443 857 1680 926 Χριστὸς,
1706 855 1737 914 ἦ
1766 854 1925 933 ἄσαρ-

363 941 450 981 κος
476 922 543 978 ὢν
561 927 695 1000 μόνῳ
721 938 792 1001 τῷ
812 940 918 1002 Θεῷ
946 938 1029 988 καί
1055 935 1230 1011 [πατρί
1259 938 1319 993 L.
1353 942 1428 992 sic
1465 942 1566 1009 leg.
1598 945 1647 996 in
1668 945 1922 1001 chronica

363 1012 542 1084 Alt-L]
564 1019 808 1087 πνεύματί
846 1025 979 1079 ἔστιν
1014 1026 1307 1095 ὁμοούσιος,
1347 1030 1515 1089 ἐπειδή
1552 1035 1644 1102 μία
1682 1044 1775 1095 τῆς
1809 1039 1922 1091 θεό-

361 1122 509 1163 τητος
554 1108 728 1168 οὐσία.
776 1112 887 1169 ἦτοι
926 1118 1103 1187 φύσις-⁸
1151 1120 1180 1178 ἧ
1228 1120 1368 1190 ψιλὸς
1411 1121 1477 1176 ὧν
1518 1122 1804 1198 ἅνθρωπος,
1829 1130 1923 1197 μό-

358 1209 459 1249 νοις
496 1195 613 1260 ἡμῖν
651 1199 786 1251 ἐστιν
831 1200 1125 1272 ὁμοοὺσιος,
1176 1208 1347 1267 ἔπειδὴ
1376 1214 1468 1282 μία
1517 1214 1669 1279 φύσις
1700 1225 1790 1276 τῆς
1835 1220 1921 1271 ἀν·

358 1280 691 1351 θρωπὸτητος·
728 1288 757 1345 ἦ
781 1302 1036 1361 τραπεῖσα
1073 1297 1283 1370 ἑκατέρα
1305 1302 1453 1371 φύσις
1478 1302 1742 1375 ἔτεροφυής
1762 1307 1914 1361 ἔστιν.

356 1372 642 1427 ’Δπετίλεσε
665 1381 805 1451 παρὰ
832 1382 923 1441 τὰς
946 1385 1294 1453 συνελθούσας,
1335 1393 1416 1444 sui
1458 1390 1568 1446 κατ’
1596 1396 1776 1454 αὐτοὺς
1803 1394 1916 1450 οὔτε

359 1461 479 1518 Θεὸς
529 1460 745 1530 ἔμεινεν,
788 1468 903 1525 οὔτε
946 1470 1199 1547 ἄνθρωπος
1232 1481 1428 1550 γέγονεν
1472 1482 1497 1535 6
1536 1483 1785 1557 Χριστός’
1834 1492 1917 1540 καί

356 1544 438 1598 διὰ
478 1557 626 1604 τοῦτο
678 1552 794 1609 οὔτε
833 1567 906 1629 τῷ
962 1567 1149 1636 πατρὶ,
1191 1565 1305 1621 οὔτε
1354 1572 1468 1635 ἡμῖν
1520 1573 1657 1627 ἔστιν
1703 1574 1729 1627 6
1769 1576 1917 1637 αὑτὸς

356 1633 637 1703 ὁμοοῦσιος.
668 1646 735 1697 T6
763 1644 813 1699 δὲ
855 1648 987 1703 οὕτω
1012 1663 1204 1726 φρονεῖν
1229 1659 1401 1717 πάσης
1435 1661 1757 1734 πεπλήρωται
1795 1666 1915 1719 άσεο

358 1729 513 1790 ϐεἰας.
545 1739 633 1789 Καὶ
661 1746 825 1794 ταῦτα
868 1742 1070 1815 λέγομεν
1095 1751 1180 1802 οὑκ
1220 1753 1536 1822 ἀγνοοῦντες,
1568 1755 1643 1811 ὅτι
1681 1763 1762 1813 καί
1786 1782 1915 1822 τινες

352 1826 451 1873 τῶν
476 1822 626 1893 ἁγίων
660 1831 888 1904 πατέρων
926 1842 998 1903 τῷ
1036 1843 1126 1891 τοῦ
1171 1840 1427 1915 ἀνθρώπου
1468 1844 1801 1917 ὑποδείγματι
1833 1851 1913 1904 ἐπὶ

353 1914 444 1961 τοῦ
489 1916 615 1968 κατά
656 1921 869 1992 Χριστὸν
908 1930 1188 1999 μυστηρίου
1231 1930 1540 2005 ἔχρησαντο⁶
1589 1914 1689 1989 άλλζ
1737 1941 1908 1995 ἐκεῖνοι

353 2003 460 2068 μὲν,
490 2004 572 2056 ἵνα
598 2003 839 2071 δείξωσιν.
867 2012 943 2068 ὅτι
963 2015 1188 2094 καθάπερ
1216 2020 1241 2073 6
1264 2003 1523 2095 ἄνθρωπος
1550 2027 1602 2079 ἔκ
1620 2028 1800 2100 ψυχῆς
1826 2038 1907 2087 καί

352 2094 589 2161 σώματος
616 2094 685 2156 εἷς
711 2101 1018 2159 ἀποτελεῖται
1035 2144 1049 2169 ,
1078 2111 1160 2161 καί
1199 2111 1321 2179 οὑχί
1347 2111 1436 2165 δύο
1477 2111 1747 2189 ἅνθρωποι,
1776 2121 1907 2175 οὕτω

350 2181 482 2233 καὶὸ
518 2187 733 2255 Χριστὸς
768 2190 819 2241 ἐκ
857 2191 1084 2252 Θεότητος
1124 2199 1205 2249 καὶ
1244 2200 1622 2269 ἁνθρωπὸτητος
1658 2211 1907 2269 συντεθεὶς

351 2264 421 2325 εἷς
448 2271 582 2330 ἐστι,
614 2276 696 2326 καὶ
737 2276 825 2327 οὑκ
856 2278 925 2335 είς
952 2276 1042 2331 δύο
1067 2288 1316 2353 Χριστοὺς
1334 2327 1345 2344 .
1378 2287 1407 2345 ἢ
1436 2287 1526 2343 δύο
1552 2292 1690 2353 υίοὺς
1716 2300 1905 2371 μερίζε-

506 2367 526 2371 -
545 2353 566 2371 τ
676 2359 721 2371 ..-
967 2368 977 2371 -
1024 2369 1032 2371 -

1716 2353 1725 2364 ,
1779 2353 1788 2371 ,
1841 2353 1855 2359 -

349 2375 453 2408 ται.
496 2353 643 2414 Οὗτοι
672 2359 723 2414 δέ
750 2371 821 2431 τῷ
848 2373 933 2418 τοῦ
956 2368 1215 2443 ἀνθρώπου
1254 2374 1588 2448 ὑποδείγματι
1616 2384 1903 2457 κέχρηνται,

347 2441 427 2496 ἵνα
453 2449 570 2515 μίαν
609 2451 755 2517 φύσιν
795 2453 902 2510 ἤτοι
928 2457 1102 2512 οὐσίαν
1141 2462 1365 2523 θεότητος
1410 2472 1494 2521 ναὶ
1528 2471 1907 2547 άνθρωπὸτητος

351 2538 440 2584 τοῦ
461 2543 682 2606 Χριστοῦ
705 2539 1001 2613 εἰσάγωσιν,
1026 2544 1149 2620 ὅπερ
1170 2552 1491 2625 ἀπεδείξαμεν
1514 2561 1763 2636 ἀλλότριον
1785 2562 1908 2619 εἶναι

350 2628 440 2682 τῆς
463 2625 734 2688 εὐσεϐείας.
759 2628 899 2685 Ἀλλά
921 2632 1005 2689 διά
1026 2644 1175 2693 τοῦτο
1202 2640 1538 2714 ἐλεγχόμενοι,
1566 2653 1633 2709 ὡς
1658 2625 1799 2726 παρὰ
1818 2661 1906 2713 τήν

350 2710 494 2779 ὀρθήν
516 2720 613 2766 τῶν
642 2718 871 2789 πατέρων
908 2721 1228 2782 διδασκαλίαν
1268 2732 1666 2794 ἀναπλάττουσιν
1706 2744 1757 2796 ἰν
1790 2744 1907 2798 ἰαυ-

347 2806 454 2855 τοῖς
626 2807 799 2875 φύσιν,
842 2808 949 2865 ἤτοι
994 2814 1169 2870 οὑσίαν
1205 2819 1433 2882 θεότητος
1476 2830 1557 2879 καί
1581 2831 1792 2905 σαρκὸς,
1834 2832 1903 2905 ἐφ’

349 2891 496 2965 ἕτερα
540 2897 899 2965 μεταϐαίνουσι
924 2903 1175 2975 λέγοντες,
1217 2917 1286 2981 μή
1330 2911 1435 2967 δεῖν
1473 2891 1674 2987 ἀριθμὸν
1712 2891 1903 2993 φνὶσιων

2021 697 2122 735 una
2151 685 2487 742 subsistentia
2513 690 2627 745 sive
2653 706 2876 760 persona
2909 697 3152 757 Christus
3193 704 3283 769 sit,
3323 705 3417 760 sed
3441 723 3575 763 con-

2019 770 2378 827 substantialis
2422 774 2533 830 Deo
2586 775 2759 845 Patri,
2802 791 2856 836 et
2900 788 3363 847 consubstantialis
3419 798 3573 855 nobis

2020 856 2161 910 idem
2189 858 2302 927 ipse
2328 870 2430 928 est,
2456 878 2564 917 non
2587 873 2763 922 tamen
2806 874 3090 927 secundum
3119 893 3276 932 unam
3301 883 3573 940 eamdem-

2018 960 2122 1013 que
2150 957 2411 1016 naturam,
2439 968 2531 1007 seu
2568 957 2932 1014 substantiam.
2979 963 3070 1017 Sin
3116 974 3291 1023 autem
3336 987 3438 1026 una
3473 991 3570 1029 na-

2021 1042 2136 1088 tura
2177 1037 2287 1091 sive
2330 1044 2623 1096 substantia
2652 1054 2792 1100 esset
2829 1047 3088 1115 Christus,
3118 1065 3211 1109 aut
3253 1059 3368 1113 sine
3411 1077 3571 1119 carne

2017 1133 2121 1189 est,
2150 1134 2204 1179 et
2223 1128 2322 1181 soli
2342 1129 2452 1184 Deo
2480 1130 2622 1187 Patri
2648 1134 2726 1206 [et
2751 1135 2969 1205 Spiritui
3006 1141 3195 1215 Grca]
3222 1152 3575 1209 consubstan-

2019 1213 2175 1277 tialis,
2212 1220 2462 1284 quoniam
2499 1238 2603 1276 una
2632 1224 2844 1282 deitatis
2882 1213 3190 1290 substantia
3218 1239 3330 1295 sive
3381 1252 3567 1300 natura

2017 1309 2098 1355 est
2122 1320 2134 1353 :
2166 1315 2259 1357 aut
2287 1319 2452 1373 purus
2470 1309 2632 1366 homo
2660 1316 2914 1383 existens,
2946 1322 3099 1377 nobis
3128 1334 3210 1379 est
3235 1329 3405 1386 solum
3439 1350 3570 1389 con-

2015 1392 2394 1461 substantialis,
2426 1403 2675 1467 quoniam
2706 1421 2807 1458 una
2847 1416 3035 1464 natura
3070 1413 3408 1476 humanitatis
3435 1433 3520 1479 est
3547 1442 3565 1480 :

2017 1489 2109 1532 aut
2136 1482 2410 1540 immutata
2457 1498 2679 1559 utraque
2707 1504 2893 1551 natura
2932 1499 3153 1556 alteram
3198 1506 3372 1563 eﬁ‘ecit
3414 1522 3566 1569 natu-

2015 1585 2148 1634 ram,
2178 1584 2371 1641 praeter
2398 1592 2490 1634 eas
2515 1595 2633 1649 qua:
2660 1598 3039 1653 convenerunt,
3061 1600 3116 1646 et
3134 1599 3424 1655 secundum
3448 1602 3566 1659 illos

2014 1676 2186 1728 neque
2216 1664 2356 1721 Deus
2378 1672 2591 1736 mansit,
2622 1687 2792 1741 neque
2820 1674 2981 1732 homo
3010 1677 3178 1736 factus
3196 1695 3278 1739 est
3302 1686 3562 1758 Christus,

2014 1756 2067 1800 et
2096 1749 2213 1804 ideo
2237 1767 2408 1820 neque
2434 1754 2594 1819 Patri,
2641 1774 2812 1828 neque
2848 1764 3003 1821 nobis
3035 1767 3171 1822 idem
3202 1771 3314 1840 ipse
3337 1749 3565 1833 consub;

2012 1840 2274 1895 stantialis
2317 1850 2417 1895 est.
2466 1843 2554 1900 Sic
2597 1857 2776 1902 autem
2822 1866 3010 1920 sapere
3050 1858 3193 1911 omni
3242 1863 3450 1927 plenum
3481 1876 3563 1921 est

1939 1926 1985 1983 B
2014 1925 2303 1995 impietate.
2336 1929 2402 1984 Et
2430 1932 2527 1986 ista
2571 1934 2813 2003 dicimus,
2842 1956 2949 1995 non
2978 1925 3283 2010 ignorantes
3326 1954 3467 2019 quod
3507 1964 3563 2010 et

2008 2013 2220 2081 quidam
2269 2027 2570 2074 sanctorum
2636 2022 2850 2079 Patrum
2910 2027 3140 2088 hominis
3201 2040 3445 2108 exemplo
3504 2043 3558 2097 in

2008 2107 2258 2174 mysterio
2283 2107 2477 2164 Christi
2510 2113 2589 2165 usi
2615 2122 2738 2167 sunt
2766 2117 2815 2167 ίτ
2848 2118 2940 2171 sed
2967 2120 3038 2173 illi
3060 2123 3273 2190 quidem
3304 2107 3561 2186 utosten-

2006 2195 2211 2263 derent,
2240 2201 2381 2267 quod
2429 2203 2564 2257 sicut
2592 2205 2751 2260 homo
2780 2223 2848 2263 ex
2874 2210 3048 2265 anima
3076 2222 3132 2267 et
3173 2230 3396 2286 corpore
3424 2238 3558 2279 unus

2007 2285 2253 2354 efﬁcitur,
2297 2299 2351 2344 et
2398 2308 2503 2346 non
2539 2295 2644 2349 duo
2673 2297 2935 2365 homines,
2992 2305 3068 2358 sic
3115 2316 3169 2360 et
3213 2285 3452 2370 Christus
3492 2332 3555 2369 ex

2006 2376 2204 2431 deitate
2227 2386 2280 2432 et
2302 2380 2626 2439 humanitate
2653 2391 2996 2457 compositus,
3028 2410 3161 2450 unus
3201 2408 3296 2465 est,
3349 2418 3453 2460 non
3504 2407 3557 2461 in

2004 2463 2137 2520 duos
2164 2466 2388 2525 christos
2414 2471 2494 2526 vel
2518 2474 2567 2527 in
2600 2477 2733 2534 duos
2760 2480 2895 2535 ﬁlios
2921 2483 3246 2543 dividendus.
3269 2463 3357 2547 l'sti
3381 2504 3556 2551 autem

2006 2554 2233 2611 hominis
2268 2562 2514 2629 exemplo
2556 2572 2793 2629 utuntur,
2850 2577 2909 2622 ut
2948 2588 3105 2627 unam
3152 2586 3390 2635 naturam
3444 2586 3558 2639 sive

2004 2644 2350 2702 substantiam
2380 2650 2591 2707 deitatis
2617 2663 2672 2708 et
2708 2656 3050 2717 humanitatis
3085 2662 3279 2721 Christi
3319 2670 3555 2727 introdu-
3644 2730 3645 2733 η

2003 2742 2164 2787 cant:
2196 2738 2337 2805 quod
2365 2738 2843 2802 demonstravimus
2883 2749 3113 2806 alienum
3160 2770 3278 2811 esse
3322 2760 3550 2828 pietatis.

2002 2819 2106 2875 Sed
2128 2838 2246 2876 cum
2270 2840 2365 2893 per
2390 2827 2505 2882 hinc
2541 2834 2943 2901 convincuntur,
2972 2842 3114 2907 quod
3145 2819 3337 2911 prater
3355 2862 3552 2906 rectam

2001 2918 2215 2974 Patrum
2240 2921 2535 2979 doctrinam
2557 2927 2655 2982 sibi
2678 2929 2983 3001 conﬁngunt
3010 2952 3167 2991 unam
3197 2949 3437 2998 naturam
3457 2962 3552 3003 seu

351 2980 435 3032 ἐπὶ
454 2991 672 3055 Χριστοῦ
695 2987 871 3057 λίγεν,
895 2995 961 3054 ὡς
986 3002 1075 3047 τοῦ
1098 2999 1307 3071 ἀριθμοῦ
1336 3002 1578 3078 διαίρεσιν
1604 3013 1899 3083 εἰσάγοντος.

351 3064 472 3095 ηρι
502 3091 531 3095 _
684 3079 693 3091 .
824 3076 845 3093 ο
944 3080 957 3095 .
1015 3086 1027 3095 .
1095 3087 1113 3095 -
1166 3091 1173 3095 .
1260 3088 1279 3095 -

2568 2980 2573 2981 γ
2618 2980 2655 2982 π
2686 2980 2983 3001 ---νην-η-
3012 2980 3167 2991 .........
3197 2980 3436 2998 .............
3457 2980 3552 3003 ,συ

1998 3008 2348 3063 substantiam
2375 3012 2587 3069 deitatis
2615 3024 2671 3071 et
2700 3021 2892 3085 carnis,
2925 3023 2989 3076 ad
3018 3025 3119 3079 alia
3153 3036 3443 3095 transeunt,
3471 3036 3555 3090 di-

1130 3064 1139 3071 .
1211 3064 1220 3068 -
1437 3064 1448 3078 ο
1717 3064 1733 3083 σ
1754 3064 1763 3065 ί
1807 3064 1898 3074 *⁷⁷⁷

346 3064 590 3124 ἰστωσαν
617 3079 779 3128 τοίνυν
816 3076 893 3132 ὅτι
936 3080 962 3134 6
1003 3086 1210 3156 ἀριθμός
1252 3088 1368 3145 ὅταν
1407 3098 1497 3164 μὲν
1537 3099 1620 3151 ἐπὶ
1657 3098 1899 3176 διαφόρων

351 3177 380 3180 _
402 3179 406 3180 ν
427 3178 436 3180 Α
499 3163 508 3177 ⁸
697 3163 714 3180 ⁸
759 3168 768 3180 '
932 3171 941 3180 ‘
1115 3175 1125 3180 ⁸
1160 3177 1168 3180 λ

2384 3064 2387 3065 ν
2420 3064 2581 3069 ΠΜ---
2618 3064 2670 3071 --
2704 3064 2780 3072 ν...
2796 3064 2892 3085 ...η
2925 3064 2989 3076 -υ
3018 3064 3119 3079 -ιη-
3153 3064 3443 3095 ιιαιιοευηι,
3471 3064 3551 3090 Iu-

1998 3106 2181 3151 centes
2203 3116 2308 3155 non
2339 3111 2590 3171 oportere
2618 3122 2893 3164 numerum
2922 3120 3227 3171 naturarum
3257 3120 3310 3174 in
3339 3122 3551 3180 Christo

345 3163 659 3231 προσώπων,
688 3163 718 3223 ἦ
746 3168 1079 3225 ὑποστάσεων
1115 3175 1337 3246 λέγεται,
1366 3189 1466 3237 τῶν
1492 3191 1795 3260 πραγμάτων
1820 3194 1899 3245 αὑ-

1998 3185 2197 3255 dicere,
2250 3197 2308 3243 ut
2356 3200 2482 3260 pote
2530 3209 2749 3249 numero
2796 3198 3107 3257 divisionem
3163 3206 3546 3268 introdueente.

346 3254 442 3297 τῶν
466 3253 556 3306 τήν
596 3253 686 3306 ἀνά
726 3257 876 3330 μέρος
918 3256 1033 3329 ἔχει
1078 3261 1345 3341 διαίρεσιν,
1394 3267 1493 3325 οἷον
1533 3276 1599 3334 ὡς
1633 3280 1717 3331 ἐπὶ
1754 3278 1896 3339 διίοῆ

346 3336 574 3369 ,Ἰηλυηυ
605 3344 797 3369 LMllin
886 3365 899 3369 _
948 3349 966 3364 α
1098 3353 1142 3369 θ.
1189 3358 1201 3369 .
1254 3361 1263 3369 .
1306 3361 1317 3369 .
1440 3364 1451 3369 -

1998 3253 2189 3328 Sciant
2208 3253 2384 3344 igitur,
2408 3279 2549 3348 quod
2574 3296 2826 3338 numerus
2861 3291 3073 3357 quando
3101 3293 3153 3345 in
3184 3295 3406 3354 diversis
3430 3316 3553 3369 per-

345 3336 574 3392 πλειόνων
600 3344 866 3421 ἀνθρώπων
886 3365 899 3379 ’
939 3349 1055 3406 ὅταν
1092 3353 1145 3408 δέ
1179 3336 1265 3411 ﬁni
1291 3361 1542 3431 ἠνωμένων
1567 3372 1893 3441 πραγμάτων,

344 3435 611 3484 τηνικαῦτα
648 3435 781 3503 μόνῳ
826 3436 953 3510 λόγῳ
992 3446 1078 3495 καί
1122 3446 1331 3521 θεωρίᾳ,
1371 3454 1428 3503 οὑ
1469 3453 1564 3522 μῆν
1604 3460 1764 3512 αὐτῶν
1801 3470 1898 3515 τῶν

343 3520 651 3588 πραγμάτων
675 3521 706 3575 ἒ
708 3545 795 3591 χει
819 3535 906 3584 τήν
929 3528 1181 3606 διαίρεσιν.
1206 3535 1303 3591 οἷον
1327 3542 1409 3594 ἐπὶ
1431 3550 1549 3610 μιᾶς
1569 3548 1896 3612 ὑποστάσεως

340 3604 600 3678 ἀνθρώπου
636 3611 688 3664 ίκ
712 3613 891 3682 ψυχῆς
934 3604 1274 3691 καὶήσὼματος
1304 3636 1653 3694 συνεστώσης·
1685 3635 1773 3691 δύο
1797 3636 1894 3715 γάρ

342 3697 423 3744 καί
453 3697 661 3751 ἐνταῦθα
681 3701 852 3768 φύσεις
897 3707 1221 3781 Θεωροῦνται,
1264 3717 1410 3791 ἔτερα
1448 3727 1535 3789 μέν
1572 3733 1660 3787 τῆς
1683 3697 1890 3800 ψυχῆς..

339 3787 420 3834 καὶ
448 3785 593 3857 ἔτερα
620 3797 708 3843 τοῦ
747 3796 998 3862 σώματος’
1030 3805 1113 3853 καὶ
1153 3803 1289 3872 ὅμως
1315 3811 1373 3860 οὑ
1408 3810 1489 3865 διά
1526 3823 1674 3870 τοῦτο
1701 3822 1768 3879 είς
1803 3820 1893 3874 δύο

338 3872 630 3945 ἀντ’ρὼπους
660 3877 946 3953 διαιρεῖται,
978 3888 1079 3940 ἀλλ’
1105 3890 1191 3944 ἕνα
1211 3892 1352 3963 ἴσμεν
1375 3900 1461 3951 τὸν
1485 3897 1771 3976 ἄνθρωπον,
1812 3912 1892 3962 καί

336 3962 453 4026 μίαν
482 3964 629 4017 αὑτοῦ
673 3973 761 4024 τήν
795 3972 1100 4030 ὑπόστασιν.
1143 3984 1233 4034 Καὶ
1275 3985 1356 4036 ἐπὶ
1397 3994 1485 4040 τοῦ
1515 3993 1642 4044 κατὰ
1681 4003 1892 4067 Χριστόν

335 4052 496 4098 τοίνυν
519 4056 794 4126 μυστηρίου
819 4066 908 4117 τῆς
936 4062 1155 4125 ἔνώσεως
1181 4074 1461 4142 γενομένης,
1493 4082 1537 4130 εί
1564 4085 1647 4133 καὶ
1684 4080 1891 4161 διάφορα

335 4137 403 4161 a-
467 4146 539 4161 ,κ
676 4146 685 4161 ε
734 4146 745 4161 ⁸
820 4150 866 4161 ιιι
1034 4155 1120 4161 ““
1191 4156 1209 4161 ‘

1187 4137 1196 4139 _
1294 4137 1303 4142 .
1451 4137 1455 4138 ν
1768 4137 1781 4155 Ι
1805 4137 1844 4161 7‘7
1859 4137 1889 4140 '—

333 4137 591 4210 θεωρεῖται
630 4146 693 4197 τά
725 4146 991 4215 ἐνωθέντα,
1020 4155 1121 4208 ἀλλ’
1161 4156 1244 4212 οὖν
1288 4166 1343 4215 οὑ
1370 4182 1762 4240 πραγματικῶς,
1806 4183 1890 4233 καὶ

336 4225 429 4277 ἀνά
458 4228 605 4298 μέρος
634 4232 848 4290 ἀλλήλων
883 4236 1163 4299 διίστανται
1189 4252 1252 4302 τά
1291 4253 1340 4315 ἐξ
1380 4252 1444 4307 ὧν
1482 4256 1509 4310 6
1547 4258 1713 4334 κύριος
1754 4267 1889 4333 ἡμῶν

336 4310 362 4334 ι,
469 4320 487 4330 .
554 4328 591 4334 _.
721 4325 731 4334 .
975 4333 978 4334 ν

1323 4310 1336 4315 -
1568 4310 1571 4311 ν
1605 4310 1706 4334 Γπ·
1756 4310 1885 4333 *τι-*⁷

332 4310 518 4374 Ἰησοῦς
554 4325 767 4392 Χριστὸς
810 4333 1064 4388 συνετέθη·
1096 4342 1185 4393 την
1210 4342 1298 4409 μίν
1339 4364 1417 4396 τοι
1458 4344 1697 4422 διαφοράν
1732 4375 1885 4410 κατα-

330 4407 573 4469 νοοῦντες,
599 4412 682 4462 καί
701 4415 885 4471 ταύτην
904 4426 1125 4489 σημᾶναι
1144 4426 1447 4499 βουλόμενοι,
1466 4440 1546 4490 τὸν
1566 4441 1768 4513 ἀριθμὸν
1788 4466 1885 4500 πα-

342 4508 359 4513 -
374 4511 383 4513 -
400 4492 419 4513 κ
506 4495 533 4513 ιο
548 4497 557 4511 σ
826 4506 835 4513 ·
862 4504 884 4513 ⁸
905 4508 913 4513 -
1012 4511 1019 4513 Α

331 4492 727 4567 ραλαμϐάνομιν,
755 4506 836 4555 καί
857 4504 946 4559 δύο
966 4511 1055 4569 τὰς
1077 4512 1124 4565 ἐν
1144 4492 1350 4589 illata-rt;
1369 4525 1539 4592 φύσεις
1565 4492 1880 4603 είναίφαμιν,

329 4583 412 4633 καί
439 4586 494 4634 οὑ
518 4584 597 4639 διά
632 4597 782 4644 τοῦτο
807 4593 831 4645 ό
858 4593 928 4655 εἷς
949 4605 1167 4672 Χριστὸς
1204 4612 1273 4665 εἰς
1298 4608 1387 4663 δύο
1426 4621 1674 4687 Χριστοὺς

328 4672 467 4733 υῖοὺς
495 4673 779 4751 διαιρεῖται’
826 4690 902 4739 καὶ
944 4702 1203 4764 μαρτυρεῖ
1227 4707 1329 4757 τοῖς
1360 4703 1481 4774 παρ’
1510 4707 1644 4774 ἡμῶν
1684 4714 1881 4782 ε’ρημέ-

326 4782 423 4822 νοις
446 4763 471 4816 6
493 4766 539 4817 ἐν
566 4768 722 4837 ἁγίοις
746 4763 1026 4851 Γρηγόριοςῗ
1048 4782 1073 4834 6
1099 4787 1333 4857 Θεολόγος
1358 4793 1407 4843 ὲν
1433 4763 1511 4864 τῷ
1539 4763 1663 4870 πρὸς
1692 4763 1881 4861 K3666-

325 4870 424 4905 νιον
443 4858 625 4928 πρώτῳ
644 4860 770 4932 λόγῳ
784 4869 983 4938 γράφων
1003 4871 1180 4933 οὕτως·
1211 4893 1229 4925 t
1248 4877 1390 4939 Εἵτις
1412 4885 1514 4937 εἰσι
1524 4907 1597 4954 γει
1612 4888 1702 4943 δὺο
1716 4894 1878 4958 υἱοὺς,

324 4941 410 4996 ἕνα
432 4949 520 5016 μέν
548 4950 632 5001 τὸν
660 4954 713 5005 ἐκ
741 4962 828 5009 τοῦ
857 4966 978 5011 Θεοῦ
1008 4966 1093 5015 καί
1120 4967 1343 5038 πατρὸς,
1373 4941 1604 5047 δεύτερον
1630 4978 1683 5033 δέ
1713 4984 1764 5036 ίκ
1790 4941 1880 5044 τῆς

323 5035 531 5106 μητρὸς,
561 5038 661 5090 ἀλλ’
682 5044 804 5112 οὑχί
831 5047 916 5099 ἕνα
947 5054 1032 5102 καὶ
1057 5054 1138 5105 τὸν
1166 5057 1332 5123 αὑτὸν,
1358 5070 1445 5120 τῆς
1468 5066 1713 5128 υἱοθεσίας
1736 5074 1879 5127 ἐκπί-

326 5143 403 5175 σοι
432 5134 521 5185 τῆς
560 5130 918 5202 ἐπηγγελμένης
937 5149 1045 5201 τοῖς
1073 5146 1226 5216 ὀρθῶς
1250 5156 1568 5209 πιστεύουσι.
1600 5159 1773 5222 θύσεις
1792 5170 1882 5234 μίν

326 5210 500 5234 »μοι
585 5227 612 5234 η
655 5221 664 5234 ο
799 5220 918 5234 -ν-

320 5211 416 5283 γὰρ
442 5210 553 5275 δύο,
580 5221 699 5277 Θεὸς
729 5226 810 5276 καί
836 5210 1113 5299 ἄνθρωπος,
1150 5235 1258 5288 ἐπεὶ
1294 5243 1373 5292 καὶ
1400 5240 1551 5311 ψυχή
1588 5252 1668 5301 καί
1697 5210 1874 5322 σῶμ-α’

322 5300 647 5322 μίμου-δι
765 5310 958 5322 ιτλ-
1081 5320 1092 5322 “

1411 5300 1422 5311 ι
1477 5300 1517 5311 ιν
1537 5300 1547 5303 '
1641 5300 1665 5301 η
1701 5300 1719 5304 “
1737 5300 1846 5322 ”Γ””

321 5300 418 5351 υίοὲ
445 5300 495 5353 δέ
518 5306 572 5356 οὑ
594 5305 703 5370 δύο,
726 5310 837 5365 οὑδε
863 5317 976 5367 θεοί.
1003 5320 1125 5373 Οὑδὶ
1144 5326 1237 5397 γάρ
1258 5328 1467 5384 ἐνταῦθα
1489 5332 1579 5388 δύο
1603 5334 1871 5413 ἄνθρωποι*

326 5392 365 5413 ,9
394 5412 397 5413 ,
430 5412 433 5413 ν
460 5395 469 5412 ν
542 5394 564 5411 ’ν
717 5400 729 5413 ·
770 5412 775 5413 γ
842 5404 882 5413 -“
1026 5409 1033 5413 “
1092 5410 1100 5413 “

1207 5392 1217 5397 -
1690 5392 1700 5413 Ι
1736 5392 1852 5397 νγ-Ῠνν

321 5392 365 5441 εί
390 5395 471 5444 καί
509 5394 667 5455 οὕτως
710 5400 733 5452 6
766 5404 947 5465 Παῦλος
986 5409 1042 5461 τό
1081 5410 1214 5471 ἐντὸς
1243 5424 1331 5468 τοῦ
1370 5421 1665 5495 ἀνθρώπου,
1695 5434 1779 5484 καί
1816 5436 1873 5487 τὸ

1458 5479 1469 5495 Ι
1652 5479 1664 5491 1
1699 5479 1778 5484 γγνυν
1825 5479 1872 5487 '-

320 5479 464 5539 ἒκτ’ς
503 5490 900 5562 προσηγόρευσε·
932 5500 1012 5548 καί
1041 5502 1084 5550 εἰ
1128 5499 1207 5555 δεῖ
1241 5510 1497 5577 συντόμως
1538 5518 1722 5583 εἰπεῖν,
1763 5519 1878 5577 ἄλλο

364 5567 380 5583 ι
497 5572 507 5583 ι
538 5568 605 5583 ιιι
712 5577 722 5583 ·
755 5579 803 5583 ---
840 5579 863 5583 -“
928 5581 936 5583 ‘

1391 5567 1400 5577 η
1474 5567 1487 5571 ,
1708 5567 1722 5583 ,
1763 5567 1877 5577 ην.-

320 5567 409 5635 μιν
430 5572 507 5621 καί
528 5568 641 5625 ἄλλο
668 5577 731 5629 τά
752 5579 803 5641 ἒξ
826 5579 892 5633 ὧν
917 5581 942 5635 6
967 5592 1153 5661 σωτήρ,
1180 5588 1317 5656 εἴπερ
1339 5607 1408 5664 μή
1437 5604 1617 5654 ταυτὸν
1642 5608 1698 5659 τὸ
1723 5610 1877 5682 ἀόρα-

389 5826 405 5857 ¹
437 5824 491 5879 S.
548 5829 864 5891 Athanasius
911 5838 959 5891 in

1999 3372 2164 3434 sonis,
2191 3374 2303 3428 sive
2330 3376 2682 3434 subsistentiis
2717 3379 2926 3447 dicitur,
2967 3400 3141 3441 rerum
3180 3389 3410 3459 ipsarum
3454 3411 3553 3465 per

1999 3470 2175 3529 partes
2203 3462 2360 3517 habet
2397 3465 2727 3535 divisionem,
2758 3470 2894 3526 sicut
2937 3474 2991 3528 in
3030 3475 3235 3532 duobus
3272 3481 3353 3534 vel
3388 3462 3548 3539 etiam

1997 3548 2236 3614 pluribus
2264 3551 2595 3609 hominibus:
2627 3558 2835 3623 quando
2868 3569 3044 3616 autem
3079 3564 3131 3617 in
3158 3568 3315 3622 rebus
3365 3573 3546 3640 unitis,

1998 3644 2121 3691 tunc
2168 3639 2330 3693 verbo
2384 3642 2500 3696 solo
2544 3644 2772 3715 [ratione
2821 3647 2956 3718 sola]
3000 3660 3054 3705 et
3094 3654 3384 3721 intellectu,
3437 3677 3546 3719 non

1995 3730 2172 3778 tamen
2201 3727 2432 3795 ipsarum
2462 3746 2638 3785 rerum
2662 3734 2825 3789 habet
2845 3738 3180 3809 divisionem,
3208 3746 3342 3800 sicut
3369 3749 3421 3802 in
3442 3765 3546 3805 una

1993 3816 2330 3872 subsistentia
2358 3820 2586 3877 hominis
2604 3839 2670 3878 ex
2700 3828 2873 3881 anima
2899 3839 2956 3884 et
2980 3847 3208 3901 corpore
3233 3841 3540 3899 constituta.

1992 3901 2119 3957 Duae
2144 3905 2282 3959 enim
2309 3915 2365 3961 et
2391 3909 2476 3963 hic
2509 3919 2709 3966 natura:
2737 3914 3116 3985 intelliguntur,
3138 3923 3306 3980 altera
3334 3931 3541 3995 animae,

1992 4001 2048 4047 et
2077 3995 2241 4050 altera
2272 4001 2549 4067 corporis:
2574 4010 2628 4056 et
2650 4011 2823 4059 tamen
2854 4022 2957 4061 non
2988 4020 3202 4079 propter
3220 4014 3320 4071 hoc
3338 4018 3390 4071 in
3410 4019 3543 4077 duos

1990 4089 2231 4147 homines
2252 4095 2523 4162 dividitur,
2555 4100 2647 4152 sed
2677 4115 2834 4155 unum
2877 4106 3074 4161 scimus
3109 4109 3376 4168 hominem
3401 4132 3537 4184 esse,

1990 4188 2045 4233 et
2084 4198 2240 4238 unam
2268 4187 2663 4244 subsistentiam
2711 4191 2845 4260 ejus.
2888 4194 2951 4249 Et
2990 4199 3042 4252 in
3087 4208 3339 4273 mysterio
3384 4209 3544 4277 igitur

1990 4270 2181 4327 Christi
2208 4274 2346 4329 facta
2370 4277 2629 4345 unitione,
2658 4280 2782 4335 licet
2806 4284 3011 4341 diversa
3043 4270 3541 4367 inteiligaritur'quze

1988 4362 2133 4415 unita
2162 4372 2306 4432 sunt,
2336 4365 2433 4421 sed
2463 4383 2567 4422 non
2597 4370 2710 4439 ipsa
2740 4388 2800 4426 re
2825 4383 2879 4429 et
2905 4392 3001 4445 per
3028 4392 3205 4448 partes
3238 4400 3268 4438 a
3308 4401 3366 4441 se
3400 4389 3537 4445 invi-

1986 4474 2101 4513 cem
2130 4472 2445 4530 separantur
2476 4481 2556 4529 ea,
2587 4482 2652 4521 ex
2680 4470 2872 4536 quibus
2897 4473 3141 4532 dominus
3173 4491 3353 4537 noster
3383 4484 3537 4543 Jesus

1986 4545 2227 4603 Christus
2254 4554 2582 4620 compositus
2611 4565 2710 4619 est,
2745 4559 3092 4619 differentiam
3140 4577 3314 4625 tamen
3361 4579 3535 4631 consi-

1691 4661 1707 4685 ,
1737 4622 1769 4680 ἦ
1792 4623 1881 4679 δύο
1908 4623 1964 4681 1)
1983 4634 2230 4692 derantes
2266 4647 2320 4694 et
2358 4640 2496 4695 hanc
2523 4644 2818 4709 signiﬁcare
2841 4651 3098 4719 volentes,
3129 4672 3403 4716 numerum
3443 4681 3531 4721 as-

1984 4726 2262 4788 sumimus,
2289 4736 2341 4781 et
2369 4728 2502 4784 duas
2539 4731 2591 4783 in
2621 4731 2829 4790 Christo
2858 4748 3068 4796 naturas
3106 4759 3223 4801 esse
3269 4748 3527 4808 dicimus:

1984 4834 2082 4873 nec
2111 4821 2230 4875 ideo
2259 4837 2394 4876 unus
2417 4822 2660 4880 Christus
2690 4829 2743 4882 in
2770 4831 2902 4887 duos
2929 4836 3176 4900 christos,
3208 4843 3292 4896 vel
3322 4845 3373 4899 in
3392 4847 3526 4904 duos

1983 4903 2121 4961 ﬁlios
2151 4908 2421 4965 dividitur.
2453 4911 2516 4964 Et
2546 4917 2900 4973 testimonium
2924 4936 3135 4991 praestat
3162 4933 3355 4987 nostris
3375 4935 3529 4993 dictis

1980 5004 2193 5050 sanctus
2212 4995 2497 5066 Gregorius
2525 5001 2843 5073 Theologus,
2870 5012 3105 5068 scribens
3131 5017 3182 5069 in
3204 5020 3372 5086 primo
3394 5024 3527 5079 libro

1981 5084 2046 5135 ad
2074 5082 2388 5138 Cledouium
2411 5089 2524 5143 sic:
2562 5109 2581 5142 ι
2612 5089 2667 5145 Si
2703 5096 2823 5161 quis
2864 5098 3148 5158 introducit
3196 5082 3327 5163 duos
3371 5111 3523 5175 ﬁlios,

1981 5186 2141 5225 unum
2166 5174 2377 5240 quidem
2406 5191 2472 5229 ex
2500 5177 2611 5233 Deo
2638 5189 2691 5233 et
2716 5180 2891 5252 Patre,
2933 5192 3220 5247 secundum
3252 5207 3426 5252 autem
3457 5219 3521 5256 ex

1978 5268 2165 5323 matre,
2194 5261 2288 5314 sed
2315 5279 2419 5316 non
2451 5281 2608 5318 unum
2637 5271 3008 5342 eumdemque,
3037 5294 3100 5332 ex
3129 5282 3409 5350 adoptiooe
3435 5305 3525 5341 ca-

1976 5348 2084 5412 dat,
2132 5364 2247 5418 quze
2292 5354 2550 5418 promissa
2594 5364 2677 5409 est
2724 5358 3058 5420 credentibus
3104 5348 3266 5426 recte.
3314 5372 3522 5431 Natura:

1978 5436 2118 5489 enim
2136 5436 2506 5504 duzemeuset
2521 5444 2706 5509 homo,
2725 5448 3000 5513 quomodo
3018 5459 3258 5514 etanima
3305 5471 3359 5515 et
3401 5480 3520 5519 cor-

1977 5541 2103 5595 pus;
2135 5541 2240 5579 non
2276 5536 2452 5582 autem
2481 5542 2585 5585 auo
2621 5532 2731 5597 ﬁlii,
2775 5552 2874 5593 nec
2900 5539 2972 5594 dii
3008 5543 3132 5600 duo.
3164 5549 3524 5607 Necenimhie

1978 5612 2085 5667 duo
2105 5614 2366 5680 homines,
2395 5616 2517 5673 licet
2538 5616 2732 5677 Paulus
2749 5624 2825 5679 sic
2846 5630 3189 5697 appellaverit
3215 5635 3267 5706 (I
3289 5638 3405 5693 Cor.
3445 5644 3520 5712 tv)

1015 5844 1253 5910 symbolo
1304 5854 1441 5916 quod
1489 5856 1600 5923 ejus
1642 5864 1854 5919 nomine
1891 5865 2213 5923 inscribitur.
