4112 6556
385 505 519 570 1009

1434 511 1665 572 LIBER
1703 510 2090 570 ADVERSUS
2127 509 2550 573 ORIGENEM.

3466 509 3601 576 1010

370 627 535 690 δόξης⁶
566 627 788 697 Χριστοῦ
816 625 904 693 μὲν
927 625 1068 684 Θεὸς.
1098 633 1187 685 τίς
1210 624 1265 680 di
1287 622 1428 687 δόξης
1455 627 1642 699 πατήρ.
1663 626 1720 676 Ei
1743 623 1838 694 γάρ
1861 623 1939 675 καί

2057 627 2241 673 taturus
2273 620 2541 674 intellectu
2569 621 2786 688 distant,
2812 623 2966 677 simul
2993 623 3294 681 dividuntur
3317 627 3476 682 etiam
3499 644 3592 684 no-

371 722 428 775 τὸ
448 715 811 789 συναμφότερον
829 713 897 772 ἓν.
925 716 1026 768 ἀλλ’
1043 716 1098 768 οὑ
1117 723 1176 790 τῇ
1192 718 1359 788 φύσει,
1385 723 1446 790 τῇ
1472 713 1524 770 δί
1553 712 1762 782 συνόδῳ.
1788 730 1807 764 ε
1839 715 1941 766 Καί

375 805 403 861 ὅ
437 809 485 860 ίν
521 805 681 877 ἁγίοις
709 803 762 858 δὲ
791 805 1054 878 Γρηγόριος
1084 805 1108 857 ό
1134 805 1337 864 Νύσσης
1362 806 1632 862 ίπίσκοπος
1655 805 1705 857 έν
1731 807 1803 873 τῷ
1827 812 1940 857 κατ’

374 898 606 967 Ethiopian
634 894 861 967 τετάρτῳ
884 891 1015 963 λόγῳ
1043 894 1108 948 τά
1146 896 1275 948 αὑτά
1302 898 1435 964 ἡμᾶς
1461 892 1725 955 διδάσκων,
1763 893 1942 964 γράφει

376 985 558 1042 οὕτως’
597 999 615 1031 t
637 983 720 1034 Καί
749 985 815 1042 ὦς
838 977 895 1034 ἂν
921 987 987 1050 μή
1014 1004 1091 1043 τις
1205 985 1434 1058 άκηράτῳ
1460 984 1606 1053 φύσει
1625 982 1682 1035 τό
1707 982 1830 1034 κατά
1855 982 1941 1034 τόν

388 1071 613 1143 σταυρόν
637 1069 796 1128 πάθος
821 1070 1203 1143 προστρίξοιτο,
1231 1067 1294 1124 δι’
1319 1069 1499 1144 ἐτέρων
1537 1067 1834 1144 τρανότερον
1856 1072 1944 1126 τήν

379 1159 615 1214 τοιαύτην
643 1159 998 1229 ίπανορθοῦται
1030 1155 1236 1220 πλάνην,
1284 1160 1492 1227 μεσίτην
1517 1157 1666 1210 αὑτὸν
1705 1161 1830 1210 Θεοῦ
1859 1156 1945 1208 καί

377 1248 660 1320 ἀνθρώπου,
706 1247 828 1298 Θεὸν
865 1247 960 1298 καί.
975 1243 1232 1319 ἄνθρωπον
1274 1247 1428 1300 αὑτὸν
1467 1241 1738 1314 ὀνομάζων,
1764 1244 1848 1297 ἵνα
1893 1244 1945 1296 ἐκ

379 1347 468 1396 τοῦ
494 1339 556 1393 τά
582 1336 672 1392 δύο
695 1340 813 1408 περί
837 1339 894 1391 τὸ
919 1335 970 1391 ἓν
995 1338 1221 1409 λέγεσθαι
1247 1339 1304 1392 τό
1330 1337 1612 1411 πρόσφορον
1636 1343 1796 1389 νοοῖτο
1828 1337 1947 1408 περί

380 1427 633 1505 ίκοίτερον,
662 1431 778 1502 περί
796 1430 886 1496 μὶν
910 1429 967 1481 τὸ
994 1431 1120 1481 θεῖον
1146 1430 1175 1484 ἦ
1202 1429 1438 1493 ἀπάθεια,
1459 1429 1576 1497 περί
1595 1423 1648 1479 δί
1673 1426 1731 1479 τό
1761 1425 1947 1498 ἀνθρώ-

378 1539 520 1574 πινον
545 1521 577 1576 ἡ
601 1522 730 1572 κατά
755 1518 813 1571 τό
839 1517 996 1576 πάθος
1029 1518 1296 1581 οἰκονομία.
1325 1521 1424 1574 Τῆς
1459 1510 1545 1567 οὖν
1573 1513 1792 1571 έπινοίας
1815 1509 1948 1566 διαιο

380 1612 570 1680 ρουζσης
601 1607 659 1661 τό
692 1608 819 1660 κατὰ
844 1606 1207 1677 φιλανθρωπίαν
1231 1607 1320 1675 μὲν
1352 1603 1610 1673 ἡνωμένον,
1633 1609 1704 1674 τῷ
1730 1600 1784 1655 δέ
1817 1600 1946 1672 λόγῳ

380 1693 771 1768 διακρινόμενον,
814 1690 933 1746 ὅταν
1095 1693 1152 1746 τό
1178 1692 1550 1766 ὑπερκείμενον,
1579 1693 1666 1743 καί
1693 1690 1949 1763 ὑπερέχον

382 1786 554 1838 πάντα
589 1788 704 1837 νοῦν
743 1780 978 1855 κηρύσσῃ
998 1819 1012 1842 ,
1056 1788 1162 1840 τοῖς
1195 1781 1523 1851 ὑψηλοτέροις
1555 1781 1806 1855 κέχρηται
1851 1787 1950 1834 τῶν

383 1873 652 1940 ὀνομάτων,
683 1872 766 1924 ίπί
792 1875 986 1925 πάντων
1006 1872 1146 1931 Θεὸν,
1173 1871 1256 1923 καί
1283 1871 1436 1940 μέγαν
1461 1871 1597 1928 Θεὸν,
1619 1875 1706 1924 καί
1731 1868 1946 1938 δύναμιν

2039 710 2198 764 mina.
2234 707 2449 765 Paulum
2472 711 2731 766 dicentem
2754 713 2873 766 audi
2898 732 2909 766 :
2946 710 3012 769 Ut
3042 715 3176 771 Deus
3198 715 3405 772 Domini
3431 724 3593 776 nostri

2038 796 2159 853 Jesu
2180 794 2392 866 Christi,
2423 799 2577 853 Pater
2605 802 2780 870 gloria:
2809 800 3017 871 (Epiros.
3051 804 3090 873 ι)
3118 822 3129 857 :
3160 804 3354 860 Christi
3383 809 3594 875 quidem

2041 888 2199 952 Deus,
2228 888 2408 955 gloria:
2428 897 2603 942 autem
2634 888 2806 943 Pater.
2838 889 2965 944 Nam
2995 892 3094 947 etsi
3124 902 3405 964 utrumque
3435 911 3595 952 unum

2041 986 2140 1043 est,
2169 988 2344 1033 tamen
2369 993 2474 1033 non
2495 989 2704 1048 natura,
2727 979 2816 1034 sed
2839 991 3122 1036 conventu.
3149 1002 3166 1035 ε
3184 982 3252 1038 Et
3270 995 3484 1041 sanctus
3506 1003 3596 1040 au-

2041 1079 2149 1123 tem
2177 1067 2460 1137 Gregorius
2489 1069 2753 1140 Nyssenus
2776 1069 3087 1141 [Episcopus
3115 1071 3310 1144 Nyssce]
3335 1074 3386 1126 in
3409 1085 3598 1143 quarto

2043 1159 2179 1214 libro
2209 1166 2394 1214 contra
2423 1156 2761 1224 Eunomium,
2792 1160 2978 1213 eadem
3010 1175 3104 1214 nos
3135 1160 3352 1225 docens,
3379 1161 3450 1214 ita
3474 1162 3594 1214 scri-

2043 1248 2158 1303 bit:
2192 1266 2210 1300 ι
2245 1247 2311 1302 Et
2339 1263 2407 1302 ne
2434 1247 2623 1316 aliquis
2647 1248 3029 1317 incorruptibili
3059 1257 3262 1302 natura:
3290 1249 3460 1304 crucis
3481 1265 3595 1319 pas-

2045 1340 2249 1396 sionem
2276 1338 2585 1408 applicaret,
2617 1353 2713 1407 per
2738 1339 2838 1391 alia
2870 1339 3196 1393 manifestius
3229 1339 3387 1392 talem
3417 1353 3600 1392 emen-

2045 1427 2136 1482 dat
2183 1443 2441 1490 errorem,
2497 1427 2840 1481 mediatore'm
2881 1427 3048 1496 ipsum
3098 1425 3188 1480 Dei
3237 1437 3290 1480 et
3332 1425 3603 1481 hominum

2047 1517 2099 1587 (Ι
2134 1517 2262 1571 Tim.
2297 1515 2376 1584 ιι),
2408 1525 2461 1571 et
2495 1517 2764 1570 hominem
2792 1526 2845 1571 et
2877 1517 3044 1570 Deum
3083 1519 3252 1586 ipsum
3282 1518 3562 1570 nominans
3589 1534 3599 1567 :

2048 1617 2107 1662 ut
2133 1623 2252 1662 eum
2285 1606 2392 1660 duo
2430 1607 2495 1660 de
2521 1621 2628 1661 uno
2665 1606 2930 1674 dicantur,
2965 1617 3256 1674 congruum
3285 1605 3605 1674 intelligatur

2046 1697 2186 1756 circa
2208 1703 2507 1762 utrumque,
2524 1695 2665 1749 circa
2685 1695 2936 1749 deitatem
2958 1695 3169 1763 quidem
3195 1693 3603 1763 impassibilitas,

2049 1789 2191 1842 circa
2231 1787 2613 1841 humanitatem
2642 1792 2817 1840 autem
2858 1785 3177 1855 dispensatio
3205 1785 3484 1855 passionis.
3519 1784 3605 1838 ln-

2053 1875 2266 1930 tellectu
2295 1875 2454 1944 igitur
2478 1874 2744 1929 dividente
2773 1875 2874 1929 hoc
2899 1875 3040 1943 quod
3069 1892 3166 1945 per
3193 1876 3608 1931 misericordiam

386 1966 538 2025 Θεοῦ,
566 1963 652 2015 καί
697 1962 893 2033 σοφίαν,
921 1961 1001 2013 καί
1041 1963 1108 2013 τά
1144 1965 1354 2013 τοιαῦτα
1379 1959 1557 2012 καλῶν.
1584 1957 1741 2014 Ὀταν
1770 1958 1822 2014 δέ
1860 1964 1950 2016 τήν

2057 1964 2266 2034 quidem
2307 1964 2513 2018 unitum
2543 1971 2644 2028 est,
2675 1963 2883 2017 ratione
2911 1970 3087 2018 autem
3115 1965 3449 2030 discernitur,
3490 1979 3608 2018 cum

385 2054 662 2124 ἀναγκαίως
698 2049 781 2105 διὰ
823 2053 881 2104 τό
917 2051 1157 2122 ἡμέτερον
1200 2049 1401 2108 ἀσθενὲς
1437 2049 1945 2122 συμπαραληφθεῖσαν

385 2147 487 2197 τῶν
512 2141 822 2207 παθημάτων
847 2146 1024 2209 πεῖραν
1057 2141 1336 2211 περιγράφει
1371 2144 1443 2208 τῷ
1468 2137 1621 2208 λόγῳ,
1641 2139 1694 2191 ἐκ
1714 2143 1800 2193 τοῦ
1827 2139 1949 2210 ἠμε-

387 2237 531 2312 τέρον
576 2235 898 2302 κατονομάζει
942 2231 998 2286 τό
1041 2230 1410 2302 συναμφότερον
1431 2267 1446 2291 ,
1495 2225 1752 2302 ἄνθρωπον
1799 2227 1950 2283 αὑτόν

389 2325 800 2399 προσαγορεύων,
830 2323 888 2376 οὑ
913 2327 1194 2376 κοινοποιῶν
1221 2321 1349 2392 πρός
1373 2323 1461 2377 τήν
1496 2318 1671 2378 λοιπήν
1693 2321 1751 2391 φνῖ
1761 2339 1840 2374 σιν
1867 2317 1949 2374 διά

391 2426 482 2474 τῆς
519 2422 679 2485 φωνῆς
710 2414 794 2469 τόν
827 2411 1144 2482 δηλούμενον,
1175 2409 1276 2465 ἀλλ’
1314 2410 1446 2465 ὥστε
1470 2412 1590 2483 περί
1631 2410 1855 2486 έκάτερον
1893 2412 1949 2466 τό

393 2509 506 2560 εὑσε
514 2505 596 2564 εἰς
623 2504 945 2574 φυλαχθῆναι.
985 2515 1008 2554 ε

469 2949 670 3006 ’τούτων
708 2948 871 3009 οἷτως
910 2946 1328 3020 ἀποδεδειγμένων
1359 2948 1442 3006 διά
1466 2956 1557 3010 τῆς
1589 2954 1686 3002 τῶν
1727 2948 1961 3021 πατέρων

399 3038 745 3105 διδασκαλίας,
773 3041 1151 3095 παυσάσθωσαν
1193 3039 1238 3092 oi
1272 3039 1356 3093 τόν
1387 3039 1596 3113 ἀριθμόν
1625 3045 1726 3093 τῶν
1751 3037 1802 3092 ίν
1837 3046 1960 3111 Χριο

402 3137 511 3203 στῷ
552 3133 747 3203 φύσεων
777 3131 1026 3205 πρόφασιν
1071 3137 1164 3189 τῆς
1205 3131 1390 3188 οἰκείας
1429 3129 1611 3188 πλάνης
1652 3129 1958 3198 ποιούμενοι,

405 3223 483 3274 καί
517 3227 590 3292 τῷ
621 3218 704 3274 διά
749 3217 938 3276 τούτου
963 3224 1054 3278 τὴν
1099 3217 1336 3291 διαφοράν
1381 3219 1659 3293 ἀρνεῖσθαι,
1697 3219 1960 3288 σύγχυσιν

2051 2055 2153 2109 hoc
2179 2051 2412 2122 quidem,
2435 2051 2577 2121 quod
2604 2051 2995 2120 superpdsitum
3023 2060 3102 2107 est
3132 2061 3185 2106 et
3212 2053 3612 2122 supereminens

2050 2155 2262 2199 omnem
2289 2157 2526 2204 sensum,
2557 2142 2830 2210 praedicat,
2859 2141 3134 2197 altioribus
3181 2144 3347 2197 utitur
3381 2145 3609 2198 nomini-

2053 2232 2168 2295 bus,
2197 2245 2356 2299 super
2383 2230 2558 2284 omnia
2578 2228 2772 2296 Deum,
2797 2237 2849 2283 et
2877 2243 3124 2298 magnum
3151 2228 3338 2295 Deum,
3367 2238 3422 2284 et
3447 2231 3612 2284 virtu-

2055 2327 2161 2374 tem
2189 2318 2306 2383 Dei,
2337 2326 2392 2371 et
2421 2317 2732 2386 sapientiam
2774 2315 2951 2384 (Rom.
2996 2332 3059 2382 x;
3110 2315 3212 2372 Tit.
3242 2331 3312 2381 n;
3345 2315 3374 2370 I
3405 2315 3524 2371 Cor.
3553 2318 3614 2387 ι),

2053 2409 2110 2465 et
2137 2408 2263 2462 talia
2293 2423 2528 2462 vocans:
2563 2421 2685 2461 cum
2717 2416 2893 2460 autem
2934 2407 3237 2476 passionum
3276 2407 3614 2476 experimen-

2058 2505 2168 2552 tum
2209 2496 2511 2550 necessario
2542 2505 2760 2564 propter
2785 2503 3020 2549 nostram
3063 2494 3424 2549 inﬁrmitatem
3466 2509 3616 2559 accc:

2057 2593 2205 2656 ptum
2223 2585 2398 2639 verbis
2418 2581 2697 2652 Signiﬁcat,
2721 2596 2789 2637 ex
2814 2592 2997 2638 nostro
3038 2585 3315 2638 nominans
3340 2591 3620 2650 utrumque

2062 2676 2331 2731 hominem
2357 2675 2528 2745 ipsum
2564 2675 2817 2745 appellat,
2848 2687 2953 2728 non
2982 2674 3375 2728 communicans
3401 2687 3498 2741 per
3527 2688 3619 2726 vo-

2062 2779 2180 2820 cem
2210 2764 2276 2818 ad
2322 2772 2570 2819 cretea-am
2618 2772 2860 2817 naturam
2889 2777 3009 2817 eum
3039 2763 3129 2832 qui
3159 2761 3502 2830 signiﬁcatur,
3529 2763 3619 2816 sed

2065 2863 2124 2909 ut
2147 2857 2286 2910 circa
2315 2862 2594 2921 utrumque
2621 2853 2790 2922 pietas
2818 2860 3178 2906 conservetur.
3217 2870 3236 2905 ε

2130 2945 2222 2999 His
2247 2945 2318 2998 ita
2339 2942 2714 2997 demonstratis
2733 2953 2829 3010 per
2855 2949 3159 2996 sanctorum
3187 2939 3401 2994 Patrum
3421 2940 3622 2994 doctri-

2060 3049 2203 3099 nam,
2223 3039 2437 3088 cessent
2459 3031 2550 3101 qui
2574 3043 2851 3085 numerum
2869 3039 3170 3084 naturarum
3196 3045 3313 3098 quae
3333 3030 3386 3084 in
3411 3027 3623 3084 Christo

2059 3106 2200 3186 sunt,
2229 3121 2566 3178 occasionem
2605 3121 2686 3174 sui
2713 3119 2910 3174 erroris
2941 3118 3161 3184 faciunt,
3186 3127 3242 3174 et
3265 3133 3448 3174 earum
3473 3118 3623 3174 diﬁ'e-

2061 3211 2289 3266 reutiam
2321 3209 2414 3282 [ob
2439 3207 2491 3263 id
2517 3206 2869 3262 dilierentiam
2898 3207 3161 3274 negando,
3203 3203 3394 3277 Grata]
3421 3208 3624 3262 numeri

407 3312 626 3382 εἰσάγειν
665 3313 1060 3386 ἐπιχειροῦντες.
1090 3315 1199 3369 Πῶς
1222 3311 1322 3383 γάρ
1349 3309 1436 3362 οὐκ
1471 3310 1742 3378 ἀναγκαῖος
1769 3307 1796 3362 ὃ
1823 3309 1956 3383 άριθο

2062 3299 2396 3354 recusatione
2442 3296 2706 3366 negando,
2741 3296 3109 3350 confusionem
3159 3296 3496 3353 introducere
3535 3312 3623 3353 co-

408 3402 520 3472 μὸς,
545 3396 588 3473 ᾧ
609 3402 694 3455 έπί
715 3401 945 3472 σημασίᾳ
963 3407 1050 3460 τῆς
1076 3396 1313 3472 διαφορᾶς
1335 3403 1434 3452 τῶν
1462 3396 1730 3450 ἐνωθεισῶν
1753 3398 1824 3456 εἰς
1847 3398 1963 3468 μίαν

406 3490 691 3546 ὑπόστασιν
734 3492 948 3561 φύσεων,
989 3491 1069 3543 καί
1091 3490 1181 3542 οὐκ
1209 3489 1292 3542 ὄπι
1326 3495 1388 3558 τῇ
1415 3488 1510 3541 ἀνά
1535 3488 1683 3560 μέρος
1719 3485 1966 3560 διαιρέσει

410 3582 593 3642 αὐτῶν,
630 3579 672 3631 οί
716 3579 932 3649 πατέρες
965 3579 1290 3651 ἐχρήσαντος
1329 3572 1762 3647 ’Δποδεδειγμένου
1803 3578 1968 3629 τοίνυν

409 3668 747 3739 πανταχόθεν,
777 3670 844 3727 ὡς
871 3667 1048 3728 ἀσεϐές
1080 3667 1187 3720 ίστι
1221 3668 1281 3720 τό
1319 3666 1474 3737 λέγειν
1525 3667 1644 3736 μίαν
1670 3667 1832 3735 φύσιν,
1858 3664 1970 3723 ἤτοι

410 3759 586 3811 οὐσίαν
611 3755 845 3814 θεότητος
871 3759 955 3809 καὶ
997 3763 1088 3815 τῆς
1135 3753 1324 3828 σαρκός
1360 3760 1450 3810 τοῦ
1493 3760 1734 3828 Χριστοῦ,
1779 3754 1970 3806 κάκεῖνο

412 3848 640 3924 ίροῦμεν,
669 3848 736 3904 ὡς
769 3843 878 3899 οὐδὲ
916 3846 1033 3898 καθὸ
1058 3846 1174 3916 μίαν
1198 3843 1483 3899 ὑπόστασιν
1508 3843 1714 3914 λέγομεν
1739 3849 1832 3900 τῆς·
1861 3841 1971 3894 θεό-

411 3955 583 3998 τητος,
609 3938 694 3988 καί
723 3941 814 3993 τῆς
852 3932 1229 4007 άνθρωπότητος
1253 3939 1340 3987 τοῦ
1380 3937 1618 4006 Χριστοῦ,
1650 3929 1784 3986 οὕτω
1819 3927 1972 3984 δυνα-

411 4024 496 4078 τόν
543 4026 625 4078 καί
667 4025 784 4094 μίαν
811 4024 961 4094 φύσιν
1000 4022 1156 4093 λέγειν
1190 4027 1438 4096 Χριστοῦ.
1473 4019 1668 4078 Ἐπειδὴ
1695 4023 1764 4090 μή
1788 4019 1970 4075 ταυτὸν

411 4113 563 4182 φύσις
589 4132 642 4166 τε
679 4114 760 4165 καί
803 4109 1110 4168 ὑπόστασις.
1138 4111 1320 4168 Πάντες
1351 4111 1448 4184 γὰρ
1495 4106 1714 4184 οίιάγιοι
1756 4107 1972 4180 πατέρες

717 4202 847 4270 ὑμᾶς
883 4196 1224 4259 διδάσκουσιν,
1265 4194 1382 4251 ἄλλο
1413 4193 1536 4250 εἶναι
1568 4194 1862 4266 ptio-tantos
1886 4197 1970 4250 οὑ-

410 4293 548 4355 σίαν,
589 4293 675 4343 καί
701 4293 911 4362 μορφήν,
941 4289 1020 4340 καί
1060 4283 1176 4340 ἄλλο
1215 4284 1498 4340 ὑπόστασιν
1533 4284 1643 4343 ἤτοι
1673 4285 1967 4360 πρόσωπον·

410 4383 492 4433 καί
512 4436 514 4438 τ
533 4385 622 4437 τήν
648 4383 738 4448 μὸν
764 4381 930 4450 φύσιν,
961 4378 1072 4435 ἤτοι
1097 4379 1268 4432 ούσίαν
1292 4379 1376 4430 καί
1396 4380 1580 4448 μορφήν
1603 4375 1661 4428 τό
1692 4375 1848 4429 κοινόν
1876 4395 1972 4431 ση-

415 4475 622 4534 ιιαίνειν,
649 4477 739 4530 τήν
766 4469 818 4526 δέ
846 4471 1132 4525 ὑπόστασιν
1155 4469 1264 4528 ἤτοι
1291 4468 1588 4542 πρόσωπον,
1627 4467 1688 4522 τὸ
1715 4464 1894 4520 ίδικόν·
1926 4465 1971 4517 εί

2063 3396 2276 3442 nantur.
2301 3385 2581 3453 Quomodo
2608 3384 2751 3440 enim
2778 3400 2882 3440 non
2902 3393 2983 3441 est
3007 3387 3332 3442 necessarius
3353 3403 3625 3453 numerus,

2061 3503 2188 3557 quo,
2212 3486 2280 3542 ad
2306 3485 2703 3556 signiﬁcandam
2726 3485 3077 3541 dili‘erentiam
3102 3495 3407 3541 naturarum
3429 3501 3545 3558 qua!
3574 3489 3624 3542 in

2063 3595 2222 3634 unam
2249 3578 2642 3633 subsistentiam
2661 3579 2820 3632 unice
2846 3585 2986 3642 sunt,
3009 3587 3189 3634 etnon
3219 3579 3284 3633 ad
3313 3579 3625 3633 divisionem

2063 3684 2162 3739 per
2213 3677 2393 3738 partes
2445 3683 2647 3732 earum,
2697 3668 2777 3724 usi
2826 3655 2941 3722 sunt
2972 3668 3189 3722 Patres?
3245 3667 3624 3722 Demonstrato

2065 3759 2230 3828 igitur
2257 3758 2505 3826 undique,
2533 3756 2676 3826 quod
2717 3757 2934 3826 impium
2963 3765 3046 3812 est
3075 3757 3258 3812 dicere
3285 3769 3445 3812 unum
3473 3764 3623 3812 natu-

2066 3862 2181 3901 ram
2235 3847 2350 3901 sive
2392 3845 2741 3901 substantiam
2780 3845 2992 3900 deitatis
3018 3853 3073 3899 et
3109 3844 3284 3900 carnis
3325 3843 3541 3908 Christi,
3573 3853 3622 3898 et

2066 3935 2197 3990 illud
2237 3935 2479 4000 dicimus,
2517 3934 2640 4002 quia
2681 3948 2781 3988 nec
2814 3931 3108 3988 secundum
3144 3932 3285 4003 quod
3313 3946 3470 3988 unam
3496 3934 3624 3988 sub-

2065 4022 2362 4078 sistentiam
2384 4022 2608 4078 dicimus
2639 4021 2850 4077 deitatis
2870 4029 2924 4076 et
2945 4021 3286 4077 humanitatis
3311 4021 3527 4089 Christi,
3549 4024 3624 4079 sic

2067 4112 2318 4182 possibile
2341 4120 2423 4166 est
2449 4119 2506 4166 et
2533 4127 2692 4166 unam
2720 4123 2965 4165 naturam
3001 4109 3195 4166 Christi
3225 4112 3403 4166 dicere
3445 4129 3459 4164 :
3499 4127 3622 4181 quo.

2067 4201 2209 4254 niam
2253 4215 2360 4254 non
2401 4200 2543 4254 idem
2585 4208 2668 4254 est
2713 4208 2903 4254 natura
2929 4208 2984 4255 et
3026 4199 3387 4258 subsistentia.
3429 4198 3624 4254 Omnes

2064 4288 2208 4342 enim
2227 4288 2399 4342 sancti
2422 4286 2606 4343 Patres
2625 4297 2983 4344 consonanter
3003 4304 3102 4344 nos
3119 4289 3315 4344 docent
3338 4288 3480 4344 aliud
3509 4305 3624 4345 esse

2068 4386 2310 4432 naturam
2331 4379 2443 4433 sive
2470 4379 2822 4434 substantiam
2850 4387 2905 4434 et
2931 4382 3176 4444 formam,
3225 4389 3280 4434 et
3316 4381 3459 4434 aliud
3497 4382 3623 4436 sub—

2067 4473 2364 4528 sistentiam
2404 4475 2517 4529 sive
2561 4491 2871 4544 personam;
2912 4485 2968 4531 et
3011 4486 3252 4530 naturam
3283 4477 3495 4545 quidem
3542 4479 3622 4532 vel

407 4558 463 4616 δί
490 4561 691 4632 φήσωσί
715 4578 864 4620 τινες,
899 4555 976 4614 ὅτι
1002 4559 1179 4631 ὥσπερ
1219 4558 1312 4626 μία
1339 4556 1622 4616 ὑπόστασις
1648 4557 1880 4612 σύνθετος
1900 4551 1958 4607 εἴ·

2067 4562 2415 4616 substantiam
2453 4569 2511 4616 et
2545 4559 2792 4628 formam,
2855 4564 2961 4618 hoc
3022 4563 3168 4632 quod
3204 4573 3286 4618 est
3323 4579 3622 4630 commune,

317 4639 327 4652 '
407 4670 561 4724 ρηται
581 4651 665 4704 ίπί
689 4653 931 4723 Χριστοῦ,
963 4647 1096 4701 οὑτω
1123 4645 1202 4700 δεῖ
1227 4649 1307 4708 καί
1336 4647 1454 4714 μίαν
1473 4646 1617 4716 φύσιν
1645 4641 1876 4696 σύνθετον
1897 4642 1958 4696 λέ·

2069 4647 2394 4715 signiﬁcare;
2417 4648 2810 4702 subsistentiam
2837 4657 3016 4704 autem
3047 4651 3161 4706 sive
3190 4666 3492 4721 personam,
3523 4653 3622 4708 hoc

407 4759 532 4809 γειν,
555 4736 876 4804 ἀποδείξομεν
900 4738 983 4789 καί
1001 4740 1152 4790 τοῦτο
1173 4734 1422 4804 ἀλλότριον
1443 4730 1564 4787 εἶναι
1585 4739 1672 4792 τῆς
1693 4732 1966 4790 εὐσεϐείας.

409 4832 528 4880 Μίαν
551 4829 651 4900 γάρ
677 4828 827 4897 φύσιν
851 4825 1097 4885 θεότητος,
1130 4823 1240 4882 ἦτοι
1269 4825 1438 4877 ούσίαν
1460 4824 1699 4895 λέγοντες.
1731 4831 1866 4896 τρεῖς
1893 4823 1970 4877 ἐπ’

407 4918 559 4976 αὑτῆς
604 4914 870 4986 δοξάζομεν
907 4914 1213 4972 ὑποστάσεις
1251 4915 1302 4968 ἐν
1333 4913 1520 4986 ἑκάστῃ
1563 4912 1846 4968 ὑποστάσει
1881 4919 1970 4972 τήν

407 5009 562 5065 αὑτήν
594 5008 760 5079 φύσιν,
797 5005 908 5064 ἤτοι
946 5005 1120 5057 ούσίαν
1145 5006 1462 5076 γνωρίζοντες
1487 5018 1502 5032 ⁶
1530 5006 1614 5056 καί
1661 5004 1878 5062 εὐσεϐῶς
1918 5003 1971 5056 έκ

410 5102 510 5151 τῶν
554 5102 704 5168 τριῶν
743 5095 1072 5149 ὑποστάσεων
1094 5093 1212 5162 μίαν
1251 5091 1536 5146 ὑπόστασιν
1570 5097 1657 5148 την
1696 5099 1787 5146 τοῦ
1814 5092 1962 5163 λόγου

410 5183 542 5256 ,πρὸς
585 5187 675 5241 τὴν
713 5184 877 5254 σάρκα
917 5182 1256 5236 συντιθεῖσθαί
1281 5199 1453 5250 φαμεν.
1497 5177 1665 5239 Οὐδείς
1707 5180 1804 5256 γάρ
1839 5199 1962 5235 ποτε

414 5271 681 5339 ὶτόλμησεν
727 5273 776 5323 ἐν
824 5278 886 5343 τῇ
928 5270 1150 5343 καθολικῇ
1199 5267 1436 5342 ἐκκλησίᾳ
1459 5271 1632 5333 εἰπεῖν,
1677 5267 1755 5323 ὅτι
1790 5271 1963 5346 ὥσπερ

415 5365 550 5431 τρεῖς
575 5358 882 5416 ὑποστάσεις
899 5397 914 5422 ,
945 5357 1078 5412 οὑτω
1102 5359 1180 5409 καί
1205 5365 1346 5430 τρεῖς
1375 5357 1544 5425 ᾳύσεις
1574 5359 1676 5412 είσί
1701 5366 1790 5417 τῆς
1816 5357 1964 5427 ἁγίας

414 5445 636 5519 τριάδος,
661 5447 790 5500 ὥστε
829 5451 909 5501 καί
947 5446 1189 5502 δύνασθαι
1225 5445 1377 5517 λέγειν
1583 5446 1731 5516 φύσιν
1773 5449 1828 5500 έκ
1866 5454 1963 5500 τῶν

413 5544 563 5612 τριῶν
591 5538 787 5608 φύσεων
827 5539 1166 5594 συντεθεῖσθαι
1191 5540 1322 5613 πρὸς
1345 5540 1511 5611 σάρκα
1534 5553 1547 5568 ’
1576 5546 1708 5614 τρεῖς
1743 5538 1840 5613 γάρ
1866 5539 1961 5610 φύ-

416 5645 523 5686 σεις
550 5628 635 5681 iul
663 5634 755 5686 τῆς
782 5625 929 5699 ἁγίας
971 5625 1172 5697 τριάδος
1210 5625 1360 5700 μόνος
1382 5625 1576 5704 ’Δρειος
1603 5629 1856 5702 τολμήσας
1895 5629 1964 5682 εί-

415 5724 530 5771 πεῖν
555 5719 622 5777 ὥς
649 5717 938 5788 βλάσφημος
964 5722 1237 5792 κατεκρίθη.
1269 5723 1356 5774 Διά
1376 5728 1526 5775 τοῦτο
1550 5721 1708 5775 τοίνυν
1732 5719 1860 5774 κατά
1881 5720 1966 5774 τόν

417 5807 558 5880 ὀρθόν
584 5804 726 5875 λόγον
743 5803 834 5859 δύο
860 5805 1050 5874 φύσεων
1075 5805 1250 5862 ἕνωσιν
1268 5808 1486 5882 λέγομεν,
1509 5812 1590 5862 καί
1745 5809 1963 5864 ὑπόστα-

417 5917 518 5950 σιν.
547 5892 745 5953 Ἐπειόιὸ
771 5893 796 5949 ό
823 5899 910 5950 τοῦ
935 5901 1060 5948 Θεοῦ
1088 5896 1192 5955 υίός
1223 5900 1346 5952 κατά
1374 5904 1458 5956 τήν
1488 5898 1766 5956 ὑπόστασιν
1794 5899 1962 5972 ἕτερος

2069 4736 2213 4804 quod
2240 4743 2322 4791 est
2359 4735 2610 4805 speciale.
2651 4736 2744 4791 Sin
2773 4751 2904 4792 vero
2941 4739 3170 4793 dixerint
3208 4739 3444 4807 quidam,
3483 4742 3622 4810 quod

2069 4825 2206 4880 sicut
2226 4839 2328 4884 una
2354 4826 2690 4881 subsistentia
2723 4829 3016 4897 composita
3047 4829 3244 4884 dicitur
3283 4822 3498 4898 Christi,
3547 4834 3622 4890 sic

2070 4923 2282 4985 oportet
2301 4925 2356 4970 et
2375 4931 2533 4970 mam
2557 4925 2797 4972 naturam
2824 4920 3174 4988 compositam
3209 4920 3384 4976 dicere
3407 4939 3420 4974 :
3443 4931 3621 4978 osten-

2069 5005 2258 5061 demus
2282 5015 2338 5061 et
2364 5007 2465 5061 hoc
2488 5007 2718 5061 alienum
2750 5023 2870 5063 esse
2891 5023 2920 5061 a
2943 5010 3156 5077 pietate.
3187 5010 3350 5064 Unam
3372 5013 3512 5065 enim
3534 5028 3620 5067 na-

2067 5102 2239 5149 turam
2260 5096 2373 5150 sive
2397 5096 2745 5150 substantiam
2779 5097 2997 5153 deitatis
3023 5097 3283 5164 dicentes,
3312 5108 3420 5156 tres
3459 5101 3619 5170 ipsius

2064 5183 2378 5239 confitemur
2430 5184 2822 5257 [gloriﬁcamus,
2870 5186 3068 5258 Grca]
3113 5187 3500 5256 subsistentia,
3566 5193 3618 5246 in

2063 5285 2379 5340 unaquaque
2416 5272 2754 5328 subsistentia
2781 5275 3019 5329 eamdem
3069 5285 3308 5330 naturam
3347 5279 3460 5334 sive
3496 5282 3617 5336 sub-

2059 5358 2311 5413 stantiam
2339 5368 2738 5428 cognoscentes.
2762 5359 2831 5415 Et
2855 5369 2999 5416 recte
3027 5377 3093 5416 ex
3123 5363 3289 5420 tribus
3321 5366 3608 5422 subsisten-

2064 5444 2152 5499 tiis
2170 5459 2330 5498 unam
2355 5445 2744 5501 subsistentiam
2760 5446 2920 5502 Verbi
2947 5448 3012 5502 ad
3034 5465 3248 5505 carnem
3268 5454 3616 5523 compositam

2063 5549 2185 5590 esse
2209 5535 2450 5591 dicimus.
2478 5534 2647 5592 Nemo
2686 5537 2828 5592 enim
2873 5552 3107 5606 unquam
3141 5553 3301 5596 ausus
3326 5550 3407 5597 est
3439 5543 3493 5598 in
3521 5559 3584 5599 ca
3602 5575 3618 5586 -

2063 5625 2256 5682 tholica
2275 5623 2513 5683 Eccleeia
2548 5627 2746 5694 dicere,
2783 5629 2926 5697 quod
2945 5627 3082 5692 sicut
3106 5636 3218 5686 tres
3241 5632 3612 5700 subsistentiis,

2059 5717 2138 5772 sic
2163 5726 2219 5772 et
2245 5725 2356 5772 tres
2393 5727 2595 5774 naturae
2631 5725 2754 5773 sunt
2789 5727 2985 5776 sancta
3013 5711 3319 5778 Trinitatis:
3349 5732 3408 5778 ut
3443 5726 3612 5794 possi-

2059 5807 2166 5864 bile
2193 5809 2262 5865 sit
2287 5809 2485 5876 dicere,
2513 5823 2670 5864 unam
2694 5817 2936 5865 naturam
2963 5812 3219 5867 extribus
3238 5812 3440 5868 naturis
3465 5827 3623 5888 com-1

2055 5898 2285 5968 [positam
2311 5913 2432 5956 esse
2447 5900 2512 5954 ad
2539 5915 2768 5956 carnem.
2797 5899 2926 5958 Tres
2944 5901 3084 5956 enim
3114 5911 3327 5958 naturas
3354 5902 3405 5957 in
3428 5889 3623 5960 sancta
