4088 6516
551 444 680 508 1011

1813 454 2255 515 JUSTlNlANl
2299 457 2450 514 1MP.

3637 447 3770 509 1019

533 558 601 616 ὢν
627 557 763 628 παρὰ
795 559 871 612 .ὸν
897 559 1112 630 πατέρα,
1138 565 1226 616 τῆς
1259 558 1411 616 αὑτῆς
1437 554 1489 610 δέ
1514 559 1707 628 φύσεως
1730 552 1794 607 ὢν
1817 561 1887 624 τῷ
1913 557 2088 630 πατρί,

2196 551 2451 606 Trinitate
2474 554 2618 606 solus
2640 554 2793 606 Arius
2821 567 2980 608 ausus
3000 553 3197 618 dicere,
3234 561 3481 620 tanquam
3508 552 3754 621 blaspbe.

534 652 584 702 έν
614 656 676 722 τῇ
713 645 815 720 ἰδίᾳ
851 647 1132 702 ὑποστάσει
1164 644 1552 720 ἐδηαιοὺργησεν
1577 646 1740 714 έαυτῷ
1765 646 1927 717 σάρκα
1965 644 2091 713 ἐψυ-

533 740 773 809 χωμένην
799 737 950 811 ψυχῇ
979 738 1140 810 λεγικῇ
1164 739 1248 790 καί
1272 741 1438 810 νοερᾷ,
1479 734 1601 809 ὅπερ
1637 733 1778 792 δηλοῖ
1812 735 2090 813 ἀνθρωπίνη

533 830 677 899 φύσει
696 828 925 886 ένωθῆναι
947 828 1029 881 τὸν
1043 848 1070 882 τ
1083 833 1130 880 οῦ
1149 832 1272 879 Θεοῦ
1287 825 1442 898 λόγον.
1463 829 1545 879 καί
1567 827 1623 876 οὑ
1630 846 1671 893 χ
1687 826 1970 878 ὑποστάσει
1980 825 2092 882 ἤτοι

535 921 798 991 προσώπῳ
825 916 972 972 τοῦδέ
999 933 1147 977 τινος·
1181 915 1296 970 ἔστι
1322 918 1486 970 τοίνυν
1515 915 1540 969 ὁ
1569 922 1658 970 τοῦ
1684 921 1808 968 Θεοῦ
1841 915 1981 986 λόγος
2009 916 2092 967 καὶ

537 1010 810 1082 σαρκωθείς
833 1011 923 1078 μία
951 1007 1233 1066 ὑπόστασις
1252 1007 1299 1058 ἐν
1319 1006 1530 1080 ἑκατέρᾳ
1554 1011 1696 1075 φύσει
1711 1000 2094 1076 γνωριζόμενος,

536 1100 587 1151 ἓν
607 1098 658 1152 δέ
678 1106 740 1170 τῇ
763 1100 890 1172 θείᾳ,
919 1099 969 1152 έν
989 1095 1022 1172 ᾖ
1039 1098 1245 1171 ὑπῆρχε
1273 1099 1401 1150 κατὰ
1422 1098 1501 1161 τὸ,
1519 1095 1681 1156 --⁶Ος
1707 1098 1756 1150 iv
1778 1105 1940 1170 μορφῇ
1963 1103 2088 1152 Θεοῦ

537 1189 812 1260 ὑπάρχων.
839 1216 910 1226 -
932 1189 1010 1242 καί
1033 1187 1080 1239 έν
1105 1195 1166 1258 τῇ
1185 1187 1464 1260 ἀνθρωπίνῃ
1494 1187 1622 1240 κατά
1640 1188 1716 1250 τὸ,
1735 1196 1888 1240 -Ἑν
1907 1185 2089 1255 ὁμοιώ-

538 1299 661 1348 ματι
679 1278 947 1350 ἀνθρώπων
965 1276 1237 1348 γενόμενος.
1253 1303 1319 1315 -
1332 1278 1431 1327 Καὶ
1450 1273 1533 1329 διὰ
1551 1281 1699 1330 τοῦτο
1719 1275 1940 1334 εὐσεϐῶς
1961 1273 2092 1329 εἴποι

539 1387 614 1427 τις
653 1364 715 1424 ἂν
893 1365 1178 1419 ὑπόστασιν
1202 1370 1292 1418 τοῦ
1333 1370 1462 1418 Θεοῦ
1488 1365 1632 1434 λόγου
1678 1365 1930 1428 σύνθετον,
1961 1365 2088 1440 ἤπερ

538 1458 657 1525 μίαν
680 1454 824 1526 φύσιν
853 1455 1100 1508 σύνθετον·
1132 1451 1300 1510 ἐπειδὴ
1323 1450 1400 1506 ὅτε
1423 1452 1530 1505 καθ’
1557 1453 1735 1510 ἑαυτὴν
1756 1452 1924 1511 ἁπλῶς
1944 1451 2091 1524 φύσις

537 1544 750 1614 λέγεται,
783 1547 852 1612 μὴ
877 1543 1234 1613 προσκειμένου
1262 1543 1424 1614 ταύτῃ
1453 1541 1607 1597 ίδικοῦ
1637 1563 1766 1600 τινος
1787 1545 2088 1617 προσώπου,

541 1632 773 1705 ἀόριστόν
792 1653 858 1693 τι,
889 1633 972 1684 καί
991 1625 1337 1684 ἀνυπόστατον
1365 1629 1523 1686 δηλοῑ⁶
1551 1632 1608 1684 τὸ
1630 1631 1681 1683 δέ
1704 1631 1938 1706 ἀόριστον
1966 1633 2092 1702 πρὸς

538 1721 675 1776 οὐδὲν
700 1723 989 1780 συντεθῆναι
1013 1719 1239 1774 δύναται.
1270 1724 1325 1772 Εἰ
1354 1719 1404 1773 δέ
1431 1740 1508 1778 τις
1534 1723 1614 1772 καί
1637 1727 1762 1788 μετὰ
1789 1723 1907 1779 τοὺς
1929 1724 2092 1774 τοιού-

537 1834 659 1873 τους
678 1811 853 1885 λόγους
877 1813 1002 1883 πρὸς
1029 1811 1317 1882 φιλονεικίαν
1345 1810 1492 1880 μόνην
1517 1809 1665 1884 ὁρῶν,
1694 1812 1953 1864 ἀντιθεῖναι
1980 1813 2090 1866 έπι-

2192 656 2312 694 mus
2341 640 2724 694 condemnatus
2753 650 2852 694 est.
2879 640 3002 696 Ideo
3025 641 3184 709 igitur
3228 641 3517 695 secundum
3557 652 3755 696 rectam

2189 731 2471 794 rationem,
2502 730 2724 782 duarum
2763 739 3070 784 naturarum
3099 729 3325 784 dicimus
3362 731 3673 796 unitionem,
3704 743 3758 787 et

2192 834 2348 872 unam
2372 820 2767 873 subsistentiam
2795 837 2808 872 :
2848 822 3098 888 quoniam
3142 820 3237 875 Dei
3265 822 3444 886 Filius,
3476 839 3596 877 cum
3617 837 3759 878 esset

2190 907 2480 961 secundum
2529 910 2923 964 subsistentiam
2954 912 3089 964 alter
3127 920 3323 979 prazter
3349 911 3579 977 Patrem,
3607 928 3756 967 eam-

2191 995 2312 1050 dem
2340 1007 2517 1051 autem
2547 1008 2794 1053 naturam
2819 1000 3022 1054 habens
3050 999 3240 1067 Patris,
3266 1002 3318 1054 in
3347 1018 3442 1056 sua
3466 1003 3756 1057 subsisteu-
3835 1049 3841 1054 .

2190 1089 2262 1141 tia
2293 1089 2572 1157 plasmavit
2593 1091 2692 1144 sibi
2713 1106 2928 1144 carnem
2967 1092 3254 1145 animatam
3285 1093 3462 1146 anima
3508 1094 3756 1148 rationali

2189 1186 2244 1230 et
2265 1177 2612 1231 intellectuali
2639 1197 2651 1231 :
2680 1179 2823 1247 quod
2846 1179 3124 1246 signiﬁcat,
3153 1181 3395 1236 humana:
3422 1190 3624 1237 natura:
3642 1185 3757 1236 uni-

2188 1273 2301 1318 tum
2341 1279 2458 1319 esse
2509 1265 2674 1320 Deum
2703 1267 2958 1332 Verbum,
3015 1277 3069 1323 et
3114 1285 3222 1322 non
3267 1271 3620 1325 subsistentia:
3661 1287 3756 1326 seu

2188 1371 2430 1425 persona:
2458 1357 2749 1426 cujusdam.
2783 1357 2878 1412 Est
2899 1360 3062 1427 igitur
3087 1360 3231 1414 Deus
3263 1360 3494 1415 Verbum
3517 1371 3571 1416 ct
3593 1363 3756 1416 incar-

2191 1463 2364 1518 natus,
2395 1470 2498 1507 una
2526 1455 2864 1509 subsistentia
2895 1457 2948 1510 in
2971 1464 3198 1525 utraque
3226 1466 3415 1512 natura
3435 1475 3755 1527 cognoscen-

2190 1542 2326 1596 dus:
2359 1543 2408 1596 in
2439 1543 2635 1610 divina,
2666 1545 2716 1597 in
2750 1560 2854 1612 qua
2893 1555 3030 1612 erat,
3070 1555 3232 1615 prout
3271 1547 3470 1603 dictum
3508 1560 3618 1611 est,
3657 1549 3753 1613 Qui

2189 1649 2300 1686 cum
2324 1635 2379 1687 in
2407 1637 2574 1706 forma
2613 1634 2708 1688 Dei
2744 1645 2873 1688 esset
2901 1635 3118 1704 (Philip.
3137 1638 3231 1706 Jl);
3259 1646 3315 1692 et
3337 1640 3388 1692 in
3417 1639 3644 1693 humana
3670 1655 3756 1694 se—

2190 1722 2418 1775 cundum
2447 1722 2552 1776 hoc
2569 1723 2710 1791 quod
2731 1731 2811 1777 est
2831 1725 2882 1778 in
2911 1725 3292 1779 similitudinem
3313 1728 3568 1781 hominum
3591 1728 3756 1798 [actus

2194 1809 2456 1879 (Ibidem).
2493 1809 2557 1863 Et
2589 1811 2710 1865 ideo
2739 1811 2865 1882 [pie,
2906 1813 3098 1884 Graia]
3144 1817 3344 1873 rectius
3387 1818 3529 1873 dicat
3566 1820 3758 1887 aliquis

540 1905 968 1976 χειρήσει,).έγων,
1023 1899 1104 1976 ὅτι
1145 1903 1274 1955 κατά
1311 1901 1395 1955 ’τὸν
1443 1899 1746 1955 άποδοθέντα
1774 1909 1865 1959 τῆς
1898 1899 2094 1972 φύσεως

2196 1918 2351 1956 unam
2400 1902 2792 1958 subsistentiam
2837 1904 2932 1959 Dei
2977 1906 3136 1960 Verbi
3183 1909 3554 1976 compositam,
3597 1927 3756 1980 quam

538 1993 680 2063 λόγον
708 1997 817 2066 χρὴ
846 1994 928 2044 καί
953 1995 1041 2048 τήν
1070 1991 1375 2063 ἀνθρωπίνην
1405 1990 1549 2060 φύσιν
1585 1995 1676 2042 τοῦ
1712 1996 1932 2062 Χριστοῦ
1963 1988 2093 2044 ἰδίαν

538 2082 836 2143 ὑπόστασιν,
858 2082 968 2136 ἐπι-οι
995 2080 1263 2150 πρόσωπον
1289 2077 1410 2133 ἴδιον
1439 2076 1471 2131 ἕ
1471 2099 1604 2148 χειν,
1634 2077 1878 2151 πρόδηλός
1908 2081 2039 2136 ἐστιν
2067 2080 2093 2134 ό

539 2176 783 2236 τοιοῦτος,
813 2168 889 2224 ὅτι
921 2169 1302 2243 προῦποστάντι
1329 2169 1571 2241 ἀνθρώπῳ
1599 2169 1834 2225 ἑνωθῆναι
1859 2169 1984 2240 λέγει
2008 2173 2095 2226 τὸν

537 2261 699 2329 λόγον,
726 2262 811 2315 καί
829 2263 1074 2328 σχετικὴν
1090 2259 1381 2329 γεγενῆσθαι
1398 2262 1487 2315 τήν
1511 2258 1703 2312 ἕνωσιν.
1727 2259 1821 2310 Δὺο
1843 2261 1939 2334 γὰρ
1962 2259 2094 2312 ὑπο-

542 2351 796 2412 στάσεων,
835 2347 948 2407 ἤτοι
971 2349 1254 2419 προσώπων
1288 2347 1394 2400 καθ’
1420 2347 1699 2401 ὑπόστασιν
1734 2349 1957 2419 γενέσθαι
1985 2349 2097 2401 ἕνω-

542 2459 624 2494 σιν
649 2438 913 2494 ἀδύνατον.
935 2434 1093 2492 Ὠστε
1123 2437 1147 2491 ὁ
1168 2443 1334 2492 ταῦτα
1351 2437 1524 2508 λέγων,
1546 2438 1602 2491 τὸ
1622 2436 1830 2492 δυνατὸν
1855 2444 1944 2494 τοῦ
1969 2447 2094 2492 Θεοῦ

539 2528 695 2600 λόγοις
721 2529 1027 2604 ἀνθρωπίνης
1056 2531 1233 2598 σοφίας
1258 2534 1468 2582 κενῶσαι
1499 2527 1816 2592 σπουδάζων,
1849 2529 2016 2598 άγνοεῖ
2038 2532 2096 2582 τὸ

541 2624 668 2694 μέγα
689 2629 781 2682 τῆς
805 2621 1061 2683 εὐσεϐείας
1087 2625 1378 2697 μυστήριον,
1409 2619 1532 2696 ὅπερ
1555 2621 1734 2696 καρδίᾳ
1750 2625 1841 2687 μέν
1864 2625 2095 2680 πιστεύε-

539 2736 624 2770 ται
661 2718 734 2775 είς
761 2713 1095 2776 δικαιοσύνην,
1125 2713 1340 2786 στόματι
1375 2712 1429 2767 δέ
1476 2712 1785 2786 ὁμολογεῖται
1822 2717 1891 2776 εἰς
1929 2739 2097 2776 σωτηο

538 2809 651 2880 ρίαν
676 2823 686 2833 ·
711 2802 823 2860 οῦτε
861 2805 960 2880 γάρ
987 2806 1034 2862 ἡ.
1059 2802 1338 2879 ἀνθρωπίνη
1359 2803 1510 2876 φύσις
1539 2811 1629 2860 τοῦ
1671 2813 1892 2878 Χριστοῦ
1928 2808 2099 2869 ἁπλῶς

540 2915 662 2950 ποτε
687 2895 900 2966 λέγεται,
927 2893 1028 2947 ἀλλ’
1053 2891 1164 2948 οὔτε
1194 2893 1319 2948 ἰδίαν
1347 2894 1655 2955 ὑπόστασιν,
1685 2895 1796 2952 ἦτοι
1823 2896 2098 2966 πρόσωπον

540 2985 721 3056 ἴσχεν,
764 2985 866 3040 ἀλλ’
890 2988 940 3040 έν
967 2993 1030 3059 τῇ
1061 2987 1338 3041 ὑποστάσει
1378 2993 1468 3040 τοῦ
1510 2985 1658 3058 λόγου
1698 2993 1785 3046 τήν
1811 2989 1982 3062 ἀρχὴν
2007 2997 2100 3050 τῆς

542 3077 801 3153 ὑπάρξεως
839 3075 1037 3131 ἔλαϐεν.
1062 3073 1206 3130 Ὅθεν
1227 3078 1378 3130 αὑτὸν
1406 3075 1484 3130 τὸν
1512 3078 1634 3130 Θεὸν
1664 3077 1806 3148 λόγον
1838 3080 2100 3152 ἀτρέπτως

538 3165 796 3240 ἄνθρωπον
815 3167 1107 3238 γεγενῆσθαι
1141 3166 1492 3238 ὁμολογοῦμεν,
1523 3170 1607 3220 καί
1635 3170 1724 3220 οὑκ
1745 3170 1814 3228 είς
1842 3167 2100 3244 ἄνθρωπόν

2196 2005 2352 2043 unam
2391 1999 2635 2043 naturam
2679 1984 3068 2060 compositam:
3110 1997 3363 2062 quoniam
3409 2013 3530 2052 cum
3569 2014 3665 2066 per
3698 2015 3758 2053 se

2192 2080 2434 2134 absolute
2467 2089 2659 2134 natura
2692 2081 2904 2147 dicitur,
2933 2098 3040 2138 non
3069 2084 3274 2150 adjecta
3321 2087 3370 2140 ei
3411 2087 3633 2155 speciali
3666 2104 3760 2141 cu-

2187 2169 2398 2237 jusdam
2425 2184 2672 2238 persona,
2707 2169 2991 2236 inﬁnitum,
3023 2181 3077 2226 et
3099 2188 3204 2226 non
3233 2174 3524 2230 subsistens
3560 2176 3761 2244 aliquid

2193 2256 2454 2323 signiﬁcat
2478 2277 2491 2310 :
2514 2257 2778 2314 inﬁnitum
2815 2269 2994 2314 autem
3022 2261 3090 2316 ad
3118 2262 3249 2316 nihil
3279 2273 3454 2332 potest
3489 2265 3756 2334 componi.

2193 2345 2285 2400 Sin
2315 2355 2492 2400 autem
2516 2348 2704 2417 aliquis
2724 2358 2780 2404 et
2803 2358 2920 2419 post
2944 2350 3077 2404 tales
3105 2352 3343 2407 rationes
3363 2353 3428 2406 ad
3459 2355 3761 2408 contentio-

2194 2451 2317 2490 nem
2361 2439 2530 2492 solam
2585 2440 2896 2508 respiciens,
2950 2455 3226 2510 opponere
3281 2451 3529 2507 conatur,
3581 2444 3762 2499 dicens

2195 2527 2338 2594 quod
2384 2529 2674 2583 secundum
2707 2530 2964 2584 redditam
3007 2539 3212 2584 natura:
3240 2533 3498 2586 rationem
3549 2541 3764 2600 oportet

2197 2631 2252 2676 et
2278 2623 2564 2678 humanam
2585 2634 2828 2680 naturam
2849 2625 3045 2680 Christi
3076 2641 3225 2680 suam
3247 2627 3642 2682 subsistentiam
3667 2644 3761 2681 seu

2196 2733 2479 2787 personam
2529 2719 2797 2786 propriam
2837 2719 3037 2774 habere
3079 2737 3093 2772 :
3137 2720 3448 2774 manifestus
3499 2729 3581 2775 est
3621 2721 3760 2782 talis.

2195 2808 2338 2877 quod
2360 2816 2483 2862 ante
2511 2807 2816 2863 subsistenti
2841 2809 3043 2863 homini
3067 2811 3270 2864 unitum
3300 2824 3419 2864 esse
3444 2810 3574 2864 dicit
3596 2810 3764 2864 Deum

2197 2902 2449 2968 Verbum,
2481 2911 2538 2957 et
2565 2901 2897 2958 atl‘ectualem
2943 2902 3138 2957 iactam
3171 2918 3296 2958 esse.
3332 2903 3606 2957 unitatem.
3636 2902 3764 2956 Duae

2198 2992 2342 3047 cnim
2371 2993 2726 3048 subsistentia;
2753 3007 2846 3047 seu
2870 3007 3112 3061 persona:
3151 2992 3441 3048 secundum
3471 2992 3764 3047 subsisten-

2199 3082 2326 3136 tiam
2357 3083 2495 3136 uniri
2526 3098 2631 3137 non
2661 3091 2902 3152 possunt.
2933 3083 3035 3148 Qui
3056 3083 3216 3151 igitur
3235 3082 3352 3137 haec
3377 3083 3527 3150 dicit,
3552 3083 3643 3136 Dei
3663 3097 3764 3152 po»

2202 3174 2420 3227 tentiam
2439 3175 2617 3228 verbis
2635 3174 2876 3228 humanm
2896 3175 3168 3242 sapientia:
3193 3188 3457 3228 evacuare
3482 3173 3762 3234 festinans,

540 3279 650 3312 τινα
673 3258 818 3311 αὑτὸν
841 3257 1144 3315 ἓληλυθέναυ
1176 3259 1260 3310 καί
1294 3262 1382 3310 τοῦ
1405 3257 1556 3310 αὑτοῦ
1583 3263 1704 3308 Θεοῦ
1731 3257 1881 3330 λόγου
1908 3281 2095 3332 σαρκω·

2202 3262 2410 3330 ignorat
2437 3276 2684 3330 magnum
2705 3264 2920 3331 pietatis
2949 3263 3280 3330 mysterium,
3303 3262 3446 3330 quod
3466 3261 3627 3316 corde
3648 3263 3766 3330 qui-

540 3353 702 3409 θέντος
727 3354 816 3407 τὴν
843 3350 895 3402 ix
915 3349 1158 3420 παρθένου
1185 3350 1408 3420 γέννησιν
1433 3344 1574 3412 εἶναι,
1597 3352 1679 3402 καί
1705 3347 1786 3404 διὰ
1816 3357 1966 3406 τοῦτο
1993 3355 2100 3407 θεο-

540 3441 683 3495 τόκον
723 3434 844 3493 εἶναι
876 3443 964 3496 τήν
992 3438 1135 3510 ἁγίαν
1173 3437 1361 3502 ἔνδοξον
1405 3440 1730 3511 ἀειπάρθενονη
1762 3442 1980 3514 Μαρίαν.
2010 3445 2099 3498 Διά

541 3533 690 3580 τοῦτο
729 3529 811 3579 καί
837 3527 936 3600 πρὸ
957 3533 1046 3586 τῆς
1072 3529 1374 3599 σαρκώσεως
1407 3533 1494 3581 τοῦ
1525 3533 1649 3580 Θεοῦ
1674 3526 1839 3596 λόγου,
1869 3531 1949 3583 καί
1973 3533 2100 3598 μετά

540 3623 631 3675 τήν
655 3619 810 3674 αὑτοῦ
847 3621 1098 3693 σάρηωσιν
1130 3626 1261 3694 τρεῖς
1303 3619 1614 3680 ὑποστάσεις
1650 3619 1854 3690 λέγομεν
1881 3627 1968 3674 τοῦ
1998 3644 2098 3677 πα-

540 3711 661 3784 τρὸς
681 3713 760 3764 καὶ
783 3716 874 3766 τοῦ
896 3711 1006 3764 υἱοῦ
1047 3712 1132 3763 καί
1159 3715 1249 3764 τοῦ
1474 3711 1779 3781 πνεύματος,
1822 3720 1913 3770 τῆς
1953 3711 2099 3782 ἁγίας

541 3801 743 3878 τριάδος
770 3805 1015 3875 τετάρτης
1053 3802 1408 3866 ὑποστάσεως,
1437 3800 1544 3859 ἤτοι
1570 3803 1849 3870 προσώπου
1882 3805 2101 3872 προσθή-

541 3913 626 3949 ιην
655 3896 724 3962 μή
749 3889 1120 3959 έπιδεξαμένης.
1145 3888 1226 3942 Ἐκ
1253 3892 1443 3945 τούτων
1477 3892 1638 3945 τοίνυν
1674 3893 1875 3945 πάντων
1915 3889 2101 3963 διελέγο

542 4003 726 4053 χονται
763 3983 808 4036 oi
845 3983 1066 4054 λέγοντες
1115 3985 1216 4058 πρὸ
1259 3990 1351 4042 τῆς
1399 3982 1624 4042 ένώσεως
1672 3983 1763 4038 δύο
1805 3987 1998 4055 φύσεις,
2032 3989 2100 4046 ὡς

539 4075 940 4147 προῦποστάντα
972 4075 1194 4142 λέγουσιν
1241 4070 1521 4146 ἄνθρωπον,
1565 4076 1647 4126 καί
1681 4075 1839 4133 οὕτως
1869 4076 2102 4134 ένωθῆναι

543 4170 616 4233 τῷ
643 4170 752 4232 Θεῷ
779 4163 928 4234 λόγῳ,
947 4163 1076 4215 κατὰ
1093 4166 1181 4219 τὴν
1201 4164 1382 4230 μανίαν
1407 4161 1687 4236 Θεοδώρου,
1716 4167 1800 4217 καί
1829 4170 2098 4238 Νεστορίου

540 4250 640 4307 τῶν
663 4252 884 4307 ἀσεϐῶν·
911 4252 956 4303 oi
986 4250 1038 4305 δέ
1073 4251 1292 4322 λέγοντες
1318 4255 1386 4322 μὴ
1425 4259 1613 4323 χρῆναι
1655 4252 1809 4321 λέγειν
1846 4255 1975 4322 μετὰ
2013 4259 2101 4312 τήν

543 4343 720 4396 ἕνωσιν
745 4338 838 4396 δύο
857 4339 1032 4411 φύσεις
1051 4340 1132 4393 έπί
1154 4346 1398 4412 Χριστοῦ,
1419 4341 1539 4394 άλλά
1565 4343 1683 4410 μίαν
1707 4340 1878 4412 φύσιν,
1901 4345 2103 4414 σύγχυ-

540 4451 643 4492 σιν,
685 4434 770 4484 καὶ
798 4433 1078 4505 φαντασίαν
1110 4430 1394 4499 εἰσάγοντες
1419 4427 1727 4501 [εἰσάγουσι]
1758 4434 1882 4486 κατά
1909 4431 2099 4486 ’Δπολιο

540 4521 728 4583 vim»,
752 4521 834 4573 καί
859 4518 1098 4587 Εὑτυχέα
1124 4520 1240 4577 τούς
1267 4515 1778 4577 άσεϐεῖς.“Δλλόὑτοι
1805 4522 1892 4588 μέν
1911 4527 2095 4575 ταῦτα.

2199 3351 2318 3406 dem
2341 3351 2573 3406 creditur
2601 3351 2670 3405 ad
2684 3351 2966 3420 justitiam,
2997 3367 3092 3406 ore
3120 3361 3298 3405 autem
3327 3351 3592 3406 confessio
3611 3353 3672 3404 tit
3695 3352 3766 3405 ad

2198 3439 2446 3496 salutem.
2487 3441 2669 3510 Neque
2696 3442 2837 3495 enim
2871 3441 3100 3495 humana
3129 3440 3326 3495 Christi
3353 3448 3544 3494 natura
3585 3455 3680 3509 per
3705 3455 3766 3493 se

2199 3529 2441 3582 absolute
2463 3544 2694 3598 unquam
2713 3529 2927 3592 dicitur,
2956 3530 3049 3584 sed
3077 3545 3174 3584 nec
3199 3545 3348 3583 suam
3369 3529 3765 3583 subsistentiam

2198 3635 2292 3674 seu
2323 3635 2604 3689 personam
2630 3621 2849 3675 habuit:
2885 3621 2978 3676 sed
3007 3623 3058 3675 in
3101 3621 3439 3675 subsistentia
3469 3622 3561 3675 Dei
3583 3621 3769 3684 Verbi,

2199 3718 2389 3763 natura
2421 3710 2651 3764 humana
2682 3711 2886 3764 initium
2916 3709 3144 3782 [initium
3191 3710 3486 3763 existentiae
3525 3709 3761 3778 accepit,

2201 3804 2390 3876 (ἔνωθεῖ
2421 3815 2481 3860 ut
2502 3816 2660 3872 esset,
2685 3808 2908 3862 habuit:
2939 3792 3079 3862 unde
3109 3809 3280 3877 ipsum
3331 3807 3499 3861 Deum
3529 3807 3766 3861 Verbum

2202 3895 2603 3949 immutabiliter
2629 3896 2898 3951 hominem
2947 3895 3147 3950 factum
3190 3910 3307 3950 esse
3342 3895 3677 3957 conﬁtemur,
3707 3905 3766 3948 et

2201 4001 2306 4040 non
2334 3985 2386 4038 in
2431 3986 2701 4040 hominem
2729 3985 3014 4054 quemdam
3043 3986 3284 4050 venisse;
3327 3993 3382 4038 et
3410 3984 3646 4052 ejusdem
3670 3984 3765 4038 Dei

2201 4075 2358 4130 Verbi
2390 4077 2650 4131 incarnati
2679 4091 2798 4132 esse
2837 4076 3166 4130 nativitatem
3199 4092 3268 4130 ex
3307 4076 3530 4143 virgine,
3561 4085 3616 4130 et
3643 4091 3767 4144 pro-

2198 4184 2318 4242 pter
2345 4175 2450 4243 hoc
2477 4174 2570 4228 Dei
2601 4174 2924 4229 Genitricem
2963 4183 3200 4229 sanctam
3229 4174 3511 4240 gloriosam
3555 4189 3768 4242 semper

2200 4265 2455 4330 virginem
2499 4263 2722 4316 Mariam
2759 4277 2896 4318 esse.
2932 4263 3060 4317 ideo
3099 4272 3152 4316 et
3191 4269 3316 4342 ante
3348 4262 3767 4315 incarnationem

2201 4354 2294 4406 Dei
2321 4353 2500 4416 Verbi,
2543 4360 2598 4406 et
2636 4360 2757 4421 post
2801 4353 2915 4419 ejus
2945 4351 3386 4414 incarnationem,
3444 4359 3552 4404 tres
3593 4350 3767 4403 subsi-

2200 4444 2422 4498 stentias
2449 4443 2671 4497 dicimus
2698 4441 2888 4506 Patris,
2939 4449 2994 4495 et
3041 4439 3180 4502 Filii,
3205 4447 3260 4494 et
3299 4439 3527 4508 Spiritus
3571 4441 3762 4492 sancti.

2201 4531 2318 4585 Non
2355 4532 2498 4585 enim
2544 4539 2728 4586 sancta
2757 4530 2990 4584 Trinitas
3035 4537 3237 4597 quartae
3285 4529 3639 4584 subsistentia:
3679 4527 3765 4580 vel

539 4619 599 4664 Οἱ
625 4611 676 4663 δί
709 4608 838 4682 ἅγιοι
866 4610 1084 4682 πατέρες
1123 4610 1250 4680 μετά
1286 4613 1374 4666 τήν
1413 4615 1502 4662 τοῦ
1546 4609 1692 4680 λόγου
1735 4611 2095 4684 ένανθρώπησιν

2200 4635 2441 4689 persona:
2467 4619 2820 4687 adjectionem
2848 4619 3100 4687 suscepit.
3133 4617 3209 4670 Ex
3233 4618 3313 4671 his
3336 4618 3495 4686 igitur
3520 4617 3766 4670 omnibus

537 4699 878 4772 θεωρήσαντες
901 4699 964 4751 τά
986 4699 1037 4763 ἐξ
1060 4695 1126 4750 ὧν
1149 4697 1176 4752 ὁ
1201 4699 1442 4770 Χριστὸς,
1469 4701 1550 4751 καί
1587 4697 1665 4753 ὅτι
1695 4701 1986 4770 ἀσὺγχυτοι
2009 4722 2097 4771 με·

541 4795 808 4858 μνήκασιν
842 4791 892 4844 αί
928 4791 1124 4860 φύσεις,
1159 4789 1403 4863 ὀρθότατα
1441 4791 1535 4848 τὰς
1582 4788 1671 4844 δύο
1713 4792 1887 4860 φύσεις
1922 4795 2014 4851 τήν
2040 4813 2094 4846 τε

539 4880 693 4942 θείαν,
719 4881 802 4932 καί
845 4881 1147 4956 ἀνθρωπίνην
1187 4880 1236 4931 ἐν
1275 4886 1346 4948 τῷ
1391 4886 1594 4949 Χριστῷ
1642 4875 1765 4935 εἶναι
1815 4885 2092 4955 εἰρήκασιν.

541 4969 663 5024 δῦτε
686 4972 784 5046 γάρ
814 4972 912 5042 πρὸ
951 4979 1040 5029 τῆς
1078 4972 1493 5043 ἐνανθρωπήσεως
1521 4969 1609 5023 δύο
1638 4973 1812 5041 φύσεις
1840 4971 1969 5032 ἦσαν
2005 4981 2095 5028 τοῦ

539 5061 736 5132 κυρίου,
763 5057 876 5112 οὑδί
905 5062 1035 5128 μετά
1068 5065 1157 5117 τήν
1191 5061 1551 5129 ἐνανθρώπησιν
1573 5061 1621 5112 αἱ
1661 5059 1749 5114 δύο
1777 5064 1866 5132 μία
1899 5063 2099 5136 γεγόναο

542 5170 637 5209 civ,
656 5150 699 5206 εί
725 5151 807 5202 καί
832 5149 880 5204 έν
903 5153 995 5218 μιᾷ
1017 5150 1301 5204 ὑποστάσει
1321 5154 1664 5221 γνωρίζονται.

2197 4712 2581 4767 convincuntur
2609 4712 2698 4780 qui
2725 4709 2936 4774 dicunt,
2967 4718 3090 4764 ante
3133 4709 3425 4763 unitionem
3455 4707 3588 4761 duas
3611 4716 3764 4760 natu-

2196 4815 2282 4853 ras
2310 4815 2445 4864 esse,
2471 4797 2615 4868 quod
2634 4808 2756 4852 ante
2781 4799 3096 4866 plasmatum
3124 4795 3555 4870 [subsistentem]
3581 4795 3766 4850 dicunt

2199 4888 2486 4952 hominem,
2521 4897 2576 4941 et
2595 4888 2674 4941 sic
2700 4888 2902 4940 unitum
2932 4901 3052 4940 esse
3087 4886 3198 4940 Deo
3231 4884 3424 4948 Verbo,
3473 4883 3764 4937 secundum

2199 4978 2458 5031 insaniam
2487 4977 2750 5031 Theodori
2775 4984 2829 5030 et
2857 4976 3084 5030 Nestorii
3113 4975 3418 5044 impiorum.
3444 4974 3545 5039 Qui
3586 4981 3765 5026 autem

2198 5067 2400 5132 dicunt,
2430 5066 2572 5134 quod
2600 5081 2706 5120 non
2735 5074 2945 5135 oportet
2970 5074 3090 5134 post
3111 5065 3368 5118 unitatem
3389 5063 3521 5116 duas
3549 5070 3766 5114 naturas

2205 5156 2258 5209 in
2284 5155 2518 5219 Christo,
2545 5156 2638 5208 sed
2669 5170 2827 5208 unam
2883 5155 3078 5220 dicere,
3119 5153 3482 5208 confusionem
3515 5161 3570 5205 et
3598 5151 3766 5218 phan-

2209 5245 2394 5298 tasiam
2419 5245 2761 5299 introducunt
2785 5245 3072 5298 secundum
3103 5244 3482 5312 Apollinarium
3521 5251 3577 5296 et
3606 5241 3767 5309 Euty-

2212 5333 2348 5388 chen
2385 5333 2592 5400 impios.
2633 5332 2739 5386 Sed
2767 5333 2851 5386 isti
2883 5332 3095 5399 quidem
3124 5333 3252 5385 haec.
3285 5331 3465 5384 Sancti
3498 5345 3626 5382 vero
3666 5326 3738 5380 Pa

2208 5431 2336 5486 tres,
2361 5429 2482 5489 post
2517 5421 2611 5474 Dei
2642 5419 2799 5473 Verbi
2837 5420 3253 5474 incarnationem
3278 5417 3679 5472 considerantes
3701 5429 3764 5466 ea

539 5521 605 5558 ex
631 5503 821 5573 quibus
847 5500 1088 5559 Christus
1111 5515 1215 5571 cst,
1262 5515 1320 5560 et
1359 5507 1499 5576 quod
1541 5506 1830 5562 inconfusaa
1869 5518 2178 5564 manserunt
2213 5518 2436 5575 naturae,
2465 5508 2758 5562 rectissime
2785 5508 2917 5561 duas
2949 5515 3185 5571 naturas,
3212 5505 3443 5559 divinam
3481 5512 3536 5556 et
3578 5504 3768 5555 humo-

540 5609 681 5660 nam,
711 5594 764 5648 in
785 5591 999 5650 Christo
1017 5609 1134 5651 esse
1157 5596 1423 5652 dixerunt.
1449 5597 1557 5652 Nec
1576 5598 1714 5651 enim
1727 5606 1852 5654 ante
1866 5600 2286 5654 incarnationem
2312 5599 2643 5653 damnatura:
2670 5604 2824 5652 erant
2839 5596 3066 5659 Domini,
3088 5610 3187 5650 nec
3207 5605 3327 5664 post
3346 5593 3763 5662 incarnationem

538 5691 654 5743 dua:
694 5695 898 5742 natura:
923 5701 1025 5741 una
1053 5688 1200 5745 faztae
1225 5695 1366 5755 sunt,
1395 5689 1517 5746 licet
1538 5692 1593 5745 in
1613 5705 1718 5744 una
1747 5691 2083 5745 subsistentia
2110 5699 2514 5760 cognoscantur.

607 5786 780 5832 Ταῦτα
812 5778 863 5832 δέ
892 5782 975 5832 καί
1016 5782 1067 5832 έκ
1102 5787 1198 5839 τῶν
1234 5781 1374 5834 θείων
1409 5789 1638 5856 γραφῶν,
1683 5785 1761 5835 καί
1803 5784 1855 5834 ἐκ
1883 5789 1973 5841 τῆς
2002 5789 2102 5836 τῶν

541 5871 766 5942 πατέρων
805 5866 1126 5931 διδασκαλίας
1165 5868 1485 5941 διδαχθέντες
1522 5873 1649 5949 πρός
1689 5874 1976 5946 ἀνατροπὴν
2003 5882 2099 5927 τῶν

2280 5780 2407 5834 Hmc
2436 5789 2613 5835 autem
2643 5787 2698 5836 et
2727 5796 2790 5835 ex
2819 5781 3010 5834 divinis
3037 5778 3325 5848 Scripturis
3353 5785 3407 5831 et
3429 5777 3642 5828 Patrum
3671 5779 3761 5828 do.

2208 5873 2375 5927 ctrina
2415 5872 2608 5939 edocti,
2664 5873 2727 5926 ad
2758 5871 3064 5927 refutandos
3093 5885 3186 5925 eos
3213 5869 3303 5937 qui
3343 5866 3671 5923 confundunt
3709 5872 3762 5918 et
