4112 6550
375 502 510 567 1013

1400 506 1629 565 LIBER
1670 500 2062 563 ADVERSUS
2098 501 2518 561 ORIGEN’EM.

3466 492 3593 557 10H

370 629 593 700 συγχεεῖν
626 651 728 692 ων,
783 632 863 682 καί
915 629 1188 698 τεμνόντων
1234 628 1291 680 τὸ
1338 636 1427 684 τῆς
1474 627 1605 682 θείας
1655 625 1934 692 οἰκονομίας

2046 619 2278 671 dividunt
2321 620 2510 671 divina:
2559 616 2965 685 dispensationis
3012 613 3349 685 mysterium,
3399 609 3589 664 merito

370 724 664 794 μυστήριον,
697 717 900 780 εἰκότως
928 718 1233 795 ἐγράψαμεν,
1269 720 1346 769 καὶ
1370 717 1422 768 ού
1451 723 1523 784 τῷ
1558 716 1839 782 σαφηνίζειν
1869 714 1935 765 τά

370 812 419 871 έξ
450 806 515 861 ὦν
538 810 663 870 ἐστι,
694 810 777 861 καί
804 810 854 861 έν
880 804 951 866 οἷς
972 804 1313 881 γνωρίζεταιὸ
1343 803 1575 880 Χριστὸς,
1606 804 1867 872 σύγχυσιν
1906 799 1935 857 ἣ

372 899 397 951 δ
419 900 610 970 αἰρεσιν
717 900 825 972 θείᾳ
854 899 1106 970 οἰκονομία
1136 898 1416 967 εἰσάγομεν.
1447 893 1637 963 ’Δμέλει
1657 892 1937 959 δοξολογίαν

373 988 570 1041 καϋτόν
594 995 683 1045 τῆς
707 988 926 1045 ένὼσεως
955 986 1032 1055 lo",
1045 1007 1097 1040 ον
1118 988 1470 1059 προφέροντες,
1502 986 1590 1037 ἕνα
1608 983 1831 1054 Χριστὸν
1856 983 1939 1033 καὶ

372 1080 476 1130 υἱὸν
518 1082 602 1131 καὶ
642 1079 812 1151 κύριον
858 1080 944 1132 τὸν
972 1084 1063 1137 τοῦ
1095 1084 1217 1131 Θεοῦ
1244 1077 1387 1147 λόγον
1417 1075 1818 1146 σεσαρκωμένον,
1858 1075 1940 1125 καί

375 1170 823 1243 ένανθρωπήσαντα
845 1168 1173 1240 ὁμολογοῦμέν
1209 1188 1262 1222 τε
1280 1211 1293 1229 ,
1325 1172 1408 1220 καί
1446 1172 1821 1240 προσκυνοῖμεν
1847 1166 1941 1217 σὺν

377 1268 447 1330 τῷ
479 1263 634 1329 πατρί
660 1264 740 1313 καί
764 1269 835 1329 τῷ
860 1260 984 1331 ἁγίῳ
1012 1263 1279 1329 πνεύματι.
1319 1260 1516 1313 Τούτων
1542 1257 1700 1317 οὕτως
1730 1258 1826 1311 ὑπὸ
1853 1264 1941 1316 τῆς

376 1358 462 1404 τοῦ
493 1358 617 1405 Θεοῦ
644 1352 894 1411 καθολικῆς
921 1353 1182 1411 ἐκκλησίας
1212 1351 1612 1422 ὁμολογουμένων
1631 1392 1648 1417 ,
1688 1354 1943 1421 γινώσκειν

377 1442 655 1511 βουλόμεθα
679 1443 872 1501 πάντας
899 1444 1016 1500 τούς
1038 1452 1071 1494 Χ
1079 1444 1387 1515 ριστιανοὺς,
1424 1438 1504 1494 ὅτι
1524 1442 1692 1514 ὥσπερ
1720 1440 1804 1492 ἕνα
1826 1440 1943 1492 Θεὸν

378 1534 459 1582 καί
484 1528 654 1602 κύριον
694 1528 900 1599 ἔχομεν,
933 1531 1064 1583 οὕτω
1103 1533 1184 1583 καὶ
1209 1534 1325 1599 μίαν
1353 1532 1542 1583 πίστιν.
1578 1526 1657 1587 Εἷς
1684 1531 1783 1600 γάρ
1810 1530 1945 1582 ἐστιν

379 1618 494 1692 ὅρος
524 1624 774 1681 πίστεως,
804 1620 862 1672 τὸ
893 1618 1146 1690 ὁμολογεῖν
1184 1624 1265 1672 καὶ
1296 1620 1447 1691 ὀρθῶς
1471 1617 1689 1680 δοξάζειν
1725 1618 1943 1688 πατέρα,

378 1715 463 1764 γαί
490 1712 701 1785 Χριστὸν
727 1712 810 1764 τὸν
830 1712 933 1762 υἷον
954 1716 1043 1763 τοῦ
1066 1715 1211 1768 Θεοῦ.
1240 1713 1325 1761 καὶ
1349 1709 1487 1780 ἅγιον
1514 1715 1728 1780 πνεῦμα.
1748 1710 1946 1763 Ταύτην

376 1808 466 1859 την
489 1800 749 1871 ὁμολογίαν
776 1799 1105 1871 φυλάττομεν,
1139 1802 1208 1857 ε⁷ς
1234 1800 1290 1857 ἣν
1319 1801 1402 1850 καί
1431 1798 1815 1864 ἐϐαπτίσθημεν,
1844 1794 1943 1847 δω-

380 1893 606 1965 ρηθεῐσαν
636 1892 724 1959 μέν
752 1892 895 1963 παρὰ
929 1896 1017 1942 τοῦ
1046 1889 1262 1959 μεγάλου
1289 1894 1413 1941 Θεοῦ
1444 1889 1526 1940 καί
1557 1895 1785 1958 σωτῆρος
1812 1887 1948 1954 ἡμῶν

2034 709 2356 777 scripsimus,
2386 718 2439 761 et
2470 724 2572 761 non
2602 723 2667 760 eo
2694 706 2835 775 quod
2858 704 3193 760 declaramus
3227 718 3287 758 ea
3317 719 3382 757 ex
3406 702 3595 770 quibus

2037 806 2138 863 est,
2167 805 2223 852 et
2251 798 2302 851 in
2334 798 2525 866 quibus
2553 796 2892 862 cognoscitur
2923 793 3186 857 Christus,
3226 792 3592 847 confusionem

2037 888 2120 941 vel
2148 887 2458 940 divisionem
2488 886 2679 939 divina:
2718 882 3105 952 dispensationi
3136 881 3375 936 facimus.
3409 880 3595 945 Itaque

2036 976 2478 1045 gloriﬁcationem
2528 983 2581 1028 ct
2628 974 2885 1028 unitionis
2929 973 3195 1027 rationein
3240 968 3594 1039 proferentes.

2039 1082 2199 1119 unum
2221 1065 2487 1119 Christum
2514 1072 2568 1117 et
2595 1062 2781 1117 Filium
2813 1070 2868 1116 et
2894 1062 3197 1123 Dominum,
3241 1060 3472 1113 Verbum
3504 1058 3597 1110 Det

2042 1156 2367 1208 incarnatum
2399 1162 2452 1208 et
2492 1153 2759 1206 hominem
2790 1150 2984 1204 factum
3013 1150 3331 1204 conﬁtemur
3378 1154 3435 1200 et
3470 1146 3600 1198 adu-

2040 1262 2218 1300 ramus
2251 1261 2369 1299 cum
2400 1245 2557 1298 Patre
2595 1252 2650 1297 et
2696 1242 2897 1313 Spiritu
2942 1250 3146 1295 sancto.
3192 1238 3315 1292 llmc
3361 1237 3433 1290 ita
3482 1249 3601 1289 cum

2042 1334 2326 1390 universali
2354 1333 2445 1387 Dei
2476 1332 2708 1387 Ecclesia
2748 1329 3063 1385 conﬁtentes
3104 1332 3144 1392 ¹,
3192 1328 3330 1382 scire
3359 1325 3605 1380 volumus

2043 1442 2230 1481 omnes
2256 1424 2606 1490 Christianos,
2636 1423 2778 1490 quod
2807 1423 2944 1477 sicut
2972 1437 3132 1475 unum
3158 1421 3323 1473 Deum
3345 1425 3403 1472 et
3430 1415 3605 1468 Domi-

2046 1530 2170 1568 num
2198 1513 2469 1577 habemus,
2514 1513 2586 1566 ita
2626 1521 2680 1565 et
2708 1528 2865 1565 unam
2900 1511 3074 1565 ﬁdem.
3113 1509 3225 1564 Una
3256 1508 3398 1562 enim
3423 1504 3609 1561 deﬁni»

2049 1608 2123 1659 tio
2151 1605 2269 1659 ﬁdei
2298 1612 2397 1667 est,
2430 1604 2672 1659 confiteri
2700 1614 2754 1658 et
2781 1612 2928 1658 recte
2956 1602 3257 1670 gloriﬁcare
3280 1599 3514 1661 Patrem,
3555 1606 3611 1650 et

2047 1696 2314 1749 Christum
2356 1694 2543 1747 Filium
2573 1694 2688 1756 Dei,
2740 1701 2793 1747 et
2822 1693 3080 1762 Spiritum
3130 1698 3392 1745 sanctum.
3450 1687 3609 1741 istam

2048 1784 2436 1839 confessionem
2479 1798 2881 1849 conservamus,
2930 1782 2985 1835 in
3013 1796 3118 1851 qua
3166 1788 3221 1835 et
3247 1778 3502 1848 baptizati
3530 1792 3612 1830 su-

2049 1874 2445 1940 mus,donalam
2477 1873 2688 1941 quidem
2710 1889 2740 1927 a
2771 1887 2964 1940 magno
2987 1873 3097 1926 Deo
3124 1880 3181 1925 et
3207 1872 3483 1931 Salvatore
3511 1884 3609 1921 nc-

377 1979 543 2037 ἰησιῦ
570 1986 789 2055 Χριστοῦ
817 1986 925 2038 τοῖς
954 1979 1109 2051 ἁγίοις
1143 1980 1291 2033 αὖτοῦ
1325 1980 1575 2047 μαθηταῖς
1612 1979 1695 2029 καί
1722 1976 1944 2029 ἀποστό-

2052 1972 2163 2017 stro
2202 1963 2326 2019 Jesu
2355 1963 2567 2018 Christo
2596 1964 2793 2018 sanctis
2822 1964 2932 2017 suis
2958 1963 3232 2031 discipulis
3256 1970 3311 2015 et
3336 1959 3611 2029 apostolis,

380 2072 500 2131 λοις,
531 2073 651 2143 παρ’
675 2072 838 2124 αὐτῶν
859 2069 910 2122 δέ
936 2071 1279 2142 κηρυλεθεῖσαν
1308 2069 1354 2119 έν
1370 2066 1468 2133 ὅλῳ
1494 2075 1566 2138 τῷ
1591 2068 1787 2135 κόσμῳ.
1813 2067 1871 2118 Οἱ
1894 2064 1947 2119 δέ

381 2164 658 2237 τριακόσιοι
695 2160 815 2215 δέκα
849 2163 930 2213 καί
967 2162 1092 2213 ὀκτώ
1120 2161 1335 2231 πατέρες
1371 2157 1499 2228 ἅγιοι
1533 2158 1577 2209 oi
1608 2157 1947 2225 συναχθέντες

382 2258 428 2302 ιν
458 2253 627 2323 Nimia}
654 2252 781 2305 κατὰ
804 2254 1013 2320 Ἀρείου,
1048 2252 1126 2302 καὶ
1150 2255 1324 2302 τοῦτον
1353 2248 1482 2316 μετὰ
1508 2254 1598 2306 τῆς
1636 2248 1789 2299 αὐτοῦ
1826 2247 1947 2299 ἀσε-

382 2343 516 2401 ϐείας
545 2340 993 2404 καταδικάσαντες,
1026 2348 1112 2398 τήν
1137 2342 1294 2397 αὐτὴν
1323 2338 1582 2408 ὁμολογίαν
1600 2377 1613 2398 ,
1644 2336 1673 2394 ἦ
1702 2336 1950 2405 σύμϐολον

381 2436 456 2484 καί
485 2431 646 2503 [ἅγιον
687 2428 769 2501 1η]
810 2434 1016 2501 μάθημα
1055 2439 1143 2489 τῆς
1184 2431 1405 2487 πίστεως
1449 2425 1840 2500 παραδεδώκασι
1885 2433 1947 2498 τῇ

379 2519 496 2591 ἁγία
522 2525 610 2572 τοῦ
641 2524 763 2573 Θεοῦ
794 2519 1057 2591 έκκλησίᾳ·
1090 2520 1175 2571 καί
1196 2518 1304 2586 μετ’
1329 2517 1539 2575 ἐκείνους
1560 2516 1604 2568 οί
1636 2515 1807 2568 έκατὸν
1827 2535 1947 2567 πεν-

381 2614 593 2666 τήκοντα
621 2610 752 2680 ἅγιοι
779 2609 996 2673 πατέρες
1035 2609 1079 2659 oi
1106 2608 1447 2676 συναχθέντες
1476 2607 1524 2658 έν
1556 2620 1953 2658 κωνσταντινου-

380 2702 517 2755 πόλει
544 2703 674 2756 κατὰ
703 2700 1005 2755 Μακεδονίου
1031 2706 1123 2755 τοῦ
1149 2700 1583 2770 πνευματομάχου
1604 2742 1616 2763 ,
1648 2701 1730 2749 καί
1749 2698 1947 2767 Μάγνου

380 2797 467 2842 τοῦ
492 2787 928 2864 Ἀπολιναριστοῦ,
977 2792 1062 2843 καὶ
1102 2790 1315 2847 τούτους
1352 2786 1776 2844 καταδικάσαντες
1823 2788 1949 2855 μετά

380 2888 473 2938 τῆς
510 2881 674 2934 αὐτῶν
717 2880 983 2940 ἀσεϐείας,
1022 2879 1398 2936 ἀκολουθοῦντές
1429 2897 1483 2931 τε
1512 2878 1637 2930 κατά
1673 2879 1835 2929 πάντα
1877 2882 1947 2945 τῷ

380 2972 519 3041 αὐτῷ
547 2969 700 3040 ἁγίων
725 2969 964 3040 συμϐόλῳ
989 2976 1061 3040 τῷ
1085 2971 1225 3043 παρὰ
1252 2975 1348 3021 τῶν
1372 2988 1670 3041 τριακοσίων
1699 2964 1947 3020 δεκαοκτώ

379 3059 534 3128 ἁγίων
554 3061 783 3132 πατέρων
805 3057 1134 3131 παραδοθέντε
1150 3100 1164 3124 ,
1188 3059 1467 3134 ἔτράνωσαν
1491 3059 1554 3110 τά
1582 3060 1698 3129 περὶ
1724 3065 1813 3113 τῆς
1842 3057 1949 3110 θεό-

379 3167 529 3206 τητος
568 3154 659 3200 τοῦ
708 3148 849 3217 ἁγίου
896 3147 1197 3215 πνεύματος.
1226 3143 1335 3198 ΙΙἘτι
1371 3142 1424 3197 δέ
1472 3146 1557 3200 καί
1601 3145 1644 3196 οἱ
1682 3144 1730 3196 έν
1764 3146 1947 3215 Ἐφέσῳ

380 3239 717 3307 συναχθέντες
745 3243 802 3293 τὸ
838 3240 1078 3311 πρότερον
1109 3236 1241 3306 ἅγιοι
1276 3238 1488 3310 πατέρες
1526 3238 1655 3291 κατά
1682 3238 1947 3310 Νεστορίου

2055 2054 2121 2107 ab
2149 2054 2226 2107 eis
2255 2061 2430 2107 autem
2472 2052 2813 2121 prmdicatam
2858 2051 2909 2104 in
2956 2059 3069 2106 toto
3100 2050 3317 2104 mundo.
3363 2047 3612 2102 Trecenti

2054 2153 2230 2198 autem
2260 2143 2443 2199 decem
2475 2153 2531 2197 et
2552 2152 2674 2198 octo
2700 2144 2867 2198 sancti
2900 2142 3090 2197 Patres
3119 2142 3329 2196 collecti
3360 2142 3409 2194 in
3442 2141 3614 2195 Nicma

2053 2235 2303 2288 adversus
2331 2234 2533 2298 Arium,
2566 2235 2656 2287 illo
2678 2248 2799 2288 eum
2827 2248 2921 2287 sua
2945 2233 3215 2301 impietate
3238 2230 3615 2293 condemnato.

2053 2322 2295 2377 eamdem
2325 2321 2735 2385 confessionem,
2780 2321 2831 2375 id
2853 2329 2955 2386 est,
3000 2329 3239 2375 sanctum
3270 2321 3535 2375 mathema
3565 2330 3615 2375 et

2052 2412 2351 2482 symbolum
2381 2410 2507 2465 ﬁdei
2538 2411 2867 2465 tradiderunt
2894 2419 3091 2465 sanctze
3129 2410 3221 2464 Dei
3255 2410 3535 2474 Ecclesim;
3567 2419 3616 2464 et

2051 2510 2174 2573 post
2220 2503 2360 2569 illos,
2406 2512 2620 2557 centum
2643 2502 3023 2571 quinquaginta
3066 2502 3235 2555 sancti
3267 2500 3451 2555 Patres
3482 2500 3617 2555 Con-

2052 2592 2397 2662 stantinopoli
2442 2591 2652 2646 collecti
2702 2592 2956 2647 adversus
3002 2591 3369 2645 Macedonium
3428 2600 3617 2646 sancto

2053 2680 2273 2749 Spiritui
2316 2688 2721 2749 repugnantem,
2766 2691 2821 2735 et
2868 2676 3114 2748 Magnum
3161 2680 3617 2750 Apollinaristam,

2054 2767 2158 2821 illis
2184 2766 2550 2822 condemnatis
2578 2783 2697 2822 cum
2718 2783 2812 2822 sua
2843 2768 3087 2838 perﬁdia,
3118 2770 3286 2824 secuti
3314 2785 3411 2838 per
3438 2770 3616 2824 omnia

2054 2866 2194 2921 idem
2221 2874 2463 2921 sanctum
2491 2867 2791 2937 symbolum
2822 2867 3073 2921 traditum
3098 2883 3129 2921 a
3151 2868 3405 2923 trecentis
3432 2871 3617 2922 decem

2052 2971 2109 3016 et
2130 2972 2252 3017 octo
2280 2964 2477 3017 sanctis
2506 2961 2774 3031 Patribus,
2808 2964 3227 3033 explanaverunt
3252 2981 3371 3033 quin
3400 2974 3524 3020 sunt
3552 2966 3618 3020 de

2055 3054 2252 3109 deitate
2293 3057 2458 3110 sancti
2508 3056 2736 3125 Spiritus
2783 3055 2919 3127 (Act.
2962 3056 3037 3126 5).
3078 3055 3299 3126 Insuper
3338 3066 3514 3111 autem
3564 3067 3619 3111 et

2053 3155 2143 3223 qui
2175 3154 2226 3208 in
2254 3153 2466 3222 Epheso
2509 3155 2654 3222 prius
2695 3155 2907 3209 collecti
2954 3164 3077 3209 sunt
3103 3156 3271 3210 sancti
3303 3154 3489 3210 Patres
3517 3156 3616 3209 ad-

2053 3262 2239 3301 versus
2295 3246 2596 3300 Nestorium
2644 3246 2897 3316 impium,
2944 3254 2999 3300 et
3039 3247 3128 3316 qui
3178 3247 3232 3301 in
3275 3246 3618 3302 Chalcedone

381 3334 471 3381 τοῦ
494 3327 808 3393 δυσσεϐοῦς,
848 3332 934 3383 καί
960 3331 1004 3382 οί
1033 3328 1083 3383 έν
1111 3327 1384 3384 Χαλκηδόνι
1418 3326 1553 3396 ἅγιοι
1580 3331 1793 3401 πατέρες
1819 3328 1944 3381 κατά

2048 3344 2414 3391 convenerunt
2458 3336 2627 3391 sancti
2676 3334 2861 3390 Patres
2888 3337 3142 3391 adversus
3172 3336 3465 3408 Eutycbem
3508 3337 3612 3390 im-

379 3421 650 3488 Εὐτυχοῦς
677 3425 766 3471 τοῦ
797 3416 1112 3482 δυσσεϐοῦς,
1154 3418 1579 3476 ἀκολουθήσαντες
1621 3420 1748 3471 κατά
1782 3420 1946 3472 πάντα

379 3517 452 3579 τῷ
477 3509 715 3578 εἰρημένῳ
745 3508 869 3579 ἁγίῳ
900 3508 1161 3578 συμϐόλῳ,
1186 3508 1297 3565 ἦτοι
1315 3509 1566 3577 μαθήματι
1587 3515 1677 3566 τῆς
1704 3511 1942 3572 πίστεως,

379 3599 715 3654 κατεδέκασαν
754 3602 870 3658 τοὺς
920 3600 1310 3669 προειρημένους
1364 3598 1635 3673 αίρετικοὺς
1678 3600 1810 3666 μετά
1854 3606 1945 3657 τῆς

381 3691 546 3744 αὐτῶν
573 3690 835 3755 ἀσεϐείας,
864 3691 947 3741 καὶ
984 3696 1083 3743 τῶν
1109 3686 1261 3757 ὅμοια
1300 3690 1464 3745 αὐτοῖς
1507 3689 1851 3760 φρονησάντων
1872 3727 1887 3751 ,
1914 3688 1943 3745 ἦ

382 3782 467 3832 καὶ
508 3780 833 3849 φρονούντων.
879 3782 975 3831 Καὶ
1016 3780 1145 3849 πρὸς
1184 3780 1381 3835 τούτοις
1424 3778 1785 3845 ἀνεθεμάτισαν
1828 3780 1947 3837 τούς

382 3871 548 3939 ἕτερον
572 3868 685 3943 ὅρον
710 3871 927 3927 πίστεως
950 3868 1058 3925 ἤτοι
1086 3867 1334 3936 σύμϐολον
1378 3871 1453 3919 καὶ
1494 3867 1697 3936 μάθημα
1725 3864 1947 3940 παραδι-

384 3956 561 4016 δόντας
587 3967 687 4017 τοῖς
708 3964 978 4032 προσιοῦσι
999 3963 1072 4029 τῷ
1095 3956 1218 4028 ἁγίῳ
1239 3957 1582 4025 βαπτίσματι,
1604 3955 1634 4013 ἦ
1663 3958 1712 4019 έξ
1744 3952 1951 4010 οἱασδή-

383 4067 505 4100 ποτε
534 4047 770 4120 αἱρέσεως
802 4047 1152 4118 έπιστρέξουσι
1186 4046 1325 4116 παρά
1349 4046 1432 4097 τὸν
1469 4041 1838 4118 παραδοθέντα,
1880 4046 1945 4104 ὠς

384 4137 609 4209 ε’ρηται,
648 4137 747 4189 ύπὸ
773 4142 871 4190 τῶν
909 4138 1210 4206 τριακοσίων
1238 4134 1355 4188 δέκα
1384 4136 1468 4186 καὶ
1510 4135 1639 4188 ὀκτὼ
1667 4133 1819 4206 ἁγίων
1848 4156 1923 4187 πα

382 4229 560 4300 τέρων,
585 4230 668 4279 καί
688 4226 997 4300 τρανωθέντα
1023 4226 1122 4279 ύπὸ
1144 4233 1242 4279 τῶν
1272 4226 1441 4279 ἑκατὸν
1469 4231 1769 4282 πεντήκοντα
1796 4226 1946 4295 ἁγίων

381 4318 631 4390 πατέρων.
661 4319 861 4371 Τούτων
901 4318 1060 4376 οὕτως
1101 4316 1321 4387 έχόντων
1358 4316 1647 4387 συνείδομεν
1682 4322 1765 4370 καί
1810 4320 1951 4388 κεφά-

381 4408 497 4462 λαια
533 4409 778 4471 ὑποτάξαι
810 4413 901 4467 τήν
939 4430 991 4462 τε
1036 4418 1126 4467 τῆς
1155 4412 1374 4468 πίστεως
1412 4411 1557 4482 ὀρθήν
1600 4408 1862 4479 ὁμολογίαν
1903 4411 1950 4461 έν

383 4501 641 4571 συντόμῳ,
667 4506 756 4557 την
776 4520 828 4553 τε
859 4508 956 4553 τῶν
977 4502 1238 4575 αἶρετικῶν
1266 4504 1556 4573 κατάκρισιν
1585 4502 1912 4570 περιέχοντα.

452 4588 514 4642 Εἴ
551 4611 629 4650 τις
676 4591 780 4659 ούχ
825 4587 1057 4661 ὁμολογεῖ
1090 4591 1321 4661 πατέρα,
1373 4593 1456 4641 καὶ
1500 4590 1631 4649 υ’ὸν,
1679 4590 1760 4639 καί
1806 4586 1943 4656 ἅγιον

2049 3429 2216 3497 pium,
2242 3429 2410 3483 secuti
2438 3444 2534 3499 per
2568 3430 2743 3484 omnia
2773 3430 3080 3499 pnedictum
3125 3439 3367 3486 sanctum
3398 3432 3614 3502 symbo-

2048 3520 2156 3573 lum
2183 3519 2295 3573 sive
2321 3521 2592 3573 mathema
2623 3519 2765 3583 ﬁdei,
2812 3519 3303 3575 condemnaverunt
3329 3523 3611 3591 praedictos

2047 3608 2330 3663 hmreticos
2356 3623 2462 3662 una
2485 3622 2605 3662 cum
2635 3623 2821 3662 eorum
2863 3608 3158 3678 impietate,
3207 3618 3261 3663 et
3290 3610 3391 3664 hos
3421 3611 3510 3678 qui
3535 3613 3611 3664 si-

2046 3698 2191 3751 milia
2215 3698 2319 3751 illis
2345 3706 2655 3767 sapuerunt,
2685 3697 2767 3751 vel
2796 3698 3029 3765 sapiunt.
3076 3697 3144 3750 Et
3170 3713 3331 3766 super
3353 3699 3464 3753 hch
3485 3714 3616 3751 ana-

2047 3785 2526 3839 thematizaverunt
2574 3800 2668 3839 eos
2715 3786 2806 3853 qui
2855 3786 3012 3838 aliain
3054 3785 3418 3840 deﬁnitionem
3470 3786 3612 3850 ﬁdei.

2045 3876 2157 3930 sive
2187 3875 2505 3946 symbolum,
2537 3874 2648 3929 sive
2679 3874 2945 3928 mathema
2988 3873 3205 3928 tradunt
3234 3875 3610 3929 accedentibus

2050 3965 2117 4019 ad
2145 3974 2382 4019 sanctum
2411 3964 2692 4032 baptisma,
2724 3964 2807 4017 vel
2843 3980 2909 4017 ex
2938 3980 3254 4035 quacunque
3284 3967 3468 4019 hatresi
3491 3982 3611 4019 con-

2049 4055 2235 4116 versis,
2267 4061 2462 4125 praater
2488 4054 2745 4108 traditum
2776 4055 2936 4124 (sicut
2965 4054 3162 4108 dictum
3192 4057 3293 4123 est)
3341 4071 3370 4108 a
3402 4066 3611 4110 trecen-

2048 4144 2115 4198 tis
2143 4143 2324 4197 decem
2355 4151 2409 4197 et
2439 4151 2561 4198 octo
2589 4144 2789 4198 sanctis
2818 4142 3083 4209 Patribus,
3115 4152 3168 4198 et
3206 4145 3550 4214 explanatum
3581 4162 3613 4201 a

2046 4242 2257 4286 centum
2283 4232 2663 4302 quinquaginta
2692 4234 2890 4286 sanctis
2914 4231 3173 4287 Patrihus.
3206 4232 3297 4287 His
3331 4235 3400 4287 ita
3431 4250 3490 4288 se
3519 4234 3614 4287 ha-

2044 4323 2312 4387 bentibus,
2347 4322 2715 4392 perspeximus
2741 4331 2794 4377 et
2823 4322 3051 4391 capitula
3070 4338 3387 4391 supponere,
3424 4324 3617 4391 quibus

2040 4422 2148 4467 tam
2162 4422 2321 4468 recta:
2344 4413 2461 4467 ﬁdei
2487 4413 2866 4483 compendiosa
2885 4412 3175 4480 confessio,
3197 4429 3358 4482 quam
3389 4414 3607 4468 bccreti-

2043 4520 2225 4560 corum
2252 4504 2624 4558 condemnatio
2654 4506 2977 4559 continetur.

2115 4592 2155 4645 Ι.
2197 4591 2252 4646 Si
2299 4592 2418 4659 quis
2472 4608 2578 4646 non
2617 4590 2904 4647 conﬁtetur
2946 4593 3179 4659 Patrem,
3227 4604 3281 4648 et
3311 4595 3524 4659 Filium,
3553 4604 3606 4649 et

378 4687 606 4750 πνεῦμα,
651 4678 836 4753 τρι-δα
862 4678 1154 4748 ὁμοούσιον,
1196 4680 1314 4747 μίαν
1341 4678 1578 4735 θεότητα,
1617 4677 1770 4747 ἤγουν
1797 4678 1943 4746 φύσιν

2046 4681 2296 4751 Spiritum
2322 4688 2587 4742 sanctum,
2638 4688 2693 4735 et
2719 4680 3033 4736 Trinitatem
3079 4682 3609 4746 consubstantialem,

380 4773 460 4821 κι.ί
489 4772 660 4823 οὐσίαν
678 4809 692 4830 ,
719 4771 836 4840 μίαν
869 4790 923 4822 τε
951 4768 1160 4842 δύναμιν
1195 4773 1275 4823 καί
1302 4772 1529 4833 ἐξουσίαν
1558 4772 1604 4822 ἐν
1629 4773 1792 4843 τρισὶν
1821 4771 1947 4824 ύπο-

379 4867 646 4927 στάσεσιν,
675 4865 823 4936 ἤγουν
857 4866 1150 4935 προσώποις
1177 4866 1637 4935 προσκυνουμένην,
1670 4862 1695 4916 ὁ
1721 4869 1947 4924 τοιοῦτος

378 4956 599 5015 ἀνάθεμα
630 4952 787 5007 ἴστω.

446 5041 508 5095 Εἴ
525 5064 601 5102 τις
644 5045 745 5112 οὐχ
784 5040 1012 5113 ὁμολογεῖ
1040 5042 1124 5092 τὸν
1153 5038 1249 5111 πρὸ
1281 5039 1497 5099 αἰώνων,
1528 5039 1612 5090 καί
1635 5037 1867 5111 ἀχρὸνως
1888 5036 1940 5091 ἔκ

377 5139 467 5186 τοῦ
494 5136 684 5206 πατρὸς
706 5134 993 5205 γεννηθέντα
1021 5132 1139 5185 Θεὸν
1161 5130 1303 5203 λόγον
1332 5130 1407 5182 ἐπ’
1432 5130 1669 5199 ἐσχάτων
1694 5136 1794 5183 τῶν
1820 5131 1939 5197 ἤμεε

376 5230 479 5295 ρῶν
516 5222 832 5293 [κατελθόντα
860 5224 913 5275 ix
939 5230 1036 5275 τῶν
1064 5222 1279 5296 οὐρανῶν
1308 5223 1385 5271 καί
1416 5216 1499 5288 L.]
1540 5220 1857 5293 σαρκωθέντα
1892 5222 1945 5273 ἐκ

377 5318 469 5370 τῆς
493 5310 638 5381 ἁγίας
662 5308 878 5380 [ένδόξου
903 5310 985 5379 L.]
1013 5311 1239 5363 θεοτὸκου
1265 5312 1347 5362 καί
1372 5311 1705 5382 ἀεὶπαρθένου
1728 5315 1937 5382 Μαρίας,

381 5402 464 5452 καί
502 5396 756 5471 ἄνθρωπον
799 5396 1049 5468 γενόμενον
1089 5399 1374 5469 γεννηθέντα
1413 5399 1463 5460 έξ
1505 5401 1685 5463 αὐτῆς,
1733 5403 1812 5452 καί
1857 5398 1939 5453 διὰ

376 5495 525 5544 τοῦτο
552 5496 639 5542 τοῦ
667 5490 823 5541 αὐτοῦ
853 5496 976 5541 Θεοῦ
1002 5488 1145 5558 λόγου
1175 5483 1299 5539 εἶναι
1318 5490 1412 5546 τάς
1441 5486 1528 5540 δύο
1555 5492 1827 5558 γεννήσεις,
1850 5494 1938 5545 τήν

376 5601 428 5632 τι
458 5581 553 5653 πρὸ
589 5580 779 5631 αἰώνων
822 5575 1134 5646 ἀσωμάτως,
1179 5580 1263 5628 καὶ
1303 5582 1391 5633 τήν
1435 5576 1513 5628 ἐπ’
1560 5578 1800 5644 ἐσχάτων
1840 5584 1943 5631 τῶν

314 5718 321 5723 ,
379 5670 573 5741 εἰίερῶν
603 5668 732 5720 κατά
761 5669 949 5739 σάρκα,
976 5664 1000 5717 ὁ
1030 5672 1248 5725 τοιοῦτος
1272 5668 1484 5735 ἀνάθεμα
1508 5665 1666 5720 ἔστω.
1754 5674 1765 5684 ”

443 5756 509 5809 bi
524 5780 599 5817 τις
618 5759 746 5829 λέγει
770 5754 912 5809 ἄλλον
941 5752 1065 5810 εἶναι
1084 5760 1167 5811 τὸν
1196 5759 1314 5810 Θεὸν
1340 5757 1479 5827 λόγον
1503 5760 1586 5812 τὸν
1616 5760 1936 5833 θαυματουρ-

2047 4786 2204 4824 unam
2250 4768 2523 4835 deitatem,
2573 4786 2667 4824 seu
2715 4778 2981 4835 naturam,
3030 4780 3085 4825 et
3120 4772 3502 4837 substantiam,
3556 4782 3610 4828 et

2047 4874 2206 4913 unam
2246 4859 2497 4912 virtutem
2527 4868 2579 4913 et
2608 4867 2929 4929 potestatem
2960 4861 3010 4913 in
3042 4861 3210 4913 tribus
3255 4862 3611 4917 subsistentiis

2042 4964 2136 5002 seu
2163 4947 2405 5017 personis
2433 4948 2773 5013 adorandam,
2810 4948 2931 5002 talis
2955 4950 3235 5003 anathema
3263 4951 3350 5003 sit.

2114 5038 2176 5091 ll.
2216 5037 2273 5093 Si
2301 5038 2420 5105 quis
2448 5052 2554 5091 non
2583 5037 2870 5092 conﬁtetur
2898 5055 3037 5104 eum,
3068 5040 3159 5108 qui
3189 5049 3313 5095 ante
3341 5042 3533 5098 saacuIa
3556 5050 3610 5099 et

2046 5128 2161 5183 sine
2191 5136 2433 5196 tempore
2461 5142 2528 5182 ex
2573 5127 2731 5182 Patre
2761 5138 2915 5182 natus
2944 5138 3043 5195 est,
3084 5129 3249 5185 Deum
3280 5130 3510 5188 Verbum
3553 5134 3605 5187 in

2048 5219 2247 5273 ultimis
2275 5218 2461 5274 diebus
2489 5218 2829 5273 descendisse
2865 5220 2930 5275 de
2975 5222 3145 5290 caelis,
3194 5232 3248 5278 et
3274 5224 3606 5280 incarnatum

2045 5322 2163 5363 esse
2191 5307 2258 5362 de
2286 5316 2467 5362 sancta
2494 5308 2725 5374 gloriosa
2756 5308 2847 5363 Dei
2879 5311 3148 5367 Cenitrice
3176 5322 3229 5366 et
3255 5328 3471 5382 semper
3499 5315 3607 5369 vir-

2042 5399 2163 5464 gine
2192 5398 2373 5463 Maria,
2405 5407 2459 5453 et
2484 5398 2756 5453 hominem
2782 5397 2998 5465 factum,
3032 5412 3213 5456 natum
3236 5418 3353 5458 esse
3380 5419 3445 5458 ex
3468 5404 3606 5475 ipsa,

2043 5493 2094 5538 et
2118 5491 2339 5551 propter
2354 5484 2458 5538 hoc
2477 5484 2724 5553 ejusdem
2751 5483 2838 5536 Dei
2862 5483 3024 5539 Verbi
3049 5485 3182 5540 duas
3208 5504 3329 5542 esse
3355 5493 3610 5545 nativita-

2042 5580 2142 5634 tes,
2166 5571 2373 5643 [SuppL
2406 5584 2664 5628 teternam
2692 5574 2899 5630 scilicet
2921 5575 2995 5646 et]
3021 5588 3137 5628 eam
3161 5592 3279 5644 qua:
3300 5586 3379 5631 est
3406 5579 3456 5631 in
3487 5581 3610 5632 ulti-

2043 5667 2145 5719 tuis
2174 5666 2364 5718 diebus
2389 5666 2688 5720 secundum
2717 5682 2957 5729 carnem,
2980 5668 3105 5721 talis
3126 5669 3410 5720 anathema
3444 5672 3531 5723 sit.

2109 5758 2193 5811 ΙΙΙ.
2224 5756 2279 5811 Si
2305 5756 2425 5825 quis
2450 5754 2576 5809 dicit
2603 5754 2763 5808 alium
2786 5770 2903 5810 esse
2929 5756 3095 5811 Deum
3122 5758 3351 5817 Verbum
3382 5764 3471 5833 qui
3504 5766 3603 5819 itii-

446 5940 460 5969 ¹
513 5933 824 5989 υηὶυσνεαιὲε
869 5931 931 5985 D.
980 5949 1023 5985 ε.
1070 5935 1388 5989 conﬁteatur.
1430 5936 1597 5991 Graec.
1634 5936 1803 6005 Atque
1847 5937 1917 5991 ita

2048 5976 2059 5990 .
2120 5934 2286 5991 codex
2317 5932 2572 5987 Bobierii.
