4112 6536
519 453 658 518 1015

1799 451 2236 514 JUSTINIANI
2276 453 2436 514 IMP.

3621 453 3753 520 1016

515 587 755 654 νήσαντα,
781 583 861 632 κα²
881 577 1024 634 ἄλλον
1049 580 1134 634 τὸν
1159 579 1378 656 Χριστὸν
1401 579 1486 632 τὸν
1513 577 1762 633 παθόντα⁸
1790 575 1820 634 ἦ
1839 577 1924 631 τὸν
1949 577 2069 630 Θεὸν

2172 571 2351 626 racula
2381 579 2632 640 operatus
2655 580 2754 636 est,
2813 581 2869 627 et
2890 574 3054 629 alium
3097 574 3368 630 Christum
3415 577 3506 646 qui
3550 593 3736 645 passus

513 673 651 742 λόγον
691 677 913 724 συνεῖναι
938 677 1009 737 τῷ
1033 678 1235 743 Χριστῷ
1260 671 1388 741 λέγει
1417 670 1657 740 γενομένῳ
1684 670 1737 721 εκ
1761 667 2016 739 γυναικὸς,
2044 665 2074 725 ἧ

511 764 561 814 ἐν
582 763 715 829 αὐτῷ
743 755 868 814 εἶναι
893 762 960 818 ὡς
990 756 1130 812 ἄλλον
1157 761 1206 813 ἐν
1226 756 1376 828 ἄλλῳ,
1404 759 1505 812 ἀλλ’
1529 759 1656 827 οὐχί
1673 757 1758 812 ἕνα
1779 759 1862 810 καί
1884 757 1971 810 τὸν
1994 757 2076 809 αῦ-

509 855 592 907 τὸν
622 853 789 922 κύριον
817 853 953 922 ἡμῶν
979 850 1168 908 Ἰησοῦν
1184 854 1401 920 Χριστὸν
1425 851 1506 904 τὸν
1531 856 1618 905 τοῦ
1642 855 1768 904 Θεοῦ
1789 849 1928 919 λόγον
1949 868 2074 913 σαρ⁹

512 941 760 1000 ιιωθίντα,
789 941 871 991 καί
913 939 1397 1013 ,ἕνανθρωπήσαντα,
1437 940 1522 992 καί
1549 945 1636 993 τοῦ
1666 940 1821 991 αὐτοῦ
1855 938 1920 989 τά
1948 937 2074 989 θαύ-

509 1049 646 1089 ματα
684 1029 763 1080 καί
797 1028 862 1080 τά
889 1029 1054 1090 πάθη,
1098 1025 1230 1102 ἅπερ
1271 1027 1512 1086 ἕκουσίως
1550 1027 1778 1096 ὑπέμεινε
1821 1028 2006 1099 σαρκί,
2049 1022 2075 1078 ὁ

507 1123 738 1175 τοιοῦτος
763 1116 984 1169 ἀνάθειια
1013 1113 1045 1169 ἴ
1046 1136 1171 1169 στω.

576 1293 640 1348 Εἴ
666 1316 744 1354 τις
785 1295 915 1364 λέγει
957 1296 1088 1349 κατά
1130 1295 1314 1371 χάριν,
1361 1293 1392 1353 ἦ
1429 1296 1537 1349 κατ’
1578 1296 1850 1371 ἐνέργειαν,
1887 1293 1917 1354 ἦ
1964 1295 2075 1350 κατ’

510 1386 674 1449 ἀξίαν,
698 1384 729 1445 ἦ
754 1384 868 1439 κατ’
887 1387 1157 1454 ἰσοτιμίαν,
1187 1383 1218 1442 ἦ
1241 1384 1353 1439 κατ’
1379 1385 1663 1445 αὐθεντίαν.
1685 1383 1716 1442 ἦ
1741 1385 1990 1457 ἀναφορὰν
2007 1425 2021 1448 ,
2047 1383 2077 1441 ἦ

510 1479 725 1547 σχέσιν,
752 1475 783 1535 ἣ
815 1475 1044 1546 δύναμιν,
1070 1482 1161 1533 τήν
1184 1477 1357 1528 ἕνωσιν
1392 1480 1482 1529 τοῦ
1511 1480 1638 1530 Θεοῦ
1662 1471 1806 1544 λόγου
1832 1474 1960 1543 πρὸς
1988 1470 2076 1526 ἄν’

509 1570 707 1642 θρωπον
731 1567 1049 1638 γεγενῆσθαι,
1078 1565 1107 1623 ἦ
1145 1565 1249 1619 καθ’
1276 1563 1581 1635 ὁμωνυμίαν,
1617 1565 1724 1618 καθ’
1749 1565 1808 1622 ἣν
1826 1564 1873 1617 οἷ
1895 1574 2078 1626 Νεστο-

507 1659 668 1731 ριανοί
694 1659 776 1710 καί
801 1656 887 1709 τὸν
907 1657 1026 1710 Θεὸν
1046 1654 1192 1724 λόγον
1215 1655 1429 1730 Χριστὸν
1451 1655 1714 1712 καλοῦντες
1730 1693 1743 1715 ,
1775 1655 1860 1706 κνὶ
1886 1653 1972 1707 τὸν
2000 1651 2080 1704 ὅν-

506 1750 704 1820 θρωπον
731 1745 1119 1819 κεχωρισμένως
1157 1743 1373 1818 Χριστὸν
1417 1743 1736 1811 ὀνομάζοντες
1774 1747 1901 1795 κατὰ
1929 1741 2078 1810 μὸνην

506 1845 595 1895 τὴν
623 1835 960 1910 προσηγορίαν
977 1834 1066 1889 ἕνα
1093 1833 1308 1905 Χριστὸν
1333 1833 1584 1903 λέγουσιν’
1605 1831 1634 1890 ἦ
1659 1829 1798 1890 εἴτις
1817 1831 1946 1902 λέγει
1969 1829 2078 1884 κατ’

2177 667 2280 741 εει,
2328 668 2422 713 aut
2448 659 2578 714 dicit
2608 659 2771 713 Deum
2799 658 3033 716 Verbum
3063 677 3184 717 cum
3227 661 3442 718 Christo
3485 679 3606 722 esse
3641 682 3739 720 na-

2175 757 2359 804 scente
2386 767 2450 805 ex
2481 752 2726 818 muliere,
2757 752 2841 808 vel
2864 752 2918 808 in
2945 753 3061 824 ipso
3089 770 3209 810 esse
3235 764 3488 824 tanquam
3516 756 3738 812 alterum

2175 839 2230 894 in
2257 839 2450 905 altero,
2489 840 2582 896 sed
2611 856 2718 895 non
2748 857 2912 896 unum
2953 844 3308 912 eamdemque
3336 844 3619 898 Dominum
3643 860 3742 900 no-

2175 937 2345 982 strum
2391 928 2572 985 Jesum
2601 929 2896 998 Christum,
2946 931 3115 986 Deum
3139 933 3374 986 Verbum
3404 934 3737 988 incarnatum

2175 1026 2232 1072 et
2258 1018 2526 1072 hominem
2558 1018 2781 1082 factum,
2832 1029 2888 1074 et
2928 1019 3168 1089 ejusdem
3196 1021 3361 1090 ipsius
3388 1023 3648 1077 miracula
3685 1031 3740 1078 et

2177 1107 2474 1177 passiones,
2503 1123 2639 1178 quas
2665 1123 2827 1163 carne
2852 1117 3045 1182 sponte
3071 1110 3346 1172 sustinuit,
3374 1111 3496 1166 talis
3519 1112 3738 1168 anathe-

2177 1212 2261 1250 ma
2292 1198 2380 1252 sit.

2248 1297 2337 1352 IV.
2379 1297 2434 1352 Si
2465 1298 2584 1367 quis
2611 1298 2761 1363 dicit,
2813 1297 3107 1353 secundum
3136 1298 3382 1367 gratiam,
3431 1299 3518 1353 vel
3547 1313 3738 1354 secun-

2177 1385 2304 1439 dum
2352 1385 2755 1453 operationem,
2804 1386 2888 1439 vel
2936 1386 3227 1440 secundum
3274 1386 3608 1454 dignitatem,
3658 1389 3739 1441 vel

2176 1475 2469 1529 secundum
2493 1475 2853 1543 aequalitatem
2872 1476 3111 1538 honoris,
3133 1475 3218 1530 vel
3240 1475 3532 1530 secundum
3555 1484 3738 1531 aucto-

2178 1564 2413 1630 ritatem,
2441 1564 2526 1618 vel
2555 1564 2890 1629 relationem,
2933 1564 3020 1618 vel
3049 1563 3321 1626 affectum,
3352 1566 3436 1620 vel
3466 1566 3738 1630 virtutem,

2177 1652 2474 1708 unitionem
2505 1652 2603 1708 Dei
2635 1651 2796 1707 Ver-hi
2826 1653 2892 1707 ad
2920 1652 3191 1706 hominem
3238 1651 3433 1708 factam
3477 1667 3616 1719 esse,
3657 1656 3738 1709 vel

2178 1743 2472 1798 secundum
2520 1742 2956 1813 homonymiam,
3007 1756 3106 1811 per
3141 1757 3304 1812 quam
3356 1742 3655 1798 Nestoriani
3688 1753 3741 1798 et

2179 1833 2345 1888 Deum
2373 1833 2609 1888 Verbum
2638 1841 2893 1888 vocantes
2911 1831 3205 1897 Christum,
3226 1841 3278 1888 et
3305 1833 3576 1888 hominem
3597 1849 3733 1904 sepe

506 1925 735 1981 ιῦδοιιίαν
765 1930 854 1983 τὴν
880 1925 1056 1978 ἕνωσιν
1083 1925 1375 1995 γεγενῆσθαι
1393 1964 1405 1983 ,
1427 1925 1584 1983 καθὼς
1610 1920 1867 1993 Θεόδωρος
1891 1920 1916 1976 ὀ
1943 1921 2069 1994 αἶρε·

2180 1924 2335 1978 ratim
2378 1922 2650 1978 Christum
2695 1924 3054 1986 nominantes.
3102 1925 3220 1979 solo
3269 1923 3535 1979 vocabulo
3583 1941 3742 1980 unum

507 2019 644 2076 τιηὸς
669 2016 849 2072 αὐτοῖς
877 2011 1038 2076 λέξεσι
1065 2013 1225 2083 λέγει,
1261 2016 1328 2072 ὡς
1357 2014 1651 2083 ἀρεσθέντος
1677 2018 1769 2066 τοῦ
1795 2012 1910 2065 θεοῦ
1933 2011 2080 2082 λόγου

505 2112 579 2178 τῷ
607 2105 854 2177 ἀνθρώπῳ
876 2104 977 2156 ἀπὸ
1001 2107 1088 2155 τοῦ
1110 2096 1164 2155 εὖ
1193 2106 1276 2155 καί
1298 2102 1426 2156 καλά
1449 2100 1588 2164 δόξαι
1607 2102 1746 2172 αὐτῷ
1765 2103 1883 2177 περί
1901 2101 2078 2164 αὐτοῦ,

2182 2014 2448 2070 Christum
2477 2015 2663 2070 dicunt
2689 2033 2702 2068 :
2734 2022 2826 2069 aut
2851 2015 2896 2070 si
2924 2016 3044 2085 quis
3070 2031 3168 2086 per
3195 2016 3389 2070 bonum
3413 2015 3742 2072 voluntatem

2179 2106 2308 2162 dicit
2332 2108 2625 2162 unitionem
2652 2105 2849 2162 factam
2875 2121 3018 2174 esse,
3060 2107 3200 2163 sicut
3225 2106 3543 2164 Theodorus
3579 2109 3733 2163 haere-

503 2193 627 2262 οῦχι
666 2190 770 2245 καθ’
796 2191 1084 2244 ὑπόστασιν
1123 2195 1216 2245 τοῦ
1252 2196 1376 2244 Θεοῦ
1416 2187 1564 2262 λόγου
1612 2194 1738 2262 πρὸς
1783 2196 1872 2249 τήν
1919 2191 2069 2267 σάρκα

2167 2208 2308 2263 licus
2338 2208 2475 2278 ipsis
2501 2205 2688 2262 verbis
2721 2205 2891 2269 dicit,
2929 2202 3088 2273 quasi
3117 2199 3387 2272 placuerit
3419 2197 3532 2253 Deo
3568 2195 3741 2251 Verbs

505 2281 844 2351 ίψυχωμίνην
871 2279 1022 2351 ψυχῇ
1049 2281 1219 2356 λογικῇ
1246 2283 1333 2335 καί
1357 2286 1502 2356 νοερᾷ
1521 2285 1610 2338 τὴν
1635 2282 1811 2336 ἕνωσιν
1831 2281 2078 2352 ὁμολογεῖ,

506 2377 594 2428 καί
624 2372 708 2430 διά
747 2379 900 2430 τοῦτο
936 2377 1054 2444 μίαν
1082 2376 1236 2429 αὐτοῦ
1283 2379 1372 2433 τήν
1421 2373 1711 2431 ὑπόστασιν
1755 2375 2015 2435 σύνθετον,
2037 2371 2082 2444 ,ὁ

513 2470 742 2526 τοιοῦτος
765 2465 985 2535 ἀνάθεμα
1017 2461 1172 2522 ἴστω..

575 2751 641 2806 Εἴ
651 2773 729 2814 τις
756 2756 888 2810 κατά
909 2755 1174 2828 ἀναφοράν,
1198 2752 1228 2812 ἦ
1251 2761 1676 2826 καταχρηστικῶς
1706 2753 1923 2807 θεοτόκον
1949 2753 2080 2826 λέγει

502 2848 594 2902 τὴν
796 2841 989 2906 ἔνδοξον
1018 2843 1335 2918 ἀειπάρθενον
1362 2845 1584 2916 Μαρίαν,
1612 2843 1642 2901 ἦ
1671 2843 2071 2918 ἀνθρωποτὼιον,

2164 2300 2346 2364 homo,
2375 2315 2440 2355 eo
2469 2299 2617 2370 quod
2651 2299 2788 2353 bene
2818 2297 2996 2352 visum
3026 2303 3111 2350 est
3155 2293 3205 2348 ei
3233 2291 3303 2348 de
3331 2291 3471 2361 ipso,
3507 2289 3604 2346 sed
3638 2305 3748 2344 non

2161 2391 2463 2454 secundum
2497 2389 2910 2445 subsistentiam
2948 2386 3041 2441 Dei
3080 2383 3246 2438 Verbi
3273 2381 3341 2436 ad
3368 2395 3588 2436 carnem
3617 2380 3739 2433 ani-

2161 2489 2362 2536 tnatam
2409 2483 2592 2538 anima
2623 2481 2882 2536 rationali
2926 2487 2981 2534 et
3024 2478 3386 2534 intellectuali
3435 2477 3740 2532 unitionem

2162 2573 2481 2638 conﬁtetur,
2518 2583 2572 2628 et
2612 2572 2736 2628 ideo
2769 2587 2936 2626 unam
2971 2570 3091 2639 eius
3137 2569 3548 2624 subsistentiant
3588 2581 3745 2621 cem-

2163 2667 2390 2734 positam
2421 2679 2564 2727 esse,
2592 2665 2717 2718 talis
2746 2662 3034 2717 anathema
3065 2661 3159 2717 sit.

2251 2751 2309 2806 V.
2340 2751 2400 2808 Si
2437 2753 2558 2822 quis
2601 2769 2700 2823 per
2751 2756 3088 2823 relationem,
3123 2765 3215 2812 aut
3239 2756 3480 2822 abusive,
3522 2755 3615 2810 Dei
3644 2769 3739 2825 ge-

2179 2843 2425 2899 nitricem
2455 2844 2587 2899 dicit
2611 2853 2849 2900 sanctam
2897 2847 3183 2916 gloriosam
3231 2861 3444 2916 semper
3481 2846 3744 2912 virginem

501 2933 534 2992 ἦ
557 2934 907 3009 Χριστοτὸκον,
939 2937 1006 2994 ὡς
1034 2941 1126 2990 τοῦ
1157 2941 1380 3008 Χριστοῦ
1403 2941 1473 3006 μὴ
1498 2932 1639 2996 ὄντος
1665 2941 1822 2999 Θεοῦ,
1859 2935 1979 2988 ἀλλὰ
2004 2938 2069 3002 μή

2174 2933 2421 3000 Mariam,
2462 2944 2556 2990 aut
2583 2937 2816 2991 hominis
2841 2937 3174 3005 genitricem,
3223 2944 3316 2990 aut
3342 2934 3737 3000 Christotocon,

499 3029 686 3101 κυρίως
713 3029 800 3080 καί
839 3025 952 3081 κατ’
999 3027 1222 3084 ἀλήθειαν
1251 3027 1474 3082 θεοτὸκον
1502 3029 1656 3086 αὐτὴν
1701 3027 1958 3097 ὁμολογεῖ,
1990 3024 2069 3082 διὰ

2171 3029 2424 3090 tanquam
2446 3021 2661 3078 Christo
2689 3024 2802 3079 Deo
2829 3040 2938 3079 non
2965 3025 3252 3090 existente,
3277 3024 3372 3078 sed
3397 3041 3500 3079 non
3521 3029 3737 3095 proprie

497 3117 558 3170 τὸ
581 3117 666 3170 τὸν
701 3116 802 3188 πρὸ
832 3115 1021 3170 αίῶνων
1047 3116 1102 3168 ἐκ
1126 3121 1215 3170 τοῦ
1244 3116 1436 3190 πατρὸς
1463 3119 1752 3187 γεννηθέντα
1789 3117 1912 3170 Θεὸν
1931 3115 2069 3186 λόγον

2171 3119 2228 3165 et
2260 3126 2387 3166 vere
2415 3112 2509 3166 Dei
2552 3115 2866 3182 genitricem
2909 3115 3078 3184 ipsam
3124 3114 3432 3184 conﬁtetur,
3481 3130 3547 3170 eo
3595 3116 3738 3185 quod

2173 3199 2288 3268 ipse
2333 3202 2426 3270 qui
2454 3212 2579 3257 ante
2623 3204 2817 3258 sarcula
2845 3219 2911 3258 ex
2941 3203 3102 3259 Patre
3130 3212 3288 3259 natus
3330 3215 3412 3259 est
3442 3205 3582 3261 Deus
3607 3205 3735 3258 Ver-

2096 3276 2141 3337 C
2171 3288 2316 3355 bum,
2362 3291 2415 3345 in
2445 3293 2651 3348 ultimis
2691 3294 2880 3350 diebus
2909 3311 2974 3352 ex
3005 3296 3119 3366 ipsa
3148 3296 3457 3352 incarnatus
3497 3305 3552 3351 et
3579 3307 3734 3352 natus

2173 3388 2279 3449 est,
2309 3382 2430 3438 talis
2455 3384 2737 3439 anathema
2767 3386 2860 3442 sit.

498 3204 580 3263 ὐπ’
602 3207 844 3276 ὶσχάτων
883 3212 984 3263 τῶν
1015 3207 1216 3279 ημερῶν
1242 3207 1292 3269 ἐξ
1315 3209 1469 3266 αὐτῆς
1495 3207 1817 3280 σαρκωθῆναι
1843 3208 1930 3260 καί
1954 3224 2068 3278 γεν-

496 3297 720 3360 νηθῆναι,
749 3295 775 3352 ὁ
793 3302 1022 3357 τοιοῦτος
1045 3297 1266 3365 ἀνάθεμα
1287 3294 1440 3354 ἔστω.

2131 3551 2136 3556 _
2239 3487 2327 3543 VI.
2377 3488 2436 3543 Si
2488 3489 2610 3559 quis
2655 3505 2763 3546 non
2811 3489 3100 3547 conﬁtetur
3154 3493 3438 3548 Dominum
3492 3505 3734 3552 nostrum

2167 3575 2348 3632 Iesum
2374 3576 2645 3634 Christum
2674 3579 2764 3649 qui
2793 3593 2954 3634 carne
2973 3580 3260 3636 cruciﬁxus
3287 3591 3390 3646 est,
3424 3582 3588 3637 Deum
3619 3599 3737 3639 esse

2169 3679 2377 3730 verum,
2406 3673 2461 3719 et
2487 3665 2768 3720 Dominum
2797 3667 2997 3735 gloria,
3039 3675 3096 3722 et
3123 3683 3286 3722 unum
3314 3669 3380 3725 de
3407 3680 3590 3725 sancta
3620 3671 3734 3727 Tri-

571 3493 633 3547 Εἴ
666 3515 745 3554 τις
781 3495 882 3565 οὐχ
905 3493 1143 3565 ὁμολογεῖ
1167 3495 1251 3548 τὸν
1293 3492 1673 3566 ἐσταυρωμένον
1711 3496 1863 3567 σαρκί
1900 3496 2067 3568 κύριον

499 3588 638 3654 ἡμῶν
657 3584 847 3642 ἰησοῦν
869 3595 937 3657 Χί.
947 3587 1082 3640 ιστὸν
1107 3586 1230 3640 Θεὸν
1258 3579 1378 3637 εἶναι
1407 3583 1646 3646 ἀληθινὸν,
1678 3587 1762 3637 καί
1788 3585 1955 3660 κύριον
1976 3595 2066 3644 τῆς

495 3675 675 3741 δοξης,
712 3679 792 3731 καί
817 3677 902 3730 ἕνα
939 3685 1030 3736 τῆς
1057 3675 1204 3749 ἁγίας
1249 3673 1483 3749 τριάδος,
1512 3675 1540 3729 ὅ
1582 3681 1807 3734 τοιοῦτος
1845 3677 2068 3747 ἀνάθεμα

499 3772 660 3828 ἴστω.

569 3879 630 3937 Εἴ
659 3903 739 3942 τις
769 3884 819 3936 ἕν
845 3879 963 3937 δυσί
997 3883 1183 3950 φύσεσι
1219 3882 1372 3954 λέγων
1393 3885 1461 3952 μή
1491 3883 1554 3941 ὡς
1583 3881 1633 3936 ἓν
1663 3876 1886 3940 θεότητι.
1912 3884 1991 3936 καί
2019 3883 2068 3934 ἐν

495 3972 844 4047 ἀνθρωπότητι
886 3972 973 4026 τὸν
1011 3972 1098 4027 ἵνα
1137 3974 1305 4047 κύριον
1337 3973 1475 4043 ἡμῶν
1503 3969 1698 4029 Ἰησοῦν
1734 3973 1946 4046 Χριστὸν
1987 3973 2070 4026 τὸν

495 4070 584 4117 τοῦ
613 4068 738 4116 Θεοῦ
765 4062 906 4134 λόγον
928 4064 1248 4137 σαρκωθίντα
1276 4063 1527 4135 ὁμολογεῖ,
1553 4060 1678 4132 μηδὲ
1705 4063 1789 4116 ἐπί
1807 4069 1878 4132 τῷ
1900 4069 2068 4131 σημειο

496 4175 578 4208 ναι
601 4157 691 4210 τήν
717 4150 952 4225 διαφοράν
979 4159 1077 4210 τῶν
1115 4153 1308 4224 φύσεων
1327 4192 1341 4214 ,
1375 4153 1424 4216 ἕξ
1453 4150 1517 4205 ὧν
1548 4155 1632 4205 καί
1659 4152 1919 4218 συνετέθη,
1963 4153 2067 4206 ἀλλ’

497 4245 582 4297 ini
611 4240 852 4318 διαιρέσει
879 4251 940 4317 τῇ
967 4243 1062 4296 άνά
1089 4243 1240 4315 μέρος
1263 4248 1352 4300 τήν
1380 4245 1616 4298 τοιαύτην
1642 4240 1886 4312 λαμϐάνει
1910 4249 2067 4314 φωνήν

499 4333 581 4386 ini
615 4336 704 4386 τοῦ
740 4332 866 4385 κατά
889 4332 1100 4406 Χριστὸν
1131 4336 1412 4406 μυστηρίου
1429 4347 1442 4360 ·
1483 4333 1550 4392 ὡς
1577 4332 1962 4403 κεχωρισμένας
1986 4335 2068 4386 καί

437 4406 442 4410 ί
500 4421 920 4482 ίδιοὺποστάτους
948 4418 1074 4476 εἶναι
1115 4425 1210 4483 τὰς
1251 4423 1457 4493 φύσεις,
1507 4424 1668 4480 καθὼς
1695 4420 1948 4490 Θεόδωρος
1986 4425 2067 4476 καί

497 4518 764 4588 δεστόριος
787 4512 1190 4586 βλασφημοῦσιν,
1222 4511 1248 4566 ὃ
1269 4518 1496 4571 τοιοῦτος
1517 4508 1740 4581 ἀνάθεμα
1762 4509 1912 4566 ἴστω.

565 4691 626 4746 εἴ
647 4712 725 4750 τις
751 4691 833 4745 ἐπί
858 4696 946 4747 τοῦ
971 4689 1074 4749 ίνὸς
1095 4694 1271 4762 κυρίου
1295 4691 1432 4757 ἡμῶν
1450 4689 1614 4749 Ἰησοῦ
1639 4694 1860 4765 Χριστοῦ
1876 4731 1890 4755 ,
1918 4710 2068 4746 τουτ-

491 4796 602 4839 έστι
645 4787 736 4838 τοῦ
776 4781 1116 4855 σαρκωθέντος
1149 4787 1276 4835 Θεοῦ
1302 4779 1448 4854 λόγου
1491 4781 1575 4837 τὸν
1612 4781 1822 4854 ἀριθμὸν
1847 4789 1944 4834 τῶν
1970 4783 2062 4854 φῦ-

489 4894 618 4929 σεων
637 4872 887 4946 ὁμολογῶν
913 4876 982 4941 μή
1010 4879 1073 4946 τῇ
1101 4875 1280 4946 θεωρίᾳ
1314 4877 1402 4930 τήν
1429 4869 1664 4942 διαφοράν
1688 4873 1897 4937 τούτων,
1921 4873 1968 4936 ἕξ
1995 4869 2061 4925 ὧν

491 4968 573 5020 καί
598 4966 861 5028 συνετέθη,
891 4962 1165 5028 λαμϐάνει,
1201 4965 1268 5024 ὡς
1301 4965 1488 5026 ταύτης
1513 4965 1602 5018 οὐκ
1639 4966 1951 5040 ἀνῃρημένης
1979 4962 2062 5020 διά

497 5064 578 5116 nia
610 5058 817 5124 ἕνωσιν,
840 5056 942 5110 ἀλλ’
969 5057 1052 5112 ἐπὶ
1077 5055 1319 5126 διαιρέσει
1356 5065 1422 5133 τῇ
1459 5058 1553 5112 άνά
1591 5057 1744 5132 μέρος
1769 5062 1842 5128 τῷ
1869 5056 2060 5132 ἀριθμῷ

490 5149 770 5217 κίχρηται,
787 5145 814 5201 ὃ
839 5152 1064 5206 τοιοῦτος
1086 5148 1304 5216 ἀνάθεμα
1325 5145 1480 5202 ἴστω.

560 5243 622 5299 Εἴ
639 5266 717 5306 τις
758 5246 941 5318 λὲγων,
967 5249 1082 5317 μίαν
1109 5247 1258 5317 φύσιν
1289 5253 1376 5301 τοῦ
1403 5255 1529 5302 Θεοῦ
1555 5247 1700 5319 λόγου
1727 5249 2057 5320 σεσαριιωμέ-

487 5355 601 5397 νην,
629 5334 910 5408 οὖχοῦτως
935 5337 1063 5391 αὐτὸ
1106 5336 1434 5407 ίκλαμϐἀνει,
1483 5340 1550 5400 ὡς
1597 5335 1678 5393 ὅτι
1701 5337 1755 5392 ἐκ
1793 5346 1886 5398 τῆς
1920 5340 2057 5401 θείας

493 5424 720 5493 φύσεως,
768 5429 849 5481 καί
890 5434 982 5488 τῆς
1028 5429 1335 5504 ἀνθρωπίνης
1379 5425 1450 5490 εἷς
1492 5431 1709 5504 Χριστὸς
1747 5429 2055 5491 ἀπετελέσθη

487 5512 761 5583 ὁμοούσιος
786 5523 855 5584 τῷ
898 5520 1060 5595 πατρί
1084 5518 1212 5572 κατά
1250 5522 1339 5576 τὴν
1386 5517 1624 5578 θεότητα,
1793 5516 2060 5590 ὄμοοῦσιος

488 5605 608 5672 ἡμῖν
635 5602 661 5658 ὁ
682 5605 834 5666 αὐτὸς
858 5608 983 5661 κατά
1003 5612 1093 5688 τὴν
1119 5606 1499 5680 ὼθρωπὸτητα,
1533 5608 1636 5661 ἀλλ’
1661 5605 1739 5664 ὅτι
1762 5616 1854 5670 τῆς
1880 5608 2054 5667 θεότη-

491 5714 603 5759 τος,
632 5699 713 5748 καί
739 5705 830 5757 τῆς
857 5697 1044 5774 σαρκὸς
1068 5705 1157 5754 τοῦ
1184 5706 1406 5775 Χριστοῦ
1552 5701 1732 5773 φύσις.
1770 5700 1880 5760 ἤτοι
1907 5702 2057 5756 οὐσία

490 5783 816 5850 ἀπετελέσθη,
844 5789 978 5843 κατά
1002 5793 1091 5848 τήν
1126 5787 1464 5864 ’Δπολιναρίου
1494 5793 1579 5845 καί
1611 5791 1884 5860 Βὺτυχοῦς
1910 5810 2053 5846 κακο-

493 5877 713 5941 πιστίιιν,
746 5876 771 5933 ὁ
801 5883 1018 5941 τοιοῦτος
1046 5880 1264 5952 ἀνᾴθεμα
1291 5879 1450 5938 ἴστω.

2093 4631 2147 4690 D

2172 3752 2362 3818 nitate,
2391 3753 2511 3809 talis
2538 3753 2823 3810 anathema
2849 3755 2942 3810 sit.

2240 3863 2350 3917 Vll.
2391 3861 2447 3918 Si
2475 3864 2595 3934 quis
2622 3864 2673 3917 in
2703 3864 2908 3919 duabus
2930 3867 3134 3921 naturis
3155 3865 3337 3921 dicens
3358 3883 3461 3922 non
3485 3875 3737 3939 tanquam

2170 3953 2222 4007 in
2252 3955 2450 4010 deitate
2496 3965 2551 4010 et
2578 3955 2912 4011 humanitate
2955 3973 3119 4012 unum
3164 3957 3446 4012 Dominum
3492 3969 3734 4015 nostrum

2169 4042 2348 4099 Iesum
2374 4043 2662 4112 Christum,
2693 4046 2861 4101 Deum
2890 4046 3123 4102 Verbum
3149 4048 3482 4104 incarnatum
3508 4052 3735 4108 conﬁte-

2172 4143 2278 4199 tur,
2326 4148 2427 4189 nec
2451 4133 2517 4188 ad
2557 4133 2958 4204 signiﬁcandam
3002 4136 3356 4193 dill'erentiam
3400 4148 3736 4207 naturarum,

2169 4239 2238 4280 ex
2279 4225 2469 4292 quibus
2513 4227 2842 4295 compositus
2889 4235 3009 4292 est,
3064 4228 3158 4283 sed
3205 4244 3303 4299 pro
3337 4230 3597 4286 divisione
3639 4248 3740 4301 per

2172 4321 2406 4382 partem,
2459 4315 2619 4369 talem
2650 4317 2849 4386 excipit
2892 4333 3081 4372 vocem
3125 4319 3177 4373 in
3223 4322 3478 4391 mysterio
3514 4321 3746 4391 Christi,

2169 4417 2324 4470 quas:
2370 4405 2656 4474 separatim
2704 4422 3020 4478 unaquaque
3071 4420 3261 4467 natura
3306 4427 3457 4468 suam
3504 4415 3738 4473 habente

2167 4494 2591 4562 subsistentiam,
2617 4497 2755 4552 sicut
2780 4497 3096 4556 Theodorus
3123 4510 3176 4556 et
3190 4502 3463 4559 Nestorius
3493 4505 3739 4577 blasphe-

2169 4592 2468 4650 tuaverunt,
2497 4585 2618 4640 talis
2642 4588 2924 4644 anathema
2948 4591 3040 4645 sit.

2237 4681 2371 4736 Vlll.
2403 4683 2459 4737 Si
2488 4684 2608 4754 quis
2631 4685 2684 4740 in
2710 4702 2817 4742 uno
2845 4686 3072 4745 Domino
3099 4689 3227 4746 .lesu
3255 4691 3490 4760 Christo,
3520 4694 3624 4751 hoc
3650 4707 3738 4753 est

2169 4771 2280 4828 Deo
2295 4772 2473 4828 Verbo
2495 4775 2790 4844 incarnato,
2816 4795 3094 4836 numerum
3115 4783 3378 4839 conﬁtens
3397 4793 3735 4851 naturarum,

2169 4877 2274 4917 non
2305 4863 2576 4920 intellectu
2603 4865 2957 4923 dill'erentiam
2980 4884 3184 4937 earum,
3209 4887 3275 4928 ex
3297 4875 3492 4943 quibus
3511 4885 3566 4930 et
3585 4892 3736 4931 com-

2165 4951 2371 5020 positus
2417 4962 2520 5022 est,
2549 4955 2767 5025 excipit,
2817 4964 2876 5011 ut
2903 4967 3030 5028 pote
3055 4976 3160 5016 non
3192 4961 3563 5033 interemptam
3604 4980 3732 5034 pro-

2165 5050 2286 5112 pter
2311 5043 2592 5110 unitatem,
2624 5045 2720 5100 sed
2747 5061 2845 5116 pro
2865 5047 3126 5105 divisione
3151 5066 3248 5121 per
3271 5060 3480 5121 partem
3505 5068 3754 5111 numero.

2165 5133 2348 5200 utitur,
2380 5134 2499 5189 talis
2526 5135 2810 5192 anathema
2835 5138 2920 5192 sit.

2232 5242 2324 5298 IX.
2355 5242 2412 5299 Si
2440 5245 2559 5314 quis
2583 5245 2767 5301 dicens
2790 5262 2950 5302 unam
2981 5257 3224 5304 naturam
3252 5249 3348 5306 Dei
3374 5250 3532 5307 Verbi
3552 5253 3728 5308 incar‘

2164 5341 2366 5400 natam,
2395 5349 2502 5389 non
2527 5333 2606 5390 sic
2631 5335 2737 5390 hoc
2764 5337 3030 5406 intelligit,
3057 5339 3203 5408 quod
3231 5355 3299 5397 ex
3331 5342 3506 5396 divina
3533 5350 3726 5399 natura

2163 5433 2220 5480 et
2244 5425 2474 5478 humana
2502 5440 2638 5480 unus
2663 5423 2906 5481 Christus
2931 5425 3154 5484 eil'ectus
3174 5438 3276 5494 est,
3299 5431 3726 5486 consubstantia-

2162 5513 2230 5570 lis
2257 5510 2403 5569 Patri
2429 5514 2722 5570 secundum
2749 5515 3024 5584 deitatem,
3051 5526 3108 5572 et
3128 5521 3594 5577 consubstantialis
3619 5538 3724 5578 nec

2165 5603 2246 5658 his
2270 5603 2409 5658 idem
2438 5603 2552 5674 ipse
2580 5605 2873 5662 secundum
2901 5605 3306 5675 humanitatem,
3329 5608 3425 5665 sed
3446 5609 3591 5680 quod
3614 5611 3728 5668 dei-

2161 5693 2286 5748 tatis
2320 5701 2379 5750 et
2416 5694 2594 5750 carnis
2637 5695 2835 5752 Christi
2882 5713 2988 5753 una
3039 5708 3227 5756 natura
3273 5701 3387 5757 sive
3424 5704 3719 5760 substantia

2161 5786 2351 5842 effecta
2380 5795 2463 5844 est
2482 5788 2773 5845 secundum
2801 5791 3119 5862 Apollinarii-
3152 5802 3207 5853 et
3262 5793 3568 5867 Eutychetis
3595 5810 3719 5866 per-

2160 5876 2356 5945 ﬁdiam,
2384 5879 2503 5936 talis
2532 5881 2813 5939 anathema
2839 5883 2929 5940 sit.
