4112 6546
315 497 447 559 1017

1368 495 1601 552 LIBER
1640 491 2038 552 ADVERSUS
2075 491 2504 551 ORIGENEM.

3413 487 3548 547 1018

390 602 594 664 Ἐπίσης
631 607 730 678 γὰρ
777 609 860 660 καί
899 610 1018 668 τοὺς
1067 611 1158 660 ἀνά
1200 611 1348 682 μίρος
1389 609 1734 684 διαιροῦντας,
1775 609 1887 666 ἤτοι

2059 603 2126 657 Χ.
2151 603 2452 672 Ᾱῐίιιιοιὶιεε
2477 606 2622 660 enim
2649 614 2702 660 et
2723 620 2817 660 eos
2849 611 2938 675 qut
2961 621 3056 675 per
3081 616 3285 676 partem
3307 606 3548 662 incidunt

318 687 606 757 τέμνοντας,
635 700 718 749 καί
753 696 869 756 τοῦς
899 700 1217 768 συγχέοντας
1244 701 1300 753 τὸ
1327 707 1416 759 τῆς
1444 701 1578 758 θείας
1607 702 1884 767 οἰκονομίας

318 793 595 856 μυστήριον
630 792 720 839 τοῦ
745 796 968 861 Χριστοῦ
1003 790 1400 864 ἀποστρέφεται,
1428 794 1515 844 καί
1545 791 1885 856 ἀναθεματίζει

318 881 348 934 ἡ
378 877 604 936 καθολνκῆ
632 878 884 936 ἐκκλησία.

384 964 446 1020 Εἴ
461 988 540 1028 τις
567 971 635 1037 μή
664 970 1009 1038 ἀναθεματίζει
1031 967 1249 1042 Ἀρειον,
1277 970 1534 1041 Εὐνόμιον,
1564 967 1885 1033 Μακεδόνων,

315 1057 645 1133 Ἀπολινάριον
666 1104 679 1124 ,
710 1061 999 1134 Νεστόριον,
1030 1063 1298 1132 Εὐτυχέα,
1347 1065 1430 1115 καί
1469 1064 1588 1120 τοὺς
1627 1063 1691 1115 τά
1727 1059 1879 1130 ὅμοια

313 1152 510 1209 τούτοις
539 1156 855 1221 φρονοῦντας,
883 1151 914 1209 ἦ
942 1157 1298 1225 φρονήσαντας,
1323 1152 1541 1220 ἀνάθεμα
1565 1147 1723 1217 ἔστω.

385 1329 446 1384 Εἴ
482 1351 560 1389 τις
605 1331 932 1386 ἀντιποιεῖται
976 1331 1235 1406 Θεοδώρου
1279 1338 1371 1387 τοῦ
1411 1331 1760 1402 Μοψουεστίας
1798 1335 1887 1383 τοῦ

315 1423 575 1487 εἰπόντος,
629 1419 770 1476 ἄλλον
813 1418 939 1476 εἶναι
986 1425 1071 1476 τὸν
1114 1425 1233 1478 Θεὸν
1275 1424 1442 1492 λόγον,
1492 1427 1575 1476 καί
1621 1420 1766 1475 ἄλλον
1807 1421 1890 1476 τὸν

314 1514 559 1588 Χριστόν,
588 1511 689 1565 ῦπό
719 1514 886 1566 παθῶν
928 1512 1109 1582 ψυχῆς
1151 1516 1232 1566 καί
1257 1519 1354 1566 τῶν
1391 1520 1481 1573 τῆς
1507 1513 1690 1583 σαρκὸς
1717 1512 1892 1564 ἐπιθυ-

316 1608 441 1670 μιῶν
468 1601 849 1672 ἐνοχλούμενον,
878 1602 959 1655 καί
984 1603 1038 1655 ἐκ
1065 1610 1324 1677 προκοπῆς
1355 1601 1512 1675 ἔργων
1541 1603 1887 1670 βελτιωθέντα,

315 1695 401 1744 καί
429 1691 768 1760 βαπτισθέντα
807 1694 882 1751 εἰς
911 1688 1064 1761 ὄνομα
1099 1693 1294 1765 πατρὸς
1334 1694 1420 1745 καί
1460 1693 1576 1744 υἱοῦ
1624 1694 1708 1744 καὶ
1745 1691 1889 1764 ἀγίου

314 1782 621 1850 πνεύματος,
645 1784 726 1834 καί
750 1779 835 1835 διὰ
853 1788 943 1836 τοῦ
967 1781 1324 1853 βαπτίσματος
1345 1787 1433 1840 τὴν
1457 1784 1610 1853 χάριν
1632 1789 1720 1835 τοῦ
1745 1781 1889 1853 ἀγίου

315 1870 600 1938 πνεύματος
644 1869 842 1933 λαϐεῖν,
893 1873 978 1922 καί
1023 1871 1281 1930 υἱοθεσίας
1325 1872 1616 1934 ἀξιωθῆναι,
1655 1873 1741 1924 καί
1786 1871 1891 1925 κατ’

1985 695 2070 748 vel
2097 694 2358 758 dividunt,
2387 704 2442 749 et
2466 710 2560 748 eos
2580 695 2672 764 qui
2699 693 3030 750 confundunt
3055 695 3248 750 divina
3275 697 3550 766 dispensa-

1986 786 2148 839 tionis
2176 787 2487 853 mysterium
2515 785 2735 851 Christi,
2787 785 2959 854 rejicit
3004 795 3058 841 et
3086 788 3406 842 condemnat
3432 791 3550 843 uni-

1985 874 2208 927 versalis
2229 873 2322 928 Dei
2352 873 2611 928 Ecclesia.

2057 965 2113 1018 Si
2167 966 2287 1032 quis
2324 981 2430 1018 non
2472 964 2888 1017 anathematizat
2942 965 3162 1030 Arium,
3213 964 3550 1033 Eunomium,

1988 1053 2380 1117 Macedonium,
2412 1052 2820 1122 Apollinarium,
2863 1053 3188 1121 Nestorium,
3237 1054 3552 1125 Eutychen],

1989 1153 2044 1198 et
2071 1160 2166 1198 eos
2192 1144 2283 1211 qui
2309 1141 2890 1210 similiaeissapuerunt
2914 1144 2997 1198 vel
3022 1145 3254 1214 sapiunt,
3280 1146 3398 1199 talis
3424 1161 3554 1201 ana-

1991 1235 2167 1288 thema
2196 1235 2286 1288 sit.

2059 1321 2149 1374 XI.
2169 1322 2223 1376 Si
2239 1323 2358 1392 quis
2379 1320 2615 1376 defendit
2632 1321 2969 1376 Theodorum
2995 1321 3445 1392 Mopsuestenum,
3465 1327 3557 1395 qui

1990 1413 2124 1466 dixit
2150 1413 2310 1465 alium
2341 1426 2458 1466 esse
2496 1411 2664 1466 Deum
2695 1412 2947 1476 Verbum,
2994 1421 3050 1466 et
3095 1413 3257 1467 alium
3286 1414 3556 1476 Christum

1991 1519 2021 1557 a
2052 1503 2388 1571 passionibus
2411 1503 2603 1556 anima:
2646 1502 3020 1558 et'desideriis
3068 1505 3242 1558 carnis
3287 1506 3560 1561 molestias

1993 1595 2306 1664 patientem,
2358 1599 2413 1646 et
2439 1607 2505 1647 ex
2535 1592 2777 1662 profectu
2822 1608 3046 1662 operum
3097 1597 3454 1661 melioratum,
3505 1608 3560 1652 et

1992 1686 2317 1754 baptizatum
2360 1685 2413 1738 in
2460 1685 2676 1738 nomine
2721 1683 2918 1749 Patris,
2972 1693 3025 1738 et
3063 1685 3201 1748 Filii,
3249 1695 3303 1740 et
3331 1687 3560 1756 Spiritus

1991 1778 2181 1842 sancti,
2211 1785 2267 1831 et
2289 1792 2384 1846 per
2411 1776 2673 1845 baptisma
2700 1777 2923 1845 gratiam
2953 1778 3124 1831 sancti
3152 1776 3378 1845 Spiritus
3407 1795 3559 1833 acce-

1993 1871 2158 1939 pisse,
2190 1877 2246 1924 et
2273 1868 2636 1922 afllliationem
2667 1870 2943 1932 meruisse,
2977 1877 3031 1922 et
3060 1867 3128 1921 ad
3159 1869 3556 1924 similitudinem

317 1961 526 2017 ἰσότητα
554 1961 820 2030 βασιλικῆς
845 1961 1031 2020 εἰκόνος
1056 1962 1126 2019 εἰς
1155 1959 1429 2033 πρόσωπον
1467 1966 1552 2014 τοῦ
1579 1966 1705 2014 Θεοῦ
1740 1961 1888 2032 λόγου

2005 1960 2287 2028 imperialis
2325 1958 2567 2025 imaginis
2611 1958 2663 2011 in
2710 1973 2996 2027 personam
3026 1959 3119 2012 Dei
3149 1959 3308 2014 Verbi
3347 1961 3557 2016 adorari

318 2051 747 2127 προσκυνοῦμενον
765 2091 780 2114 ,
811 2054 890 2104 καί
918 2053 1047 2118 μετά
1079 2056 1168 2109 τήν
1198 2053 1473 2106 ἀνάστασιν
1502 2049 1751 2125 ἄτρεπτον
1777 2060 1891 2112 ταῖς

319 2143 548 2205 ἐννοίαις,
571 2144 658 2194 καί
677 2143 1028 2216 ἀναμάρτητον
1054 2143 1306 2202 παντελῶς
1328 2143 1613 2214 γενόμενον’
1641 2145 1725 2196 καί
1743 2143 1891 2196 πάλιν

319 2232 574 2305 εἰρηκότος
603 2236 692 2289 τήν
721 2232 898 2286 ἕνωσιν
936 2239 1023 2285 τοῦ
1052 2237 1178 2286 Θεοῦ
1219 2232 1363 2303 λόγου
1402 2233 1527 2304 πρὸς
1566 2233 1650 2286 τὸν
1677 2233 1891 2304 Χριστὸν

320 2321 556 2377 τοιαύτην
580 2321 894 2390 γεγενῆσθαι,
928 2321 1035 2373 οἷαν
1060 2316 1195 2374 εἶπεν
1223 2320 1248 2374 ὁ
1277 2322 1562 2381 ἀπόστολος
1601 2321 1683 2375 ἐπὶ
1712 2320 1891 2394 ἀνδρὸς

323 2414 406 2467 καί
431 2413 661 2484 γυναικός
677 2431 692 2447 ⁸
715 2429 735 2463 ε
752 2408 994 2466 Ἔσονται
1007 2413 1051 2465 οἰ
1078 2410 1169 2466 δύο
1187 2414 1256 2471 εἰς
1274 2414 1444 2486 σάρκα
1465 2416 1601 2482 μίαν.
1625 2430 1643 2463 ι
1670 2413 1893 2486 καὶπρὸς

321 2507 438 2558 ταῖς
461 2497 633 2559 ἄλλαις
652 2501 1000 2577 ἀναριθμήτοις
1020 2501 1172 2554 αὐτοῦ
1195 2501 1530 2572 βλασφημίαις
1553 2501 1894 2571 τολμήσαντος

322 2598 504 2658 εἰπεῖν,
534 2591 608 2646 ὅτι
637 2595 765 2662 μετά
791 2599 879 2652 την
903 2594 1178 2646 ἀνάστασιν
1203 2594 1504 2664 ἐμφυσήσας
1530 2592 1554 2646 ὁ
1583 2595 1753 2667 κύριος
1783 2601 1896 2654 τοῖς

322 2683 592 2749 μαθηταῖς,
623 2685 704 2736 καί
732 2687 904 2746 εἰπὼν,
937 2700 955 2731 t
971 2681 1158 2735 Λάϐετε
1181 2689 1381 2749 πνεῦμα
1396 2681 1553 2754 ἅγιον,
1575 2699 1593 2731 ›
1615 2684 1670 2735 οὐ
1687 2681 1895 2736 δέδωκεν

323 2773 500 2832 αὐτοῖς
524 2778 724 2846 πνεῦμα
754 2771 894 2844 ἅγιον
913 2813 928 2836 ,
967 2771 1086 2826 ἀλλά
1123 2775 1359 2844 σχήματι
1400 2772 1545 2843 μόνον
1574 2770 1894 2845 ἐνεφύσησεν.

322 2857 482 2921 Οὗτος
510 2860 564 2916 δέ
592 2867 673 2915 καὶ
697 2868 789 2921 τήν
817 2863 1073 2936 ὁμολογίαν
1100 2867 1279 2930 Θωμᾶ,
1310 2867 1399 2920 τὴν
1424 2865 1507 2916 ἐπί
1619 2863 1898 2934 ψηλαφήσει

322 2959 423 3005 τῶν
455 2960 643 3025 χειρῶν
678 2955 761 3006 καί
798 2960 890 3013 τῆς
929 2953 1154 3025 πλευρᾶς
1181 2958 1270 3006 τοῦ
1299 2956 1470 3026 κυρίου
1500 2956 1629 3022 μετά
1664 2958 1753 3011 τήν
1781 2955 1899 3006 ἀνά-

323 3063 526 3105 στασιν,
552 3044 700 3116 λέγων
725 3045 804 3110 τό,
831 3061 850 3095 ε
877 3045 936 3101 Ὀ
952 3044 1120 3118 κύριός
1147 3065 1240 3107 μου
1261 3048 1342 3099 καί
1370 3045 1488 3104 Θεὸς
1509 3066 1628 3115 μου,
1651 3063 1670 3096 ι
1695 3042 1801 3098 εἷπε
1826 3050 1897 3114 μή

325 3135 552 3206 ε’ρῆσθαι
580 3139 811 3205 περὶτοῦ
851 3140 1074 3207 Χριστοῦ
1115 3138 1258 3206 παρά
1292 3141 1384 3189 τοῦ
1429 3140 1617 3204 Θωμᾶ,
1661 3134 1771 3190 οὐδέ
1801 3138 1898 3209 γὰρ

327 3223 451 3279 εἶναι
485 3226 614 3297 λέγει
641 3228 725 3281 τὸν
753 3228 924 3300 κύριον
952 3229 1102 3292 Θεόν,
1148 3229 1251 3282 ἀλλ’
1290 3230 1373 3283 ἐπὶ
1409 3235 1481 3297 τῷ
1509 3227 1781 3302 παραδόξῳ
1809 3237 1900 3288 τῆς

1994 2046 2355 2119 [adoratum],
2405 2055 2460 2101 et
2503 2055 2625 2115 post
2664 2047 3114 2101 resurrectionem
3170 2048 3558 2103 immutabilem

1993 2139 2426 2206 cogitationibus,
2456 2146 2509 2192 et
2537 2138 2936 2206 impeccabilem
2964 2140 3182 2192 omnino
3210 2138 3404 2193 factum
3433 2141 3561 2195 fuis-

1993 2244 2051 2282 se
2076 2246 2089 2292 ;
2119 2235 2171 2281 et
2197 2229 2387 2282 iterum
2418 2227 2552 2281 dixit
2583 2229 2743 2282 talem
2776 2226 2967 2282 factam
2993 2244 3113 2283 esse
3143 2230 3436 2286 unitionem
3470 2233 3559 2287 Dei

1997 2315 2156 2370 Verbi
2185 2316 2253 2369 ad
2283 2316 2574 2379 Christum,
2627 2317 2838 2386 qualem
2869 2316 3006 2370 dixit
3036 2317 3324 2386 Apostolus
3352 2320 3420 2374 de
3448 2324 3562 2375 viro

1995 2418 2050 2462 et
2077 2408 2298 2462 muliere
2325 2426 2336 2460 :
2369 2407 2538 2460 Erunt
2565 2408 2664 2460 duo
2690 2409 2745 2460 in
2769 2423 2925 2462 carne
2951 2424 3054 2460 una
3079 2408 3237 2479 (Ep/3.
3271 2411 3322 2480 v)
3352 2428 3364 2462 :
3396 2422 3449 2465 et
3474 2429 3566 2467 su-

1997 2512 2093 2565 per
2123 2497 2254 2551 alias
2283 2511 2408 2551 suas
2436 2497 2852 2551 innumerabiles
2887 2497 3251 2567 blasphemias
3277 2514 3436 2554 ausus
3483 2510 3564 2554 est

1995 2587 2192 2648 dicere,
2239 2586 2384 2656 quod
2413 2595 2535 2655 post
2575 2587 3021 2641 resurrectionem
3071 2602 3193 2641 cum
3243 2587 3565 2643 insumasset

1997 2676 2253 2729 Dominus
2276 2675 2552 2743 discipulis
2579 2677 2712 2742 suis,
2754 2683 2810 2730 et
2838 2675 3061 2730 dixisset
3085 2694 3097 2728 :
3142 2679 3370 2746 Accipite
3392 2679 3534 2746 διεὶγὶ

1999 2772 2375 2819 ιιιτη,ειιηειαηι
2418 2763 2597 2835 (loan.
2645 2767 2787 2831 xx):
2843 2779 2948 2818 non
2986 2764 3133 2818 dedit
3177 2765 3256 2819 eis
3308 2764 3563 2834 Spiritum

1999 2863 2241 2908 sanctum
2277 2894 2291 2917 ,
2355 2854 2449 2908 sed
2499 2853 2763 2922 ﬁguratim
2825 2853 3194 2907 tantummodo
3241 2852 3564 2907 insufﬂavit:

1998 2945 2093 2997 sed
2134 2954 2188 2995 et
2229 2941 2348 3013 [llic
2389 2951 2566 2996 autem
2597 2943 2758 2996 etiam
2803 2940 2919 3012 Gn]
2955 2943 3362 3005 confessionem,
3408 2958 3566 3011 quam

2000 3033 2128 3087 fecit
2173 3032 2407 3086 Thomas
2435 3047 2552 3086 cum
2585 3033 2855 3102 palpasset
2893 3045 3082 3085 manus
3109 3039 3164 3087 et
3193 3032 3330 3085 latus
3357 3033 3568 3086 Domini

2000 3129 2124 3193 post
2152 3121 2618 3184 resurrectionem,
2658 3120 2842 3174 dicens
2866 3160 2880 3185 ,
2912 3119 3165 3173 Dominus
3195 3137 3334 3173 meus
3362 3129 3409 3174 et
3433 3121 3569 3177 Deus

2003 3228 2146 3265 meus
2167 3198 2444 3283 (Ibidem),
2494 3210 2664 3278 inquit
2692 3225 2798 3263 non
2841 3225 2960 3264 esse
2987 3210 3184 3264 dictam
3215 3227 3244 3264 a
3274 3210 3477 3265 Thema
3505 3212 3573 3267 de

327 3322 661 3378 ἀναστάσεως
705 3320 1134 3391 ἐκπλαγέντα-τόν
1181 3326 1366 3390 Θωμᾶν
1400 3322 1618 3390 ὑμνῆσαι
1657 3322 1740 3375 τόν
1783 3323 1901 3375 Θεὸν

2007 3302 2221 3357 Christo
2256 3304 2379 3372 (nec
2407 3302 2546 3355 enim
2578 3301 2712 3355 dixit
2741 3301 3053 3356 Theodorus
3081 3302 3246 3356 Deum
3276 3318 3392 3356 esse
3421 3302 3576 3357 Chri-

327 3410 410 3463 τὸν
439 3411 700 3482 ἐγείραντα
729 3410 810 3463 τὸν
834 3409 1067 3482 Χριστόν.
1093 3410 1160 3462 Τὸ
1190 3408 1242 3463 δὲ
1283 3415 1495 3480 χεῖρον,
1543 3407 1621 3463 ὅτι
1654 3412 1735 3462 καί
1770 3410 1817 3462 ἐν

329 3509 431 3556 τῶν
458 3502 688 3574 πράξεων
715 3507 815 3555 τῶν
845 3502 1141 3554 ἀποστόλων
1169 3504 1400 3572 γενομένῃ
1430 3502 1551 3571 παρ’
1578 3503 1735 3554 αὐτοῦ
1766 3499 1907 3558 δῆθεν

329 3590 565 3663 ἑρμηνείᾳ
595 3595 872 3665 συγκρίνων
899 3589 924 3643 ὁ
955 3592 1101 3649 αὐτὸς
1131 3590 1382 3667 Θεόδωρος
1408 3594 1490 3645 τόν
1527 3593 1741 3665 Χριστόν
1781 3590 1910 3645 Πλά-

330 3702 470 3744 τωνι,
503 3682 587 3733 καὶ
610 3683 899 3749 Μανιχαίῳ,
932 3683 1010 3734 καί
1035 3678 1331 3753 Ἐπικούρῳ,
1355 3684 1436 3733 καὶ
1461 3684 1729 3752 Μαρκίωνι,
1757 3681 1907 3750 λέγει,

329 3769 410 3824 ὅτι
440 3773 613 3844 ὥσπερ
645 3772 839 3824 ἐκείνων
865 3771 1080 3830 ἕκαστος
1112 3772 1379 3848 εὑράμενος
1408 3773 1578 3824 οἰκεῖον
1606 3769 1768 3842 δόγμα
1792 3773 1912 3830 τοὺς

336 3864 471 3932 αὐτῷ
486 3863 903 3932 μαθητεύσαντας
925 3863 1159 3918 πεποίηκε
1177 3862 1285 3914 καλε
1294 3863 1431 3916 ῖσθαι
1451 3863 1802 3929 Πλατωνικοὺς,
1829 3867 1914 3917 καὶ

338 3955 684 4021 Μανιχνίους,
731 3955 814 4006 καί
842 3951 1212 4025 Ἐπικουρείους
1231 3994 1246 4016 ,
1276 3956 1360 4007 καί
1386 3957 1768 4025 Μαρκιωνιστάς
1787 3994 1800 4017 ,
1830 3956 1914 4006 τὸν

335 4041 498 4112 ὅμοιον
522 4043 703 4116 τρόπον
733 4044 818 4096 καί
842 4048 932 4097 τοῦ
969 4048 1196 4116 Χριστοῦ
1237 4044 1512 4117 εὑραμένου
1540 4045 1598 4096 τὸ
1626 4041 1820 4113 δόγμα,
1864 4044 1913 4106 ἐξ

335 4136 489 4189 αὐτοῦ
530 4137 648 4194 τοὺς
682 4136 1014 4202 Χριστιανοὺς
1052 4133 1326 4187 καλεῖσθαι.
1371 4131 1432 4186 Εἴ
1463 4155 1541 4194 τις
1583 4136 1742 4187 τοίνυν
1779 4136 1916 4188 ἀντι-

336 4231 554 4278 ποιεῖται
574 4222 832 4297 Θεοδώρου
854 4229 945 4278 τοῦ
970 4225 1035 4278 τά
1058 4229 1267 4278 τοιαῦτα
1291 4224 1765 4295 βλασφημήσαντος,
1791 4225 1916 4279 ἀλλά

336 4321 406 4384 μή
435 4315 782 4383 ἀναθεματίζει
806 4316 972 4379 αὐτόν,
1003 4317 1085 4367 καί
1109 4316 1175 4368 τά
1200 4315 1359 4368 αὐτοῦ
1387 4315 1789 4388 συγγράμματα,
1830 4316 1915 4368 καί

336 4409 456 4466 τοὺς
483 4408 548 4460 τά
593 4404 738 4477 ὃμοια
776 4407 916 4479 αὐτῷ
952 4412 1284 4479 φρονοῦντας,
1322 4404 1352 4464 ἦ
1390 4411 1756 4479 φρονήσαντας,
1800 4409 1919 4462 ἀνά-

336 4498 466 4567 θεμα
495 4495 655 4551 ἔστω.

407 4676 474 4731 Εἴ
499 4701 576 4739 τις
613 4681 944 4736 ἀντιποιεῖται
981 4688 1080 4735 τῶν
1121 4678 1534 4754 συγγραμμίτων
1570 4677 1912 4752 Θεοδωρίτου,

339 4767 471 4844 ἅπερ
499 4771 683 4834 ἐξέθετο
707 4771 837 4844 ὑπὲρ
861 4773 1134 4843 Νεστορίου
1156 4778 1244 4825 τοῦ
1267 4772 1546 4846 αἷρετικοῦ,
1571 4773 1650 4823 καί
1674 4771 1801 4824 κατά
1823 4777 1914 4828 τῆς

338 4861 486 4935 ὀρθῆς
515 4864 757 4927 πίστεως,
791 4863 877 4915 καὶ
905 4869 995 4920 τῆς
1023 4863 1070 4913 ἐν
1098 4862 1284 4932 Ἐφέσῳ
1324 4863 1530 4932 πρώτης
1569 4865 1719 4930 ἁγίας
1759 4862 1912 4914 συνό⁴

335 4946 446 5014 δον,
477 4953 564 5003 καί
583 4955 676 5004 τοῦ
714 4951 761 5002 ἐν
789 4949 950 5020 ἁγίοις
979 4949 1260 5022 Κυρίλλου,
1297 4951 1384 5002 καί
1409 4956 1508 5002 τῶν
1536 4947 1598 5002 ιϐ’
1634 4950 1785 5003 αὐτοῦ
1830 4969 1912 5002 κε-

335 5044 566 5113 φαλαίων,
595 5044 644 5095 ἐν
673 5039 746 5103 οἷς
764 5043 975 5097 ἀσεϐέσι
1000 5042 1366 5115 συγγράμμασι
1398 5045 1646 5112 σχετικὴν
1672 5041 1799 5113 λέγει
1827 5047 1918 5100 τῆν

333 5135 512 5189 ἕνωσιν
549 5141 641 5188 τοῦ
670 5141 798 5188 Θεοῦ
827 5135 975 5207 λόγου
1001 5136 1129 5208 πρός
1156 5133 1242 5188 τόν
1267 5154 1382 5188 τινα
1406 5131 1683 5207 ἄνθρωπον·
1715 5137 1832 5209 περὶ
1860 5131 1916 5187 οὗ

335 5227 646 5296 βλασφημῶν
675 5226 822 5295 λέγει,
853 5224 931 5281 ὅτι
957 5225 1239 5297 ἐψηλάφησε
1276 5230 1464 5296 Θωμᾶς
1492 5227 1578 5280 τὸν
1607 5227 1912 5287 ἀναστάντα,

337 5319 424 5367 καί
462 5319 805 5387 προσεκύνησε
835 5317 918 5371 τὸν
944 5317 1232 5388 ἐγείραντα,
1278 5320 1363 5370 καὶ
1405 5313 1489 5369 διὰ
1524 5322 1674 5370 τοῦτο
1711 5316 1918 5375 ἀσεϐεῖς

338 5405 480 5458 καλεῖ
497 5408 615 5466 τοὺς
635 5415 725 5466 τῆς
747 5407 1009 5464 ἐκκλησίας
1035 5403 1391 5471 διδασκάλους,
1415 5407 1534 5465 τοὺς
1557 5405 1661 5458 καθ’
1685 5401 1919 5460 ὑπόστα-

338 5514 423 5548 σιν
443 5499 532 5552 τήν
555 5495 732 5549 ἕνωσιν
755 5501 844 5550 τοῦ
866 5501 992 5551 Θεοῦ
1015 5495 1157 5566 λόγου
1182 5497 1308 5571 πρὸς
1333 5500 1423 5553 τήν
1445 5497 1613 5567 σάρκα
1635 5493 1920 5565 ὁμολογοῦν-

337 5598 452 5642 τας’
483 5585 566 5638 καὶ
592 5585 720 5657 πρὸς
747 5587 944 5644 τούτοις
969 5585 1189 5640 θεοτόκον
1217 5586 1518 5661 ἀπαρνεῖται
1553 5590 1641 5641 την
1669 5583 1813 5654 ἀγίαν
1837 5582 1916 5638 ἕν·

338 5672 480 5737 δοξον
507 5675 825 5748 ἀειπάρθενον
869 5677 1084 5747 Μαρίαν.
1135 5674 1196 5729 Εἴ
1237 5695 1316 5735 τις
1367 5677 1532 5728 τοίνυν
1576 5675 1641 5729 τά
1689 5675 1922 5747 εἰρημένα

340 5764 723 5837 συγγράμματα
746 5762 1061 5837 Θεοδωρίτου
1085 5766 1298 5831 ἐπαινεῖ,
1326 5765 1447 5819 ἀλλά
1475 5769 1541 5838 μή
1572 5765 1921 5833 ἀναθεμκτίζει

339 5857 468 5909 αὐτὰ
489 5894 504 5917 ,
544 5857 758 5926 ἀνάθεμα
799 5853 961 5910 ἴστω·
1012 5853 1094 5910 διά
1128 5857 1319 5916 ταύτας
1345 5857 1440 5929 γὰρ
1483 5857 1574 5916 τάς
1601 5856 1919 5926 βλασφημίας

337 5959 428 6009 τηε
457 5947 733 6009 ἐπισκοπῆς
761 5947 1007 6014 ἐξεϐλήθη,
1036 5951 1118 6002 καὶ
1137 5950 1267 6018 μετὰ
1299 5955 1460 6006 ταῦτα
1488 5949 1534 6002 ἐν
1565 5956 1623 6022 τῇ
1657 5947 1775 6023 ἁγίᾳ
1804 5970 1914 6006 συν·

2005 3391 2189 3462 stmn),
2223 3392 2316 3445 sed
2341 3391 2407 3444 ad
2435 3391 2746 3445 miraculum
2774 3390 3186 3444 resurrectionis
3220 3390 3573 3459 stupefactum

2007 3483 2267 3537 Thomam
2292 3481 2620 3550 glorilicasse
2651 3479 2835 3543 Deum,
2873 3480 2963 3550 qui
2991 3479 3258 3535 Christum
3289 3482 3576 3534 resuscita-

2007 3575 2083 3628 vit
2109 3592 2121 3625 :
2145 3581 2199 3626 et
2225 3572 2368 3640 quod
2393 3571 2544 3641 pejus
2567 3578 2669 3634 est,
2693 3571 2853 3624 etiam
2878 3570 2929 3622 in
2955 3570 3397 3638 interpretatione
3418 3586 3578 3637 quam

2011 3666 2065 3720 in
2093 3665 2257 3720 Actus
2304 3664 2668 3733 apostolorum
2714 3663 2927 3731 scripsit
2975 3661 3309 3728 Theodorus,
3350 3662 3579 3716 similem

2011 3755 2137 3811 fecit
2162 3755 2433 3810 Christum
2474 3752 2708 3816 Platoni,
2741 3760 2796 3806 et
2824 3752 3142 3818 Maniehzeo,
3166 3761 3220 3807 et
3248 3753 3497 3822 Epicuro,
3527 3759 3582 3807 et

2012 3849 2290 3913 Marciani,
2321 3848 2505 3903 dicens
2532 3846 2672 3915 quod
2716 3846 2854 3900 sicut
2883 3845 3093 3899 illorum
3121 3845 3481 3913 unusquisque
3507 3860 3577 3899 ex

2013 3941 2264 4010 dogmate
2291 3938 2434 4007 quod
2463 3937 2687 4004 invenit,
2735 3952 2861 3992 suos
2901 3935 3195 4004 discipulos
3244 3935 3368 3990 fecit
3397 3935 3580 3990 vocari

2015 4033 2338 4096 Platonicos,
2385 4039 2441 4085 et
2467 4029 2806 4094 Manichaeos,
2839 4037 2893 4082 et
2922 4029 3232 4098 Epicureos,
3279 4036 3334 4084 et
3359 4028 3582 4082 Marcio-

2015 4125 2205 4190 nistas,
2230 4122 2388 4177 simili
2417 4119 2576 4175 modo
2617 4127 2668 4174 et
2695 4135 2818 4173 cum
2849 4118 3093 4174 Christus
3119 4119 3310 4187 dogma
3351 4120 3580 4173 invenis-

2015 4219 2116 4277 set,
2149 4226 2214 4265 ex
2243 4211 2359 4281 ipso
2387 4207 2722 4263 Christianos
2751 4208 2949 4262 vocari.
2983 4208 3038 4262 Si
3065 4209 3184 4276 quis
3211 4209 3368 4276 igitur
3395 4207 3586 4263 defen-

2016 4300 2096 4356 dit
2123 4300 2370 4355 eumdem
2397 4299 2760 4360 Theodorum,
2803 4297 2892 4365 qui
2915 4296 3043 4351 talia
3070 4297 3482 4365 blasphemavit,
3527 4306 3584 4352 et

2017 4405 2125 4444 non
2153 4389 2573 4445 anathematizat
2601 4403 2745 4450 eum,
2796 4395 2852 4440 et
2891 4385 3007 4454 ejus
3035 4387 3358 4456 conscripta,
3411 4395 3466 4441 et
3494 4401 3592 4442 eos

2018 4483 2110 4552 qui
2137 4482 2329 4537 similia
2358 4481 2433 4535 illi
2461 4487 2771 4550 sapuerunt,
2791 4478 2876 4532 vel
2906 4477 3135 4546 sapiunt,
3163 4477 3283 4531 talis
3311 4477 3594 4530 anathema

2019 4573 2108 4627 sit.

1949 4653 1999 4711 D
2093 4661 2205 4715 ΧΠ.
2247 4659 2303 4714 Si
2348 4659 2468 4728 quis
2512 4655 2750 4712 defendit
2777 4655 3080 4724 conscripta
3106 4654 3428 4708 Theodoreti
3472 4668 3596 4722 quae

2019 4758 2267 4826 exposuit
2323 4771 2422 4825 pro
2465 4753 2712 4809 Nestorio
2773 4753 3027 4807 hmretico
3081 4751 3338 4805 adversus
3384 4758 3594 4804 rectam

2020 4847 2200 4912 ﬁdem,
2245 4854 2300 4901 et
2340 4844 2663 4914 Ephesinam
2692 4843 2919 4912 primam
2951 4849 3189 4896 sanctam
3219 4840 3502 4912 synodum,
3535 4849 3590 4895 et

2019 4937 2078 4995 S.
2109 4937 2383 5008 Cyrillum,
2433 4944 2489 4991 et
2526 4934 2810 4990 duodecim
2846 4933 2961 5001 ejus
3001 4933 3255 5001 capitula,
3305 4933 3357 4990 in
3399 4932 3592 5001 quibus

2019 5029 2294 5083 sceleratis
2320 5026 2637 5095 conscriptis
2665 5024 2807 5080 idem
2849 5025 3221 5078 Theodoretus
3248 5022 3586 5093 afl‘eclualem

2019 5119 2147 5173 dicit
2193 5118 2452 5173 unitatem
2495 5116 2590 5170 Dei
2636 5115 2800 5170 Verbi
2846 5114 2912 5169 ad
2959 5115 3230 5168 hominem
3279 5115 3586 5185 quemdam,

2019 5209 2086 5263 de
2131 5223 2238 5278 quo
2279 5207 2657 5276 blasphemans
2695 5205 2850 5268 dixit,
2895 5204 3038 5272 quod
3076 5205 3315 5276 palpavit
3356 5205 3592 5262 Thomas

2020 5313 2141 5352 eum
2161 5298 2254 5367 qui
2283 5297 2594 5359 resurrexit,
2621 5303 2676 5350 et
2695 5294 2936 5349 adoravit
2956 5309 3079 5349 eum
3102 5295 3193 5365 qui
3219 5297 3590 5363 resuscitavit;

2020 5399 2076 5445 et
2116 5398 2337 5459 propter
2365 5390 2468 5445 hoc
2512 5389 2705 5458 impios
2732 5395 2892 5442 vocat
2919 5386 3172 5443 doctores
3198 5387 3450 5444 Ecclesiae
3497 5390 3589 5459 qui

2020 5482 2279 5535 unitatem
2304 5479 2597 5535 secundum
2634 5479 3030 5534 subsistentiam
3061 5479 3155 5533 Dei
3185 5479 3343 5534 Verbi
3373 5479 3442 5534 ad
3471 5496 3588 5536 car-

2021 5589 2142 5628 nem
2166 5571 2530 5637 conlitentur;
2577 5579 2632 5625 et
2658 5585 2818 5640 super
2861 5570 2975 5624 haac
3004 5569 3097 5623 Dei
3139 5568 3466 5625 Genitrieem
3496 5572 3590 5626 ab.-

2022 5680 2185 5741 negat
2227 5679 2470 5725 sanctam
2515 5677 2571 5724 et
2611 5669 2896 5738 gloriosam
2944 5683 3157 5738 semper
3188 5669 3445 5736 virginem
3479 5669 3587 5722 Ma-

2022 5763 2174 5817 riam.
2202 5761 2403 5830 Siquis
2431 5761 2592 5828 igitur
2617 5767 2913 5814 memorata
2934 5759 3237 5829 conscripta
3266 5758 3588 5813 Theodoreti

2023 5854 2279 5919 defendit,
2321 5861 2502 5908 etnon
2535 5850 2955 5906 anathematizat
2999 5865 3083 5919 ea,
3131 5850 3252 5906 talis
3298 5850 3589 5904 anathema

2025 5947 2111 6004 sit.
2153 5944 2378 6020 Propter
2425 5943 2560 6005 tales
2608 5941 2753 5999 enim
2791 5941 3148 6013 blasphemias
3178 5939 3244 6001 ab
3275 5940 3584 6010 episcopatu
