4088 6534
576 427 712 491 1019

1832 411 2276 502 JUSTINIANI
2319 442 2476 502 1MP.

3651 451 3785 516 10.20

579 549 676 620 ὁδῳ
723 559 784 608 τῆ
823 552 872 604 ἐν
910 552 1169 610 Χαλκηδόνι
1207 557 1458 613 συνωθηθη
1491 559 1652 613 πάντα
1695 561 1760 613 τά
1805 561 1997 616 ἐναντία
2023 573 2086 616 τοὶ

2187 570 2206 622 ι
2231 563 2470 630 dejectus
2493 576 2592 627 est,
2617 575 2669 620 et
2698 576 2882 635 postea
2910 584 2960 622 In
2992 579 3173 624 sancto
3200 572 3612 629 Chalcedonensi
3640 593 3768 632 cor.-

573 646 968 709 μνημονευθεῖσιν
1008 646 1162 698 αὐτοῦ
1211 649 1576 719 συγγράμμασι
1621 658 1826 708 ποιήσαι
1847 690 1863 714 ,
1909 657 1993 706 καί
2037 659 2140 712 τήνο

573 731 716 804 ὀρθήν
739 731 908 784 πίστιν
939 731 1254 804 ὁμολογῆσαι.

642 819 704 874 Εἴ
724 843 796 880 τις
822 823 1152 878 ἀντιποιεῖται
1181 834 1268 885 τῆς
1286 827 1503 885 ἀσεϐοῦς
1527 828 1788 889 ἐπιστολῆς
1814 837 1904 889 τῆς
1928 831 2128 900 λεγομέ-

569 933 655 970 νης
684 913 825 986 παρά
849 909 961 965 ἰϐα
979 915 1253 985 γεγράφθαι
1279 916 1404 989 πρὸς
1428 919 1593 988 Μάριν
1616 918 1700 971 τὰν
1727 920 1920 992 Πέρσην
1945 922 2028 973 τὸν
2050 923 2127 975 αἱ·

567 1003 785 1072 ρετικὸν,
834 1012 923 1063 τῆς
958 1007 1258 1078 ἀρνουμένης
1294 1009 1376 1061 τὸν
1422 1010 1542 1061 Θεὸν
1581 1009 1718 1080 λόγον
1747 1007 2000 1082 ἄνθρωπον
2036 1035 2121 1084 γε·

571 1096 820 1163 χενῆσθαι,
859 1098 939 1148 καί
977 1095 1215 1166 λεγούσης
1246 1103 1314 1165 μή
1355 1099 1438 1151 τόν
1473 1100 1591 1153 Θεὸν
1625 1101 1767 1172 λόγον
1793 1104 1844 1156 ἐκ
1882 1114 1970 1163 τῆς
1991 1127 2121 1180 παρ-

564 1184 702 1235 θένου
744 1186 1064 1256 σαρκωθέντα
1091 1187 1398 1254 γεννηθῆναι,
1443 1188 1560 1240 ἀλλά
1593 1188 1732 1257 ψιλν
1773 1189 2026 1265 ἄνθρωπον
2065 1197 2117 1259 ἐξ

565 1272 721 1330 αὐτῆς
756 1274 1069 1342 γεννηθῆναι,
1103 1271 1155 1327 ὃν
1183 1275 1290 1326 ναὸν
1316 1277 1580 1339 ἀποκαλεῖ,
1623 1280 1689 1337 ὠς
1719 1276 1859 1332 ἄλλον
1885 1277 2005 1336 εἷναι
2033 1284 2118 1336 τόν

564 1361 688 1412 Θεὸν
723 1361 880 1430 λόγον,
923 1366 1002 1414 καί
1047 1359 1186 1415 ἄλλον
1225 1365 1307 1418 τὸν
1343 1363 1618 1437 ἄνθρωπον
1655 1370 1779 1441 πρὸς
1824 1373 2020 1431 τούτοις
2059 1372 2112 1426 δέ

564 1452 916 1524 ένυϐριζούσης
958 1458 1047 1511 τήν
1080 1455 1126 1506 ἐν
1152 1452 1332 1525 Ἐφέσῳ
1370 1461 1572 1530 πρώτην
1598 1458 1831 1518 σύνοδον,
1856 1464 1921 1520 ὡς
1949 1465 2113 1534 χωρίς

564 1542 816 1600 ζητήσεως
845 1544 926 1592 καί
946 1543 1160 1612 κρίσεως
1187 1545 1446 1613 Νεστόριον
1468 1545 1892 1609 καταδικασάσης,
1918 1553 2001 1602 καί
2028 1553 2113 1604 τὸν

563 1630 608 1680 ἐν
635 1628 796 1698 ἁγίοις
824 1631 1048 1702 κύριλλον
1072 1634 1315 1706 ατρετικὸν
1339 1637 1716 1700 ἀποκαλούσης,
1748 1643 1832 1692 καί
1857 1643 2018 1700 ἀσεϐῆ
2046 1645 2110 1696 τά

559 1717 624 1769 ιϐ’
666 1718 814 1770 αὐτοῦ
840 1720 1099 1789 κεφάλαια·
1126 1723 1388 1796 Νεστὸριον
1417 1724 1468 1778 δέ
1491 1729 1572 1780 καί
1590 1727 1840 1797 Θεόδωρον
1863 1733 1989 1798 μετά
2016 1738 2112 1784 τῶν

557 1807 711 1859 αὐτοῦ
737 1808 933 1862 ἀσεϐῶν
963 1815 1367 1884 συγγραμμάτων
1408 1818 1738 1880 ἐπαινούσης,
1775 1824 1860 1872 καί
1887 1819 2109 1876 έκδικού-

556 1917 672 1955 σης.
701 1895 763 1949 Εἴ
780 1919 856 1957 τις
883 1902 1049 1953 τοίνυν
1077 1908 1165 1959 τήν
1197 1907 1450 1981 εἰρημένην
1487 1910 1646 1972 ἀσεϐῆ
1683 1910 1942 1976 ἐπιστολήν
1984 1913 2113 1976 ἔκδι-

2231 652 2353 706 cilio
2378 655 2678 722 compulsus
2705 666 2786 710 est
2815 661 2988 712 omnia
3017 662 3280 714 contraria
3311 669 3617 722 memoratis
3657 670 3768 724 suis

2229 743 2544 810 conscriptis
2565 743 2758 811 facere,
2781 755 2836 800 et
2864 757 3059 802 rectam
3079 750 3237 805 ﬁdem
3265 752 3527 810 conﬁteri.

2300 828 2430 882 Xlll.
2464 830 2519 884 Si
2559 833 2676 899 quis
2703 832 2933 888 defendit
2961 836 3173 906 impiam
3212 841 3490 908 epistolam
3519 859 3676 912 quam
3705 848 3773 902 ad

2229 918 2415 972 Marim
2467 919 2680 976 Persam
2729 924 3034 979 hmreticum
3080 928 3201 983 lbas
3246 931 3520 1000 scripsisse
3559 935 3772 1002 dicitur,

2226 1023 2344 1076 qum
2371 1009 2596 1077 abnegat
2644 1011 2805 1066 Deum
2831 1014 3060 1068 Verbum
3103 1018 3368 1073 hominem
3409 1021 3603 1076 factum
3632 1040 3770 1089 esse,

2230 1104 2284 1149 et
2308 1097 2435 1151 dicit
2477 1113 2579 1152 non
2611 1099 2773 1153 Deum
2803 1101 3030 1156 Verbum
3057 1119 3124 1158 ex
3167 1107 3368 1173 virgine
3419 1111 3769 1177 incarnatum,

2222 1195 2402 1240 natum
2428 1203 2564 1252 esse,
2600 1189 2692 1243 sed
2715 1206 2901 1259 purum
2924 1194 3187 1249 hominem
3209 1212 3272 1250 ex
3297 1199 3406 1266 ipsa
3431 1216 3547 1256 esse
3569 1214 3768 1268 natum,

2219 1290 2376 1343 quem
2431 1279 2682 1346 templum
2732 1290 2906 1348 vocat,
2955 1293 3011 1336 ut
3056 1285 3189 1339 alius
3234 1287 3302 1340 sit
3349 1288 3488 1344 Deus
3515 1292 3768 1361 Verbum,

2217 1373 2271 1418 et
2315 1365 2448 1418 alius
2498 1367 2696 1434 homo;
2739 1379 2792 1423 et
2835 1386 2994 1440 super
3041 1374 3150 1428 haec
3191 1376 3409 1444 injuriat
3454 1379 3769 1448 Ephesinam

2215 1452 2440 1520 primam
2483 1455 2764 1524 synodum,
2809 1461 2959 1527 quasi
2986 1462 3100 1516 sine
3128 1464 3467 1532 inquisitione
3493 1478 3549 1524 et
3576 1474 3769 1526 exami-

2216 1542 2430 1595 natione
2459 1543 2526 1596 ab
2571 1545 2681 1612 ipsa
2721 1546 2967 1603 Nestorio
3017 1553 3391 1621 condemnato,
3433 1569 3488 1613 et
3526 1571 3766 1618 sanctum

2214 1627 2463 1696 Cyrillum
2495 1643 2646 1686 vocat
2673 1637 2995 1701 luereticum,
3025 1649 3080 1694 et
3107 1642 3382 1702 duodecim
3405 1649 3517 1718 ejus
3538 1654 3766 1722 capitula

2211 1717 2372 1786 impia
2421 1719 2568 1791 dicit,
2611 1726 2919 1806 Nestorium
2959 1742 3134 1791 autem
3181 1751 3234 1793 et
3278 1717 3614 1798 Theodorum
3643 1763 3763 1801 cum

2213 1810 2388 1886 impiis
2416 1835 2598 1874 eorum
2646 1825 2961 1891 conscriptis
3004 1827 3270 1882 collaudat
3313 1840 3368 1884 et
3408 1833 3658 1888 defendit.
3705 1836 3765 1890 Si

2211 1909 2327 1975 quis
2356 1910 2533 1977 igitur,
2579 1914 2714 1966 sicut
2741 1913 2938 1967 dictum
2967 1924 3069 1983 est,
3100 1919 3340 1977 eamdem
3371 1922 3534 1991 ipsam
3565 1926 3763 1992 episto-

553 1990 658 2047 κεῖ,
699 1983 728 2042 ἢ
758 1986 898 2066 ὀρθὴν
919 1989 1072 2050 αὸτήν
1110 1990 1232 2050 εἶναι
1269 2001 1418 2068 λέγει,
1447 2001 1477 2058 ἦ
1505 2005 1652 2077 μέρος
1677 2007 1862 2071 αὐτῆς,
1890 2009 2011 2064 ἀλλὰ
2038 2032 2086 2079 με

2209 1994 2311 2049 lam
2342 1998 2590 2063 vindicat,
2623 1999 2704 2053 vel
2734 2010 2933 2055 rectam
2962 2020 3080 2058 esse
3108 2005 3233 2061 dicit
3258 1982 3425 2076 ipsam
3455 2013 3537 2066 vel
3559 2022 3759 2082 partem

557 2076 900 2144 ἀναθεματίζει
923 2083 1096 2146 αὐτήν,
1125 2086 1338 2156 ἀνάθεμα
1359 2087 1508 2144 ἔστω.

627 2173 725 2223 Τῆς
751 2170 986 2228 τοιαύτης
1011 2173 1172 2224 τοίνυν
1198 2175 1462 2236 ἐπιστολῆς
1489 2176 1685 2238 δικαίως
1713 2185 2106 2253 ἀναθεματισθεί-

559 2273 655 2312 σης
693 2253 773 2307 διὰ
799 2258 890 2316 τάς
928 2254 1296 2330 περιεχομένοις
1324 2269 1372 2316 ἐν
1410 2268 1534 2338 αὐτῇ
1574 2269 1918 2341 βλασφημίας,
1961 2276 2006 2328 οί
2041 2278 2104 2330 τά

554 2346 848 2416 Νεστορίου,
884 2344 913 2403 ii
947 2347 1204 2421 Θεοδώρου
1242 2353 1437 2414 ἀσεϐῶς
1473 2364 1751 2428 φρονοῦντες
1781 2361 2102 2435 ἐπιχειροῦσι

549 2433 729 2505 ’¹έγειι,
756 2439 943 2495 ταύτην
983 2438 1216 2509 δεδέχθαι
1257 2447 1398 2516 παρά
1441 2454 1532 2505 τῆς
1570 2447 1715 2519 ἁγίας
1749 2451 1798 2502 ἐν
1838 2433 2102 2509 Χαλκηδόνι

559 2521 790 2588 συνόδου,
822 2533 969 2580 τοῦτο
1012 2527 1064 2581 δέ
1095 2529 1294 2600 λέγουσι
1317 2538 1402 2591 τήν
1421 2537 1510 2602 μὲν
1539 2536 1681 2606 ἀγίαν
1709 2539 1916 2593 σύνοδον
1944 2563 2098 2596 συκο-

549 2615 860 2680 φαντοΐητες,
886 2623 955 2685 τῷ
983 2615 1034 2669 δέ
1058 2621 1245 2679 ταύτης
1268 2627 1603 2696 προσχήματι
1627 2626 1988 2691 σπουδάζοντες
2007 2640 2096 2691 τῆς

553 2701 851 2772 ᾆᾳειλομένης
926 2711 1261 2778 κατακρίσεως
1324 2714 1645 2791 ἐλευθερῶσαι
1700 2718 1951 2796 Θεόδωρον
2013 2727 2124 2776 καί

545 2795 835 2868 Εεστὸριον,
864 2799 947 2850 καί
975 2803 1062 2856 τήν
1083 2801 1240 2860 ἀσεϐῆ
1269 2803 1551 2869 ὶπιστολήν,
1580 2812 1697 2880 περὶ
1721 2807 1778 2868 ἧς
1805 2795 1942 2871 Ἰϐας
1968 2813 2091 2866 πολ-

545 2879 685 2940 λάκις
714 2889 1057 2955 κατηγορηθεὶς
1084 2889 1171 2940 οὐκ
1208 2889 1471 2959 ἐτόλμησεν
1505 2879 1849 2951 οἰκειώσασθαι
1889 2897 1973 2952 διά
2000 2903 2093 2960 τὰς

541 2972 904 3041 περιεχομένας
942 2972 990 3024 ἐν
1024 2976 1145 3048 αὐτῇ
1173 2976 1508 3048 βλασφημίας.
1537 2987 1626 3036 Καὶ
1651 2991 1812 3039 ταῦτα
1836 2987 2092 3051 ἀποδείξο-

541 3077 631 3125 μεν
669 3060 722 3111 ἐκ
746 3067 842 3112 τῶν
884 3059 1123 3134 διαφόρως
1164 3069 1282 3134 περί
1306 3069 1487 3122 τούτου
1514 3076 1852 3138 κεκινημένων.
1878 3075 1952 3128 Ἐν
1992 3081 2090 3151 γὰρ

538 3155 641 3206 τοῖς
666 3151 807 3222 παρά
826 3153 1008 3204 Φωτίου
1024 3190 1043 3219 ,
1069 3157 1147 3207 καί
1167 3157 1439 3210 Εύσταθίου
1466 3165 1836 3233 πεπραγμένοις
1869 3168 1918 3219 ἐν
1945 3170 2090 3239 Τύρῳ

540 3258 962 3310 κατηγορουμενος
989 3241 1015 3296 ὅ
1043 3244 1339 3315 προλεχθείς
1365 3245 1504 3308 Ἰϐας
1523 3254 1640 3322 περί
1663 3261 1760 3306 τῶν
1788 3254 1977 3330 ὕϐρεων
1998 3267 2087 3313 τοῦ

2206 2086 2388 2154 ipsius,
2418 2088 2511 2142 sed
2540 2105 2642 2142 non
2673 2093 3084 2148 anathematizat
3107 2111 3248 2163 eam,
3279 2100 3561 2154 anathema
3597 2103 3684 2156 sit.

2277 2176 2388 2230 Tali
2443 2192 2570 2246 ergo
2625 2180 2785 2248 impia
2839 2183 3064 2251 cpistola
3115 2185 3258 2252 juste
3309 2191 3756 2246 anathematizata

2203 2279 2422 2336 propter
2447 2269 2673 2324 insertas
2698 2272 2747 2326 ei
2766 2272 3136 2342 blasphemias,
3168 2276 3431 2334 Theodori
3456 2290 3510 2334 et
3529 2282 3758 2338 Nestorii

2205 2360 2484 2428 impiorum
2513 2378 2770 2430 sequaces
2797 2375 3058 2420 conantur
3079 2369 3274 2434 dicere,
3305 2381 3608 2440 susceptam
3637 2389 3756 2428 esse

2202 2464 2322 2503 cam
2369 2465 2400 2503 a
2439 2461 2622 2506 sancto
2669 2453 3090 2513 Chalcedonensi
3132 2459 3378 2514 concilio.
3433 2460 3548 2517 Hoc
3576 2471 3750 2518 autem

2201 2541 2402 2604 dicunt,
2449 2552 2686 2599 sanctam
2714 2548 2924 2615 quidem
2955 2548 3442 2606 Chalcedonensem
3487 2555 3746 2623 synodum

2199 2631 2604 2700 calumniantes,
2635 2637 2847 2690 nomine
2877 2645 3057 2691 autem
3095 2638 3208 2705 ejus
3236 2639 3548 2697 festinantes
3573 2644 3748 2698 debita

2199 2718 2640 2776 condemnatione
2678 2723 2901 2780 liberare
2922 2725 3282 2793 Theodorum,
3335 2740 3390 2784 et
3429 2731 3744 2795 Nestorium,

2197 2813 2251 2858 et
2273 2805 2485 2873 impiam
2514 2809 2816 2876 epistolam,
2843 2828 2937 2880 pro
2965 2828 3066 2880 qua
3087 2814 3205 2868 lbas
3232 2819 3423 2884 smpius
3448 2828 3746 2886 accusatus,

2199 2909 2303 2947 non
2331 2904 2412 2948 est
2436 2910 2594 2950 ausus
2622 2913 2736 2951 eam
2777 2915 2924 2954 suam
2951 2902 3126 2956 dicere
3171 2918 3389 2974 propter
3430 2907 3654 2963 insertas
3696 2911 3747 2962 ei

2195 2982 2568 3051 blasphemias.
2615 2985 2682 3040 Et
2733 2988 2846 3043 haec
2888 2990 3366 3049 demonstrabimus
3411 3012 3478 3051 ex
3517 2997 3600 3053 his
3625 3015 3746 3069 qua:

2193 3069 2397 3125 diverse
2441 3071 2507 3126 de
2557 3073 2655 3127 ista
2702 3091 2858 3129 causa
2888 3086 3030 3131 mota
3077 3091 3217 3134 sunt.
3267 3081 3324 3135 In
3352 3084 3434 3137 his
3461 3087 3600 3139 enim
3626 3103 3744 3156 qua:

2191 3157 2328 3226 apud
2359 3156 2600 3214 Photium
2631 3173 2683 3216 et
2707 3163 3035 3221 Eustathium
3071 3167 3120 3239 [a
3150 3169 3339 3226 Photio
3366 3183 3422 3226 et
3444 3172 3739 3248 Eustathio]

2193 3241 2313 3312 Tyri
2354 3255 2471 3299 acta
2498 3258 2636 3313 sunt,
2686 3267 2803 3306 cum
2826 3267 3167 3311 accusaretur
3193 3261 3472 3327 prmdictus
3511 3263 3629 3320 lbas
3672 3241 3740 3322 de

542 3327 586 3377 ἐν
627 3325 786 3396 ἁγίοις
814 3330 1047 3397 Κυρίλλου
1076 3341 1292 3408 φανερῶς
1335 3337 1589 3400 κατέθετο,
1631 3343 1758 3410 μετά
1783 3349 1870 3401 τήν
1912 3347 2086 3402 ἕνωσιν

2190 3331 2393 3399 injuriis
2423 3335 2478 3388 S.
2506 3335 2706 3406 Cyrilli,
2732 3341 3008 3396 manifeste
3037 3319 3307 3401 confessus
3333 3342 3432 3414 est,
3481 3362 3602 3419 post
3629 3357 3741 3408 uni-

536 3424 634 3469 τῶν
659 3420 954 3475 ἀνατολικὰν
977 3424 1104 3495 πρὸς
1125 3425 1205 3477 τόν
1226 3424 1272 3476 ἐν
1295 3425 1452 3497 ἁγίοις
1477 3431 1703 3503 ιιύριλλον
1722 3433 1872 3502 μηδὲν
1896 3437 2088 3510 ὕϐρεως

535 3505 774 3575 ἐχόμενον
809 3510 1051 3581 εἰρηκέναι
1076 3515 1191 3584 περὶ
1233 3515 1405 3568 αύτοῦ⁶
1435 3519 1464 3572 ri
1491 3515 1543 3571 δέ
1582 3520 1816 3580 ἐπιστολή
1845 3525 1873 3580 ri
1899 3526 2084 3583 πεπληο

533 3599 727 3665 ρωμένη
748 3607 845 3653 τῶν
872 3603 1136 3670 εἰρημένων
1163 3603 1514 3673 βλασφημιῶν,
1545 3611 1615 3680 ἐφ’
1637 3605 1716 3670 αἷς
1743 3623 2086 3690 κατηγορεῖται

557 3687 697 3751 ιϐας,
727 3690 912 3748 πολλάς
941 3693 1065 3744 κατά
1104 3700 1190 3746 τοῦ
1218 3694 1265 3745 ἐν
1301 3694 1458 3765 ἁγίοις
1500 3701 1728 3772 Κυρίλ).ου
1770 3687 2083 3773 περιέχουσα

531 3778 788 3846 παρίστησ
802 3798 864 3840 ν,
897 3775 976 3832 ὅτι
1004 3783 1131 3847 μετά
1156 3786 1244 3839 τήν
1279 3784 1452 3837 ἕνωσιν
1478 3791 1566 3843 τήν
1599 3790 1724 3863 πρὸς
1751 3793 1869 3850 τούς
1903 3793 2079 3847 ἀνατο·

527 3863 690 3924 λικούς
709 3867 921 3938 γέγονεν,
948 3869 996 3930 ἐξ
1018 3866 1076 3920 ού
1101 3868 1350 3927 δείκνυται
1369 3873 1509 3935 Ἰϐας
1528 3878 1937 3952 ἀπαρνησάμενος
1957 3884 2076 3936 ταύ-

452 3945 454 3947 ’
527 3977 632 4011 την.
662 3955 802 4010 Ὀθεν
833 3960 874 4011 οἱ
905 3964 1316 4029 μημονευθέντες
1353 3968 1555 4028 Φώτιος,
1585 3971 1964 4038 καίΕύστάθιος
1991 3971 2074 4027 διά

525 4063 612 4106 τεν
631 4055 728 4103 τῶν
749 4051 1081 4120 ἐγκαλούντων
1101 4053 1434 4129 πληροφορίαν
1457 4058 1710 4130 ἐγγράφως
1733 4059 2070 4129 διετύπωσαν,

522 4141 608 4193 τόν
628 4140 872 4211 εἰρημένον
891 4139 1030 4194 Ἰϐαν
1053 4146 1218 4198 πάντα
1237 4148 1300 4199 τὰ
1321 4149 1510 4202 ἐναντία
1610 4151 1840 4224 ἐπιστολῇ
1860 4156 2069 4225 πρᾶξαι,

523 4230 679 4288 καθὼς
707 4233 736 4287 ή
765 4236 882 4306 περὶ
905 4236 1088 4288 τούτου
1119 4235 1318 4292 δοθεῖσα
1344 4240 1463 4314 παρ’
1495 4244 1658 4295 αύτῶν
1684 4244 1928 4316 ἐπίκρισις
1955 4245 2076 4301 δείκ-

528 4337 690 4370 νυσιν.
714 4320 855 4373 Ἀλλά
875 4326 941 4390 μή
967 4323 1238 4396 πληρώσας
1258 4323 1398 4384 Ἷϐας
1424 4331 1490 4382 τά
1519 4331 1638 4398 παρ’
1669 4332 1858 4383 ἐκείνων
1889 4335 2073 4408 ἐπικρι-

522 4407 663 4461 fma
689 4409 906 4471 ἐξεϐλήθη
932 4419 1022 4470 τῆς
1067 4414 1343 4474 ἐπισκοπῆς
1383 4415 1465 4470 διὰ
1498 4419 1589 4476 τάς
1627 4419 1940 4491 βλασφημίας
1981 4407 2072 4482 τῆς

451 4514 454 4516 τ
521 4496 774 4568 .·ίρημένης
799 4500 1080 4562 ἐπιστολῆς,
1104 4504 1188 4554 καὶ
1206 4503 1379 4562 Νόννος
1401 4505 1504 4558 ἀντ’
1528 4509 1679 4560 αὐτοῦ
1702 4509 2067 4581 ἐχειροτονήθη,

2187 3427 2346 3474 tatem
2376 3421 2740 3492 Orientalium,
2787 3445 2902 3497 qua:
2945 3431 3009 3486 ad
3038 3443 3236 3488 sanctae
3279 3441 3548 3493 memoriae
3575 3441 3737 3512 Cyril-

2183 3507 2288 3561 lum
2313 3508 2446 3563 facta
2472 3521 2573 3580 est,
2594 3514 2723 3568 nihil
2745 3516 3054 3584 injuriosum
3077 3521 3143 3575 de
3167 3539 3231 3578 eo
3255 3523 3469 3581 dixisse.
3501 3528 3734 3597 Epistola

2183 3607 2356 3650 autem
2386 3600 2539 3668 plena
2569 3604 2834 3670 praedictis
2860 3606 3219 3676 blasphemiis,
3249 3629 3345 3682 pro
3369 3617 3557 3682 quibus
3579 3634 3731 3673 accu-

2181 3693 2394 3746 sabatur
2420 3695 2556 3763 lbas,
2585 3700 2776 3754 multas
2798 3713 2982 3758 contra
3005 3705 3060 3760 S.
3092 3706 3345 3778 Cyrillum
3368 3713 3586 3780 injurias
3611 3729 3732 3767 com

2181 3780 2372 3846 tinens,
2404 3783 2542 3838 facta
2572 3803 2687 3842 esse
2716 3793 3010 3846 ostenditur
3038 3805 3158 3864 post
3186 3800 3438 3853 unitatem
3466 3800 3530 3854 ad
3551 3801 3729 3856 Orien-

2182 3869 2312 3923 tales
2361 3873 2570 3938 factam,
2615 3892 2682 3929 ex
2709 3894 2815 3946 quo
2854 3881 3248 3940 demonstratur
3276 3886 3390 3941 lhas
3419 3905 3535 3942 eam
3564 3893 3727 3945 abne-

2176 3972 2345 4025 gasse.
2381 3961 2528 4018 Unde
2555 3969 2787 4035 praedicti
2817 3971 3034 4028 Photius
3077 3985 3132 4030 et
3159 3975 3462 4034 Eustathius
3512 3981 3724 4034 satisfa-

2175 4046 2379 4103 cientes
2407 4058 2803 4113 accusatoribus
2851 4061 2902 4114 in
2951 4065 3158 4131 scriptis
3200 4061 3535 4132 deﬁnierunt,
3587 4085 3724 4138 pm-

2174 4136 2370 4192 dictum
2426 4141 2568 4197 lham
2622 4149 2798 4201 omnia
2850 4154 3113 4206 contraria
3162 4157 3399 4224 epistolae
3443 4174 3720 4226 peragere,

2173 4226 2310 4280 sicut
2332 4229 2584 4296 judicium
2609 4236 2674 4288 ab
2716 4238 2794 4291 eis
2819 4237 2886 4293 de
2929 4241 3031 4296 hoc
3072 4243 3250 4297 datum
3296 4247 3569 4312 significat.
3619 4249 3723 4304 Sed

2173 4331 2290 4370 cum
2321 4319 2436 4375 lbas
2461 4339 2564 4376 non
2603 4327 2944 4396 adimplesset
2971 4348 3030 4386 ea
3057 4350 3174 4404 qua:
3219 4336 3291 4389 illi
3325 4337 3721 4405 judicaverunt,

2173 4405 2371 4473 ejectus
2435 4422 2516 4464 est
2575 4414 2642 4466 ab
2712 4405 3023 4488 episcopatu
3089 4433 3308 4492 propter
3368 4427 3721 4495 blasphemias

2173 4496 2435 4561 prmdictzn
2479 4500 2747 4568 epistolze,
2803 4515 2859 4560 et
2897 4509 3114 4565 Nonnus
3159 4527 3256 4580 pro
3309 4514 3399 4566 illo
3446 4516 3720 4570 ordinatus

523 4581 575 4644 ἐς
616 4591 696 4640 καί
737 4591 1066 4648 συνεκαθέσθη
1087 4600 1148 4666 τῇ
1175 4592 1295 4667 ἁγία
1325 4596 1374 4648 ἐν
1402 4597 1671 4656 Χαλκηδόνι
1709 4601 1920 4672 συνόδῳ.
1952 4607 2066 4675 Περὶ

2187 4591 2294 4643 ast,
2362 4586 2450 4651 qui
2517 4597 2572 4641 et
2633 4595 2870 4648 consedit
2932 4596 2984 4649 in
3049 4609 3232 4653 sancto
3301 4601 3716 4658 Chalcedonensi

519 4683 615 4730 τῶν
641 4679 798 4732 αὐτῶν
823 4684 986 4734 τοίνυν
1014 4685 1098 4735 καί
1124 4685 1172 4736 ἐν
1200 4685 1466 4742 Χαλκηδόνι
1503 4694 1854 4762 κατηγορηθείς
1891 4694 1917 4747 ό
1943 4717 2066 4764 μνη-

517 4770 764 4833 μονευθείς
793 4765 931 4829 ἰϐας
957 4775 1084 4838 μετά
1104 4779 1192 4831 τήν
1213 4776 1487 4846 ἀνάγνωσιν
1508 4787 1597 4838 τῆς
1625 4783 1840 4842 ἀσεϐοῦς
1868 4782 2064 4840 ἐπιστο-

518 4855 607 4912 ’ήις
631 4856 717 4907 ούκ
740 4857 974 4925 ἐτόλμησε
997 4862 1186 4918 ταύτην
1208 4866 1571 4931 οἰκειώσασθαι,
1596 4867 1694 4923 ἀλλ’
1721 4873 1866 4933 εύθύς
1888 4876 2062 4934 αὐταῖς

517 4943 700 5007 ἦξεσιν
721 4947 980 5017 ἐπήγαγεν,
1003 4949 1077 5004 ὅτι
1104 4952 1352 5027 ἀλλότριός
1379 4961 1481 5027 εἰμι
1499 4966 1595 5011 τῶν
1621 4963 1934 5034 ἐπαγομένων
1953 4989 2059 5036 μοι.

535 5035 650 5085 οθεν
678 5036 709 5091 ή
735 5035 852 5105 ἁγία
878 5035 1099 5101 σύνοδος,
1131 5047 1199 5110 μή
1227 5045 1524 5115 ἀρκεσθεῖσα
1547 5057 1608 5121 τῇ
1631 5051 1834 5122 ἀρνήσει
1861 5051 1978 5108 Ἴϐα
2001 5064 2062 5130 τῇ

513 5121 596 5174 ἐπί
622 5131 682 5193 τῇ
713 5125 887 5178 ἀσεϐεῖ
909 5127 1141 5205 ἐπιστολῇ
1167 5135 1450 5191 ωνώθησεν
1475 5140 1624 5192 αὐτὸν
1649 5143 1882 5198 τάναντῗα
1902 5152 2058 5220 ταύτῃ

512 5213 725 5285 πρᾶξαι,
755 5217 987 5270 τουτέστι
1014 5223 1100 5276 τήν
1139 5222 1187 5272 ἐν
1219 5223 1341 5295 αὐτῇ
1370 5226 1691 5295 ἀθετουμένην
1719 5235 1887 5286 πίστιν
1913 5236 2056 5306 ὀρθήν

509 5299 838 5372 ὁμολογῆσαι,
877 5311 958 5357 καί
995 5313 1086 5362 τήν
1126 5308 1270 5377 ἁγίαν
1311 5315 1359 5365 ἐν
1397 5318 1574 5388 Ἐφέσῳ
1608 5323 1809 5392 πρώτην
1847 5324 2055 5378 σύνοδον

510 5385 756 5454 δέξασθαι,
787 5395 869 5445 καί
894 5396 976 5448 τόν
1003 5396 1050 5448 ἐν
1073 5396 1229 5466 ἁγίοις
1256 5405 1480 5475 ιύριλλον
1501 5412 1697 5481 πατέρα
1719 5415 1800 5464 καὶ
1823 5411 2054 5469 διδάσκα-

504 5476 582 5529 λον
606 5478 994 5554 ἐπιγράφασθαι,
1021 5487 1083 5538 τὰ
1106 5487 1152 5537 ἐν
1177 5497 1238 5561 τῇ
1266 5492 1444 5544 ἀσεϐεῖ
1471 5476 1705 5571 ἐπιστολῇ
1733 5500 2045 5574 ὑϐριζόμενα·

503 5571 586 5619 καί
607 5571 878 5643 Νεστόριον
903 5577 985 5625 καὶ
1013 5576 1069 5627 τό
1097 5576 1274 5636 ἀσεϐὲς
1305 5582 1457 5634 αὐτοῦ
1483 5581 1641 5654 δόγμα
1668 5588 2046 5660 ἀναθεματίσαι.

497 5653 656 5730 ’Λπερ
697 5660 727 5714 xi
753 5661 939 5719 ἀσεϐής
959 5662 1195 5721 ἐπιστολή
1232 5668 1424 5721 ἐπαινεῖ
1446 5674 1530 5724 καί
1567 5673 1754 5729 ἐκδικεῖ.
1797 5683 1850 5732 Εἰ
1884 5682 2047 5734 τοίνυν

499 5747 575 5794 περὶ
598 5747 741 5805 αὐτὸς
769 5745 911 5808 Ἴδας
941 5747 1186 5822 διαφόρως
1213 5760 1556 5828 κατηγορηθείς
1577 5765 1800 5833 περὶτῆς
1828 5768 2047 5829 ἀσεϐοῦς

499 5832 782 5900 immolat,
813 5839 898 5892 οὐκ
935 5840 1200 5910 ἐτόλμησεν
1224 5845 1370 5904 αὐτήν
1409 5851 1788 5919 οἰκειώσασθαι,
1819 5859 1937 5915 ἀλλὰ
1967 5867 2043 5915 καί

2166 4682 2408 4736 concilio.
2493 4685 2567 4740 De
2644 4690 2841 4744 eisdem
2909 4693 3068 4760 igitur
3143 4699 3303 4751 etiam
3375 4699 3716 4755 Chalcedone

2165 4789 2441 4835 accusatus
2498 4795 2822 4841 memoratus
2873 4789 3029 4854 lbas,
3097 4803 3219 4861 post
3272 4795 3553 4850 lectionem
3610 4799 3708 4851 im—

2165 4875 2265 4944 pia:
2310 4879 2545 4946 epistolae
2573 4897 2676 4935 non
2701 4892 2782 4937 est
2809 4900 2966 4940 ausus
2993 4904 3111 4942 eam
3141 4907 3287 4945 suam
3309 4908 3424 4947 esse
3448 4896 3712 4961 confiteri,

2164 4963 2256 5017 sed
2285 4967 2456 5019 statim
2474 4968 2600 5036 ipsis
2621 4973 2795 5027 verbis
2825 4974 3017 5043 intulit,
3049 4979 3276 5033 alienum
3307 4997 3364 5034 se
3388 4998 3505 5037 esse
3524 5000 3709 5038 eorum

2164 5065 2281 5119 qua:
2309 5055 2354 5107 ei
2386 5056 2760 5114 inferebantur.
2814 5060 2963 5118 Unde
2989 5077 3166 5120 sancta
3194 5071 3453 5138 synodus,
3502 5089 3621 5126 cum
3663 5076 3712 5130 ei

2162 5153 2268 5192 non
2295 5143 2560 5198 sufficeret
2579 5148 2855 5214 abnegatio
2883 5151 3009 5217 Ihm,
3041 5169 3158 5222 qua:
3186 5158 3320 5212 facta
3348 5169 3426 5214 est
3463 5162 3528 5216 de
3553 5164 3708 5232 impia

2161 5229 2380 5296 epistola
2400 5271 2415 5293 ,
2455 5236 2709 5303 compulit
2733 5252 2854 5291 eum
2875 5245 3142 5297 contraria
3166 5246 3213 5298 ei
3243 5261 3518 5316 peragere,
3551 5251 3601 5304 id
3627 5229 3707 5305 est

2159 5321 2492 5386 reprobatam
2523 5324 2573 5376 in
2603 5340 2664 5379 ea
2689 5335 2887 5382 rectam
2912 5330 3064 5384 ﬁdem
3097 5336 3368 5403 conlileri,
3410 5349 3464 5392 et
3491 5339 3707 5409 Ephesi-

2157 5423 2277 5462 nam
2297 5412 2513 5478 primam
2536 5425 2771 5470 sanctam
2789 5419 3047 5487 synodum
3064 5426 3352 5494 suscipere,
3382 5437 3436 5481 et
3467 5441 3705 5485 sanctum

2157 5495 2404 5567 Cyrillum
2421 5500 2626 5557 Patrem
2654 5515 2708 5559 et
2727 5506 2996 5562 doctorem
3019 5513 3492 5583 ascriberequze,in
3515 5519 3704 5573 eadem

2152 5592 2310 5661 impia
2335 5599 2555 5663 epistola
2596 5600 2937 5670 injuriantur,
2975 5614 3029 5659 et
3055 5606 3352 5661 Nestorium
3377 5611 3702 5681 impiumque

2150 5680 2263 5748 ejus
2283 5684 2470 5751 dogma
2500 5691 2962 5758 anathematizare,
2983 5710 3100 5764 quae
3123 5707 3176 5750 et
3196 5698 3352 5767 impia
3372 5703 3592 5770 epistola
3607 5705 3697 5757 de-

2150 5772 2316 5827 fendit
2328 5785 2381 5827 et
2397 5777 2676 5832 collaudat.
2693 5780 2746 5835 Si
2765 5783 2920 5850 igitur
2931 5795 2984 5839 et
2997 5787 3110 5855 ipse
3122 5788 3239 5841 lbas
3254 5801 3470 5858 prolith
3487 5794 3697 5859 impiam

2151 5865 2423 5933 epistolam
2447 5868 2635 5937 smpius
2664 5882 2958 5939 accusatus,
2991 5892 3093 5930 non
3117 5885 3197 5931 est
3226 5895 3383 5934 ausus
3412 5895 3528 5935 eam
3549 5899 3696 5939 suam
