4112 6542
302 481 433 544 1021

1325 486 1559 547 LIBER
1595 483 1991 544 ADVERSUS
2028 480 2448 540 OlilGENEM.

3388 472 3525 535 1029

320 614 353 669 ἦ
392 609 510 680 Ξιγία
534 611 579 663 ἐν
618 609 881 668 Χαλκηδόνι
909 610 1118 670 οονοδος
1143 611 1310 664 πάντα
1348 608 1412 662 τά
1449 607 1642 659 ἐναντία
1686 600 1874 659 ταύτης

1999 597 2180 659 licere,
2212 597 2305 650 sed
2332 596 2491 649 etiam
2520 595 2952 651 Chalcedonense
2980 608 3217 653 sanctum
3246 601 3529 653 concilium

318 700 689 772 παρεσκεύασεν
709 701 858 754 αύτνζν
880 702 1086 773 πρᾶξαι,
1108 707 1216 757 πῶς
1242 693 1382 767 εἶχεν
1401 699 1432 753 ἡ
1454 696 1578 752 αὐτή
1600 694 1719 765 ἁγία
1746 694 1873 746 ciiii-

319 789 432 849 οδος
458 794 548 847 τήν
575 790 828 862 εἰρημένην
852 790 1115 846 έπιστολήν
1160 786 1395 851 δέξασθαι
1413 827 1427 851 ,
1468 787 1644 854 καὶτῷ
1670 786 1872 854 κρίματι

315 888 407 939 πῆς
432 880 796 949 περιεχομένης
817 879 942 949 αὐτῇ
968 877 1203 934 ἀσεϐείας
1236 875 1529 934 ὑποπεσεῖν,
1554 869 1634 942 ἀφ’
1655 869 1713 929 ἧς
1733 868 1873 924 Ἴδαν

321 969 647 1041 ἐλευθερῶσαι
665 964 1010 1027 ἓσπούδασεν;
1037 962 1206 1021 ἐπειδὴ
1226 961 1279 1016 δί
1299 963 1475 1019 πάσας
1493 959 1874 1033 ὑπερϐαίνοντες

318 1061 411 1117 τάς
431 1059 799 1134 περιεχομένας
826 1066 888 1130 τῇ
916 1056 1153 1129 ἐπιστολῇ
1183 1054 1499 1127 βλασφημίας
1525 1053 1570 1105 οἱ
1600 1052 1870 1125 αἰρετικοί,

317 1152 466 1200 τοῦτο
503 1146 644 1214 μόνον
672 1146 721 1208 ἐξ
764 1146 919 1204 αύτῆς
952 1145 1260 1218 προφέρουσι
1286 1145 1344 1197 τὸ
1380 1143 1506 1215 πρὸς
1544 1141 1739 1196 ἀπάτην
1780 1145 1878 1192 τῶν

320 1235 675 1309 ἁπλουστέρων
698 1234 837 1305 ποιρά
859 1239 949 1287 τοῦ
976 1238 1066 1291 τήν
1087 1231 1349 1289 επιστολὴν
1372 1230 1659 1303 γράψαντος
1681 1228 1878 1302 εἰρημέ-

318 1344 428 1386 νον,
468 1323 703 1376 τουτέστι
730 1320 820 1375 δύο
858 1323 1053 1392 φύσεις,
1084 1322 1205 1389 μίαν
1231 1319 1470 1388 δύναμιν,
1497 1317 1546 1371 ἓν
1589 1319 1877 1389 πρόσωπον,

320 1410 641 1482 ἀποδείξομεν
680 1412 847 1474 αὐτόν,
875 1414 959 1463 καὶ
993 1411 1043 1462 ἐν
1068 1411 1233 1477 τούτῳ
1260 1413 1349 1465 την
1375 1406 1499 1461 ἰδίαν
1528 1406 1757 1459 ἀσέϐειαν
1780 1426 1879 1458 πα-

320 1509 644 1576 ραμιγνῦντα.
669 1506 808 1562 Τίνος
830 1504 926 1577 γάρ
957 1498 1015 1554 ἄν
1049 1501 1178 1571 λέγοι
1206 1498 1296 1554 δύο
1320 1497 1513 1568 φύσεις,
1536 1500 1617 1550 καί
1646 1495 1696 1549 ἓν
1728 1496 1881 1571 πρόσ-

320 1613 455 1646 ωπον
482 1591 508 1645 ὁ
536 1594 904 1666 ἀπαρνούμενος
944 1593 1026 1645 τόν
1064 1592 1183 1645 Θεὸν
1204 1589 1343 1660 λόγον
1382 1589 1695 1663 σαρκωθῆναι
1720 1588 1769 1637 ἐκ
1790 1592 1880 1643 τῆς

320 1683 466 1752 ἀγίας
488 1679 683 1744 ἐνδόξου
708 1682 929 1735 θεοτόκου
952 1683 1038 1733 καί
1064 1679 1393 1752 ἀειπαρθένου
1417 1679 1631 1746 Μαρίας,
1660 1678 1742 1727 καί
1760 1694 1812 1727 τε
1821 1695 1884 1740 χ-

320 1771 456 1826 θῆναι
488 1769 539 1831 ἐξ
581 1770 761 1832 αὐτῆς;
810 1769 931 1822 ἀλλά
973 1768 1216 1843 πρόδηλον
1264 1770 1332 1826 ὡς
1362 1767 1544 1837 ἑκάστη
1585 1766 1731 1835 φύσει
1756 1763 1881 1817 ἴδιον

319 1857 594 1929 πρόσωπον
636 1860 904 1927 ἀπονέμει,
937 1859 1099 1917 καθώς
1134 1856 1387 1931 Θεόδωρος
1424 1858 1505 1909 καί
1539 1855 1805 1928 Νεστόριος
1835 1852 1885 1906 ἐν

320 1954 427 2004 τοῖς
454 1944 596 2005 ἰδίοις
617 1946 774 2018 λόγοις
793 1948 1197 2017 βλασφημοῦντες
1228 1947 1458 2008 ἐξέθεντο,
1487 1943 1573 2002 οὓς
1601 1946 1679 1996 καί
1704 1941 1885 1996 ἐκδικεῖ
1919 1988 1962 2044 Β

320 2034 347 2089 ὁ
372 2035 575 2110 γράψας
599 2041 688 2093 τήν
714 2036 979 2094 ἐπιστολήν
1004 2036 1131 2106 μιεά
1157 2042 1247 2093 τῆς
1273 2035 1435 2088 αὐτῶν
1466 2032 1722 2090 ἀσεϐείας.
1747 2028 1889 2083 Ἐκεῖ·

320 2146 394 2179 νοι
420 2125 520 2195 γάρ
544 2132 765 2198 φανερῶς
801 2125 1003 2195 λέγουσι
1038 2123 1129 2178 δύο
1155 2124 1407 2196 πρόσωπα
1442 2130 1533 2178 τοῦ
1557 2131 1682 2177 Θεοῦ
1711 2121 1882 2191 λόγου,

322 2218 405 2268 καί
440 2220 531 2267 τοῦ
560 2221 802 2287 Χριστοῦ,
835 2212 887 2268 ὃν
928 2214 1066 2284 ψιλόν
1104 2211 1361 2287 ἄνθρωπον
1390 2212 1721 2267 ἀποκαλοῦσι.
1754 2210 1887 2264 Κατά

322 2308 566 2373 σχετικὴν
594 2301 645 2357 δέ
668 2303 950 2374 συνάφειαν,
973 2306 1059 2357 καί
1080 2308 1168 2361 τήν
1194 2305 1350 2360 αὐτὴν
1374 2303 1513 2364 ἀξίαν
1536 2321 1590 2355 τε
1630 2302 1709 2354 καί
1740 2303 1885 2364 τιμήν

322 2393 372 2446 ἓν
407 2394 680 2467 πρόσωπον
707 2396 1053 2463 ἀναφαίνεσθαι
1078 2395 1326 2464 λέγουσιν.
1357 2394 1497 2447 Ἀλλὰ
1536 2396 1614 2447 καί
1656 2399 1754 2445 τῶν
1794 2390 1884 2446 δύο

324 2485 515 2555 φύσεων
540 2485 658 2554 μίαν
686 2482 918 2552 δύναμιν,
964 2484 1077 2541 ἦτοι
1116 2482 1413 2538 δυναστείαν
1448 2484 1599 2554 λέγων
1636 2481 1888 2556 όγράψας

323 2578 412 2630 τήν
434 2572 699 2629 έπιστολήν
724 2573 924 2648 φανερός
952 2573 1108 2636 ἐστιν,
1137 2574 1200 2631 ὡς
1244 2576 1329 2625 καί
1352 2574 1402 2625 ἐν
1427 2570 1591 2641 τούτῳ
1635 2572 1896 2625 ἀκολουθεῖ

324 2668 437 2720 τοῖς
465 2663 734 2736 ε’ρημένοις
764 2663 1059 2735 αίρετικοῖς,
1104 2660 1346 2734 Θεοδώρῳ
1384 2664 1473 2731 μὶν
1499 2662 1687 2732 λέγοντι
1714 2661 1760 2712 ἰν
1784 2667 1890 2719 τοῖς

325 2755 444 2825 περί
484 2753 896 2825 ἰνανθρωπήσιως
924 2754 1080 2807 αὐτοῦ
1119 2750 1369 2825 διαφόροις
1395 2751 1559 2824 λόγοις
1587 2751 1786 2810 ἀσεϐῶς
1817 2751 1892 2803 ἰκ-

324 2844 535 2905 τεθεῖσι,
565 2845 825 2917 Νεστορίῳ,
844 2841 896 2897 δὲ
923 2844 970 2895 ἰν
994 2842 1198 2902 πολλοῖς
1226 2841 1595 2915 συγγράμμασι
1614 2881 1629 2905 ,
1669 2842 1892 2911 μάλιστα

326 2932 379 2990 δέ
401 2935 451 2987 έν
554 2935 788 3009 ἐπιστολῇ
807 2936 1135 3009 τῇ²γραφείσῃ
1155 2936 1284 3007 πρὸς
1306 2932 1618 3009 Ἀλέξανδρον
1637 2935 1722 2987 τόν
1747 2934 1890 3006 αἰρε-

326 3024 463 3078 τικόν
488 3020 846 3096 ἰεραπολίτην,
880 3021 958 3077 ὅτι
999 3030 1099 3077 τῶν
1140 3020 1231 3076 δύο
1273 3024 1467 3094 φύσεων
1505 3025 1597 3093 μία
1626 3024 1764 3076 ἐστὶν
1800 3022 1892 3075 αύ-

327 3118 514 3181 (εντία,
539 3117 620 3167 καί
641 3118 734 3182 μία
756 3111 985 3186 δύναμις,
1008 3114 1116 3171 ἦτοι
1133 3111 1421 3173 δυναστεία,
1449 3115 1531 3166 καί
1552 3112 1602 3165 ἓν
1619 3112 1893 3187 πρόσωπον

326 3203 455 3257 κατά
478 3204 595 3271 μίαν
621 3203 793 3266 ἀξίαν,
823 3204 910 3254 καὶ
934 3207 1021 3260 τήν
1058 3203 1211 3259 αὐτὴν
1238 3206 1407 3271 τιμήν.
1436 3198 1534 3272 Ἀφ’
1561 3197 1627 3253 ὧν
1663 3198 1896 3254 ἀποδείκ-

1977 684 2151 738 omnia
2170 684 2219 737 ei
2240 684 2503 737 contraria
2518 685 2772 753 compulit
2801 701 2919 738 eum
2942 701 3196 754 peragere
3221 706 3233 740 :
3262 692 3531 757 quo'modo

1977 772 2161 826 eadem
2189 781 2371 827 sancta
2406 772 2639 841 synodus
2668 784 3013 828 memoratam
3043 777 3320 844 epistolam
3362 781 3532 832 susci-

1978 872 2150 931 peret,
2181 870 2234 915 et
2256 861 2687 915 condemnationi
2728 864 3017 930 impietatis
3041 880 3159 932 quae
3187 867 3239 917 in
3269 881 3332 919 ea
3359 867 3532 919 conti-

1976 961 2150 1016 netur,
2174 966 2293 1006 sese
2313 950 2614 1018 subjiceret,
2633 965 2663 1003 a
2684 966 2787 1018 qua
2810 951 2952 1003 lham
2984 953 3209 1008 liberare
3235 954 3534 1009 festinavit?

1980 1040 2239 1106 Quoniam
2264 1048 2442 1093 autem
2464 1055 2650 1093 omnes
2677 1040 3031 1108 blasphemias
3060 1042 3297 1109 epistola:
3326 1053 3528 1110 praeter-

1980 1138 2250 1184 mittentes
2263 1129 2515 1194 haeretici,
2532 1129 2636 1183 hoc
2654 1129 2824 1183 solum
2849 1144 2913 1182 ex
2937 1130 3047 1197 ipsa
3076 1130 3370 1198 proferunt,
3394 1131 3536 1197 quod

1981 1219 2049 1271 ad
2087 1218 2428 1287 decipiendos
2456 1218 2805 1286 simpliciores
2834 1219 3064 1286 scriptor
3104 1219 3340 1287 epistola;
3381 1219 3537 1286 dixit,

1981 1309 2085 1362 hoc
2110 1316 2211 1372 est,
2242 1306 2374 1360 duas
2403 1317 2635 1369 naturas,
2670 1322 2830 1360 unam
2856 1307 3133 1372 virtutem,
3164 1322 3322 1360 unam
3350 1322 3538 1375 perso-

1982 1411 2136 1459 nam;
2164 1394 2648 1448 demonstrabimus
2674 1395 2819 1461 quod
2846 1395 2961 1463 ipse
2988 1395 3148 1448 etiam
3177 1396 3229 1448 in
3257 1395 3362 1449 hoc
3388 1410 3541 1449 suam

1984 1485 2317 1538 commiscuit
2336 1485 2681 1552 impietatem.
2711 1483 2872 1551 Cujus
2901 1484 3041 1538 enim
3065 1484 3265 1537 diceret
3292 1484 3425 1538 duas
3444 1500 3540 1536 na-

1986 1583 2132 1631 turas
2153 1586 2206 1628 et
2226 1589 2384 1627 unam
2413 1588 2719 1643 personam,
2749 1574 2839 1641 qui
2861 1575 3090 1640 abnegat
3117 1573 3280 1625 Deum
3308 1565 3540 1626 Verbum

1985 1668 2314 1721 incarnatum
2342 1665 2408 1720 de
2449 1675 2632 1720 sancta
2672 1674 2726 1719 et
2762 1666 2990 1733 gloriosa
3038 1665 3131 1720 Dei
3177 1664 3442 1721 Genitrice
3486 1676 3542 1718 et

1984 1770 2196 1823 semper
2224 1755 2426 1821 virgine
2463 1753 2654 1816 Maria,
2686 1762 2741 1807 et
2770 1763 2950 1806 natum
2987 1768 3105 1807 esse
3130 1768 3196 1807 ex
3234 1754 3387 1821 ipsa?
3437 1744 3543 1806 Sed

1985 1852 2185 1896 certum
2213 1850 2322 1908 est,
2350 1841 2491 1909 quod
2518 1841 2802 1907 unicuique
2830 1850 3031 1893 natura:
3069 1855 3216 1894 suam
3260 1854 3541 1907 personam

1988 1931 2251 1994 attribuit,
2284 1931 2421 1984 sicut
2459 1929 2772 1983 Theodorus
2800 1938 2855 1982 et
2880 1928 3155 1981 Nestorius
3184 1929 3236 1982 in
3264 1929 3371 1982 suis
3398 1928 3545 1980 libris

1986 2019 2418 2089 hlasphemantes
2446 2028 2808 2088 exposuerunt
2826 2060 2840 2083 ,
2892 2034 3028 2087 quos
3055 2018 3291 2072 defendit
3316 2019 3545 2086 scriptor

1986 2109 2224 2177 epistola:
2260 2122 2379 2162 cum
2410 2123 2594 2161 eorum
2635 2107 2930 2175 impietate.
2977 2105 3054 2158 llli
3085 2108 3226 2160 enim
3254 2116 3439 2173 aperte
3466 2106 3543 2157 di-

1984 2212 2166 2258 centes
2186 2204 2318 2257 duas
2346 2190 2603 2272 personas
2631 2202 2726 2255 Dei
2750 2202 2910 2255 Verbi
2939 2210 2995 2255 et
3024 2202 3241 2266 Christi,
3271 2217 3429 2268 quem
3451 2218 3521 2271 pu

1984 2307 2101 2346 rum
2118 2292 2387 2346 hominem
2408 2299 2623 2351 vocant,
2637 2306 2733 2359 per
2750 2290 3084 2344 alfectualem
3098 2290 3547 2357 conjunctionem,

1985 2392 2041 2435 et
2086 2396 2185 2450 per
2222 2380 2462 2435 eamdem
2498 2379 2811 2447 dignitatem
2840 2387 2895 2432 et
2937 2379 3194 2432 honorem
3239 2394 3395 2431 unam
3424 2395 3550 2447 per-

1987 2484 2171 2523 sonam
2199 2484 2457 2537 apparere
2481 2468 2701 2534 dicunt;
2746 2467 2837 2521 sed
2877 2476 2932 2521 et
2972 2467 3199 2521 duarum
3243 2476 3549 2521 naturarum

1988 2573 2147 2612 unam
2168 2558 2417 2611 virtutem
2446 2558 2555 2610 sive
2579 2558 2872 2626 potentiam
2893 2557 3076 2611 dicens
3103 2558 3331 2625 scriptor
3352 2555 3553 2625 epistu-

1990 2645 2077 2712 lae,
2108 2644 2417 2698 manifestus
2444 2653 2525 2699 est
2544 2644 2688 2712 quod
2713 2653 2769 2699 et
2790 2646 2842 2697 in
2872 2645 2972 2699 hoc
2998 2654 3321 2698 memoratos
3343 2646 3553 2698 lucreti-

1990 2755 2082 2795 cos
2102 2740 2368 2807 sequitur,
2403 2739 2738 2792 Theodorum
2767 2737 2978 2805 quidem
3008 2737 3271 2790 dicentem
3296 2738 3347 2790 in
3377 2738 3555 2791 diver-

1991 2830 2065 2883 sis
2083 2828 2232 2882 libris
2259 2828 2325 2882 de
2354 2829 2721 2881 incarnatione
2750 2827 2911 2893 impie
2938 2826 3211 2895 expositis,
3244 2825 3543 2879 Nesrorium

1990 2926 2166 2971 autem
2195 2917 2248 2969 in
2278 2916 2459 2970 multis
2486 2915 2700 2982 quidem
2728 2915 2967 2981 scriptis,
2998 2923 3053 2968 et
3094 2914 3325 2966 maxime
3352 2915 3406 2966 in
3433 2914 3549 2982 epi-

1991 3005 2126 3059 stola
2153 3004 2354 3073 scripta
2398 3002 2464 3057 ad
2492 3002 2850 3057 Alexandrum
2883 3002 3338 3071 Hierapolitanum
3387 3003 3556 3055 haere-

1994 3102 2186 3167 ticum,
2228 3101 2372 3169 quod
2398 3100 2621 3154 duarum
2646 3108 2955 3152 naturarum
2984 3113 3089 3152 una
3117 3107 3200 3152 est
3243 3100 3556 3164 auctoritas,

1993 3198 2049 3245 et
2076 3206 2180 3243 una
2212 3193 2396 3255 virtus,
2443 3189 2555 3243 sive
2581 3188 2842 3257 potentia,
2874 3197 2931 3241 et
2960 3202 3062 3241 una
3087 3202 3317 3256 persona
3346 3186 3561 3258 [secun-

326 3312 472 3345 νυται
503 3288 530 3343 ό
560 3296 650 3348 τήν
679 3290 941 3348 έπιστολην
967 3288 1165 3361 γράψας
1191 3291 1323 3343 κατά
1348 3295 1437 3347 τήν
1478 3291 1671 3343 ἐκείνων
1696 3287 1896 3343 κακοδο-

1999 3281 2119 3335 dum
2145 3278 2325 3349 unam]
2348 3294 2443 3348 per
2462 3278 2774 3347 dignitatem
2799 3276 3149 3344 eumdemque
3168 3276 3425 3330 honorem
3452 3293 3465 3327 :
3493 3291 3564 3331 ex

326 3383 445 3444 ξίαν
464 3382 574 3435 ἀντί
597 3383 882 3455 προσώπων
906 3388 967 3452 τῇ
1007 3387 1104 3434 τῶν
1125 3380 1319 3452 φύσεων
1346 3382 1661 3453 προσηγορίᾳ
1688 3380 1895 3452 χρησά-

330 3490 495 3536 μενος.
523 3472 633 3522 Μία
650 3471 749 3543 γάρ
766 3471 1017 3531 αὺθεντία,
1040 3470 1125 3521 καί
1147 3470 1238 3537 μία
1252 3466 1463 3537 δύναμις
1478 3467 1587 3525 ἤτοι
1607 3466 1895 3530 δυναστεία,

333 3564 414 3613 καί
438 3563 529 3629 μία
555 3561 690 3625 ﬁt“,
721 3562 803 3612 καί
830 3560 860 3615 η
882 3561 1010 3616 αὐτή
1031 3564 1149 3627 τιμή
1191 3559 1282 3609 οὐκ
1309 3559 1391 3610 ἐπί
1419 3555 1658 3631 διαφόρων
1682 3559 1893 3627 φύσεων,

333 3651 437 3707 ἀλλ’
464 3656 547 3706 ἐπί
569 3650 813 3727 διαφόρων
852 3654 1141 3725 προσώπων
1166 3654 1250 3703 καί
1276 3658 1364 3709 τῆς
1392 3652 1547 3709 αὐτῆς
1570 3651 1740 3707 οὐσίας
1762 3648 1900 3719 λέγε-

335 3764 445 3803 ται,
467 3742 591 3815 ὅπερ
612 3744 695 3795 ἰπί
721 3749 812 3800 τῆς
852 3740 1001 3813 ἁγίας
1027 3740 1228 3813 τριάδος
1262 3738 1613 3811 ὁμολογοῦμεν.
1646 3737 1784 3791 Ὅθεν
1813 3741 1899 3791 καί

337 3836 380 3887 οἱ
403 3833 539 3906 ἅγιοι
552 3833 765 3908 πατέρες
789 3834 1148 3903 ἀνεθεμάτισαν
1167 3834 1285 3889 τούς
1314 3832 1424 3885 κατ’
1453 3832 1728 3897 αὐθιντίαν,
1752 3830 1781 3887 ἦ
1807 3828 1896 3882 δύ-

336 3946 504 3992 ναμιν,
532 3924 641 3979 ἦτοι
666 3921 984 3987 δυναστείαν,
1011 3922 1039 3979 ἦ
1063 3923 1223 3985 ἀξίαν,
1249 3922 1278 3980 ἦ
1302 3922 1546 3990 ἰσοτιμίαν
1569 3921 1793 3991 λέγοντας
1815 3920 1899 3972 τόν

340 4016 457 4070 Θεὸν·
474 4010 621 4085 λόγον
641 4021 711 4081 τῷ
726 4022 927 4085 Χριστῴ
950 4014 1187 4076 ἡνῶσθαι,
1212 4009 1264 4064 ὃν
1290 4011 1431 4082 ψιλὸν
1453 4009 1706 4086 ἄνθρωπον
1734 4011 1776 4063 οἱ
1800 4012 1900 4063 ἀπὸ

343 4103 598 4178 Θεοδώρου
636 4106 718 4157 καί
754 4104 1022 4176 Νεστορίου
1056 4103 1316 4165 καλοῦσιν,
1357 4101 1460 4154 ἀλλ’
1490 4104 1615 4169 οὐχί
1643 4100 1749 4152 καθ’
1775 4098 1900 4151 ὑπό-

344 4215 526 4249 στασιν
551 4200 640 4252 την
660 4200 748 4248 τοῦ
771 4194 919 4265 λόγου
957 4193 1084 4267 πρὸς
1104 4198 1191 4252 τήν
1218 4195 1381 4269 σάρκα
1401 4192 1733 4262 έψυχωμένην
1755 4190 1904 4264 ψυχῇ

347 4287 507 4359 λογικῇ
535 4287 620 4338 καί
638 4290 781 4361 νοερᾷ
805 4293 895 4341 την
920 4284 1094 4338 ἕνωσιν
1115 4284 1406 4356 γεγενῆσθαι
1434 4282 1812 4354 ὁμολογοῦντας.

1998 3396 2105 3450 quo
2142 3379 2475 3444 ostenditur,
2523 3378 2616 3446 qui
2663 3377 2875 3446 scripsit
2916 3375 3225 3445 epistolam,
3273 3374 3562 3429 secundum

1998 3472 2210 3526 illorum
2239 3468 2515 3539 perﬁdiam
2544 3482 2641 3537 pro
2669 3468 2918 3535 personis
2947 3481 3072 3519 usus
3108 3466 3368 3519 vocabulo
3411 3474 3568 3519 natu-

1999 3575 2198 3615 rarum.
2232 3557 2348 3611 Una
2376 3559 2517 3612 enim
2547 3556 2869 3621 auctoritas,
2921 3564 2977 3609 et
3005 3570 3109 3607 una
3138 3555 3304 3607 virtus
3328 3554 3439 3606 sive
3468 3568 3568 3621 po-

2002 3650 2187 3712 tentia,
2217 3657 2271 3701 et
2298 3662 2401 3700 una
2424 3646 2652 3713 dignitas
2673 3654 2726 3697 et
2755 3643 2892 3697 idem
2922 3644 3117 3708 honor,
3142 3658 3247 3695 non
3270 3643 3323 3694 in
3345 3641 3570 3694 diversis

2003 3741 2228 3805 naturis,
2257 3738 2351 3793 sed
2384 3738 2435 3790 in
2464 3736 2685 3789 diversis
2708 3735 2950 3803 personis
2979 3732 3215 3800 ejusdem
3260 3732 3571 3785 substantia

2001 3831 2225 3895 dicitur,
2266 3828 2409 3895 quod
2446 3827 2500 3879 in
2539 3833 2724 3878 sancta
2767 3824 3025 3877 Trinitate
3052 3822 3387 3876 confitemur.
3424 3820 3573 3873 Unda

2006 3929 2063 3973 et
2088 3920 2257 3973 sancti
2288 3916 2473 3970 Patres
2500 3914 3081 3968 anathematizaverunt
3120 3928 3214 3967 eos
3240 3913 3331 3981 qui
3361 3928 3456 3980 per
3476 3927 3575 3964 au-

2007 4011 2330 4073 ctoritatem,
2359 4016 2451 4061 aut
2478 4008 2746 4069 virtutem,
2779 4006 2890 4059 sive
2920 4004 3233 4073 potentiam,
3265 4012 3356 4056 aut
3398 4002 3571 4069 digni-

2010 4109 2195 4163 tatem,
2222 4106 2314 4152 aut
2340 4097 2699 4165 aequalitatem
2728 4095 2966 4158 honoris,
3013 4093 3195 4146 dicunt
3235 4092 3399 4144 Deum
3440 4090 3577 4144 Ver-

2008 4192 2135 4245 bum
2167 4191 2368 4243 unitum
2397 4201 2514 4241 esse
2555 4185 2766 4239 Christo
2799 4201 2814 4249 ;
2865 4198 3024 4252 quem
3069 4197 3257 4250 purum
3306 4180 3575 4234 hominem

2012 4288 2207 4335 vocant
2223 4276 2490 4332 Theodori
2518 4273 2813 4329 etNestorii
2843 4286 3115 4338 sequaces,
3142 4270 3235 4324 sed
3259 4285 3363 4322 non
3392 4284 3580 4321 secun-

2017 4370 2142 4424 dum
2171 4368 2567 4423 subsistentiam
2597 4364 2692 4419 Dei
2730 4363 2891 4418 Verbi
2930 4361 2996 4414 ad
3032 4375 3245 4415 carnem
3283 4360 3577 4413 animatam

348 4465 526 4519 anima
552 4464 802 4520 rationali
821 4472 875 4519 et
903 4462 1269 4528 intellectuali,
1286 4462 1545 4516 unitatem
1572 4460 1764 4515 factam
1788 4473 1906 4514 esse
1940 4458 2283 4515 confitentur.

421 4560 522 4614 Καί
556 4558 691 4635 ἤρκει
727 4559 816 4626 μέν
844 4562 1009 4610 ταῦτα
1042 4556 1259 4629 πρόςοτό
1296 4552 1535 4623 διελέγξαι
1561 4559 1650 4611 τήν
1674 4552 1907 4606 ἀσέϐειαν

2083 4549 2148 4604 Εῑ
2172 4550 2285 4603 ωηο
2310 4547 2523 4616 quidem
2555 4545 2894 4600 sufﬁciebant
2921 4542 2986 4595 ad
3016 4538 3437 4594 convincendam
3480 4536 3583 4587 im-

350 4657 448 4702 τῶν
486 4647 807 4703 ἕκδικούντων
847 4652 936 4704 τήν
977 4645 1211 4717 μυσαράν
1254 4646 1431 4701 ἐκείνην
1467 4644 1745 4700 ἐπιστολήν.
1790 4644 1897 4699 Πλήτ

2014 4644 2267 4712 pietatem
2290 4654 2475 4693 eorum
2504 4638 2595 4705 qui
2622 4637 2933 4690 sceleratam
2964 4631 3245 4699 epistolam
3278 4626 3574 4680 vindicant:

352 4737 489 4809 ὅμως
536 4741 615 4791 καί
655 4740 784 4811 πρὸς
812 4744 883 4805 τῷ
922 4736 1046 4789 τέλει
1073 4743 1163 4793 τῆς
1201 4736 1357 4793 αὐτῆς
1389 4734 1649 4792 ἐπιστολῆς
1678 4732 1703 4785 ό
1728 4735 1914 4789 ταύτην

353 4829 556 4907 γράψας
577 4835 666 4887 τήν
696 4827 823 4883 ἰδίαν
848 4826 1069 4881 δείκνυσι
1112 4823 1402 4885 κακοδοξίαν
1426 4825 1601 4896 λέγων,
1635 4824 1713 4878 ὅτι
1740 4821 1819 4878 δεῖ
1839 4844 1921 4877 πι-

357 4924 554 4976 στεύειν
576 4923 645 4979 si;
672 4922 755 4973 τὸν
779 4921 892 4971 ναὸν
916 4921 1002 4970 καί
1035 4919 1105 4977 εἰς
1122 4917 1208 4969 τόν
1237 4917 1510 4970 ἐνοικοῦντα
1537 4917 1589 4969 ἓν
1615 4922 1686 4985 τῷ
1720 4923 1844 4986 ναῷ,
1867 4915 1917 4967 ἰν

360 5009 427 5073 οἷς
454 5019 675 5086 φανερῶς
696 5008 787 5064 δύο
822 5011 1008 5078 εἰσάγει
1031 5004 1305 5083 πρόσωπα.
1329 5007 1468 5060 Ἀλλά
1500 5009 1582 5060 καί
1616 5004 1802 5062 ταύτην
1829 5011 1917 5062 τήν

359 5104 589 5159 ἀσέϐειαν
616 5102 642 5156 ὁ
668 5102 867 5176 γράψας
908 5106 998 5159 τὴν
1036 5100 1299 5157 ἐπιστολήν
1338 5101 1484 5171 ποιρά
1528 5097 1806 5167 Θεοδώρου,
1838 5100 1921 5150 καί

360 5196 629 5267 Νεστορίου
679 5190 943 5258 ἐδιδάχθη.
989 5188 1042 5244 Ἠ
1070 5191 1235 5259 μέντοι
1283 5189 1510 5245 καθολικὴ
1564 5188 1796 5245 ἐκκλησία
1831 5192 1920 5244 τὴν

361 5286 596 5340 τοιαύτην
628 5281 911 5345 κακοδοξίαν
946 5282 1320 5353 κατακρίνουσα
1339 5281 1462 5349 οὐχὶ
1489 5280 1559 5338 εἰς
1580 5280 1667 5331 τὸν
1692 5279 1806 5330 ναὸν
1844 5279 1925 5330 καί

362 5399 381 5429 ε
408 5398 431 5434 ς
451 5377 535 5428 τὸν
561 5376 845 5427 ἐνοικοῦντα
874 5373 921 5424 έν
948 5379 1018 5441 τῷ
1044 5378 1166 5442 ναῷ,
1204 5369 1306 5422 ἀλλ’
1332 5373 1402 5428 εἰς
1428 5371 1515 5423 ἕνα
1542 5367 1708 5441 κύριον
1735 5365 1925 5423 ἰησοῦν

363 5466 577 5537 Χριστόν
604 5466 688 5516 τὸν
724 5468 813 5515 τοῦ
854 5468 979 5515 Θεοῦ
1019 5461 1161 5530 λόγον
1207 5460 1542 5535 σαρκωθέντα,
1579 5460 1661 5510 καί
1697 5457 1928 5529 ἐνανθρω-

364 5579 393 5609 π
408 5561 597 5613 ιίσαντα
621 5553 894 5624 ὁμολογεῖν,
917 5558 995 5607 καί
1021 5554 1275 5607 πιστεύειν
1300 5547 1666 5622 παραδίδωσιν.
1696 5547 1850 5602 Οὐδὲν
1872 5546 1925 5600 δέ

364 5645 674 5717 θαυμαστόν,
707 5644 749 5696 εἰ
859 5650 956 5695 τῶν
988 5640 1181 5712 φύσεων
1219 5642 1466 5712 ὀνομασίᾳ
1495 5640 1756 5710 ἐχρήσατο
1786 5636 1811 5691 ό
1837 5643 1925 5695 τήν

367 5735 529 5795 ἀσεϐῆ
552 5735 733 5793 ἰκείνην
760 5734 1017 5790 ἐπιστολήν
1039 5732 1262 5806 γράψας·
1282 5729 1392 5790 ἔθος
1412 5734 1511 5802 γὰρ
1531 5735 1633 5788 τοῖς
1659 5728 1926 5802 αἰρετικοῐς

368 5829 499 5898 πρὸς
536 5827 736 5881 ἀπάτην
763 5830 861 5877 τῶν
889 5821 1243 5895 ἁπλουστέρων
1280 5827 1393 5879 ταῖς
1436 5820 1579 5890 παρά
1605 5824 1701 5871 τῶν
1738 5815 1928 5889 ὀρθοδό-

366 5926 462 5985 ξων
487 5918 707 5977 εὐσεϐῶς
744 5915 1023 5985 λεγομέναις
1049 5919 1234 5984 φωιαῑς
1273 5912 1580 5987 κεχρῆσθαι,
1606 5911 1694 5963 καί
1737 5914 1822 5967 τήν
1854 5908 1908 5961 εὑ

2016 4740 2194 4786 tamen
2226 4737 2281 4784 et
2317 4730 2370 4782 in
2403 4726 2508 4780 [ine
2549 4726 2780 4794 scriptor
2808 4722 3045 4789 ejusdem
3083 4719 3321 4787 epistolae
3349 4712 3585 4768 ostendit

2017 4836 2167 4876 suam
2192 4819 2504 4889 perfidiam,
2537 4814 2768 4870 dicendo
2814 4813 2957 4881 quod
3004 4816 3218 4879 oportet
3262 4808 3482 4860 credere
3529 4806 3582 4857 in

2017 4910 2297 4978 templum,
2328 4917 2383 4962 et
2410 4908 2462 4960 in
2492 4922 2611 4960 eum
2647 4904 2736 4973 qui
2767 4903 2970 4956 habitat
2996 4902 3049 4953 in
3078 4898 3277 4965 templo
3303 4913 3316 4948 :
3344 4910 3439 4964 per
3467 4908 3586 4963 qum

2020 5010 2205 5072 aperte
2230 5000 2361 5053 duas
2381 4996 2670 5053 introducit
2697 5007 2973 5062 personas.
3003 4990 3107 5043 Sed
3130 4996 3185 5041 et
3211 4987 3365 5039 istam
3396 4984 3589 5052 impie-

2020 5071 2184 5146 tatem
2207 5106 2236 5143 a
2268 5088 2552 5143 Theodoro
2583 5094 2637 5139 et
2660 5082 2907 5137 Nestorio
2932 5079 3163 5146 scriptor
3189 5071 3430 5142 epistola
3457 5071 3588 5125 cdo-

2022 5191 2138 5237 ctus
2165 5189 2265 5235 est.
2308 5176 2583 5232 Catholica
2613 5182 2792 5226 autem
2830 5168 3073 5223 Ecclesia
3121 5166 3282 5219 talem
3330 5160 3586 5218 condem-

2025 5290 2158 5328 nans
2178 5271 2479 5342 perﬁdiam,
2507 5283 2612 5321 non
2642 5266 2695 5319 in
2723 5262 3002 5331 templum,
3024 5268 3078 5313 et
3103 5259 3157 5311 in
3184 5272 3304 5311 eum
3325 5254 3416 5322 qui
3438 5252 3589 5306 habi-

2027 5374 2104 5421 tat
2131 5366 2182 5419 in
2216 5363 2432 5432 templo,
2456 5359 2546 5416 sed
2577 5360 2629 5411 in
2660 5371 2822 5410 unum
2845 5353 3122 5408 Dominum
3150 5357 3387 5403 nostrum
3409 5344 3588 5398 Jesum

2027 5456 2292 5511 Christum
2320 5494 2336 5520 ,
2386 5451 2478 5505 Dei
2516 5448 2750 5503 Verbum
2778 5446 3106 5499 incarnatum
3134 5447 3189 5492 et
3216 5437 3486 5490 hominem
3515 5434 3591 5485 fa-

2030 5556 2173 5600 ctum
2200 5541 2442 5598 conliteri
2469 5548 2524 5593 et
2552 5530 2775 5591 credere
2801 5534 2981 5587 tradit.
3015 5529 3152 5583 Nihil
3183 5536 3360 5579 autem
3390 5525 3581 5574 miran-

2030 5636 2156 5688 dum
2196 5640 2315 5696 est,
2358 5630 2404 5684 si
2444 5626 2705 5682 vocabulo
2747 5634 3055 5678 naturarum
3101 5633 3227 5672 usus
3257 5624 3337 5669 est
3365 5613 3594 5683 scriptor

2028 5724 2168 5778 illius
2193 5721 2367 5789 impia:
2394 5718 2654 5788 epistolaa.
2687 5715 2873 5769 Solent
2910 5712 3051 5765 enim
3081 5707 3335 5770 haeretici,
3381 5713 3439 5757 ut
3466 5704 3597 5757 sim-

2029 5813 2277 5883 pliciores
2297 5810 2584 5878 decipiant,
2608 5806 2828 5860 vocibus
2849 5802 3064 5872 quidem
3090 5800 3165 5853 uti
3188 5814 3305 5868 quae
3330 5796 3396 5849 ab
3418 5795 3593 5847 οειιιοο

2032 5903 2184 5959 doxis
2206 5902 2293 5971 pie
2312 5900 2575 5962 dicuntur,
2610 5903 2815 5952 rectum
2838 5900 3019 5947 autem
3051 5904 3234 5945 earum
3263 5887 3591 5943 intellecwm
