4112 6604
522 487 668 551 4023

1786 485 1820 546 J
1829 483 2053 547 USTIN
2063 485 2225 547 IANI
2266 484 2426 547 IMP.

3611 482 3756 548 1024

540 617 668 675 σεϐῆ
705 614 895 672 τούτων
921 614 1106 670 ἔννοιάν
1147 637 1201 671 τε
1239 619 1320 670 καί
1369 618 1599 685 έξήγησιν
1640 616 1763 690 πρὸς
1807 621 1895 674 τήν
1926 618 2103 670 οίκείαν

2210 620 2262 665 et
2306 609 2695 678 expositionem
2746 610 2812 663 ad
2867 623 3017 663 suam
3064 593 3390 674 impietatem
3433 598 3714 654 transferre
3744 623 3760 654 :

540 709 828 780 μεταφέρειν
871 706 1102 760 ἀσέϐειαν
1125 722 1138 735 ·
1175 703 1344 767 έπειδή
1372 707 1510 765 ἔστιν
1547 705 1628 760 ὅτε
1661 707 1716 760 αί
1752 707 1902 760 αὐταί
1945 709 2097 778 φωναί

539 796 698 855 καλῶς
736 797 826 866 μέν
853 795 1192 865 έξηγούμεναι,
1221 797 1306 848 καί
1326 795 1608 864 νοούμεναι,
1647 797 1777 862 μετά
1815 804 1904 855 τῆς
1948 799 2098 849 εύσε·

543 885 682 944 εείας
707 887 823 950 εἰσί,
843 891 1003 943 κακῶς
1025 882 1078 938 δέ
1096 884 1239 949 παρά
1263 891 1360 938 τῶν
1391 885 1651 958 αἱρετικῶν
1695 884 2094 958 έρμηνευόμεναι,

540 978 626 1027 καὶ
649 974 1012 1047 προφερόμεναι
1041 973 1100 1027 τό
1140 973 1322 1033 ἀσεϐές
1351 971 1570 1042 ἔχουσιν
1591 986 1606 1002 ·
1643 974 1812 1044 ἀμέλει
1837 973 2098 1048 Νεστόριον

540 1063 746 1116 είπόντα
789 1064 878 1132 μέν
917 1061 1008 1116 δύο
1059 1065 1232 1132 φύσεις
1285 1064 1368 1115 καί
1406 1060 1457 1114 έν
1500 1061 1787 1135 πρόσωπον,
1815 1067 1884 1132 μή
1926 1061 2099 1131 ὁμολο-

537 1159 726 1224 γοῦντα
749 1151 804 1207 δέ
825 1155 1017 1207 τούτων
1041 1159 1128 1212 τήν
1150 1153 1253 1208 καθ’
1269 1152 1558 1208 ὑπόστασιν
1575 1153 1773 1220 ἕνωσιν,
1795 1154 1825 1211 vi
1847 1155 1898 1206 έν

539 1247 713 1322 πρώτη
737 1246 856 1318 ἁγία
881 1245 1114 1312 σύνοδος,
1147 1245 1205 1307 ἧς
1237 1248 1450 1321 ἐξῆρχον
1502 1249 1784 1309 κιλιστῖνος
1821 1252 1906 1303 καί
1932 1250 2098 1323 ιιύριλ⁸

538 1337 622 1396 λος
646 1337 692 1390 οί
716 1337 764 1391 έν
785 1336 904 1411 ὄσίᾳ
918 1345 980 1411 τῇ
999 1341 1185 1409 μνήμῃ.
1207 1339 1265 1393 ού
1284 1336 1637 1409 προσεδέξατο,
1660 1338 1781 1392 ἀλλά
1805 1343 1887 1393 καί
1908 1339 2098 1393 κατεδί-

539 1447 710 1481 κασεν.
740 1425 911 1495 Ἡμεῖς
937 1425 990 1480 δέ
1015 1434 1078 1495 τῇ
1119 1433 1218 1482 τῶν
1247 1426 1401 1496 ἁγίων
1439 1428 1670 1499 πατέρων
1694 1425 1992 1502 διδασκαλίᾳ
2018 1427 2100 1483 διά

537 1518 738 1572 πάντων
769 1518 1146 1576 ἀκο”ουθοῦντες
1163 1559 1178 1582 ,
1209 1520 1288 1570 καί
1313 1523 1402 1576 τὴν
1434 1525 1532 1572 τῶν
1558 1517 1648 1573 δύο
1673 1521 1870 1590 φύσεων
1903 1521 2098 1584 ἕνωσιν,

535 1605 590 1668 EE
617 1603 685 1659 ὧν
725 1603 754 1660 6
796 1607 965 1680 κύριος
1001 1608 1138 1674 ἡμῶν
1165 1603 1360 1665 Ἰησοῦς
1385 1610 1605 1679 Χριστὸς
1642 1608 1670 1662 6
1707 1605 1776 1668 εἷς
1822 1617 1912 1669 τῆς
1954 1609 2102 1679 ἀγίας

535 1695 760 1770 τριάδος,
792 1696 819 1750 ό
847 1700 970 1758 Θεός
995 1696 1138 1768 λόγος
1166 1700 1443 1770 σαρκωθείς
1479 1701 1736 1763 συνετέθη,
1765 1703 1847 1754 καί
1871 1707 1960 1758 τήν
1985 1704 2102 1754 τού-

535 1809 635 1842 των
667 1787 903 1864 διαφοράν
940 1791 1026 1843 ούκ
1051 1790 1358 1863 ἀνῃρημένην
1400 1787 1487 1844 διὰ
1531 1796 1621 1848 τήν
1661 1791 1834 1844 ἕνωσιν
1872 1793 2102 1866 ἀνωτέρω

537 1881 844 1954 σαφέστερον
868 1879 1216 1950 ἀπεδείξαμεν.
1250 1886 1338 1935 Καὶ
1366 1882 1509 1956 ἤρκει
1532 1883 1621 1951 μέν
1642 1883 1705 1937 τά
1733 1883 1853 1954 παρ’
1880 1885 2016 1952 ἡμῶν
2039 1887 2102 1936 εἰ·

533 1970 722 2042 ρημένα
747 1969 1124 2044 πληροφορῆσαι
1160 1972 1280 2029 τούς
1320 1976 1390 2040 μὴ
1426 1971 1758 2040 βουλομένους
1803 1971 2096 2042 φιλονεικεῖν.

534 2054 656 2111 ’Δλλ’
679 2057 851 2118 έπειδή
871 2060 1000 2134 πρὸς
1027 2060 1257 2115 ἀσέϐειαν
1285 2059 1422 2124 ἅπαξ
1463 2062 1766 2122 ἐκκλίναντες
1801 2065 1882 2116 καί
1914 2063 2101 2137 έτὲροις

535 2148 891 2223 έπιχειραῖσιν
911 2187 927 2212 ,
957 2151 1234 2223 ἀναγκαίως
1261 2153 1404 2220 ἡμεῖς
1430 2155 1512 2204 καί
1545 2156 1636 2211 τάς
1665 2153 1899 2222 τριαύτας
1937 2157 2102 2209 αὐτῶν

535 2240 815 2314 προφάσεις
853 2241 1071 2309 ματαίας
1110 2239 1450 2310 ἀποδείξομεν.
1497 2244 1624 2294 Φασί
1641 2245 1740 2316 γὰρ
1767 2247 1836 2311 μή
1878 2241 1975 2296 δεῖν
2000 2245 2100 2298 ύπὸ

538 2329 727 2399 μέμψιν
765 2330 996 2400 γενέσθαι
1028 2334 1120 2386 τὴν
1147 2330 1308 2386 ἀσεϐῆ
1350 2330 1607 2387 ἐπιστολὴν
1649 2329 1732 2384 διὰ
1777 2332 1834 2383 τό
1875 2332 2101 2406 φέρεσθαι

536 2421 588 2475 ἔν
605 2441 711 2475 τισι
734 2420 961 2493 βιϐλίοις.
985 2418 1107 2472 Ἀλλ’
1135 2425 1180 2476 εί
1214 2421 1363 2475 τοῦτό
1384 2441 1462 2480 τις
1489 2423 1615 2474 κατά
1641 2427 1723 2478 τήν
1752 2423 1911 2474 αύτών
1939 2419 2102 2475 ἄνοιαν

535 2508 896 2586 προσδέξηται,
927 2508 1006 2564 δεῖ
1028 2512 1113 2564 καί
1139 2510 1376 2578 Εύτυχέα
1419 2512 1501 2562 καί
1537 2509 1803 2579 Νεστόριίιν
1835 2509 2102 2578 δέχεσθαι,

535 2598 708 2659 ἐπειδή
727 2600 884 2653 πολλά
907 2603 989 2653 καί
1019 2599 1341 2672 περὶτούτων
1367 2607 1474 2657 ταῖς
1494 2600 1542 2650 έν
1570 2606 1629 2671 τῇ
1657 2598 1846 2668 συνόδῳ
1875 2620 2105 2672 πεπραγ-

537 2691 700 2758 μένοις
720 2691 1000 2768 έμφέρεται.
1021 2687 1144 2741 ’Δλλ’
1169 2687 1326 2747 οὐδεὶς
1349 2695 1450 2741 τῶν
1477 2690 1836 2760 εύφρονούντων
1856 2697 1958 2747 τοῖς
1983 2691 2105 2763 παρ’

537 2782 700 2834 αὐτῶν
723 2781 1003 2853 λεγομένοις
1040 2781 1274 2853 προσέξει
1315 2781 1401 2834 τὸν
1439 2785 1576 2832 νοῦν.
1607 2782 1679 2834 Τά
1706 2782 1802 2852 γάρ
1849 2785 1965 2853 περὶ
2006 2788 2104 2834 τῶν

538 2873 801 2945 αίρετικῶν
825 2873 875 2926 έν
901 2881 1014 2932 ταῖς
1051 2871 1279 2933 συνόδοις
1304 2872 1674 2948 προφερόμενοι,
1716 2876 1795 2924 καὶ
1824 2874 1977 2945 μέρος
2009 2879 2105 2926 τῶν

538 2962 910 3033 ὑπομνημάτων
929 2962 1154 3031 γενόμενα
1178 2962 1262 3013 οὐκ
1288 2963 1372 3014 ἐπὶ
1397 2967 1469 3033 τῷ
1489 2961 1838 3034 ἕλευθερωθῆω
1850 2983 1886 3024 ι,
1912 2960 2014 3014 ἀλλ’
2037 2980 2056 3013 ε
2082 2981 2106 3020 ς

540 3049 756 3122 έλεγχον
785 3051 964 3112 αὐτῶν,
991 3050 1074 3102 καί
1100 3049 1181 3102 έπί
1208 3051 1394 3119 μείζονι
1420 3050 1706 3122 κατακρίσει
1733 3049 1893 3101 αὐτῶν
1922 3067 1997 3113 τε,
2023 3052 2108 3102 καί

537 3140 605 3193 τά
629 3135 778 3207 ὅμοια
811 3141 981 3197 αὺτοῖς
1011 3140 1314 3214 φρονούντων
1346 3136 1817 3208 παραλαμϐάνεται.
1842 3138 1897 3189 EI
1924 3140 2003 3190 καί
2031 3134 2107 3190 ὅτι

539 3230 608 3284 τά
636 3236 729 3288 τῆς
757 3229 975 3289 ἀσεϐοῦς
1002 3227 1265 3287 ἐπιστολῆς
1288 3228 1535 3303 φερόμενα
1559 3227 1893 3297 ὑπομνήματα
1921 3226 1954 3280 ἒ
1952 3249 1978 3280 ν
2005 3247 2109 3284 τισι

541 3321 633 3390 μέν
653 3319 885 3390 βιϐλίοις,
911 3321 976 3379 ὡς
998 3316 1209 3392 εἴρηται,
1249 3319 1555 3384 έντέτακται,
1591 3321 1640 3373 έν
1668 3318 1721 3374 δέ
1751 3329 1854 3379 τοῖς
1885 3322 2111 3375 αύθεντι-

541 3417 666 3471 κοῖς,
699 3411 747 3462 έν
777 3406 847 3468 οἷς
867 3407 1168 3483 ὑπέγραψαν
1185 3409 1229 3461 oi
1261 3407 1528 3463 ὁσιώτατοι
1558 3412 1844 3474 ἐπίσκοποι,
1875 3409 2112 3483 οὐδαμῶς

542 3498 778 3572 ηὕρηται.
810 3499 931 3556 Πλὴν
954 3499 1162 3569 κάκείνῳ
1199 3496 1280 3553 δεῖ
1300 3501 1583 3574 προσέχειν
1610 3503 1729 3560 τούς
1762 3506 1850 3559 τὴν
1883 3502 2111 3560 ἀλήθειαν

545 3591 864 3665 έρευνῶντας’
896 3586 974 3643 ὅτι
997 3588 1230 3648 πολλάκις
1257 3591 1366 3644 τινά
1386 3589 1434 3642 ἐν
1471 3597 1590 3647 ταῖς
1616 3588 1841 3649 συνόδοις
1867 3591 2008 3665 παρά
2030 3611 2110 3644 τις

543 3702 640 3734 νων
667 3682 719 3734 έν
745 3683 925 3739 αὑταῖς
943 3680 1308 3755 εὑρισκομένων
1333 3679 1526 3750 λέγεται
1547 3677 1578 3738 ἢ
1599 3681 1727 3734 κατὰ
1746 3683 2110 3754 προσπαϐειαν,

547 3773 575 3832 ἦ
616 3775 719 3826 κατ’
745 3775 1053 3834 ἐναντίωσιν,
1098 3770 1128 3829 ἢ
1169 3771 1278 3826 κατ’
1305 3769 1524 3843 ἄγω-αν,
1569 3770 1732 3831 ούδείς
1771 3769 1825 3825 δέ
1863 3773 2114 3846 προσέχει

544 3869 655 3920 τοῖς
680 3864 808 3918 κατά
831 3862 981 3935 μέρος
1008 3861 1150 3935 παρά
1178 3881 1324 3915 τινων
1343 3860 1642 3931 λεγομένοις,
1673 3861 1795 3914 ἀλλά
1821 3861 1985 3930 μόνοις
2003 3869 2116 3921 τοῖς

547 3955 678 4007 κατά
703 3957 862 4009 κοινήν
891 3953 1170 4005 συναίνεσιν
1205 3953 1348 4024 παρά
1374 3952 1575 4006 πάντων
1595 3950 1912 4024 ὁριζομένοις.
1942 3954 2000 4004 Ei
2017 3953 2112 4026 γὰρ

547 4041 660 4096 κατ’
708 4040 920 4099 έκείνους
966 4039 1220 4108 βουληθείη
1265 4060 1343 4101 τις
1387 4041 1661 4115 προσέχειν
1700 4047 1814 4099 ταῖς
1856 4043 2116 4100 τοιαύταις

548 4131 909 4189 έναντιῶσεσιν,
949 4122 1132 4184 έκάστη
1185 4126 1399 4187 σύνοδος
1437 4129 1730 4202 εὑρίσκεται
1768 4129 1954 4188 έαυτήν
1993 4132 2115 4183 ἀνα-

549 4221 836 4292 τρέπουσα.
875 4219 962 4270 Διὰ
999 4223 1159 4272 ταῦτα
1194 4221 1360 4271 τοίνυν
1396 4216 1498 4272 ἔδει
1539 4221 1746 4281 αὐτούς,
1778 4217 1916 4294 εἴπερ
1959 4219 2117 4289 ὀρθῶς

551 4306 790 4378 ἐδέχοντο
817 4312 904 4363 τήν
945 4305 1090 4376 ἁγίαν
1117 4305 1338 4372 σύνοδον,
1376 4313 1447 4378 μή
1481 4309 1718 4367 τοιαύτας
1902 4308 2118 4379 μέμψεις

551 4399 868 4469 περιάπτειν,
891 4396 1014 4448 ἀλλά
1041 4397 1364 4455 ἀκολουθῆσαι
1387 4403 1494 4457 τοῖς
1515 4395 1835 4456 διδασκάλοις
1861 4405 1952 4456 τῆς
1977 4398 2120 4450 καθο-

466 4483 470 4488 ’
551 4489 688 4547 λικῆς
716 4487 1002 4547 ἐκκλησίας.
1042 4490 1124 4541 καί
1147 4489 1370 4556 μάλιστα
1395 4494 1469 4558 τῷ
1497 4489 1544 4540 έν
1572 4487 1732 4558 ἁγίοις
1755 4488 2028 4559 Ἀθανασίῳ
2047 4495 2120 4561 τῷ

552 4579 797 4650 γενομένῳ
819 4585 909 4637 τῆς
932 4576 1279 4650 Ἀλεξανδρέων
1299 4577 1556 4636 έκκλησίας
1586 4578 1864 4647 έπισκόπῳ,
1889 4581 1973 4632 καί
2000 4578 2122 4633 πολ-

553 4667 670 4725 λούς
707 4669 789 4720 καί
826 4667 1074 4738 μεγάλους
1112 4668 1310 4738 ἀγῶνας
1347 4664 1690 4737 ἀναδεξαμένῳ
1730 4669 1861 4744 ύπέρ
1904 4675 1995 4728 τῆς
2021 4675 2120 4723 τῶν

552 4762 861 4826 Χριστιανῶν
908 4757 1128 4815 πίστεως
1171 4756 1319 4830 ὀρθῆς
1358 4756 1488 4809 κατά
1525 4758 1695 4816 πάσης
1732 4756 1990 4833 αἱρέσεως,
2037 4760 2121 4811 καί

557 4848 780 4917 μάλιστα
821 4853 922 4900 τῶν
963 4845 1314 4900 ἀσεϐεστάτων
1354 4851 1614 4917 ’Δρειανῶν
1641 4864 1651 4873 ·
1683 4853 1782 4901 τῶν
1827 4847 1924 4921 γὰρ
1951 4848 2122 4901 αὐτῶν

553 4937 820 5012 Ἀρειανῶν
853 4937 982 5009 πρός
1003 4936 1200 4992 ἀπάτην
1225 4941 1322 4988 τῶν
1345 4935 1476 4988 λαῶν
1499 4938 1573 4995 είς
1602 4941 1694 4995 τήν
1723 4937 1912 4992 έαυτῶν
1938 4935 2120 5012 μερίδα

557 5027 921 5091 ὶπισπωμένων
943 5025 1222 5088 Διονύσιον,
1250 5026 1350 5099 πρὸ
1386 5024 1576 5078 πολλῶν
1605 5027 1729 5080 έτῶν
1755 5033 1845 5080 τοῦ
1873 5024 1924 5080 έν
1963 5025 2124 5097 ἁγίοις

563 5107 853 5171 Ἀθανασίου
897 5119 989 5172 τῆς
1014 5109 1374 5185 Ἀλεξανδρείας
1413 5111 1674 5183 γενόμενον
1713 5114 2001 5177 ἐπίσκοπον,
2043 5117 2126 5167 καί

553 5200 819 5273 λεγόντων,
847 5207 916 5262 ὡς
958 5205 1042 5256 καί
1089 5203 1245 5262 αὐτὸς
1284 5201 1310 5256 6
1356 5205 1612 5264 Διονύσιος
1655 5207 1719 5258 τά
1766 5202 1912 5273 ὅμοια
1958 5207 2127 5266 αὐτοῖς

552 5293 842 5366 έφρόνησεν,
873 5291 1159 5351 ’Δθανάσιος
1187 5291 1213 5346 ό
1239 5293 1400 5364 μέγας
1426 5300 1518 5353 τῆς
1547 5294 1806 5356 έκκλησίας
1830 5294 2127 5357 διδάσκαλος

557 5370 753 5444 πολλοῖς
807 5383 1016 5457 τρόποις
1064 5383 1323 5457 ἕγγράφως
1365 5382 1609 5448 ἀπέδειξε,
1641 5390 1730 5445 τήν
1774 5387 1920 5458 ὀρθὴν
1955 5391 2128 5443 πίστιν

557 5476 819 5530 Διονύσιον
847 5475 894 5537 ἐξ
920 5474 1094 5548 ἀρχῆς
1117 5473 1342 5549 κηρύξαι,
1376 5477 1458 5528 καί
1482 5473 1724 5545 μηδαμῶς
1753 5477 2128 5534 έπικοινωνῆσαι

555 5574 621 5638 τῇ
653 5572 753 5619 τῶν
785 5563 1042 5638 ’Δριιανῶν
1077 5564 1305 5636 ἀσεϐείᾳ.
1334 5560 1491 5619 οὗτοι
1527 5563 1582 5619 δέ
1619 5566 1685 5619 τά
1722 5572 1821 5620 τῶν
1863 5567 2128 5639 αἱρετικῶν

555 5663 852 5731 φρονοῦντες
879 5662 968 5715 τήν
995 5659 1175 5709 οἰκείαν
1195 5657 1426 5711 ἀσέϐειαν
1452 5657 1610 5729 ταύτῃ
1637 5659 1929 5730 περιάπτειν
1957 5680 2126 5714 σπου·-

557 5746 816 5812 δείξουσιν.
843 5755 1046 5803 ὀπ-ιῖον
1077 5745 1130 5802 δέ
1158 5749 1268 5802 ἐστι
1295 5748 1599 5822 κατάκριμα,
1631 5751 1716 5803 καί
1739 5751 1859 5804 ποία
1886 5750 2128 5804 ἐπίκειται

2193 699 2459 767 siquidem
2505 691 2822 767 [interdum]
2866 693 3069 749 eaedem
3120 708 3304 758 voces,
3353 691 3573 761 quando
3616 688 3762 744 bene

2193 795 2540 857 exponuntur
2587 797 2638 839 et
2693 785 3101 848 intelliguntur,
3154 799 3279 837 cum
3341 782 3542 849 pietate
3589 793 3762 844 sunt;

2201 872 2414 942 quando
2437 881 2617 927 autem
2636 873 2776 926 male
2796 872 2862 926 ab
2889 871 3154 926 haereticis
3179 870 3544 937 intelliguntur
3561 879 3617 926 et
3635 885 3768 940 pro-

2202 962 2463 1028 feruntur,
2493 963 2818 1032 impietatem
2845 961 3062 1016 habent.
3096 959 3279 1030 Itaque
3301 961 3601 1015 Nestorium
3629 961 3766 1016 duas

2201 1054 2415 1123 quidem
2443 1061 2660 1108 naturas
2689 1061 2744 1107 et
2779 1069 2942 1107 uuam
2981 1069 3265 1123 personam
3307 1053 3569 1106 dicentem
3591 1093 3607 1119 ,
3655 1069 3767 1108 non

2199 1145 2539 1198 confitentem
2565 1152 2743 1197 autem
2772 1158 2953 1196 earum
2995 1143 3251 1196 unitatem
3279 1141 3569 1196 secundum
3590 1142 3766 1196 subsi-

2195 1241 2472 1304 stentiam,
2515 1239 2780 1308 Ephesina
2823 1238 2989 1307 prima
3018 1239 3283 1308 synodus,
3332 1237 3484 1304 cujus
3512 1244 3763 1292 auctores

2201 1339 2353 1386 erant
2384 1329 2706 1387 Caelestinus
2730 1338 2787 1383 et
2811 1326 3042 1399 Cyrillus
3069 1335 3267 1382 sancta
3309 1333 3608 1390 memoriae,
3655 1341 3763 1382 non

2200 1421 2472 1490 suscepit,
2517 1420 2611 1475 sed
2651 1418 3044 1474 condemnavit.
3089 1416 3197 1470 Nos
3237 1424 3417 1470 autem
3459 1425 3764 1470 sanctorum

2204 1511 2417 1564 Patrum
2437 1510 2736 1565 doctrinam
2765 1523 2862 1578 per
2884 1509 3062 1562 omnia
3085 1514 3393 1575 sequentes,
3423 1515 3479 1560 et
3507 1507 3764 1560 unitatem

2201 1600 2424 1653 duarum
2455 1607 2778 1658 naturarum.
2809 1612 2874 1652 ex
2903 1597 3095 1666 quibus
3121 1595 3376 1650 Dominus
3406 1605 3589 1651 noster
3613 1595 3766 1651 Iesus

2202 1689 2442 1745 Christus
2459 1705 2595 1742 unus
2621 1696 2820 1742 sancta:
2847 1687 3146 1752 Trinitatis,
3169 1686 3307 1739 Deus
3336 1686 3567 1740 Verbum
3597 1687 3767 1741 incar-
3807 1731 3814 1734 _

2203 1788 2377 1842 natus,
2402 1778 2729 1848 compositus
2749 1785 2848 1838 est,
2874 1785 2930 1830 et
2959 1774 3104 1844 quod
3129 1789 3315 1829 earnm
3340 1775 3636 1829 differentia
3659 1792 3764 1831 non

2203 1871 2522 1938 interempta
2557 1876 2640 1923 est
2683 1866 3209 1937 propter'unitatem
3235 1905 3251 1929 ,
3293 1864 3348 1918 in
3401 1865 3767 1934 superioribus

2203 1962 2438 2030 apertius
2490 1957 2991 2014 demonstravimus.
3049 1955 3116 2009 Et
3166 1953 3502 2010 sufficiebant
3553 1955 3765 2025 quidem

2203 2067 2320 2120 qua:
2360 2051 2716 2120 przediximus,
2747 2049 3060 2103 satisfacere
3099 2047 3178 2102 eis
3205 2048 3296 2115 qui
3328 2047 3514 2102 nolunt
3542 2057 3766 2102 conten-

2203 2141 2349 2196 dere.
2377 2140 2482 2195 Sed
2518 2141 2771 2208 quoniam
2800 2139 2875 2192 illi
2903 2138 2994 2206 qui
3033 2137 3197 2192 semel
3222 2136 3288 2190 ad
3318 2137 3645 2206 impietatem
3673 2138 3769 2192 de-

2203 2232 2569 2296 clinaverunt,
2597 2237 2654 2286 et
2680 2230 2782 2284 alia
2811 2243 3114 2299 proponere
3142 2237 3437 2292 conantur,
3462 2231 3770 2284 necessario

2205 2336 2304 2374 nos
2346 2327 2401 2374 et
2443 2320 2576 2373 tales
2619 2334 2805 2373 eorum
2849 2318 3163 2373 occasiones
3208 2331 3374 2371 vanas
3403 2315 3764 2371 ostendemus.

2209 2409 2400 2462 Dicunt
2419 2407 2558 2462 enim
2586 2421 2692 2460 non
2717 2415 2969 2475 oportere
2998 2406 3301 2474 vituperare
3333 2404 3547 2474 impiam
3569 2405 3771 2473 episto-

2211 2500 2340 2566 lam,
2362 2514 2428 2553 eo
2449 2498 2589 2566 quod
2604 2499 2658 2552 in
2675 2498 2956 2565 aliquantis
2978 2496 3144 2551 fertur
3163 2495 3450 2551 codicibus.
3473 2495 3579 2550 Sed
3599 2497 3642 2552 si
3666 2495 3771 2552 hoc

2210 2595 2400 2662 aliquis
2416 2593 2703 2648 secundum
2719 2608 2902 2647 eorum
2925 2591 3247 2647 dem'entiam
3263 2593 3490 2647 sufﬁciat
3510 2591 3592 2664 [Ρ.
3605 2596 3772 2649 susci-

2209 2681 2362 2754 piat],
2386 2691 2595 2752 oportet
2615 2691 2670 2737 et
2685 2683 2981 2738 Nestorium
3004 2693 3058 2736 et
3082 2681 3371 2754 Eutychem
3397 2684 3612 2752 suscipi,
3638 2699 3772 2754 quo-

2214 2773 2354 2825 niam
2378 2773 2600 2840 plurima
2627 2778 2682 2826 et
2700 2773 2767 2825 de
2785 2772 2868 2825 his
2887 2773 2939 2825 in
2961 2773 3124 2838 gestis
3147 2771 3482 2826 continentur
3502 2789 3620 2840 qua:
3634 2775 3771 2844 apud

2207 2861 2468 2931 synodum
2495 2869 2613 2915 acta
2653 2868 2796 2914 sunt.
2821 2859 2929 2915 Sed
2965 2875 3123 2914 nemo
3166 2861 3380 2929 sapiens
3401 2860 3557 2916 dictis
3583 2877 3768 2917 eorum

2208 2951 2440 3002 animum
2465 2949 2725 3004 intendet.
2753 2949 2880 3016 Qua:
2900 2952 3040 3004 enim
3062 2950 3128 3004 de
3154 2950 3413 3006 haereticis
3429 2951 3773 3021 proferuntur

2210 3039 2262 3092 in
2290 3038 2508 3109 synodis
2535 3047 2590 3092 et
2615 3053 2736 3108 pars
2762 3046 3032 3106 gestorum
3065 3037 3225 3106 fiunt,
3271 3053 3379 3094 non
3406 3041 3473 3094 ad
3501 3041 3772 3096 liberatio-

2210 3143 2330 3182 nem
2371 3128 2680 3184 inseruntur
2702 3172 2716 3196 ,
2759 3132 2854 3185 sed
2883 3130 2950 3184 ad
2989 3131 3246 3199 majorem
3275 3131 3770 3189 condemnationem

2211 3235 2417 3284 eorum,
2453 3229 2512 3275 et
2538 3223 2628 3290 qui
2658 3223 2736 3276 eis
2763 3221 2954 3275 similia
2983 3223 3214 3292 sapiunt.
3259 3232 3279 3262 ι
3311 3223 3563 3290 Quamvis
3597 3235 3772 3279 autem

2211 3311 2535 3378 exemplaria
2575 3311 2746 3380 impiae
2775 3311 3012 3380 epistola:
3040 3327 3157 3382 qua:
3201 3312 3679 3379 circumferuntur,
3723 3316 3774 3370 in

2211 3403 2474 3472 aliquibus
2497 3402 2862 3469 codicibus,ut
2885 3402 3083 3456 dictum
3099 3411 3200 3467 est,
3230 3403 3425 3456 inserta
3443 3405 3568 3464 sinl,
3603 3393 3772 3459 tamen

2212 3493 2266 3547 in
2293 3493 2618 3549 authenticis
2647 3495 2702 3548 in
2724 3493 2917 3564 quibus
2942 3493 3262 3548 sanctissimi
3283 3494 3518 3563 episcopi
3548 3496 3775 3550 subscri-

2211 3597 2450 3660 pserunt,
2481 3589 2783 3644 nullatenus
2804 3589 3165 3644 inveniuntur.
3179 3586 3402 3657 Oportet
3417 3597 3592 3643 autem
3620 3592 3776 3644 etiam

2213 3677 2344 3732 illud
2362 3677 2639 3732 attendere
2654 3692 2748 3732 eos
2766 3678 2857 3745 qui
2882 3678 3162 3731 veritatem
3187 3685 3608 3746 perscrutantur,
3637 3678 3777 3746 quod

2215 3767 2439 3823 forsitan
2469 3769 2521 3822 in
2552 3767 2794 3822 conciliis
2819 3767 3059 3835 quedam
3081 3779 3110 3819 a
3137 3765 3299 3820 certis
3321 3765 3392 3819 ibi
3423 3767 3784 3820 convenienti-

2213 3866 2314 3921 bus
2337 3865 2600 3931 dicuntur,
2627 3873 2720 3919 aut
2745 3881 2841 3934 per
2862 3862 3100 3918 favorem
3119 3905 3135 3930 ,
3177 3871 3270 3917 aut
3298 3878 3396 3933 per
3423 3864 3783 3919 contrarietao

2217 3964 2357 4023 tem,
2403 3963 2496 4009 aut
2521 3970 2617 4024 per
2641 3955 3018 4024 ignorantiam.
3064 3953 3231 4009 Nemo
3257 3963 3436 4009 autem
3469 3955 3697 4008 attendit
3721 3970 3786 4011 ea

2217 4059 2336 4114 qua:
2361 4059 2458 4113 per
2480 4052 2688 4114 partem
2713 4057 2743 4096 a
2769 4043 3089 4113 quibusdam
3114 4043 3360 4098 dicuntur
3392 4061 3404 4096 :
3434 4043 3529 4098 sed
3551 4043 3664 4097 sola
3694 4043 3785 4099 illa

2219 4149 2336 4203 quae
2373 4135 2441 4188 ab
2477 4135 2722 4189 omnibus
2757 4135 3024 4189 communi
3053 4149 3315 4188 consensu
3342 4133 3689 4189 definiuntur.
3729 4135 3788 4190 Si

2219 4224 2361 4278 enim
2400 4223 2590 4291 aliquis
2616 4223 2905 4278 secundum
2937 4223 3054 4277 illos
3076 4224 3305 4278 voluerit
3332 4223 3612 4280 attendere
3639 4225 3785 4292 ejus-

2221 4313 2364 4368 modi
2392 4315 2821 4379 contrarietates,
2863 4329 3198 4383 unaqtucque
3222 4315 3455 4385 synodus
3485 4315 3786 4368 invenietur

2222 4406 2560 4474 semetipsam
2591 4405 2890 4459 destruens.
2931 4403 3160 4474 Propter
3181 4405 3294 4460 haec
3322 4406 3481 4476 igitur
3504 4406 3790 4475 oportebat

2147 4507 2199 4568 ι)
2224 4508 2335 4558 eos,
2353 4494 2397 4548 si
2425 4501 2664 4548 sanctum
2687 4493 2974 4548 concilium
2995 4503 3142 4547 recte
3163 4493 3510 4562 susciperent,
3535 4508 3637 4547 non
3657 4493 3789 4547 tales

2223 4582 2579 4651 biasphemias
2605 4581 2655 4636 ei
2686 4583 2980 4652 applicare,
3025 4582 3119 4638 sed
3145 4584 3294 4651 sequi
3323 4582 3570 4639 doctores
3599 4583 3790 4638 catho—
3859 4572 3861 4574 ’

2223 4672 2342 4726 licas
2364 4670 2634 4734 Ecclesiae,
2666 4680 2723 4726 et
2748 4673 2976 4726 maxime
3002 4683 3243 4728 sanctum
3274 4672 3618 4727 Athanasium
3640 4714 3654 4737 ,
3699 4675 3789 4741 qui

2223 4762 2323 4817 fuit
2361 4762 2694 4818 Alexandriae
2722 4763 3044 4832 episcopus,
3091 4773 3144 4816 et
3186 4763 3440 4832 plurimos
3470 4771 3524 4817 et
3569 4777 3791 4829 magnos

2223 4853 2432 4908 labores
2459 4854 2692 4923 suscepit
2715 4869 2812 4923 pro
2838 4863 2984 4908 recta
3013 4853 3434 4908 Christianorum
3463 4854 3564 4907 fide
3601 4854 3793 4909 adver-

2223 4957 2314 4998 sus
2341 4958 2552 4997 omnem
2578 4943 2803 4997 hazresin
2827 4984 2843 5010 ,
2875 4950 2930 4997 et
2971 4943 3204 4997 maxime
3232 4951 3418 4997 contra
3446 4943 3791 5012 impiissimos

2224 5032 2470 5087 Arianos.
2515 5030 2648 5102 Ipsis
2675 5033 2816 5086 enim
2847 5031 3057 5086 Arianis
3097 5031 3163 5085 ad
3193 5030 3530 5101 decipiendos
3563 5032 3792 5100 populos

2225 5138 2322 5176 suo
2349 5121 2516 5176 errori
2547 5120 2988 5188 conjungentibus
3009 5120 3338 5190 Dionysium,
3379 5121 3468 5188 qui
3498 5128 3623 5172 ante
3652 5119 3790 5172 mul-

2224 5221 2312 5267 tos
2339 5225 2508 5265 annos
2547 5207 2822 5263 Athanasii
2859 5209 3060 5282 [multis
3086 5210 3241 5265 annis
3268 5217 3393 5263 ante
3421 5205 3792 5278 Athanasium]

2229 5301 2325 5354 fuit
2355 5298 2692 5354 Alexandria:
2715 5299 3017 5368 episcopus,
3040 5307 3095 5353 et
3117 5298 3414 5353 dicentibus
3430 5296 3572 5366 quod
3603 5304 3660 5348 et
3681 5297 3795 5364 ipse

2231 5390 2510 5460 Dionysius
2537 5389 2728 5444 similia
2754 5390 2834 5444 eis
2861 5389 3068 5458 sapuit,
3093 5388 3414 5442 Athanasius
3443 5400 3666 5454 magnus
3689 5383 3793 5440 Ec-

2228 5482 2402 5536 clesia:
2422 5480 2613 5535 doctor
2627 5479 2807 5535 multis
2827 5478 2998 5532 modis
3014 5477 3244 5532 ostendit
3263 5478 3317 5531 in
3346 5476 3577 5545 scriptis,
3591 5483 3794 5528 rectam

2228 5570 2382 5627 fidem
2401 5571 2713 5642 Dionysium
2735 5570 2801 5624 ab
2822 5569 2976 5624 initio
3004 5568 3342 5638 Mdicasse,
3360 5566 3615 5634 nulloque
3635 5564 3795 5618 modo

2227 5662 2547 5731 participem
2579 5659 2788 5713 Arianae
2817 5656 3104 5727 impietatis
3129 5655 3311 5711 fuisse.
3358 5654 3450 5709 Isti
3480 5662 3658 5708 autem
3686 5651 3794 5706 lue-

2227 5751 2394 5806 retica
2421 5750 2710 5822 sapientes,
2732 5763 2878 5804 suam
2906 5747 3231 5819 impietatem
3255 5747 3427 5803 eidem
3455 5744 3661 5817 synodo
3694 5756 3790 5811 ap-

638 5929 656 5962 ·
695 5925 820 5983 liae
843 5924 1035 5982 absunt
1061 5938 1092 5980 a
1129 5939 1230 5981 ms.
1262 5923 1581 5981 Bohieriauo
1605 5962 1618 5988 ,
1670 5931 1724 5980 et
1765 5923 1906 5996 apud
1951 5922 2349 5985 Leunclavium.
