4112 6542
324 461 461 527 1025

1352 476 1582 538 LIBER
1624 478 2019 542 ADVERSUS
2059 483 2485 544 ORIGENEM.

3415 496 3556 565 1026

317 595 417 665 ἀρά
462 600 562 653 τοῖς
592 593 660 652 ti:
689 595 908 669 πατέρας
941 593 1304 668 ἁμαρτάνουσι,
1340 594 1563 652 διδάσκει
1593 599 1725 668 ἡμᾶς
1755 600 1836 651 καί
1861 598 1885 654 ἠ

1995 596 2194 665 plicare
2232 596 2503 654 festinant.
2536 601 2717 667 Qualis
2745 598 2920 660 auteTn
2951 614 3034 660 est
3060 607 3433 665 condemnatio
3453 655 3469 678 ,
3501 622 3558 667 et

316 685 424 736 θεία
451 688 636 756 γραφή.
663 689 721 736 Εἰ
751 687 847 759 γάρ
876 687 989 755 Χάμ
1018 685 1043 738 ὁ
1075 687 1182 745 υίὸς
1209 693 1294 740 τοῦ
1325 694 1426 740 Νῶε
1455 689 1762 756 θεασάμενος
1787 709 1884 758 γυ-

316 775 435 842 μνὸν
462 774 542 826 τὸν
567 771 689 827 ἴδιον
715 776 933 848 πατέρα,
976 777 1060 830 καὶ
1095 781 1164 849 μή
1188 775 1415 846 καλύψας
1451 782 1541 835 τήν
1573 784 1663 830 τοῦ
1693 778 1887 854 πατρὸς

317 871 611 938 σωματικήν
662 870 942 939 γύμνωσιν,
986 869 1184 932 ἐξελθών
1232 871 1488 942 έπηγγειλε
1544 873 1730 929 ταύτην
1778 880 1886 931 τοῖς

315 958 561 1032 ἀδελφοῖς,
591 964 673 1016 καί
702 962 876 1016 έκεῖνοι
904 962 1088 1032 ίματίῳ
1110 962 1297 1021 ταύτην
1325 965 1760 1038 περιεσκέπασαν,
1789 967 1887 1018 αὺ-

314 1053 401 1110 τὸς
433 1049 486 1106 δέ
512 1052 626 1121 Χάμ
647 1055 731 1106 καί
757 1054 802 1106 oi
832 1055 883 1117 έξ
907 1055 1063 1109 αὐτοῦ
1098 1056 1409 1124 γεννηθέντες
1437 1055 1535 1108 ὑπὸ
1561 1056 1784 1127 κατάραν
1808 1074 1888 1126 γε·

312 1142 538 1214 γόνασιν,
570 1144 614 1197 οἱ
638 1140 692 1196 δέ
714 1147 1063 1205 σκεπάσαντες
1089 1146 1313 1214 εὐλογίας
1341 1145 1558 1217 μεγάλης
1581 1145 1882 1208 ἠξιώθησαν

313 1233 480 1305 πολλῷ
498 1232 677 1300 μᾶλλον
699 1231 837 1289 οὗτοι
855 1237 1076 1306 μείζονος
1099 1237 1184 1288 καί
1203 1233 1278 1288 ἔτι
1297 1235 1518 1294 πλείονος
1541 1237 1886 1309 κατακρίσεὼς

313 1328 440 1377 εἰσιν
473 1321 622 1389 ἄξιοι,
651 1325 698 1379 oi
736 1331 826 1384 nia
865 1325 1108 1397 μηδαμῶς
1129 1332 1425 1400 προσοῦσαν
1452 1327 1652 1395 ἀτιμίαν
1675 1334 1737 1398 τῇ
1762 1346 1886 1380 σννο

313 1411 410 1483 ὁδῳ
447 1412 817 1477 σπουδάζοντες
861 1413 946 1469 διά
983 1424 1074 1474 τῆς
1098 1415 1334 1474 ἀσεϐείας
1376 1424 1466 1473 τῆς
1505 1415 1770 1473 ἐπιστολῆς
1805 1418 1885 1469 καί

313 1502 570 1570 Θεοδώρου
595 1508 890 1580 περιάπτειν
920 1508 1070 1580 αὐτῇ.
1099 1504 1220 1560 ’Δλλ’
1246 1506 1305 1558 ού
1333 1504 1416 1560 διά
1441 1511 1588 1560 τοῦτο
1627 1507 1658 1562 ἠ
1695 1507 1884 1565 ἀσεϐής

314 1596 568 1657 έπιστολὴ,
592 1597 622 1654 ἢ
649 1598 694 1650 oi
712 1599 902 1656 ταύτης
923 1595 1320 1666 ἀντιποιούμενοι
1348 1598 1659 1668 ἐκφεύξονται
1687 1601 1775 1654 τήν
1802 1597 1883 1649 έπί

312 1696 373 1760 τῇ
399 1690 558 1742 αὐτῶν
586 1690 796 1762 ἀσεϐείᾳ
819 1691 1131 1763 κατάκρισιν.
1160 1687 1277 1742 Ἀλλ’
1300 1687 1413 1742 οὐδὲ
1439 1684 1697 1758 Θεόδωρος
1717 1687 1743 1741 5
1763 1684 1881 1740 Ἐλ-

313 1779 458 1837 ληνάς
494 1799 548 1833 τε
597 1782 679 1832 καί
723 1777 996 1838 Ἰουδαίους
1019 1782 1102 1833 καί
1145 1784 1336 1838 πάντας
1375 1779 1648 1850 αἱρετεκούς
1759 1780 1884 1831 ἀσε-

315 1867 424 1948 ϐείᾳ
453 1867 895 1942 ὑπερϐαλλόμενος.
925 1863 1087 1927 Οὗτος
1113 1869 1210 1942 γάρ
1240 1887 1311 1941 πρ
1344 1887 1369 1926 ς
1403 1874 1510 1926 ταῖς
1539 1863 1709 1926 ἄλλαις
1729 1867 1879 1920 αὐτοῦ

1992 688 2164 758 qualis
2205 688 2444 744 imminet
2469 693 2773 749 maledictio
2802 697 2880 750 eis
2905 697 2993 766 qui
3017 699 3071 752 in
3101 696 3286 752 Patres
3312 712 3554 770 peccant,

1990 778 2147 833 docet
2172 795 2270 834 nos
2299 788 2352 835 et
2390 781 2566 836 divina
2596 783 2893 854 Scriptura.
2944 786 3001 840 Si
3029 788 3169 841 enim
3211 789 3377 844 Cham
3420 793 3557 848 lilius

1990 868 2103 923 Noe
2147 869 2355 937 (Cenes.
2399 872 2475 941 ix)
2524 889 2645 928 cum
2678 875 2896 930 vidisset
2923 876 3120 930 nudum
3147 893 3297 931 suum
3326 889 3554 948 patrem,

1988 960 2238 1028 quoniam
2264 976 2371 1014 non
2393 963 2673 1029 cooperuit
2700 965 2864 1032 patris
2885 967 3216 1034 corporalem
3241 969 3554 1033 nuditatem,

1988 1049 2081 1102 sed
2111 1063 2359 1117 egressus
2389 1053 2653 1106 nuntiavit
2679 1068 2798 1106 eam
2845 1055 3128 1120 fratribus,
3179 1066 3233 1111 et
3276 1058 3350 1111 illi
3390 1061 3559 1114 vcsti-

1987 1146 2169 1192 mento
2181 1153 2300 1192 eam
2318 1148 2728 1208 cooperuerunt,
2748 1141 2862 1210 ipse
2874 1141 3085 1209 quidem
3102 1141 3290 1207 Cham,
3308 1134 3363 1198 et
3379 1146 3452 1200 illi
3464 1147 3555 1215 qui

1987 1244 2052 1283 ex
2084 1229 2200 1299 ipso
2227 1232 2337 1285 nati
2367 1237 2510 1295 sunt,
2559 1231 2657 1285 sub
2700 1231 3072 1286 maledictione
3102 1232 3223 1287 facti
3254 1243 3416 1301 sunt;
3464 1237 3555 1305 qui

1987 1326 2164 1371 autem
2186 1327 2598 1388 cooperuerunt,
2627 1335 2872 1387 magnam
2898 1320 3323 1376 benedictionem
3345 1338 3557 1377 merue-

1986 1418 2112 1462 runt
2159 1426 2170 1460 :
2214 1409 2383 1463 multo
2423 1409 2591 1478 magis
2633 1409 2719 1464 isti
2749 1409 2952 1478 majore
2991 1419 3045 1465 et
3073 1411 3331 1482 ampliore
3359 1414 3560 1468 conde-

1987 1501 2260 1555 mnatione
2285 1500 2428 1570 digni
2468 1509 2612 1564 sunt,
2657 1502 2747 1570 qui
2774 1502 2840 1554 ad
2867 1503 3124 1572 synodum
3151 1505 3371 1559 minime
3392 1505 3559 1572 perti-

1987 1599 2203 1643 nentem
2225 1589 2516 1656 infamiam,
2535 1590 2788 1646 festinant
2813 1605 2910 1659 per
2936 1591 3264 1660 impietatem
3293 1595 3552 1663 epistolas,

1986 1689 2042 1735 et
2087 1680 2381 1746 Theodori,
2431 1682 2606 1736 eidem
2650 1691 2850 1736 sanctae
2880 1683 3084 1752 synodo
3113 1686 3400 1754 applicare.
3450 1683 3558 1740 Sed

1988 1786 2096 1824 non
2125 1770 2246 1824 ideo
2276 1771 2434 1840 impia
2458 1772 2711 1842 epistola,
2742 1772 2826 1825 vel
2856 1772 3206 1828 defendentes
3234 1789 3351 1828 eam
3369 1815 3384 1842 ,
3427 1791 3561 1829 con-

1987 1858 2382 1914 demnationem
2431 1875 2538 1914 suae
2579 1862 2871 1930 impietatis
2912 1861 3165 1930 effugient
3208 1879 3221 1916 :
3262 1863 3356 1917 sed
3386 1879 3560 1932 neque

310 1944 649 2027 βλασφημίαις
673 1960 758 2010 οὐκ
779 1961 986 2033 ἠρκίσθη
1013 1966 1087 2029 τῷ
1112 1958 1238 2031 πρὸς
1259 1961 1346 2014 τήν
1373 1955 1502 2010 ἰδίαν
1535 1955 1717 2013 πλάνην
1745 1976 1878 2030 παρ-

1988 1944 2329 2014 Theodorus,
2366 1950 2456 2017 qui
2498 1964 2734 2019 paganos
2761 1961 2815 2005 et
2842 1951 3070 2016 Judseos,
3099 1961 3152 2006 et
3180 1967 3368 2006 omnes
3398 1953 3560 2006 haere-

313 2053 617 2117 ερμηνεῦσαι
645 2049 702 2101 τὸ
738 2048 989 2119 σύμϐολον
1029 2055 1128 2102 τῶν
1154 2052 1455 2121 τριακοσίων
1483 2045 1602 2101 δέκα
1644 2049 1726 2100 καί
1753 2049 1882 2102 ὀκτὼ

312 2135 465 2207 ἀγίων
503 2139 760 2208 πατέρων,
791 2137 914 2190 ἀλλά
955 2140 1036 2192 καί
1071 2142 1442 2211 περιφρονήσας
1484 2139 1666 2191 τούτου
1708 2136 1881 2208 ἕτερον

313 2228 562 2297 σύμϐολον
593 2229 777 2290 έξέθετο
815 2229 985 2288 πάσης
1021 2230 1260 2287 ἀσεϐείας
1306 2229 1724 2302 πεπληρωμένον,
1767 2231 1817 2281 ίν

311 2317 665 2384 ἀναθεματίσαι
699 2319 818 2376 τοὺς
867 2317 1050 2391 έτέρως
1097 2324 1415 2392 φρονοῦντας,
1444 2317 1477 2375 ἦ
1512 2315 1881 2393 παραδιδόντας

312 2405 597 2476 έτὸλμησεν·
627 2406 758 2460 ὥστε
801 2404 918 2459 ὅσον
952 2409 1081 2462 κατὰ
1120 2413 1211 2466 τήν
1246 2409 1438 2461 ἐκείνων
1474 2411 1653 2478 μανίαν
1686 2409 1881 2470 πάντας

310 2498 428 2555 τοὺς
471 2495 645 2565 ἁγίους
681 2492 1011 2561 ἀποστόλους,
1058 2500 1144 2551 καί
1189 2498 1415 2570 πατέρας
1459 2500 1878 2572 κατακεκρίσθαι·

311 2591 456 2639 τοῦτο
496 2584 549 2640 δέ
588 2586 646 2640 τὸ
686 2587 867 2647 ἀσεϐὲς
897 2586 1155 2661 Θεοδώρου
1192 2589 1445 2658 σύμϐολον
1487 2593 1567 2643 καί
1595 2591 1644 2643 έν
1681 2599 1742 2662 τῇ
1773 2590 1882 2644 κατ’

310 2671 514 2745 ’Βφεσον
557 2679 734 2750 πρώτῃ
763 2676 958 2731 συνόδω
996 2680 1352 2751 προκομισθέν,
1397 2683 1484 2734 καί
1533 2683 1582 2734 έν
1616 2679 1883 2737 Χαλκηδόνι

310 2769 620 2839 ἀναγνωσθέν
645 2769 722 2842 ὑφ’
749 2771 988 2847 ἑκατέρας
1017 2769 1232 2825 συνόδου
1262 2775 1392 2842 μετά
1412 2779 1500 2826 τοῦ
1523 2774 1780 2843 ἐκθεμένου
1801 2777 1885 2828 καί

309 2866 410 2912 τῶν
437 2857 705 2929 δεξαμένων
734 2862 859 2914 αὐτὸ
885 2863 1166 2933 κατεκρίθη.

378 3122 576 3185 Ἐπειδὴ
619 3123 671 3180 δέ
711 3147 839 3188 τινες
865 3127 950 3182 τὸν
977 3127 1108 3202 ύπέρ
1135 3127 1390 3201 Θεοδώρου
1419 3127 1560 3198 λόγον
1598 3129 1885 3196 ποιούμενοι

311 3217 682 3293 προφερομένων
705 3225 804 3272 τῶν
832 3219 1032 3273 ἀσεϐῶν
1052 3221 1206 3273 αὐτοῦ
1235 3220 1646 3291 συγγραμμάτων
1683 3217 1764 3272 διὰ
1794 3226 1884 3278 τήν

1985 2038 2121 2092 ticos
2162 2039 2436 2107 impietate
2476 2052 2717 2110 superat.
2761 2042 3104 2112 lmpio‘enim
3142 2043 3426 2098 Theodoro
3452 2061 3558 2099 non

1983 2127 2194 2183 suffecit
2221 2145 2382 2198 super
2401 2131 2542 2208 alias
2578 2131 2693 2199 ejus
2728 2132 3089 2202 blasphemias
3126 2135 3191 2188 ad
3220 2151 3370 2189 suum
3409 2151 3562 2190 erro-

1986 2233 2098 2271 rem
2130 2219 2269 2274 male
2296 2220 2635 2288 interpretari
2656 2223 2956 2291 symbolum
2987 2233 3344 2279 trecentorum
3370 2226 3558 2282 decem

1983 2317 2037 2361 et
2058 2317 2180 2362 octo
2208 2319 2516 2364 sanctorum
2548 2309 2788 2376 Patrum,
2832 2313 2925 2366 sed
2952 2313 3113 2367 etiam
3134 2323 3444 2384 contempto
3465 2332 3552 2381 eo,

1983 2398 2127 2452 aliud
2155 2400 2457 2470 symbolum
2487 2402 2736 2470 exposuit
2765 2403 2908 2456 omni
2939 2404 3213 2472 impietate
3239 2407 3472 2476 plenum,
3504 2409 3560 2463 in

1982 2504 2090 2557 quo
2120 2490 2579 2545 anathematizare
2618 2506 2780 2546 ausus
2808 2501 2890 2546 est
2916 2509 3012 2548 eos
3051 2495 3142 2564 qui
3172 2495 3327 2550 aliter
3346 2498 3558 2566 sapiunt

1983 2583 2068 2637 vel
2099 2583 2333 2648 tradunt,
2361 2591 2439 2653 ut,
2471 2593 2727 2656 quantum
2750 2585 2816 2640 ad
2845 2587 2984 2641 illius
3013 2589 3274 2644 insaniam
3305 2591 3557 2659 pertinet,

1984 2688 2172 2727 omnes
2195 2675 2364 2729 sancti
2383 2676 2612 2742 apostoli
2638 2685 2692 2730 et
2709 2674 2894 2731 Patres
2917 2678 3422 2734 condemnarentur.
3446 2679 3562 2736 Hoc

1984 2770 2165 2816 autem
2194 2762 2462 2816 Theodori
2493 2763 2710 2832 impium
2745 2765 3044 2835 symbolum
3088 2775 3143 2820 et
3189 2769 3244 2821 in
3292 2767 3560 2838 Ephesina

1984 2852 2157 2920 prima
2196 2852 2404 2922 synodo
2429 2852 2718 2921 prolatum,
2752 2862 2806 2908 et
2835 2854 2887 2908 in
2917 2851 3343 2910 Chalcedonensi
3371 2859 3568 2912 recita-

1985 2952 2119 3006 tum,
2151 2944 2216 2998 ab
2243 2952 2467 3012 utraque
2495 2945 2702 3015 synodo
2727 2960 2847 3000 cum
2874 2945 2988 3014 ejus
3018 2948 3358 3016 expositore,
3404 2959 3459 3003 et
3486 2951 3566 3005 eis

1986 3035 2078 3104 qui
2105 3034 2235 3090 illud
2263 3035 2592 3105 suscipiunt,
2623 3037 3035 3092 condemnatum
3065 3047 3164 3094 est.

2059 3123 2322 3189 Quoniam
2352 3133 2531 3179 autem
2562 3125 2807 3194 quidam,
2853 3128 3018 3182 verba
3048 3144 3147 3198 pro
3173 3128 3457 3187 Theodoro
3481 3133 3564 3187 l'a-

1989 3211 2214 3279 cientes,
2239 3229 2358 3268 cum
2389 3211 2735 3283 proferuntur
2759 3215 2921 3285 impia
2953 3216 3068 3284 ejus
3097 3221 3423 3291 conscripta,
3450 3238 3570 3292 pro-

315 3308 520 3366 ἑνοῦσαν
572 3309 748 3368 αὐτοῖς
782 3309 1096 3382 βλασφημίαν
1139 3315 1539 3381 προσποιοῦνται
1581 3311 1670 3380 μέν
1701 3310 1882 3381 λέγειν,

1990 3313 2110 3373 pter
2156 3303 2412 3358 insertam
2451 3305 2529 3359 eis
2564 3304 2952 3373 blasphemiam
3001 3306 3313 3376 conﬁngunt
3351 3311 3568 3380 quidem

313 3395 392 3450 ὄτι
416 3397 575 3454 ἀσεϐῆ
602 3404 771 3452 ταῦτα
809 3401 1078 3469 τυγχάνει,
1107 3400 1251 3454 αὐτὸν
1291 3397 1344 3453 δέ
1381 3400 1470 3453 τὸν
1492 3399 1727 3457 τοιαύτην
1762 3401 1885 3453 ἀσέ-

315 3488 453 3541 ϐειαν
479 3489 784 3556 ίξεμίσαντα
810 3494 1173 3563 παραιτοῦνται
1214 3491 1608 3559 ἀναθεματίζειν,
1631 3491 1885 3563 θαυμάζο-

313 3599 404 3649 μεν
428 3586 518 3638 τὴν
547 3584 740 3636 τούτων
769 3577 957 3646 ἄνοιαν,
989 3580 1065 3635 ὅτι
1091 3589 1154 3656 τῇ
1179 3584 1284 3654 θείᾳ
1316 3583 1564 3652 τολμῶσιν
1595 3585 1887 3636 ἐναντιοῦσ-

312 3677 392 3727 θαι
416 3681 581 3748 γραφῇ
604 3681 822 3748 φανερῶς
845 3677 1086 3745 λεγούσῃ,
1111 3671 1190 3727 ὅτι
1215 3690 1234 3722 ε
1258 3674 1304 3724 ἐν
1327 3672 1422 3743 ἴσῳ
1449 3675 1638 3744 μισητά
1663 3681 1770 3745 Θεῷ
1803 3677 1888 3728 καί

312 3762 341 3816 5
364 3764 563 3817 ἀσεϐῶν
585 3766 669 3816 καί
689 3767 720 3820 ἡ
740 3765 941 3817 ἀσέϐεια
962 3766 1135 3817 αὑτοῦ.
1161 3781 1180 3813 ι
1213 3766 1302 3815 Καί
1327 3764 1425 3836 γάρ
1450 3765 1509 3817 τὸ
1537 3765 1774 3836 πραχθέν
1796 3767 1889 3818 σύν

312 3864 385 3924 τῷ
423 3854 667 3928 δράσαντι
706 3856 1075 3911 κολασθήσεται.
1110 3856 1166 3908 Εί
1194 3852 1246 3908 δέ
1274 3853 1456 3924 ὁμοίως
1570 3856 1721 3908 αὐτοῦ
1763 3855 1884 3908 ἀσε-

315 3945 427 4018 ϐείᾳ
453 3946 662 4015 μισητὸς
687 3952 794 4017 Θεῷ
821 3948 904 3998 καί
929 3944 954 3996 ὁ
982 3944 1204 4009 ἀσεϐῶν,
1240 3941 1487 4019 πρόδηλον
1517 3947 1582 4002 ὡς
1611 3942 1636 3997 ὁ
1662 3951 1888 4004 τοιοῦτος

313 4038 622 4109 κεχώρισται
643 4043 733 4090 τοῦ
759 4042 909 4098 Θεοῦ,
937 4038 1021 4089 καί
1046 4043 1119 4108 τῷ
1143 4036 1414 4104 ἀναθέματι
1442 4033 1646 4095 δικαίως
1672 4036 1889 4090 ὑποϐάλ-

311 4124 468 4181 λεται.
500 4128 565 4180 Τὸ
586 4130 682 4200 γὰρ
706 4127 928 4196 ἀνάθεμα
967 4125 1106 4180 οὐδέν
1135 4127 1305 4200 ἕτερον
1335 4130 1584 4196 σημαίνει,
1613 4126 1642 4184 ἧ
1678 4127 1761 4180 τὸν
1789 4127 1888 4181 ἀπὸ

313 4221 402 4269 τοῦ
425 4223 550 4269 Θεοῦ
579 4219 863 4292 χωρισμὸν,
896 4219 963 4276 ὡς
989 4218 1038 4270 έν
1080 4224 1142 4290 τῇ
1171 4217 1362 4289 παλαιᾷ
1384 4220 1461 4270 καί
1498 4226 1642 4286 καινῇ
1682 4215 1888 4290 διαθήκη

313 4306 370 4358 τὸ
398 4307 626 4379 περὶτοῦ
664 4306 988 4376 ἀναθέματοςο
1006 4312 1168 4377 κρῖμα
1205 4303 1369 4363 δηλοῖ.
1392 4303 1506 4360 Ὀτι
1545 4303 1597 4359 δέ
1645 4304 1670 4358 ὁ
1715 4306 1888 4381 κύριος

313 4399 433 4454 τούς
463 4401 529 4467 μή
561 4393 708 4456 ὄντας
744 4397 793 4450 ἐν
817 4404 889 4468 τῷ
913 4403 1002 4455 τῆς
1027 4396 1249 4456 ἀληθείας
1279 4398 1432 4450 αὐτοῦ
1460 4396 1612 4469 λόγῳ,
1639 4416 1890 4467 κεχωρισ-

311 4487 492 4558 μένους
537 4482 660 4540 εἶναι
708 4486 950 4556 λέγει-τῆς
998 4486 1276 4549 ἐκκλησίας,
1323 4487 1371 4539 ἐν
1410 4495 1480 4558 τῷ
1510 4490 1639 4541 κατὰ
1665 4485 1890 4545 Ἰωάννην

315 4577 584 4648 εὐαγγελίῳ
606 4578 733 4650 πρὸς
761 4579 880 4636 τοὺς
906 4575 1182 4637 Ἰουδαίους
1209 4577 1549 4649 διαλεγόμενος
1576 4579 1708 4633 οὕτω
1749 4582 1880 4650 φησί·

1991 3395 2170 3451 dicere
2195 3396 2340 3465 quod
2369 3396 2530 3466 impia
2559 3406 2710 3462 sunt,
2743 3397 2912 3467 ipsum
2944 3408 3120 3454 autem
3162 3401 3253 3469 qui
3282 3401 3440 3456 talem
3469 3402 3571 3458 im-

1991 3487 2245 3558 pietatem
2276 3489 2541 3554 evomuit,
2591 3497 2840 3544 recusant
2869 3490 3326 3545 anathematizare
3359 3509 3371 3544 :
3404 3492 3569 3546 mira-

1990 3594 2111 3634 mur
2136 3593 2324 3633 eorum
2349 3578 2695 3642 dementiam,
2724 3579 2870 3649 quod
2895 3580 3087 3634 divina:
3117 3580 3405 3649 Scriptum
3433 3598 3567 3638 con-

1989 3668 2152 3722 traria
2184 3675 2367 3735 agunt,
2401 3667 2680 3722 evidenter
2707 3668 2924 3733 dicenti,
2958 3669 3081 3737 quia
3112 3670 3378 3738 aequaliter
3406 3671 3569 3725 horri-

1990 3758 2116 3812 bilia
2145 3768 2265 3810 sunt
2293 3757 2431 3827 apud
2471 3757 2637 3812 Deum
2666 3759 2853 3827 impius
2899 3768 2948 3813 et
2978 3760 3214 3829 impietas
3255 3760 3366 3830 ejus
3396 3761 3567 3832 (δαν.

1991 3849 2124 3918 xxv).
2157 3847 2314 3904 Actio
2354 3848 2497 3902 enim
2537 3863 2658 3902 cum
2688 3857 2907 3904 auctore
2936 3847 3160 3920 [actore]
3205 3852 3490 3917 punietur:
3522 3852 3568 3906 si

1990 3951 2168 3998 autem
2194 3942 2439 3998 similiter
2462 3941 2720 4012 impietati
2749 3942 3018 3996 horribilis
3038 3951 3119 3997 est
3142 3943 3252 3996 Deo
3279 3951 3336 3997 et
3362 3937 3451 3997 ille
3474 3945 3567 4011 qui

1989 4034 2151 4103 impie
2179 4034 2307 4102 agit,
2337 4041 2485 4088 certe
2513 4042 2791 4102 separatus
2816 4043 2898 4088 est
2925 4033 3046 4089 talis
3066 4048 3096 4087 a
3118 4032 3247 4098 Deo,
3268 4042 3322 4087 et
3348 4035 3569 4089 anathe-

1989 4125 2117 4178 mati
2158 4124 2303 4194 juste
2346 4124 2645 4193 subjicitur.
2674 4124 2973 4178 Anathema
3002 4125 3142 4178 enim
3173 4125 3303 4178 nihil
3328 4125 3469 4180 aliud
3497 4125 3573 4180 si-

1989 4215 2235 4284 gniﬁcat,
2268 4215 2367 4270 nisi
2397 4231 2426 4268 a
2458 4215 2567 4270 Deo
2595 4215 2992 4284 separationem
3015 4260 3027 4282 ,
3056 4217 3192 4270 sicut
3228 4216 3280 4269 in
3308 4216 3490 4271 Veteri
3516 4225 3572 4273 et

1989 4309 2138 4363 Novo
2165 4307 2510 4362 Testamento
2533 4307 2790 4375 judicium
2814 4306 2880 4361 de
2909 4307 3249 4361 anathemate
3279 4305 3566 4375 signiﬁcat.

1989 4397 2142 4464 Quod
2173 4407 2352 4452 autem
2379 4405 2434 4451 et
2464 4397 2721 4450 Dominus
2749 4411 2845 4450 eos
2882 4395 2970 4465 qui
3002 4412 3108 4450 non
3152 4405 3470 4465 permanent
3515 4397 3569 4451 in

1989 4488 2154 4543 verbo
2184 4487 2423 4541 veritatis
2473 4485 2674 4554 ipsius,
2735 4493 3012 4554 separatos
3049 4499 3168 4539 esse
3219 4485 3285 4538 ab
3328 4483 3567 4540 Ecclesia

1988 4578 2140 4645 dicit,
2169 4578 2221 4631 in
2250 4575 2541 4644 Evangelio
2567 4575 2859 4628 secundum
2886 4572 3146 4627 Joannem
3175 4572 3388 4628 Judaeos
3429 4574 3566 4628 allo-

320 4683 340 4716 ε
366 4673 466 4728 ῐιᾶς
488 4667 679 4723 ὁποιῶν
704 4673 794 4726 τὴν
814 4667 1066 4738 ἁμαρτίαν
1086 4665 1260 4726 δοῦλός
1289 4669 1399 4722 ίστι
1425 4675 1516 4727 τῆς
1543 4667 1816 4741 ἀμαρτίας.
1839 4680 1885 4722 Ὀ

1997 4683 2188 4738 quens,
2228 4667 2306 4723 sic
2327 4667 2402 4720 ait
2445 4683 2458 4719 :
2505 4664 2685 4718 Omnis
2711 4663 2798 4732 qui
2827 4663 2952 4734 facit
2977 4671 3259 4732 peccatum,
3291 4679 3462 4716 servus
3492 4673 3570 4718 est

318 4757 370 4811 δέ
397 4757 570 4819 δοῦλος
591 4764 646 4812 οῦ
674 4761 804 4825 μένει
824 4761 874 4815 iv
899 4768 961 4834 τῇ
983 4762 1115 4832 οἰκίᾳ
1142 4761 1212 4818 εἰς
1239 4761 1320 4814 τὸν
1355 4762 1531 4823 αἰῶνα,
1557 4758 1582 4812 5
1604 4759 1654 4814 δέ
1675 4761 1782 4820 υίὸς
1807 4763 1888 4830 μέ-

317 4871 391 4906 νει
417 4855 486 4910 είς
515 4853 594 4906 τὸν
615 4855 788 4904 αἰῶνα.
823 4870 840 4902 ι
868 4848 983 4905 Ὀτι
1009 4849 1062 4904 δέ
1083 4856 1172 4907 τήν
1188 4852 1330 4924 παρά
1353 4857 1439 4904 τοῦ
1463 4853 1637 4922 κυρίου
1658 4853 1889 4920 ὠνομασ-

321 4945 469 5011 μένην
509 4943 662 4994 οἰκίαν
703 4943 734 4999 ἡ
758 4942 862 4995 θεία
899 4947 1063 5014 γραφή
1084 4941 1344 4996 ἐκκλησίαν
1383 4947 1508 4994 Θεοῦ
1531 4945 1710 5004 ζῶντος
1735 4942 1885 5004 καλεῖ,

322 5031 348 5085 ὁ
372 5029 649 5089 ἀπόστολος
690 5039 941 5104 μαρτυρεῖ
975 5033 1023 5084 ἄν
1056 5037 1118 5103 τῇ
1152 5031 1281 5101 πρὸς
1316 5030 1552 5099 Τιμόθεον
1583 5033 1757 5106 πρώτῃ
1783 5031 1892 5084 ἑπι-

322 5119 497 5194 στολῇ.

390 5213 449 5261 Εί
479 5207 532 5262 δέ
577 5210 779 5281 λέγουσί
823 5228 952 5267 τινες
989 5214 1056 5280 μή
1095 5206 1197 5262 δεῖν
1237 5205 1489 5281 Θεόδωρον
1520 5208 1647 5277 μετά
1685 5209 1891 5261 θάεατον

321 5302 784 5371 ἀναθεματίζεσθαι,
818 5301 1044 5354 ἴστωσαν
1073 5301 1118 5353 οἱ
1146 5301 1228 5354 τὸν
1259 5307 1480 5354 τοιοῦτον
1521 5301 1766 5375 αἱρετικὸν
1806 5301 1888 5352 έκ-

321 5390 596 5455 ὂικοῦντες,
650 5393 717 5452 ὡς
769 5395 874 5449 πᾶς
927 5390 1174 5464 αἱρετικὸς
1217 5392 1380 5463 μέχρι
1428 5391 1598 5449 τέλους
1635 5399 1696 5462 τῇ
1735 5391 1891 5464 οίκείᾳ

322 5480 485 5552 πλάνη
520 5481 755 5548 ἐμμείνας
791 5478 1098 5552 δικαιότερον
1141 5477 1356 5537 διηνεκεῖ
1400 5481 1779 5549 ἀναθεματισμῷ
1809 5483 1892 5534 καί

323 5573 453 5638 μετά
477 5572 681 5625 θάνατον
713 5570 1069 5625 ὑποϐάλλεται.
1110 5573 1210 5624 Καί
1229 5575 1380 5624 τοῦτο
1410 5570 1490 5622 έπί
1521 5569 1722 5628 πολλοῖς
1755 5570 1893 5641 γέγο-

323 5684 402 5718 νεν
430 5665 696 5739 αίρετικοῖς
718 5664 1075 5738 ἀρχαιοτέροις
1100 5683 1154 5718 τε
1193 5666 1278 5717 καί
1318 5670 1419 5722 τοῖς
1444 5662 1722 5735 ἐγγυτέρωο
1749 5683 1890 5716 τουτ-

324 5758 436 5810 έστι
477 5757 758 5824 mimis-'9,
803 5751 1086 5824 ιῑασιλείδῃ,
1130 5753 1424 5825 Μαρκίωνι,
1454 5753 1700 5825 Κηρίνθῳ,
1734 5763 1886 5804 Μανι-

327 5847 482 5913 χαίῳ,
513 5845 757 5914 Εὑνομίῳ,
783 5846 865 5897 καί
892 5843 1107 5913 Βονόσῳ’
1132 5847 1284 5896 τοῦτο
1311 5840 1363 5896 δέ
1387 5841 1508 5896 αὑτὸ
1531 5843 1614 5895 καί
1654 5841 1737 5894 ἐπί
1767 5848 1890 5895 Θεοο

327 5931 473 6004 θὼρ-ῳ
501 5931 662 6002 γέγονε
687 5934 766 5984 καί
793 5931 842 5984 ἐν
869 5935 969 6004 ζωῇ
994 5932 1400 6007 κατηγορηθέντι,
1427 5933 1506 5984 καί
1535 5931 1662 6000 μετά
1688 5931 1891 5985 θάνατον

1995 4758 2206 4828 peccati.
2242 4755 2427 4810 Servus
2448 4762 2616 4806 autem
2644 4769 2745 4806 mm
2766 4759 2937 4804 manet
2958 4752 3014 4803 in
3041 4750 3263 4804 domoin
3286 4760 3565 4819 aeternum;

1995 4849 2134 4917 ﬁlius
2164 4855 2331 4901 autem
2357 4852 2621 4913 permanet
2657 4843 2712 4895 in
2738 4851 2985 4896 aeternum
3016 4841 3210 4910 (Joan.
3239 4841 3381 4909 vui).
3413 4841 3567 4908 Quod

1995 4947 2195 4998 autem,
2225 4953 2384 5005 quam
2417 4936 2674 4990 Dominus
2703 4933 2944 4987 nominat
2963 4932 3205 5000 domum,
3229 4933 3402 4986 divina
3431 4934 3569 4988 Scri-

1996 5036 2148 5097 ptura
2199 5025 2488 5080 Ecclesiam
2535 5023 2630 5078 Dei
2659 5022 2765 5076 vivi
2808 5027 2996 5087 vocat,
3025 5018 3312 5089 Apostolus
3341 5029 3568 5076 testatur

1996 5118 2051 5172 in
2079 5117 2316 5186 Epistola
2343 5117 2512 5185 prima
2542 5114 2608 5168 ad
2635 5112 2973 5168 Timotheum
3007 5110 3158 5181 (Cap.
3185 5112 3286 5179 ιιι).

2062 5210 2118 5264 Si
2144 5224 2272 5263 vero
2303 5206 2516 5275 quidam
2539 5205 2751 5269 dicunt,
2802 5218 2910 5257 non
2937 5209 3192 5272 oportere
3222 5201 3562 5259 Theodorum

1992 5309 2114 5371 post
2136 5307 2362 5352 mortem
2391 5294 2860 5359 anathematizari,
2892 5292 3065 5349 sciant
3089 5293 3179 5361 qui
3210 5294 3367 5348 talem
3396 5296 3564 5349 ntere-

1994 5391 2154 5446 ticum
2182 5387 2513 5449 defendunt,
2562 5385 2704 5455 quod
2745 5385 2918 5438 omnis
2961 5384 3244 5439 haereticus
3289 5400 3456 5454 usque
3495 5386 3562 5439 ad

1997 5478 2154 5533 ﬁnem
2183 5479 2306 5532 vita:
2339 5477 2390 5530 in
2421 5491 2520 5532 suo
2549 5490 2734 5530 errore
2759 5489 3108 5544 permanens,
3136 5473 3279 5542 juste
3306 5484 3565 5544 perpetuo

1995 5567 2321 5624 anathemati
2371 5575 2427 5620 et
2472 5573 2594 5634 post
2631 5573 2858 5619 mortem
2887 5564 3190 5633 subjicitur.
3249 5563 3316 5617 Et
3361 5565 3465 5619 hoc
3512 5565 3565 5619 in

1994 5657 2175 5712 multis
2203 5655 2472 5710 haereticis
2500 5664 2556 5708 et
2584 5652 2974 5722 antiquioribus
3003 5660 3057 5706 et
3103 5651 3443 5722 propioribus
3484 5651 3566 5705 l'a-

1993 5758 2135 5803 ctum
2180 5754 2283 5813 est,
2329 5745 2384 5800 id
2414 5754 2495 5799 est
2523 5744 2836 5808 Valentino,
2870 5743 3122 5811 Basilidc,
3148 5743 3435 5807 Marcionc,
3465 5739 3570 5798 Ce-

1995 5837 2196 5901 rintho,
2230 5835 2546 5899 Manichaee,
2580 5833 2876 5900 Eunomio,
2906 5843 2960 5888 et
2987 5833 3218 5888 Bonoso.
3251 5833 3365 5890 Hoc
3387 5841 3566 5887 autem

1991 5928 2133 5983 idem
2164 5936 2217 5983 ct
2244 5927 2296 5982 in
2328 5926 2614 5982 Theodoro
2635 5926 2833 5980 factum
2864 5911 2964 5992 est,
2991 5933 3046 5980 et
3077 5925 3128 5978 in
3159 5925 3266 5979 vita
3289 5930 3561 5988 accusato,
