4112 6696
515 523 657 586 10:27

1795 515 2233 596 JUSTINIANI
2280 513 2431 572 [ΜΡ.

3623 499 3800 563 1028

523 652 956 723 ἀναθεματισθέντι
983 651 1082 703 ύπὸ
1110 657 1207 703 τῶν
1237 647 1388 718 ἀγίων
1408 648 1656 718 πατέρων.
1687 641 1770 702 Οἷς
1801 644 1843 695 εἰ
1871 644 1938 709 μή
1968 637 2080 710 βού-
2110 679 2116 693 .

2219 625 2237 682 ἱ
2276 640 2396 697 post
2432 637 2656 682 mortem
2687 627 3134 680 anathematizato
3174 641 3203 678 a
3240 625 3438 678 sanctis
3476 622 3775 682 Patribus,

526 778 692 820 tower
731 763 987 817 πείθεσθαι
1009 763 1075 819 ὡς
1108 761 1344 834 αἱρετικοί
1383 759 1427 811 οἱ
1453 777 1637 812 τουτου
1669 750 2082 822 ἀντιποιούμενοι,

527 863 584 925 τῇ
621 859 744 925 γοῦν
789 850 910 923 παρ’
955 852 1116 904 αὐτῶν
1159 847 1473 920 ἐκδικουμένῃ
1511 846 1690 900 ἀσεϐεῖ
1715 843 1953 913 ἐπιστολῇ
1999 861 2086 894 πι-

526 944 911 1005 στευσάτωσαν,
939 943 1048 1000 ἥτις
1075 945 1118 994 εἰ
1151 943 1236 994 καί
1272 941 1335 994 τά
1359 939 1577 1008 μάλιστα
1598 934 1848 1009 Θεόδωρον
1877 931 2085 994 ἐκδικεῖ,

528 1033 660 1104 ὅμως
697 1039 916 1107 φανερῶς
956 1033 1102 1102 λέγει,
1152 1030 1230 1086 ὅτι
1272 1034 1354 1084 καί
1396 1031 1477 1084 ἐπί
1501 1028 1760 1087 ἐκκλησίας
1786 1027 1908 1099 παρ’
1936 1025 2088 1093 ἀγίων

537 1126 759 1196 πατέρων
778 1124 1155 1193 ἀνεθεματίσθη,
1185 1123 1265 1172 καί
1290 1122 1336 1182 εξ
1371 1121 1560 1172 ἑκείνου
1590 1117 1738 1174 πολλή
1775 1121 1980 1178 ζήτησις
2007 1115 2089 1180 γέ-

527 1235 639 1286 γονε
668 1218 784 1286 περί
809 1221 905 1267 τῶν
930 1216 1085 1266 αὑτοῦ
1108 1213 1541 1286 συγγραμμάτων,
1569 1211 1636 1268 ὡς
1662 1208 1898 1265 ἀσεϐείας
1926 1205 2091 1264 δηλον-

532 1307 610 1357 ότι
637 1302 1063 1375 πεπληρωμένων⁹
1095 1307 1249 1354 τοῦτο
1289 1299 1341 1353 δὲ
1383 1300 1573 1353 ἐποίουν
1611 1303 1886 1354 τηνικαῦτα
1927 1297 1971 1348 οἰ
2003 1305 2094 1354 τῆς

535 1393 781 1450 καθολικῆς
808 1391 1088 1452 ἐκκλησίας,
1120 1388 1188 1460 ἐφ’
1275 1393 1346 1457 μή
1367 1391 1486 1448 τοὺς
1513 1387 1890 1459 ἁπλουστέρους
1919 1388 2094 1454 ἐντυγ-

538 1482 790 1551 χάνοντας
814 1487 919 1538 τοῖς
966 1480 1146 1532 ἐκείνου
1177 1478 1389 1532 ἀσεϐέσι
1417 1478 1783 1550 συγγράμμασι
1824 1484 1914 1535 τῆς
1953 1477 2096 1549 ὀρθῆς

538 1571 936 1645 παρατρέπεσθαι
975 1570 1215 1628 πίστεως.
1240 1567 1353 1622 Ὀτι
1396 1567 1448 1622 δὲ
1491 1569 1535 1621 οἱ
1580 1569 1786 1628 ἀσεϐεῖς
1831 1569 1875 1621 εἰ
1919 1571 2098 1638 καὶμή

539 1666 670 1716 κατά
712 1663 977 1736 πρόσωπον
1025 1663 1114 1728 μέν
1171 1663 1220 1713 ἐν
1264 1664 1365 1734 ζωῇ
1402 1659 1639 1722 δέξωνται
1682 1661 2097 1730 ἀναθεματισμόν,

542 1753 677 1822 ὅμως
703 1755 781 1806 καί
806 1753 934 1822 μετὰ
955 1752 1163 1806 θάνατον
1189 1751 1631 1820 ἁναθεματίζονται
1658 1748 1760 1802 ύπὸ
1793 1756 1884 1806 τῆς
1917 1748 2103 1800 καθολι-

543 1852 630 1903 κῆς
673 1842 952 1902 ἐκκλησίας.
985 1841 1232 1896 δείκνυται
1258 1842 1308 1893 ἐκ
1334 1849 1431 1895 τῶν
1468 1840 1619 1914 ἁγίων
1661 1838 1902 1895 συνόδων.
1934 1850 1984 1893 Ἦ
2012 1843 2102 1910 μὲν

541 1936 642 2006 γάρ
686 1935 736 1987 ἰν
772 1935 947 2006 Νικαίᾳ
992 1935 1110 1991 τούς
1154 1933 1209 1985 τό
1254 1932 1435 1991 ἀσεϐὲς
1461 1931 1648 2006 ’Δρείου
1681 1933 1904 2005 φρόνημα
1942 1951 2100 2005 πρεσ-

546 2025 784 2083 ϐεύοντας
811 2024 1076 2093 ἀνωνύμως
1112 2024 1502 2092 ἀνεθεμάτισεν..
1531 2033 1581 2076 'll
1607 2022 1659 2076 δέ
1691 2025 1742 2075 ἔν
1779 2031 2099 2076 Κωνσταντι·

544 2110 774 2168 νουπόλει
815 2123 904 2170 τήν
953 2111 1256 2165 Μακεδονίου
1300 2113 1645 2169 ἀσεϐεστάτην
1692 2113 1881 2185 αἵρεσιν
1923 2109 2104 2182 ὁμοίως

547 2203 894 2272 ἀνεθεμάτισεν
915 2220 926 2231 ·
961 2202 1065 2255 ἀλλ’
1093 2200 1227 2273 ὅμως
1261 2203 1291 2258 ἡ
1332 2201 1450 2272 ἀγία
1477 2207 1565 2256 τοῦ
1596 2207 1715 2254 Θεοῦ
1760 2200 1992 2255 ἐκκλησία
2026 2203 2108 2252 καὶ

550 2294 677 2362 μετά
703 2293 912 2348 θάνατον
931 2289 1139 2369 Ἀρειον,
1170 2295 1248 2344 καί
1276 2291 1567 2346 Μακεδόνων
1595 2292 1837 2363 ὀνομαστὶ
1865 2292 2110 2362 ἀναθεμα-

549 2389 692 2449 τίζει.
723 2383 805 2438 Ἐκ
839 2385 1026 2438 πολλῶν
1070 2383 1122 2438 δὲ
1163 2390 1259 2439 τῶν
1310 2382 1605 2446 ἀποδείξεων
1659 2381 1995 2454 ἐλεγχόμενοι,
2043 2385 2110 2442 ὡς

553 2478 797 2533 ἀσεϐοῦσι
825 2475 1050 2537 διακενῆς
1079 2477 1122 2529 οἱ
1150 2475 1409 2552 Θεοδώρου
1451 2480 1532 2530 καί
1559 2485 1648 2538 τῆς
1678 2477 1911 2539 ἀσεϐείας
1948 2479 2109 2534 αὐτοῦ

554 2568 970 2638 ἀντιποιούμενοι,
1024 2567 1094 2640 ἐφ’
1122 2567 1294 2643 ἑτέραν
1333 2570 1544 2640 ματαίαν
1587 2571 1829 2644 πρόφασιν
1865 2572 2113 2641 καταφεύ-

553 2678 703 2731 γουσι
729 2659 972 2732 λῖγοντες.
997 2665 1065 2730 μή
1092 2660 1192 2716 δεῖν
1221 2663 1374 2717 αὑτὸν
1403 2664 1849 2729 ἀναθεματισθῆναι
1875 2660 1958 2717 διὰ
1985 2663 2041 2716 τὸ
2064 2664 2114 2716 ἐν

556 2760 618 2825 τῇ
646 2755 871 2826 κοινωνίᾳ
899 2761 998 2808 τῶν
1027 2754 1298 2809 ἐκκλησιῶν
1324 2755 1742 2811 τετελευτηκέναι.
1769 2750 1905 2807 Ἐδει
1938 2752 1991 2808 δὲ
2021 2757 2115 2806 αὖ-

557 2846 676 2903 τούς
704 2843 895 2902 εἰδέναι.
945 2847 1012 2905 ὧς
1053 2846 1228 2899 ἐκεῖνοι
1265 2845 1561 2900 τελευτῶσιν
1599 2847 1648 2898 έν
1675 2853 1736 2919 τῇ
1764 2847 1991 2918 κοινωνίᾳ
2018 2852 2115 2898 τῶν

559 2932 845 2997 {aculeatam
872 2935 918 2987 οἰ
954 2937 1010 2988 τό
1035 2936 1193 2989 κοινόν
1215 2942 1305 2994 τῆς
1347 2934 1603 2994 εὐσεϐείας
1631 2933 1795 3006 δόγμα
1822 2935 1879 2988 τό
1919 2935 2002 2987 ἰπί
2026 2943 2116 2994 τῆς

557 3022 812 3083 καθολκῆς
855 3024 1116 3084 ἐκκλησίας
1162 3024 1523 3098 κηρυττόμενον
1569 3026 1731 3096 μέχρι
1767 3024 1938 3083 τέλους
1965 3024 2117 3095 φυλα-

557 3114 776 3182 ξάμενοι.
806 3111 968 3176 Οὗτος
1001 3113 1055 3169 δέ
1096 3124 1158 3189 τῇ
1186 3117 1335 3189 οἰκείᾳ
1377 3117 1727 3175 ἔντελευτήσας
1767 3116 1976 3190 ἀσεϐείᾳ
2014 3118 2116 3171 ἀπὸ

559 3207 729 3265 πάσης
757 3207 1013 3268 έκκλησίας
1042 3207 1286 3270 ἐξεϐλήθη.
1317 3205 1503 3280 ’Δμέλει
1529 3229 1612 3260 τοι
1646 3211 1731 3260 καὶ
1767 3214 1870 3261 πᾶν
1896 3209 1953 3262 τὸ
1994 3207 2119 3266 πλή-

2184 721 2374 788 qnibus
2393 720 2436 772 si
2465 719 2684 772 credere
2713 716 2982 770 noluerint
3010 724 3067 768 ut
3097 715 3330 768 haeretici
3361 716 3477 781 ejus
3496 713 3780 767 defenso-

2184 828 2290 876 res,
2321 811 2408 864 vel
2433 809 2606 878 impiae
2635 808 2891 876 epistolze,
2939 822 3098 876 quam
3129 807 3228 874 ipsi
3270 804 3592 867 defendunt,
3624 818 3777 858 cre-

2187 903 2333 956 dant.
2398 899 2528 965 Quae
2567 899 2693 952 licet
2733 897 3070 951 Theodorum
3125 896 3426 956 collaudat,
3467 892 3780 949 manifeste

2189 999 2366 1042 tamen
2393 985 2540 1049 dicit,
2571 984 2714 1053 quod
2743 985 2795 1037 in
2823 983 3058 1038 Ecclesia
3085 997 3116 1036 a
3136 982 3334 1038 sanctis
3359 981 3602 1036 Patribus
3621 997 3778 1035 ana—

2189 1076 2562 1130 thematizatus
2590 1081 2701 1137 est,
2747 1081 2804 1127 et
2831 1088 2901 1127 ex
2941 1072 3032 1126 illo
3057 1072 3283 1140 plurima
3313 1070 3585 1139 inquisitio
3613 1072 3778 1126 facta

2191 1173 2272 1219 est
2298 1165 2364 1218 de
2391 1163 2505 1232 ejus
2531 1161 2868 1229 conscriptis,
2892 1167 2951 1214 ut
2977 1167 3105 1228 pote
3125 1160 3298 1228 plenis
3322 1159 3613 1228 impietate.
3639 1159 3779 1214 Hoc

2191 1261 2370 1308 autem
2402 1261 2528 1306 tunc
2553 1251 2816 1305 faciebant
2859 1249 3141 1303 catholica:
3187 1247 3441 1302 Ecclesiae
3485 1249 3777 1309 doctores,

2193 1357 2261 1396 ne
2289 1341 2639 1410 simpliciores
2686 1338 2923 1406 legentes
2965 1337 3107 1391 illius
3151 1336 3310 1405 impia
3337 1338 3635 1406 conscripta
3659 1377 3674 1401 ,
3731 1352 3777 1390 a

2195 1440 2340 1487 recta
2369 1430 2470 1485 ﬁde
2495 1429 2844 1484 declinarent.
2893 1426 3046 1494 Quod
3070 1435 3248 1480 autem
3277 1427 3454 1496 impii,
3501 1427 3626 1482 licet
3646 1443 3777 1482 non

2197 1524 2248 1576 in
2273 1523 2380 1575 vita
2410 1523 2464 1574 in
2491 1535 2642 1574 suam
2670 1533 2958 1588 personam
2987 1517 3270 1571 anathema
3298 1518 3646 1586 susceperint,
3674 1527 3778 1571 ta-

2198 1627 2320 1667 men
2355 1619 2409 1666 et
2460 1617 2579 1679 post
2626 1616 2851 1662 mortem
2893 1605 3412 1660 anathematizentur
3437 1620 3466 1659 a
3496 1605 3775 1661 catholica

2199 1701 2434 1756 Ecclesia
2453 1741 2468 1766 ,
2498 1698 2796 1754 ostenditur
2824 1711 2854 1749 a
2882 1695 3080 1750 sanctis
3107 1695 3343 1765 synodis.
3375 1695 3588 1749 Nicmna
3615 1697 3774 1749 enim

2199 1789 2432 1860 synodus
2459 1803 2554 1842 eos
2576 1787 2668 1854 qui
2703 1785 2850 1854 impii
2896 1783 3156 1856 [impiam]
3185 1783 3296 1837 Arii
3326 1793 3527 1838 sectam
3555 1784 3774 1851 colunt,

2200 1880 2317 1934 sine
2341 1879 2554 1932 nomine
2583 1873 3066 1929 anathematizavit.
3099 1871 3228 1938 Quze
3256 1879 3434 1925 autem
3461 1870 3780 1927 Constanti—

2130 1977 2177 2036 B
2204 1967 2385 2036 nopoli
2413 1972 2732 2034 congregata
2755 1971 2868 2026 est,
2917 1962 3132 2031 impiam
3180 1961 3476 2016 Macedonii
3522 1961 3773 2015 hmresim

2201 2057 2448 2112 similiter
2469 2052 2869 2116 condemnavit;
2892 2052 2986 2106 sed
3017 2059 3190 2105 tamen
3211 2059 3392 2106 sancta
3421 2051 3513 2104 Dei
3531 2050 3774 2106 Ecclesia

2203 2157 2258 2204 et
2284 2156 2405 2218 post
2446 2155 2672 2200 mortem
2707 2144 2888 2198 Arium
2934 2153 2989 2197 et
3031 2142 3400 2197 Macedonium
3449 2144 3773 2196 nominatim

2205 2235 2638 2292 anathematizat.
2683 2233 2816 2288 Cum
2845 2243 3020 2286 autem
3051 2247 3117 2286 ex
3146 2232 3325 2286 multis
3366 2233 3780 2304 probationibus

2207 2327 2622 2390 convincuntur,
2677 2323 2820 2392 quod
2848 2338 3176 2391 supervacue
3204 2331 3258 2376 et
3287 2323 3449 2390 impie
3489 2332 3652 2390 agunt
3677 2329 3777 2391 qui

2194 2409 2548 2473 "l‘heodorum
2592 2423 2648 2468 ct
2672 2415 2998 2486 impietatem
3021 2413 3135 2483 ejus
3165 2411 3475 2476 defendunt,
3515 2414 3580 2468 ad
3611 2414 3775 2468 aliam

2209 2527 2400 2564 vanam
2437 2510 2776 2565 occasionem
2820 2508 3156 2576 confugiunt,
3211 2507 3451 2561 dicentes
3477 2523 3586 2561 non
3612 2522 3778 2576 opor-

2211 2611 2325 2656 tere
2351 2615 2473 2654 eum
2499 2598 2940 2654 anathematizari
2961 2613 3026 2652 eo
3046 2597 3188 2667 quod
3211 2598 3260 2650 in
3283 2597 3775 2651 communicatione

2215 2689 2570 2745 Ecclesiarum
2598 2695 2841 2743 mortuus
2865 2695 2964 2742 est.
2989 2686 3282 2756 Oportebat
3307 2695 3483 2740 autem
3512 2688 3653 2740 scire
3680 2701 3778 2742 eos

2212 2779 2354 2849 quod
2399 2779 2474 2833 illi
2524 2779 2822 2833 moriuntur
2871 2778 2922 2831 in
2973 2777 3456 2832 communicatione
3505 2775 3773 2831 Ecclesia-

2213 2886 2349 2934 rum,
2378 2869 2469 2938 qui
2492 2883 2776 2924 commune
2802 2867 3019 2936 pietatis
3045 2867 3256 2933 dogma,
3301 2866 3447 2936 quod
3475 2868 3528 2922 in
3559 2868 3773 2922 univer-

2215 2957 2560 3013 saliEcclesia
2583 2957 2917 3026 praedicatur,
2947 2971 3112 3026 usque
3137 2956 3204 3011 ad
3225 2955 3380 3011 linem
3408 2967 3777 3012 servaverunt.

2216 3046 2322 3103 Iste
2390 3056 2569 3103 autem
2617 3061 2787 3117 usque
2833 3046 2901 3100 ad
2951 3055 3179 3102 mortem
3224 3047 3277 3102 in
3313 3062 3409 3102 sua
3460 3061 3782 3117 permanens

2217 3138 2508 3207 impietate,
2555 3137 2624 3192 ab
2667 3137 2810 3192 omni
2854 3135 3088 3192 Ecclesia
3124 3136 3327 3204 ejectus
3364 3144 3464 3192 est.
3516 3137 3699 3206 itaque
3723 3148 3784 3192 et

2220 3230 2392 3284 omnis
2455 3228 2727 3298 plenitudo
2771 3227 3155 3296 Mopsuestena:
3209 3227 3489 3290 Ecclesiae,
3569 3229 3622 3282 in
3675 3244 3782 3298 qua

559 3315 706 3369 ρωμα
731 3303 820 3357 τῆς
846 3297 896 3350 ἰν
919 3296 1236 3369 Μοψουεστίᾳ
1263 3297 1542 3362 ἐκκλησίας,
1577 3299 1624 3349 ἐν
1706 3297 1898 3370 λέγεται
1919 3298 2116 3352 ἐπίσκο-

2222 3295 2501 3389 episcopus
2527 3318 2720 3373 dicitur
2760 3295 2924 3371 fuisse
2968 3318 3227 3389 [propter
3277 3318 3627 3386 blasphemias
3651 3359 3667 3386 ,
3690 3295 3783 3372 _ob

561 3409 657 3449 πος
684 3390 993 3460 γεγενῆσθαι,
1019 3387 1101 3443 διά
1140 3391 1229 3450 τὰς
1257 3389 1593 3460 βλασφημίας,
1625 3388 1688 3443 δι’
1725 3389 1891 3464 ἇσπερ
1916 3386 2119 3448 ἐλλησί

562 3501 646 3542 τε,
675 3483 760 3534 καὶ
784 3479 1069 3542 Ἰουδαίοις,
1112 3483 1194 3533 καί
1224 3478 1508 3548 Σοδομίταις
1534 3483 1676 3540 παρά
1704 3488 1803 3535 τῶν
1844 3480 1996 3553 ἀγίων
2020 3503 2120 3536 πα-

561 3571 718 3644 τέρων
744 3572 1099 3644 συνηριθμήθη,
1142 3569 1420 3643 ἀπήλειψαν
1448 3572 1496 3636 ἐξ
1524 3573 1703 3626 ἐκείνου
1729 3579 1828 3627 τῶν
1857 3573 1998 3648 ἱερῶν
2031 3582 2122 3633 τῆς

563 3656 822 3719 ἐκκλησίας
873 3656 1141 3729 διπτύχων
1192 3663 1279 3716 τήν
1321 3660 1501 3713 τούτου
1540 3663 1906 3736 προσηγορίαν,
1949 3662 2016 3720 ὡς
2054 3662 2123 3716 τά

563 3753 679 3824 περὶ
704 3752 882 3805 τούτου
925 3754 1191 3806 συστάντα
1217 3753 1347 3806 κατά
1391 3757 1480 3810 την
1510 3753 1666 3810 αὐτὴν
1704 3753 1845 3806 πόλιν
1881 3754 2021 3826 παρά
2061 3761 2122 3828 τῇ

567 3838 758 3911 συνόδῳ
781 3849 870 3901 τῆς
895 3841 1152 3916 ἐπαρχίας
1175 3845 1508 3910 ὑπομνήματα
1533 3840 1768 3897 δείκνυσι.
1793 3844 2123 3912 Θαυμάζομεν

566 3934 730 3986 τοίνυν
767 3934 892 3991 τοὺς
920 3929 1228 3992 ἰκδικοῦντας
1264 3931 1540 4006 Θεόδωρον,
1587 3934 1947 4000 οἰκειουμένους
1971 3933 2124 3987 αὐτόν

565 4043 619 4077 τε
645 4025 726 4075 καί
749 4028 838 4080 τήν
865 4025 1024 4075 αὺτοῦ
1052 4023 1303 4089 ἀσέϐειαν,
1335 4021 1459 4077 ὅπου
1486 4044 1541 4096 γε
1572 4026 1601 4082 ἡ
1631 4025 1880 4090 ἐκκλησία,
1913 4026 1960 4078 ἓν
2051 4027 2128 4097 γέο

571 4131 702 4181 ;εον;ν
743 4112 1034 4174 ἐπίσκοπος,
1066 4113 1132 4170 ὡς
1175 4113 1416 4185 αἱρετικὸν
1444 4113 1495 4164 ἐκ
1548 4113 1737 4166 πολλῶν
1785 4121 1884 4166 τῶν
1929 4112 2128 4188 χρόνων

566 4202 716 4254 αὐτόν
739 4201 1031 4255 ἀπεϐάλετο.
1051 4199 1164 4258 Ὀτι
1184 4201 1235 4257 δέ
1261 4205 1340 4256 ἐπί
1363 4206 1652 4279 κατακρίσει
1676 4208 1827 4278 οἰκείᾳ
1848 4211 1935 4262 τήν
1957 4209 2128 4260 τοιαύ-

568 4315 656 4350 την
696 4293 1059 4365 προϐάλλονται
1101 4295 1352 4367 πρόφασιν
1389 4296 1431 4348 οἰ
1481 4295 1736 4366 Θεόδωρον
1781 4295 2089 4357 ἐκδικοῦντες
2113 4340 2126 4364 ,

569 4380 734 4444 ἔξεστι
767 4391 948 4454 γνῶναι
971 4386 1051 4435 καί
1089 4384 1139 4444 ἐξ
1161 4385 1310 4437 αὐτοῦ
1340 4390 1430 4436 τοῦ
1454 4385 1537 4438 ἐπὶ
1563 4382 1728 4438 Ἰούδα
1756 4387 2016 4456 γενομένου
2045 4408 2131 4457 φο-

571 4473 660 4546 ϐερ
690 4479 719 4525 ῦ
757 4475 1011 4546 κρίματος.
1040 4472 1242 4533 Ἐκεῖνος
1269 4476 1367 4546 γὰρ
1393 4477 1604 4544 νομίσας
1643 4477 1888 4531 λανθάνειν
1937 4478 2023 4531 τὸν
2063 4481 2132 4534 τά

571 4562 770 4636 κρυπτά
797 4570 894 4616 τῶν
921 4563 1193 4638 ἀνθρώπων
1219 4565 1543 4635 γινώσκοντα,
1571 4567 1856 4623 έκοινώνησε
1883 4575 1980 4621 τῶν
2006 4590 2132 4639 μυσ-

2218 3423 2352 3478 quas
2392 3405 2642 3477 paganis]
2688 3420 2808 3461 cum
2838 3407 3124 3461 invenisset
3149 3407 3291 3474 quod
3333 3408 3554 3476 paganis
3599 3415 3654 3463 et
3683 3406 3782 3461 Ju-

2220 3498 2349 3552 daeis
2393 3504 2448 3552 et
2490 3495 2851 3551 Sodomitanis
2887 3511 2918 3549 a
2947 3497 3148 3550 sanctis
3200 3494 3441 3550 Patribus
3485 3511 3782 3552 connume-

2220 3595 2369 3642 ratus
2413 3593 2494 3640 est
2517 3627 2533 3653 ,
2583 3584 2897 3640 deleverunt
2943 3585 3040 3656 ipsi
3086 3600 3153 3638 ex
3203 3585 3294 3638 illo
3341 3600 3371 3639 a
3407 3587 3574 3641 sacris
3607 3585 3789 3641 Eccle~

2221 3678 2314 3731 site
2342 3675 2603 3745 diptychis
2631 3676 2746 3743 ejus
2775 3689 2997 3740 nomen,
3033 3675 3172 3730 sicut
3209 3684 3357 3742 gesta
3385 3676 3452 3730 de
3475 3677 3582 3731 hoc
3610 3677 3663 3730 in
3692 3691 3785 3730 ea-

2221 3767 2344 3822 dem
2370 3767 2586 3821 civitate
2612 3767 2752 3835 apud
2779 3765 3060 3821 concilium
3091 3767 3460 3836 episcoporum
3489 3768 3631 3823 illius
3656 3783 3787 3837 pro-

2222 3858 2412 3912 vinciae
2445 3856 2686 3912 confecta
2716 3857 3020 3912 ostendunt.
3055 3856 3308 3911 Miramur
3334 3859 3492 3924 igitur
3518 3857 3790 3913 Theodori

2225 3961 2500 4014 sequaces,
2530 3946 2619 4014 qui
2641 3960 2761 4000 eum
2791 3953 2845 3998 et
2875 3945 3198 4014 impietatem
3227 3946 3341 4012 ejus
3367 3954 3616 4014 tanquam
3636 3961 3792 4000 suam

2228 4033 2550 4099 defendunt,
2581 4050 2700 4088 cum
2740 4033 2974 4089 Ecclesia
2995 4075 3008 4098 ,
3043 4035 3096 4088 iu
3125 4050 3229 4102 qua
3269 4035 3366 4088 fuit
3401 4037 3701 4104 episcopus,
3734 4044 3796 4089 ut

2229 4133 2353 4194 pote
2382 4125 2689 4178 hmreticum
2718 4140 2784 4179 ex
2816 4125 2996 4179 multis
3027 4125 3354 4193 temporibus
3399 4138 3519 4178 eum
3548 4123 3792 4190 ejecerit.

2230 4214 2381 4280 Quod
2402 4223 2578 4267 autem
2606 4214 2670 4266 ad
2699 4214 3197 4270 condemnationem
3214 4232 3362 4270 suam
3386 4217 3541 4270 talem
3561 4217 3798 4271 occasio-

2231 4320 2350 4358 nem
2399 4303 2759 4375 [przetextum]
2805 4313 3110 4373 proponunt
3145 4303 3455 4360 defensores
3499 4303 3796 4369 Theodori,

2230 4394 2367 4448 scire
2397 4394 2521 4447 licet
2543 4401 2597 4446 et
2625 4408 2690 4446 ex
2712 4392 2826 4462 ipso
2849 4393 3104 4448 adversus
3127 4391 3318 4446 Judam
3349 4389 3487 4445 facto
3515 4391 3798 4446 tremendo

2227 4481 2447 4551 judicio.
2481 4481 2572 4535 llle
2602 4483 2740 4534 enim
2779 4497 2899 4536 cum
2929 4489 3166 4550 putasset
3197 4481 3360 4534 latere
3405 4495 3526 4534 eum
3567 4480 3659 4548 qui
3699 4494 3796 4534 oc-

2232 4571 2374 4625 culta
2396 4571 2670 4624 hominum
2693 4570 2990 4636 cognoscit,
3018 4568 3364 4624 sacramentis
3388 4567 3800 4623 communicavit

572 4655 754 4729 τηρίων
783 4661 892 4714 τοῖς
934 4653 1244 4717 ἀποστόλοις,
1277 4653 1381 4708 ἀλλ’
1417 4651 1556 4721 ὅμως
1593 4654 1728 4710 οὐδὲν
1762 4657 1910 4710 αύτόν
1950 4656 2116 4718 ὤνησε,

2235 4675 2353 4715 cum
2383 4661 2637 4729 apostolis
2669 4678 2682 4712 :
2715 4659 2808 4714 sed
2839 4668 3016 4714 tamen
3042 4660 3172 4713 nihil
3203 4659 3252 4713 ei
3283 4658 3480 4728 profuit
3506 4658 3648 4726 quod
3674 4673 3797 4712 cum

574 4749 654 4800 καί
683 4749 712 4802 ἡ
737 4746 864 4815 μετά
891 4745 1202 4820 ὑποκρίσεως
1231 4748 1475 4798 κοινωνία.
1506 4742 1644 4798 Ἀλλά
1672 4743 1781 4798 οὐδέ
1809 4749 1892 4798 καί
1920 4747 1977 4800 τό
2005 4749 2134 4817 μετά

572 4837 782 4890 θάνατον
823 4835 975 4890 αὐτοῦ
1021 4832 1209 4889 δώδεκα
1254 4834 1586 4903 ὀνομασθῆναι
1627 4836 1746 4893 τοὺς
1780 4835 2026 4903 μαθητάς,
2068 4836 2135 4894 ὥς

576 4945 719 4996 φησιν
738 4924 958 4984 Ἰωάννης
975 4921 1357 4994 όεύαγγελιστὴς
1371 4923 1544 4994 λέγων,
1559 4940 1577 4972 t
1597 4928 1783 4994 Θωμᾶς
1811 4922 1861 4977 δέ
1881 4923 1906 4978 ό
1933 4920 2134 4996 λεγόμε-

574 5037 652 5075 νος
697 5013 926 5085 Δίδυμος,
979 5011 1047 5074 εἷς
1092 5021 1191 5068 τῶν
1229 5013 1439 5078 δώδεκα,
1471 5016 1560 5067 ούκ
1599 5013 1654 5073 ἦν
1690 5017 1797 5085 μετ’
1841 5019 2022 5081 αὐτῶν,
2052 5017 2132 5072 ὅτε

577 5103 716 5163 ἦλθεν
737 5104 762 5158 ὃ
783 5102 972 5163 Ἰησοῦς
988 5143 1002 5164 ,
1029 5121 1046 5153 ι
1077 5102 1106 5160 ἦ
1135 5104 1319 5177 ἐξαίρει
1335 5103 1420 5156 τὸν
1441 5100 1628 5156 Ἰούδαν
1652 5112 1742 5163 τῆς
1771 5109 2130 5180 κατακρίσεως,

576 5193 606 5251 ἢ
635 5194 1044 5265 συναριθμεῖσθαι
1071 5199 1202 5244 ποιεῖ
1225 5201 1326 5250 το’ς
1354 5193 1672 5252 ἀποστόλοις.
1695 5192 1877 5265 ’Δμέλει
1903 5217 1979 5250 τοι
2007 5199 2134 5266 μετά

577 5290 665 5341 τήν
687 5288 778 5337 τοῦ
817 5288 991 5356 κυρίου
1031 5282 1268 5352 ἀνάληψιν
1311 5284 1356 5336 οἱ
1384 5284 1653 5338 ἀπόστολοι
1677 5284 1740 5340 δι’
1764 5289 1946 5348 οἰκείας
1971 5288 2135 5359 ψήφου

579 5374 661 5425 τὸν
708 5373 852 5425 αὐτὸν
891 5369 1075 5424 Ἰούδαν
1120 5374 1202 5425 καί
1245 5373 1373 5442 μετὰ
1415 5375 1618 5427 θάνατον
1659 5375 2006 5439 κατεδίκασαν,
2054 5383 2139 5432 κειί

579 5463 744 5534 ἕτερον
772 5462 1146 5532 ἀντεισηγαγον.
1178 5460 1290 5514 ’Ὁτι
1317 5459 1369 5515 δέ
1398 5465 1613 5532 ματαίαν
1652 5465 1898 5541 πρόφασιν
1922 5467 2138 5542 προϐάλ-

579 5554 745 5605 λονται
793 5552 1028 5623 λέγοντες,
1060 5556 1128 5622 μὴ
1174 5550 1275 5605 δεῖν
1320 5555 1436 5612 τούς
1484 5552 1818 5614 τελευτῶντας
1861 5556 2140 5630 αίρετικούς

581 5641 1042 5712 ἀναθεματίζεσθαι,
1067 5643 1150 5693 καὶ
1177 5640 1226 5703 ἐξ
1249 5641 1407 5694 αὐτῶν
1429 5647 1528 5696 τῶν
1559 5649 1648 5695 τοῦ
1689 5647 1868 5716 κυρίου
1907 5644 2140 5718 ῥημάτων

585 5730 924 5801 ἀποδείξομεν.
952 5733 1077 5790 Τούς
1105 5733 1201 5806 γάρ
1231 5730 1431 5791 ἀσεϐεῖς
1468 5733 1546 5785 καί
1587 5730 1662 5787 ἔτι
1708 5738 1898 5797 ζῶντας
1941 5739 2138 5810 νεκρούς

586 5825 809 5894 ὀνομάζει
831 5824 999 5895 λέγων’
1023 5840 1040 5872 t
1060 5821 1204 5894 ’Λφες
1223 5825 1342 5882 τούς
1358 5825 1558 5895 νεκρούς
1578 5823 1734 5894 ϐάψαι
1750 5828 1869 5885 τούς
1886 5828 2047 5880 αἰτῶν
2065 5848 2138 5880 νεο

588 5917 754 5990 κρούς¹
779 5931 795 5964 t
823 5916 993 5988 ῶσπερ
1015 5909 1099 5968 οὖν
1115 5915 1195 5967 καί
1217 5911 1336 5971 τοὺς
1357 5909 1577 5976 δικαίους
1599 5914 1994 5976 τελευτήσαντας
2017 5921 2137 5980 ζῶν-

2233 4748 2356 4801 dolo
2383 4747 2812 4801 communicavit.
2843 4748 2951 4802 Sed
2980 4748 3106 4803 licet
3135 4754 3257 4816 post
3283 4757 3510 4801 mortem
3531 4746 3645 4814 ejus
3665 4746 3801 4801 duo-

2233 4837 2407 4891 decim
2432 4838 2687 4891 nominati
2713 4839 2818 4892 sint
2841 4838 3116 4906 discipuli,
3146 4837 3281 4892 sicut
3307 4835 3540 4890 Joannes
3563 4851 3798 4904 evange-

2235 4927 2353 4980 lista
2376 4927 2503 4980 dicit
2534 4944 2546 4978 :
2579 4925 2799 4979 Thomas
2829 4936 3032 4990 autent,
3078 4927 3162 4997 qui
3211 4924 3462 4995 Didymus
3503 4923 3811 4988 dicebatur,

2232 5033 2362 5069 unus
2392 5032 2455 5068 ea:
2485 5016 2780 5078 duodecim,
2826 5032 2928 5068 non
2968 5023 3078 5067 erat
3106 5031 3218 5067 cum
3256 5015 3381 5084 ipsis
3427 5014 3631 5084 quando
3663 5014 3802 5067 venit

2233 5106 2383 5159 Iesus
2415 5106 2434 5176 (
2451 5105 2608 5158 Joan.
2641 5105 2752 5174 xx)
2787 5123 2798 5157 :
2836 5113 3011 5158 tamen
3041 5105 3144 5158 hoc
3174 5119 3279 5157 non
3309 5103 3499 5156 liberat
3534 5100 3727 5156 Judam
3767 5117 3801 5156 a

2237 5196 2698 5260 condemnatione,
2713 5203 2804 5249 aut
2819 5195 3192 5250 connumerari
3204 5193 3330 5247 facit
3349 5192 3624 5261 apostolis.
3645 5189 3803 5246 Unde

2238 5295 2358 5355 post
2382 5285 2746 5338 ascensionem
2779 5283 3008 5348 Domini,
3036 5281 3262 5351 apostoli
3293 5295 3388 5349 per
3416 5294 3565 5334 suam
3591 5287 3804 5333 senten-

2239 5376 2364 5427 tiam
2388 5372 2634 5426 eumdem
2663 5372 2850 5425 Judam
2889 5373 3049 5425 etiam
3079 5379 3200 5440 post
3228 5377 3454 5423 mortem
3484 5368 3802 5422 condemna—

2239 5473 2447 5528 verunt,
2470 5471 2526 5517 et
2545 5464 2704 5516 alium
2725 5478 2822 5532 pro
2844 5463 2932 5516 illo
2961 5461 3366 5517 introduxerunt
3387 5458 3520 5530 (Act.
3555 5457 3613 5524 I).
3646 5457 3799 5522 Quod

2241 5562 2416 5607 autem
2441 5568 2633 5607 vanam
2656 5554 2990 5608 occasionem
3035 5559 3355 5621 proponunt,
3406 5549 3646 5604 dicentes
3691 5561 3799 5600 ncn

2239 5653 2490 5714 oportere
2531 5645 2812 5699 haereticos
2841 5652 3081 5698 mortuos
3121 5639 3586 5718 anathematizari,
3633 5647 3689 5694 et
3731 5654 3800 5694 ex

2243 5733 2369 5802 ipsis
2397 5734 2604 5789 Domini
2632 5735 2807 5790 verbis
2835 5733 3194 5789 ostendemus.
3236 5731 3430 5804 lmpios
3459 5731 3598 5785 enim
3627 5739 3682 5784 et
3707 5729 3802 5783 ad-

2242 5827 2344 5880 huc
2375 5827 2539 5891 vivos,
2556 5836 2793 5882 mortuos
2819 5826 3078 5890 nominat,
3106 5824 3317 5878 dicens:
3345 5822 3552 5876 Dimitte
3575 5832 3799 5875 mortuos

2239 5916 2456 5984 sepelire
2476 5924 2698 5970 mortuos
2719 5932 2835 5970 suos
2861 5915 3067 5986 (Matth.
3096 5911 3207 5984 vm)
3229 5930 3240 5965 :
3265 5914 3401 5968 sicut
3422 5912 3597 5982 justos
3616 5919 3668 5965 et
3685 5909 3798 5979 jam
