4112 6546
329 478 468 540 1029

1386 482 1616 543 LIBER
1658 484 2053 547 ADVERSUS
2091 487 2513 550 ORIGENEM.

3436 496 3572 561 1030

323 633 420 666 τας
466 609 724 663 ἀποκαλεῖ.
761 612 896 681 Λέγει
935 614 1032 685 γάρ
1079 616 1189 683 περ
1235 610 1462 686 Ἀϐραὰμ
1508 610 1769 665 καίῚσαάκ
1811 612 1896 665 καί

2003 608 2302 676 defunctos,
2331 612 2482 667 vivos
2508 615 2764 667 nominat.
2802 615 2937 671 Dicit
2961 619 3101 672 enim
3130 620 3195 675 de
3214 622 3480 681 Abraham
3512 638 3568 682 et

319 700 527 765 ⁸ἱαιώϐ,
567 697 642 755 ὅτι
691 698 716 754 ὁ
756 700 874 759 Θεὸς
914 702 998 754 οὐκ
1053 699 1169 755 ἔστι
1212 709 1415 776 νεκρῶν,
1457 702 1579 756 ἀλλά
1608 705 1821 766 ζώντων.
1848 705 1904 756 Εἰ

323 796 496 844 τοίνυν
520 792 650 845 κατά
689 794 809 850 τοὺς
838 792 1031 845 ἓκείνων
1054 792 1224 863 λόγους
1253 797 1311 845 οὺ
1341 799 1449 865 χρή
1473 796 1593 853 τοὺς
1619 795 1902 870 αἱρετικούς

322 880 665 939 τελευτῶντας
715 881 1198 950 ἀναθεματίζεσθαι,
1258 881 1371 935 οὖδέ
1426 886 1606 946 ζῶντες
1658 885 1899 958 αἱρετικοί

323 970 874 1039 ἆναθεματισθήσονται
900 1010 915 1033 ,
973 968 1061 1031 οὓς
1096 973 1298 1041 νεκροὺς
1341 971 1365 1024 ὁ
1414 973 1587 1045 κύριος
1635 974 1895 1036 ἀποκαλεῖ,

316 1059 406 1116 διὰ
423 1062 477 1117 τὸ
498 1063 1011 1137 ἀποκεχωρισμένους
1025 1058 1165 1118 εἶναι,
1180 1064 1336 1117 αὐτοῦ
1351 1063 1598 1129 εἰπόντος,
1623 1080 1640 1112 t
1658 1060 1777 1135 Ἐγὼ
1800 1065 1900 1134 εἰμι

312 1154 349 1211 ἡ
386 1155 509 1216 ζωήο
532 1171 551 1203 ι
576 1156 654 1205 καί
682 1152 794 1207 κατ’
817 1155 1001 1212 αὐτούς
1027 1153 1196 1207 λοιπὸν
1217 1150 1332 1208 οὔτε
1358 1158 1558 1219 ζῶντες,
1590 1151 1705 1208 οὔτε
1732 1155 1900 1208 τελευ·

320 1252 510 1306 τῶντες
554 1245 793 1319 αἰρετικοί
842 1246 1403 1315 ἀναθεματισθήσονται’
1454 1250 1536 1300 καί
1581 1247 1750 1316 μάτην
1791 1247 1899 1302 κατ’

323 1335 533 1395 ἐκείνους
577 1338 607 1393 ἡ
634 1334 940 1393 ἀποστολική
983 1333 1285 1391 διδασκαλία
1329 1336 1682 1410 παραδέδωκεν
1725 1340 1897 1392 ἀναθε-

321 1428 620 1495 ματίζεσοαι
645 1427 764 1487 τοὺς
805 1424 1173 1499 παραδιδόντας
1201 1427 1321 1502 παρ’
1351 1424 1376 1480 ὃ
1401 1429 1769 1500 παρελάϐομεν·
1800 1431 1900 1501 μά-

320 1538 414 1573 την
442 1516 494 1570 αἰ
534 1516 669 1588 ἅγιαι
699 1515 898 1569 σύνοδοι
922 1519 1043 1576 τούς
1079 1518 1363 1593 αἰρετικούς
1390 1521 1706 1592 κατέκριναν’
1736 1522 1896 1590 μάτην

323 1610 405 1661 καί
433 1607 475 1659 οἱ
500 1605 631 1661 ἄλλοι
661 1606 794 1678 ἅγιοι
818 1608 1035 1681 πατέρες
1058 1611 1143 1661 καί
1183 1607 1475 1664 διδάσκαλοι
1511 1618 1601 1669 τῆς
1637 1611 1898 1671 ίκκλησίας

321 1698 442 1755 τοὺς
469 1698 755 1770 αἱρετικούς
783 1697 1162 1767 ἀνεθεμάτισαν.
1210 1698 1524 1769 Μέμψωνται
1566 1698 1618 1754 δί
1651 1703 1897 1771 καίΊερε-

320 1788 413 1858 μίᾳ
434 1794 506 1858 τῷ
522 1791 748 1859 προφήτῃ
770 1787 979 1858 λέγοντι,
1003 1805 1021 1837 ι
1047 1785 1440 1863 Ἐπικατάρατος
1461 1788 1486 1843 ὁ
1507 1798 1659 1844 ποιῶν
1678 1793 1741 1845 τά
1766 1789 1896 1865 ἔργα

320 1883 409 1931 τοῦ
422 1880 596 1952 κυρίου
617 1880 831 1949 ἀμελῶς⁶
855 1899 872 1932 ι
892 1880 1136 1936 καίΔαυίδ
1154 1890 1225 1954 τῷ
1247 1887 1474 1956 προφήτῃ
1493 1885 1698 1947 εἰπόντι,
1720 1901 1739 1934 ε
1755 1882 1895 1939 Ἐπιο

2004 700 2148 755 Isaac
2176 712 2227 754 et
2255 701 2438 767 Jacob,
2463 705 2605 771 quod
2632 706 2770 761 Deus
2798 724 2903 762 non
2932 720 3013 764 est
3038 710 3177 766 Deus
3206 723 3563 785 mortuorum,

2001 790 2094 844 sed
2124 792 2409 845 viventium
2430 794 2638 864 (Matth.
2656 798 2807 854 χχιι).
2841 797 2895 852 Si
2921 815 3049 869 ergo
3076 805 3364 859 secundum
3394 810 3556 864 verba

2001 881 2211 935 illorum
2236 899 2343 937 non
2379 894 2593 952 oportet
2622 888 2899 944 haereticos
2928 902 3167 948 mortuos
3207 898 3563 954 anathemati-

2001 971 2128 1036 zari,
2153 987 2251 1026 nec
2277 972 2638 1031 vivihtcretici
2669 980 3275 1052 anathematizabuntur,
3303 1003 3439 1055 quos
3461 990 3565 1044 Do-

2000 1062 2174 1117 minus
2204 1074 2444 1119 mortuos
2473 1077 2647 1133 vocat,
2673 1070 2796 1137 quia
2825 1075 3057 1141 separati
3083 1086 3206 1129 sunt
3235 1080 3300 1132 ab
3332 1080 3446 1149 ipso
3474 1085 3562 1151 qui

1999 1151 2133 1206 dixit
2161 1172 2171 1205 :
2205 1152 2316 1225 Ego
2347 1172 2458 1209 sum
2500 1159 2601 1211 vita
2631 1159 2819 1231 (Joan.
2848 1180 2902 1216 xl
2929 1173 2978 1217 et
3004 1165 3145 1236 xlv),
3194 1176 3248 1221 et
3276 1172 3562 1228 secundum

1999 1257 2093 1296 eos
2117 1242 2225 1310 jam
2256 1260 2354 1298 nec
2375 1246 2501 1309 vivi,
2533 1262 2632 1301 nec
2656 1251 2851 1303 mortui
2881 1251 3115 1307 haeretici
3144 1257 3567 1312 anathematiza—

1997 1334 2222 1398 buntur;
2247 1342 2301 1388 et
2331 1335 2445 1389 sine
2467 1352 2645 1402 causa,
2669 1340 2957 1394 secundum
2987 1342 3129 1409 illos,
3155 1347 3449 1412 apostolica
3477 1347 3546 1401 do

1999 1424 2167 1476 ctrina
2218 1423 2424 1494 (Galat.
2458 1427 2509 1495 1)
2560 1427 2725 1481 tradit
2749 1431 3183 1487 anathematizari
3214 1449 3307 1489 eos
3335 1435 3427 1503 qui
3454 1443 3566 1490 tra-

2000 1513 2135 1568 dunt
2162 1525 2356 1583 praeter
2379 1518 2523 1587 quod
2552 1520 2857 1588 accepimus
2890 1539 2902 1574 :
2937 1523 3052 1576 sine
3077 1538 3235 1577 causa
3261 1534 3457 1580 sanctae
3485 1542 3567 1597 sy-

1997 1604 2124 1657 nodi
2172 1605 2448 1659 haareticos
2478 1608 2999 1675 condemnaverunt,
3032 1612 3147 1667 sine
3186 1631 3345 1669 causa
3392 1624 3447 1669 et
3474 1617 3565 1672 alii

1998 1694 2168 1748 sancti
2195 1692 2381 1750 Patres
2410 1706 2465 1749 et
2484 1697 2734 1753 doctores
2759 1699 3008 1755 Ecclesia:
3038 1703 3318 1759 haereticos
3343 1709 3566 1761 anathe-

1998 1786 2401 1842 matizaverunt.
2436 1788 2713 1858 lnculpent
2741 1800 2921 1846 autem
2948 1802 3000 1847 et
3028 1794 3313 1849 Jeremiam
3344 1798 3565 1867 prophe.

2000 1884 2109 1930 tam
2134 1877 2398 1932 dicentem
2433 1898 2445 1931 :
2474 1878 2841 1935 Exsecrandus
2880 1886 2964 1953 qui
2991 1902 3144 1954 opera
3190 1884 3398 1941 Domini
3442 1891 3568 1958 facit

324 1969 599 2040 κατάρατοι
624 1970 668 2022 οἱ
698 1970 991 2031 ἐκκλίνοντες
1011 1974 1110 2027 ἀπὸ
1130 1980 1228 2027 τῶν
1251 1971 1457 2027 ἐντολῶν
1481 1989 1597 2028 σου·
1620 1992 1639 2025 ι
1668 1980 1751 2029 καί
1775 1997 1891 2030 συν·

1999 1972 2313 2041 negligenter
2334 1971 2464 2040 (Jer.
2501 1974 2683 2041 xum)
2710 1992 2724 2038 ;
2769 1983 2824 2028 et
2850 1975 3013 2028 David
3041 1978 3354 2045 prophetam
3385 1980 3567 2032 dicen—

319 2057 489 2126 τόμως
512 2061 687 2124 εἰπεῖν,
713 2063 853 2133 πάσῃ
878 2070 939 2137 τῇ
972 2065 1076 2137 Θείᾳ
1102 2072 1265 2140 γραφῇ
1295 2065 1554 2136 πολλαχοῦ
1589 2069 1682 2127 τὰς
1724 2071 1896 2122 τοιαύ·

320 2169 415 2208 τας
438 2155 757 2225 κατακρίσεις
777 2154 1035 2224 έπαγούσῃ
1058 2162 1164 2213 τοῖς
1193 2155 1453 2208 ἀσεϐέσιν.
1472 2158 1532 2207 Εἰ
1554 2153 1607 2209 δέ
1630 2156 1676 2210 οἰ
1704 2158 1897 2227 ἀμελῶς

321 2246 579 2300 ποιοῦντες
605 2243 669 2296 τά
713 2241 837 2318 ἔργα
866 2247 1065 2319 κυρίου,
1097 2249 1181 2298 καί
1219 2246 1591 2319 ἁμαρτάνοντες
1638 2251 1757 2321 περὶ
1806 2251 1897 2310 τὰς

323 2331 483 2382 αὺτοῦ
531 2331 751 2395 ἐντολάς,
794 2335 1055 2392 τοιαύταις
1102 2337 1460 2409 κατακρίσεσιν
1508 2336 1895 2402 ὑποϐάλλονται,

323 2419 470 2490 πόσῳ
508 2422 690 2491 μᾶλλον
728 2422 983 2499 Θεόδωρος
1018 2423 1044 2478 ό
1079 2427 1288 2490 ἀσεϐής,
1319 2424 1343 2480 ό
1369 2433 1578 2482 τοιαῦτα
1604 2430 1712 2484 κατ’
1742 2433 1897 2485 αὐτοῦ

323 2518 411 2565 τοῦ
454 2514 669 2585 μεγάλου
715 2522 839 2570 Θεοῦ
886 2520 968 2570 καί
1017 2525 1247 2592 σωτῆρος
1300 2520 1436 2589 ήμῶν
1479 2518 1640 2577 ἰησοῦ
1678 2530 1895 2597 Χριστοῦ

324 2605 716 2677 βλασφημήσας,
756 2605 1059 2681 δικαιότερον
1086 2610 1460 2685 κατακέκριται,
1490 2614 1573 2665 καί
1600 2613 1901 2683 ἀναθεματί-

324 2700 461 2758 ζιται
486 2718 500 2764 ς

396 2879 484 2930 Ital
509 2877 645 2952 ἤρκει
665 2881 754 2949 μὲν
774 2887 939 2933 ταῦτα
962 2880 1089 2954 πρὸς
1114 2887 1233 2939 ταῖς
1260 2882 1649 2957 παρατεθείσαις
1665 2884 1895 2957 ἀνωτέρω

324 2987 401 3030 τε,
417 2971 497 3021 καί
519 2968 565 3020 έν
587 2969 768 3045 ἑτέροις
787 2972 923 3039 ήμῶν
936 2970 1093 3043 λόγοις
1114 2969 1423 3035 ἀποδείξεσι,
1446 2975 1564 3043 περί
1583 2978 1672 3027 τοῦ
1695 2971 1800 3026 δεῖν
1816 2976 1900 3027 καὶ

324 3060 453 3128 μετά
481 3058 712 3116 τελευτήν
736 3062 855 3119 τοὺς
879 3060 1163 3135 αἰρετικούς
1186 3063 1585 3136 κατακρίνεσθαι,
1612 3064 1901 3133 καταισχύ-

324 3168 421 3202 νειν
465 3150 581 3209 τοὺς
616 3148 871 3224 Θεοδώρου
920 3153 1408 3224 μεταποιουμένους,
1456 3155 1536 3206 καὶ
1586 3149 1765 3207 παύειν
1811 3161 1902 3212 τῆς

325 3237 563 3298 τοιαύτης
597 3237 852 3297 ἀσεϐείας.
898 3242 987 3293 Διά
1028 3236 1081 3293 δέ
1119 3241 1178 3293 τὸ
1206 3240 1549 3309 ἔμφιλονείκως
1592 3255 1699 3299 τοῖς
1733 3241 1901 3301 αὐτοῖς

2001 2070 2105 2116 tem
2141 2080 2153 2115 :
2185 2062 2507 2117 Exsecrandi
2536 2066 2622 2135 qui
2650 2065 2909 2118 declinant
2928 2083 2959 2118 a
2986 2069 3243 2122 mandatis
3266 2072 3365 2123 tuis
3393 2069 3562 2139 (Psal.

1996 2154 2180 2223 cxvm)
2203 2171 2218 2218 ;
2245 2164 2301 2209 et
2320 2163 2376 2208 ut
2403 2156 2783 2224 compendiose
2811 2157 3067 2222 dicamus,
3093 2174 3305 2212 omnem
3333 2159 3565 2214 divinam

1997 2242 2328 2313 Scripturam
2376 2246 2429 2298 in
2468 2245 2692 2300 diversis
2736 2246 2868 2301 locis
2916 2247 3048 2301 tales
3091 2249 3567 2305 condemnationes

1998 2337 2174 2406 impiis
2222 2336 2560 2391 inferentem.
2617 2336 2709 2391 Sin
2759 2348 2937 2392 autem
2982 2339 3057 2393 illi
3100 2340 3191 2407 qui
3238 2341 3570 2409 negligenter

1998 2444 2161 2497 opera
2191 2427 2286 2482 Dci
2317 2427 2533 2491 faciunt,
2567 2436 2622 2482 et
2651 2437 2876 2497 peccant
2906 2430 2956 2482 in
2987 2429 3251 2483 mandatis
3279 2430 3424 2499 ejus,
3447 2431 3569 2485 tali-

1997 2518 2096 2572 bus
2143 2517 2677 2572 condemnationibus
2725 2519 3120 2586 subjiciuntur:
3154 2529 3354 2590 quanto
3398 2523 3568 2591 magis

1998 2609 2193 2678 impius
2211 2608 2545 2675 Theodorus,
2573 2609 2660 2678 qui
2686 2609 2809 2662 talia
2831 2610 3086 2665 adversus
3116 2611 3286 2680 ipsum
3315 2628 3565 2682 magnum

1998 2697 2165 2752 Deum
2207 2707 2262 2751 et
2301 2697 2631 2752 Salvatorem
2662 2707 2902 2753 nostrum
2930 2698 3109 2754 Iesum
3149 2700 3417 2756 Christum
3445 2703 3565 2757 bla«

1998 2789 2313 2858 sphemavit,
2328 2788 2470 2856 juste
2491 2788 2881 2844 condemnatus
2893 2798 3038 2844 estet
3052 2793 3567 2847 anathematizatus?

2067 2878 2135 2932 Et
2165 2878 2279 2932 hac
2307 2877 2518 2947 quidem
2547 2876 2898 2943 sufﬁciebant,
2941 2894 3101 2948 super
3130 2878 3416 2951 [superius]
3452 2896 3567 2934 mc-

1999 2976 2239 3023 moratas
2266 2976 2321 3022 et
2349 2969 2467 3022 aliis
2506 2969 2703 3023 nostris
2743 2968 2892 3023 libris
2931 2970 3158 3024 insertas
3200 2971 3566 3040 probationes.

1997 3071 2131 3125 quas
2152 3056 2470 3126 protulimus
2492 3095 2507 3119 ,
2557 3056 2930 3123 ostendentes,
2976 3059 3119 3127 quod
3147 3068 3361 3129 oportet
3404 3062 3566 3115 etiam

1998 3158 2121 3219 post
2146 3157 2375 3203 mortem
2406 3149 2686 3203 haereticos
2711 3149 3087 3215 condemnari,
3118 3150 3445 3206 confundere
3471 3167 3568 3207 eos

1999 3239 2091 3308 qui
2122 3238 2462 3294 Theodorum
2500 3238 2809 3303 defendunt,
2840 3248 2894 3293 et
2930 3254 3271 3308 compescere
3299 3254 3329 3293 a
3352 3240 3444 3293 tali
3466 3241 3567 3294 im-

326 3329 586 3396 ἐπιμένειν.
616 3327 697 3382 καί
723 3329 780 3383 τὸ
804 3327 949 3382 πλέον
975 3330 1178 3405 ἐροῦμεν
1194 3371 1209 3395 ,
1242 3326 1319 3384 ὅτι
1346 3333 1474 3389 τινές
1494 3335 1591 3383 τῶν
1618 3330 1896 3400 συναχθέν-

2002 3329 2219 3398 pietate.
2264 3327 2526 3394 Quoniam
2565 3337 2741 3383 autem
2770 3329 3099 3386 contentiosc
3145 3330 3197 3383 in
3226 3329 3411 3384 iisdem
3441 3344 3566 3400 per-

325 3441 424 3473 των
453 3420 500 3472 έν
524 3427 584 3494 τῇ
612 3421 736 3475 κατά
764 3422 968 3477 Νίκαιαν
1002 3422 1121 3496 ἁγίᾳ
1164 3421 1377 3492 συνόδῳ,
1409 3422 1898 3499 καίέῦπογράψαντες

326 3517 397 3580 τῷ
418 3513 665 3567 ὶκτεθέντι
683 3509 805 3589 παρ’
827 3515 987 3573 αὐτῆς
1014 3510 1134 3587 ὅρῳ,
1156 3513 1266 3571 ἦτοι
1289 3514 1524 3586 συμϐόλῳ
1543 3521 1634 3573 τῆς
1654 3516 1893 3581 πίστεως,

327 3597 499 3658 ἐπειδὴ
526 3600 656 3671 μετά
682 3609 849 3656 ταῦτα
873 3605 1074 3657 ἐναντία
1100 3608 1436 3678 γρονήσαντες
1458 3604 1723 3673 έφάνησαν,
1744 3605 1790 3658 οἰ
1808 3608 1898 3674 μέν

326 3690 528 3754 ζῶντες,
560 3689 605 3741 οί
631 3687 682 3742 δέ
721 3692 850 3760 μετά
874 3688 1083 3744 θάνατον
1123 3691 1579 3761 ἀνεθεματίσθησαν
1614 3694 1761 3767 παρὰ
1798 3705 1898 3747 Δα-

325 3778 491 3845 μάσου
534 3785 621 3833 τοῦ
666 3787 758 3839 τῆς
786 3779 930 3840 όσίας
975 3784 1170 3850 μνήμης
1214 3783 1365 3835 πάπα
1407 3790 1499 3840 τῆς
1541 3783 1898 3857 πρεσϐυτέρας

325 3864 535 3940 Ῥώμης,
566 3873 649 3924 καί
676 3879 767 3929 τῆς
791 3874 842 3924 ἓν
869 3870 1079 3946 Σαρδικῇ
1105 3871 1343 3936 συνόδου,
1374 3874 1501 3927 καθά
1540 3881 1793 3947 μαρτυρεί
1814 3879 1897 3929 καὶ

326 3955 352 4010 ὁ
399 3960 449 4010 ἰν
490 3958 647 4030 ἁγίοις
687 3961 991 4020 ’Δθανάσιος.
1024 3960 1163 4015 Ἀλλά
1202 3966 1288 4016 καί
1331 3964 1361 4020 ή
1400 3964 1447 4015 ἐν
1484 3962 1752 4021 Χαλκηδόνι
1781 3964 1900 4038 ἁγία

329 4046 540 4107 σύνοδος
604 4049 779 4120 Δόμνιν
823 4052 906 4104 τὸν
952 4050 1257 4122 Ἀντιοχείας
1322 4053 1579 4125 γενόμενον
1632 4056 1898 4110 ἐπίσκοπον

326 4140 455 4207 μετά
497 4142 701 4194 Θάνατον
742 4140 1074 4208 κατεδίκασε,
1121 4143 1444 4212 τολμήσαντα
1485 4144 1630 4213 μόνον
1669 4145 1893 4218 γράψαι,

328 4229 427 4283 δεῖν
462 4235 919 4306 πχρασιωπηθῆναι
955 4236 1018 4289 τὰ
1054 4233 1247 4289 δώδεκα
1286 4237 1519 4305 κεφάλαια
1547 4241 1637 4290 τοῦ
1665 4238 1713 4290 έν
1738 4237 1898 4310 ἁγίοις

330 4319 582 4391 ιυρίλλου.

398 4408 590 4468 Ἐπειδὴ
618 4408 670 4464 δέ
694 4412 736 4463 οί
762 4413 1021 4486 Θεοδώρου
1044 4415 1440 4485 ἀντιποιούμενοι
1462 4415 1703 4487 αῗρετικοί
1728 4416 1897 4474 πάσης

329 4503 623 4576 προτάσεως
652 4505 733 4555 καί
775 4502 1116 4575 ἐγχειρήσεως
1145 4502 1519 4561 ἐκπεπτωκίτες
1558 4504 1897 4576 ἰπεχείρησαν

328 4590 477 4659 λέγειν
516 4591 642 4663 πρὸς
685 4593 880 4650 ἀπάτην
920 4601 1019 4648 τῶν
1047 4597 1387 4665 ἀγνοούντων,
1441 4597 1508 4652 ὡς
1552 4593 1577 4646 ὁ
1622 4602 1711 4653 τῆς
1756 4593 1896 4653 ὁσίας

2000 3428 2235 3485 manent,
2252 3420 2413 3473 etiam
2433 3418 2572 3487 quod
2598 3427 2681 3473 est
2702 3419 2927 3488 amplius
2962 3418 3327 3488 dicimus,quia
3350 3420 3564 3489 quidam

2000 3523 2066 3563 ex
2106 3509 2235 3579 ipsis
2275 3509 2366 3577 qui
2405 3508 2457 3561 in
2486 3508 2696 3562 Nicacna
2733 3518 2916 3563 sancta
2944 3510 3149 3579 synodo
3178 3519 3565 3576 convenerunt,

2000 3607 2056 3652 et
2079 3598 2334 3667 expositas
2355 3598 2422 3651 ab
2463 3612 2527 3651 ea
2569 3597 2690 3652 lidei
2718 3597 3015 3652 deﬁnitioni
3061 3600 3145 3653 vel
3173 3600 3412 3670 symbolo
3439 3604 3559 3657 sub.

2000 3691 2344 3759 scripserunt,
2363 3689 2613 3757 quoniam
2627 3698 2811 3758 postea
2830 3691 3095 3744 contraria
3121 3691 3389 3759 sapientes
3401 3705 3567 3761 appa-

2000 3788 2239 3844 ruerunt,
2266 3780 2581 3848 aliiquidem
2603 3780 2725 3842 vivi,
2743 3778 2830 3832 alii
2853 3787 3031 3832 autem
3046 3787 3167 3848 post
3188 3788 3413 3833 mortem
3436 3794 3566 3833 ana-

2002 3869 2330 3926 thematizati
2351 3878 2474 3923 sunt
2487 3884 2516 3922 a
2539 3869 2767 3921 Damaso
2779 3877 2973 3922 sancta:
2996 3869 3265 3921 memoriae
3279 3883 3413 3937 papa
3426 3876 3562 3922 anti-

1999 3961 2201 4030 qnioris
2215 3960 2475 4022 Romae,et
2487 3960 2552 4012 ab
2567 3958 2853 4012 universali
2868 3957 3164 4011 Sardicensi
3178 3956 3569 4027 synodo,pror°.

2001 4057 2224 4103 testatur
2250 4057 2464 4103 sanctus
2492 4047 2837 4101 Athanasius.
2879 4044 2984 4100 Sed
3022 4054 3077 4099 et
3117 4044 3569 4100 Chalcedonensis

1998 4148 2186 4195 sancta
2203 4138 2434 4210 synodus
2446 4139 2707 4193 Domuum
2726 4136 3020 4191 Antiochiae
3046 4135 3239 4188 factum
3257 4135 3566 4203 episcopum

1999 4240 2121 4301 post
2145 4239 2370 4285 mortem
2386 4229 2776 4293 condemnavit,
2795 4227 2935 4296 quod
2949 4227 3121 4281 solum
3150 4241 3310 4279 ausus
3330 4233 3413 4279 est
3434 4226 3568 4280 scri—

1999 4320 2145 4385 bere,
2166 4329 2415 4389 oportere
2434 4318 2594 4373 taceri
2615 4317 2894 4371 duodecim
2917 4315 3145 4385 capitula
3158 4314 3329 4383 sancti
3357 4313 3564 4384 Cyrilli.

2071 4410 2332 4475 Quoniam
2389 4414 2566 4460 autem
2623 4404 2890 4460 Theodori
2946 4403 3253 4458 defensores
3306 4402 3567 4468 haeretici,

2000 4499 2144 4552 omni
2168 4497 2533 4567 propositione
2562 4505 2616 4549 et
2647 4505 2844 4549 conatu
2872 4494 3178 4548 excidentes
3197 4535 3211 4559 ,
3239 4501 3567 4561 prmsumunt

2000 4588 2178 4642 dicere
2207 4588 2272 4640 ad
2318 4585 2685 4653 deceptionem
2730 4583 3087 4650 ignorantium
3112 4622 3127 4645 ,
3178 4581 3322 4649 quod
3364 4590 3565 4635 sancta:

329 4683 521 4751 μνήμης
549 4681 778 4755 κύριλλος
800 4680 855 4735 ἕν
874 4704 965 4737 τινι
989 4685 1127 4758 μέρει
1149 4684 1413 4741 ἐπιστολῆς
1437 4688 1616 4737 τοῦτον
1644 4684 1896 4753 ἐπῄνεσενο

2004 4678 2272 4732 memoria:
2301 4675 2531 4745 Cyrillus
2552 4674 2606 4727 in
2636 4673 2813 4740 aliqua
2843 4681 2996 4740 parte
3024 4670 3262 4739 epistola:
3288 4669 3432 4722 illum
3460 4668 3567 4722 col-

330 4770 381 4819 έκ
421 4769 609 4821 πολλῶν
632 4768 1014 4835 ἀποδείκνυται,
1046 4767 1121 4824 ὅτι
1147 4771 1203 4823 ού
1230 4770 1496 4838 συμϐαίνει
1530 4770 1588 4824 τὸ
1624 4772 1787 4824 αὐτῶν
1815 4772 1899 4839 ἐγ-

330 4860 555 4930 χείρημα
584 4865 695 4918 τοῖς
734 4861 1002 4934 εἰρημένοις
1024 4860 1167 4931 παρά
1192 4864 1282 4912 τοῦ
1312 4859 1360 4911 ἐν
1388 4857 1543 4929 ἁγίοις
1581 4858 1819 4931 Κυρίλλου
1850 4859 1899 4910 έν

331 4944 580 5019 διαφόροις
600 4949 751 5003 αὐτοῦ
772 4948 934 5020 λόγοις
961 4950 1085 5003 κατὰ
1110 4954 1198 5003 τοῦ
1229 4946 1513 5006 δυσσεϐοῦς
1543 4947 1818 5023 Θεοδώρου,
1850 4949 1899 4998 ἐν

331 5030 399 5093 οἷς
426 5036 758 5113 ἀσεϐζστερον
783 5040 927 5091 αὐτόν
951 5042 1152 5092 πάντων
1176 5044 1275 5092 τῶν
1304 5034 1458 5090 ἄλλων
1486 5037 1742 5109 αίρετικῶν
1766 5038 1898 5089 ἀπο-

328 5122 487 5187 δείξας
515 5120 668 5189 εἶναι,
714 5127 798 5178 οὐκ
824 5127 1031 5198 ἐνεγκὼν
1072 5127 1130 5179 τὸ
1174 5124 1358 5183 πλῆθός
1384 5144 1437 5178 τε
1461 5163 1475 5186 ,
1503 5127 1583 5177 καί
1610 5124 1667 5178 τὸ
1692 5123 1895 5193 μέγεθος

327 5224 420 5269 τῶν
453 5220 603 5272 αὑτοῦ
640 5218 961 5290 βλασφημιῶν
987 5226 1084 5273 τῶν
1112 5220 1375 5294 εἰρημένων
1414 5218 1536 5271 κατά
1561 5224 1646 5271 τοῦ
1674 5218 1893 5288 μεγάλου

326 5315 452 5362 Θεοῦ
479 5314 559 5362 καί
585 5318 810 5383 σωτῆρος
846 5314 982 5380 ήμῶν
1012 5310 1178 5369 ’ίησοῦ
1200 5317 1420 5384 Χριστοῦ
1451 5312 1784 5382 άπεφῦἐγξατο
1811 5311 1896 5363 οῦ-

325 5421 421 5459 τως
443 5403 617 5453 εἰπών’
648 5420 665 5450 ι
685 5402 887 5464 Ἐξέστη
916 5401 1159 5475 όούρανὸς
1182 5404 1260 5455 ίπί
1284 5402 1471 5471 τούτῳ,
1491 5404 1571 5452 καί
1600 5399 1791 5473 ἔφριξεν
1813 5402 1894 5453 ἐπί

324 5489 473 5542 πλείω
495 5490 708 5567 σφόδρα,
748 5492 875 5561 λέγει
910 5488 1103 5566 κύριος.
1135 5490 1197 5543 Ὦ
1221 5497 1308 5549 τῆς
1332 5490 1616 5565 ἀπορρήτου
1646 5490 1887 5546 σκαιότηο

325 5597 427 5639 τος,
461 5577 499 5633 ὣ
524 5580 759 5650 γλώσσης
786 5581 1031 5641 λαλούσης
1058 5579 1249 5635 ἀδικίαν
1277 5581 1406 5636 κατά
1430 5585 1520 5634 τοῦ
1552 5585 1696 5639 Θεοῦ,
1730 5583 1812 5631 καὶ
1831 5580 1888 5633 τὸ

326 5667 746 5741 κέραςαίρούσης.
763 5686 779 5718 ι
798 5672 897 5721 Καί
915 5670 1057 5723 πάλιν
1098 5688 1114 5717 ι
1135 5667 1345 5731 Ἐπίθες,
1360 5665 1611 5741 ἄνθρωπε,
1699 5672 1888 5719 σαυτοῦ

325 5748 517 5827 γλώττη
543 5757 698 5833 Θύραν
738 5762 819 5812 καί
866 5759 1075 5829 μοχλόν.
1122 5766 1321 5813 Παῦσαι
1362 5760 1419 5812 τὸ
1460 5758 1605 5832 κέρας
1648 5759 1717 5817 εἰς
1762 5755 1890 5824 Nlo:

326 5849 556 5923 ἐπαίρων,
585 5853 668 5903 καί
692 5849 844 5903 λαλῶν
871 5848 1059 5904 ἀδικίαν
1094 5852 1222 5905 κατά
1251 5854 1339 5904 τοῦ
1371 5856 1517 5902 Θεοῦ.
1559 5848 1737 5921 Μέχρι
1763 5848 1890 5905 τίνος

327 5935 572 6010 ἐπιπηδᾷς
600 5941 962 6004 ἀνεξικακοῦντι
981 5947 1211 6013 Χριστῷ;
1240 5942 1307 5999 εἰς
1326 5946 1439 5993 νοῦν
1464 5937 1557 6008 ἔχε
1584 5942 1640 5993 τὸ
1662 5956 1889 6010 γεγραμ-

2002 4769 2271 4832 laudavit;
2320 4782 2387 4820 ex
2417 4764 2597 4820 multis
2625 4763 2954 4826 ostenditur,
2997 4762 3139 4829 quod
3170 4776 3276 4813 non
3316 4761 3566 4814 convenit

2001 4872 2186 4912 eorum
2216 4870 2479 4909 conamen
2524 4854 2677 4908 dictis
2718 4868 2747 4906 a
2777 4851 2834 4907 S.
2866 4851 3062 4921 Cyrillo
3101 4852 3154 4904 in
3199 4850 3423 4903 diversis
3451 4848 3567 4916 ejus

2000 4945 2148 4999 libris
2194 4952 2380 4997 contra
2429 4942 2649 5010 impium
2692 4941 3047 5005 Theodorum,
3097 4940 3147 4992 in
3177 4939 3368 5007 quibus
3398 4939 3565 5006 magis

2002 5036 2218 5104 impium
2243 5034 2488 5087 omnibus
2504 5031 2620 5084 aliis
2636 5029 2899 5083 hmreticis
2917 5044 3038 5082 eum
3054 5030 3361 5091 ostendens.
3374 5029 3566 5083 deinde

2004 5139 2109 5177 non
2132 5123 2400 5176 sustinens
2419 5120 2674 5189 plurimas
2703 5125 2758 5171 et
2787 5117 3044 5171 maximas
3073 5117 3187 5186 ejus
3208 5116 3565 5186 blasphennas

2003 5221 2189 5268 contra
2219 5224 2466 5278 magnum
2482 5208 2649 5261 Deum
2676 5214 2733 5261 et
2760 5204 3089 5260 Salvatorem
3120 5213 3360 5260 nostrum
3382 5204 3565 5265 Jesmn

2001 5301 2267 5357 Christum
2289 5300 2476 5362 dictas,
2500 5296 2838 5359 exclamavit,
2856 5294 2927 5348 ita
2948 5295 3154 5349 dicens:
3179 5313 3196 5345 ι
3218 5292 3564 5364 Εερεινίιρω·

2000 5394 2106 5447 lum
2136 5406 2295 5460 super
2323 5390 2448 5453 hoc,
2474 5396 2528 5441 et
2552 5386 2759 5441 horruit
2786 5386 3011 5455 amplius
3042 5387 3406 5452 vehementer,
3436 5384 3565 5439 dicit

2003 5483 2275 5537 Dominus.
2327 5477 2370 5533 Ο
2400 5477 2786 5533 intolerabilem
2815 5476 3193 5541 malignitatem
3212 5516 3227 5540 ,
3274 5490 3307 5528 ο
3333 5475 3560 5543 linguam

1994 5573 2299 5641 loquentem
2331 5569 2663 5637 iniquitatem
2687 5574 2870 5621 contra
2904 5565 3067 5619 Deum
3091 5604 3108 5629 ,
3149 5572 3202 5617 et
3243 5564 3294 5617 in
3324 5563 3560 5616 altitudi-

1993 5677 2113 5717 nem
2130 5676 2296 5715 cornu
2310 5659 2652 5713 extollentem
2669 5657 2681 5708 ἰ
2709 5675 2726 5708 ι
2747 5655 3035 5726 (Etiterum
3057 5672 3068 5707 :
3091 5674 3108 5704 ι
3129 5653 3363 5722 lmpone,
3380 5653 3561 5715 homo,

1997 5760 2098 5805 tua:
2126 5751 2316 5818 lingua:
2351 5749 2543 5803 ostium
2567 5754 2622 5800 et
2647 5760 2841 5810 seram,
2874 5758 3021 5798 cessa
3048 5756 3214 5797 cornu
3242 5741 3296 5795 in
3324 5739 3559 5793 altitudi-

1996 5857 2117 5897 nem
2134 5840 2416 5904 cxtollens,
2436 5846 2490 5892 et
2509 5837 2734 5906 loquens
2752 5835 3081 5903 iniquitatem
3099 5832 3351 5885 adversus
3366 5830 3553 5884 Deum.

1994 5932 2281 6001 Quousque
2305 5928 2528 5984 insultas
2555 5927 2775 5998 patienti
2805 5924 3062 5981 Christo?
3110 5923 3164 5978 ln
3202 5929 3377 5979 Inentc
3418 5921 3561 5976 bubo
