4112 6540
569 434 701 500 1081

1860 438 2302 502 JUS'I‘INIANI
2345 438 2500 499 IMP.

3680 430 3817 499 1032

574 557 719 627 μένον
734 543 873 620 παρὰ
889 548 977 597 τοῦ
997 542 1268 597 θεσπεσίου
1281 540 1495 596 Παύλου·
1508 568 1580 581 -—
1594 539 1745 595 Οὕτω
1765 537 1820 595 δί
1841 539 2130 616 ἁμαρτάνον

2245 537 2501 607 scriptum
2526 552 2556 592 a
2586 539 2763 593 divino
2788 538 2954 595 Paulo
2986 558 2999 593 :
3035 540 3125 595 Sic
3153 551 3323 597 autem
3347 554 3611 615 peccantes
3633 548 3684 601 in
3711 551 3814 617 {va-

569 653 654 693 τες
682 634 751 693 εἰς
774 634 895 693 τούς
919 628 1180 703 ἀδελφοὺς,
1206 634 1293 686 καί
1315 632 1618 691 πλήττοντες
1641 631 1806 685 αὐτῶν
1830 630 2142 683 ἀσθενοῦσαν

570 743 661 781 την
685 719 963 779 συνείδησιν
981 725 1051 781 εἰς
1072 722 1285 794 Χριστὸν
1304 719 1635 795 ἁμαρτάνετε.
1648 748 1718 759 -
1731 722 1821 773 ιαί
1833 720 1913 773 ἶνα
1928 740 1977 773 τι
1996 722 2078 773 καί
2093 719 2144 771 ἐκ

570 820 889 885 προφητικῶν
914 812 1187 884 φθέγξωμαι
1228 811 1453 882 βιϐλίων,
1482 808 1848 866 -Ἐδικαιώθη
1869 808 2063 879 Σόδομα
2090 809 2143 861 έκ

568 905 685 954 σοῦ.
714 929 781 939 -
806 904 1066 959 Νενίκηκας
1104 901 1194 959 τὰς
1232 907 1330 955 τῶν
1367 898 1605 958 Ἑλλήνων
1644 900 2037 973 ἀθύροστομίας,
2082 896 2143 957 ἃς

572 991 870 1048 ἐποιήσαντο
901 993 1029 1045 κοιτά
1066 996 1291 1063 Χριστοῦ
1312 1030 1328 1053 ,
1357 994 1548 1060 μωρίαν
1577 990 1841 1058 ἡγούμενοι
1867 988 1951 1041 τόν
1978 1008 2142 1041 σταυ-

571 1081 678 1154 ρόν.
692 1080 847 1134 Ούδίν
866 1078 982 1135 ὄντα
998 1078 1237 1143 διέδειξας
1258 1082 1320 1135 τά
1338 1078 1705 1139 τῆςῚουδαίκῆς
1721 1079 1956 1137 ἀπονοίας
1973 1077 2139 1149 ἐγκλή-

570 1190 728 1237 ματα.
752 1186 769 1217 ι
802 1170 1001 1223 Τούτων
1021 1171 1181 1223 τοίνυν
1200 1170 1359 1229 οὕτως
1388 1169 1469 1225 έπί
1496 1170 1789 1243 κατακρίσει
1807 1172 1896 1221 τοῦ
1925 1168 2143 1226 ἀσεϐοῦς

571 1258 832 1332 Θεοδώρου
861 1260 963 1313 ύπό
986 1265 1079 1314 τοῦ
1119 1261 1166 1313 έν
1192 1259 1303 1327 ἁγίο
1327 1280 1351 1317 ς
1388 1258 1633 1332 κυρίλλου
1663 1258 1960 1331 εἰρημένων,
1993 1259 2036 1310 εἰ
2062 1258 2141 1310 καί

571 1348 679 1408 δοίη
700 1370 776 1408 τις
796 1352 923 1402 κατά
949 1352 1066 1407 τούς
1106 1350 1297 1402 ἐκείνων
1324 1348 1497 1419 λόγους
1529 1352 1610 1401 τόν
1639 1347 1686 1399 ἐν
1716 1346 1876 1419 ἁγίοις
1916 1346 2141 1421 Κύριλλον

570 1442 817 1515 εἰρηκέναι
844 1462 893 1493 τι
913 1436 1042 1515 ὐπ’ἒρ
1072 1438 1354 1513 Θεοδώρου,
1382 1436 1496 1492 ούδέ
1523 1446 1672 1492 τοῦτο
1698 1439 1965 1511 ίξαιρείται
1993 1438 2141 1490 αὐτὸν

568 1539 657 1589 της
686 1533 1051 1603 κατακρίσεως.
1080 1529 1386 1600 Εύρίσκομεν
1412 1530 1533 1600 γὰρ,
1566 1530 1631 1586 ὡς
1656 1527 1829 1580 πολλοὶ
1864 1533 1963 1580 τῶν
1988 1526 2140 1596 ἁγίων

570 1623 801 1694 πατέρων
843 1623 981 1679 τινάς
1009 1627 1108 1674 τῶν
1144 1621 1403 1691 αἷρετικῶν
1443 1616 1765 1681 ἀπεδέξαντο,
1798 1619 1975 1689 ὥσπερ
2005 1615 2138 1670 καὶὸ

569 1714 617 1765 ἰν
643 1712 798 1782 ἁγίοις
825 1713 1074 1781 Δάμασος,
1106 1712 1191 1762 καί
1214 1710 1522 1772 ’Δθα-ωάσιος,
1552 1711 1635 1760 καί
1662 1705 1913 1765 Βασίλειος
1941 1703 2139 1759 ’Δπολι-

566 1799 765 1875 νάριον,
808 1803 891 1853 καί
926 1802 1059 1853 Λέων
1085 1797 1138 1853 δέ
1166 1799 1190 1852 ό
1219 1806 1309 1857 τῆς
1339 1798 1485 1869 ἁγίας
1522 1801 1715 1867 μνήμης
1758 1797 2018 1864 Εύτυχέα.
2051 1798 2140 1846 Καί

567 1890 702 1961 ὅμως
731 1888 899 1949 ἐπειδή
926 1892 1109 1962 φανερά
1142 1890 1332 1960 γέγονεν
1360 1891 1389 1945 ἡ
1428 1890 1615 1941 τούτων
1640 1888 1871 1951 ἀσέϐεια,
1914 1888 1998 1938 ούκ
2034 1886 2138 1948 έξί-

564 2005 715 2055 φύγον
760 1980 841 2036 διὰ
877 1988 966 2040 τήν
1010 1984 1247 2037 τοιαύτην
1297 1979 1561 2049 ἀποδοχήν
1601 1980 1843 2052 αἶρετικοί
1880 1981 1968 2034 τήν
2010 1977 2137 2047 μετά

564 2078 727 2127 ταῦτα
752 2075 823 2130 εἰς
852 2074 1026 2125 οἰκεῖον
1052 2071 1325 2144 πρόσωπον
1352 2074 1435 2122 καί
1467 2075 1554 2126 τὴν
1597 2070 1762 2121 αὐτῶν
1790 2068 2026 2120 ἀσέϐειαν
2054 2087 2138 2137 γε-

562 2164 769 2233 νομένην
801 2164 1094 2234 κατάκρισίν
1132 2181 1183 2215 τε
1228 2164 1310 2216 καί
1346 2160 1766 2230 ἀναθεματισμόν.
1809 2160 2035 2216 Τοσαύτη
2081 2158 2135 2214 δέ

564 2254 699 2309 έστιν
726 2256 755 2310 ἡ
790 2256 941 2321 μανία
976 2260 1072 2305 τῶν
1102 2250 1362 2321 Θεόδωρον
1392 2250 1744 2313 ἔκδικούντων,
1797 2248 1876 2303 ὅτι
1914 2250 2137 2318 τολμῶσι

564 2339 974 2411 καταψεύδεσθαι
996 2344 1078 2394 καί
1111 2343 1379 2416 Γρηγορίου
1409 2346 1498 2394 τοῦ
1525 2340 1751 2411 θεολόγον
1768 2382 1781 2405 ,
1807 2342 1889 2392 καί
1916 2337 2133 2392 Ἰωάννου

565 2440 657 2489 τοῦ
710 2433 1312 2499 Κωνσταντινουπόλεως,
1366 2433 1432 2490 ὡς
1494 2431 1765 2489 έπιστολάς
1811 2429 1935 2507 πρὸς
1986 2430 2134 2484 αὐτόν

563 2522 818 2596 Θεόδωρον
855 2525 1251 2577 ἀποστειλάντων
1291 2523 1688 2597 πεπληρωμένας
1729 2522 1933 2575 ἐπαίνου
1957 2538 1968 2550 ·
2009 2519 2132 2593 ὅπερ

564 2612 783 2684 ψεύδους
814 2616 923 2668 ἐστὶ
965 2615 1167 2683 μεστόν.
1200 2614 1474 2687 Γρηγόριος
1511 2616 1601 2686 μέν
1625 2618 1743 2689 γὰρ,
1777 2611 1859 2667 ὅτε
1888 2614 2018 2687 ύπίρ
2044 2622 2133 2673 τῆς

557 2708 789 2765 ἀληθείας
829 2708 878 2759 ἰν
918 2706 1431 2759 Κωνσταντινουπόλιι
1466 2706 1867 2775 ἀγωνισάμενος,
1902 2707 1982 2756 καί
2008 2706 2127 2764 τούς

563 2796 713 2855 λαούς
754 2796 853 2847 ἀπό
878 2802 968 2852 τῆς
1002 2800 1102 2846 τῶν
1136 2791 1399 2868 ’Δρειανῶν
1441 2793 1624 2851 πλάνης
1653 2795 1723 2850 εἰς
1762 2798 1851 2848 τήν
1879 2790 2132 2864 ὀρθόδοξον

562 2892 738 2941 πίστιν
783 2884 1095 2959 έπιστρίψας
1135 2889 1207 2944 εἰς
1240 2890 1330 2942 τὴν
1365 2884 1547 2937 οἰκείαν
1598 2884 1836 2941 ἱπανῆλθε
1883 2882 2127 2958 πατρίδα,

558 2980 654 3034 τὰς
680 2977 822 3041 παρά
850 2981 947 3027 τῶν
988 2975 1247 3050 αἰρετικῶν
1284 2975 1571 3045 κακούργως
1608 2974 1979 3049 προφερομένας
2017 2970 2131 3028 έπι-

561 3065 741 3124 στολὰς
769 3066 825 3117 ού
854 3066 978 3138 πρὸς
1001 3062 1251 3139 Θεόδωρον
1272 3064 1353 3117 τόν
1379 3063 1724 3134 Μόψουεστίας
1750 3062 1987 3138 ἔγραψεν,
2013 3064 2133 3116 ἀλλὰ

559 3156 686 3228 πρὸς
713 3152 962 3227 Θεόδωρον
992 3156 1268 3207 ἐπίσκοπον
1293 3155 1518 3219 Τυάνων,
1549 3156 1660 3213 ἥτις
1697 3155 1805 3211 ίστί
1846 3162 1933 3214 τῆς
1954 3152 2130 3213 ,δευτέ-

2248 634 2376 685 tres,
2409 636 2458 679 et
2484 628 2817 708 percutiant“
2845 645 3017 682 eorum
3043 631 3307 699 inﬁmam
3335 634 3728 701 conscientiam,
3759 640 3813 693 in

2246 713 2501 768 Christum
2528 718 2749 785 peccatis
2771 715 2827 787 (1
2856 716 2976 772 Cor.
3003 721 3135 788 vni).
3165 719 3231 773 Et
3257 730 3314 775 ut
3338 723 3534 791 aliquid
3558 726 3717 780 etiam
3744 742 3811 783 ex

2244 804 2574 873 propheticis
2601 806 2791 874 loquar
2818 807 3087 863 codicibus
3119 827 3132 863 :
3160 810 3458 881 Justiﬁcata
3484 824 3561 869 est
3586 814 3812 873 Sodoma

2242 911 2308 948 ex
2336 904 2384 947 te
2406 893 2617 964 (Ezech.
2646 896 2775 965 ενι),
2804 899 3069 966 superasti
3091 914 3413 969 paganorum
3444 906 3809 974 verbositates,

2243 999 2376 1052 quas
2398 994 2585 1039 contra
2607 985 2877 1042 Christum
2911 987 3168 1057 fecerunt,
3200 994 3478 1050 stultitiam
3507 999 3813 1057 existiman-

2253 1084 2335 1130 tes
2357 1091 2569 1131 crucem
2599 1076 2657 1148 (Ι
2681 1078 2800 1134 Cor.
2819 1081 2949 1151 νιιι),
2983 1082 3113 1137 nihil
3141 1099 3260 1139 esse
3284 1089 3561 1144 ostendisti
3582 1090 3813 1149 Judaica:

2243 1166 2504 1234 superbia:
2532 1168 2775 1223 crimina.
2806 1188 2825 1222 ι
2860 1168 2954 1225 His
3001 1172 3162 1242 igitur
3202 1174 3268 1228 ad
3314 1177 3813 1239 condemnationem

2246 1253 2514 1310 Theodori
2542 1257 2620 1312 sic
2640 1272 2669 1310 a
2689 1267 2875 1313 sancto
2896 1258 3093 1331 Cyrillo
3120 1262 3295 1331 dictis,
3326 1264 3450 1320 licet
3477 1269 3665 1339 aliquis
3684 1288 3811 1327 con-

2242 1348 2433 1413 cedat,
2486 1349 2777 1405 secundum
2826 1351 3037 1406 illorum
3076 1355 3240 1409 verba
3285 1368 3526 1414 sanctum
3556 1360 3810 1433 Cyrillum

2242 1436 2437 1507 aliquid
2460 1452 2558 1507 pro
2580 1437 2864 1494 Theodoro
2885 1439 3101 1507 dixisse,
3134 1458 3307 1513 neque
3328 1446 3430 1501 hoc
3452 1447 3640 1502 liberat
3665 1450 3811 1506 illum

2240 1540 2273 1579 a
2301 1526 2762 1581 condemnatione.
2795 1527 3096 1585 invenimus
3124 1531 3288 1598 enim,
3333 1534 3477 1603 quod
3507 1537 3660 1593 multi
3687 1554 3811 1594 san-

2240 1623 2449 1669 ctorum
2479 1614 2696 1669 Patrum
2726 1616 3003 1683 quosdam
3025 1617 3307 1674 hazreticos
3353 1622 3810 1694 collaudavcrunt,

2239 1705 2379 1760 sicut
2417 1714 2472 1761 et
2510 1708 2680 1762 sancti
2725 1707 2982 1762 Damasus
3026 1717 3083 1764 et
3126 1709 3447 1767 Athanasius
3487 1722 3542 1769 et
3590 1714 3813 1773 Basilius

2241 1800 2647 1870 Apollinarium,
2674 1810 2729 1856 et
2756 1811 2972 1857 sanctus
2992 1803 3213 1875 [sanctae
3242 1806 3537 1879 memoriae]
3565 1808 3671 1864 Leo
3700 1809 3810 1866 Eu-

2167 1897 2215 1959 B
2241 1891 2431 1961 tychen
2460 1908 2473 1942 :
2500 1898 2556 1944 et
2577 1898 2756 1945 tamen
2779 1892 2992 1960 cognita
3023 1907 3208 1946 eorum
3244 1895 3539 1966 impietate,
3560 1914 3665 1953 non
3687 1916 3812 1970 pro-

2237 1988 2356 2049 pter
2383 1979 2487 2035 boc
2508 1989 2792 2035 evaserunt
2821 1981 3054 2036 haeretici
3076 1983 3578 2040 condemnationem
3607 1996 3661 2042 et
3682 2004 3813 2043 ana-

2238 2070 2415 2123 thema
2442 2110 2457 2134 ,
2512 2069 2656 2147 quod
2706 2078 2893 2139 postea
2937 2080 3126 2127 contra
3178 2088 3365 2129 eorum
3422 2090 3702 2146 personam
3756 2088 3813 2133 et

2236 2158 2563 2229 impietatem
2592 2157 2788 2213 factum
2827 2170 2927 2215 est.
2976 2162 3180 2217 Tantus
3212 2173 3388 2219 autem
3417 2174 3497 2220 est
3525 2165 3671 2222 furor
3709 2169 3809 2223 de-

2235 2249 2565 2305 tendentium
2608 2248 2983 2321 Theodorum,
3029 2253 3152 2323 quia
3182 2263 3508 2323 priesumunt
3551 2256 3809 2311 adversus

2234 2337 2546 2407 Gregorium
2591 2339 2921 2409 theologum,
2952 2349 3006 2397 et
3032 2342 3292 2397 Joannem
3319 2343 3811 2415 ConstantinOpoli-

2234 2438 2417 2483 tanum
2446 2429 2681 2492 mentiri,
2714 2429 2954 2485 dicentes
2981 2432 3236 2501 epistolas
3264 2431 3330 2487 ad
3359 2434 3603 2488 eumdem
3632 2432 3808 2491 Theo-

2234 2520 2420 2573 dorum
2444 2520 2630 2589 plenas
2659 2519 2832 2574 laudis
2861 2534 2958 2576 eos
2984 2519 3243 2577 direxisse
3269 2540 3282 2574 :
3313 2523 3455 2592 quod
3485 2523 3672 2578 hlsum
3702 2532 3805 2580 est.

2233 2607 2522 2677 Gregorius
2547 2611 2711 2676 enim,
2739 2625 2862 2666 cum
2889 2611 2942 2665 in
2964 2611 3429 2683 ConstantinOpoli
3459 2630 3556 2683 pro
3580 2616 3806 2670 veritate

2233 2697 2518 2761 laborans,
2567 2701 2841 2755 conversis
2881 2715 2979 2771 per
3019 2716 3141 2757 eum
3180 2702 3248 2757 ab
3276 2703 3473 2757 Ariana
3502 2705 3703 2760 insania
3737 2706 3806 2761 ad

2232 2789 2549 2843 catholicam
2576 2789 2735 2845 ﬁdem
2764 2791 2975 2861 populis
2995 2833 3009 2856 ,
3035 2792 3102 2847 ad
3128 2808 3277 2848 suam
3308 2795 3535 2863 patriam
3561 2811 3805 2851 reversus

2232 2889 2334 2945 est,
2365 2882 2619 2951 epistolas
2646 2898 2781 2952 quas
2808 2884 3042 2939 hreretici
3063 2884 3249 2941 dolose
3270 2884 3567 2956 proferunt,
3600 2902 3704 2941 non
3736 2887 3803 2941 ad

2233 2972 2573 3030 Theodorum
2599 2974 3033 3045 Mopsuestenum
3063 2978 3304 3047 scripsit,
3336 2977 3433 3032 sed
3461 2977 3528 3031 ad
3558 2976 3804 3032 Theodo-

2231 3078 2351 3117 rum
2371 3065 2681 3135 episcopum
2707 3066 3064 3137 Tyanensem,
3084 3082 3202 3136 qua:
3229 3077 3311 3124 est
3330 3068 3575 3123 secunda:
3598 3066 3804 3138 Cappa-

2232 3156 2401 3211 docia:
2429 3156 2759 3227 metropolis.
2788 3155 3038 3225 Ejusdem
3067 3167 3246 3213 autem
3277 3157 3563 3227 provincia:
3594 3166 3717 3211 sunt
3746 3167 3803 3211 et

562 3263 659 3315 ρας
685 3240 1037 3297 Καππαδόκων
1061 3242 1386 3317 μητρόπολις.
1411 3248 1512 3302 Τῆς
1536 3241 1587 3297 δέ
1610 3244 1764 3301 αύτῆς
1787 3244 1967 3316 χώρας
1994 3245 2130 3297 ὶστίν

2232 3244 2526 3300 Nazianzus
2545 3246 2751 3311 civitas,
2774 3247 2923 3315 cujus
2943 3246 3116 3303 fuerat
3143 3248 3421 3318 episcopus
3442 3248 3581 3303 idem
3601 3255 3801 3302 sanctae

561 3336 592 3390 ἡ
621 3334 930 3396 Ναζιαιζός,
980 3331 1037 3392 ἧς
1083 3335 1275 3405 γέγονεν
1321 3333 1597 3393 ἰπίσκοπος
1637 3332 1662 3387 ό
1699 3335 1846 3393 «ora;
1871 3338 1921 3387 ὲν
1968 3334 2128 3405 ἁγίοις

558 3420 850 3495 Γρηγόριος,
883 3424 961 3473 καί
984 3422 1229 3495 ’Δριανζός
1256 3422 1314 3477 τό
1347 3425 1556 3494 χωρίον,
1588 3420 1693 3475 ὅθεν
1719 3426 1939 3496 ὡρμᾶτο.
1968 3431 2128 3479 Τοῦτο

560 3515 660 3585 γὰρ
687 3513 774 3564 καί
800 3512 948 3565 αύταί
974 3518 1144 3582 σαφῶς
1173 3509 1406 3568 δηλοῦσιν
1428 3512 1476 3565 αἰ
1505 3513 1796 3577 ἰπιστολαί,
1825 3517 2128 3585 μεμνημέναι

560 3602 742 3661 ίθνῶν,
784 3602 867 3651 καί
891 3597 1142 3664 συνόδων,
1172 3604 1255 3653 καί
1291 3606 1380 3654 τοῦ
1427 3603 1584 3655 αύτοῦ
1630 3604 1823 3678 χωρίου
1849 3601 2126 3678 ’Δριανζοῦ,

560 3693 645 3744 καί
674 3690 854 3763 έτέρων
882 3693 1087 3764 χωρίων
1129 3699 1219 3749 τῆς
1257 3695 1410 3752 αὐτῆς
1456 3695 1745 3765 έπαρχίας.
1776 3698 1861 3749 καί
1887 3696 2039 3766 μηνός
2066 3705 2128 3771 τῇ

560 3781 826 3853 ἐπιχωρίῳ
890 3777 1131 3850 διαλέκτῳ
1188 3779 1528 3835 Καππαδόκων
1596 3785 1992 3854 ὠνομασμένων,
2044 3789 2130 3840 καί

565 3872 835 3942 ηοοπορίου
863 3867 1135 3922 ἐπισκόπου
1175 3869 1262 3923 ύπ’
1295 3870 1446 3923 αὐτόν
1473 3870 1732 3931 τελοῦντος
1763 3873 2010 3935 Κολωνίας
2037 3884 2128 3936 τῆς

558 3959 768 4018 πόλεως.
796 3961 879 4012 καί
905 3958 1088 4033 έτέρων
1116 3959 1426 4024 ὶπισκόπων,
1455 3965 1539 4016 καί
1565 3964 1974 4037 χωρεπισκόπων
1993 4006 2007 4028 ,
2047 3972 2127 4023 καί

559 4050 904 4121 μοναστηρίων
932 4049 1034 4102 ὐπὸ
1066 4050 1149 4104 τόν
1173 4050 1323 4105 αύτόν
1349 4052 1622 4107 τελούντων
1647 4052 1897 4127 Θεόδωρον
1934 4077 2125 4128 μνημο-

558 4140 822 4198 νεύουσαι,
852 4135 915 4190 ὧν
946 4140 1030 4192 καί
1071 4140 1233 4212 μέχρι
1259 4146 1344 4193 νῦν
1384 4144 1601 4204 σώζεται
1642 4145 1707 4196 τά
1737 4142 1971 4211 ὀνόματα.
2003 4150 2125 4203 Ποία

558 4225 610 4281 δέ
635 4230 880 4296 μετουσία
910 4226 1278 4288 Καππαδόκαις
1316 4232 1444 4305 πρὸς
1472 4234 1587 4290 τούς
1615 4240 1705 4291 τῆς
1731 4230 1972 4308 δευτέρας
1999 4236 2122 4290 Κιλι-

492 4386 495 4390 _
559 4322 670 4378 κίας
697 4318 727 4377 ἦ
754 4319 866 4373 τότε
912 4318 943 4377 ἦ
980 4325 1068 4373 νῦν
1103 4322 1369 4391 ὑπάρχει,
1407 4321 1857 4400 διαμεμερισμένης
1892 4336 1984 4387 τῆς
2026 4336 2123 4381 τῶν

560 4412 826 4480 ἐπαρχιῶν
860 4410 1049 4463 τούτων
1084 4407 1396 4474 διοικήσεωςς
1428 4411 1457 4469 ἦ
1486 4416 1668 4472 ποίους
1707 4415 2012 4475 ἰπισκόπους
2040 4418 2122 4489 ὑφ’

560 4500 736 4551 έαυτόν
760 4496 902 4569 ἔχειν
922 4497 1139 4557 ἠδύνατο
1179 4500 1205 4554 ὁ
1246 4502 1600 4571 Μοψουεστίας
1629 4505 1930 4573 ἐπίσκοπος,
1972 4509 2123 4567 αύτός

2231 3336 2503 3391 memoria:
2526 3334 2835 3403 Gregorius,
2879 3344 2934 3390 et
2960 3337 3217 3391 Arianzus
3244 3335 3518 3407 praedium,
3544 3336 3683 3391 unde
3710 3350 3799 3391 or-

2230 3435 2317 3483 tus
2345 3426 2537 3482 fuerat.
2567 3425 2683 3482 Hoc
2707 3428 2849 3483 enim
2879 3436 2935 3483 et
2960 3429 3089 3497 ipsa:
3117 3428 3359 3499 epistolae
3385 3436 3571 3497 aperte
3591 3426 3797 3497 signiti-

2228 3527 2381 3583 cant,
2429 3516 2742 3572 memoriam
2786 3516 3045 3574 facientes
3082 3518 3523 3573 consuetudinum
3552 3526 3606 3571 et
3632 3518 3795 3572 colle'

2228 3608 2486 3671 ctionum,
2516 3613 2571 3661 et
2596 3606 2832 3676 ejusdem
2858 3608 3040 3677 praedii
3064 3608 3294 3673 Arianzi,
3328 3617 3383 3663 et
3405 3608 3629 3662 aliorum
3660 3622 3769 3677 prze

2234 3699 2444 3755 diorum
2491 3699 2733 3767 ejusdem
2782 3700 3064 3769 provincia:
3090 3742 3106 3766 ,
3162 3709 3215 3753 et
3261 3701 3460 3755 mensis
3508 3699 3794 3754 vernacula

2234 3788 2411 3857 lingua
2434 3787 2808 3859 Cappadocum
2839 3790 3114 3853 nominati,
3136 3799 3189 3842 et
3220 3788 3499 3857 Bosphorii
3521 3786 3793 3862 [Bospori]

2228 3876 2464 3947 episcopi
2514 3879 2614 3931 sub
2642 3876 2829 3931 eodem
2859 3876 3143 3931 Theodoro
3172 3878 3484 3942 constituti,
3531 3877 3623 3944 qui
3664 3886 3794 3931 tunc

2227 3967 2482 4035 temporis
2502 3964 2738 4021 Coloniae
2765 3966 2993 4020 civitatis
3019 3965 3255 4033 ejusdem
3280 3967 3566 4036 provincias
3586 3967 3796 4035 episco-

2225 4071 2326 4123 pus
2353 4063 2500 4121 erat,
2531 4065 2587 4111 et
2615 4057 2841 4111 aliorum
2870 4058 3263 4127 episcoporum,
3294 4064 3348 4112 et
3376 4058 3792 4127 chorepiscopo-

2224 4161 2342 4199 rum
2366 4184 2381 4208 ,
2428 4154 2483 4200 et
2529 4147 3005 4213 monasteriorum,
3053 4163 3172 4217 qua:
3199 4147 3297 4202 sub
3326 4146 3595 4201 Theodori
3630 4147 3796 4215 juris—

2224 4233 2458 4288 dictione
2486 4242 2637 4288 erant
2660 4276 2675 4302 ,
2722 4249 2947 4303 quorum
2978 4252 3144 4305 usque
3174 4251 3314 4290 nunc
3354 4236 3540 4289 eadem
3572 4237 3790 4289 nomina

2224 4332 2521 4378 servantur.
2552 4323 2735 4390 Qualis
2759 4340 2920 4395 porro
2951 4328 3255 4381 communio
3290 4326 3696 4397 Cappadocibus
3722 4326 3794 4381 ad

2223 4412 2512 4465 secundam
2539 4413 2799 4478 Ciliciam,
2822 4416 2905 4470 vel
2933 4423 3078 4482 tunc,
3109 4417 3193 4471 vel
3232 4416 3392 4471 modo
3420 4415 3586 4469 divisa
3606 4431 3791 4471 earum

2223 4502 2618 4570 provinciarum
2645 4504 3029 4571 gubernatione
3050 4507 3077 4559 τ
3119 4505 3186 4559 Et
3212 4515 3350 4575 quos
3374 4507 3654 4577 episcopos
3690 4508 3792 4561 sub

559 4586 659 4639 ύπό
676 4588 761 4640 τὸν
779 4595 868 4645 τῆς
888 4588 1038 4646 αὐτῆς
1067 4586 1307 4661 δευτέρας
1331 4589 1539 4649 Κιλικίας
1559 4594 1926 4663 μητροπολίτην
1945 4597 2123 4661 τελῶν;

2230 4608 2287 4649 se
2316 4594 2515 4650 habere
2534 4603 2745 4663 poterat
2771 4594 3175 4665 Mopsuestenus
3195 4598 3501 4666 episcopus,
3532 4611 3651 4651 cum
3675 4597 3791 4667 ipse

562 4679 783 4737 ἰωάννης
825 4676 877 4731 δέ
921 4676 947 4731 ό
989 4678 1552 4741 ιωνσταντινουπολιως
1598 4679 1816 4755 ἔγραψεν
1861 4684 2129 4745 έπιστολήν

558 4767 685 4841 πρὸς
711 4765 964 4841 Θεόδωρον
1002 4770 1089 4821 τόν
1117 4768 1507 4837 Μοψουεστίας,
1533 4772 1623 4823 ούκ
1648 4772 1857 4827 ἐπαίνων
1886 4772 1937 4828 δὲ
1958 4817 1971 4841 ,
2005 4776 2127 4831 ἀλλά

555 4855 793 4927 μέμψεων
812 4864 895 4910 καί
933 4858 1268 4925 έπετιμήσεων
1294 4853 1457 4913 οὖσαν
1482 4866 1691 4929 μεστὴν,
1727 4865 1793 4921 ὡς
1830 4864 2125 4927 έκπεσόντος

555 4948 707 5000 αὐτοῦ
741 4954 833 5005 τῆς
856 4946 1162 5005 Θεοσεϐείας.
1201 4951 1516 5008 Συνασκήσας
1543 4952 1643 5024 γάρ
1669 4952 1801 5021 αύτῷ
1826 4953 1908 5006 τόν
1937 4960 2124 5030 μονήρη

557 5039 666 5105 βίον
694 5036 742 5089 έν
766 5038 835 5090 ἰνί
862 5040 942 5090 καί
964 5044 1036 5109 τῷ
1064 5037 1203 5104 αύτῷ
1230 5042 1573 5113 μοναστηρίῳ,
1602 5050 1690 5101 τῆς
1721 5043 1881 5097 έκεῐσε
1914 5044 2123 5100 συνδια-

554 5134 721 5200 γωγῆζ⁵
748 5128 1102 5199 ἀναμιμνήσκει
1127 5128 1295 5183 αὐτόν.
1330 5133 1416 5181 Ital
1441 5136 1607 5184 ταῦτα
1633 5140 1884 5207 μαρτυρεῖ
1904 5134 2119 5204 Σωζόμε-

554 5239 651 5281 νος,
680 5220 761 5270 καί
779 5215 1044 5287 Ἠσύχιος,
1073 5220 1159 5272 καί
1180 5223 1474 5289 Σωκράτης,
1502 5226 1587 5275 καί
1613 5221 1920 5299 Θεοδώριτος
1945 5223 1969 5278 ὁ
1995 5226 2119 5281 πολ-

555 5311 665 5367 λούς
696 5308 825 5381 ύπέρ
862 5305 1117 5378 Θεοδώρου
1145 5307 1320 5379 λόγους
1342 5330 1391 5365 τε
1420 5313 1504 5364 καί
1531 5312 1764 5374 ἰπαίνους
1793 5310 2029 5374 έκτείνας.
2063 5318 2123 5369 Εἰ

552 5398 607 5452 δέ
644 5399 949 5472 προφέρουσι
988 5402 1273 5473 μαρτυρίας
1294 5398 1513 5455 Ἰωάννου
1561 5408 1654 5456 τοῦ
1692 5400 2002 5475 ’Δντιοχείας
2038 5411 2120 5461 καί

552 5499 643 5549 τῆς
666 5488 752 5543 ύπ’
779 5490 932 5542 αὐτόν
972 5490 1259 5551 ἀνατολικῆς
1297 5490 1512 5546 συνόδου
1530 5535 1545 5558 ,
1594 5493 1723 5566 ύπίρ
1752 5493 2009 5570 Θεοδώρου
2038 5501 2122 5552 καί

552 5589 643 5639 τῆς
671 5581 820 5634 αὐτοῦ
848 5580 1079 5641 ἀσεϐείας
1125 5582 1419 5650 γενομένης,
1468 5578 1652 5653 ἀνάγκη
1692 5585 1871 5644 αύτούς
1918 5586 2120 5639 κάκεῖνα

551 5670 811 5735 δέξασθαι,
843 5671 975 5747 ἅπερ
1004 5671 1121 5728 ὅσον
1149 5674 1278 5745 τόγε
1315 5674 1395 5728 ἐπ’
1416 5676 1591 5735 αὐτοῖς
1620 5677 1689 5735 εἰς
1716 5678 2004 5753 κατάκρισιν
2031 5684 2118 5733 τοῦ

550 5764 601 5817 ἐν
627 5761 785 5831 ἁγίοις
816 5764 1049 5838 ιυρίλλου
1074 5802 1090 5829 ,
1122 5768 1205 5817 καί
1232 5763 1468 5821 ἀθέτησιν
1508 5774 1599 5825 τῆς
1628 5765 1774 5842 ὀρθῆς
1819 5771 2044 5826 πίστεως
2071 5769 2116 5821 οἰ

550 5855 665 5928 περὶ
697 5851 913 5913 Ἰωάννην
940 5854 1234 5925 ὶτόλμησαν*
1268 5856 1351 5908 καί
1380 5852 1511 5929 ἅπερ
1552 5851 1806 5927 ἔγραψαν,
1849 5856 2115 5929 Νεστόριον

2230 4686 2329 4739 sub
2350 4686 2758 4755 metropolitano
2783 4688 3032 4743 secunda:
3054 4688 3250 4744 Cilicia:
3273 4692 3594 4745 constitutus
3613 4691 3793 4745 esset?

2226 4772 2459 4828 Joannes
2487 4783 2664 4830 autem
2688 4774 3308 4847 Constantinopolitanus
3334 4780 3546 4850 scripsit
3574 4778 3790 4849 quidem

2227 4865 2507 4933 epistolam
2534 4866 2600 4921 ad
2628 4865 2965 4923 Theodorum
2988 4868 3437 4939 MOpsuestenum,
3472 4886 3578 4925 non
3609 4878 3788 4925 tamen

2226 4954 2493 5022 laudibus,
2514 4957 2607 5011 sed
2632 4960 2980 5027 querimoniis
3006 4969 3061 5014 et
3082 4962 3534 5031 increpationibus
3555 4962 3787 5031 plenam,

2228 5055 2287 5101 ut
2329 5056 2456 5117 pote
2501 5048 2592 5103 illo
2636 5065 2666 5103 a
2696 5050 2837 5107 bona
2876 5052 3284 5108 conversatione
3329 5050 3572 5123 [pietate]
3616 5052 3785 5122 lapso.

2174 5184 2177 5187 Α
2227 5135 2486 5201 Quoniam
2535 5137 2675 5190 enim
2726 5154 2843 5193 cum
2888 5153 2955 5192 eo
2993 5139 3356 5194 monachicam
3388 5142 3550 5194 vitam
3598 5140 3650 5194 in
3680 5156 3791 5194 uno

2227 5223 2521 5292 eodemque
2562 5227 2886 5279 monasterio
2918 5228 3193 5292 exercuit,
3240 5229 3667 5283 conversationis
3715 5230 3787 5284 ibi

2228 5313 2379 5368 factm
2408 5329 2528 5368 eum
2575 5315 2890 5371 admonuit:
2922 5326 2975 5372 et
3008 5333 3107 5386 pro
3136 5317 3220 5373 bis
3267 5320 3621 5375 testimonium
3653 5335 3790 5389 pm:-

2226 5405 2354 5459 bent
2378 5405 2726 5467 Suzomcnus,
2749 5417 2803 5461 et
2830 5408 3140 5477 Hesychius,
3169 5417 3223 5463 et
3247 5408 3514 5476 Socrates,
3538 5420 3592 5465 et
3612 5410 3788 5465 Theo-

2222 5496 2460 5559 dorctus,
2484 5498 2575 5567 qui
2602 5498 2795 5553 multas
2818 5516 2913 5571 pro
2927 5500 3212 5555 Theodoro
3241 5502 3512 5555 orationes
3531 5511 3585 5555 et
3606 5501 3791 5556 laudes

2222 5586 2367 5643 fecit.
2412 5590 2467 5645 Si
2499 5600 2675 5647 autem
2720 5593 3020 5647 testimonia
3050 5591 3329 5661 proferunt
3355 5590 3574 5646 Joannis
3602 5592 3790 5646 Antio-

2221 5679 2403 5745 cheni,
2436 5688 2491 5735 et
2519 5680 2805 5737 Orientalis
2838 5681 3050 5736 concilii
3077 5682 3178 5736 sub
3204 5696 3270 5736 eo
3295 5681 3605 5747 constituti,
3649 5679 3788 5737 facta

2220 5783 2319 5837 pro
2342 5766 2648 5837 Theodoro,
2681 5779 2733 5826 et
2760 5771 2876 5839 ejus
2903 5770 3199 5840 impietate,
3232 5785 3453 5825 necesse
3482 5778 3563 5825 est
3590 5784 3685 5823 eos
3735 5778 3791 5824 et

2221 5857 2309 5910 illa
2351 5860 2621 5931 suscipere
2644 5901 2659 5926 ,
2707 5874 2824 5931 quae
2870 5867 3157 5929 (quantum
3187 5858 3253 5912 ad
3282 5859 3400 5914 illos
3423 5858 3688 5931 pertinet)
3720 5856 3789 5912 ad
