4112 6542
318 487 339 551 i
351 488 459 559 033

1388 488 1621 551 LIBER
1660 490 2058 552 ADVERSUS
2089 487 2514 549 ORIGENEM.

3410 486 3548 551 103i

324 610 403 661 αἱ
427 612 515 667 την
539 608 698 662 αὑτοῦ
724 608 1006 674 κακοδοξίαν
1035 612 1117 666 iui
1147 614 1387 667 πλεῖστον
1424 614 1612 684 χρόνον
1638 610 1882 667 ἕκδικοΰν·

1991 613 2485 669 condemnattonem
2532 614 2699 669 sancti
2747 613 2925 685 Cyrilli
2952 655 2965 679 ,
3018 625 3073 669 et
3112 617 3542 686 reprobationem

330 718 429 759 τες.
457 700 544 752 lari
570 706 718 754 τοῦτο
740 699 994 756 δείκνυται
1016 702 1066 754 ίκ
1093 701 1337 774 διαφόρων
1360 704 1520 756 αὐτῶν
1546 702 1703 772 λόγων
1726 722 1779 757 τε
1800 704 1883 755 καί

325 789 598 843 ἐπιστολῶν
630 792 754 862 πρὸς
780 790 1043 846 Θεοδόσιον
1071 794 1153 846 τὸν
1180 802 1270 852 τῆς
1296 792 1533 852 εὐσεϐοῦς
1558 792 1740 858 λήξεως
1758 831 1772 856 ,
1803 793 1885 847 καί

325 879 525 950 ἑτέρους
549 879 816 955 διαφόρους
841 890 1143 955 γραφεισῶν.

1985 713 2146 756 recta:
2192 701 2310 758 iidei
2354 702 2593 758 fecerunt
2629 702 2861 757 Joannes
2885 712 2939 757 et
2966 705 3055 773 qui
3084 720 3203 759 cum
3244 706 3334 759 illo
3363 720 3538 772 erant,

1990 806 2089 846 nec
2117 807 2225 847 non
2253 793 2414 847 etiam
2453 807 2571 861 quae
2613 793 2959 860 scripserunt.
3009 791 3305 846 Nestorium
3335 804 3389 849 et
3428 795 3544 863 ejus

1992 878 2266 948 perﬁdiam
2296 879 2494 934 diutius
2522 880 2884 934 defendentes.
2933 878 2997 932 Et
3026 881 3125 934 hoc
3154 883 3447 936 ostenditur
3475 900 3541 939 ex

1989 972 2215 1026 diversis
2236 987 2419 1027 eorum
2449 972 2595 1026 libris
2642 979 2695 1024 et
2735 971 3002 1040 epistolis,
3041 988 3172 1041 quas
3200 972 3265 1025 ad
3295 972 3541 1029 Theodo-

324 1060 456 1115 sium
482 1059 583 1128 piat
611 1058 997 1116 recordationis
1019 1100 1034 1125 ,
1086 1066 1141 1115 et
1187 1059 1254 1116 ad
1301 1062 1437 1118 alios
1476 1061 1715 1118 diversos
1750 1063 2095 1133 scripserunt.

395 1156 480 1205 Καί
509 1158 675 1206 ταῦτα
702 1155 790 1221 μέν
818 1152 995 1211 οὕτως’
1025 1155 1106 1208 ἵνα
1135 1152 1187 1208 δὲ
1215 1151 1365 1225 μηδίν
1391 1163 1481 1215 τῆς
1503 1155 1759 1228 ἀκριϐείας
1786 1177 1885 1209 πα-

325 1242 636 1317 ραλείψωμεν
657 1281 673 1303 .
721 1245 986 1315 ἀναγκαῖον
1029 1245 1329 1312 όνομίσαμεν
1365 1248 1638 1315 μνησθῆναι
1674 1248 1755 1299 καί
1789 1253 1886 1299 τῶν

324 1334 603 1405 γραφέντων
624 1336 767 1406 παρά
794 1335 1124 1405 Δύγουστίνου
1152 1341 1243 1390 τοῦ
1271 1344 1361 1395 τῆς
1383 1334 1528 1397 ὁσίας
1548 1342 1744 1405 μνήμης
1773 1338 1885 1391 im-

322 1426 516 1481 σκόπου
553 1426 604 1480 iv
628 1435 825 1501 ’Δφρικῇ
852 1428 1129 1499 γενομένου.
1170 1432 1433 1490 Ζητήσεως
1468 1426 1568 1505 γάρ
1605 1451 1735 1490 τινος
1767 1434 1885 1505 περὶ

326 1517 629 1572 καικιλιανοῦ
657 1520 783 1586 μετά
809 1520 1017 1574 θάνατον
1042 1521 1197 1573 αὐτοῦ
1240 1522 1543 1584 κινηθείσης,
1592 1525 1659 1581 ὥς
1690 1530 1779 1581 τῆς
1807 1523 1884 1575 ίκρ

328 1606 673 1666 κλησιαστικῆς
700 1610 1110 1683 παρατραπίντος
1136 1607 1483 1684 παραδόσεως,
1510 1610 1593 1663 καί
1612 1631 1753 1663 τινων
1777 1611 1887 1665 τού-

332 1715 417 1749 του
446 1692 603 1769 χάριν
643 1698 975 1769 χωρισάντων
1010 1697 1218 1756 ἑαυτούς
1255 1699 1357 1751 ἀπὸ
1397 1706 1487 1758 τῆς
1515 1700 1769 1760 καθολικῆς
1806 1700 1888 1751 ἐκ·

325 1786 559 1847 κιλησίας,
601 1784 777 1860 γράφει
837 1790 961 1862 πρὸς
1004 1794 1284 1858 Βονιφὰτιον
1335 1787 1363 1843 ό
1409 1790 1558 1849 αὐτὸς
1603 1798 1693 1849 τῆς
1739 1790 1886 1849 ὁσίας

328 1876 522 1943 μνήμης
547 1876 904 1944 Δὺγουστῖνος.
937 1876 1002 1932 ὠς
1028 1876 1117 1927 ούκ
1144 1873 1249 1928 ἔδει
1277 1877 1411 1934 τινάς
1441 1874 1525 1930 διὰ
1552 1883 1700 1930 τοῦτο
1723 1878 1888 1951 χωρί-

2060 1150 2122 1204 Et
2148 1152 2259 1206 haec
2280 1150 2491 1219 quidem
2520 1149 2597 1203 sic
2623 1163 2681 1204 se
2708 1148 2924 1202 habent.
2961 1146 3027 1202 Ut
3054 1159 3230 1204 autem
3263 1151 3387 1205 nihil
3414 1154 3543 1207 sub-

1988 1242 2196 1296 tilitatis
2209 1240 2689 1310 pnetermittamus,
2723 1240 3075 1293 necessarium
3105 1241 3404 1310 putavimus
3432 1259 3542 1299 tue-

1988 1347 2200 1387 morare
2239 1332 2401 1385 etiam
2419 1328 2501 1380 illa
2517 1342 2636 1396 qua:
2652 1328 2719 1381 ab
2736 1328 3032 1396 Augustino
3051 1340 3245 1385 sancta:
3273 1335 3541 1388 memoriae

1989 1419 2235 1475 Africano
2260 1420 2512 1488 episcopo
2557 1421 2753 1488 scripta
2781 1428 2921 1473 sunt.
2953 1420 3254 1485 Qumstione
3282 1424 3421 1477 enim
3442 1425 3541 1477 ali-

1987 1524 2091 1580 qua
2116 1516 2236 1578 post
2263 1516 2487 1563 mortem
2532 1507 2796 1562 Czeciliani
2825 1508 2889 1561 de
2919 1523 2983 1561 eo
3008 1517 3168 1574 mota,
3198 1510 3339 1577 quod
3360 1511 3424 1565 ah
3453 1527 3544 1566 ec-

1985 1601 2280 1656 clcsiastica
2310 1598 2596 1653 traditione
2617 1597 2906 1652 declinasse
2933 1598 3222 1663 dicebatur,
3250 1609 3303 1654 et
3328 1611 3541 1671 propter

1986 1690 2089 1744 hoc
2115 1674 2424 1757 quibusdam
2446 1704 2475 1742 a
2506 1688 2765 1743 catholica
2794 1686 3027 1742 Ecclesia
3056 1690 3331 1758 separatis,
3364 1692 3547 1745 scribit

1988 1781 2053 1835 ad
2082 1779 2409 1835 Bonifacium
2465 1778 2603 1833 idem
2649 1787 2863 1832 sanctus
2891 1778 3231 1846 Augustinus,
3263 1781 3404 1847 quod
3438 1797 3543 1833 non

1987 1874 2269 1942 oportebat
2311 1872 2516 1938 aliquos
2543 1868 2661 1924 ideo
2689 1884 2936 1937 separare
2960 1884 3077 1923 sese
3106 1884 3135 1922 a
3163 1871 3425 1924 catholica
3452 1869 3548 1927 Ec-

330 1984 418 2016 σαι
465 1963 676 2022 ἑαυτούς
718 1971 808 2021 τῆς
857 1964 1112 2023 καθολικῆς
1161 1964 1439 2024 ἐκκλησίας.
1492 1968 1547 2018 Ei
1587 1968 1683 2041 γάρ
1734 1965 1884 2025 ἀληθή

1991 1963 2166 2017 clesia.
2195 1960 2251 2014 Si
2289 1962 2429 2015 enim
2460 1974 2583 2013 vera
2605 1967 2783 2013 essent
2807 1974 2869 2013 ea
2898 1974 3015 2027 quae
3042 1958 3325 2015 Caeciliano
3354 1961 3547 2016 iniere—

330 2052 535 2121 ὑπῆρχε
557 2051 620 2103 τά
648 2050 926 2121 ἑπαγόμενα
949 2052 1258 2120 ιαικιλιανῷ.
1290 2056 1371 2105 irai
1397 2055 1675 2126 ἐφανερώθη
1695 2056 1888 2108 ἐναντία

326 2144 581 2213 φρονήσας
610 2147 699 2200 τῆς
725 2141 982 2201 καθολικῆς
1009 2143 1389 2202 καταστάσεως,
1428 2145 1511 2195 καί
1532 2145 1660 2213 μετά
1685 2144 1891 2198 θάνατον

331 2230 389 2284 ἰν
428 2237 604 2286 τοῦτον
645 2232 909 2301 ἀναθέματι
958 2231 1229 2285 ὑπέϐαλον.
1284 2230 1423 2283 ’Δλλά
1469 2235 1553 2285 καί
1597 2236 1756 2285 κανὼν
1800 2242 1890 2292 τῆς

329 2322 475 2391 ἁγίας
504 2322 552 2373 iv
576 2320 771 2394 ’Δφρικῇ
813 2318 1024 2375 συνόδου
1068 2318 1346 2393 διαγορεύει
1388 2322 1505 2381 τούς
1549 2319 1885 2388 ἐπισκόπους,

330 2418 449 2472 τοὺς
486 2419 574 2472 τὴν
602 2417 780 2467 οἰκείαν
807 2412 837 2470 ἦ
878 2415 927 2465 iv
958 2411 1186 2483 διαθήκῃ,
1214 2410 1244 2469 ἦ
1278 2412 1329 2474 εξ
1363 2409 1618 2466 ἀδιαθίτου
1655 2413 1889 2485 αἱρετικῷ

330 2505 766 2575 παραπέμποντας
814 2509 1002 2575 χρῆναι
1045 2503 1130 2555 καί
1166 2502 1294 2570 μετά
1338 2500 1551 2556 θάνατον
1590 2503 1891 2570 ἀναθεματί-

331 2598 522 2657 ζεσθαι.
556 2596 682 2667 Πρός
710 2593 986 2653 τούτοιςδέ
1031 2593 1228 2657 ἅπασι,
1275 2595 1353 2655 τίς
1394 2596 1562 2664 ἀγνοεῖ
1600 2594 1662 2646 τά
1703 2593 1752 2646 iv
1780 2600 1891 2652 τοῖς

331 2687 583 2758 γμετέροις
641 2685 836 2760 χρόνοις
890 2685 940 2737 iv
990 2690 1052 2755 τῇ
1102 2682 1335 2755 ίκκλησίᾳ
1400 2691 1491 2742 τῆς
1539 2684 1891 2755 πρισξυτίρας

330 2773 518 2846 Ῥώμης
549 2776 787 2848 γινόμενα
826 2776 955 2829 κατὰ
1004 2774 1296 2845 Διοσκόρου;
1337 2770 1389 2833 ός
1430 2771 1568 2827 ούδξν
1595 2775 1685 2852 ἐπί.
1717 2776 1891 2829 πίστιν

333 2869 656 2939 ἡμαρτηκὼς,
690 2863 773 2919 διὰ
804 2865 953 2936 μόνην
980 2865 1387 2922 ἐκκλησιαστικην
1421 2866 1735 2918 κατάστασιν
1762 2866 1891 2929 μττά

330 2956 539 3009 θάνατον
559 2957 683 3031 παρ’
711 2959 868 3015 αὐτῆς
902 2964 993 3015 τῆς
1032 2958 1158 3010 κατά
1182 2954 1368 3025 Ῥώμην
1403 2951 1687 3023 ἁγιωτάτης
1719 2956 1891 3012 ἔκκλη-

333 3049 451 3105 σίας
496 3050 873 3117 ἀνεθεματίσθη.
905 3050 960 3101 Εἰ
986 3050 1145 3102 τοίνυν
1172 3049 1217 3101 οί
1246 3046 1397 3118 μηδὲν
1425 3052 1496 3107 είς
1533 3052 1703 3102 πίστιν
1738 3050 1892 3101 πταί-

333 3158 513 3198 σαντες
556 3140 819 3194 ἐπίσκοποι
859 3138 942 3194 διά
982 3142 1290 3194 κατάστασιν
1334 3140 1764 3203 ίκκλησιαστικήν,
1812 3141 1893 3191 καί

331 3227 415 3280 διὰ
443 3234 763 3301 χρηματικήν
787 3229 950 3282 αἰτίαν
978 3229 1242 3297 ἀναθέματι
1269 3230 1350 3281 καί
1379 3228 1505 3297 μετά
1530 3228 1736 3282 θάνατον
1760 3228 1890 3280 ύπο·

1988 2053 2201 2114 bantur,
2233 2059 2288 2105 et
2328 2051 2696 2105 manifestatus
2723 2056 2861 2103 esset
2888 2054 3209 2104 contrarium
3237 2051 3433 2118 aliquid
3460 2066 3550 2115 ec-

1988 2144 2286 2199 clesiastico
2328 2143 2487 2196 statui
2536 2141 2793 2211 sapuisse,
2826 2142 2983 2196 etiam
3025 2152 3145 2210 post
3174 2152 3395 2197 mortem
3424 2160 3545 2200 eum

1989 2232 2309 2286 anathemati
2341 2230 2675 2299 subjicerem.
2708 2229 2812 2285 Sed
2841 2238 2894 2285 et
2928 2231 3106 2299 regula
3134 2240 3330 2301 sancta:
3358 2233 3546 2302 synodi

1989 2320 2247 2375 Africanae
2274 2324 2477 2385 statuLt,
2507 2320 2786 2389 episcopos
2813 2319 2901 2388 qui
2924 2335 3046 2373 suas
3076 2321 3355 2374 facultates
3386 2322 3436 2374 in
3471 2331 3548 2375 te-

1988 2422 2274 2477 stamento,
2296 2411 2379 2465 vel
2400 2427 2466 2465 ex
2497 2412 2745 2466 intestato
2766 2400 3016 2465 hzeretico
3042 2412 3366 2480 relinquunt,
3388 2426 3549 2481 Opor-

1988 2516 2103 2559 tere
2141 2513 2193 2558 et
2223 2516 2341 2573 post
2369 2511 2593 2557 mortem
2634 2503 3086 2556 anathematizari.
3119 2502 3292 2571 Super
3316 2504 3426 2557 bmc
3452 2518 3547 2557 au-

1990 2606 2096 2651 tem
2126 2600 2321 2656 omnia,
2350 2594 2467 2666 quis
2512 2594 2721 2660 ignorat
2762 2608 2823 2646 ea
2854 2606 2970 2661 qua:
3003 2594 3197 2648 nostris
3227 2592 3548 2663 temporibus

1990 2686 2043 2740 in
2068 2685 2299 2740 Ecclesia
2326 2684 2637 2751 antiquioris
2666 2682 2847 2736 Romae
2875 2692 3061 2737 contra
3093 2682 3400 2737 Dioscorum
3428 2696 3545 2738 arta

1990 2776 2146 2830 sunt?
2174 2774 2275 2842 Qui
2303 2790 2421 2829 cum
2444 2773 2571 2827 nihil
2601 2773 2653 2825 in
2685 2770 2836 2826 [idem
2864 2783 3154 2841 peccasset,
3181 2780 3355 2826 tamen
3382 2788 3545 2841 prop—

1992 2876 2074 2920 ter
2111 2867 2281 2921 solum
2311 2865 2726 2919 ecclesiasticum
2776 2864 3014 2917 ordinem
3062 2871 3182 2931 post
3228 2872 3449 2917 mortem
3479 2866 3547 2919 ab

1991 2957 2177 3012 eadem
2210 2963 2395 3011 sancta
2423 2952 2653 3007 Ecclesia
2685 2952 2921 3006 Romana
2948 2952 3416 3005 anathematizatns
3444 2963 3545 3008 est.

1992 3045 2047 3100 Si
2078 3046 2233 3113 igitur
2272 3044 2399 3097 nihil
2443 3043 2495 3096 in
2545 3040 2697 3095 ﬁdem
2728 3051 3007 3110 peccantes
3046 3041 3300 3111 episcopi,
3330 3052 3548 3111 promer

1991 3138 2162 3189 solum
2212 3134 2627 3188 ecclesiasticum
2675 3132 2935 3198 ordinem,
2985 3141 3039 3185 et
3086 3140 3304 3201 propter
3332 3149 3543 3187 causam

1992 3225 2351 3297 pecuniariam
2375 3224 2699 3277 anathemati
2722 3232 2909 3291 etpost
2931 3232 3155 3276 mortem
3178 3224 3544 3291 subjiciuntur,

335 3323 365 3373 ϐ
383 3321 623 3390 ι’)λονται,
654 3323 802 3392 πόσῳ
846 3322 1028 3391 μᾶλλον
1055 3320 1308 3394 Θεόδωρος
1334 3320 1358 3375 ό
1388 3323 1458 3379 ιίς
1493 3321 1637 3374 αὑτὸν
1660 3321 1742 3374 τὸν
1770 3320 1890 3373 Θεόν

1991 3324 2191 3382 quanto
2212 3314 2378 3380 magis
2406 3312 2739 3378 Theodorus,
2767 3313 2857 3380 qui
2887 3313 2937 3366 in
2969 3311 3137 3379 ipsum
3164 3312 3325 3366 Deum
3353 3328 3549 3383 pecca.

333 3411 620 3474 ἀσεεῗησαςς
651 3410 769 3465 ὅσον
812 3409 865 3465 δὲ
897 3411 1018 3486 πρὸς
1058 3416 1145 3467 τήν
1181 3408 1352 3464 ἄνοιαν
1393 3418 1490 3463 τῶν
1526 3410 1781 3479 λεγόντων,
1819 3414 1888 3479 μη

332 3500 436 3554 δεῖν
475 3503 919 3574 ἀναθεματίζεσθαι
964 3505 1091 3574 μετά
1136 3504 1345 3555 θάνατον
1392 3503 1511 3560 τούς
1545 3502 1592 3553 iv
1629 3508 1689 3575 τῇ
1738 3502 1890 3574 οἰκείᾳ

334 3590 542 3663 ἀσεϐείᾳ
567 3590 918 3651 τελευτῶντας,
949 3592 1005 3643 οὐ
1044 3588 1124 3643 δεῖ
1144 3588 1264 3660 μηδὲ
1293 3592 1410 3648 τοὺς
1436 3586 1621 3648 ἀδίκως
1660 3609 1891 3659 κατακρι-

335 3682 506 3737 θέντκς
532 3681 756 3754 πατέρας
783 3682 911 3751 μετά
949 3681 1154 3733 θάνατον
1190 3679 1538 3731 ἀνακαλεῖσθαι
1557 3716 1571 3736 .
1602 3675 1724 3751 ὅπερ
1754 3698 1889 3746 συμ-

333 3770 513 3825 ϐέϐηκε
546 3770 628 3822 καί
663 3770 747 3822 ίπί
770 3766 969 3838 ἰωάννῃ
997 3774 1068 3835 τῷ
1105 3768 1152 3818 iv
1186 3766 1300 3836 όσίᾳ
1343 3775 1403 3839 τῇ
1432 3769 1594 3837 μνήμη
1638 3766 1892 3838 ίπισκόπῳ

335 3859 577 3929 γενομένῳ
606 3856 1173 3913 ιωνσταντινουπόλεως
1198 3855 1298 3907 ύπὸ
1323 3862 1412 3912 τῆς
1442 3854 1700 3913 καθολικῆς
1722 3855 1891 3912 ἔκκλη-

337 3952 456 4009 σίας
483 3953 609 4020 μετά
632 3948 841 4003 θάνατον
862 3948 1192 4005 ὼακληθέντυ
1217 3948 1300 4000 καί
1325 3949 1409 3999 ini
1433 3947 1685 4014 Φλαυιανῷ
1706 3954 1776 4014 τῷ
1804 3954 1893 4006 τῆς

335 4038 480 4096 ὁσίας
517 4042 711 4109 μνήμης
744 4040 825 4091 καί
868 4039 1005 4106 αύτῷ
1045 4036 1614 4095 Κωνσταντινουπόλιως
1651 4036 1892 4104 γενομένῳ

334 4124 624 4199 ίπισκόπῳ,
653 4125 837 4187 ἀδίκως
864 4129 953 4196 μὲν
984 4127 1031 4179 ἐν
1070 4131 1169 4201 ζωῇ
1198 4127 1564 4200 κατακριθέντι,
1613 4122 1812 4182 δικαίως
1839 4122 1891 4177 δὲ

335 4217 463 4279 μετὰ
487 4217 690 4269 θάνατον
731 4216 1042 4272 ἀνακληθίντι
1070 4215 1172 4268 ύπό
1201 4234 1253 4267 τε
1282 4220 1370 4269 τοῦ
1407 4222 1498 4274 τῆς
1527 4213 1670 4273 ὁσίας
1698 4216 1890 4283 μνήμης

336 4306 478 4355 "dum
506 4305 731 4363 Λέοντος.
758 4306 839 4356 καί
867 4312 955 4363 τῆς
989 4306 1038 4358 iv
1064 4303 1330 4361 Χαλκηδόνι
1355 4303 1502 4375 ἀγίας
1532 4302 1766 4357 συνόδου.
1796 4313 1890 4356 Ἐν-

335 4392 500 4443 τεὺθεν
521 4389 572 4445 δὲ
599 4391 863 4460 συμϐαίνει
887 4394 1017 4447 κατά
1050 4395 1169 4452 τοὺς
1195 4393 1244 4444 ἐκ
1272 4394 1385 4446 ίνων
1415 4393 1591 4465 λόγους
1609 4432 1622 4454 ,
1659 4396 1776 4453 τούς
1801 4394 1890 4462 μέν

336 4482 614 4556 αἱρετικούς
640 4489 742 4539 τοῖς
771 4481 928 4551 ἁγίοις
960 4485 1178 4559 πατράσι
1202 4484 1622 4556 συναριθμεῖσθαι,
1651 4480 1731 4537 οἷα
1760 4485 1893 4537 iitu-

334 4572 508 4642 θέρους
533 4572 820 4641 ἀφιεμένους
845 4579 935 4629 τῆς
964 4572 1271 4643 ὀφειλομένης
1311 4573 1483 4631 αὐτοῖς
1518 4576 1888 4644 κατακρίσεως·

1990 3406 2101 3460 vit?
2129 3404 2393 3472 Quantum
2424 3413 2599 3459 autem
2648 3404 2711 3456 ad
2742 3404 3096 3471 insipientiam
3127 3402 3412 3457 dicentium
3442 3421 3545 3458 Itur.

1991 3516 2239 3574 oportere
2268 3500 2702 3556 anathematizari
2728 3504 2853 3567 post
2879 3506 3104 3552 mortem
3135 3514 3229 3553 eos
3256 3500 3345 3567 qui
3374 3500 3424 3552 in
3450 3515 3544 3552 sna

1991 3593 2261 3661 impietate
2286 3591 2478 3645 mortui
2506 3598 2628 3643 sunt
2660 3606 2670 3641 :
2703 3587 2983 3657 oportebat
3007 3602 3105 3641 nec
3128 3602 3219 3641 eos
3242 3588 3328 3656 qui
3358 3588 3551 3654 injuste

1991 3681 2329 3736 condemnati
2351 3688 2475 3732 sunt
2499 3678 2685 3732 Patres
2711 3685 2828 3746 post
2850 3685 3075 3731 mortem
3096 3677 3358 3743 revocari,
3387 3680 3544 3746 quale

1991 3772 2213 3839 contigit
2258 3771 2310 3824 in
2358 3768 2563 3825 Joanne
2617 3777 2813 3822 sanctae
2860 3766 3244 3821 recordationis
3292 3769 3545 3836 episcopo

1989 3845 2586 3929 Constantinopolitanze
2611 3858 2855 3919 civitatis,
2905 3857 2971 3910 ab
2999 3857 3282 3910 universali
3312 3856 3547 3912 Ecclesia

1991 3959 2110 4023 post
2140 3959 2365 4005 mortem
2396 3956 2664 4012 revocato,
2694 3954 2747 4000 et
2771 3948 2820 4000 in
2852 3946 3103 3999 Flaviano
3131 3954 3327 4000 sancta:
3355 3961 3549 3999 memn-

1990 4040 2082 4094 τίω
2113 4052 2164 4093 et
2195 4040 2307 4108 ipso
2347 4039 2597 4107 episcopo
2644 4035 3245 4104 Constantinopolitanae
3296 4036 3547 4101 civitatis,

1991 4129 2187 4197 injuste
2210 4128 2420 4196 quidem
2446 4128 2496 4180 in
2525 4128 2631 4179 vita
2653 4126 3027 4187 condemnato,
3054 4111 3196 4192 juste
3222 4132 3400 4178 autem
3430 4135 3550 4194 post

1991 4226 2219 4272 mortem
2266 4224 2557 4284 revocato,
2616 4225 2722 4269 tam
2772 4230 2800 4267 a
2848 4218 3059 4268 sancta:
3096 4214 3365 4267 memoria:
3413 4230 3549 4283 papa

1992 4308 2170 4361 Leone
2193 4324 2349 4375 quam
2371 4322 2399 4360 a
2425 4314 2607 4360 sancta
2636 4304 3053 4359 Chalcedonensi
3085 4303 3307 4373 synodo.
3346 4304 3418 4359 Ex
3451 4306 3551 4359 hoc

1992 4409 2169 4453 autem
2199 4398 2458 4464 contingit
2498 4396 2784 4451 secundum
2814 4394 3021 4449 illorum
3042 4396 3225 4458 verba,
3274 4395 3552 4449 hereticos

1992 4489 2208 4558 quidem
2237 4488 2443 4553 sanctis
2468 4485 2727 4559 ,Patribus
2754 4486 3146 4548 connumerari,
3177 4493 3235 4559 ut
3261 4495 3385 4554 pote
3416 4486 3551 4539 lihe~

1993 4588 2139 4634 ratos
2158 4578 2333 4633 debita
2355 4577 2434 4632 eis
2452 4558 2914 4635 condemnatione,
2932 4582 3145 4628 sanctos
3166 4583 3340 4629 autem
3365 4574 3549 4629 Patres

336 4662 453 4720 τούς
494 4657 545 4713 δὲ
588 4657 760 4730 ἀγίους
796 4659 1020 4733 πατέρας
1066 4658 1251 4718 ἀδίκως
1296 4657 1743 4721 καταδικασθέντας
1786 4670 1890 4720 τοῖς

1991 4675 2185 4743 injuste
2210 4674 2612 4739 condemnatos,
2637 4670 2895 4723 haereticis
2914 4667 3180 4736 conjungi,
3206 4677 3263 4722 ut
3292 4678 3416 4737 pote
3443 4685 3547 4723 non

335 4755 602 4825 αἱρετικοῖς
629 4757 1006 4818 συνάπτεσθαι,
1040 4751 1119 4809 οἶα
1146 4759 1215 4824 μή
1239 4754 1480 4825 λυομένης
1504 4763 1593 4815 τῆς
1625 4756 1702 4808 ἐπ’
1725 4759 1892 4816 αὐτοῖς

336 4842 507 4897 ἀδίκου
536 4842 1336 4917 κατακρίσεως.’Δξιοπιστότερος
1364 4841 1417 4899 δι
1438 4845 1636 4896 πάντων
1665 4846 1776 4898 ἔστί
1814 4843 1891 4898 διο

338 4924 582 4991 δάσκοίλος
610 4938 635 4987 ὃ
676 4935 839 5007 κύριος
878 4935 959 4984 καί
986 4932 1103 4989 Θεὸς
1129 4933 1265 4998 ἡμῶν
1301 4928 1489 4990 Ἰησοῦς
1517 4933 1734 5005 Χριστὸς
1776 4936 1893 5004 περὶ

337 5024 522 5076 ἐαυτοῦ
543 5024 693 5093 λέγων
753 5040 770 5071 ι
801 5022 945 5075 Οὕτω
971 5024 1067 5093 γὰρ
1092 5022 1347 5091 ἠγάπησεν
1375 5018 1401 5075 ὃ
1428 5022 1547 5079 Θεὸς
1573 5022 1659 5076 τόν
1682 5021 1888 5088 κόσμον,

339 5114 468 5165 ὥστε
489 5114 571 5166 τὸν
599 5113 704 5167 υίὸν
729 5114 880 5167 αὐτοῦ
912 5111 997 5165 τόν
1029 5118 1259 5179 μονογενῆ
1288 5106 1487 5172 ἔδωκεν,
1514 5110 1596 5162 ἶνα
1623 5115 1725 5166 πᾶς
1754 5109 1779 5163 ὃ
1806 5130 1895 5164 1r.-

341 5203 534 5255 στεύων
560 5205 629 5261 είς
669 5203 820 5256 αὺτὸν
849 5206 917 5271 μὴ
946 5199 1185 5257 ἀπόληται
1203 5242 1217 5263 ,
1260 5198 1362 5251 ἀλλ’
1388 5195 1491 5270 ἴχῃ
1530 5203 1657 5261 ζωὴν
1682 5202 1893 5254 αἰώνιον.

340 5294 409 5344 ού
428 5293 523 5366 γάρ
552 5292 841 5346 ἀπέστειλεν
864 5289 890 5343 ό
926 5291 1045 5349 Θεὸς
1073 5288 1156 5341 τόν
1179 5288 1288 5340 υἱόν
1316 5288 1465 5341 αὐτοῦ
1490 5290 1562 5347 εἰς
1590 5289 1671 5341 τόν
1693 5288 1895 5357 κόσμον,

337 5382 420 5435 ἵνα
442 5382 581 5454 κρίνῃ
608 5382 692 5435 τόν
719 5381 919 5451 κόσμον,
950 5379 1052 5433 ἀλλ’
1078 5380 1159 5431 ἵνα
1197 5377 1333 5450 σωθῇ
1359 5377 1382 5432 ὁ
1409 5378 1601 5447 κόσμος
1629 5376 1693 5433 δι’
1715 5379 1894 5432 αὐτοῦ.

339 5480 395 5521 ‘0
422 5471 677 5524 πιστεύων
707 5474 776 5530 t":
797 5472 940 5524 αὐτὸν
968 5472 1025 5523 ού
1056 5471 1273 5543 κρίνεται
1290 5484 1301 5496 ⁹
1328 5468 1353 5522 ὁ
1376 5466 1428 5522 δέ
1456 5476 1523 5539 μὴ
1551 5472 1804 5522 πιστεύων
1828 5472 1898 5529 είς

337 5560 493 5613 αὐτόν
520 5558 613 5617 ἤδη
640 5561 876 5632 κέκριται,
904 5558 979 5613 ὅτι
1005 5564 1073 5630 μή
1099 5561 1433 5614 πεπίστευκεν
1457 5562 1527 5619 είς
1550 5561 1605 5613 τό
1633 5556 1787 5629 ὄνομα
1808 5567 1896 5614 τοῦ

340 5654 635 5721 μονογενοῦς
670 5650 783 5702 υίοῦ
811 5656 901 5703 τοῦ
930 5655 1077 5704 Θεοῦ.
1105 5668 1123 5700 ι
1150 5654 1247 5703 Καὶ
1272 5650 1326 5703 τό
1349 5656 1546 5722 πνεῦμα
1573 5651 1628 5704 τὸ
1658 5650 1795 5721 ἅγιον
1819 5650 1899 5706 δ.ἀ

342 5748 431 5795 τοῦ
456 5745 713 5817 προφήτου
733 5741 884 5798 Δαυίδ
904 5744 1053 5815 λέγει,
1074 5747 1193 5805 τοὺς
1213 5740 1416 5804 ἀσιϐιῖς
1436 5750 1503 5815 μὴ
1524 5746 1899 5804 ἀναστήσεσθαι

344 5833 394 5884 iv
422 5835 601 5903 κρίσει.
641 5842 738 5891 Τῆς
772 5828 854 5884 οὖν
880 5834 1115 5893 τοιαύτης
1143 5840 1231 5889 τοῦ
1261 5836 1433 5906 κυρίου
1459 5834 1756 5905 ἀποφάσεως
1796 5838 1895 5900 ἑξε-

280 5988 287 5996 ,
345 5927 605 6000 νεχθίίσης
626 5927 751 5978 κατά
775 5926 958 5983 παντὸς
986 5926 1218 5989 ἀσιϐοῦς,
1243 5929 1323 5979 καὶ
1343 5923 1493 5994 μηδὲν
1515 5924 1899 5987 διαστελλούσπς

649 6043 919 6102 Ριτιιοι.
968 6037 1084 6098 Gn.
1130 6035 1474 6097 LXXXVI.

1996 4767 2168 4819 soluta
2195 4774 2379 4818 contra
2408 4778 2500 4816 eos
2534 4762 2670 4816 facta
2700 4761 2876 4828 iniqua
2902 4760 3261 4815 damnatione.
3299 4759 3552 4817 Omnibus

1997 4863 2175 4907 autem
2205 4853 2372 4922 magis
2400 4850 2694 4907 credendus
2716 4849 2852 4921 [llde
2876 4847 3085 4919 dignus]
3116 4857 3198 4902 est
3225 4849 3423 4903 Doctor
3445 4850 3554 4904 Do-

1996 4943 2168 4995 minus
2213 4950 2266 4994 et
2292 4940 2431 4994 Deus
2474 4947 2657 4993 noster
2679 4937 2831 4992 Iesus
2859 4938 3116 5000 Christus,
3149 4939 3213 4991 de
3242 4954 3300 4993 se
3327 4939 3507 4995 dicens
3537 4961 3549 4995 :

1997 5030 2085 5084 Sic
2106 5032 2239 5083 enim
2268 5029 2444 5082 dilexit
2472 5028 2605 5081 Deus
2652 5028 2913 5088 mundum,
2945 5036 3001 5079 ut
3041 5026 3234 5080 Filium
3274 5045 3421 5082 suum
3447 5035 3554 5084 uui-

1997 5122 2215 5191 genilum
2241 5118 2404 5182 daret,
2429 5127 2483 5169 ιιι
2506 5120 2669 5171 omnis
2694 5120 2777 5187 qui
2809 5118 2967 5170 credit
2995 5118 3045 5169 in
3069 5134 3201 5179 eum,
3226 5135 3326 5171 non
3357 5132 3555 5189 pereat,

1995 5210 2084 5262 sed
2112 5208 2293 5263 habeat
2333 5210 2488 5262 vitam
2528 5217 2789 5263 wternam.
2818 5206 2938 5262 Non
2977 5209 3108 5261 enim
3138 5211 3275 5262 misit
3309 5211 3438 5265 Deus
3466 5211 3555 5265 Fi-

1995 5283 2120 5350 lium
2141 5313 2284 5349 suum
2306 5296 2358 5349 in
2389 5297 2632 5349 mundum
2659 5305 2714 5348 ιιι
2734 5296 2929 5364 judice!
2953 5297 3217 5356 mundum,
3253 5299 3342 5351 sed
3372 5312 3424 5351 ιιι
3451 5305 3556 5353 sal-

1994 5396 2136 5439 vetur
2160 5387 2377 5440 mundus
2401 5403 2490 5456 per
2515 5389 2699 5454 ipsum.
2735 5387 2830 5449 Qui
2858 5386 3019 5439 credit
3046 5388 3098 5439 in
3128 5404 3260 5445 eum,
3293 5404 3391 5447 non
3407 5389 3555 5457 judi-

1998 5484 2144 5528 catur
2172 5491 2187 5527 :
2233 5475 2317 5543 qui
2360 5484 2527 5528 autem
2572 5491 2670 5527 non
2697 5475 2871 5535 credit,
2893 5476 3006 5542 jam
3034 5477 3297 5544 judicatus
3316 5488 3408 5537 est,
3436 5480 3556 5547 quia

1996 5580 2097 5617 non
2125 5565 2283 5617 credit
2304 5565 2358 5617 in
2381 5565 2584 5616 nomine
2609 5565 2856 5633 unigeniti
2880 5563 2982 5618 Fili
3028 5564 3121 5617 Dei
3152 5565 3328 5635 (Joan.
3357 5581 3455 5629 ιιι).
3493 5564 3558 5618 Et

1997 5654 2224 5724 Spiritus
2269 5662 2445 5708 autem
2496 5662 2710 5709 sanctus
2738 5670 2835 5723 per
2872 5656 3182 5725 propheLam
3234 5656 3395 5709 David
3426 5655 3556 5710 dicit

1996 5747 2165 5816 (Psal.
2197 5747 2265 5813 ι),
2298 5747 2488 5815 impios
2533 5761 2638 5800 non
2680 5753 3077 5802 resurrecturos
3117 5747 3168 5799 in
3194 5746 3413 5815 judicio.
3439 5744 3558 5805 Tali

1998 5837 2155 5904 igitur
2185 5836 2393 5891 Domini
2419 5836 2681 5891 sententia
2705 5837 2909 5907 prolata
2939 5836 3194 5891 adversus
3222 5851 3432 5893 omnem
3460 5846 3555 5888 nn-

1997 5926 2166 5997 pimn,
2196 5925 2387 5980 etnihil
2411 5925 2744 5981 discernente
2780 5926 2917 5981 inter
2937 5926 3084 5980 vivos
3112 5935 3165 5979 et
3188 5935 3427 5983 mortuos
3447 5924 3549 5977 tm-

3184 6015 3262 6074 33
