4088 6598
594 507 729 574 1035

1906 510 2347 572 JUSTINIANI
2389 508 2544 569 1MP-

3693 503 3829 570 1036

589 628 776 690 νιετὰξῦ
815 629 1013 691 ζώντων
1054 629 1139 681 καί
1175 633 1358 700 νεκρῶν
1392 624 1687 700 αἱρετικῶν,
1735 633 1842 686 πῶς
1903 627 2146 694 τολμῶσιν

2258 627 2477 692 reticos,
2507 633 2778 694 quomodo
2824 628 3024 684 audent
3052 633 3299 686 resistere
3329 630 3419 685 tali
3450 631 3743 695 sententiae,
3765 641 3821 687 et

584 716 898 772 ἀντιπίπτειν
931 725 992 791 τῇ
1030 718 1242 788 τοιαύτῃ
1280 717 1559 789 ἀποφάσει,
1598 719 1822 775 καὶτοὺς
1861 714 2154 778 ἆπαξ,ἀσε·

585 809 869 872 δήσαντας,
900 813 984 863 καί
1008 807 1093 864 διὰ.
1120 815 1272 864 τοῦτο
1299 807 1394 866 ἤδη
1432 810 1532 863 ὑπὸ
1555 815 1643 862 τοῦ
1671 809 1844 880 κυρίου
1867 827 2153 879 κατακεκρι-

587 899 787 958 μένους.
817 899 994 970 λέγειν,
1021 903 1088 958 μή
1112 896 1214 953 δεῖν
1234 899 1362 969 μετὰ
1385 899 1596 952 θάνατον
1626 899 2032 972 κατακρίνεσθαι;
2068 900 2154 950 Καί

583 988 610 1042 ὅ
631 989 758 1048 θεῖος
780 987 832 1043 δὲ
848 989 1127 1048 ἀπόστολος
1145 988 1229 1043 τὸν
1249 989 1465 1062 Χριστὸν
1485 987 1623 1057 ἔχων
1644 991 1693 1041 ἐν
1707 988 1867 1057 ἑαυτῷ
1887 987 2150 1051 λαλοῦντα,

587 1082 641 1134 νὺ
683 1081 834 1152 μόνον
876 1081 1002 1134 κατά
1039 1081 1330 1153 ἀνθρώπων,
1372 1079 1492 1132 ἀλλά
1531 1081 1616 1131 καί
1656 1077 1766 1153 κατ’
1805 1079 2023 1149 ἀγγέλων
2065 1083 2153 1136 τήν

580 1172 821 1227 τοιαύτην
849 1173 1092 1243 ἐπήγαγεν
1121 1167 1403 1240 ἀπόφασιν,
1435 1172 1588 1222 εἰπών
1629 1170 1678 1221 ἐν
1817 1169 2053 1240 ἐπιστολῇ
2091 1175 2152 1240 τῇ

577 1255 963 1337 τερ-ἰςΤαλάτας·
997 1278 1014 1312 ε
1035 1258 1178 1315 ’Λλλά
1199 1263 1284 1314 καί
1304 1261 1387 1314 ἑάν
1408 1262 1571 1329 ἡμεῖς,
1593 1258 1623 1317 ἦ
1645 1257 1851 1331 ἅγγελος
1867 1261 1916 1323 ἐξ
1939 1261 2152 1332 οὐρανοῦ

582 1346 1118 1424 εὐαγγελίσηται-ὑμᾶς
1143 1352 1265 1425 παρ’
1287 1350 1311 1405 ὂ
1337 1353 1760 1424 εῦαγγελισάμεθα
1780 1353 1917 1422 ὑμῖν,
1935 1353 2152 1420 ἀνάθεμα

581 1442 738 1497 ἔστω.
780 1443 867 1504 Ὠς
909 1449 1301 1518 προειρήκαμεν,
1331 1445 1414 1496 καί
1452 1439 1567 1518 ἄρτι
1608 1441 1752 1496 πάλιν
1795 1441 1950 1513 λέγω⁶
1994 1440 2152 1501 εἴτις

583 1536 719 1605 ὑμᾶς
744 1536 1112 1608 εὐαγγελίζεται
1137 1536 1260 1609 παρ’
1284 1533 1308 1588 ὃ
1332 1535 1644 1604 παρελάϐετε
1661 1577 1676 1602 ,
1702 1535 1918 1604 ἀνάθεμα
1945 1533 2098 1589 ἴστω.
2127 1553 2145 1586 ι

585 1627 672 1678 Καὶ
698 1627 774 1684 τίς
799 1623 960 1684 οὕτως
983 1625 1204 1690 ἀσεϐής,
1234 1627 1300 1684 ὡς
1321 1625 1572 1694 τολμῆσαι
1599 1628 1756 1680 εἰπεῖν
1775 1664 1790 1687 ,
1813 1627 1893 1684 ὡς
1921 1628 1986 1680 τά
2011 1626 2152 1700 ποιρά

579 1711 839 1783 Θεοδώρου
861 1714 1060 1774 ἀσεϐῶς
1089 1717 1438 1789 aur/papam
1455 1757 1470 1780 ,
1498 1715 1527 1774 ἦ
1553 1717 1703 1791 μέρος
1722 1719 1884 1771 αὐτῶν
1905 1716 2151 1794 παρεδόθη

580 1806 706 1858 ποτε
736 1813 796 1878 τῇ
823 1805 941 1876 ἀγίτι
971 1812 1060 1860 τοῦ
1090 1813 1214 1859 Θεοῦ
1256 1809 1516 1879 ἐκκλησίᾳ,
1547 1806 1649 1860 ἀλλ’
1681 1809 1767 1860 οὐκ
1801 1809 1945 1868 εὐθὺς
1975 1808 2000 1862 ὁ
2028 1808 2153 1862 τολ-

581 1898 747 1960 μήσας
788 1916 837 1947 τι
864 1901 1086 1948 τοιοῦτον
1131 1897 1578 1969 παραφθίγξασθαι
1622 1896 1893 1968 ἀναθίματι
1935 1899 2148 1952 καθυπε-

581 1988 730 2045 εληθη
754 1989 893 2060 παρά
920 1994 1017 2040 τῶν
1047 1986 1207 2058 ἁγίων
1235 1988 1493 2059 πατέρων;

650 2075 708 2130 Εἴ
729 2098 804 2137 τις
830 2081 996 2131 τοίνυν
1033 2081 1162 2146 μετά
1199 2082 1287 2136 τήν
1325 2075 1562 2134 τοιαύτην
1602 2077 1749 2149 ὀρθήν
1787 2076 2042 2150 ὁμολογίαν
2072 2080 2154 2132 καί

581 2168 879 2240 κατάκρισιν
907 2177 1005 2221 τῶν
1035 2169 1296 2240 αίρετικῶν
1315 2210 1326 2224 .
1374 2177 1465 2226 τῆς
1504 2169 1741 2227 εὐσεϐοῦς
1769 2171 1955 2228 ἐννοίας
1991 2173 2154 2232 σωζο-

579 2261 750 2330 μένης.
767 2263 886 2335 περὶ
908 2260 1184 2328 ὀνομάτων,
1207 2260 1236 2318 ἦ
1266 2261 1549 2321 συλλαϐῶν,
1566 2260 1596 2319 ἦ
1623 2260 1799 2322 λέξεων
1823 2265 2148 2332 ζυγομαχῶν,

580 2352 790 2425 χωρίζει
819 2348 993 2404 ἑαυτὸν
1017 2357 1106 2409 τῆς
1138 2349 1280 2423 ἁγίας
1304 2357 1395 2405 τοῦ
1425 2356 1553 2404 Θεοῦ
1584 2350 1862 2414 ἐκκλησίας,
1897 2352 2072 2424 ῶσπερ
2103 2351 2152 2403 ἐν

579 2442 792 2512 ὀνόμασι
831 2443 997 2510 μόνοις
1033 2444 1115 2496 καί
1145 2443 1305 2506 λέξεσι
1339 2445 1565 2513 κειμένης
1591 2444 1706 2513 ἡμῖν
1737 2449 1828 2503 τῆς
1869 2443 2148 2505 εὐσεϐείας,

578 2532 682 2586 ἀλλ’
723 2534 807 2585 οῦκ
853 2533 900 2584 ἐν
942 2528 1268 2606 πράγμασιν,
1319 2532 1343 2587 ὁ
1383 2541 1610 2593 τοιοῦτος
1639 2535 1706 2593 ὡς
1734 2541 1847 2594 τοῖς
1885 2537 2150 2604 σχίσμασι

579 2625 775 2697 χαίρων
816 2623 958 2694 λόγον
997 2625 1158 2696 ὑφέξει
1199 2625 1329 2698 ὑπὲρ
1372 2625 1586 2688 ἑαυτοῦ,
1629 2629 1709 2679 καί
1743 2632 1842 2678 τῶν
1871 2625 1961 2679 ὑπ’
1991 2627 2148 2680 αὐτοῦ

577 2715 955 2786 ἀπατωμὲνων,
993 2713 1023 2774 ἦ
1059 2717 1512 2785 ἀπατηθησομινων
1559 2725 1631 2787 τῷ
1676 2718 1875 2791 μεγάλῳ
1915 2725 2024 2792 Θεῷ
2067 2722 2151 2774 καί

577 2812 769 2878 σωτῆρι
789 2806 926 2876 ἡμῶν
954 2803 1114 2863 Ἰησοῦ
1139 2813 1347 2882 Χριστῷ
1370 2809 1419 2860 ἐν
1445 2809 1605 2882 ﬁt).in
1634 2812 1867 2882 κρίσεως.
1894 2815 2063 2881 ’Δμήν.

576 2961 742 3043 fdi-ro;
769 2972 856 3020 τοῦ
887 2967 1136 3043 βασιλέως
1186 2964 1538 3043 ἰουστινιανοῦ
1565 2971 1691 3043 πρὸς
1720 2975 1806 3043 τήν
1834 2970 1976 3043 ἀγίαν
2001 2993 2036 3024 σ
2071 2994 2146 3026 νο-

645 2993 742 3025 τος
769 2993 856 3020 του
887 2993 1136 3039 ρασυ.εως
1204 2993 1538 3022 ιουστινιανου
1565 2993 1691 3043 προς
1720 2993 1806 3028 την
1901 2993 1976 3024 ίαν
2001 2993 2036 3024 σ
2071 2995 2074 3004 ¹

645 3035 732 3090 δον
757 3040 873 3111 περί
893 3035 1156 3109 Θεοδώρου
1177 3043 1264 3090 τοῦ
1287 3038 1634 3107 Μοψουεστίας
1653 3041 1735 3095 καί
1753 2993 2074 3095 τῶῖλοιπῶν.

644 3185 716 3230 Σπ
747 3174 842 3234 υδή
873 3178 960 3244 μὲν
988 3179 1182 3247 γέγονεν
1227 3180 1307 3232 ἀεί
1342 3186 1450 3239 τοῖς
1485 3177 1788 3254 ἇρθοδὸξοις,
1818 3186 1894 3233 καὶ
1923 3182 2146 3244 εῦσείῶς

576 3268 1069 3343 προίείῗασιλευκὸσι
1124 3277 1231 3329 τοῖς
1274 3272 1528 3347 ἡμετέροις
1574 3274 1838 3347 πατράσι,
1885 3274 1976 3333 τάς
2019 3275 2144 3329 κατά

2257 729 2352 768 eos
2393 715 2486 785 qui
2513 718 2678 771 semel
2704 718 2866 787 impie
2894 732 3138 788 egerunt,
3169 730 3222 776 et
3269 731 3490 793 propter
3527 725 3633 780 hoc
3653 723 3760 793 jam
3789 741 3821 781 ι

2256 805 2484 861 Domino
2513 808 2855 863 condemnati
2885 819 3033 877 sunt,
3058 812 3260 878 dicere,
3290 829 3399 868 non
3428 823 3680 883 oportere
3702 823 3822 885 post

2255 909 2482 954 mortem
2507 901 2888 957 condemnari?
2914 902 2980 958 Et
3006 905 3215 960 divinus
3243 916 3418 962 autem
3449 907 3654 980 [etiam]
3682 911 3824 979 Ape-

2255 989 2442 1056 stolus,
2465 991 2557 1060 qui
2595 991 2860 1048 Christum
2890 993 2942 1047 in
2971 995 3259 1064 semetipso
3305 996 3465 1050 habet
3493 997 3819 1066 loquentem,

2254 1096 2362 1134 non
2408 1081 2580 1135 solum
2625 1081 2879 1137 adversus
2919 1083 3193 1149 homines,
3222 1085 3316 1139 sed
3365 1088 3524 1140 etiam
3566 1087 3823 1142 adversus

2255 1169 2472 1237 angelos
2501 1170 2662 1224 talem
2685 1171 2907 1240 protulit
2929 1175 3268 1238 sententiam,
3299 1177 3482 1230 dicens
3510 1177 3562 1230 in
3592 1178 3816 1246 epistola

2254 1260 2318 1313 ad
2348 1259 2565 1315 Galatas
2588 1260 2736 1332 (Cap.
2758 1261 2796 1332 ι)
2831 1280 2844 1314 :
2890 1262 2996 1317 Sed
3023 1265 3142 1317 licet
3163 1282 3256 1319 nos
3276 1275 3363 1318 aut
3382 1267 3593 1334 angelus
3615 1269 3678 1320 de
3698 1271 3824 1321 creto

2255 1352 2674 1420 evangelisaverit
2697 1363 3034 1422 pneterquam
3073 1355 3209 1426 quod
3249 1358 3706 1428 euangelizavimus
3735 1375 3822 1411 eo-

2227 1439 2352 1506 ‘bis,
2383 1442 2658 1495 anathema
2684 1443 2770 1495 sit.
2805 1442 2952 1497 Sicut
2987 1446 3341 1514 pradiximus.
3372 1457 3420 1500 et
3467 1463 3604 1501 nunc
3639 1451 3820 1502 iterum

2255 1529 2368 1583 dico
2393 1545 2412 1583 :
2445 1530 2506 1584 Si
2533 1531 2647 1600 quis
2674 1530 2813 1585 vobis
2837 1534 3258 1604 evangelisauerit
3283 1545 3470 1605 praeter
3496 1538 3550 1590 id
3573 1541 3708 1610 quod
3727 1556 3820 1592 ac-

2255 1624 2480 1691 cepistis,
2505 1624 2782 1677 anathema
2801 1626 2888 1679 sit.
2913 1624 2980 1680 Et
3005 1627 3126 1695 quis
3156 1628 3227 1681 ita
3257 1629 3452 1697 impius
3479 1637 3578 1695 est,
3603 1641 3662 1684 ut
3685 1647 3820 1699 prte-

2253 1720 2431 1768 sumat
2453 1711 2650 1779 dicere,
2682 1714 2828 1782 quod
2852 1714 3118 1770 Theodori
3150 1717 3313 1787 impia
3335 1719 3551 1787 scripta,
3585 1720 3668 1774 vel
3698 1735 3822 1789 pars

2255 1819 2461 1870 eorum,
2492 1803 2682 1857 tradita
2713 1813 2794 1859 est
2821 1806 3106 1874 aliquando
3131 1816 3326 1862 sancta:
3349 1807 3441 1862 Dei
3471 1807 3733 1874 Ecclesiae,
3764 1819 3823 1864 et

2255 1912 2360 1950 non
2383 1896 2583 1964 statim,
2611 1897 2700 1964 qui
2751 1911 2910 1951 ausus
2937 1905 3017 1952 est
3044 1899 3242 1968 aliquid
3285 1901 3390 1954 tale
3425 1899 3569 1970 loqui
3598 1904 3821 1956 anathes-

2185 1998 2226 2055 Β
2256 1989 2383 2044 mati
2411 1989 2681 2056 subjectus
2709 1997 2790 2042 est
2820 2004 2850 2042 a
2878 1990 3078 2044 sanctis
3107 1989 3385 2046 Patribus?

2321 2077 2379 2133 Si
2405 2078 2522 2147 quis
2543 2079 2702 2147 igitur
2727 2086 2850 2148 post
2876 2078 3140 2146 ejusmodi
3168 2090 3370 2136 rectam
3403 2083 3818 2148 confessionem,

2252 2180 2307 2226 et
2333 2172 2704 2226 hzereticorum
2730 2172 3253 2242 condemnationem,
3274 2175 3424 2231 salvo
3453 2188 3704 2233 nianente
3732 2179 3820 2247 pio

2253 2262 2548 2327 intellectu,
2580 2260 2646 2316 de
2674 2262 2982 2318 nominibus
3007 2264 3091 2318 vel
3121 2265 3341 2334 syllabis
3387 2266 3472 2321 vel
3501 2269 3822 2324 dictionibus

2250 2352 2599 2417 contendens,
2616 2360 2829 2422 separat
2843 2367 2901 2408 se
2921 2367 2951 2406 a
2967 2362 3150 2408 sancta
3173 2354 3266 2409 Dei
3284 2355 3544 2425 Ecclesia,
3569 2368 3761 2427 tauqua
3770 2377 3822 2414 ιιι

2251 2455 2359 2495 non
2402 2440 2454 2493 in
2483 2441 2664 2508 rebus,
2692 2440 2784 2495 sed
2835 2439 2888 2496 in
2934 2441 3239 2497 nominibus
3265 2444 3394 2500 solis
3421 2454 3476 2498 et
3503 2447 3825 2502 dictionibus

2247 2530 2423 2600 posita
2453 2529 2607 2584 nobis
2659 2531 2903 2600 pietate:
2951 2531 3073 2586 talis
3120 2541 3178 2586 ut
3224 2541 3353 2603 pote
3402 2534 3823 2592 dissensionibus

2248 2617 2508 2688 gaudens,
2539 2619 2801 2674 rationem
2847 2636 2944 2689 pro
2971 2623 3279 2692 semetipso,
3303 2631 3358 2678 et
3382 2639 3480 2692 pro
3504 2625 3742 2696 deceptis
3765 2637 3824 2682 et

2249 2707 2574 2776 decipiendis
2617 2710 2684 2764 ab
2715 2725 2799 2775 eo,
2831 2710 3016 2765 reddet
3061 2725 3254 2780 magno
3298 2713 3408 2768 Deo
3457 2724 3512 2770 et
3554 2715 3822 2774 Salvatori

2249 2807 2435 2855 nostro
2449 2797 2582 2857 Jesu
2608 2798 2822 2855 Christo
2852 2802 2905 2855 in
2928 2802 3013 2857 die
3038 2802 3244 2872 judicii.
3276 2805 3466 2860 Amen.
3729 2798 3739 2805 ’

2247 2959 2968 3038 Justivoianijmperatorisad
2992 2975 3223 3019 sanctam
3250 2967 3499 3036 synodum
3519 2969 3734 3038 epistola
3755 2969 3824 3026 de

2529 3032 2814 3088 Theodosio
2842 3034 3204 3105 Mopsuesteno
3235 3032 3294 3090 εἰ
3308 3039 3533 3108 reliquis.

2318 3167 2543 3240 Semper
2569 3170 2780 3240 quidem
2801 3173 3032 3227 studium
3063 3173 3160 3228 fuit
3180 3175 3491 3231 orthoadxis
3514 3185 3570 3230 et
3595 3177 3695 3248 piis
3715 3177 3822 3233 im-

2251 3259 2589 3327 peratoribus
2631 3260 2870 3328 patribus
2909 3261 3123 3326 nostris,
3164 3279 3264 3332 pro
3307 3272 3550 3333 tempore
3602 3273 3825 3320 exorta:

577 3358 744 3428 καιρὸν
794 3357 1135 3427 ἀναφυομένας
1185 3359 1402 3435 αἱρέσεις
1452 3358 1533 3414 δά
1582 3359 1801 3414 συνόδων
1854 3362 2143 3418 ὁσιωτάτων

2249 3348 2478 3404 hazreses
2531 3365 2626 3420 per
2651 3353 3117 3420 congregationem
3171 3355 3691 3423 religiosissimorum
3731 3373 3824 3412 sa—

577 3444 744 3513 ίερίων
771 3444 1042 3506 ἐκκόπτειν,
1071 3448 1156 3498 καί
1177 3456 1268 3506 τῆς
1289 3447 1436 3521 ὀρθῆς
1463 3451 1687 3510 πίστεως
1712 3452 1935 3524 καθαρῶς
1959 3473 2145 3526 κηρυτ-

574 3536 785 3604 τομένης
815 3534 865 3587 ἐν
893 3537 1060 3610 ε⁷ρήνη
1085 3539 1175 3593 τήν
1204 3539 1347 3608 ἁγίαν
1386 3545 1474 3593 τοῦ
1509 3545 1633 3593 Θεοῦ
1675 3540 1935 3600 ἐκκλησίαν
1963 3540 2140 3614 διαφυ-

575 3623 768 3678 λάττειν
789 3641 800 3652 ’
829 3624 1003 3700 διόπερ
1026 3628 1105 3679 καί
1131 3636 1494 3687 Κωνσταντῖνος
1523 3627 1548 3682 ὁ
1570 3631 1744 3701 μέγας,
1767 3627 1954 3704 ’Δρείου
1983 3631 2139 3702 βλασ-

574 3723 848 3784 φημοῦντος
883 3721 966 3770 καί
994 3718 1240 3789 λέγοντος,
1278 3724 1347 3790 μή
1380 3716 1505 3774 εἶναι
1529 3722 1615 3776 τὸν
1646 3722 1750 3774 υἱὸν
1778 3721 2041 3792 ὁμοούσιον
2075 3731 2145 3794 τῷ

574 3814 681 3875 Θεῷ
707 3811 789 3860 καί
812 3810 991 3881 πατρί,
1017 3808 1140 3863 ἀλλά
1173 3812 1364 3880 κτίσμα
1404 3813 1490 3863 καί
1510 3808 1560 3873 ἕξ
1587 3813 1678 3866 οῦκ
1698 3806 1852 3865 ὄντων
1876 3812 2142 3883 γεγενέναι,

574 3898 875 3966 συναγαγὼν
892 3897 937 3948 ἐν
958 3897 1131 3970 Νικαίᾳ
1149 3899 1264 3956 τοὺς
1279 3900 1596 3973 τριακοσίους
1615 3897 1733 3953 δέκα
1747 3902 1830 3953 καὶ
1852 3901 1981 3954 ὀκτὼ
1996 3901 2146 3955 πα·ςέ-

575 4004 666 4059 ρας
686 4025 700 4046 ,
729 3989 814 4038 καί
849 3987 998 4046 αὐτὸς
1023 3988 1129 4040 ἐκεῖ
1151 3989 1552 4059 παραγενόμενος
1570 4031 1580 4046 ,
1610 3992 1692 4042 καί
1714 3995 1806 4044 τοῦ
1827 3992 2011 4065 ’Δρείου
2040 4011 2145 4044 κα-

578 4073 960 4136 ταδικασθέντος
977 4079 1059 4129 καὶ
1078 4078 1573 4148 ἀναθεματισθέντος,
1593 4077 1881 4132 ἐσπούδασε
1900 4085 1988 4136 τήν
2010 4079 2144 4153 ὀρθό-

573 4160 712 4225 δοξον
727 4171 966 4236 κρατῦναι
977 4169 1166 4218 πίστιν.
1184 4163 1247 4218 Δι’
1263 4163 1320 4226 ἧς
1336 4166 1732 4237 ὁμολογήσαντες
1744 4168 1787 4219 οί
1801 4169 1920 4220 θεῖοι
1930 4171 2144 4242 πατέρες

576 4253 838 4322 ὁμοούσιον
863 4250 983 4310 εἶναι
998 4257 1083 4313 τὸν
1099 4257 1205 4310 υίόν
1218 4265 1289 4328 τῷ
1303 4266 1411 4330 Θεῷ
1429 4260 1510 4310 καί
1532 4261 1703 4331 πατρί,
1723 4259 1842 4310 ἀλλά
1861 4265 1929 4329 μὴ
1951 4261 2144 4329 κτίσμα

576 4347 655 4395 καί
682 4345 727 4406 ἐξ
743 4346 827 4396 οῦν
849 4341 1002 4399 ὄντων
1014 4347 1279 4417 γεγονέναι.
1299 4347 1460 4420 μέχρι
1481 4353 1567 4399 νῦν
1589 4344 1762 4419 ᾅδεται
1778 4345 1872 4416 lia.
1891 4345 2136 4420 ᾅδονταιῇ

578 4437 668 4487 διαί
691 4431 952 4494 Θεοδόσιος
981 4432 1034 4489 δὲ
1063 4433 1088 4488 ὁ
1111 4435 1460 4510 πρεσϐύτερος
1477 4475 1491 4498 ,
1521 4434 1814 4490 Μακεδονίου
1837 4438 2139 4512 ἀρνουμένου

576 4529 668 4581 τήν
693 4525 903 4583 θεότητα
941 4532 1030 4580 τοῦ
1061 4525 1202 4598 ἀγίου
1234 4528 1539 4596 πνεύματος,
1571 4531 1652 4580 καὶ
1684 4525 2021 4602 ’Δπολιναρίου
2050 4535 2139 4582 τοῦ

576 4616 798 4684 μαθητοῦ
842 4619 996 4671 αὐτοῦ
1041 4618 1449 4688 βλασφημοῦντος
1489 4620 1557 4678 εἰς
1602 4625 1690 4677 τήν
1728 4622 2006 4691 οἰκονομίαν
2050 4629 2138 4676 τοῦ

2249 3439 2524 3494 cerdotum
2554 3449 2854 3510 amputare,
2893 3451 2948 3497 et
2967 3450 3115 3498 recta
3136 3443 3238 3499 ﬁde
3264 3447 3471 3500 sincere
3508 3447 3818 3517 praedicata,

2248 3530 2302 3584 in
2323 3545 2457 3600 pace
2475 3539 2713 3586 sanctam
2742 3533 2836 3587 Dei
2858 3533 3149 3590 Ecclesiam
3169 3537 3460 3593 custodire.
3482 3539 3824 3609 Quapropter

2249 3631 2304 3675 et
2317 3621 2697 3676 Constantinus
2712 3622 2950 3691 Magnus,
2964 3626 3090 3679 Ario
3111 3626 3514 3697 blasphemante
3534 3637 3589 3682 et
3605 3629 3823 3683 dicente

2247 3710 2440 3765 Filium
2471 3729 2575 3766 non
2598 3727 2717 3765 esse
2744 3715 3250 3768 consubstantialem
3302 3716 3410 3769 Deo
3437 3726 3489 3770 et
3531 3715 3697 3781 Patri,
3718 3718 3818 3770 sed

2248 3809 2566 3865 creaturam,
2601 3812 2654 3855 et
2698 3818 2763 3857 ex
2807 3818 2910 3857 non
2940 3805 3274 3860 exstantibus
3302 3804 3497 3861 factum
3518 3821 3659 3873 esse,
3680 3822 3821 3861 con-

2246 3892 2486 3962 gregavit
2524 3892 2712 3946 Nicaea:
2760 3901 3029 3948 trecentos
3051 3893 3236 3949 decem
3273 3903 3327 3949 et
3368 3903 3492 3949 octo
3521 3893 3731 3961 Patres,
3761 3904 3824 3950 et

2247 3998 2371 4037 cum
2399 3983 2512 4053 ipse
2533 3983 2761 4036 concilio
2783 3983 3128 4046 interfuisset,
3159 3985 3409 4038 damnato
3429 3993 3483 4038 et
3511 3985 3824 4038 anathema-

2247 4075 2409 4129 tizato
2458 4075 2586 4129 Ario
2629 4082 2828 4129 rectam
2879 4073 3036 4129 ﬁdem
3083 4075 3402 4130 confirmare
3443 4075 3642 4130 studuit
3675 4093 3688 4126 :
3720 4089 3824 4144 per

2245 4178 2404 4233 quam
2427 4163 2590 4218 divini
2621 4163 2695 4216 illi
2719 4161 2906 4217 Patres
2926 4164 3243 4226 conﬁtentes
3264 4163 3453 4217 Filium
3476 4165 3824 4218 consubstan-

2245 4254 2429 4309 tialem
2453 4269 2573 4309 esse
2603 4255 2712 4308 Deo
2741 4263 2796 4309 et
2841 4254 3005 4319 Patri,
3051 4271 3156 4309 non
3195 4271 3323 4309 vero
3350 4263 3647 4310 creaturam
3675 4263 3730 4309 et
3749 4271 3822 4310 ex

2250 4363 2356 4402 non
2386 4349 2718 4404 exstantibus
2756 4348 2973 4412 factum,
3023 4363 3195 4417 usque
3236 4347 3302 4402 ad
3330 4347 3642 4402 hodiernum
3673 4347 3822 4401 diem

2245 4439 2472 4492 canitur.
2525 4437 2861 4493 Theodosius
2891 4447 3068 4492 autem
3123 4439 3326 4504 senior,
3376 4437 3690 4492 Macedonio
3721 4453 3820 4490 ue-

2243 4535 2402 4596 gante
2448 4525 2702 4580 deitatem
2746 4526 2917 4579 sancti
2961 4525 3209 4594 Spiritus,
3242 4536 3297 4579 et
3326 4525 3651 4594 Apollinario
3696 4527 3820 4592 ejus

2243 4615 2500 4686 discipulo
2527 4615 2928 4684 blasphemante
2955 4615 3214 4669 incarnati
3243 4615 3336 4669 Dei
3367 4615 3520 4668 Verbi
3540 4614 3823 4683 dispensa-

576 4712 703 4759 Θεοῦ
728 4707 892 4778 λόγον,
925 4711 1007 4760 καί
1035 4709 1324 4776 φάσκοντος,
1349 4715 1465 4762 νοῦν
1491 4708 1791 4781 ἀνθρώπινον
1811 4715 1880 4780 μὴ
1905 4711 2142 4782 εἰληφέναι

2249 4707 2467 4771 tionem,
2495 4714 2550 4758 et
2575 4704 2786 4759 dicente
2815 4704 2904 4759 Dei
2929 4703 3159 4758 Verbum
3184 4720 3288 4758 non
3310 4704 3652 4772 assumpsisse
3668 4718 3824 4755 men-

579 4797 659 4850 τὸν
689 4802 777 4850 τοῦ
807 4803 930 4850 Θεοῦ
961 4796 1134 4865 λόγον,
1167 4797 1287 4850 ἀλλά
1317 4799 1470 4871 σαρκὶ
1501 4799 1731 4855 ἐνωθῆναι
1769 4799 1948 4868 ψυχήν
1973 4797 2143 4869 ἄλογον

575 4889 797 4960 ὶχούσῃ,
837 4891 1134 4958 συναγαγὼν
1163 4888 1210 4940 ἐν
1251 4889 1770 4944 Κωνσταντινουπὸλει
1803 4893 1918 4948 τοὺς
1949 4889 2018 4964 ρν¹
2045 4912 2142 4944 πα·

579 4980 723 5054 τέρας
754 4981 839 5031 καὶ
875 4981 1153 5050 μετασχὼν
1193 4981 1275 5033 καί
1302 4980 1452 5039 αὐτὸς
1494 4988 1588 5038 τῆς
1633 4977 1879 5038 συνόδου.
1925 4983 2010 5033 καί
2049 4987 2149 5035 τῶν

576 5070 838 5140 εἰρημένων
871 5069 1281 5142 καθαιρεθέντων,
1316 5072 1400 5122 καί
1429 5071 1920 5138 ἀναθεματισθέντων
1957 5073 2150 5143 αἱρετι-

575 5165 702 5221 κῶν,
728 5161 856 5228 μετά
884 5163 968 5212 καί
1002 5165 1098 5213 τῶν
1123 5160 1316 5214 ἀσεϐῶν
1349 5161 1507 5213 (αὐτῶν
1534 5159 1792 5232 δογμάτων
1832 5164 1914 5213 καί
1938 5161 2147 5233 ὁμοᾳρόο

574 5268 688 5307 νων,
715 5249 1059 5323 παρεσκεύασε
1088 5251 1176 5305 τήν
1200 5246 1447 5322 ὀρθόδοξον
1468 5251 1639 5302 πίστιν
1664 5249 2021 5322 κηρύττεσθαι.
2049 5253 2146 5304 Καὶ

573 5335 836 5396 Εενᾶὀσιος
875 5335 982 5391 δέὁ
1021 5338 1152 5401 νέος,
1198 5345 1288 5390 τοῦ
1330 5338 1549 5398 ἀσεϐοῦς
1579 5339 1848 5407 Νεστορίου
1881 5337 2142 5407 λέγοντος,

574 5423 717 5480 ἄλλον
743 5423 868 5480 εἶναι
892 5428 977 5481 τὸν
1016 5430 1138 5481 Θεὸν
1175 5428 1342 5498 λόγον,
1377 5431 1460 5482 καί
1491 5425 1632 5482 ἄλλον
1670 5427 1753 5482 τὸν
1781 5427 2025 5503 Χριστὸν,
2065 5433 2146 5484 καί

572 5520 656 5572 τὸν
690 5522 778 5583 μὲν
808 5519 953 5590 φύσει
978 5520 1083 5571 υίόν
1124 5527 1213 5572 τοῦ
1241 5527 1366 5574 Θεοῦ
1407 5524 1491 5573 καί
1520 5522 1716 5592 πατρὸς
1739 5558 1753 5581 ,
1780 5521 1865 5573 τὸν
1887 5518 1938 5574 δὲ
1965 5523 2144 5593 χάριτι

573 5608 680 5660 υἱὸν
704 5609 900 5669 ἀσεϐῶς
933 5611 1218 5681 ε⁷σάγσιτος
1235 5651 1248 5672 ,
1278 5613 1364 5662 καί
1401 5616 1487 5667 τὴν
1513 5610 1660 5682 ἀγίαν
1688 5611 1878 5686 Μαρίαν
1903 5606 2022 5664 εἶναι
2044 5613 2145 5663 θεο-

570 5698 721 5754 τὸκον
769 5699 1103 5772 ἀρνουμένου,
1147 5703 1449 5772 συναγαγὼν
1489 5707 1577 5757 τήν
1605 5701 1851 5773 προτέραν
1884 5700 1929 5750 ἐν
1964 5702 2146 5770 Ἐφέσῳ

571 5799 673 5843 τών
699 5787 961 5844 διακοσίων
999 5790 1151 5858 ἁγίων
1190 5791 1418 5863 πατέρων
1449 5787 1686 5848 σύνοδον.
1721 5791 1805 5840 καί
1844 5789 2146 5848 ἀποστείλας

571 5879 835 5949 ἄρχοντας
858 5882 1136 5954 ὀφείλοντας
1167 5888 1393 5956 παρεῖναι
1425 5887 1485 5950 τῇ
1507 5877 1726 5949 συνςίδῳ,
1756 5879 2035 5951 προσέταξε
2065 5881 2147 5932 καί

573 5992 660 6030 τον
691 5983 952 6047 Νεστοριον
981 5969 1373 6047 παραγενέσθαι,
1419 5965 1505 6017 καί
1533 5967 1695 6039 κρίσιν
1738 5965 1818 6022 ἐπ’
1844 5970 1978 6042 αὐτῷ
2013 5972 2146 6040 γενέ.

2246 4803 2356 4850 tem
2380 4795 2690 4860 humanam,
2722 4795 2815 4850 sed
2837 4796 2984 4851 carni
3004 4797 3232 4849 animam
3261 4794 3577 4848 rationalem
3599 4793 3823 4850 habenti

2249 4885 2410 4939 fuisse
2464 4885 2690 4947 unitum,
2745 4886 3083 4955 congregatis
3130 4886 3180 4938 in
3226 4881 3824 4951 Constantinopolitana

2251 4973 2382 5027 urbe
2428 4981 2643 5027 centum
2689 4974 3071 5042 quinquaginta
3122 4972 3384 5037 Patribus,
3415 4986 3480 5025 ac
3510 4972 3623 5039 ipse
3651 4972 3818 5039 partio

2251 5076 2377 5130 ceps
2421 5061 2629 5116 concilii
2660 5061 2897 5125 effectus,
2929 5062 3190 5136 damnatis
3230 5070 3285 5116 et
3327 5061 3674 5114 anathemate
3696 5075 3823 5130 per-

2251 5153 2412 5207 culsis
2465 5153 2732 5222 praedictis
2784 5155 3047 5208 hmreticis
3096 5168 3198 5207 una
3243 5167 3364 5207 cum
3411 5152 3589 5220 impiis
3629 5166 3818 5208 eorum

2251 5242 2588 5310 dogmatibus
2616 5257 2678 5296 ac
2708 5243 3082 5306 sectatoribus,
3115 5257 3296 5295 curam
3326 5240 3565 5294 adhibuit
3586 5249 3645 5293 ut
3670 5251 3821 5294 recta

2252 5329 2382 5384 ﬁdes
2423 5328 2816 5398 praedicaretur.
2865 5328 3194 5383 Theodosius
3243 5343 3370 5382 vero
3398 5326 3608 5394 Junior,
3653 5327 3823 5395 impio

2253 5419 2500 5473 Nestorio
2525 5419 2734 5473 dicente
2756 5420 2917 5472 alium
2947 5434 3066 5474 esse
3095 5419 3260 5474 Deum
3287 5417 3540 5482 Verbum,
3571 5426 3627 5471 et
3654 5419 3821 5471 alium

2248 5508 2545 5573 Christum,
2577 5523 2640 5562 ac
2671 5508 2900 5561 Verbum
2953 5509 3165 5576 quidem
3216 5516 3407 5562 natura
3459 5521 3578 5560 esse
3625 5505 3822 5560 Filium

2250 5600 2340 5654 Dei
2372 5609 2426 5654 ct
2450 5599 2635 5664 Patris,
2661 5598 2930 5654 Christum
2950 5615 3078 5655 vero
3101 5609 3304 5653 tantum
3336 5615 3402 5653 ex
3425 5599 3595 5667 gratia
3625 5597 3822 5651 Filium

2246 5692 2409 5760 impie
2440 5691 2831 5755 iutroducente,
2864 5699 2920 5745 et
2946 5700 3185 5746 sanctam
3215 5691 3437 5744 Mariam
3462 5688 3558 5743 Dei
3595 5689 3824 5757 genitri-

2246 5797 2362 5837 cem
2392 5798 2509 5836 esse
2535 5791 2764 5851 negante
2788 5800 2802 5850 ;
2845 5783 3189 5851 congregavit
3217 5782 3453 5851 priorem
3493 5779 3821 5849 Ephesinam

2245 5874 2506 5946 synodum
2539 5882 2890 5929 ducentorum
2931 5885 3236 5930 sanctorum
3264 5873 3499 5938 Palmm,
3525 5882 3579 5928 et
3599 5874 3822 5929 directis

2248 5965 2579 6038 principibus
2603 5967 2692 6035 qui
2723 5967 2980 6021 deberent
3007 5966 3234 6021 concilio
3275 5967 3548 6032 interesse,
3576 5967 3734 6034 jussit
3762 5971 3826 6035 et
