4088 6530
357 453 488 520 1037

1083 441 1444 504 EPISTOLA
1484 450 1881 510 ADVERSUS
1918 453 2395 515 THEODORUM
2439 452 2854 517 MOPSUEST.

3441 459 3578 526 1038

351 568 488 616 σθαι.
517 566 604 617 Καί
635 561 696 622 δή
724 567 979 637 γενομένης
1008 568 1247 641 ἀκριϐοῦς
1277 568 1553 634 ἐξετάσεως
1590 571 1905 627 κατεδίκασαη

2021 573 2195 641 ipsum
2253 572 2555 628 Nestorium
2585 574 2795 643 adesse,
2827 586 2879 630 et
2919 577 3174 645 judicium
3203 579 3270 634 de
3312 594 3379 634 eo
3430 581 3543 637 ﬁeri
3574 603 3587 638 :

360 653 620 724 lscroptou
640 695 655 716 ,
693 656 1142 725 ἀναθεματίσαντες
1168 663 1261 714 σύν
1296 671 1399 721 τοῖς
1430 663 1700 737 όμόφροσιν
1743 668 1915 720 αὑτοῦ.

356 743 545 795 τούτων
572 742 624 796 δέ
655 744 788 797 οὕτω
816 746 1181 817 προελθόντων,
1214 751 1581 812 ἐπαναστάντες
1603 755 1820 826 manu
1847 764 1920 827 τῷ

350 832 711 900 πανοσιωτάτῳ
731 832 777 885 oi
801 841 893 891 τῆς
913 834 1178 903 ἐξαγίστου
1200 840 1472 911 Νεστορίου
1500 840 1714 917 μερίδος,
1740 843 1920 896 ἐσπού-

346 918 509 974 δασαν
526 961 540 983 ,
579 921 638 976 τό
660 942 716 994 γε
758 920 835 975 ἔπ’
859 925 1045 986 αὐτοῖς,
1074 926 1349 998 ἀνατρέψαι
1374 934 1464 986 την
1490 933 1622 984 κατά
1648 938 1917 1007 Νεστορίου

345 1014 669 1084 γεγενημένην
712 1015 890 1088 κρίσιν.
918 1012 1037 1067 Ἀλλ’
1081 1008 1165 1067 οὖν
1205 1036 1259 1087 γε
1313 1015 1574 1079 Θεοδόσιος
1606 1020 1632 1073 ὁ
1680 1022 1920 1083 βασιλεὺς

346 1105 825 1173 ἀντιλαμϐανόμενος
853 1112 950 1158 τῶν
990 1102 1142 1167 ὄντως
1178 1107 1336 1179 ὀρθῶς
1370 1111 1500 1162 κατά
1540 1114 1805 1185 Neo-rapiat)
1836 1118 1919 1168 καὶ

345 1201 445 1249 τῶν
485 1202 708 1271 πονηρῶν
755 1196 909 1248 αὐτοῦ
950 1193 1213 1266 δογμάτων
1240 1198 1530 1273 κριθέντων,
1566 1203 1918 1273 παρεσκεύασε

346 1293 549 1357 κρατεῖν
600 1287 833 1357 γενναίως
873 1284 1112 1355 [Latinus
1156 1285 1417 1353 interpres
1455 1286 1582 1355 legit
1616 1288 1797 1360 οὕτως]
1831 1296 1919 1349 τήν

345 1376 423 1428 ἔπ’
473 1380 615 1447 αύτῷ
667 1377 993 1447 γεγενημένην
1042 1378 1221 1448 κρίσιν.
1281 1379 1371 1429 Καὶ
1429 1379 1530 1451 γὰρ
1596 1379 1726 1451 πρὸς
1794 1382 1915 1434 τού-

341 1492 449 1530 τοις
493 1476 578 1525 καί
638 1469 762 1525 ἄλλα
814 1473 926 1526 τινὰ
979 1473 1106 1525 κατά
1153 1477 1239 1525 τοῦ
1288 1473 1419 1525 θείου
1472 1472 1707 1548 ιυρίλλου
1759 1495 1917 1527 κατα-

342 1562 764 1631 φλυαρησάντων,
828 1563 1004 1635 γράφει
1065 1564 1193 1638 πρὸς
1256 1564 1341 1617 τόν
1404 1564 1615 1631 βασιλέα
1682 1561 1915 1638 Κύριλλος

340 1662 569 1708 τοιαῦτα·
603 1672 619 1704 t
640 1652 935 1728 Ἐπειδήπερ
957 1655 1223 1726 ἐπυθόμην,
1251 1650 1289 1707 ὦ
1318 1654 1651 1708 εὐσεϐέστατε
1679 1655 1910 1726 βασιλεῦ,

342 1755 440 1801 τῶν
462 1748 729 1821 φιλολογεῖν
767 1746 1003 1800 εἰωθότων
1028 1748 1166 1805 τινάς
1210 1748 1391 1822 ἀγρίων
1425 1753 1623 1816 σφηκῶν
1661 1744 1799 1803 δίκην
1824 1767 1916 1802 πε-

339 1838 598 1913 ριϐομϐεῖν
616 1878 629 1897 ,
664 1840 747 1891 καί
785 1838 1080 1910 μοχθηρούς
1106 1838 1391 1907 ἐρεύγεσθαι
1429 1836 1540 1891 κατ’
1566 1837 1687 1905 ἐμοῦ
1711 1837 1909 1908 λόγους,

2022 663 2369 733 diligentique
2416 666 2816 721 examinatione
2843 667 2999 734 facta,
3032 669 3353 725 damnarunt
3380 682 3431 726 et
3461 688 3573 728 ana-

2024 753 2437 808 thematizarunt
2467 753 2769 810 Nestorium
2798 772 2901 811 una
2923 773 3044 812 cum
3068 762 3421 817 sectatoribus
3449 766 3587 833 ejus.

2020 844 2115 899 His
2134 852 2311 899 autem
2341 845 2413 899 ita
2442 846 2756 911 subseculis,
2788 863 2907 901 cum
2956 848 3365 906 insurrexissent
3399 864 3588 911 contra

2018 935 2411 989 sanctissimum
2466 932 2723 1005 Cyrillum
2779 946 3072 993 sectatores
3126 941 3273 1010 impii
3322 942 3585 1012 Nestorii,

2016 1025 2195 1078 conati
2216 1032 2341 1078 sunt
2363 1026 2638 1093 (quantum
2670 1027 2721 1080 in
2749 1028 2875 1097 ipsis
2898 1029 3015 1101 fuit)
3041 1034 3344 1089 rescindere
3364 1045 3580 1090 senten-

2018 1114 2146 1167 tiam
2174 1124 2361 1169 contra
2390 1115 2690 1189 Nestorium
2713 1118 2894 1171 latam.
2920 1119 3024 1174 Sed
3056 1122 3388 1179 Theodosius
3414 1126 3585 1194 impc-

2018 1213 2183 1267 rator,
2217 1204 2508 1261 defendens
2534 1222 2597 1261 ea
2628 1223 2745 1276 qua:
2779 1210 2850 1262 ita
2885 1220 3031 1265 recte
3064 1222 3250 1267 contra
3281 1215 3580 1272 Nestorium

2018 1303 2073 1348 et
2102 1296 2258 1363 impia
2290 1297 2403 1364 ejus
2427 1298 2677 1365 dogmata
2708 1300 2916 1353 fuerant
2940 1301 3198 1370 judicata,
3230 1307 3587 1364 damnationis

2017 1388 2332 1439 sententiam
2370 1387 2419 1440 in
2453 1402 2573 1441 eum
2604 1387 2797 1443 factam
2828 1400 2999 1445 ratam
3030 1394 3215 1449 haberi
3246 1398 3471 1453 curavit.
3502 1398 3587 1452 ln-

2017 1491 2177 1545 super
2205 1487 2383 1531 autem
2415 1495 2533 1533 cum
2556 1489 2609 1533 et
2637 1481 2877 1549 qumdam
2905 1484 3007 1537 alia
3030 1486 3253 1541 crimina
3282 1489 3461 1544 divino
3481 1488 3587 1560 Cy-

2016 1565 2136 1618 rillo
2176 1566 2313 1634 apud
2361 1568 2735 1636 imperatorem
2788 1574 3063 1638 nugaciter
3108 1575 3485 1644 impingerent,
3517 1580 3584 1633 ad

2016 1658 2392 1726 imperatorem
2424 1660 2651 1730 Cyrillus
2680 1663 2731 1715 in
2775 1663 2913 1718 hanc
2954 1668 3274 1723 sententiam
3325 1671 3535 1740 scripsit
3564 1688 3579 1723 :

2021 1766 2040 1798 ι
2068 1746 2356 1816 Postquam
2398 1750 2526 1804 mihi
2547 1793 2562 1816 ,
2593 1752 2831 1821 piissime
2860 1755 3174 1824 imperator,
3219 1761 3583 1814 renuntiatum

2014 1848 2115 1902 est,
2147 1838 2407 1906 quosdam
2447 1842 2686 1908 garrulos
2715 1842 2886 1896 instar
2920 1860 3201 1914 vesparum
3232 1848 3462 1903 ferarum
3492 1865 3583 1904 su-

341 1930 407 1986 ώς
438 1929 488 1990 ἐξ
515 1930 728 2002 ούρανοῦ
757 1929 1140 1997 κατακομισθέν,
1174 1929 1261 1980 καί
1297 1927 1382 1979 οὐκ
1406 1927 1459 1979 ἐκ
1481 1935 1570 1989 τῆς
1599 1925 1748 1996 ἀγίας
1772 1949 1905 2000 παρ·

2011 1929 2176 1983 snrris
2196 1930 2303 1983 suis
2329 1945 2483 1983 aures
2533 1940 2649 1984 tuas
2678 1948 2987 2002 personare,
3024 1944 3077 1989 et
3106 1937 3387 1992 maledicta
3419 1939 3468 1992 in
3494 1955 3582 1995 me

338 2020 478 2071 θ’νου
501 2018 726 2087 λέγοντος
762 2018 819 2071 τό
857 2018 983 2070 Θεῖον
1014 2024 1165 2087 σῶμα
1193 2022 1445 2090 Χριστοῦ,
1476 2019 1560 2070 καί
1597 2018 1688 2082 μέν
1723 2039 1800 2071 τοι
1826 2021 1910 2072 καί

338 2107 429 2160 δύο
449 2131 479 2161 υ
490 2110 591 2168 To};
618 2103 748 2162 κατά
765 2108 1031 2181 Νεστόριον
1050 2107 1299 2179 ὁμολογεῖν
1314 2109 1447 2178 ἡμᾶς
1469 2108 1907 2182 κατεφλυάρησαν,

337 2199 445 2252 δεῖν
465 2202 685 2270 ᾠήθημεν
707 2200 847 2269 ὀλίγα
862 2200 981 2272 περί
998 2199 1175 2251 τούτου
1198 2198 1324 2271 πρὸς
1345 2199 1532 2259 αὐτούς
1556 2200 1710 2253 εἰπεῖν
1728 2198 1906 2259 οὕτως·

336 2288 409 2342 Ὠ
435 2290 633 2347 ἀνόητοι
658 2290 741 2344 καί
772 2290 916 2361 μόνον
944 2288 1125 2349 εἶδότες
1152 2299 1496 2362 συκοφαντεῖν,
1528 2299 1637 2350 πῶς
1664 2293 1735 2351 εἰς
1762 2297 1915 2347 τοῦτο

335 2382 631 2450 παρήχθητε
675 2384 910 2451 γνώμης,
956 2384 1038 2433 καί
1074 2382 1329 2439 τοσαύτην
1366 2386 1663 2439 νενοσήκατε
1696 2385 1906 2445 μανίανς

335 2469 439 2527 ἴδει
470 2479 640 2543 σαφῶς
682 2474 891 2538 έννοείν,
923 2470 999 2525 ὅτι
1042 2470 1232 2541 σχεδόν
1278 2471 1412 2532 ἄπας
1436 2475 1555 2542 ἡμῖν
1598 2472 1624 2527 ό
1662 2475 1790 2548 ύπέρ
1818 2482 1910 2533 τῆς

336 2565 555 2621 πίστεως
596 2564 728 2634 ἀγὼν
755 2555 1147 2630 συνεκεκρότητο
1177 2562 1663 2634 διαδεξαιουμένοις,
1694 2562 1769 2620 ὅτι
1796 2567 1905 2619 θεο-

334 2652 477 2711 τόκος
512 2652 647 2705 ἐστίν
673 2656 703 2711 ἡ
732 2652 850 2725 ἁγία
877 2657 1063 2729 Μαρία.
1092 2648 1214 2709 Ἀλλ’
1239 2657 1445 2731 ἐπείπερ
1475 2659 1525 2721 ἐξ
1554 2659 1791 2731 ούρανοῦ,
1822 2661 1908 2711 καί

334 2746 424 2796 οὐκ
450 2744 498 2806 ἐξ
518 2745 669 2804 αὐτῆς
692 2748 1015 2817 γεγεννῆσθαι
1041 2746 1100 2800 τό
1138 2747 1265 2800 θεῖον
1291 2754 1443 2815 σῶμα
1464 2753 1556 2800 τοῦ
1584 2754 1807 2822 Χριστοῦ
1826 2747 1908 2801 λέ·-

332 2854 510 2905 γομεν,
548 2837 615 2897 ὥς
640 2858 793 2909 φασι,
823 2844 932 2897 πῶς
962 2833 1019 2890 ἂν
1046 2846 1209 2892 νοοῖτο
1238 2839 1497 2902 θεοτόκοςς
1526 2842 1636 2892 τίνα
1656 2838 1754 2913 γάρ
1783 2839 1908 2897 ὅλως

331 2928 554 2987 τέτοκεν,
582 2931 624 2980 εἰ
645 2931 713 2997 μή
743 2928 877 2981 ἔστιν
910 2928 1080 2989 ἀληθές
1102 2926 1179 2982 ότι
1208 2928 1466 3000 γεγέννηκε
1490 2931 1617 2983 κατά
1634 2930 1798 3002 σάρκα
1825 2931 1906 2983 τόν

336 3023 674 3094 Ἐμμανουὴλς
703 3022 1029 3090 γελάσθωσαν
1057 3024 1222 3077 τοίνυν
1249 3023 1294 3076 oi
1318 3028 1481 3077 ταῦτα
1503 3026 1585 3074 καί
1613 3024 1675 3076 τὰ
1696 3028 1905 3076 τοιαῦτα

334 3113 451 3165 κατ’
502 3114 623 3181 ἐμοῦ
678 3113 1103 3184 πεφλυαρηκὸτες.
1148 3113 1219 3164 Ού
1256 3115 1355 3184 γάρ
1403 3111 1646 3181 ψεύδεται
1680 3099 1834 3183 λέγωξι
1880 3111 1905 3165 ό

334 3204 498 3271 μακάρ
525 3222 576 3261 ος
599 3202 821 3261 Ἦσαίας’
841 3230 911 3241 -·-
927 3201 1057 3255 Ἰδού
1080 3205 1110 3259 ἡ
1129 3205 1372 3273 παρθένος
1402 3204 1447 3255 ἐν
1465 3206 1651 3277 γαστρί
1678 3205 1793 3267 ἕξει,
1821 3206 1907 3257 καί

2012 2024 2277 2083 eructare,
2310 2027 2569 2087 nugantes
2599 2035 2685 2073 me
2710 2036 2952 2077 asserere
2980 2022 3177 2079 Christi
3200 2026 3432 2081 divinum
3461 2044 3583 2083 cor-

2011 2123 2110 2177 pus
2129 2108 2265 2163 coelo
2294 2108 2549 2171 delatum,
2581 2118 2636 2164 et
2660 2114 2768 2164 nOn
2790 2111 2857 2166 de
2886 2121 3068 2167 sancta
3100 2114 3318 2183 Virgine
3342 2131 3583 2188 assump-

2013 2205 2151 2263 tum;
2185 2198 2418 2268 itemque
2448 2199 2580 2256 duos
2610 2201 2747 2256 iilios
2770 2203 2836 2257 de
2864 2206 3125 2258 sententia
3156 2206 3381 2262 Nestorii
3414 2207 3584 2263 conli-

2011 2290 2110 2343 teri
2137 2307 2150 2342 :
2184 2290 2486 2345 existimavi
2511 2291 2711 2348 debere
2740 2310 2825 2349 me
2862 2296 3117 2351 adversus
3155 2298 3299 2367 ipsos
3328 2316 3497 2369 pauca
3527 2302 3580 2356 in

2011 2378 2149 2434 hanc
2192 2382 2508 2435 sententiam
2539 2383 2715 2438 dicere
2743 2402 2754 2435 :
2798 2384 2843 2437 Ο
2872 2385 3021 2450 fatui,
3052 2396 3105 2440 et
3149 2390 3344 2444 nullius
3373 2392 3449 2445 rei
3481 2391 3581 2446 nisi

2010 2470 2365 2527 calumniandi
2439 2476 2627 2542 gnari,
2674 2477 2946 2545 quomodo
3001 2479 3055 2531 in
3106 2480 3245 2535 hanc
3290 2481 3581 2537 devenistis

2008 2562 2346 2625 sententiam,
2374 2571 2685 2633 tantumque
2714 2566 2933 2621 insania:
2961 2571 3322 2639 concepistis?
3349 2570 3579 2627 Omnino

2010 2652 2150 2705 enim
2178 2655 2461 2723 oportebat
2482 2656 2585 2710 hoc
2612 2673 2706 2711 vos
2730 2660 3009 2728 perspicue
3037 2663 3255 2724 sentire,
3282 2671 3447 2716 totam
3472 2664 3581 2718 fere

2010 2750 2247 2796 nostram
2270 2744 2336 2797 de
2360 2742 2459 2797 ﬁde
2480 2745 2893 2814 disputationem
2937 2749 3059 2803 inde
3088 2760 3281 2814 ortam,
3312 2754 3451 2821 quod
3483 2769 3581 2807 nos

2009 2839 2247 2884 sanctam
2278 2832 2496 2887 Mariam
2530 2833 2810 2904 Deiparam
2840 2851 2959 2891 esse
2994 2840 3385 2893 contendimus.
3416 2841 3579 2909 Atqui

2008 2923 2071 2987 si,
2098 2932 2154 2977 ut
2175 2924 2248 2977 illi
2277 2924 2479 2987 dicunt,
2511 2941 2609 2979 nos
2643 2942 2839 2996 corpus
2879 2928 3075 2983 Christi
3099 2928 3337 2984 divinum
3369 2932 3579 2986 ccelitus

2008 3015 2238 3079 venisse,
2269 3030 2374 3069 non
2404 3031 2469 3072 ex
2500 3017 2614 3087 ipsa
2658 3026 2842 3072 natum
2885 3020 3129 3083 dicimus,
3163 3023 3434 3090 quomodo
3456 3021 3579 3077 Dei-

2010 3117 2137 3171 para
2167 3104 2270 3158 dici
2308 3106 2541 3174 poterit?
2569 3106 2737 3172 Quem
2766 3108 2910 3161 enim
2939 3111 3169 3180 peperit,
3198 3110 3241 3163 si
3270 3110 3371 3165 hoc
3394 3127 3575 3166 verum

2011 3207 2116 3245 non
2166 3200 2269 3253 est,
2301 3193 2443 3261 quod
2474 3196 2766 3250 secundum
2807 3201 3025 3252 car'nem
3076 3201 3345 3268 pepererit
3373 3199 3577 3254 Emma-

331 3294 523 3355 τέξεται
550 3293 671 3353 υ’ὀν,
704 3294 790 3346 καί
825 3292 1097 3347 καλέσουσι
1123 3294 1180 3346 τό
1211 3290 1364 3364 ὄνομα
1396 3295 1548 3348 αὐτοῦ
1572 3295 1899 3366 Ἐμμανουήλ,

2010 3282 2256 3336 nuelem?
2286 3282 2580 3340 Rideantur
2606 3278 2744 3353 ergo
2765 3289 2853 3355 qui
2882 3289 2995 3343 haec
3024 3297 3079 3343 et
3109 3291 3231 3344 talia
3261 3292 3327 3345 de
3355 3308 3443 3348 me
3464 3292 3577 3346 hla-

331 3382 361 3437 ό
381 3382 510 3446 ἐστι,
530 3385 630 3453 μεθ’
655 3386 791 3452 ἡμῶν
816 3384 839 3435 ὁ
864 3385 1009 3444 Θεός.
1028 3412 1095 3423 --
1113 3385 1357 3441 ’Δληθεύει
1378 3384 1429 3437 δέ
1450 3386 1649 3446 πάντως
1670 3389 1748 3439 καί
1766 3385 1791 3439 ό
1813 3388 1905 3460 ἀρ-

334 3476 587 3547 χάγγελος
609 3474 827 3548 Γαϐριὴλ
844 3476 970 3548 πρὸς
985 3479 1073 3532 τήν
1090 3475 1333 3548 παρθένον
1354 3476 1607 3529 είπὼνο-
1626 3480 1701 3533 Μὴ
1726 3476 1901 3545 φοϐοῦ,

334 3572 572 3643 Μαριάμ,
605 3564 748 3641 εὗρες
777 3569 875 3642 γάρ
914 3569 1068 3640 χάριν
1106 3569 1244 3639 παρά
1267 3575 1339 3639 τῷ
1371 3575 1509 3638 Θεῷ·
1538 3569 1617 3620 καί
1650 3565 1755 3621 ἰδού
1786 3567 1905 3621 συλ-

332 3657 469 3732 λὴιιιῃ
495 3659 542 3710 έν
562 3661 773 3731 γαστρί,
804 3661 888 3710 καί
929 3659 1085 3720 τέξεις
1121 3658 1252 3721 υίὸν,
1297 3663 1377 3710 καί
1400 3658 1629 3717 καλέσεις
1666 3660 1723 3713 τὸ
1753 3657 1905 3728 ἕνομα

336 3750 489 3801 αὐτοῦ
514 3747 729 3804 Ἰησοῦν.
760 3747 916 3805 Δύτός
935 3749 1035 3819 γὰρ
1067 3749 1228 3800 σώσει
1246 3747 1333 3801 τόν
1360 3748 1473 3801 λαόν
1502 3749 1653 3801 αὑτοῦ
1684 3748 1784 3801 ἀπὸ
1804 3756 1904 3802 τῶν

333 3836 592 3913 ἁμαρτιῶν
608 3840 784 3891 αὐτῶν.
802 3834 1034 3909 -ῘΟταν
1047 3835 1097 3889 δὲ
1109 3837 1325 3908 λέγομεν,
1342 3834 1522 3890 ἄνωθεν
1537 3837 1586 3899 ἐξ
1598 3839 1807 3911 ούρανοῦ
1819 3840 1904 3891 τόν

333 3931 502 4002 κύριον
527 3931 663 3999 ἡμῶν
689 3928 883 3986 Ἰησοῦν
913 3929 1126 4002 Χριστόν
1144 3967 1158 3989 ,
1192 3930 1297 3998 οὐχ
1324 3931 1391 3990 ὡς
1418 3926 1601 3982 ἄνωθεν
1621 3930 1670 3992 ἐξ
1698 3930 1901 3999 ούρανοῦ

332 4022 716 4089 κατενεχθείσης
738 4030 826 4079 τῆς
849 4020 991 4091 ἁγίας
1014 4022 1172 4075 αὑτοῦ
1201 4022 1386 4091 σαρκός
1409 4023 1573 4076 ταῦτά
1592 4042 1768 4093 φαμεν,
1800 4023 1902 4077 ἀλλ’

333 4115 400 4171 ὡς
422 4114 648 4183 ἑπόμενοι
669 4121 740 4184 τῷ
758 4115 873 4184 ἱερῷ
890 4114 1059 4181 Παύλῳ
1076 4115 1332 4183 φάσκοντι.
1352 4142 1418 4151 —
1433 4124 1484 4165 Ὀ
1498 4122 1694 4187 πρῶτος
1710 4111 1874 4188 ἆνθρω
1887 4143 1900 4152 ·

332 4223 429 4262 πος
456 4204 509 4255 ἐκ
531 4210 623 4273 γῆς
666 4205 868 4271 χοικός,
907 4201 932 4255 ό
979 4200 1209 4276 δεύτερος
1240 4200 1265 4255 ὁ
1305 4204 1471 4276 κύριος
1500 4204 1548 4266 έξ
1577 4205 1801 4279 ούρανοῦ.
1833 4234 1903 4245 --

332 4297 619 4363 Μεμνημεθα
642 4291 694 4345 δὲ
738 4296 821 4345 καί
848 4294 998 4345 αὐτοῦ
1036 4298 1126 4346 τοῦ
1165 4295 1339 4364 κυρίου
1368 4293 1614 4362 λέγοντος,
1643 4323 1712 4333 -—
1730 4293 1902 4353 Οὐδείς

331 4385 630 4441 ἀναϐέϐηκεν
664 4388 733 4443 ε’ς
760 4385 845 4437 τόν
876 4385 1104 4457 οὐρανόν,
1136 4386 1179 4436 εί
1201 4390 1269 4455 μή
1309 4383 1334 4437 ό
1362 4385 1416 4437 έκ
1457 4392 1543 4438 τοῦ
1574 4387 1780 4456 ούρανοῦ
1812 4409 1902 4439 κα-

332 4477 519 4540 ταϐὰς,
553 4476 576 4530 ό
603 4478 710 4535 ν’ός
740 4484 829 4531 τοῦ
857 4477 1136 4548 ἀνθρώπου.
1166 4504 1235 4516 --
1256 4479 1417 4530 Καίτοι
1456 4480 1743 4550 γεγέννηται
1769 4482 1899 4533 κοντά

330 4569 528 4641 σάρκα,
561 4569 629 4625 ὡς
653 4564 846 4640 εἴρηται
864 4607 878 4628 ,
921 4568 972 4618 ἐκ
1001 4574 1090 4625 τῆς
1112 4566 1252 4638 ἁγίας
1282 4569 1549 4640 παρθένου.
1587 4567 1755 4626 ἐπειδῄ
1795 4568 1846 4623 δέ
1872 4569 1897 4623 ό

2008 3380 2201 3425 terant.
2228 3373 2344 3427 Non
2373 3376 2514 3429 enim
2548 3379 2804 3432 mentitur
2828 3388 3041 3434 sanctus
3065 3380 3227 3435 lsaias
3252 3396 3369 3436 cum
3392 3382 3465 3435 ita
3495 3398 3575 3435 va-

2007 3462 2261 3516 ticinatur
2286 3482 2298 3516 :
2326 3463 2457 3518 Ecce
2469 3467 2609 3537 virgo
2630 3468 2681 3519 in
2710 3478 2853 3523 utero
2877 3469 3096 3534 habebit,
3119 3480 3168 3524 et
3192 3472 3360 3541 pariet
3386 3472 3574 3540 ﬁlium,

2006 3563 2053 3608 et
2082 3556 2328 3609 vocabunt
2353 3574 2467 3611 eum
2496 3557 2833 3627 Emmanuel,
2863 3562 2998 3631 quod
3021 3572 3117 3627 est,
3147 3562 3407 3615 nobiscum
3443 3562 3574 3616 Deus

2008 3652 2141 3722 (Isa.
2174 3656 2331 3724 xvn).
2365 3650 2601 3709 Et’haud
2652 3655 2810 3710 dubie
2854 3672 3039 3711 verum
3084 3658 3223 3711 dixit
3244 3656 3458 3711 Gabriel
3484 3673 3573 3711 ar-

2004 3746 2292 3813 changelus
2321 3747 2392 3800 ita
2423 3746 2640 3800 Mariam
2666 3749 2943 3816 alloquens
2968 3767 2980 3802 :
3013 3748 3097 3802 Ne
3146 3752 3344 3811 timeas,
3375 3748 3571 3812 Maria,

2003 3837 2239 3889 invenisti
2267 3838 2400 3889 enim
2428 3838 2653 3907 gratiam
2698 3839 2836 3908 apud
2864 3838 3047 3893 Deum.
3082 3838 3215 3892 Ecce
3242 3840 3494 3908 concipies
3521 3840 3573 3893 in
3594 3866 3613 3877 ι

2003 3934 2165 3988 utero,
2196 3936 2245 3978 et
2293 3929 2463 3995 paries
2491 3928 2676 3996 ﬁlium,
2705 3939 2755 3981 et
2781 3930 2984 3982 vocahis
3012 3946 3195 3982 nomen
3217 3931 3326 4000 ejus
3350 3928 3526 3983 Iesum
3554 3947 3571 3984 :

2004 4018 2112 4085 ipse
2150 4018 2285 4071 enim
2324 4019 2521 4072 salvum
2550 4021 2705 4090 faciet
2734 4021 2976 4091 populum
3004 4038 3151 4075 suum
3178 4040 3210 4075 a
3238 4025 3458 4093 peccatis
3484 4040 3572 4078 eo-

2002 4122 2115 4160 rum
2144 4106 2289 4175 (Luc.
2323 4123 2373 4173 1;
2404 4108 2590 4163 Matth.
2622 4110 2683 4177 ι).
2715 4111 2844 4164 Cum
2892 4118 3072 4165 autem
3120 4111 3402 4167 Dominum
3444 4129 3570 4169 nos-

2006 4216 2141 4259 trum
2172 4206 2353 4261 Jesum
2383 4206 2649 4262 Christum
2696 4209 2922 4263 dicimus
2951 4209 3180 4280 desuper
3216 4211 3283 4265 de
3309 4212 3447 4267 caelo
3477 4227 3569 4267 ve-

2004 4296 2165 4363 nisse,
2213 4312 2320 4351 non
2372 4313 2439 4352 eo
2479 4313 2637 4352 sensu
2685 4299 2929 4362 dicimus,
2980 4302 3132 4371 quasi
3168 4311 3422 4372 putemus
3447 4318 3570 4358 enm

2002 4394 2240 4439 sanctam
2265 4401 2412 4440 suam
2445 4403 2659 4443 carnem
2688 4390 2754 4445 de
2776 4391 2913 4445 cmlo
2958 4391 3243 4456 detulisse;
3273 4392 3367 4447 sed
3392 4394 3569 4461 sequi-

2001 4491 2120 4529 mur
2147 4484 2389 4531 sanctum
2438 4476 2680 4541 Paulum,
2714 4481 2802 4550 qui
2832 4481 2904 4535 ita
2933 4482 3008 4534 ait
3036 4499 3049 4533 :
3095 4480 3307 4536 Primus
3328 4483 3478 4535 homo
3508 4483 3569 4534 de

2003 4575 2140 4619 terra
2160 4574 2422 4631 terrenus;
2451 4570 2725 4636 secundus,
2752 4571 3003 4624 Dominus
3024 4588 3054 4624 ε
3074 4572 3196 4624 caelo
3226 4570 3279 4639 (1
3306 4572 3423 4624 Cor.
3455 4575 3567 4640 xv).

290 4666 293 4667 ⁷
332 4656 512 4713 ἄνωθεν
553 4661 603 4723 ἐξ
649 4661 862 4729 ούρανοῦ
900 4664 1273 4729 καταφοιτήσας
1302 4660 1421 4720 Θεὸς
1462 4660 1604 4733 λόγος
1643 4664 1898 4716 κεκένωκεν

2007 4654 2270 4709 imitamur
2298 4658 2456 4709 etiam
2487 4667 2542 4711 et
2565 4658 2733 4727 ipsum
2757 4660 3037 4714 Dominum
3067 4660 3335 4714 dicentem
3361 4677 3376 4711 ι
3398 4658 3567 4713 Nemo

332 4750 534 4810 έαυτόν.
563 4757 750 4826 μορφὴν
780 4749 958 4804 δούλου
980 4751 1180 4811 λαϐὼν,
1213 4753 1293 4804 καί
1318 4753 1686 4823 κεχρημάτικεν
1710 4754 1899 4826 ἀνθρὼ-

330 4862 430 4894 που
461 4843 569 4899 υίὸς
606 4843 732 4909 μετά
768 4849 854 4896 τοῦ
885 4847 1044 4912 μεῖναι
1071 4839 1093 4892 ό
1119 4838 1197 4899 ἦν.
1226 4842 1455 4894 τουτέστι
1481 4841 1624 4901 Θεός’
1653 4839 1898 4912 ἄτρεπτος

329 4934 429 5004 γάρ
458 4934 544 4983 καί
564 4931 885 4988 ἀναλλοίωτος
914 4932 1043 4983 κατά
1075 4932 1221 4999 φύσει
1248 4931 1416 4983 έστίν⁶
1450 4932 1514 4989 ὡς
1542 4927 1610 4989 εἷς
1637 4929 1731 4989 ἤδη
1756 4933 1898 4985 νοού-

329 5039 474 5088 μενος
500 5021 627 5090 μετὰ
660 5028 749 5079 τῆς
788 5019 918 5079 ἰδίας
944 5020 1158 5093 σαρκὸς,
1190 5020 1237 5083 ἐξ
1266 5020 1477 5094 ούρανοῦ
1504 5020 1699 5091 λέγεται
1727 5024 1900 5077 κατελ-

327 5111 443 5167 θεῖν,
475 5109 765 5179 ὠνόμασται
787 5107 945 5163 δὲκαὶ
973 5107 1231 5183 ἄνθρωπος
1260 5111 1307 5171 έξ
1332 5112 1576 5182 ούρανοῦ,
1617 5112 1801 5173 τέλειος
1833 5111 1898 5167 ὧν

327 5197 379 5249 έν
404 5196 600 5254 θεότητι
619 5236 633 5258 ,
665 5199 749 5250 καί
783 5199 962 5255 τέλειος
1003 5197 1028 5251 ό
1054 5200 1207 5256 αὐτὸς
1232 5199 1282 5251 ἐν
1312 5199 1680 5273 ἀνθρωπότητι,
1717 5205 1802 5254 καί
1830 5205 1897 5262 ὡς

328 5289 380 5340 έν
427 5287 499 5340 ἐνὶ
549 5291 803 5355 προσώπῳ
853 5291 1141 5358 νοούμενος.
1196 5285 1277 5347 Εἷς
1328 5290 1423 5362 γὰρ
1482 5290 1651 5363 κύριος
1704 5289 1899 5352 Ἰησοῦς

326 5378 584 5449 Χριστὸς,
628 5372 717 5430 κάν
759 5380 790 5436 ἡ
836 5384 934 5432 τῶν
977 5380 1172 5450 φύσεων
1219 5376 1428 5450 διαφορά
1466 5386 1534 5448 μη
1563 5383 1818 5452 ἀγνοηται,
1848 5384 1897 5446 ἐξ

328 5466 392 5519 ὧν
422 5474 511 5524 τήν
549 5468 832 5543 ἀπόρρητον
858 5469 1033 5522 ἕνωσίν
1070 5489 1225 5540 φαμεν
1266 5472 1584 5538 πεπρᾶχθαι.
1623 5478 1897 5542 Τοιγαροῦν

328 5562 659 5632 ὁμολογοῦμεν
701 5562 784 5615 τὸν
833 5570 1063 5631 μονογενῆ
1109 5562 1215 5615 υἱόν
1260 5567 1349 5615 τοῦ
1399 5567 1522 5616 Θεοῦ
1570 5563 1727 5633 λόγον,
1775 5565 1893 5617 Θεὸν

325 5651 539 5713 τέλειον,
582 5655 668 5706 καί
707 5649 966 5725 ἄνθρωπον
1003 5652 1206 5713 τέλειον,
1252 5653 1305 5704 έκ
1348 5651 1529 5721 ψυχῆς
1568 5652 1765 5723 λογικῆς
1812 5659 1894 5707 καὶ

324 5743 581 5811 σώματος.
606 5742 706 5814 πρὸ
725 5744 914 5794 αἰώνων
931 5744 1018 5813 μὲν
1039 5742 1091 5794 ἐκ
1111 5747 1200 5794 τοῦ
1228 5742 1419 5814 πατρὸς
1445 5743 1735 5812 γεννηθέντα
1764 5750 1893 5801 κατά

326 5838 416 5889 τήν
443 5835 679 5892 θεόοητα.
723 5833 801 5885 ἐπ’
828 5834 1071 5899 ἐσχάτων
1100 5830 1153 5885 δέ
1180 5840 1277 5885 τῶν
1315 5834 1509 5906 ἡμερῶν
1536 5834 1620 5886 τόν
1657 5837 1805 5887 «om
1833 5834 1899 5890 δι’

327 5926 460 5997 ἡμᾶς
483 5927 563 5977 καί
588 5922 671 5977 διὰ
695 5929 784 5981 την
810 5926 1052 5996 ἡμετέραν
1077 5926 1330 5998 σωτηρίαν
1353 5925 1404 5977 εκ
1425 5928 1618 5997 Μαρίας
1641 5933 1729 5985 τῆς
1758 5947 1862 6001 παρ
1878 5956 1891 5965 -

1999 4746 2229 4798 ascendit
2255 4748 2309 4799 in
2334 4747 2531 4811 calum,
2564 4749 2665 4801 nisi
2717 4750 2803 4817 qui
2845 4750 3103 4802 descendit
3131 4749 3191 4802 de
3218 4749 3371 4813 caelo,
3396 4747 3566 4802 Filius

1998 4832 2220 4885 hominis
2247 4832 2439 4901 (Joanu
2458 4833 2519 4904 1).
2549 4836 2618 4889 At
2665 4852 2795 4891 vero
2833 4839 2975 4906 quod
3006 4837 3074 4891 ad
3107 4852 3323 4892 carnem
3353 4838 3565 4901 attinet,

1998 4934 2154 4979 natus
2182 4933 2281 4989 est,
2312 4926 2450 4980 sicut
2476 4928 2722 4993 diximus,
2754 4944 2820 4983 ex
2850 4930 3003 4984 beata
3030 4929 3265 4997 Virgine.
3295 4928 3398 4983 Sed
3426 4945 3565 4998 quo-

1999 5017 2140 5070 niam
2170 5017 2403 5072 Verbum
2429 5018 2523 5073 Dei
2545 5019 2611 5074 de
2640 5020 2776 5075 oculo
2820 5020 3170 5083 descendens,
3203 5020 3427 5088 seipsum
3452 5022 3567 5072 exi-

2000 5110 2216 5174 nanivit,
2268 5112 2487 5180 formam
2528 5111 2659 5163 servi
2707 5112 3035 5177 assumenda,
3065 5109 3309 5177 ﬁliusque
3337 5109 3567 5164 hominis

1998 5200 2223 5265 exstitit,
2253 5215 2374 5254 cum
2407 5209 2581 5255 tamen
2612 5201 2749 5255 idem
2780 5208 3119 5270 permaneret
3145 5201 3234 5268 qui
3264 5208 3422 5255 antea
3449 5199 3565 5254 iue-

1998 5298 2100 5355 rat,
2131 5292 2332 5345 scilicet
2361 5292 2499 5345 Deus
2528 5292 2633 5362 (est
2662 5292 2803 5346 enim
2833 5290 3198 5358 immutabilis,
3238 5298 3292 5344 et
3330 5290 3460 5344 nulli
3487 5290 3565 5344 al-

2002 5382 2249 5436 terationi
2279 5382 2524 5435 obnoxia:
2575 5382 2821 5454 naturae),
2854 5398 2974 5437 cum
2998 5382 3110 5451 jam
3138 5398 3274 5438 unus
3301 5380 3565 5449 intelliga-

1999 5486 2084 5531 tur
2112 5492 2230 5532 esse
2260 5493 2379 5533 cum
2405 5479 2621 5547 propria
2648 5494 2828 5545 carne,
2854 5479 3047 5535 dicitur
3073 5483 3140 5537 de
3160 5485 3299 5540 caelo
3327 5486 3561 5540 venisse»

1999 5566 2067 5621 Et
2086 5569 2391 5623 nominatur
2414 5569 2573 5623 etiam
2602 5570 2764 5625 homo
2792 5570 2859 5626 de
2878 5572 3035 5636 cmlo,
3061 5589 3179 5628 cum
3210 5575 3281 5629 sit
3299 5572 3565 5644 perfectus

1999 5659 2050 5712 in
2073 5659 2293 5725 deitate,
2325 5658 2569 5727 idemque
2602 5658 2871 5730 perfectus
2898 5660 2948 5713 in
2976 5661 3304 5716 humanitate
3329 5680 3339 5713 :
3370 5662 3565 5724 intelli-

1994 5760 2241 5819 mturque
2268 5765 2374 5803 una
2403 5764 2523 5806 esse
2550 5765 2800 5818 persona.
2835 5749 2984 5806 Unus
3011 5753 3151 5809 enim
3200 5761 3282 5807 est
3309 5752 3564 5807 Dominus

1995 5838 2149 5893 «Iesus
2204 5838 2468 5907 Christus,
2517 5841 2727 5895 tametsi
2773 5847 3083 5896 naturarum
3130 5842 3412 5897 discrimen
3458 5858 3562 5896 non

1996 5940 2293 6000 ignoretur,
2314 5947 2379 5986 ex
2401 5933 2590 6001 quibus
2621 5930 2938 5987 ineﬂ‘abilem
2956 5926 3101 5987 illam
3122 5931 3347 5989 dicimus
3369 5931 3562 5988 iactam
