4112 6538
547 462 683 527 1039

1860 444 2297 511 JUSTINIANI
2342 442 2497 503 1MP.

3635 435 3775 500 1040

537 588 670 643 ’ἔνου
708 582 839 637 κειτά
876 582 964 638 τόν
1005 572 1397 648 ἀνθρωπότητω
1442 569 1709 643 όμοούσιον
1738 571 1810 635 τῷ
1838 566 1991 637 πατρί
2016 563 2100 615 τὸν

2221 558 2522 611 ιιιίιιοιιοιιι.
2579 552 2831 608 Fatemur
2893 551 3073 620 itaque
3123 548 3388 616 Verbum,
3437 548 3770 618 unigenitum

540 675 684 732 αὐτόν
712 675 843 727 κατά
879 675 968 728 τήν
997 667 1239 730 θιότητα,
1280 665 1365 716 καί
1400 660 1668 731 όμοούσιον
1697 658 1812 729 ἡμῖν
1848 656 1980 708 κατά
2013 658 2104 710 τήν

539 763 911 839 ἂνθρωπότητα.
944 760 1038 812 Δύο
1065 759 1164 831 γὰρ
1200 756 1397 826 φύσεων
1427 751 1602 811 ἴνωσις
1639 749 1855 821 γέγονεν’
1886 743 1994 839 ὅθεν
2021 744 2105 839 iam

541 834 771 930 Χρίστόν.
799 852 885 906 ἵνα
905 851 1037 909 ν’όν,
1061 848 1146 902 ἕνα
1169 848 1338 919 κ’ριον
1362 840 1704 916 ὁμολογοῦμεν.
1732 839 1823 930 μιαί

541 926 779 1023 παρθένον
808 943 999 1002 mra;
1038 937 1291 999 θεοτόκον,
1319 932 1403 989 διά
1439 933 1496 986 τό
1533 931 1621 1023 τόν
1659 927 1777 1023 Cuia
1808 926 2109 1023 lépov‘al'ap-

544 1013 777 1099 δινηθῆναι,
818 1033 898 1086 καί
942 1030 1354 1104 ἐνανθρωπῆσαι,
1398 1024 1484 1077 καί
1531 1020 1580 1085 ἐξ
1624 1020 1781 1077 αὐτῆς
1817 1013 2109 1084 συλλήψεως

546 1125 724 1182 Ξνῶσαι
780 1124 916 1191 αύτῷ
968 1119 1055 1175 τόν
1101 1118 1150 1182 ἐξ
1209 1118 1366 1175 αύτῆς
1412 1113 1647 1184 ληφθέντα
1703 1108 1840 1163 ναόν.
1893 1109 2017 1171 ιαί,
2065 1104 2110 1158 εί

547 1214 713 1277 δοκεῖ,
767 1210 1017 1281 δεξώμεθα
1066 1206 1137 1268 είς
1186 1202 1510 1280 παράδειγμα
1550 1206 1639 1260 τήν
1686 1198 1792 1254 καθ’
1840 1199 1975 1269 ἡμᾶς
2018 1196 2110 1248 αύ-

551 1307 664 1366 εούς
697 1303 959 1364 σύνθεσιν,
1003 1297 1106 1352 καθ’
1150 1298 1206 1355 ἦν
1251 1298 1403 1365 ἐσμεν
1447 1290 1717 1368 ἄνθρωποι.
1764 1288 2111 1357 Σύντεθείμιθα

551 1396 643 1469 κὰρ
702 1396 759 1449 ἐκ
817 1392 995 1464 ψυχῆς
1067 1391 1150 1443 καί
1212 1390 1491 1460 σώματος,
1522 1385 1627 1437 καί
1691 1382 1881 1455 ὁρῶμεν
1940 1380 2111 1453 φύσεις

550 1484 667 1545 δύο.
714 1482 888 1553 ἐτέραν
937 1481 1026 1552 μέν
1052 1485 1143 1534 τοῦ
1188 1486 1453 1546 σώματος,
1485 1474 1656 1547 ἐτέραν
1697 1469 1751 1525 δέ
1792 1477 1882 1530 τῆς
1910 1469 2110 1539 ψυχῆς.

547 1571 667 1629 Ἀλλ’
708 1569 778 1632 εἷς
822 1572 871 1635 ἐξ
923 1572 1101 1642 ἀμφοῖν
1146 1567 1253 1622 καθ’
1298 1565 1472 1620 ἕνωσιν
1517 1560 1777 1636 ἄνθρωπος
1797 1599 1813 1624 ,
1857 1562 1945 1614 καί
1989 1560 2113 1628 ούχί

558 1664 609 1717 τό
652 1662 705 1715 ἐκ
750 1659 843 1715 δύο
890 1659 1084 1732 φύσεων
1138 1655 1510 1719 συντεθεῖσθαι,
1561 1650 1652 1707 δύο
1696 1651 1985 1724 ἀνθρώπους
2027 1650 2115 1703 τόν

547 1754 632 1807 ἵνα
667 1752 891 1807 νοεῖσθαι
924 1749 1323 1826 παρασκευάζει.
1350 1743 1467 1798 Ἀλλ’
1488 1744 1575 1798 ἕνα
1595 1743 1680 1796 τόν
1703 1738 1962 1813 ἄνθρωπον
1987 1738 2118 1792 κατά

549 1847 796 1907 σύνθεσιν,
826 1843 894 1902 ὧς
933 1838 1076 1913 ἔφην,
1106 1838 1191 1895 τόν
1220 1838 1271 1890 ἐκ
1301 1835 1480 1907 ψυχῆς
1504 1836 1582 1889 καί
1607 1834 1863 1901 σῶματος.
1884 1830 1993 1883 Ἐάν
2016 1828 2116 1901 γὰρ

2204 647 2300 702 Dei
2320 646 2532 711 Filium,
2566 643 2731 698 Deum
2758 655 2880 697 esse
2902 639 3218 712 perfectum,
3245 645 3302 693 et
3325 637 3622 709 perfectum
3665 638 3771 696 ho-

2205 740 2403 793 minem
2430 749 2656 805 corpore
2671 739 2726 789 et
2746 732 2924 787 anima
2946 729 3155 785 ratione
3175 726 3392 799 pradita
3412 734 3773 794 constantem;

2204 829 2348 899 quod
2393 828 2461 884 ad
2507 827 2760 883 deitatem
2787 825 2995 891 attinet,
3025 838 3094 880 ex
3131 822 3290 877 Patre
3316 830 3501 876 natum
3533 830 3658 877 ante
3683 837 3780 878 sm-

2205 922 2348 991 cula,
2367 920 2612 977 eumdem
2641 927 2821 974 autem
2844 917 3046 972 ultimis
3073 915 3403 984 ternporibus
3426 922 3649 983 propter
3674 929 3779 968 nos

2207 1025 2262 1070 et
2283 1019 2504 1084 propter
2526 1019 2764 1067 nostram
2799 1010 3025 1064 salutem
3055 1022 3122 1063 ex
3150 1005 3316 1060 Maria
3350 1005 3570 1071 Virgine
3593 1019 3783 1058 secun-

2207 1103 2334 1158 dum
2378 1101 2764 1157 humanitatem
2797 1116 2811 1154 :
2859 1096 3368 1154 consubstantialem
3408 1094 3553 1148 Patri
3583 1110 3777 1149 secun-

2206 1192 2331 1247 dum
2353 1189 2703 1255 divinitatem,
2716 1196 2771 1244 et
2789 1186 3296 1244 consubstantialem
3314 1185 3467 1239 nobis
3485 1184 3779 1238 secundum

2208 1282 2617 1336 humanitatem.
2666 1270 2900 1333 Duarum
2952 1274 3092 1331 enim
3147 1283 3459 1341 naturarum
3503 1274 3643 1329 iacta
3697 1286 3782 1330 est

2211 1372 2354 1426 unio.
2387 1371 2514 1425 inde
2542 1377 2642 1435 est,
2673 1367 2816 1437 quod
2837 1382 2999 1421 unum
3029 1365 3326 1428 Christum,
3351 1380 3514 1419 unum
3564 1363 3778 1427 Filium,

2211 1479 2370 1517 unum
2420 1464 2699 1518 Dominum
2746 1458 3084 1526 conﬁtemur,
3136 1466 3298 1527 atque
3342 1458 3502 1510 etiam
3540 1463 3779 1511 sanctam

2209 1552 2480 1620 Virginem
2516 1566 2642 1606 vere
2670 1550 2830 1606 fuisse
2850 1550 3151 1619 Deiparam,
3178 1548 3299 1602 ideo
3327 1548 3470 1615 quod
3488 1547 3629 1602 Deus
3660 1545 3782 1601 Ver-

2210 1641 2334 1697 bum
2355 1656 2568 1697 carnem
2590 1640 2761 1696 induit
2785 1648 2842 1695 et
2868 1640 3031 1694 homo
3059 1640 3235 1694 factus
3263 1646 3366 1702 est,
3395 1646 3556 1706 atque
3584 1638 3636 1691 in
3666 1637 3779 1707 ipsa

2211 1730 2562 1801 conceptione
2588 1731 2691 1785 sibi
2719 1729 2887 1784 univit
2909 1728 3190 1798 templum,
3216 1726 3361 1795 quod
3392 1742 3460 1781 ex
3490 1726 3604 1795 ipsa
3631 1740 3781 1780 assuo

2213 1824 2409 1876 mebat.
2441 1820 2500 1877 Si
2536 1821 2728 1891 placet,
2760 1818 2992 1890 exempli
3040 1818 3161 1873 loco
3188 1816 3512 1886 accipiamus
3538 1825 3780 1872 nostrum

547 1933 788 1996 ἀνέλωμεν
832 1933 905 1996 τό,
935 1926 1013 1984 ότι
1039 1929 1091 1981 ἐκ
1132 1925 1224 1983 δύο
1261 1928 1349 1980 καί
1374 1922 1616 2000 διαφόρων
1656 1923 1850 1992 φύσεων
1884 1916 1911 1973 ό
1939 1913 2009 1978 εἷς
2035 1920 2119 1972 καί

2221 1911 2452 1980 ipsorum
2478 1911 2949 1980 compositionem,
2979 1917 3242 1980 quatenus
3287 1908 3532 1963 homines
3576 1924 3778 1964 sumus.

548 2021 696 2095 μόνος
736 2022 845 2077 ἐστὶ
869 2020 1105 2093 Χριστός,
1150 2018 1506 2079 ἀδιάσπαστος
1534 2017 1600 2072 ὢν
1640 2017 1766 2085 μετὰ
1803 2019 1892 2073 τὴν
1917 2014 2112 2082 ἕνωσιν,

549 2118 749 2188 ἐροῦσιν
769 2112 815 2169 οί
832 2111 894 2170 δι’
914 2114 1139 2176 ἐναντίας
1154 2131 1166 2144 ·
1191 2141 1259 2154 -
1278 2114 1334 2167 Ei
1348 2114 1440 2183 μία
1462 2109 1604 2185 φύσις
1628 2110 1687 2164 τό
1709 2106 1835 2174 ὅλον,
1852 2112 1960 2168 πῶς
1981 2108 2117 2165 ἐνην-

550 2206 813 2280 θρὼπησεν
831 2244 847 2270 ,
876 2203 907 2263 ἧ
940 2209 1090 2258 ποίαν
1135 2200 1266 2258 ἰδίαν
1295 2202 1570 2259 ἐποιήσατο
1599 2201 1798 2274 σάρκα;
1824 2224 1888 2237 -
1910 2200 2040 2258 Τοὺς
2063 2195 2117 2251 δέ

546 2295 798 2368 λέγοντας,
827 2291 907 2349 ὅτι
941 2299 1142 2367 κρᾶσις.
1166 2292 1196 2352 ἣ
1223 2295 1509 2364 σύγχυσις,
1534 2290 1563 2349 ἦ
1589 2290 1781 2363 φυρμός
1809 2289 2002 2361 ἐγένετο
2025 2291 2119 2342 τοῦ

552 2393 680 2441 Θεοῦ
714 2386 859 2457 λόγου
898 2386 1025 2457 πρὸς
1046 2388 1133 2440 τήν
1166 2384 1351 2456 σάργοι.
1378 2380 1733 2444 καταξιωσάτω
1759 2399 1854 2434 σου
1879 2380 1910 2436 ἠ
1946 2378 2117 2430 θεεσέ·

556 2478 668 2530 ίεια
711 2473 973 2552 προδήλως
1015 2476 1374 2544 ἐπιστομίζειν.
1406 2488 1426 2523 ν
1458 2472 1592 2526 Μετά
1618 2467 1671 2524 δέ
1699 2475 1857 2524 ταῦτα
1885 2467 2118 2543 ιυρίλλου

553 2573 959 2629 τελευτήσαντος,
984 2567 1242 2638 ἐπιφύεται
1262 2563 1496 2635 μοναχὸς
1516 2582 1594 2625 τις
1613 2564 1695 2616 καί
1716 2556 2119 2635 ἀρχιμανδρίτης

554 2664 794 2727 Εύτυχὴς
817 2657 1171 2727 ὀνομαζόμενος
1217 2657 1303 2708 καί
1326 2656 1538 2724 ἀποσπᾷ
1567 2652 1773 2706 κατόπιν
1791 2652 1945 2704 αὐτοῦ
1968 2650 2120 2722 μέρος

554 2753 643 2804 οὒκ
669 2749 827 2818 ὀλίγον
861 2753 950 2801 τοῦ
990 2747 1136 2809 λαοῦ,
1167 2752 1327 2821 κυρῶν
1366 2745 1432 2800 τά
1471 2745 1739 2820 Νεστορίου
1769 2743 1850 2795 καί
1882 2740 1941 2795 τό
1969 2742 2121 2795 αὐτοῦ

556 2842 768 2913 πονηρὸν
800 2838 993 2910 δόγμα,
1038 2838 1236 2909 φάσκων
1273 2839 1341 2907 μή
1370 2831 1492 2889 εἶναι
1517 2839 1606 2892 τήν
1645 2832 1805 2907 σάρκα
1828 2836 1919 2886 τοῦ
1944 2833 2119 2903 κυρίου

556 2936 673 3001 ἡμῖν
707 2929 992 3001 όμοούσιον.
1025 2929 1110 2982 Καὶ
1146 2925 1205 2985 δὴ
1237 2925 1383 2981 πάλιν
1410 2923 1518 2997 μετ’
1549 2923 1707 2996 ὀλίγον
1735 2921 2015 2982 διαϐολικῆς
2038 2922 2122 2975 ίσ-

561 3024 802 3092 χντάσης
851 3021 1067 3093 χειρὸς,
1115 3018 1263 3092 ἐτίρα
1300 3014 1509 3077 σύνοδος
1549 3018 1598 3069 ἐν
1647 3014 1832 3085 Ἐφέσῳ
1879 3014 2124 3085 λῃστρικὴ

559 3117 639 3168 καί
658 3114 758 3184 ούχ
784 3112 905 3167 όσία
923 3113 1131 3182 γίνεται,
1155 3108 1595 3185 παραπεμφθέντος
1622 3107 1781 3160 ἐκεῖσε
1800 3106 1882 3158 καί
1918 3104 2123 3160 Φλαυια-

556 3212 643 3259 νοῦ
682 3201 1261 3264 ιωνσταντῐνουπόλεως,
1290 3205 1379 3258 τὴν
1408 3204 1580 3253 πᾶσαν
1603 3198 1828 3261 ἐξουσίαν
1855 3195 2123 3270 Διοσκόρου

2217 1999 2544 2057 Constemus
2558 1998 2819 2057 nimirum
2860 1998 3038 2053 anima
3081 2007 3137 2054 et
3160 2013 3412 2066 corpore.
3443 1998 3522 2053 Ac
3545 1999 3783 2055 videmus

2214 2091 2347 2146 duas
2365 2100 2605 2158 naturas,
2629 2092 2787 2145 aliam
2807 2091 3066 2161 corporis,
3089 2090 3247 2144 aliam
3266 2090 3487 2154 annuae;
3512 2090 3782 2145 hominem

2216 2196 2365 2246 vero,
2412 2195 2479 2235 ex
2523 2182 2802 2251 utriusque
2849 2181 3091 2236 unitione
3141 2180 3304 2248 facta,
3352 2197 3563 2235 unum:
3611 2197 3784 2252 neque

2216 2274 2543 2347 compositio
2570 2288 2636 2328 ex
2664 2273 2872 2329 duabus
2902 2273 3105 2328 naturis
3131 2273 3316 2338 eﬂicit,
3352 2282 3410 2328 ut
3434 2288 3532 2343 pro
3560 2289 3666 2329 uno
3692 2274 3785 2330 ho-

2218 2364 2389 2419 mines
2431 2362 2567 2418 duos
2591 2365 2916 2433 cogitemus;
2946 2361 3039 2418 sed
3065 2377 3227 2417 unum
3270 2361 3352 2434 (ut
3373 2361 3505 2433 dixi)
3537 2362 3785 2432 intelligi-

2218 2471 2337 2510 mus
2361 2454 2633 2510 hominem
2658 2469 2726 2509 ex
2766 2455 2945 2509 anima
2973 2462 3028 2509 et
3065 2468 3294 2524 corpore
3317 2454 3695 2523 compositura.
3727 2454 3786 2509 Si

2221 2546 2363 2602 enim
2394 2544 2498 2600 hoc
2525 2545 2799 2612 tollamus,
2818 2559 2895 2600 .ex
2921 2539 3128 2599 duabus
3146 2552 3203 2600 et
3225 2543 3595 2599 ditl'erentibus
3623 2555 3785 2599 natu-

2216 2636 2292 2693 ris
2314 2650 2474 2690 unum
2493 2643 2549 2690 et
2569 2634 2888 2689 indivulsum
2910 2634 3179 2690 Christum
3198 2634 3267 2689 ab
3281 2635 3519 2689 unitione
3532 2633 3786 2697 existere,

2217 2726 2397 2782 dicent
2440 2726 2729 2781 adversarii
2758 2743 2770 2779 :
2802 2725 2859 2780 Si
2891 2740 2995 2780 una
3023 2734 3213 2780 natura
3259 2726 3423 2780 totius
3458 2723 3653 2779 Christi
3681 2734 3787 2789 est,

2218 2816 2487 2887 quomodo
2530 2817 2705 2887 potuit
2751 2817 3037 2871 humanam
3093 2824 3338 2873 naturam
3386 2816 3641 2882 induere,
3693 2826 3788 2869 ant

2219 2931 2378 2986 quam
2398 2932 2614 2973 carnem
2637 2916 2736 2970 sibi
2763 2917 3030 2987 propriam
3047 2916 3343 2970 asciscere?
3368 2915 3475 2969 Eos
3489 2926 3665 2970 autem
3693 2916 3789 2984 qui

2219 3007 2402 3063 dicunt
2436 3008 3004 3077 contemperationem,
3036 3004 3401 3062 confusionem
3432 3014 3524 3060 aut
3568 3007 3787 3061 mixtio-

2222 3113 2345 3153 nem
2364 3106 2676 3153 naturarum
2703 3097 2861 3152 Verbi
2885 3099 2975 3153 Dei
2997 3113 3115 3152 cum
3129 3113 3290 3153 carne
3302 3097 3516 3162 fartam,
3537 3099 3711 3168 palam
3725 3099 3790 3154 iis

2226 3205 2321 3244 ora
2350 3190 2600 3244 obturare
2628 3197 2717 3243 tua
2764 3190 2939 3261 pietas
2960 3189 3229 3258 dignetur.
3262 3208 3280 3240 ι
3315 3188 3443 3243 Post
3470 3190 3581 3244 inec
3610 3199 3791 3248 autem

557 3292 912 3368 Ἀλεξανδρείας
956 3290 1189 3362 ἴχοντος.
1239 3294 1336 3344 Καί
1375 3289 1630 3362 φονεύεται
1671 3289 1760 3356 μὲν
1799 3284 2119 3346 Φλαυιανόςό

2223 3275 2422 3348 Cyrillo
2449 3286 2683 3344 mortuo,
2705 3277 2923 3331 emersit
2951 3276 3247 3331 monachus
3290 3276 3506 3347 quidam
3535 3285 3591 3331 et
3615 3277 3789 3333 archi-

554 3386 688 3444 θιῐος
720 3383 1039 3456 ὑπερμαχῶν
1077 3387 1167 3439 τῆς
1208 3376 1474 3452 όρθοδόξου
1503 3379 1745 3438 πίστεως,
1787 3376 2121 3451 ἀνατρέπεται

557 3469 609 3527 δέ
650 3474 680 3529 ἡ
724 3469 982 3540 ἐνἘφέσῳ
1020 3470 1199 3542 πρώτη
1241 3464 1478 3533 σύνοδος,
1509 3465 1912 3539 ύπογραψάντων
1955 3472 2120 3537 φονικῇ

557 3561 648 3634 βίᾳ
672 3566 818 3614 τινῶν
846 3556 1150 3620 ἐπισκόπων,
1181 3557 1231 3620 if,
1260 3553 1327 3609 ὧν
1369 3560 1575 3629 ὑπῆρχε
1608 3554 1858 3614 Βασίλειος
1892 3552 1918 3607 ό
1954 3553 2121 3607 Σελευ·

560 3652 713 3710 κεέας.
755 3648 1018 3704 κάντεῦθεν
1053 3654 1151 3702 τῶν
1193 3651 1285 3701 τοῦ
1320 3649 1587 3722 Νεστορίου
1630 3647 1716 3698 καί
1753 3643 2016 3718 Διοσκόρου
2039 3646 2124 3698 καὶ

557 3742 824 3809 Euruch
863 3736 1282 3809 δημοσαυομένοιν
1325 3742 1548 3810 πονηρῶν
1575 3733 1854 3806 δογμάτων,
1882 3738 1963 3788 καὶ
1998 3734 2123 3788 πολ·-

558 3832 647 3892 λῆς
680 3837 919 3904 ταραχῆς
937 3829 1217 3900 γενομένης,
1247 3827 1466 3898 μάλιστα
1500 3827 1550 3879 ἐν
1574 3833 1638 3899 τῇ
1664 3826 1896 3899 ἀνατολῇ,
1920 3827 2125 3898 φονεύε-

559 3941 642 3975 ται
666 3923 926 3996 Προτίριος
959 3917 985 3972 ό
1013 3919 1170 3989 μέγας
1201 3918 1378 3994 ίερεύς,
1408 3920 1494 3973 καί
1534 3916 1696 3992 ἕτεροι
1727 3917 1979 3973 πλεῖστοι.
1999 3919 2127 3970 Tod-

560 4033 661 4068 των
686 4008 772 4067 οὖν
815 4011 977 4073 οὕτως
1018 4009 1238 4081 ἐχόντων
1296 4011 1561 4066 ἀνίσταται
1597 4010 1753 4064 θεόθεν
1788 4010 2059 4082 Μαρκιανὸς
2097 4008 2124 4065 ό

561 4106 820 4171 Βασιλεύς,
849 4107 935 4157 καί
970 4105 1269 4174 συναγαγὼν
1301 4102 1351 4155 ἐν
1389 4101 1661 4159 Χαλκηδόνι
1683 4107 1772 4161 τήν
1792 4109 1889 4156 τῶν
1916 4101 1987 4172 χλ
2026 4123 2128 4155 ποι·-

560 4200 720 4268 τέρων
746 4195 974 4259 σύνοδον,
1298 4198 1564 4271 Διοσκόρου
1597 4200 1683 4252 καί
1711 4199 2008 4266 Εύτυχοῦς.
2041 4199 2128 4251 καί

558 4288 713 4348 αὐτὸς
750 4288 1016 4362 ἐπορεύθη.
1051 4291 1151 4342 Καὶ
1175 4286 1592 4351 καταδικάζονται
1634 4291 1725 4357 μέν
1758 4288 2024 4361 Διόσκοροι·
2046 4290 2129 4341 καί

563 4381 820 4450 ιύτυχής.
852 4381 935 4434 ιιαέ
958 4379 1223 4454 Νεστόριος
1249 4381 1398 4433 πάλιν
1431 4380 1859 4451 ἀναθεματίζεται.
1884 4378 2129 4453 Θεοδὼρι-

562 4488 646 4521 τον
673 4466 747 4534 δέ,
770 4470 854 4522 καί
891 4468 1043 4531 Ἰϐἀν,
1074 4471 1154 4522 καί
1179 4468 1428 4523 Βασίλειον
1452 4469 1732 4527 Σελευκείας
1754 4466 1981 4530 ἐδέξαντο
2010 4468 2129 4520 καθ-

562 4556 989 4634 υποσιρᾶψαντας,
1039 4559 1123 4611 καί
1160 4566 1249 4618 τῆς
1276 4558 1547 4631 λῃστρικῆς
1576 4554 1790 4611 συνόδου
1826 4557 2129 4629 ἀνατραπεί-

564 4667 659 4707 on:
685 4649 771 4701 καί
806 4648 1298 4719 ἂναθεματισθείσης,
1348 4649 1418 4707 είς
1461 4648 1578 4716 μίαν
1616 4648 1905 4719 συμφωνίαν
1941 4644 2130 4719 ἤγαγον
2157 4634 2206 4695 D

565 4739 759 4797 πάντας
789 4736 836 4790 οί
862 4737 986 4790 θεῖοι
1021 4738 1252 4814 πατέρες.
1277 4738 1477 4790 τούτων
1497 4734 1550 4793 δέ
1570 4742 1669 4792 τῶν
1694 4737 1959 4811 τεσσάρων
1983 4735 2131 4791 συνό-

566 4824 665 4880 δων
701 4824 836 4880 οὕτω
866 4824 1135 4897 γενομένων
1175 4827 1263 4879 καί
1298 4824 1765 4887 ἐπιϐεϐαιωθεισῶν.
1790 4827 1876 4879 καί
1913 4845 2130 4899 κρατου-

566 4923 670 4970 σῶν
690 4916 814 4991 ἐντῇ
836 4923 929 4970 τοῦ
954 4923 1081 4971 Θεοῦ
1107 4916 1359 4991 ἐκκλησίᾳ,
1386 4917 1436 4971 oi
1453 4917 1518 4971 τά
1539 4919 1810 4991 Νεστορίου
1837 4922 2131 4991 φρονοῦντες

569 5004 890 5060 ἐσπούδασαν
929 5001 1074 5067 αὖθις
1105 5011 1195 5064 τήν
1239 5008 1432 5082 αἵρεσιν
1474 5010 1634 5064 αὐτῶν
1660 5015 1905 5084 κρατῦναι
1932 5007 2015 5064 διὰ
2043 5016 2134 5069 τῆς·

568 5092 832 5166 θιοδὼρου
861 5100 951 5151 τοῦ
978 5095 1329 5156 Sodoma-ria:
1347 5098 1596 5173 ἀφορμῆς.
1619 5098 1786 5166 πολλῷ
1816 5100 2023 5173 χειίρονα
2042 5106 2134 5154 τοῦ

567 5184 793 5255 μαθητοῦ
823 5186 981 5239 αὐτοῦ
1002 5190 1271 5262 δοστορίου
1301 5188 1775 5260 βλασφημήσαντος.
1802 5189 1947 5245 Ὀἳεν
1969 5195 2136 5248 τοίνυν

571 5277 657 5328 καί
698 5276 839 5343 ipsi:
877 5275 1255 5338 ἀκολουθοῦντες
1295 5287 1402 5341 τοῖς
1447 5283 1704 5359 ἡμετέροις
1747 5283 2004 5359 πατράσι,
2050 5287 2137 5339 καί

572 5362 864 5437 βουλόμενοι
886 5372 976 5427 τήν
1003 5369 1150 5442 ὀρθήν
1187 5373 1361 5427 πίστιν
1397 5373 1654 5432 ἀλώϐητον
1692 5373 2131 5446 διαφυλάττεσθαι,

571 5458 921 5540 προτρέπομεν
947 5456 1031 5512 καί
1052 5462 1233 5515 τούτου
1260 5463 1353 5521 τάς
1373 5463 1697 5535 βλασφημίας
1718 5462 2131 5527 διεξετάσαντας,

573 5541 686 5597 κατ’
709 5544 867 5598 αὐτοῦ
893 5549 980 5600 καί
1001 5553 1099 5602 τῶν
1126 5547 1411 5622 όμοφρόνων
1432 5551 1590 5606 αὐτοῦ
1614 5553 1983 5622 ἀποφήνασθαι.
2008 5554 2135 5624 Πρός

573 5631 671 5706 γάρ
716 5641 828 5695 ταῖς
867 5631 1040 5697 ἄλλαις
1098 5638 1450 5712 ἀναριθμήτοις
1501 5645 1658 5697 αὑτοῦ
1710 5640 2017 5717 δυσφημίας
2061 5647 2134 5704 εἰς

574 5725 787 5793 χριστόν
838 5729 921 5779 τον
977 5727 1096 5795 Θεὸν
1134 5731 1269 5799 ἡμῶν
1307 5733 1587 5802 γενομέναις
1611 5772 1627 5795 ,
1680 5729 1827 5788 ἄλλον
1883 5730 2008 5789 εἶναι
2047 5734 2133 5788 τόν

576 5815 701 5868 θεὸν
733 5813 877 5887 λόγον
913 5819 994 5870 καί
1016 5814 1159 5872 ἄλλον
1197 5821 1282 5874 τόν
1325 5822 1541 5895 Χριστόν
1562 5823 1665 5878 ἀπό
1703 5830 1802 5879 τῶν
1839 5831 1930 5886 τῆς
1952 5823 2133 5895 ψυχῆς

577 5907 769 5971 Ruﬁn,
799 5909 1000 5962 καὶτῶν
1029 5916 1115 5969 τῆς
1142 5911 1328 5982 σαρκός
1358 5911 1627 5984 ἐπιθυμιῶν
1653 5915 2023 5984 ἐνοχλούμενον,
2046 5917 2133 5970 καί

2222 3370 2488 3424 mandrita
2513 3370 2728 3423 nomine
2748 3367 3035 3439 Eutyches.
3071 3368 3168 3424 Hic
3195 3385 3301 3424 non
3325 3370 3573 3436 exiguam
3611 3369 3792 3440 populi

2220 3469 2432 3532 partem
2452 3460 2553 3515 sibi
2581 3460 2840 3528 adiunxit,
2871 3458 3098 3514 Nestorii
3126 3468 3328 3517 sectam
3356 3472 3411 3513 et
3442 3459 3658 3529 impium
3678 3458 3796 3527 ejus

2222 3551 2412 3623 dogma
2459 3551 2782 3622 approbans,
2830 3565 2896 3607 ac
2942 3550 3123 3606 dicens
3173 3566 3388 3606 carnem
3431 3551 3639 3606 Domini
3684 3568 3796 3606 non

2223 3657 2345 3697 esse
2381 3641 2886 3696 consubstantialem
2915 3641 3092 3695 nobis.
3124 3639 3189 3695 Et
3214 3656 3422 3695 rursum
3449 3641 3664 3711 quidem
3687 3656 3800 3696 non

2223 3732 2392 3789 multo
2422 3740 2542 3802 post
2569 3732 2830 3788 diabolica
2860 3747 3021 3787 manu
3052 3733 3397 3802 praevalente,
3426 3732 3569 3787 aliud
3599 3730 3799 3801 Ephesi

2224 3825 2511 3881 concilium
2531 3824 2823 3892 latronum,
2850 3832 2905 3879 et
2928 3839 3265 3894 nequaquam
3291 3832 3533 3879 sanctum
3562 3824 3797 3892 cogitur:

2225 3915 2390 3970 misso
2440 3913 2509 3968 ad
2559 3912 2611 3967 id
2658 3913 2818 3968 etiam
2867 3911 3122 3967 Flaviano
3168 3912 3798 3983 Constantinopolitano,

2226 4020 2351 4059 cum
2379 4019 2544 4074 penes
2571 4002 2884 4059 Dioscorum
2912 4001 3287 4059 Alexandrina:
3330 4004 3638 4074 episcopum
3660 4020 3801 4058 sum-

2226 4109 2314 4149 ma
2337 4109 2517 4149 rerum
2547 4094 2618 4148 ibi
2642 4102 2806 4149 esset.
2838 4092 3053 4148 Divinus
3091 4102 3272 4148 autem
3301 4092 3583 4148 Flavianus
3611 4093 3803 4148 defen-

2228 4192 2363 4248 dens
2382 4191 2738 4247 orthodoxam
2761 4191 2939 4257 (idem,
2966 4190 3229 4246 occiditur
3254 4208 3269 4246 :
3300 4192 3468 4262 priori
3481 4206 3612 4248 vero
3632 4191 3803 4263 Ephe-

2229 4282 2359 4337 sinze
2393 4280 2602 4353 synodo
2647 4281 2944 4336 auctoritas
2987 4281 3299 4351 abrogatur,
3345 4281 3805 4338 subscribentibus

2230 4371 2541 4443 quibusdam
2563 4371 2832 4441 episcopis
2858 4371 3042 4426 lethali
3080 4372 3129 4427 vi
3158 4373 3464 4442 compulsis,
3489 4373 3630 4428 inter
3666 4388 3804 4442 qum

2230 4458 2329 4515 fuit
2343 4460 2504 4516 etiam
2531 4459 2757 4516 Basilius
2777 4459 3036 4516 Seleuciae
3059 4461 3364 4532 episcopus.
3393 4462 3530 4517 Hinc
3545 4478 3670 4518 cum
3699 4479 3805 4533 pn-

2230 4550 2370 4607 blice
2395 4549 2719 4606 docerentur
2756 4549 3009 4616 Nestorii,
3056 4549 3299 4606 Dioscori
3324 4560 3381 4605 et
3407 4549 3659 4621 Eutychis
3689 4565 3805 4620 per-

2235 4649 2437 4706 niciosa
2492 4648 2763 4719 dogmata,
2822 4649 3105 4718 magnique
3146 4649 3441 4719 praesertim
3493 4649 3547 4702 in
3585 4647 3807 4704 Oriente

2236 4739 2531 4797 existerent
2576 4737 2851 4804 tumultus,
2878 4738 3044 4793 occisi
3089 4746 3215 4795 sunt
3243 4736 3516 4794 Proterius
3550 4739 3807 4797 sacerdos

2235 4842 2478 4896 magnus,
2506 4835 2563 4882 et
2606 4827 2699 4882 alii
2726 4827 2958 4898 plurimi.
2982 4826 3060 4884 Eo
3104 4841 3284 4884 rerum
3327 4835 3471 4882 statu
3500 4826 3807 4885 Marcianus

2235 4920 2488 4976 divinitus
2507 4927 2726 4975 creatur
2743 4920 3039 4989 imperator
3070 4937 3085 4974 :
3128 4920 3221 4990 qui
3248 4926 3438 4974 coacto
3458 4918 3807 4975 Chalcedone

2236 5019 2615 5067 sescentorum
2660 5010 2880 5078 triginta
2908 5009 3125 5065 Patrum
3152 5011 3403 5074 concilio,
3449 5011 3809 5081 praesentibus

2240 5101 2500 5157 Dioscoro
2525 5108 2583 5156 et
2618 5099 2880 5171 Eutyche,
2911 5100 2964 5154 in
2994 5115 3061 5154 eo
3090 5116 3192 5155 una
3213 5116 3337 5156 cum
3365 5100 3494 5171 ipsis
3523 5099 3765 5154 interfuit
3789 5117 3805 5153 :

2234 5191 2412 5259 ibique
2438 5189 2756 5244 damnantur
2773 5188 2992 5259 quidem
3029 5189 3315 5246 Dioscorus
3351 5199 3407 5245 et
3435 5188 3724 5259 Eutyches,
3750 5198 3807 5243 et

2234 5282 2426 5337 iterum
2454 5281 2731 5336 Nestorius
2749 5281 3232 5337 anathematizatur
3261 5299 3274 5335 :
3313 5279 3684 5336 Theodoretus
3710 5295 3809 5334 au-

2233 5379 2363 5436 tem,
2390 5370 2510 5427 lbas
2527 5380 2584 5426 et
2605 5370 2829 5426 Basilius
2850 5369 3114 5429 Seleuciae
3139 5374 3418 5445 episcopus
3435 5372 3635 5441 recepti
3656 5380 3808 5439 sunt,

2234 5478 2356 5519 cum
2384 5474 2564 5518 tamen
2592 5463 2758 5534 priori
2783 5463 2916 5536 [lege
2941 5466 3107 5535 prius,
3137 5475 3193 5519 ut
3215 5464 3390 5537 infra]
3418 5464 3652 5521 concilio
3670 5463 3805 5518 sub-

2235 5555 2600 5626 scripsissent.
2632 5552 2698 5608 Et
2726 5555 2798 5609 ita
2827 5556 3044 5612 abolitis
3081 5555 3408 5626 praedatoria:
3433 5555 3623 5624 synodi
3670 5554 3809 5610 actis

2234 5651 2291 5697 et
2315 5642 2602 5705 damnatis,
2630 5644 2921 5698 concordia
2953 5659 2986 5698 a
3013 5644 3210 5699 sanctis
3244 5640 3494 5699 Patribus
3522 5644 3666 5700 inter
3688 5658 3807 5701 om-

2235 5747 2331 5788 nes
2358 5733 2643 5787 conciliata
2672 5740 2773 5788 est.
2803 5731 2902 5788 His
2929 5741 3157 5803 quatuor
3182 5733 3424 5788 conciliis
3451 5734 3530 5789 sic
3566 5734 3704 5790 actis
3747 5743 3809 5790 et

2234 5823 2582 5892 conﬁrmatis,
2602 5830 2659 5878 et
2681 5824 3058 5880 auctoritatem
3095 5824 3151 5879 in
3177 5822 3417 5880 Ecclesia
3444 5823 3538 5880 Dei
3554 5824 3807 5882 nbtinen-

2233 5914 2395 5985 tibus,
2416 5911 2647 5973 Nestorii
2681 5926 2940 5987 sequaces
2966 5914 3140 5973 denuo
3162 5930 3313 5972 suam
3340 5915 3587 5973 haeresim
3611 5912 3809 5973 conﬁr-
