4088 6586
354 531 487 597 1041

1070 518 1433 583 EPISTOLA
1474 527 1870 593 ADVERSUS
1907 534 2389 597 THEODORUM
2430 539 2823 601 MOPSUEST

3446 538 3581 603 1042

337 660 433 708 τῶν
458 650 704 726 χειρόνων
735 652 872 723 ,κατά
900 652 1073 725 μικρόν
1101 653 1433 722 ἀφιστάμενον
1475 653 1602 727 πρός
1639 655 1703 708 rei
1745 655 1908 727 κρείτ-

2034 661 2298 706 naverunt
2344 668 2506 720 opera
2534 651 2803 706 Theodori
2848 649 3231 721 Mopsuesteni,
3275 649 3368 720 qui
3417 657 3585 706 multo

340 764 450 797 εσνα
479 751 542 812 τῇ
587 750 812 819 προκοπῇ
841 749 942 796 τῶν
980 739 1141 815 ἔργων
1177 742 1470 803 ἐληλυθέναι,
1502 746 1582 795 καὶ
1624 750 1685 813 τῇ
1725 744 1911 813 ἀρίστη

336 831 560 904 πολιτείᾳ
603 828 855 903 γενόμενον
893 827 1117 900 ἄμωμον.
1166 834 1253 885 Καὶ
1291 833 1357 890 ὡς
1388 830 1527 901 ψιλόν
1568 829 1817 908 ἄνθρωπον
1864 834 1913 884 ἐν

335 923 539 989 ὀνόματι
563 922 776 995 πατρὸς,
805 924 891 976 καί
919 922 1055 983 υἱοῦ,
1086 925 1172 975 καί
1200 922 1345 994 ἀγίου
1370 924 1652 996 πνεύματος
1693 923 1917 996 βαπτισ-

333 1013 495 1077 θῆναι,
532 1015 615 1067 καί
657 1010 739 1066 διὰ
766 1018 857 1066 τοῦ
900 1012 1257 1085 βαπτίσματος
1305 1017 1393 1070 τήν
1437 1015 1594 1087 χάριν
1637 1020 1725 1066 τοῦ
1769 1012 1914 1082 ἁγίου

335 1099 619 1173 πνεύματος
672 1103 908 1175 εἰληφέναι
953 1106 1039 1156 καί
1088 1103 1339 1163 υἱοθεσίας
1382 1106 1635 1166 ἠξιῶσθαι,
1684 1106 1769 1157 καί
1809 1101 1918 1157 καθ’

336 1195 570 1264 ὁμοίωσιν
596 1194 857 1267 βασιλικῆς
887 1194 1064 1253 εἰκόνος
1090 1197 1159 1255 εἰς
1196 1194 1469 1264 πρόσωπον
1498 1202 1589 1249 τοῦ
1618 1201 1744 1249 Θεοῦ
1773 1193 1917 1265 λόγου

337 1289 418 1341 τόν
468 1288 682 1363 Χριστὸν
725 1286 1140 1363 προσκυνεῖσθαι,
1190 1289 1275 1339 καί
1317 1286 1446 1356 μετά
1493 1290 1584 1344 την
1634 1287 1920 1339 ἀνάστασιν

337 1373 588 1448 ἄτρεπτον
614 1384 723 1436 ταῖς
753 1377 952 1436 ἐννοίαις
975 1380 1060 1431 καί
1083 1376 1437 1449 ἀναμάρτητον
1474 1376 1789 1447 γεγενῆσθαι.
1821 1378 1922 1427 Καὶ

338 1470 465 1543 πρὸς
496 1471 695 1529 τούτοις
740 1464 870 1531 εἷπε,
916 1468 1152 1525 τοιαύτην
1178 1468 1476 1538 γεγενῆσθαι
1500 1473 1587 1524 την
1630 1468 1803 1519 ἕνωσιν
1831 1473 1920 1520 τοῦ

338 1565 467 1613 Θεοῦ
494 1559 643 1631 λόγου
686 1559 813 1631 πρὸς
853 1559 936 1613 τόν
981 1560 1219 1633 Χριστὸν,
1253 1558 1425 1612 ὁποίαν
1456 1556 1481 1611 ὁ
1510 1557 1792 1616 ἀπόστολος
1828 1554 1923 1630 ἔφη

340 1654 461 1725 περί
484 1656 576 1705 τοῦ
613 1648 789 1728 ἀνδρὸς
815 1653 900 1704 καί
935 1658 1025 1709 τῆς
1050 1650 1287 1721 γυναικός
1308 1664 1323 1679 ⁶
1361 1666 1379 1699 ε
1404 1645 1641 1703 Ἐσονται
1669 1649 1711 1703 οἱ
1737 1646 1826 1702 δύο
1854 1651 1926 1709 εἰς

344 1746 516 1818 σάρκα
542 1744 689 1814 μίαν
720 1762 737 1794 ι
777 1743 858 1798 ἔτι
879 1743 931 1799 δὲ
954 1746 1309 1819 προτρέπομαι
1329 1745 1464 1815 ὑμᾶς
1486 1744 1720 1808 ἐξετάσαι
1748 1744 1830 1795 καί
1858 1743 1927 1796 τά

343 1842 507 1895 κακῶς
533 1838 784 1909 γραφέντα
813 1838 956 1911 παρά
995 1834 1308 1911 Θεοδωρίτου
1334 1839 1416 1889 καί
1452 1832 1566 1889 ’ἰϐα
1593 1836 1723 1889 κοιτά
1762 1842 1851 1894 τῆς
1881 1835 1931 1888 ἔν

343 1929 526 1999 Ἐφέσῳ
552 1930 757 2002 πρώτης
787 1926 932 2002 ἁγίας
965 1924 1199 1993 συνόδου,
1228 1930 1315 1981 καὶ
1341 1926 1519 2001 ὁμοίως
1550 1929 1615 1982 rei
1640 1926 1749 1981 κατ’
1772 1926 1926 1980 αὐτοῦ

345 2017 718 2086 ἀποφήνασθαι.

2020 742 2203 810 pejora
2232 756 2391 809 quam
2415 741 2691 798 Nestorius
2723 743 2839 812 ejus
2864 742 3153 812 discipulus
3174 740 3584 813 blasphemavit.

2018 830 2125 885 Nos
2154 832 2315 899 igitur
2341 842 2626 900 sequentes
2664 843 2880 888 sanctos
2918 842 3097 901 patres
3137 842 3372 899 nostros,
3404 840 3462 888 et
3487 848 3588 887 νο·
3644 892 3651 900 ,

2017 921 2188 975 lentes
2234 929 2437 976 rectam
2480 921 2637 975 ﬁdem
2683 924 2798 977 sine
2849 923 2951 977 ulla
2989 921 3198 979 macula
3239 938 3584 988 conservare,

2020 1011 2300 1066 hortamur
2328 1028 2439 1076 vos,
2471 1023 2529 1067 ut
2568 1013 2724 1080 hujus
2763 1029 2975 1083 quoque
3004 1014 3361 1084 blasphemias
3386 1015 3597 1070 exami~

1992 1113 2231 1169 nantes,
2264 1103 2331 1157 de
2360 1117 2423 1157 eo
2437 1111 2491 1158 et
2511 1105 2871 1160 sectatoribus
2883 1105 3002 1176 ejus
3017 1105 3340 1161 sententiam
3390 1103 3594 1160 feratis.

2021 1191 2154 1245 Nam
2183 1201 2377 1262 praeter
2424 1193 2702 1245 innumera
2728 1191 2830 1244 alia
2866 1207 2984 1261 quae
3016 1194 3177 1263 impie
3225 1194 3278 1248 in
3325 1193 3599 1249 Christum

2024 1283 2189 1337 Deum
2220 1290 2461 1337 nostrum
2487 1281 2772 1336 maledicta
2817 1284 3071 1347 evomuit,
3106 1283 3159 1337 id
3189 1299 3402 1354 quoque
3430 1294 3603 1355 protu-

2024 1374 2106 1439 lit,
2133 1374 2294 1427 alium
2329 1387 2447 1427 esse
2496 1372 2662 1426 Deum
2693 1373 2948 1440 Verbum,
2982 1374 3143 1428 alium
3191 1374 3481 1440 Christum,
3513 1376 3605 1444 qui

2026 1464 2189 1518 animi
2241 1463 2731 1533 perturbationibus
2779 1471 2833 1517 et
2863 1464 3042 1519 carnis
3079 1466 3460 1534 cupiditatibus
3499 1482 3608 1520 mo-

2028 1554 2237 1609 lestiam
2277 1553 2376 1623 ipsi
2425 1552 2819 1617 exhibentibns,
2862 1553 3119 1622 paulatim
3172 1570 3201 1608 a
3253 1555 3609 1610 deterioribus

2027 1645 2311 1711 desistens,
2354 1642 2619 1698 factorum
2668 1643 2911 1713 profectu
2958 1646 3010 1700 in
3043 1646 3233 1701 melius
3259 1648 3613 1713 evaserit,in-

2029 1735 2351 1805 culpataque
2395 1735 2609 1804 optimas
2650 1735 2772 1788 vita:
2816 1735 3026 1789 ratione
3080 1751 3206 1790 usus
3259 1736 3348 1790 sit.
3382 1726 3502 1802 Qui,
3554 1746 3611 1790 ut

2031 1842 2197 1897 purus
2222 1827 2406 1886 homo,
2438 1826 2490 1878 in
2524 1825 2739 1879 nomine
2784 1824 2976 1892 Patris,
3010 1834 3066 1880 et
3111 1825 3253 1893 Filii,
3284 1834 3339 1880 et
3379 1826 3611 1895 Spiritus

2033 1918 2201 1973 sancti
2230 1916 2553 1986 baptizatus,
2604 1931 2701 1985 per
2754 1915 3076 1985 baptismum
3107 1917 3333 1985 gratiam
3381 1917 3613 1987 Spiritus

1962 2029 2009 2089 Β
2035 2006 2205 2062 sancti
2226 2012 2561 2070 consecutus,
2594 2004 2881 2074 ad0ptione
2910 2006 2978 2060 sit
2999 2005 3276 2073 dignatus;
3301 2016 3353 2060 et
3382 2006 3447 2060 ad
3475 2007 3615 2061 simi-

2038 2098 2315 2155 litudinem
2346 2096 2508 2166 regias
2538 2096 2784 2165 imaginis
2827 2095 3071 2151 Christus
3100 2097 3150 2151 in
3194 2113 3422 2167 persona
3452 2097 3615 2151 Verbi

350 2196 443 2251 Dei
484 2196 759 2263 adoratus,
804 2208 927 2267 post
966 2198 1417 2255 resurrectionem
1460 2199 1640 2253 animo
1697 2194 1962 2253 constanti
2013 2202 2068 2248 et
2108 2198 2452 2261 peccatorum
2494 2202 2665 2241 vacuo
2715 2186 2890 2241 fuerit.
2938 2185 3201 2241 Praeterea
3256 2188 3616 2256 pronuntiavit

346 2303 467 2343 eam
488 2287 649 2343 fuisse
677 2287 833 2343 Verbi
858 2305 977 2344 cum
1008 2288 1220 2345 Christo
1248 2289 1577 2353 unitionem,
1627 2304 1745 2357 qua:
1792 2295 1875 2341 est
1926 2286 1994 2338 ab
2033 2279 2293 2351 Apostolo
2332 2278 2472 2332 dicta
2498 2276 2597 2330 viri
2642 2291 2762 2330 cum
2794 2276 3021 2331 muliere
3054 2294 3066 2328 :
3102 2274 3170 2329 Et
3221 2286 3369 2329 erunt
3416 2277 3516 2330 duo
3562 2279 3617 2330 iu

347 2394 452 2431 una
477 2392 629 2429 came
653 2374 704 2445 (Ι
727 2376 845 2430 Cor.
874 2377 971 2446 ix).
1026 2376 1107 2430 Ad
1144 2378 1257 2432 haec
1299 2393 1393 2430 vos
1438 2377 1644 2441 hortor,
1675 2386 1815 2431 utea
1845 2376 2003 2431 etiam
2044 2368 2363 2425 examinetis
2400 2381 2518 2435 qua:
2558 2382 2588 2420 a
2637 2365 2979 2421 Theodorcto
3009 2374 3063 2421 et
3111 2366 3203 2421 lba
3253 2367 3392 2422 male
3420 2369 3617 2437 scripta

347 2476 473 2522 sunt
518 2477 701 2521 contra
743 2467 888 2537 prius
934 2466 1259 2535 Ephesinum
1305 2476 1549 2520 sanctum
1595 2466 1878 2521 concilium
1905 2506 1921 2531 ,
1956 2467 2252 2527 contraque
2275 2472 2371 2511 eos
2412 2456 2602 2510 eodem
2633 2454 2793 2509 modo
2822 2455 3142 2509 sententiam
3184 2455 3385 2510 feratis.

422 2564 521 2613 Καὶ
549 2565 713 2612 ταῦτα
739 2559 886 2613 πάλιν
914 2560 1161 2616 ὡσαύτως
1190 2558 1235 2610 oi
1257 2558 1375 2610 θεῖοι
1394 2559 1611 2631 πατέρες
1633 2557 1930 2632 πολυπραγ-

350 2656 659 2713 μονήσαντες
705 2650 1050 2722 ἀπεκρίθησαν
1076 2665 1087 2675 ·
1114 2649 1144 2705 ἠ
1172 2650 1260 2718 μίν
1290 2648 1337 2700 ἐν
1365 2645 1638 2704 Χαλκηδόνι
1663 2649 1771 2700 θεία
1813 2648 1934 2701 σύν-

352 2740 466 2801 οδος
489 2740 802 2816 Θεοδωρίτου
828 2742 912 2794 καί
936 2736 1049 2794 ἰϐα
1073 2740 1228 2793 πολλὰ
1250 2740 1638 2802 καταϐοήσασα,
1662 2740 1748 2791 οὐκ
1775 2735 1935 2797 ἄλλως

351 2835 536 2892 αὐτοὺς
566 2830 783 2894 ἐδέξατο,
828 2834 872 2884 εἰ
913 2836 981 2904 μὴ
1027 2831 1273 2905 πρότερον
1318 2831 1683 2900 ἀνεθεμάτισαν
1721 2830 1787 2882 τά
1829 2826 1934 2883 ἴδια

351 2927 541 2998 πονηρά
594 2923 1019 2997 συῃράμματα,
1072 2925 1156 2975 καὶ
1201 2919 1455 2994 Θεόδωρον
1504 2923 1591 2975 καὶ
1639 2919 1930 2995 Νεστόριον.

352 3022 517 3083 Ἧμεῖς
559 3011 610 3068 δέ
663 3017 1021 3088 κατακρίνομεν
1066 3016 1147 3067 καί
1195 3014 1622 3083 ἀναθεματίξομεν
1665 3013 1793 3084 πρὸς
1832 3018 1937 3070 τοῖς

353 3106 517 3169 ἄλλοις
544 3106 739 3163 ἅπασιν
765 3108 1037 3178 αίρετικοῐς
1065 3115 1173 3167 τοῖς
1198 3106 1546 3177 κατακριθεῑσι
1574 3109 1657 3159 καί
1699 3107 1939 3174 ἀναθεμα-

356 3202 595 3255 τισθεῖσιν
627 3199 727 3253 ύπὸ
765 3209 865 3253 τῶν
896 3200 1166 3273 εῗρημίνων
1205 3197 1358 3269 ἁγίων
1393 3198 1661 3272 τεσσάρων
1691 3196 1934 3258 συνόδων,

356 3287 439 3343 καί
467 3287 718 3363 θεόδωρον
746 3287 1006 3359 γενόμενον
1036 3288 1309 3341 ἕπίσκοπον
1338 3286 1693 3357 Μοψουεστίας
1713 3327 1728 3351 ,
1758 3290 1841 3341 καί
1872 3290 1939 3342 τά

2115 2546 2320 2608 Patres,
2352 2545 2434 2599 his
2463 2558 2672 2597 rursum
2702 2548 2953 2598 accurate
2998 2544 3373 2608 consideratis,
3405 2560 3619 2615 respon-

2044 2636 2241 2692 derunt
2270 2653 2282 2688 :
2315 2634 2759 2691 Chalcedonense
2800 2649 3014 2689 sacrum
3058 2635 3347 2689 concilium
3379 2635 3618 2692 Theodo

2042 2738 2216 2783 return
2245 2735 2298 2780 et
2340 2725 2485 2779 Ibam
2537 2725 2772 2794 graviter
2799 2725 2978 2780 verbis
3006 2726 3346 2791 insectatum,
3380 2743 3486 2782 non
3518 2728 3619 2782 alia

2042 2817 2347 2873 conditione
2378 2816 2429 2869 in
2477 2816 2704 2885 gratiam
2750 2815 2983 2884 recepit,
3022 2829 3185 2883 quam
3231 2824 3291 2869 ut
3330 2816 3479 2884 prius
3524 2832 3619 2871 sua

2042 2908 2359 2962 damnarent
2379 2906 2517 2960 mala
2542 2905 2760 2976 scripta,
2784 2914 2838 2961 et
2854 2905 3196 2960 Theodorum
3212 2921 3277 2960 ac
3295 2906 3619 2962 Nestorium.

2032 3007 2146 3063 Nos
2176 3015 2354 3062 antem
2386 3014 2581 3075 praeter
2609 3005 2846 3074 reliquos
2877 3020 3067 3060 omnes
3096 3006 3381 3061 hrereticos
3402 3021 3433 3061 a
3463 3006 3621 3065 dictis

2038 3105 2272 3171 quatuor
2312 3096 2512 3150 sanctis
2550 3094 2795 3152 conciliis
2834 3094 3140 3165 damnatos,
3192 3104 3353 3165 atque
3383 3094 3620 3152 Ecclesia

2039 3191 2309 3255 exclusos,
2333 3188 2650 3243 damnamus
2674 3188 2836 3243 etiam
2857 3195 3019 3259 atque
3041 3188 3423 3258 proscribimus
3453 3187 3604 3244 Theo

2040 3281 2257 3349 dorum,
2285 3281 2377 3350 qui
2424 3279 2525 3334 fuit
2553 3278 2891 3349 Mopsuestia!
2932 3280 3238 3351 episcopus,
3270 3279 3491 3351 ejusque
3521 3283 3620 3336 im-

355 3376 587 3436 δυσσεϐἧ
614 3379 1000 3451 συγγράμματα
1027 3378 1203 3432 αὐτοῦ.
1236 3381 1329 3433 Καὶ
1353 3380 1443 3449 μέν
1470 3398 1547 3433 τοι
1574 3382 1658 3433 καὶ
1687 3379 1753 3433 rei
1777 3384 1934 3437 κακῶς

2046 3373 2165 3443 pios
2192 3372 2356 3427 libros
2390 3389 2402 3425 :
2431 3386 2533 3427 nec
2558 3386 2664 3427 non
2687 3385 2751 3425 ea
2779 3385 2899 3441 qua:
2932 3369 3303 3426 Theodoretns
3334 3372 3477 3427 male
3499 3373 3623 3427 scri-

355 3470 500 3542 παρά
545 3467 858 3544 Θεοδωρίτου
889 3470 1242 3542 συγγραφέντα
1268 3470 1401 3524 κατά
1440 3489 1492 3524 τε
1530 3479 1621 3529 τῆς
1660 3470 1809 3545 ὀρθῆς
1853 3473 1940 3524 πί·

355 3576 512 3617 στεως
536 3561 617 3611 καί
645 3566 746 3612 τῶν
767 3556 963 3612 δώδεκα
990 3558 1267 3630 κεφαλαίων
1295 3564 1382 3612 τοῦ
1414 3559 1460 3610 ἐν
1486 3557 1649 3629 ἀγίοις
1678 3559 1939 3632 ιυρίλλου,

359 3651 447 3703 καὶ
485 3657 575 3709 τῆς
605 3650 653 3703 ἐν
674 3651 856 3721 Ἐφέσῳ
894 3652 1100 3720 πρώτης
1123 3651 1263 3724 ἱερᾶς
1289 3648 1530 3713 συνόδου,
1558 3655 1643 3706 καὶ
1683 3649 1785 3706 ὅσα
1812 3632 1941 3727 ύπέρ

361 3744 671 3813 συνηγορίας
700 3741 964 3815 Θεοδώρου
1009 3745 1089 3797 καί
1128 3746 1402 3818 Νεστορὸου
1452 3743 1588 3815 αὐτῷ
1633 3744 1941 3815 γέγραπται.

360 3830 484 3906 Πρὸς
529 3832 729 3891 τούτοις
764 3833 1189 3901 ἀναθεματίζομεν
1227 3836 1311 3885 καί
1337 3837 1427 3890 τήν
1466 3831 1629 3889 ἀσεϐῆ
1676 3832 1944 3891 ἐπιστολήν

357 3928 448 3982 τὴν
470 3922 733 3995 λεγομένην
759 3925 903 3999 παρά
924 3921 1037 3977 ἰϐα
1059 3926 1337 3997 γεγράφθαι
1372 3926 1499 3998 πρός
1525 3926 1683 3999 Μάριν
1707 3925 1792 3979 τόν
1822 3926 1944 3998 [lip-

361 4034 476 4077 σην,
505 4018 595 4071 τήν
623 4012 929 4087 ἀρνουμένην
958 4016 1039 4070 τόν
1066 4015 1188 4091 Θεὸν
1224 4013 1365 4085 λόγον
1395 4016 1448 4067 ἐκ
1467 4023 1557 4075 τῆς
1587 4015 1735 4088 ἀγίας
1756 4017 1944 4091 παρθέ-

356 4128 447 4163 νου
474 4116 564 4170 τῆς
589 4109 818 4164 θεοτόκου
853 4114 1045 4179 Μαρίας
1069 4110 1392 4183 σαρκωθίντα
1413 4106 1669 4185 ἄνθρωπον
1702 4118 1943 4183 γεγενῆσ-

358 4202 463 4263 θαι,
486 4203 573 4255 καί
597 4203 683 4257 τόν
710 4202 976 4256 θεσπέσιον
1004 4201 1245 4275 Κύριλλον
1274 4203 1342 4261 ὡς
1373 4201 1619 4277 αἱρετικὸν
1651 4198 1948 4256 διαϐάλλου-

360 4310 480 4357 σαν,
529 4292 610 4343 καὶ
653 4291 971 4363 μεμφομένην
998 4293 1087 4360 μὲν
1116 4296 1204 4350 τήν
1243 4291 1294 4345 ἐν
1322 4290 1512 4362 Ἐφέσῳ
1550 4296 1758 4365 πρώτην

358 4379 591 4445 σύνοδον,
623 4384 692 4442 ὡς
722 4385 888 4457 χωρὶς
920 4387 1132 4456 κρίσεως
1167 4387 1252 4438 καὶ
1280 4389 1537 4448 ζητήσεως
1567 4387 1653 4440 τόν
1676 4385 1945 4459 Νεστόριον

362 4470 689 4535 καθελοῦσαν,
718 4475 802 4525 καί
840 4474 908 4528 τά
948 4470 1140 4528 δώδεκα
1166 4474 1406 4545 κεφαλαια
1430 4481 1524 4531 τοῦ
1562 4479 1811 4550 μακαρίου
1841 4486 1946 4530 κυ-

361 4558 527 4634 ριλλου
554 4557 928 4624 διαπτύουσαν,
959 4559 1256 4618 ἐκδικοῦσαν
1282 4561 1335 4617 δὲ
1366 4563 1620 4638 Θεόδωρον
1657 4568 1741 4620 καὶ
1767 4566 1948 4622 Νεστό-

360 4668 488 4723 ριον,
519 4652 601 4703 καί
627 4651 691 4704 τά
728 4652 973 4723 θεοστυγῆ
1014 4653 1179 4707 αὐτῶν
1213 4656 1599 4726 συγγράμμντά
1631 4674 1685 4712 τε
1714 4661 1800 4711 καὶ
1826 4657 1947 4731 δόγ-

2045 3469 2152 3540 psit
2174 3480 2363 3525 contra
2394 3482 2574 3524 veram
2606 3469 2780 3533 ﬁdem,
2814 3478 2869 3523 et
2917 3469 3202 3524 duodecim
3232 3470 3403 3525 sancti
3440 3470 3623 3544 Cyrilli

2044 3561 2242 3632 capita,
2270 3576 2333 3616 ac
2359 3561 2585 3630 primam
2628 3570 2872 3615 sanctam
2904 3559 3230 3631 Ephesinam
3258 3560 3545 3632 synodum,
3569 3573 3623 3618 et

2044 3675 2143 3730 pro
2164 3659 2476 3715 defensione
2504 3658 2773 3714 Theodori
2810 3673 2873 3713 ac
2902 3658 3151 3713 Nestorii.
3179 3657 3450 3714 Praaterea
3479 3660 3625 3714 dam-

2045 3766 2235 3806 namus
2274 3752 2437 3804 etiam
2473 3749 2759 3819 epistolam
2797 3764 2959 3818 quam
3004 3747 3121 3805 ibas
3147 3749 3319 3804 fertur
3346 3752 3625 3820 scripsisse

2044 3842 2111 3894 ad
2137 3841 2322 3894 Marim
2352 3840 2591 3904 Persam,
2615 3855 2736 3908 qua:
2767 3847 2930 3907 negat
2958 3838 3191 3893 Verbum
3234 3840 3326 3895 Dei
3350 3855 3417 3896 ex
3437 3851 3624 3897 sancta

2044 3932 2262 4001 Virgine
2310 3932 2538 4002 Deipara
2588 3930 2755 3986 Maria
2803 3930 3138 3985 incarnatum
3189 3932 3460 3987 hominem
3509 3948 3627 3989 esse

2044 4024 2265 4092 factum,
2298 4032 2353 4080 et
2374 4024 2553 4079 divum
2580 4022 2836 4095 Cyrillum
2859 4035 2959 4093 pro
2988 4022 3244 4079 haeretico
3274 4024 3533 4089 traducit;
3563 4039 3629 4081 ac

2044 4117 2270 4188 primam
2300 4115 2514 4186 quidem
2563 4113 2888 4185 Ephesinam
2919 4129 3124 4170 sacram
3147 4115 3413 4186 synodum
3452 4132 3629 4187 repre-

2044 4206 2255 4271 hendit,
2282 4215 2339 4261 ut
2366 4221 2485 4276 qua:
2532 4205 2799 4275 incognita
2828 4218 3003 4261 causa'
3018 4203 3322 4260 Nestorium
3346 4205 3631 4260 damnave-

2045 4298 2148 4363 rit;
2175 4296 2456 4352 duodecim
2477 4304 2659 4350 autem
2687 4294 2919 4365 capitula
2948 4294 3121 4349 sancti
3142 4294 3331 4366 Cyrilli
3357 4294 3627 4364 conspuit,

2045 4386 2293 4443 Nestorio
2323 4402 2452 4443 vero
2479 4394 2535 4442 et
2562 4385 2846 4442 Theodoro
2892 4385 3395 4456 eorumquejmpiis
3418 4385 3631 4454 scriptis

2045 4488 2103 4535 et
2123 4478 2469 4549 opinionibus
2497 4477 2888 4548 patrocinatur.
2912 4474 3255 4545 Quapropter
3274 4473 3501 4531 ell‘renes
3529 4475 3631 4529 ha:-

2046 4578 2338 4633 reticornm
2384 4576 2611 4632 istorum
2660 4575 2889 4643 linguas,
2939 4574 3357 4643 impiissimaqne
3410 4574 3629 4643 scripta,

2048 4666 2307 4736 ipsosque
2326 4665 2396 4721 ad
2422 4673 2723 4721 extremum
2771 4664 2825 4719 in
2876 4663 3025 4718 falsis
3054 4662 3165 4719 suis
3194 4662 3539 4733 opinionibus
3567 4678 3632 4719 ac

362 4762 520 4812 ματα.
551 4746 632 4795 Διὸ
661 4740 722 4801 δή
751 4746 917 4796 τοίνυν
952 4744 1043 4803 τάς
1070 4745 1162 4813 μέν
1190 4751 1290 4801 τῶν
1318 4747 1577 4818 αἰρετικῶν
1615 4749 1827 4811 τούτων,
1862 4770 1934 4803 και

2051 4756 2251 4810 malitia
2283 4762 2710 4825 perseverantes,
2738 4755 2944 4823 optimo
2984 4752 3107 4823 jure
3136 4754 3272 4822 patri
3318 4752 3632 4808 mendacio-

361 4833 568 4887 πάντων
609 4834 994 4908 ἀθυροστόμους
1021 4836 1284 4910 γλώσσας,
1314 4842 1398 4894 καί
1419 4839 1513 4898 rei;
1538 4835 1733 4894 τούτων
1762 4839 1948 4894 ἀσεϐε-

360 4926 555 4985 στάτας
589 4930 910 5001 συγγραφάς,
935 4925 1117 4989 αύτούς
1141 4949 1195 4982 τε
1239 4933 1360 4989 τοὺς
1405 4929 1685 5003 αἱρετικούς
1712 4932 1830 4990 τούς
1856 4931 1947 5001 μί-

361 5033 461 5082 χρι
484 5015 655 5075 τέλους
682 5018 1007 5089 ἐμμείναντας
1036 5027 1097 5091 τῇ
1121 5020 1278 5091 οἰκείᾳ
1306 5017 1571 5093 κακοδοξίᾳ
1595 5022 1681 5073 καί
1709 5024 1939 5095 πονηρίᾳ,

359 5104 492 5172 μετά
520 5094 613 5159 τού
639 5109 835 5181 πατρὸς
878 5114 969 5163 τοῦ
1011 5106 1233 5179 ψεύδους
1260 5108 1463 5169 εἰκότως
1505 5107 1740 5164 διαξόλου
1783 5131 1942 5169 συνα-

361 5201 662 5270 ριθμοῦντες
707 5199 913 5273 ἐροῦμεν
946 5216 959 5229 ⁸

2051 4860 2170 4900 rum
2198 4845 2421 4901 diabolo
2467 4851 2908 4910 annumerantes,
2935 4842 3176 4898 dicemus
3204 4860 3215 4894 :
3259 4842 3442 4897 Vadite
3469 4843 3525 4896 in
3552 4842 3626 4896 lu-

2048 4939 2189 4990 mine
2232 4937 2371 5008 ignis
2419 4936 2593 5002 vestri,
2644 4942 2696 4989 et
2757 4935 2813 4989 in
2865 4934 3080 5003 ﬂamma
3124 4948 3280 5005 quam
3327 4934 3632 5001 concepisti

2049 5024 2207 5097 (Isai.
2257 5028 2333 5099 ι).

1010 5202 1282 5274 Πορεύεσθε
1331 5208 1403 5270 τῷ
1448 5204 1575 5272 φωτὶ
1616 5207 1709 5258 τοῦ
1745 5204 1910 5280 πυρὸς
1947 5204 2111 5273 ὑμῶν,
2140 5209 2221 5260 και
2247 5214 2308 5281 τῇ
2337 5204 2497 5277 φλογί,
2588 5204 2905 5270 ἔξεκαύσατε.

379 5331 3625 5363 Ἦ

985 5435 1035 5505 J
1052 5434 1595 5511 USTINIANI
1651 5437 2415 5516 IMPERATOBIS
2471 5442 3009 5515 EPISTOLA

354 5562 704 5623 'Anvsnsus
749 5579 1117 5626 nosnouos
1162 5582 1396 5629 turma
1444 5585 1843 5645 resonarunt
1892 5589 1934 5630 Α·

2034 5589 2098 5631 JB
2140 5588 2361 5641 lNlQUA
2404 5589 2556 5633 EJUS
2604 5588 2946 5646 DOGMATt,
2994 5590 3072 5632 ET
3115 5589 3463 5635 κριετοιεεί
3512 5595 3635 5640 ΙΒιΒ

473 5675 743 5733 ωοτΔΜ,
774 5676 894 5721 NEC
936 5677 1057 5723 NON
1096 5681 1421 5727 τιειεουοιιι
1461 5684 1682 5731 LIBROS
1708 5684 1934 5729 CONTRA

2034 5688 2402 5731 ATHOLICAI
2436 5688 2664 5747 FIDEM,
2702 5688 2978 5734 SCRIPTIS
3010 5687 3527 5740 PROPUGNANTIS.

363 5861 517 5955 ἰτσνθ
532 5866 804 5929 ἐπιστολῆς
844 5868 1403 5959 évrtypaerien;'1raeei
1439 5883 1533 5933 τοῦ
1574 5880 1944 5938 εὐσεϐεστάτου

438 5941 520 5990 καί
549 5941 1035 6025 χριστιανικωτάτὸυ
1059 5941 1308 6025 Βασιλέως
1332 5941 1687 6025 Ὶουᾼστινιανοῦ
1718 5954 1848 6025 πρός
1869 5974 1945 6007 rt-

436 6027 524 6068 ναί
539 6008 829 6081 ’Ῑρἀψαντας
851 6014 932 6065 καὶ
952 6010 1307 6078 hauriantur;
1325 6018 1576 6092 Θεόδωρον
1598 6022 1679 6076 τὸν
1693 6008 1846 6078 δυὲισὶ
1856 6023 1938 6089 ξε,

2053 5879 2343 5952 Exemplar
2386 5880 2619 5952 epistola:
2654 5896 2686 5934 α
2716 5881 2950 5952 piissimo
2996 5892 3148 5951 atque
3193 5880 3634 5940 Christianiuimo

2124 5951 2434 6022 imperator:
2458 5951 2758 6022 liustiniano
2795 5953 3099 6019 perscripr
3131 5952 3373 6007 adversus
3412 5958 3635 6008 nonnul-

2124 6021 2206 6079 los
2235 6023 2445 6094 impium
2480 6021 2799 6078 Theodorum
2830 6030 2980 6093 atque
3008 6022 3182 6093 iniqua
3210 6023 3321 6093 ejus
3356 6025 3627 6094 dogmata,
