4088 6566
540 513 675 577 1053

613 640 697 725 amri
739 633 805 724 τρί
842 640 993 725 αὖτρῦ
1037 639 1244 725 πονηροί.
1281 636 1538 721 δόγματα,
1587 643 1670 692 καί
1711 644 1818 725 τήν.
1847 641 2110 711 λεγομένην
2139 646 2190 703 Α

611 706 735 784 ἰϐει
755 708 1038 784 ἐπιστ-ολην,
1070 706 1253 784 καίτά
1287 706 1663 784 συγγράμματα
1692 706 2003 784 Θεοδωρίτου
2047 713 2110 766 τά

613 777 744 832 κατὰ
769 784 860 836 τῆς
891 779 1040 850 ὀρθῆς
1063 780 1282 838 πίστεως
1307 777 1651 851 γεγραμμένα.

613 867 897 941 ι’ράμματα
924 869 1063 939 ὑμῶν
1092 866 1382 938 ἐδεξάμεθα,
1412 867 1542 943 ἅπερ
1565 865 1856 940 ἀναγνόντες
1898 870 2110 937 ἐθαυμά-

542 977 724 1028 σαμεν,
742 958 876 1031 ὑμᾶς
904 962 974 1028 μὴ
1001 959 1328 1019 ἐννοήσαντας
1348 963 1437 1017 την
1461 965 1551 1013 τοῦ
1580 963 1754 1034 κυρίου
1785 958 2112 1015 διδασκαλίαν

545 1050 787 1119 ιίγοντος,
819 1067 836 1099 t
856 1051 1045 1104 Μάθετε
1067 1050 1154 1104 ἀπ’
1173 1051 1316 1120 ἐμοῦ,
1345 1049 1422 1104 ὅτι
1448 1051 1608 1124 πρᾷός
1635 1055 1755 1121 εἰμι,
1783 1056 1868 1105 καί
1887 1055 2111 1115 ταπεινός

542 1145 604 1211 τῇ
625 1135 822 1214 καρδίᾳ,
848 1155 866 1187 t
894 1138 996 1190 ἀλλ’
1014 1141 1086 1198 είς
1112 1145 1353 1192 τοσοῦτον
1375 1141 1741 1212 ὐπερηφανείας
1769 1142 2023 1213 ἀρθέντας,
2043 1145 2111 1201 ὡς

543 1228 731 1286 πάντας
751 1228 872 1287 τοὺς
896 1228 1052 1300 ίερεῖς
1079 1235 1170 1286 τῆς
1202 1233 1289 1280 τοῦ
1319 1233 1444 1282 Θεοῦ
1474 1228 1736 1288 ἐκκλησίας
1761 1229 2104 1297 ἐξουδενῶσαι,

545 1318 630 1369 καί
652 1316 833 1384 μόνους
857 1317 992 1390 ὑμᾶς
1030 1319 1214 1378 αὐτοὺς
1256 1321 1308 1371 ἐκ
1345 1322 1539 1373 πάντων
1573 1317 1858 1375 δικαιῶσαι.
1884 1323 2109 1395 καθάπερ

462 1416 464 1419 '
545 1404 724 1464 ἐκεῖνος
750 1405 776 1459 ό
799 1415 1086 1481 Φαρισαῖος,
1114 1403 1166 1468 ὃς
1192 1406 1306 1462 οὐδέ
1337 1409 1422 1463 τόν
1453 1410 1661 1468 τελώνην
1687 1414 1984 1483 κατακρίνας
2008 1413 2110 1468 ἐδι-

545 1496 760 1552 καιώθη·
787 1499 872 1550 καί
897 1498 944 1549 ἐν
981 1495 1089 1566 ὅσῳ
1114 1498 1382 1570 ἠλπίζομεν
1405 1503 1562 1570 ὑμᾶς,
1593 1499 1742 1570 ὅμοια
1785 1511 1893 1563 τοῖς
1921 1505 2111 1566 λοιποῖς

544 1584 736 1659 ἱερεῦσι
757 1596 972 1658 ςδρονεῖν,
1001 1588 1219 1665 ηὕρομεν
1245 1591 1369 1662 παρ’
1393 1591 1598 1653 ἐλπίδας
1626 1595 1786 1649 ἐκεῖνα
1813 1597 1948 1667 ὑμᾶς
1979 1597 2111 1653 ἐκδι-

542 1681 746 1736 κοῦντας
764 1672 832 1730 τά
857 1680 939 1730 καί
964 1686 1037 1751 τῷ
1067 1686 1195 1750 Θεῷ,
1222 1684 1306 1734 καὶ
1325 1689 1387 1756 τῇ
1409 1683 1524 1758 ὀρθῇ
1543 1688 1718 1738 πίστει
1739 1687 2107 1758 ἐναντιούμεναο

542 1767 624 1819 καί
670 1763 805 1836 ὅμως
849 1770 1087 1826 τοιαύτην
1134 1770 1365 1823 ἀσέϐειαν
1415 1771 1752 1838 ἐκδικοῦντες,
1799 1773 1947 1836 ἴσους
1974 1779 2110 1848 ὑμᾶς

541 1859 728 1918 αὐτοὺς
765 1854 888 1912 εἶναι
927 1867 1034 1920 τοῖς
1074 1861 1375 1920 ἀποστόλοις
1419 1862 1696 1918 ύπελάϐετε
1739 1867 1993 1938 λέγοντες,
2039 1875 2109 1938 μή

543 1949 741 2018 ὀφείλειν
770 1950 880 2003 τινά
915 1952 983 2008 ὡς
1002 1950 1268 2021 ἀγροίκους
1297 1950 1433 2018 ὑμᾶς
1470 1951 1718 2016 ὀνειδίζειν
1736 1971 1747 1983 ·
1775 1955 1943 2016 ἐπειδὴ
1975 1961 2061 2011 καί
2083 1959 2109 2013 ό

540 2037 662 2097 θεὸς
690 2038 943 2111 ἀγροίκοις
969 2042 1278 2113 προσέταξεν
1315 2043 1578 2115 κηρύττειν
1607 2047 1664 2098 τὸ
1693 2047 1971 2118 εὐαγγέλιον
1990 2065 2003 2078 ⁸
2033 2053 2112 2103 καί

541 2133 680 2200 ἡμεῖς
691 2133 833 2199 μέιεί
843 2136 926 2186 καί
939 2135 1228 2210 ἀγροίκους,
1239 2137 1306 2195 ὡς
1318 2136 1535 2208 λέγεται,
1548 2138 1682 2210 ὑμᾶς
1696 2138 2019 2209 ἐκαλέσαμεν,
2029 2139 2112 2196 διά

542 2226 695 2276 τοῦτο
722 2221 885 2286 οὕτως
904 2221 1128 2293 εἴπομεν,
1156 2223 1326 2283 ἐπειδὴ
1347 2227 1637 2297 ἀγνοοῦντες
1658 2232 1748 2286 τήν
1767 2229 2111 2288 ἐκκλησιαστι-

544 2317 631 2370 κήν
647 2312 787 2376 τάξιν
799 2333 853 2367 τε
868 2317 954 2370 καί
965 2313 1251 2388 παράδοσιν
1262 2318 1343 2369 καί
1355 2322 1442 2374 τήν
1458 2317 1712 2392 όρθόδοξον
1734 2322 1923 2381 πίστιν.
1940 2324 2114 2377 τοιαύ-

543 2423 634 2457 την
653 2404 886 2461 ἀσέϐειαν
905 2404 1160 2462 ἐκδικεῖται
1173 2405 1260 2478 [Ρ.
1279 2407 1556 2480 ἐκδικεῖτε]“
1574 2414 1692 2472 τοὺς
1704 2413 2020 2475 ἀποστόλους
2033 2412 2111 2483 δέ,

544 2492 632 2554 οὓς
651 2494 802 2564 ὑμεῖς
816 2497 1079 2572 ἀγροίκους
1097 2499 1313 2553 καλεῖται
1325 2497 1416 2569 [ια’.
1432 2499 1645 2570 καλεῖτε]
1656 2543 1670 2565 ,
1683 2503 1707 2556 ό
1719 2504 1836 2563 Θεὸς
1847 2505 2110 2568 ἐπελέξατο

540 2583 728 2656 ἐαυτῷ,
767 2588 850 2640 καί
874 2591 965 2642 τοῦ
1004 2584 1130 2640 ἰδίου
1157 2589 1444 2658 πνεύματος
1471 2594 1553 2643 καί
1579 2594 1798 2666 χάριτος
1823 2596 1906 2646 καί
1932 2597 2112 2666 σοφίας

541 2674 820 2746 ἐπλήρωσε,
846 2680 928 2729 καί
964 2676 1124 2736 οὕτως
1155 2680 1342 2739 αὐτοὺς
1376 2681 1686 2746 ἀπίστειλεν,
1707 2684 1790 2737 ἶνα
1817 2677 1885 2738 τά
1911 2683 2022 2744 ἔθνη
2048 2688 2113 2741 τά

543 2761 628 2818 τόν
655 2763 772 2816 Θεὸν
791 2765 1061 2838 ἀγνοοῦντα
1085 2767 1215 2837 πρὸς
1242 2774 1330 2829 τήν
1357 2778 1447 2830 τῆς
1468 2771 1697 2832 ἀληθείας
1721 2772 1830 2828 ὁδόν
1853 2773 2112 2848 ὁδηγήσω-

541 2867 641 2904 cur
665 2849 774 2906 ὅθεν
788 2856 869 2907 καί
892 2855 1064 2914 αὐτοῖς
1085 2857 1254 2927 μόνοις
1274 2867 1384 2918 τοῖς
1401 2861 1700 2922 ἀποστόλοις
1724 2859 1880 2931 εἶπεν,
1907 2886 1925 2914 ι
1947 2876 1998 2920 ’Υ
2000 2876 2081 2936 μεῖ
2085 2887 2111 2927 ς

545 2941 656 2996 ἐστε
680 2943 736 2996 τό
765 2949 866 3015 φῶς
889 2949 977 2997 τοῦ
1016 2945 1222 3018 κόσμου·
1248 2965 1265 2996 ι
1299 2952 1494 3023 φανεροί
1519 2953 1683 3004 τοίνυν
1713 2953 1852 3015 ἐστὶ,
1883 2954 2109 3032 καθάπερ

543 3027 568 3081 ὃ
600 3031 874 3099 ἀπόστολος
900 3030 1065 3102 εἶπεν,
1099 3053 1118 3087 ε
1146 3043 1217 3106 μὴ
1243 3046 1499 3102 νοοῦντες,
1529 3045 1654 3112 μήτε
1690 3041 1723 3096 ἃ
1758 3043 1922 3115 λέγετε
1941 3087 1953 3106 ,
1983 3027 2108 3116 μήτε

545 3125 823 3195 περίτίνων
846 3123 1252 3184 διαϐεϐαιοῦσθε·
1277 3148 1298 3182 ε
1323 3128 1400 3187 ὅτι
1422 3132 1728 3204 ἐτολμήσατε
1747 3139 1958 3197 καὶτοῖς
1978 3138 2126 3193 ἀπο-ν

543 3213 737 3273 στόλοις
755 3215 968 3278 ἑαυτοὺς
993 3220 1256 3286 ἐξισῶσαι,
1279 3226 1360 3276 καί
1387 3227 1502 3284 τοὺς
1519 3227 1857 3300 πατριάρχας
1877 3233 1960 3284 καί
1977 3235 2108 3288 πάν-

545 3321 635 3360 τας
659 3306 773 3363 τοὺς
793 3304 939 3383 ἱερεῖς
955 3307 1238 3382 ἐνυϐρίσαι.
1260 3318 1506 3365 Τοσοῦτον
1521 3310 1573 3366 δέ
1589 3319 1676 3372 τὴν
1697 3315 2108 3377 ἐκκλησιαστικην

547 3392 866 3446 κατάστασιν
907 3395 990 3447 οὐκ
1025 3397 1294 3468 ἐφυλάξατε
1312 3442 1325 3466 ,
1356 3399 1432 3455 ὅτι
1461 3399 1550 3471 [Ρ.
1577 3400 1733 3472 ὥστε]
1761 3407 1820 3460 τό
1847 3407 1894 3458 ἐν
1935 3407 2108 3477 μηδενί

545 3482 721 3550 χρόνῳ
764 3483 1018 3553 γενόμενον
1060 3488 1159 3540 ὑπὸ
1207 3499 1507 3566 Χριστιανῶν
1532 3494 1843 3565 ἐτολμήσατε
1880 3506 2104 3556 ποιῆσαι.

545 3571 740 3660 Πάντων
781 3577 881 3648 γὰρ
917 3583 1014 3630 τῶν
1040 3568 1441 3654 μακαριωτάτων
1483 3593 1821 3658 πατριαρχῶν
1859 3593 1949 3644 τήν
1981 3591 2108 3660 πρὸς

545 3659 786 3723 ἀλλήλους
827 3665 1003 3720 ἕνωσιν
1046 3668 1268 3738 ἐχόντων
1307 3669 1467 3732 οὐδεὶς
1497 3673 1675 3728 ἐαυτὸν
1715 3683 1806 3734 τῆς
1848 3659 2108 3739 καθολικῆς

545 3749 808 3811 ἐκκλησίας
844 3751 1114 3830 ἐχώρισεν,
1146 3759 1190 3810 εί
1229 3764 1300 3829 μή
1328 3769 1548 3834 οανερῶς
1574 3763 1796 3835 αίρετική
1835 3769 1990 3835 μανία
2017 3789 2108 3822 κα-

542 3839 771 3926 τείχετο·
820 3839 946 3915 ὅπερ
998 3846 1144 3916 ὑμεῖς
1179 3847 1260 3902 ἐπί
1295 3855 1385 3903 τοῦ
1421 3851 1670 3926 παρόντος
1717 3863 1878 3908 ποιεῖν
1918 3859 2110 3911 ἐσπου-

543 3925 758 3982 δάσατε’
786 3932 889 3985 ἀλλ’
908 3934 950 3985 εί
974 3938 1056 3987 καί
1084 3941 1236 3990 τοῦτο
1257 3940 1452 4010 γέγονεν
1481 3925 1600 4014 παρ’
1617 3946 1780 4013 ὑμῶν,
1803 3942 1938 4012 ὅμως
1965 3949 2106 4016 ἡμεῖς

544 4020 604 4069 οὐ
644 4022 909 4088 παυόμεθα
937 4027 1039 4077 πᾶν
1068 4023 1096 4078 ὅ
1137 4047 1190 4080 τι
1222 4021 1308 4080 οὖν
1337 4029 1464 4100 πρὸς
1493 4031 1830 4104 ἐπανόρθωσιν
1858 4036 2105 4110 ὑμετέραν

541 4109 625 4196 καί
664 4116 922 4171 ποιοῦντες
973 4117 1056 4167 καὶ
1081 4118 1373 4189 γράφοντες.
1402 4119 1597 4179 Ἐπειδή
1635 4127 1801 4176 τοίνυν
1847 4109 2104 4196 ἐγράψατε

540 4195 780 4267 λέγοντες,
807 4198 889 4253 διὰ
915 4209 1066 4256 τοῦτο
1086 4206 1218 4274 ἡμᾶς
1266 4207 1491 4266 σπουδὴν
1535 4213 1845 4269 ποιήσασθαι
1891 4195 1956 4268 τά
1992 4219 2106 4291 τρία

540 4292 706 4340 ταῦτα
760 4289 1000 4361 κεφάλαια
1061 4294 1515 4362 καταδικασθῆναι,
1566 4304 1802 4358 τουτέστι
1849 4289 2103 4380 Θεόδωρον

540 4379 668 4448 μετά
695 4387 793 4434 τῶν
820 4384 1006 4437 οἰκείων
1034 4391 1459 4464 συγγραμμάτων,
1490 4394 1572 4444 καί
1592 4397 1684 4451 τήν
1706 4394 1968 4465 λεγομένην
1990 4379 2104 4453 ’ίϐα

539 4465 731 4522 ἐπιστοῖ
747 4473 833 4535 ἠν,
875 4475 962 4526 καί
998 4475 1064 4529 τά
1113 4475 1426 4553 Θεοδωρίτου
1478 4485 1884 4559 συγγράμματα,
1926 4487 2005 4542 ἶνα
2047 4490 2104 4543 τὸ

538 4558 726 4630 Θόλημα
751 4560 984 4638 πληρωθῇ
1012 4571 1112 4619 τῶν
1157 4567 1259 4620 ἀπὸ
1286 4576 1378 4628 τῆς
1402 4569 1663 4630 καθολικῆς
1701 4574 1960 4634 ἐκκλησίας
1986 4577 2106 4630 ἐαυ-

536 4650 657 4708 τούς
700 4654 1059 4727 χωρισάντων,
1087 4658 1358 4726 γινώσκετε
1399 4657 1475 4714 ὅτι
1521 4662 1664 4731 ἡμεῖς
1704 4665 1760 4716 οὐ
1810 4662 1872 4718 δι’
1888 4666 2100 4726 ἐκείνους

1845 524 2280 584 IUSTlNIANl
2321 507 2457 584 1MP
2519 581 2522 583 λ

3654 530 3786 594 1044

2283 651 2334 696 et
2360 644 2629 713 epistolam
2673 643 2782 698 Iba:
2809 645 3019 709 dictum,
3055 661 3147 698 nec
3174 661 3276 699 non
3310 644 3604 700 Theodoriti
3627 648 3785 704 libros

2283 722 2466 786 eontra
2494 715 2801 768 catholicam
2827 715 3004 786 ﬁdem,
3033 716 3237 783 scriptis
3266 727 3644 786 propugnantes
3677 728 3723 772 ⁸.

2283 781 2514 837 Litteras
2539 793 2745 838 vestras
2771 781 3101 854 accepimus,
3133 781 3274 852 uuas
3303 781 3447 838 cum’
3465 786 3783 852 legeremus,

2215 868 2560 924 vehementer
2586 871 2764 925 mirati
2784 887 2985 936 sumus,
3010 886 3108 925 vos
3127 871 3348 925 minime
3375 871 3443 925 ad
3465 886 3588 926 eam
3615 874 3788 929 domi-

2212 960 2385 1015 nicam
2409 961 2795 1017 institutionem
2823 965 3164 1018 advertentes
3181 964 3438 1029 animum,
3456 980 3560 1034 qua
3583 965 3788 1020 dictum

2212 1060 2296 1116 est
2328 1050 2562 1106 :Discite
2603 1069 2634 1104 α
2683 1069 2764 1106 me
2800 1053 2919 1124 quia
2959 1054 3098 1106 mitis
3146 1069 3258 1106 sum
3298 1062 3346 1106 et
3387 1053 3591 1107 humilia
3634 1055 3792 1108 corde

2215 1140 2428 1212 (Matth.
2465 1157 2536 1206 xi,
2579 1140 2692 1212 29),
2725 1142 2776 1196 in
2809 1143 2858 1196 id
2887 1141 3081 1209 fastigii
3110 1157 3231 1197 esse
3261 1143 3521 1209 sublatos,
3549 1153 3610 1198 ut
3638 1145 3790 1199 nihili

2212 1231 2484 1286 faciendos
2524 1233 2804 1288 universos
2827 1233 3078 1287 Ecclesiae
3101 1232 3195 1287 Dei
3222 1235 3491 1290 antistites
3513 1234 3785 1304 judicetis,

2212 1339 2309 1378 vos
2338 1333 2516 1377 autem
2565 1324 2737 1378 solum
2776 1339 2886 1394 prte
2930 1325 3138 1379 caeteris
3169 1323 3430 1391 justitiam
3469 1335 3790 1380 consecutos

2212 1429 2331 1470 esse
2354 1414 2715 1476 arbitremini;
2735 1413 2850 1481 ejus
2870 1422 3155 1482 propterea
3176 1412 3429 1468 Pharisaei
3456 1413 3676 1479 similes,
3702 1418 3788 1486 qui

2202 1507 2519 1578 justi/iectus
2567 1521 2669 1560 non
2715 1514 2808 1568 est,
2854 1505 2990 1574 quod
3033 1503 3362 1575 publicanum
3401 1506 3790 1558 condemnasset

2210 1596 2496 1666 iniquitatis
2527 1593 2676 1666 (Luc.
2705 1611 2850 1661 xvm,
2886 1593 2996 1660 14).
3029 1597 3270 1662 Cumque
3294 1608 3392 1647 vos
3421 1592 3562 1648 haud
3592 1594 3658 1647 ab
3686 1608 3787 1646 ρευ-

2211 1685 2340 1739 teris
2362 1684 2732 1738 sacerdotibus
2758 1683 3034 1737 dissimilia
3063 1682 3337 1752 sapienter
3366 1682 3566 1736 sentire
3604 1698 3791 1752 Spera-

2210 1789 2409 1840 remus,
2453 1774 2731 1843 inopinato
2773 1774 3095 1838 invenimus,
3123 1773 3374 1843 dogmata
3414 1787 3445 1826 a
3484 1771 3636 1826 vobis
3663 1788 3784 1826 cum

2213 1863 2326 1919 Deo
2354 1873 2608 1934 rectaque
2639 1861 2739 1918 (ide
2769 1863 2887 1931 ejus
2915 1863 3204 1933 pugnantia
3227 1861 3498 1928 sustineri,
3524 1861 3786 1930 simulque

2214 1957 2476 2025 ejusmodi
2521 1956 2853 2025 impietatem
2897 1954 3044 2009 omni
3091 1962 3290 2008 conatu
3334 1953 3699 2016 defendentes,
3730 1951 3784 2005 id

2215 2049 2366 2103 vobis
2413 2047 2939 2117 praesidio-sumere,
2988 2045 3131 2114 quod
3178 2044 3437 2114 apostolis
3481 2058 3640 2114 pares
3685 2058 3786 2097 vos

2213 2151 2330 2191 esse
2352 2135 2582 2206 jactetis,
2614 2149 2788 2204 neque
2811 2134 2889 2188 fas
2914 2148 3050 2198 esse,
3080 2141 3140 2187 ut
3167 2147 3198 2186 a
3226 2133 3476 2203 quopiam
3508 2132 3786 2202 imperitia:

2212 2235 2374 2294 atque
2430 2225 2676 2280 ruditatis
2740 2221 3240 2292 reprehendamini,
3297 2230 3582 2292 propterea
3639 2221 3784 2289 quod

2216 2315 2359 2370 Deus
2411 2313 2574 2368 etiam
2626 2313 2740 2382 ipse
2779 2311 3000 2366 rudibus
3039 2320 3200 2380 atque
3228 2311 3528 2380 agrestibus
3556 2307 3786 2364 homini-

2211 2405 2312 2460 bus
2357 2403 2686 2458 mandaverit
2734 2401 3006 2470 Evangelii
3060 2401 3141 2455 sui
3196 2401 3650 2471 praedicationem.
3707 2402 3786 2456 Ac

2211 2509 2311 2550 nos
2338 2492 2549 2562 quidem
2571 2533 2586 2560 ,
2611 2507 2733 2546 cum
2761 2500 2997 2559 agrestes
3018 2505 3114 2545 vos
3154 2491 3582 2558 nominaremus,
3613 2504 3676 2544 ea
3706 2491 3785 2545 usi

2212 2597 2393 2638 sumus
2422 2580 2672 2650 loquendi
2715 2581 2942 2643 ratione,
2973 2586 3258 2648 propterea
3287 2577 3428 2648 quod
3456 2578 3785 2633 ecclesiasti-

2213 2687 2304 2728 cas
2342 2670 2551 2740 regulas
2589 2676 2750 2738 atque
2781 2669 3094 2723 traditiones
3121 2667 3481 2736 negligentes,
3513 2667 3786 2736 ipsiusque

2211 2761 2526 2818 orthodoxae
2553 2759 2672 2814 lidei
2696 2758 2946 2828 imperiti,
2974 2772 3090 2811 eam
3120 2757 3448 2825 impietatem
3475 2769 3785 2825 propugna-

2209 2854 2356 2908 retis.
2391 2849 2678 2922 Apostolos
2705 2862 2956 2918 namque,
2985 2862 3118 2916 quos
3151 2845 3302 2902 vobis
3333 2854 3570 2912 agrestes
3599 2845 3786 2914 appel-

2210 2945 2323 2998 lare
2351 2941 2630 3011 libuit,sibi
2661 2939 2932 3009 praeelegit
2959 2937 3129 3003 Deus,
3159 2937 3468 3008 Spirituque
3495 2952 3595 2991 suo
3624 2945 3784 3006 atque

2210 3032 2472 3104 sapientia
2499 3031 2743 3102 replevit,
2789 3045 2959 3099 eaque
3000 3029 3210 3082 ratione
3250 3035 3576 3097 prmparatos
3615 3027 3780 3091 misit,

2209 3133 2270 3180 ut
2297 3123 2542 3194 gentibus
2561 3135 2678 3191 qua:
2699 3121 2949 3188 ignorant
2981 3118 3170 3185 Deum,
3198 3117 3362 3172 duces
3391 3125 3572 3170 essent
3599 3115 3668 3169 ad
3695 3131 3782 3170 se-

2210 3216 2395 3270 mitam
2423 3213 2680 3269 veritatis.
2711 3211 2895 3280 Itaque
2924 3209 3194 3280 Apostolis
3233 3208 3364 3278 ipsis
3393 3208 3551 3263 unice
3578 3207 3780 3262 dictum

2210 3314 2294 3362 est
2324 3323 2337 3359 :
2379 3305 2482 3360 Vos
2510 3307 2628 3359 estis
2656 3304 2745 3357 tua:
2775 3302 2955 3356 mundi
2987 3299 3199 3372 (Matth.
3234 3316 3282 3364 v,
3315 3297 3426 3369 16),
3459 3299 3622 3354 lucidi
3649 3314 3782 3368 ergo

2210 3401 2403 3460 estote,
2434 3392 2880 3464 quemadmodum
2919 3390 3049 3460 ipsis
3077 3390 3270 3444 iterum
3298 3388 3600 3458 subjectum
3634 3399 3718 3444 est
3745 3405 3780 3444 a

2209 3484 2438 3539 Domino
2469 3501 2482 3537 :
2516 3481 2695 3537 Nolite
2733 3482 2979 3552 cogitare,
3025 3496 3184 3550 neque
3218 3479 3340 3550 quid
3367 3479 3668 3550 loquamini,
3697 3497 3782 3534 ne-

2208 3591 2304 3646 que
2328 3556 2432 3646 qua
2459 3574 2522 3628 de
2549 3589 2605 3628 re
2633 3573 2790 3627 laturi
2817 3571 2930 3626 sitis
2960 3571 3305 3624 testimonium
3335 3568 3550 3640 (Matth.
3580 3586 3635 3635 ι,
3673 3575 3780 3640 ill).

2209 3663 2336 3717 Ausi
2383 3663 2514 3718 estis
2558 3661 2912 3730 vosmetipsos
2960 3658 3217 3730 apostolis
3264 3673 3610 3728 comparare,
3659 3675 3782 3715 om-

2208 3767 2412 3820 nesque
2448 3753 2756 3807 sacerdotes
2792 3749 2984 3819 injuria
3014 3749 3280 3804 lacessere
3309 3764 3415 3805 non
3445 3750 3574 3804 estis
3600 3752 3780 3814 veriti,

2208 3850 2368 3911 atque
2398 3842 2533 3896 adeo
2555 3856 2585 3895 a
2614 3841 2765 3896 vobis
2791 3839 3045 3908 neglecta:
3083 3847 3208 3894 sunt
3251 3839 3627 3895 ecclesiasticas
3653 3855 3783 3894 san-

2159 3918 2178 3938 ’
2208 3937 2432 4001 ctiones,
2458 3942 2514 3989 ut
2535 3933 2590 3989 id
2614 3934 2789 3988 moliri
2810 3947 2910 4002 per
2935 3947 3201 3987 summam
3226 3931 3502 3986 audaciam
3533 3933 3780 3987 institue-

2206 4027 2352 4090 ritts,
2379 4023 2524 4093 quod
2550 4023 2695 4078 nulla
2725 4038 2958 4092 unquam
2985 4021 3299 4078 Christianze
3325 4023 3596 4090 religionis
3621 4033 3782 4076 tutata

2207 4117 2321 4172 ﬁeri
2349 4131 2379 4169 a
2409 4116 2658 4185 quopiam
2704 4121 2963 4170 tentatum
3005 4121 3106 4169 est.
3159 4113 3486 4169 Beatissimis
3531 4113 3782 4168 videlicet

2206 4204 2522 4274 patriarchis
2543 4211 2777 4258 mutuam
2805 4202 3144 4256 traditionem
3167 4201 3311 4257 onmi
3334 4209 3576 4271 tempore
3603 4202 3780 4256 invio.-

2206 4296 2370 4350 lalam
2421 4295 2653 4349 vicissim
2703 4292 3144 4361 custodientibus,
3201 4307 3358 4349 nemo
3387 4308 3640 4361 unquam,
3674 4295 3780 4350 nisi

2205 4387 2295 4456 qui
2325 4385 2497 4455 palam
2527 4383 2772 4438 haeretica
2800 4383 3018 4438 vesania
3057 4390 3247 4452 captus
3290 4390 3452 4451 esset,
3482 4381 3778 4438 Ecclesiam

2205 4473 2488 4528 schismate
2515 4469 2713 4531 divisit,
2745 4469 2888 4539 quod
2927 4484 3024 4524 vos
3068 4469 3544 4539 impraesentiarum
3595 4477 3654 4523 ut
3683 4469 3777 4524 tie-

2204 4578 2287 4626 ret
2333 4568 2629 4624 curavistis.
2662 4567 2758 4623 Cui
2785 4567 3000 4638 quidem
3047 4568 3191 4623 malo
3237 4567 3382 4636 quod
3435 4575 3650 4636 patrare
3680 4582 3776 4636 ag-

2203 4668 2370 4737 gressi
2399 4667 2560 4732 estis,
2585 4675 2644 4719 ut
2667 4664 2764 4734 ipsi
2795 4664 3118 4731 medeamur,
3149 4657 3454 4720 vehementi
3485 4662 3776 4733 ﬂagramus

535 4740 840 4811 ἐποιήσαμεν
883 4749 1054 4806 τοῦτο,
1080 4746 1203 4800 ἀλλά
1247 4754 1446 4821 πρῶτον
1484 4755 1573 4819 μὲν
1617 4750 1700 4806 διά
1727 4759 1815 4811 τήν
1860 4757 2100 4809 ἀσέϐειαν

2206 4759 2486 4821 desiderio,
2528 4759 2617 4825 qui
2667 4756 2916 4810 nimirum
2956 4769 3121 4825 opere
3160 4771 3223 4810 ac
3265 4756 3477 4824 scriptis
3515 4756 3564 4809 id
3609 4771 3771 4810 unum

533 4835 634 4884 τῶν
667 4835 1035 4904 προειρημένων
1071 4838 1368 4906 κεφαλαίων,
1407 4839 1588 4896 ἔπειτα
1634 4840 1723 4906 δέ,
1753 4842 1829 4900 ὅτι
1868 4849 1995 4906 τινὲς
2042 4850 2098 4902 τὸ

533 4925 802 4998 Νεστορίου
828 4920 983 4995 ὄνομα
1009 4933 1207 4996 σιωπᾷν
1233 4935 1663 5002 προσποιούμενοι
1692 4932 1774 4988 διὰ
1800 4942 1899 4990 τῶν
1927 4957 2100 5009 προει-

532 5011 782 5079 ρημένων,
825 5013 976 5067 αὐτὸν
1029 5016 1294 5091 Νεστόριον
1351 5021 1433 5072 καί
1473 5026 1562 5078 τὴν
1612 5021 1898 5087 κακοδοξίαν
1944 5028 2097 5080 αὐτοῦ

533 5099 816 5170 εἰσαγαγεῖν
851 5103 1151 5177 ἐπεχείρουν
1177 5114 1265 5165 τήν
1293 5109 1529 5163 ἀσέϐειαν
1554 5119 1652 5165 τῶν
1676 5115 1947 5186 κεφαλαίων
1979 5120 2096 5172 τού-

529 5207 631 5240 των
654 5195 717 5260 τῇ
747 5193 972 5265 καθολικῇ
998 5195 1239 5270 ἐκκλησίᾳ
1265 5206 1670 5274 προσάπτοντες.

531 5379 643 5428 tate
692 5373 1130 5461 incenderemur,
1188 5393 1249 5438 ut
1301 5401 1333 5440 a
1388 5387 1654 5443 catholica
1709 5399 2086 5461 separarentur
2140 5389 2376 5446 Ecclesia
2439 5409 2454 5444 :

2200 4849 2586 4910 contendimus,
2621 4855 2676 4900 ut
2708 4846 3050 4915 resipiscatis.
3081 4845 3196 4899 Jam
3226 4861 3374 4911 vero,
3406 4861 3526 4900 cum
3548 4847 3602 4900 in
3631 4847 3770 4900 hanc

2200 4938 2521 4995 sententiam
2561 4937 2898 5006 scripseritis,
2945 4952 2974 4990 a
3013 4937 3166 4991 nobis
3210 4937 3490 5006 diligenter
3525 4945 3770 4991 curatum

2199 5045 2337 5095 esse,
2387 5038 2446 5084 ut
2484 5029 2583 5082 tria
2635 5029 2746 5083 hmo
2787 5028 3034 5098 capitula,
3077 5027 3388 5084 Theodorus
3413 5029 3618 5084 scilicet
3645 5044 3767 5083 cum

2199 5119 2410 5189 scriptis
2437 5119 2567 5182 suis,
2599 5118 2823 5188 epistola
2861 5133 2980 5187 qua:
3030 5118 3133 5173 Iba:
3174 5118 3388 5182 dicitur,
3427 5117 3769 5171 Theodoriti-

2200 5224 2304 5278 que
2339 5211 2539 5280 pariter
2575 5210 2773 5278 scripta
2800 5207 3304 5272 condemnarentur,
3347 5207 3452 5262 hoc
3479 5207 3682 5269 animo,
3710 5214 3769 5262 ut

2195 5300 2456 5355 voluntati
2480 5308 2676 5354 nostra:
2707 5299 2860 5352 ﬁeret
2886 5299 3033 5364 satis,
3063 5298 3205 5366 quod
3231 5297 3530 5354 incredibili
3559 5297 3763 5366 cupidi-

2520 5389 2864 5458 cognoscite,
2922 5387 2979 5442 id
3037 5389 3255 5443 minime
3299 5403 3330 5442 a
3376 5387 3530 5442 nobis
3577 5403 3764 5442 eorum

528 5475 695 5518 causa
738 5459 934 5520 factum
977 5464 1168 5535 fuisse;
1211 5473 1305 5526 sed
1343 5475 1518 5543 primo
1559 5459 1784 5544 quidem?
1819 5480 1964 5547 quod
2000 5481 2236 5549 graviter
2276 5479 2527 5535 commoti
2569 5493 2808 5534 essemus
2851 5492 3037 5532 eorum
3077 5477 3428 5547 capitulorum
3469 5478 3760 5547 impietate,

529 5563 654 5625 post
671 5563 875 5625 autem,
893 5558 1018 5627 quia
1043 5575 1150 5616 non
1177 5561 1484 5630 defuerunt,
1514 5567 1606 5636 qui
1643 5582 1928 5639 suppresso
1968 5570 2196 5625 Nestorii
2226 5572 2440 5626 nomine
2458 5611 2473 5636 ,
2520 5570 2751 5624 Nestorii
2795 5577 2973 5623 tamen
3014 5568 3286 5622 studentes
3313 5568 3584 5638 partibus,
3616 5582 3766 5623 erro-

527 5660 685 5704 neatn
729 5647 848 5720 ejus
892 5649 1054 5708 ﬁdem
1091 5652 1347 5712 inducere
1401 5658 1715 5727 niterentur,
1759 5659 2118 5732 Ecclesiteque
2146 5663 2379 5719 tribuere
2431 5679 2537 5718 non
2564 5669 2873 5717 vererentur
2922 5676 3107 5717 eorum
3147 5661 3379 5730 capitum
3409 5662 3761 5731 impietatem.

2193 5817 2279 5870 Jo.
2313 5817 2617 5886 Dominicus
2657 5815 2909 5886 Stratico,
2948 5815 3004 5886 in
3050 5815 3451 5886 lucemgprodit,
3482 5830 3763 5886 exArecen-f

2193 5888 2343 5942 sione
2364 5887 2431 5941 ν.
2461 5885 2542 5941 Cl.
2575 5888 2761 5955 Angeli
2786 5885 2916 5941 Mar.
2945 5885 3190 5952 Bandini,
3215 5881 3344 5941 lIU.
3371 5881 3445 5942 DQ
3459 5895 3514 5945 et
3532 5881 3764 5942 Casarei

2192 5956 2438 6019 “adiecta
2466 5956 2801 6013 bibliotheca:
2830 5955 3086 6025 praefecti.

600 5815 624 5842 ι
654 5803 782 5889 Quae.
803 5805 1014 5889 quidem
1041 5809 1288 5889 epistola,
1313 5827 1433 5889 cum
1453 5814 1699 5889 omnibus
1719 5815 1890 5870 adhuc
1912 5815 2093 5889 ignota

526 5875 759 5954 latuerit,
790 5875 1182 5954 plurimquue
1200 5881 1285 5954 _rei
1303 5882 1689 5954 ecclesiastica:
1717 5875 2092 5954 promovEnda:

527 5945 960 6024 conferat,'nunc
986 5945 1382 6024 additaLatina
1411 5954 1675 6024 versione,
1697 5945 1855 6024 quam
1879 5955 2091 6022 elegan-

531 6023 612 6073 ter
637 6017 864 6074 coniecit
899 6017 1118 6075 Clariss.
1159 6019 1516 6077 Dominicanae
1545 6017 1757 6079 familiie
1795 6017 2083 6082 Monachus
