4112 6550
387 471 519 536 ιο45

1123 474 1487 535 EPISTULA
1532 478 1929 537 ADVERSUS
1968 479 2447 538 THEODORUM
2488 480 2904 541 MOPSUEST.

3497 473 3630 541 ιοιδ

460 607 548 658 Λιά
569 613 718 660 τοῦτο
738 607 885 675 ἡμεῖς
905 649 915 661 .
946 609 989 659 εἰ
1020 612 1101 661 καί
1130 611 1311 681 φανερά
1339 606 1396 666 ἦν
1419 610 1448 666 ἡ
1470 615 1567 663 τῶν
1608 609 1770 661 αὐτῶν
1811 628 1941 679 κεφαι

2132 606 2443 673 Quanquam
2474 601 2642 674 igitur:
2661 608 3014 676 capitulorum
3046 604 3293 673 inuitas
3338 602 3617 656 manifesto

386 697 533 748 biero
571 696 799 762 ἀσέϐεια,
833 695 969 768 ὅμως
1011 703 1339 771 ἠρωτήσαμεν
1382 702 1502 759 τοὺς
1542 700 1688 773 ίερεῖς
1734 707 1823 757 τῆς
1860 704 1949 753 τοῦ

387 791 514 839 Θεοῦ
542 787 818 845 ἐκκλησίας.
839 792 888 840 τί
909 791 1026 861 περὶ
1055 791 1245 843 τούτων
1272 797 1551 861 φρονοῦσιν·
1577 792 1621 844 οἶ
1645 811 1775 851 τινες
1797 790 1951 853 δεῖξαι

386 878 695 948 βουλόμενοι,
729 876 806 931 ὅτι
836 884 924 936 τήν
949 881 1185 937 τοιαύτην
1212 881 1441 935 ἀσέϐειαν
1464 884 1493 939 ἡ
1520 883 1744 940 καθολικη
1786 883 1951 940 ἐκκλη-

386 976 477 1023 σία
506 968 615 1023 ούδέ
661 969 801 1040 ἔσχε
848 973 989 1035 ποτέ,
1022 969 1132 1025 οὐδὲ
1174 970 1205 1025 ἴ
1203 992 1309 1040 χει,
1341 972 1675 1027 κατεδίκασαν
1700 976 1782 1026 καί
1808 975 1951 1027 αύτοί

385 1065 473 1117 τήν
485 1060 717 1117 τοιαύτην
731 1059 1047 1126 δυσσέϐειαν,
1067 1062 1291 1134 ἐξαρχῆς
1311 1063 1411 1116 ύπό
1430 1070 1527 1115 τῶν
1548 1061 1701 1135 ἁγίων
1720 1064 1951 1138 πατέρων

386 1147 892 1221 καταδεδικασμένην¹
925 1149 1035 1204 ούδέ
1080 1154 1178 1223 γὰρ
1206 1153 1250 1205 οἱ
1276 1160 1366 1212 τῆς
1401 1153 1659 1211 καθολικῐκ
1687 1155 1949 1215 ἐκκλησίας

384 1239 746 1310 κεχωρισμέννι
796 1244 911 1315 περὶ
965 1243 1156 1294 τούτων
1197 1248 1294 1294 τῶν
1335 1242 1606 1313 κεᾳαλαίων
1653 1243 1793 1311 λόγον
1837 1246 1949 1299 τινά

384 1338 662 1393 ποιούνται,
697 1329 879 1389 εἰδότες
911 1329 989 1384 ὅτι
1016 1336 1187 1386 ταῦτα
1216 1331 1372 1393 οὐδεὶς
1403 1331 1613 1387 δύναται
1640 1341 1946 1407 χριστιανοῦ

382 1424 722 1495 ηρνσηγορίαν
768 1420 902 1490 ἔχων
937 1412 1169 1484 ἐκδικεῖν,
1200 1423 1320 1476 ἀλλά
1364 1432 1437 1496 τῷ
1474 1422 1574 1496 ὅρῳ
1616 1427 1947 1479 ἐναντιοῦνται

383 1521 473 1569 τῆς
509 1512 655 1583 ἁγίας
699 1518 748 1566 ἐν
784 1513 1053 1569 Χαλκηδόνι
1099 1513 1337 1580 συνόδου,
1362 1524 1432 1585 τῷ
1471 1519 1702 1589 περὶτῆς
1729 1522 1948 1577 πίστεως

383 1606 736 1675 προενεχθέντι
760 1606 887 1677 πρὸς
916 1607 1208 1679 κατάκρισιν
1231 1611 1519 1682 Νιστορίου,
1544 1611 1629 1661 καί
1651 1612 1943 1678 Εύτυχοῦς,

382 1697 467 1747 καί
498 1703 586 1752 τῆς
628 1696 794 1747 αὐτῶν
839 1697 1103 1755 ἀπιστίας.
1129 1697 1186 1749 Οί
1213 1699 1306 1774 γὰρ
1332 1706 1438 1757 τοῖς
1467 1699 1634 1772 ὀρθοῖς
1657 1706 1745 1757 τῆς
1774 1700 1945 1756 ἐκκλη-

382 1787 499 1843 σίας
514 1785 875 1853 έναντιώμενοι
901 1784 1169 1855 δόγμασιν,
1195 1789 1516 1849 ἐπιθυμοῦσιν
1533 1790 1715 1843 μᾶλλον
1734 1794 1797 1844 τὰ
1818 1812 1943 1859 μνη-

292 1874 293 1877 “
330 1944 331 1947 η
368 1874 677 1942 νμονευθέντα
692 1875 851 1931 ἀσεϐῆ
874 1875 1113 1945 κεφάλαια
1139 1877 1340 1931 ἐκδικεῖν
1362 1885 1450 1936 την
1464 1879 1609 1951 ἀγίαν
1620 1886 1709 1934 τοῦ
1724 1886 1849 1935 Θεοῦ
1861 1885 1943 1937 2x-

2056 704 2295 766 pateret,
2326 706 2502 749 tamen
2532 698 2697 751 nihilo
2724 698 2897 751 secius
2924 693 3171 750 Ecclesia:
3212 695 3305 749 Dei
3354 694 3617 748 antistites

2054 788 2105 840 in
2138 801 2296 840 unum
2324 796 2678 855 congregatos
2707 786 3146 855 interrogavimus
3173 786 3296 854 quid
3324 785 3391 839 de
3414 785 3498 838 his
3522 785 3618 839 de-

2050 883 2334 928 cernerent
2355 889 2473 929 esse
2501 875 2871 940 sentiendum;
2894 875 2985 943 qui
3013 889 3130 928 cum
3154 875 3434 943 perSpicuo
3462 875 3614 928 testi-

2050 962 2232 1015 monio
2278 962 2564 1017 ostendere
2611 962 2810 1016 vellent
2857 962 3116 1029 ejusmodi
3162 977 3391 1023 errores,
3442 978 3616 1031 neque

2049 1051 2303 1108 Ecclesia:
2350 1054 2562 1124 probari
2585 1095 2598 1116 ,
2631 1068 2803 1121 neque
2832 1052 2941 1105 ullo
2962 1066 3192 1119 unquam
3223 1060 3462 1119 tempore
3490 1067 3615 1121 pro-

2048 1139 2203 1195 batos
2232 1156 2383 1207 esse;
2411 1156 2527 1194 eam
2561 1142 2886 1208 impietatem
2916 1140 3067 1193 initio
3097 1156 3125 1192 a
3148 1141 3346 1195 sanctis
3369 1139 3613 1194 Patrihus

2046 1232 2462 1299 prasdamnatam
2486 1247 2583 1284 suo
2606 1246 2789 1285 omnes
2813 1230 3059 1297 suﬂ‘ragio
3080 1246 3261 1283 rursus
3287 1231 3600 1298 proscripse-

2049 1330 2191 1375 runt.
2225 1322 2325 1387 Qui
2357 1339 2516 1392 porro
2544 1324 2612 1376 ob
2644 1323 2799 1375 trium
2830 1322 3179 1391 capitulorum
3224 1322 3608 1382 defensionem,

2046 1413 2114 1465 ab
2160 1412 2396 1468 Ecclesia
2444 1414 2595 1466 divisi
2646 1420 2800 1474 sunt,
2851 1412 2885 1465 ii
2934 1421 3109 1465 tacent
3164 1412 3420 1465 omnino:
3456 1411 3611 1480 plane

2048 1515 2280 1568 namque
2328 1502 2649 1569 intelligunt,
2694 1501 2909 1555 minime
2947 1515 3106 1569 posse
3152 1501 3264 1555 hmo
3310 1500 3376 1555 ab
3414 1516 3481 1555 co
3518 1500 3615 1569 qui

2045 1592 2375 1647 Christianus
2435 1593 2740 1646 nominetur
2798 1590 3041 1655 defendi;
3107 1599 3358 1645 caeterum
3422 1598 3612 1659 aperte

2043 1702 2241 1747 sanctae
2260 1690 2679 1745 Chalcedonensi
2712 1688 2915 1759 synodo
2937 1688 3299 1751 adversantur,
3323 1703 3439 1757 qua:
3458 1686 3627 1741 fidei.

2044 1781 2343 1836 doctrinam
2373 1780 2612 1834 delinivit
2642 1779 2692 1833 in
2720 1779 2969 1845 Nestorii,
3000 1778 3309 1849 Eutychetis
3337 1793 3606 1832 errorum-

2046 1887 2150 1939 que
2178 1872 2244 1926 ab
2273 1873 2401 1941 ipsis
2431 1872 2765 1926 invectorum
2801 1869 3319 1924 condemnationem.
3352 1868 3451 1935 Qui
3478 1884 3608 1924 vero

384 1964 588 2019 κλησέαν
598 2007 610 2027 ,
623 1964 705 2016 ’ἱνα
725 1962 807 2018 διὰ
827 1966 1014 2024 ταύτης
1026 1975 1116 2026 τῆς
1127 1970 1425 2040 προφάσεως
1438 1973 1553 2028 τούς
1566 1970 1941 2041 ἁπλουστέρους

2048 1962 2209 2016 rectis
2240 1961 2489 2015 Ecclesiae
2519 1960 2853 2028 dogmatibus
2882 1958 3254 2025 adversantur,
3296 1958 3438 2011 omni
3476 1973 3607 2011 con-

383 2056 683 2111 ἀπατήσωσι
692 2094 704 2114 ,
717 2057 895 2108 καὶτὸν
908 2057 1203 2129 Χριστιανὸν
1215 2058 1327 2111 λαὶν
1339 2068 1427 2117 τῆς
1441 2061 1706 2123 ἐκκλησίας
1719 2066 1948 2137 χωρίσει)⁹

388 2166 485 2198 σιν.
514 2141 713 2201 Ἐπειδὴ
735 2143 787 2198 δέ
814 2144 1063 2219 ἐγράψατε
1088 2145 1198 2212 δύο,
1224 2151 1265 2201 εί
1291 2148 1350 2207 δή
1372 2147 1461 2217 [F.
1482 2153 1524 2202 εί
1539 2148 1617 2204 δεῖ
1633 2152 1734 2203 sive
1750 2155 1793 2205 ιί
1814 2152 1947 2227 χρὴ]

384 2244 471 2293 τήν
494 2238 655 2294 ἀσεϐῆ
672 2240 854 2293 ἐκείνην
869 2240 1128 2312 περιέχειν
1144 2240 1428 2299 ἔπιστολήν·
1451 2241 1498 2295 ἓν
1519 2245 1627 2312 μὲν,
1659 2241 1738 2298 ὅτι
1764 2245 1941 2317 ὀρθῶς,

384 2330 451 2387 ὡς
482 2330 693 2399 λέγεται,
724 2327 1202 2405 κατὰἈπολιναρίου
1231 2336 1534 2404 ἠγωνίσατο·
1565 2334 1733 2409 ἕτερον
1760 2333 1833 2398 δέ,
1865 2334 1942 2390 ὅτι

384 2412 475 2469 κᾶν
525 2414 690 2479 ἔδοξεν
736 2416 759 2469 ὁ
809 2418 1008 2491 γράψας
1036 2425 1125 2477 τὴν
1166 2422 1426 2480 ἐπιστολήν
1466 2424 1552 2477 τὸν
1581 2426 1630 2476 ἐν
1664 2423 1821 2495 ἁγίοις
1848 2427 1941 2477 κύ·

383 2508 545 2582 ριλλον
569 2507 850 2583 διασύρειν,
880 2508 1016 2579 ὅμως
1044 2519 1221 2566 τοῦτον
1249 2515 1331 2566 τόν
1357 2515 1533 2567 σπῖλον
1563 2524 1651 2575 τῆς
1679 2516 1871 2591 ὕϐρεως
1895 2519 1944 2570 έν

383 2604 458 2670 τῷ
486 2606 573 2656 τῆς
603 2601 871 2659 ἐπιστολῆς
898 2601 1133 2674 ἀνέτρεψε
1160 2603 1308 2666 τέλει,
1341 2607 1422 2656 καί
1450 2603 1533 2658 διὰ
1554 2612 1703 2659 τοῦτο
1728 2607 1942 2676 λέγεται,

290 2708 297 2721 ί
385 2688 588 2756 ὀφείλειν
613 2695 704 2746 τήν
732 2691 888 2747 αύτην
917 2692 1076 2750 ἀσεϐῆ
1107 2694 1369 2751 ἐπιστολήν
1396 2694 1645 2766 ἑρθόδοξον
1674 2701 1941 2770 κρίνεσθαι·

383 2778 521 2837 δηλοι
564 2782 925 2844 καθεστήκατε,
955 2780 1030 2835 ὅτι
1059 2782 1171 2837 οἵτε
1210 2784 1267 2837 τό
1294 2784 1432 2855 ὕφος,
1466 2784 1579 2840 οὔτε
1623 2793 1709 2845 τὴν
1738 2788 1945 2859 δύναμιν

384 2867 569 2941 ἔγνωτε
599 2880 688 2931 τῆς
731 2874 883 2933 αὐτῆς
916 2876 1131 2935 ἀσεϐοῦς
1179 2877 1472 2941 ἐπιστολῆς,
1520 2883 1647 2933 κατά
1687 2878 1941 2936 ’Δπολιναο

384 2965 497 3031 ρίου
520 2964 619 3035 γὰρ
639 2960 778 3017 οὐδέν
798 2967 1050 3036 περιέχει,
1066 2966 1168 3020 ἀλλ’
1189 2969 1337 3020 αὐτόν
1358 2971 1442 3023 τὸν
1465 2972 1513 3022 ἐν
1538 2971 1696 3041 ἁγίοις
1712 2973 1944 3047 Κύριλλον

385 3048 830 3128 ’Δποῗειναριαστην
858 3057 1014 3111 καλεῖ
1042 3060 1123 3110 καὶ
1147 3056 1255 3112 οὐδέ
1285 3061 1332 3110 ἐν
1354 3066 1427 3131 τῷ
1452 3061 1582 3114 τέλει
1608 3063 1638 3119 ἡ
1664 3064 1787 3121 αὕτη
1814 3065 1947 3117 ἀσε-

387 3142 479 3202 ϐης
516 3146 755 3203 ἐπιστολή
805 3147 1038 3219 ἀνέτρεψε
1086 3149 1151 3202 τά
1196 3150 1323 3204 κατά
1363 3156 1450 3205 τοῦ
1489 3153 1646 3205 αὐτοῦ
1694 3154 1741 3204 έν
1787 3153 1945 3222 ἁγίοις

386 3234 622 3305 εἰρημένα
644 3233 895 3307 κυρίλλου.
914 3235 1097 3305 μᾶλλον
1120 3237 1206 3303 μέν
1234 3232 1321 3290 οὖν
1341 3239 1404 3291 τά
1429 3241 1633 3311 χείρονα
1660 3240 1773 3296 κατ’
1789 3244 1941 3296 αὑτοῦ

2045 2051 2283 2106 tentione
2313 2052 2570 2115 nituntur,
2599 2059 2658 2104 ut
2702 2049 2917 2120 prmfata
2952 2050 3048 2103 tria
3079 2050 3256 2116 iniqua
3285 2049 3477 2117 capita,
3508 2063 3607 2105 ceu

2044 2140 2111 2194 ab
2140 2138 2374 2194 Ecclesia
2406 2139 2498 2192 Dei
2528 2138 2756 2193 admissa
2787 2138 3034 2192 sustineri
3071 2137 3393 2207 judicentur,
3424 2144 3480 2188 ut
3508 2135 3608 2190 hac

2045 2229 2292 2282 videlicet
2317 2229 2523 2282 ratione
2574 2228 2925 2298 simpliciores
2951 2227 3245 2297 decipiant,
3277 2226 3609 2295 populusque

2043 2304 2378 2371 Christianus
2406 2316 2692 2371 schismate
2720 2316 3000 2371 dividatur.
3030 2315 3212 2384 Itaque
3233 2329 3352 2368 eum
3380 2315 3486 2369 duo
3510 2330 3607 2385 po-

2045 2408 2305 2462 tissimum
2335 2407 2399 2476 (si
2430 2406 2607 2461 omnia
2636 2422 2753 2475 qua:
2780 2407 2953 2476 impiis
2982 2406 3083 2460 illis
3114 2405 3302 2460 litteris
3331 2406 3607 2459 continet).

2046 2506 2131 2555 tur
2182 2498 2567 2552 contrahantur
2617 2496 2671 2550 in
2717 2495 2909 2565 pauca)
2959 2494 3278 2563 scripseritis
3325 2510 3337 2546 :
3382 2494 3607 2546 alterum

2045 2602 2258 2656 nempe,
2286 2594 2429 2639 recte
2458 2585 2587 2639 inibi
2625 2594 2810 2639 contra
2849 2584 3231 2653 Apollinarium
3281 2582 3605 2651 disputatum

2044 2692 2192 2741 esse;
2225 2677 2449 2730 alterum
2472 2690 2620 2739 vero,
2646 2674 2885 2743 epistola:
2914 2675 3247 2742 scriptorem,
3275 2682 3328 2727 et
3357 2673 3400 2727 si
3429 2672 3605 2726 vidca-

2044 2775 2131 2821 tur
2161 2767 2218 2820 S.
2250 2766 2502 2837 Cyrillum
2535 2764 2794 2835 principio
2822 2764 3012 2832 injuria
3039 2764 3320 2828 lacessere,
3351 2764 3491 2818 hanc
3526 2772 3605 2816 ιο-

2043 2872 2166 2911 men
2191 2857 2437 2926 irrogata:
2463 2858 2529 2910 ab
2557 2871 2614 2911 se
2644 2856 2849 2927 injuria:
2880 2855 3053 2909 labem
3081 2855 3220 2910 circa
3253 2854 3410 2909 linem
3438 2854 3605 2923 depu-

2044 2946 2209 3013 lisse;
2239 2955 2565 3018 quapropter
2591 2962 2765 3017 operte
2804 2945 3030 3016 pretium
3078 2960 3216 3013 esse,
3257 2955 3316 3001 ut
3358 2947 3515 3017 impia
3543 2962 3604 3001 ea

2044 3041 2268 3109 epistola
2313 3038 2574 3094 cathOlica
2618 3055 2734 3095 esse
2774 3039 3039 3109 judicetur
3072 3055 3085 3091 :
3118 3037 3220 3093 hoc
3256 3037 3481 3109 primmn
3512 3054 3607 3108 pro

2043 3140 2192 3187 certo
2216 3132 2485 3193 habetote,
2516 3147 2612 3187 vos
2641 3146 2811 3200 neque
2834 3131 3116 3187 verborum
3147 3139 3483 3194 contextum,
3516 3147 3605 3183 nc-

2044 3236 2148 3291 que
2175 3223 2556 3275 sententiarum
2597 3222 2704 3276 vim
2748 3221 2888 3277 illius
2925 3222 3099 3290 impiae
3140 3220 3380 3290 epistola:
3422 3236 3606 3292 perce-

386 3320 436 3371 έν
463 3329 569 3383 τοῖς
599 3323 898 3383 τελευταίοις
934 3319 1067 3377 εἶπεν
1088 3338 1101 3352 ’
1134 3327 1390 3397 προιόντες
1419 3328 1472 3382 δέ
1501 3326 1633 3398 ὅμως
1661 3335 1745 3385 καί
1770 3338 1941 3387 πᾶσαν

2046 3312 2207 3381 pisse.
2254 3311 2370 3365 Non
2417 3312 2558 3365 enim
2605 3312 2858 3366 adversus
2910 3312 3267 3381 Apollinarem
3317 3312 3607 3380 concludit,

382 3416 475 3469 την
500 3413 734 3468 ἀσέϐειαν
757 3421 847 3473 τῆς
873 3414 1132 3485 λεγομένης
1168 3415 1287 3472 ἰϐα
1315 3420 1596 3486 ἐπιστολῆς,
1627 3426 1709 3477 καί
1732 3429 1821 3482 την
1844 3447 1944 3494 μα·

385 3504 627 3559 ταιότητα
651 3510 749 3556 τῶν
784 3504 1075 3576 κεφαλαίων,
1106 3503 1268 3585 ὧνπερ
1296 3510 1571 3582 έπέμψατε,
1600 3513 1941 3585 ἀποδείξομεν.

387 3595 583 3644 Πάντων
598 3594 696 3666 γάρ
717 3594 1123 3665 ἀναγνωσθέντων
1147 3605 1243 3651 τῶν
1271 3598 1393 3672 παρ’
1410 3600 1548 3671 ύμῶν
1572 3607 1943 3678 γεγραμμένων,

386 3681 578 3757 σφόδρα
602 3684 905 3755 ἐλυπήθημεν
922 3726 937 3749 ,
966 3684 1045 3741 ὅτι
1073 3690 1142 3747 εἷς
1178 3693 1416 3748 τοιαύτην
1443 3693 1707 3747 ένεπέσατε
1735 3695 1939 3763 πλάνην,

386 3769 628 3848 ἄνθρωποι
672 3777 723 3838 έξ
766 3778 945 3835 ἐκείνης
986 3775 1120 3837 ὅντες
1164 3788 1254 3839 τῆς
1299 3784 1513 3851 χώρας,
1562 3782 1690 3839 ὅπου
1733 3787 1809 3839 ἀεί
1847 3791 1945 3860 πρὸ

387 3863 526 3931 ὑμῶν
548 3866 576 3921 ἠ
598 3865 715 3938 ὀρθή
734 3866 903 3926 πίστις
924 3868 1189 3937 ἀμώμητος
1219 3867 1497 3941 έγυλάχθη.
1514 3870 1655 3926 Ὀθεν
1684 3876 1944 3947 ἀναγκαῖον

385 3950 678 4020 ένομίσαμεν
726 3950 847 4007 εἶναι
887 3958 972 4007 καί
1014 3958 1142 4029 πρὸς
1179 3958 1242 4010 τὰ
1281 3959 1484 4033 ρηθέντα
1529 3961 1667 4030 ὑμῶν
1707 3941 1959 4033 κεφάλαιιῖ

385 4040 713 4114 ἀντιγράψαι,
742 4046 827 4095 καί
852 4044 1154 4116 παραινέσαι
1191 4048 1306 4114 ύμῖν
1346 4047 1537 4109 ταύτης
1569 4058 1658 4110 τῆς
1686 4054 1940 4118 ἀσεϐείας,

387 4132 469 4182 καί
505 4137 594 4183 τοῦ
637 4132 854 4191 ἀσεϐοῦς
884 4135 1022 4201 ὑμῶν
1062 4132 1363 4190 διδασκάλου
1409 4140 1711 4201 ἀποστῆναι,
1743 4149 1833 4197 τοῦ
1878 4149 1942 4200 τά

383 4220 716 4291 προειρημένα
756 4222 993 4289 κεφάλαια
1041 4224 1483 4296 συγγραψαμένου.
1533 4236 1807 4289 Ἀπατῆσαι
1841 4235 1940 4305 γὰρ

383 4309 545 4389 θέλων,
573 4314 708 4379 ύμᾶς
746 4312 946 4387 ῥήματά
974 4335 1084 4367 τινα
1123 4320 1405 4391 προήγαγεν
1434 4321 1487 4373 ἐκ
1515 4328 1613 4376 τῶν
1640 4325 1779 4377 θείων
1807 4347 1943 4401 γρα-

383 4405 502 4467 φῶν,
529 4401 560 4447 ἆ
588 4420 694 4453 τινα
717 4404 897 4459 νοήσας
918 4409 1082 4461 κακῶς
1117 4409 1475 4479 προσαρμόσαι
1506 4411 1695 4482 ῥήμασί
1716 4436 1822 4469 τισι
1850 4424 1940 4475 τῆς

382 4489 739 4561 προειρημένης
781 4490 998 4550 ἀσεϐοῦς
1040 4494 1305 4555 ἐπιστολῆς
1350 4499 1700 4576 έπεχείρησεν’
1733 4502 1862 4580 ὅπερ
1896 4508 1943 4560 ei

379 4578 614 4650 αἶρετικοί
636 4581 820 4638 πάντες
842 4588 1067 4644 ποιοῦσι,
1091 4583 1296 4654 ῥήματά
1324 4609 1434 4642 τινα
1455 4598 1552 4643 τῶν
1580 4594 1717 4646 θείων
1741 4604 1940 4668 γραφῶν

2047 3403 2142 3456 sed
2168 3410 2407 3456 sanctum
2447 3402 2699 3474 Cyrillum
2728 3403 2899 3471 ipsum
2941 3402 3327 3473 Apollinarlstis
3355 3419 3605 3460 annume-

2044 3500 2148 3555 rat,
2180 3502 2339 3561 atque
2372 3500 2571 3545 tantum
2626 3492 2778 3546 abest
2825 3499 2884 3545 ut
2911 3493 3053 3547 circa
3083 3492 3199 3561 ejus
3244 3490 3403 3546 tinem
3453 3492 3605 3561 quid-

2045 3580 2187 3651 piam
2225 3597 2289 3636 ex
2338 3583 2401 3637 iis
2444 3597 2564 3652 quae
2610 3583 2865 3639 adversus
2911 3593 3152 3638 sanctum
3182 3582 3434 3654 Cyrillum
3484 3599 3605 3653 pro-

2045 3673 2287 3725 nuntiata
2335 3680 2476 3734 sunt,
2529 3673 2871 3727 revocatione
2913 3676 3229 3741 castigetur,
3264 3682 3321 3727 ut
3347 3674 3489 3728 circa
3521 3689 3605 3729 ex-

2046 3768 2271 3813 tremum
2300 3760 2476 3829 potius
2497 3761 2611 3830 ejus
2632 3763 2860 3832 scriptor
2887 3763 2939 3817 in
2968 3762 3223 3832 Cyrillum
3255 3763 3487 3817 deterius
3516 3763 3605 3818 de-

2044 3850 2331 3906 bacchatus
2358 3867 2475 3906 esse
2495 3852 2756 3906 videatur.
2782 3852 3138 3918 Quamobrem
3168 3852 3219 3906 id
3249 3853 3419 3920 ip‘sum
3462 3854 3605 3922 prin-

2045 3940 2207 4009 cipio,
2231 3942 2493 4012 simulque
2521 3943 2818 3996 universam
2851 3942 3010 4011 hujus
3035 3959 3153 4012 quae
3189 3942 3292 3997 Iba:
3333 3960 3606 4013 nmtcupa-

2045 4039 2133 4084 tur
2181 4031 2420 4100 epistolae
2472 4033 2830 4102 impietatem,
2888 4047 3182 4102 eorumque
3234 4048 3352 4101 quae
3398 4032 3465 4086 ad
3509 4048 3605 4088 nos

2042 4121 2261 4175 misistis
2289 4123 2523 4191 capitum
2570 4123 2833 4178 insaniam
2877 4125 3201 4193 argumentis
3243 4125 3601 4179 ostendemus.

2042 4209 2175 4264 Cum
2221 4212 2364 4265 enim
2411 4228 2475 4267 ea
2522 4214 2701 4268 omnia
2745 4229 2864 4283 qua:
2908 4215 3222 4285 scripsistis,
3271 4215 3602 4285 legissemus,

2042 4312 2351 4379 gravissimo
2381 4311 2554 4367 allecti
2572 4328 2754 4368 sumus
2773 4313 2980 4380 dolore,
3010 4328 3105 4367 vos
3133 4312 3248 4382 ejus
3276 4314 3418 4367 urbis
3441 4314 3602 4379 cives,

2042 4400 2095 4454 in
2124 4416 2228 4469 qua
2257 4415 2468 4469 semper
2494 4401 2559 4456 ad
2585 4402 2699 4457 btec
2729 4416 2894 4471 usque
2923 4412 3163 4472 tempora
3206 4404 3358 4457 unice
3394 4413 3602 4457 servata

2041 4488 2140 4542 fuit
2178 4497 2325 4542 recta
2368 4489 2516 4554 ﬁdes,
2548 4489 2601 4543 in
2631 4498 2834 4544 tantum
2870 4506 3107 4546 errorem
3147 4507 3264 4545 esse
3306 4493 3599 4561 prolapsos.

2043 4575 2380 4646 Quapropter
2410 4579 2768 4633 necessarium
2808 4594 2926 4634 esse
2955 4581 3375 4637 existimavimus
3418 4583 3598 4635 adver-

380 4669 856 4739 παρερμηνιύοντες,
888 4674 973 4724 καί
1018 4677 1146 4747 πρὸς
1186 4680 1275 4732 τήν
1312 4674 1707 4751 διεστραμμένην
1752 4686 1940 4741 ἑαυτῶν

2043 4683 2130 4720 sus
2156 4669 2406 4736 praedicta
2435 4669 2666 4738 capitula
2704 4669 2771 4723 ad
2803 4687 2894 4725 vos
2921 4672 3171 4736 scribere,
3214 4682 3372 4741 atque
3402 4674 3467 4727 de
3507 4688 3598 4729 eo,-

378 4757 736 4827 μεταφέροντες
766 4755 978 4810 ἔννοιαν⁸
1009 4762 1087 4811 καί
1118 4758 1253 4815 δοκεῖ
1276 4765 1391 4834 ημῖν
1417 4764 1441 4818 ό
1473 4769 1660 4829 ἀσεϐής
1695 4773 1834 4842 ὑμῶν
1861 4774 1938 4830 δι-

377 4840 655 4904 δάσκαλος,
684 4844 714 4902 ἢ
758 4851 825 4912 μὴ
867 4848 1189 4916 ἀνεγνωκὴπι
1217 4857 1305 4910 τὴν
1334 4855 1586 4925 ἀνώνυμον
1617 4860 1801 4918 ἐκείνην
1831 4864 1937 4918 ἔπι·

376 4932 573 4995 στολὴν,
598 4932 628 4990 ἦ
669 4935 986 5006 ἀνεγνωκέναι
1021 4941 1108 5009 μὲν
1148 4946 1437 5013 κακούργως
1484 4949 1565 4999 καί
1604 4947 1803 5024 ῥήματά
1830 4974 1937 5007 τινα

376 5023 564 5081 ταύτης
587 5035 915 5098 προαγαγεῖν,
941 5031 1003 5082 τά
1028 5030 1224 5083 πλείονα
1245 5030 1295 5084 δέ
1318 5038 1400 5085 καὶ
1423 5023 1634 5109 χείρονα
1656 5050 1934 5100 σιωπῆσαι.

380 5112 632 5204 Λεγούσης
660 5116 755 5186 γάρ
782 5122 871 5173 τῆς
904 5118 1059 5177 αύτής
1090 5119 1361 5179 ἐπιστολῆς
1402 5126 1519 5194 περί
1558 5132 1646 5179 τοῦ
1681 5135 1934 5204 μακαρίου

378 5199 633 5273 Κυρίλλου,
662 5207 738 5256 καὶ
766 5210 857 5258 τοῦ
887 5206 1099 5265 ἀσεϐιῦς
1134 5212 1424 5285 Νεστορίου,
1473 5210 1552 5267 ὅτι
1580 5215 1802 5294 ἑκάτεροι
1822 5199 1936 5278 κατ’

373 5290 588 5382 ἀλλήλων
620 5291 898 5365 βλαϐερούς
934 5294 1106 5365 λόγους
1146 5295 1399 5373 ἔγραψαν,
1423 5304 1504 5353 καί
1550 5301 1625 5357 ὅτι
1664 5290 1934 5382 Νεστόριος

373 5380 461 5444 μέν
492 5377 679 5448 ῧεγεν,
710 5389 798 5439 την
827 5388 1077 5457 μακαρίαν
1114 5391 1304 5460 Μαρίαν
1330 5395 1399 5459 μή
1429 5387 1553 5445 εἶναι
1582 5397 1839 5461 Θεοτόκον,
1866 5403 1932 5460 ὡς

374 5473 663 5536 νομισθῆναι
697 5481 807 5532 τοῖς
842 5475 1037 5535 πολλοῖς
1063 5480 1116 5530 ὲκ
1142 5485 1231 5538 τῆς
1261 5482 1452 5536 Παύλου
1483 5491 1571 5537 τοῦ
1608 5494 1932 5559 Σαμοσατέως

372 5559 616 5633 αἱρέσεως
646 5557 787 5617 εἶναι’
818 5565 1059 5635 Κύριλλος
1088 5565 1140 5620 δέ
1168 5568 1467 5639 βουλόμενος
1503 5576 1623 5635 τούς
1662 5557 1927 5654 ἀεστορίου

372 5649 650 5723 ἀνατρέψαι
687 5652 884 5724 λόγους,
917 5655 1118 5712 ὤλισθεν
1145 5661 1228 5711 καί
1256 5661 1483 5716 ἐνέπεσεν
1505 5667 1575 5725 είς
1599 5669 1656 5721 τὸ
1685 5649 1929 5725 ’Δπολινα-

371 5742 485 5814 ρίου
522 5736 709 5811 δόγμα·
737 5744 939 5819 φανερόν
978 5745 1113 5799 ἐστιν
1159 5746 1239 5802 ὅτι
1274 5749 1300 5804 ό
1327 5753 1532 5825 γράψας
1555 5760 1644 5814 την
1672 5759 1931 5818 ἐπιστολὴν

373 5836 437 5898 τῇ
466 5833 731 5903 Νεστορίου
756 5836 904 5907 μανίᾳ
930 5839 1285 5911 κεκρατημένος
1313 5839 1579 5898 δείκνυται’
1609 5843 1661 5908 ὃς
1681 5851 1822 5902 αὐτόν
1842 5853 1933 5921 μέν

374 5922 641 5994 καστόριον
667 5922 965 5994 ἀρνούμενον
995 5930 1225 5985 Θεοτόκον
1254 5930 1374 5989 εἶναι
1404 5941 1488 5994 τὴν
1523 5936 1667 6008 ἁγίαν
1696 5943 1933 6016 παρθένον

2042 4772 2161 4811 rum
2210 4757 2481 4826 impietate
2525 4772 2622 4812 vos
2669 4759 2813 4830 ipsos
2857 4761 3165 4825 admonere,
3204 4770 3262 4814 ut
3304 4762 3371 4815 ab
3419 4762 3599 4835 iniquo

2043 4856 2370 4914 prmeeptore
2397 4856 2595 4914 vestro,
2626 4848 2716 4915 qui
2745 4864 2805 4901 ea
2835 4852 3189 4903 monumentis
3215 4852 3484 4904 mandavit
3513 4852 3599 4905 lit-

2043 4946 2295 5002 terarum,
2337 4937 2613 4990 recedatis.
2648 4935 2851 4993 Etenim
2874 4954 2996 4992 cum
3027 4939 3071 4993 is
3100 4939 3199 4993 sibi
3238 4944 3599 5011 proposuisset

2039 5035 2093 5088 in
2131 5036 2309 5103 animo
2352 5051 2451 5089 vos
2497 5036 2552 5089 in
2598 5035 2965 5104 deceptionem
3002 5037 3270 5101 inducere,
3318 5042 3597 5098 nonnullas

2040 5138 2108 5179 ex
2134 5124 2325 5178 divinis
2354 5125 2544 5183 litteris
2583 5125 2874 5181 sententias
2918 5126 3112 5193 hausit,
3158 5127 3352 5197 quibus
3379 5130 3430 5182 in
3470 5145 3593 5199 pra-

2038 5229 2159 5267 vam
2200 5212 2642 5281 signiiicationem
2690 5216 2969 5284 contortis,
3001 5216 3173 5287 impia:
3198 5218 3338 5273 illius
3362 5220 3598 5288 epistola:

2036 5304 2314 5374 opiniones
2333 5304 2613 5358 nonnullas
2633 5302 2948 5359 conﬁrmare
2976 5320 3252 5376 aggressus
3277 5318 3376 5375 est,
3407 5326 3597 5379 quem-

2037 5401 2317 5455 admodum
2354 5401 2620 5455 haereticis
2649 5399 2744 5455 l'uit
2786 5415 2998 5471 semper
3044 5405 3096 5458 in
3146 5422 3297 5461 more
3340 5409 3595 5478 positum,

2036 5493 2273 5561 quwdattt
2300 5491 2593 5545 divinarum
2616 5492 2907 5547 litterarum
2939 5497 3237 5551 testimonia
3266 5508 3594 5567 pervertere,

2033 5592 2193 5650 atque
2234 5583 2288 5637 in
2336 5582 2658 5637 contrariam
2689 5584 3086 5653 intelligentiam
3119 5587 3455 5657 detorquere.
3488 5591 3595 5648 Ita-

2032 5692 2136 5747 que
2163 5678 2249 5732 vel
2276 5687 2659 5748 praeceptorem
2703 5689 2934 5733 vestrum
3004 5681 3222 5765 minime
3267 5698 3587 5755 anonytuam

2033 5780 2150 5820 eam
2201 5765 2482 5834 epistolam
2533 5765 2824 5836 perlegisse
2860 5768 3266 5837 existimamus,
3315 5772 3401 5829 vel
3450 5774 3592 5829 maia

2035 5855 2315 5908 admodum
2346 5853 2476 5920 ﬁde,
2503 5856 2756 5909 nonnulla
2786 5856 2975 5927 legisse
2999 5859 3207 5928 quidem
3236 5862 3436 5930 ipsum,
3463 5864 3589 5919 reli-

2034 5958 2135 6014 qua
2160 5959 2307 6012 vero,
2337 5959 2453 6015 qua:
2480 5946 2644 6002 multo
2674 5946 2938 6003 deteriora
2975 5960 3179 6020 essent,
3212 5952 3421 6009 silentio
3447 5970 3573 6025 pm-
