4088 6526
544 449 676 515 1047

1853 464 2281 526 JUSTINIANI
2328 467 2482 528 IMP.

3668 474 3802 540 1048

543 569 758 640 κειρίαν,
791 565 953 640 μέχρι
980 566 1134 636 μόνης
1176 573 1266 625 τῆς
1296 587 1442 621 τινων
1465 566 1694 631 ὑποψίας
1724 570 1998 628 ἐληλυθέναι
2023 591 2108 643 φη-

2225 567 2454 623 teriisse.
2487 569 2622 624 Cum
2642 587 2783 626 emm
2831 578 2883 629 in
2924 590 2988 634 ea
3033 579 3262 648 epistola
3297 581 3365 636 de
3411 581 3573 639 beato
3603 584 3803 654 Cyrillo

543 669 642 724 σὶν,
672 662 728 714 οὗ
772 665 867 730 μὴν
908 660 1160 734 αἱρετικὸν
1185 661 1240 713 ἰκ
1269 661 1456 716 τούτου
1499 672 1724 734 φανῆναι·
1755 666 1839 719 τὸν
1869 666 1918 720 ἕν
1958 667 2118 740 ἁγίοις

542 750 594 806 δὲ
625 751 853 825 κύριλλον
880 751 960 804 τὸν
983 759 1075 810 τῆς
1104 751 1369 812 ἐκκλησίας
1394 750 1710 817 διδάσκαλον,
1741 757 1813 816 εἰς
1836 759 1894 812 τὸ
1922 755 2120 814 ’Δπολιο

541 846 712 918 ναρίου
743 843 908 914 δὸγμα
936 843 1196 901 ὀλισθῆσαι
1225 840 1610 914 διίσχυρίζεται
1637 849 1722 900 καί
1746 857 1940 904 πεσεῖν.
1986 850 2120 905 Διὸτε

541 929 676 989 εἶπεν
712 934 865 987 αὐτὸν
898 933 982 987 τὸν
1008 935 1128 986 Θεὸν
1163 933 1304 1004 λόγον
1349 936 1666 1008 σαρκωθῆναι
1691 941 1777 995 καί
1805 939 2120 1013 ἐνανθρωπῆ-

542 1038 652 1077 cat‘
681 1026 767 1075 καί
790 1028 950 1076 ταῦτα
977 1023 1066 1088 μέν
1093 1024 1158 1076 τὰ
1182 1023 1383 1098 ῥήματα
1410 1024 1792 1096 παραλέλοιπεν,
1823 1032 1891 1088 ὡς
1915 1031 2118 1105 εἰρήκα-

540 1131 649 1181 μεν,
675 1111 700 1167 6
727 1109 1024 1171 διδάσκαλος
1070 1112 1229 1181 ὑμῶν,
1259 1115 1517 1183 γινώσκων
1553 1113 1633 1171 ὅτι
1678 1115 1704 1171 6
1745 1117 1898 1190 λέγων
1943 1120 2026 1175 τὸν
2067 1123 2118 1174 ἐν

540 1202 702 1276 ἁγίοις
748 1200 979 1277 κῦριλλον
1025 1203 1287 1262 ὸλισθῆσαι
1329 1209 1414 1258 καί
1457 1216 1651 1271 πεσεῖν,
1701 1213 1785 1264 καί
1833 1211 2119 1286 αἱρετικούς

539 1296 700 1348 καλῶν
726 1295 846 1353 τοὺς
879 1295 1062 1347 τούτου
1105 1295 1302 1366 λόγους,
1331 1301 1506 1350 πᾶσαν
1551 1297 1871 1363 καταδικάζει
1909 1307 2000 1360 τὴν
2040 1303 2119 1356 ἰκ-

541 1385 770 1452 κλησίαν,
805 1390 893 1443 την
934 1389 1133 1456 πατέρα
1176 1389 1261 1439 καὶ
1302 1385 1602 1442 διδάσκαλον
1646 1392 1847 1450 εἰκότως
1877 1393 2116 1469 κύριλλον

541 1473 798 1545 ἔχουσαν.
831 1483 939 1535 Πῶς
976 1473 1027 1529 δέ
1063 1477 1152 1529 οὐκ
1181 1474 1350 1551 ἔφριξε
1396 1478 1569 1550 λέγων,
1606 1482 1673 1540 ὡς
1699 1479 1724 1535 6
1755 1487 1799 1535 ιν
1823 1481 1983 1554 ἁγίοις
2010 1486 2118 1538 Κύ-

540 1567 707 1641 ριλλος
745 1566 996 1640 αἱρετικὸς
1036 1569 1202 1634 ἔστιν,
1232 1568 1400 1627 ἕπειδή
1448 1567 1612 1631 εἶπεν.
1647 1569 1728 1627 ὅτι
1769 1574 1918 1635 αὐτὸς
1941 1573 1966 1629 6
1993 1579 2118 1636 Θεὸς

540 1656 682 1729 λόγος
705 1652 963 1729 ἄνθρωπος
985 1657 1179 1726 γέγονε,
1202 1661 1284 1711 καὶ
1316 1656 1397 1712 ὅτι
1422 1659 1555 1714 οῦτω
1579 1661 1732 1732 λέγων
1759 1660 2000 1734 διαφορὰν
2025 1671 2116 1719 τοῦ

539 1752 660 1802 ναοῦ
699 1752 783 1802 καί
821 1753 911 1804 τοῦ
961 1750 1262 1810 ἐνοικοῦντος
1304 1752 1354 1804 ἰν
1395 1754 1533 1821 αὐτῷ
1581 1757 1688 1823 οὺχ
1735 1753 1972 1826 ὁμολογεῖ
1981 1777 2000 1827 ;
2031 1762 2118 1814 Διά

537 1839 728 1893 τούτων
751 1840 851 1908 γὰρ
878 1845 976 1893 τῶν
1019 1839 1178 1910 λόγων
1207 1842 1264 1892 οὐ
1301 1841 1448 1911 μὸνον
1483 1845 1566 1896 τὶν
1594 1845 1644 1897 ἓν
1687 1844 1846 1918 ἁγίοις
1875 1848 2115 1918 Κύριλ).ον

2221 669 2382 730 atque
2413 661 2580 732 impio
2608 663 2860 722 Nestorio
2888 681 3154 736 narretur,
3187 673 3510 741 proscidisse
3539 691 3635 732 eos
3682 694 3803 737 sese

2221 746 2447 802 invicem
2497 752 2786 816 conviciis;
2828 763 2990 824 atque
3031 757 3330 816 afﬁrmasse
3358 761 3662 820 Nestorium
3703 769 3805 824 nli-

2221 843 2365 899 nime
2390 845 2674 916 Deiparam
2699 864 2820 905 esse
2846 850 3061 907 beatam
3090 852 3389 924 Virginem,
3417 866 3476 912 ut
3505 860 3675 929 ipsam
3705 878 3804 918 no-

2219 933 2412 990 minari
2444 940 2724 1007 permultis
2752 955 2820 996 ex
2846 940 2994 998 Pauli
3020 943 3361 1002 Samosateni
3391 949 3582 1007 haeresi
3625 953 3804 1020 plaee-

2218 1026 2345 1093 bat;
2373 1027 2631 1100 Cyrillum
2659 1043 2868 1099 contra,
2895 1036 2987 1104 qui
3015 1035 3248 1091 Ncstorii
3294 1053 3536 1096 errorem
3566 1044 3802 1098 refutare

2220 1119 2501 1186 niteretur,
2559 1123 2765 1194 lapsum
2816 1127 3020 1195 pariter
3072 1143 3210 1196 esse,
3268 1131 3431 1201 inque
3485 1134 3801 1199 Apollinarii

2217 1209 2469 1278 dogmata
2496 1213 2838 1271 descendisse
2871 1233 2885 1270 :
2917 1216 3036 1273 luce
3060 1220 3254 1276 clarius
3281 1230 3364 1277 est
3391 1224 3632 1292 epistolae
3659 1226 3802 1294 ejus-

2217 1297 2340 1352 dem
2368 1301 2685 1370 scriptorem
2715 1303 3032 1360 Nestoriana
3057 1307 3329 1365 dementia
3365 1324 3799 1384 praeoccupatum

2219 1391 2456 1457 agnosci,
2497 1393 2589 1462 qui
2633 1393 2940 1451 Nestorium
2987 1411 3228 1456 sanctam
3275 1401 3496 1458 Mariam
3529 1405 3798 1476 Virginem

2219 1477 2501 1548 Detparam
2551 1485 2707 1538 fateri
2753 1483 3180 1558 detrectantem,
3226 1493 3543 1562 suspicionis
3593 1503 3798 1551 tantum

2219 1569 2474 1626 adversus
2494 1587 2552 1627 se
2578 1573 2753 1629 locum
2782 1577 3100 1646 quibusdam
3123 1582 3374 1640 tribuisse
3389 1626 3404 1649 ,
3430 1585 3648 1641 minime
3670 1604 3802 1642 vero

2218 1659 2413 1717 exinde
2439 1661 2750 1720 hzcreticum
2789 1667 3147 1726 demonstrari
3177 1675 3467 1730 contendat
3497 1694 3510 1729 :
3542 1676 3799 1748 Cyrillum

2218 1760 2397 1805 autem
2439 1765 2687 1808 sanctum
2739 1755 2998 1814 Ecclesia:
3053 1761 3330 1818 doctorem
3379 1766 3435 1820 in
3486 1769 3799 1837 Apollinarii

2220 1841 2463 1896 haeresim
2514 1844 2766 1902 incidisse
2813 1848 3010 1906 diserte
3060 1853 3264 1918 tradat,
3315 1865 3601 1926 propterea
3653 1861 3799 1928 quod

541 1929 807 2003 μέμφεται,
839 1933 964 1987 ἀλλὰ
992 1937 1069 1987 καί
1088 1937 1174 1987 τὶν
1194 1936 1546 2006 εὐαγγελιστήν
1572 1938 1658 1992 τὸν
1683 1937 1910 2011 λέγοντα,
1941 1939 2018 1996 ὅτι
2051 1940 2108 1998 σε

2220 1933 2390 2004 ipsum
2422 1935 2589 1990 Deum
2617 1937 2847 1993 Verbum
2881 1941 3214 1999 incarnatum
3247 1961 3366 2002 esse
3393 1949 3606 2015 dixerit,
3637 1961 3806 2021 atque

540 2021 680 2096 λόγος
712 2024 840 2096 σὰρξ
868 2024 1080 2095 ἐγένετο,
1109 2042 1127 2074 ι
1157 2027 1240 2078 καί
1264 2028 1457 2086 πάντας
1485 2029 1604 2087 τοὺς
1630 2033 1891 2102 προᾳήτας
1913 2035 2002 2089 τὴν
2031 2029 2116 2088 διὰ

540 2115 730 2188 σαρκὸς
757 2113 1024 2186 ἐπιδημίαν
1052 2117 1206 2170 αὑτοῦ
1236 2123 1326 2170 τοῦ
1354 2124 1479 2172 Θεοῦ
1506 2118 1652 2190 λόγου
1679 2122 2010 2194 κηρύξαντας,
2035 2126 2114 2175 καί

540 2205 761 2273 μαλιστα
808 2208 1048 2279 Ἰερεμίαν
1075 2206 1158 2260 τὸν
1181 2205 1406 2277 λέγοντα·
1429 2220 1446 2254 t
1468 2204 1636 2278 0676;
1663 2207 1687 2262 6
1709 2211 1832 2270 Θεὸς
1861 2213 2028 2282 ἡμῶν,
2058 2214 2114 2264 οὐ

539 2295 890 2367 λογισθήσεται
913 2297 1086 2368 ἕτερος
1112 2297 1242 2371 πρὸς
1269 2297 1439 2350 αὐτὸν·
1463 2300 1592 2369 μετὰ
1614 2305 1780 2354 ταῦτα
1801 2301 1882 2354 ἐπί
1909 2309 2001 2362 τῆς
2020 2311 2113 2375 γῆς

539 2384 712 2455 ὤφθη,
756 2388 839 2439 καὶ
885 2393 989 2446 τοῖς
1028 2387 1306 2460 ἀνθρώποις
1355 2390 1757 2462 συνανεστρὰφη·
1791 2407 1808 2439 ι
1842 2393 1925 2444 καί
1965 2392 2113 2446 πάλιν

540 2472 744 2526 Ἡσαΐαν
771 2473 1002 2546 λίγνντα,
1040 2492 1058 2524 ε
1090 2484 1156 2527 Τὸ
1181 2473 1378 2528 παιδίον
1409 2478 1528 2530 Θεὸν
1564 2478 1785 2551 ἰσχυρὸν
1814 2481 2002 2543 (Ἦσαΐ.
2034 2496 2109 2547 rx,

540 2559 621 2628 6)·
662 2579 682 2611 ι
718 2563 938 2637 καὶπρὸς
954 2564 1152 2624 τούτοις
1185 2567 1269 2618 τὸν
1295 2561 1576 2620 ἀπόστολον
1615 2569 1800 2622 Παῦλον
1835 2569 2038 2641 λέγοντα
2067 2575 2114 2627 ἐν

536 2661 598 2724 τῇ
637 2653 769 2727 πρὸς
811 2653 1067 2723 Ἐφεσίους
1112 2655 1368 2729 ἐπιστολῇ,
1400 2673 1418 2705 t
1456 2655 1512 2710 Ὀ
1542 2659 1770 2720 καταϐὰς
1799 2662 1950 2722 αὐτὸς
1976 2665 2109 2727 ἔστι,

536 2748 622 2800 καὶ
647 2743 672 2800 6
694 2745 886 2804 ἀναϐὰς
906 2745 1142 2820 ὑπεράνω
1157 2750 1356 2801 πάντων
1374 2755 1475 2803 τῶν
1502 2750 1738 2827 οὐρανῶν,
1761 2752 1843 2805 ἶνα
1868 2753 2111 2829 πληρώσῃ

536 2838 599 2891 τὰ
643 2839 830 2890 πάντα.
864 2854 882 2886 ι
932 2839 1018 2890 Καὶ
1059 2837 1179 2912 γὰρ,
1210 2839 1276 2899 ὡς
1323 2839 1503 2899 ἐκεῖνος
1546 2841 1687 2911 ὑμῶν
1735 2841 1761 2896 6
1811 2841 2112 2905 διδάσκαλος

536 2933 869 2999 παραφρονῶν
891 2925 1042 2996 λέγει,
1072 2925 1308 2999 μέμψεώς
1335 2931 1458 3008 εἰσιν
1486 2925 1616 2992 ἄξιοι
1642 2933 1721 2983 καί
1755 2941 1801 2985 οι
1835 2942 2109 3006 προφῆται,

535 3019 617 3068 καὶ
645 3015 690 3068 οἰ
722 3017 1099 3088 εὐαγγελισταξ,
1115 3019 1198 3069 καὶ
1220 3017 1265 3070 oi
1293 3018 1566 3075 ἀπόστολοι
1590 3021 1836 3092 λέγοντες,
1861 3022 1937 3079 ὅτι
1960 3026 2111 3084 αὐτὸς

537 3104 562 3158 6
587 3106 707 3165 Θεὸς
733 3105 877 3178 λόγος
908 3107 1301 3181 ἐνηνθρώπησεν,
1329 3111 1395 3168 ὡς
1426 3107 1507 3164 διὰ
1529 3113 1721 3166 τούτων
1749 3121 1846 3169 τῶν
1873 3116 2111 3189 ῥημάτων

537 3203 724 3272 τροπήν
762 3206 851 3257 τῆς
892 3193 1122 3259 θεότητος
1152 3202 1224 3258 εἰς
1252 3205 1342 3258 την
1377 3201 1741 3274 ἁνθρωπὸτητα
1776 3205 2001 3278 λέγοντες
2025 3227 2111 3280 γε·-

2215 2026 2568 2094 assumpsisse
2594 2028 3001 2087 humanitatem.
3025 2033 3150 2089 Haec
3173 2047 3352 2091 autem
3381 2041 3565 2105 verba,
3607 2050 3665 2095 ut
3701 2058 3800 2096 su-

2215 2113 2395 2182 perius
2423 2117 2919 2187 animadvertimus,
2964 2125 3223 2192 praeteriit
3266 2136 3569 2199 praeceptor
3597 2140 3800 2196 vester,

2213 2215 2372 2284 plane
2404 2221 2754 2288 perspiciens,
2784 2237 2906 2276 eum
2936 2224 3026 2292 qui
3055 2224 3314 2296 Cyrillum
3354 2228 3563 2299 lapsum
3591 2247 3713 2287 esse
3740 2233 3795 2287 in

2212 2306 2458 2362 haeresim
2504 2310 2694 2376 tradat,
2728 2316 3432 2385 contendatquehzereticas
3479 2321 3650 2392 ipsum
3700 2324 3801 2380 de.

2211 2396 2446 2454 fendisse
2478 2403 2800 2468 sententias,
2834 2405 2886 2458 in
2918 2407 3221 2462 universam
3251 2408 3546 2468 Ecclesiam
3575 2413 3798 2469 damna-

2215 2489 2376 2544 tionis
2404 2490 2544 2545 ferre
2560 2492 2839 2560 judicium,
2873 2511 2993 2550 cum
3017 2497 3264 2554 universa
3293 2501 3498 2557 scilicet
3516 2501 3772 2574 Cyrillum

2212 2587 2273 2633 ut
2312 2577 2523 2634 Patrem
2565 2582 2709 2636 colat
2751 2591 2914 2653 atque
2944 2586 3239 2643 doctorem.
3271 2591 3532 2647 Cmterum
3561 2595 3652 2663 qui
3684 2596 3802 2653 fieri

2214 2669 2387 2738 potuit
2417 2679 2474 2723 ut
2500 2686 2606 2725 non
2637 2672 3044 2731 exhorresceret
3082 2679 3394 2735 hmreticum
3421 2683 3606 2738 dicens
3625 2684 3800 2756 Cyril-

2211 2757 2343 2818 lum.
2373 2768 2659 2828 propterea
2685 2763 2828 2830 quod
2851 2763 3016 2818 Deum
3039 2766 3271 2822 Verbum
3302 2770 3570 2827 hominem
3594 2777 3803 2829 factum

2213 2868 2333 2910 esse
2373 2857 2617 2911 docuerit
2662 2876 2675 2911 :
2724 2859 2958 2930 indeque
3008 2866 3274 2937 consequi.
3317 2868 3682 2939 subjungens,
3727 2874 3801 2928 ab

2211 2945 2412 3016 Cyrillo
2461 2948 2578 3002 lucc
2629 2949 2858 3006 docente
2911 2952 3199 3010 discrimen
3252 2957 3391 3012 inter
3440 2963 3694 3031 templum
3741 2964 3802 3018 in.

2213 3049 2385 3103 eoque
2411 3035 2801 3093 inhabitantem
2832 3057 2945 3096 non
2981 3043 3224 3099 admitti?
3255 3046 3367 3101 Hac
3395 3050 3598 3120 quippe
3619 3053 3800 3109 εἱεηῶ

2210 3125 2420 3179 ratione
2445 3142 2549 3180 non
2582 3137 2827 3183 sanctum
2859 3129 3113 3202 Cyrillum
3138 3135 3473 3203 criminatur,
3496 3140 3590 3194 sed
3620 3139 3796 3196 Evan-

2209 3215 2478 3284 gelistam,
2519 3216 2739 3273 Verbum
2761 3227 2968 3276 carnem
3005 3226 3197 3295 factum
3229 3245 3341 3281 esse
3385 3228 3602 3300 (Joann.
3632 3249 3669 3296 ι,
3704 3233 3803 3304 id)

535 3291 786 3362 νενικῆσθαι*
814 3289 859 3342 οἰ
897 3287 950 3343 δέ
997 3290 1145 3344 αὐτὸν
1179 3291 1264 3344 τὸν
1296 3291 1417 3346 Θεὸν
1457 3293 1594 3380 λόγον
1639 3294 2016 3370 ἐνανθρωπῆσαι
2040 3304 2108 3370 μή

2213 3307 2412 3363 diserte
2467 3313 2929 3381 pronuntiantem,
2979 3316 3072 3371 sed
3115 3314 3405 3388 prephetas
3452 3321 3660 3387 omnes,
3700 3326 3802 3392 qui

535 3379 894 3450 ὁμολογοῦντες
911 3420 925 3443 ,
954 3383 1150 3454 ᾳανεροί
1178 3382 1280 3436 εἰσι
1305 3385 1390 3436 τὸν
1431 3384 1645 3456 Χριστὸν
1683 3385 1822 3456 ψιλὸν
1849 3384 2107 3462 ἄνθρωπον

533 3462 678 3529 εἶναι.
711 3470 796 3523 καὶ
838 3470 968 3524 κατὰ
995 3471 1152 3545 χάριν
1180 3472 1286 3525 υἰὸν
1331 3479 1460 3526 Θεοῦ
1506 3475 1833 3544 ὀνομάζεσθαι
1861 3477 2104 3548 λέγοντες,

532 3558 602 3618 ὡς
624 3558 656 3616 ἡ
683 3557 948 3629 κακοδοξία
974 3562 1240 3635 Νεστορίου
1276 3565 1364 3618 καὶ
1389 3562 1646 3626 Θεοδώρου
1672 3572 1768 3624 τοῦ
1799 3567 2104 3626 διδασκάλου

529 3651 689 3705 αὐτοῦ
719 3649 868 3722 λέγει.

2218 3397 2375 3452 Verbi
2406 3398 2501 3453 Dei
2531 3399 2818 3456 adventum
2850 3419 2946 3472 per
2973 3419 3188 3461 carnem
3221 3409 3602 3477 pra-dixerunt,
3643 3412 3794 3468 lere--

2213 3489 2373 3542 miam
2402 3491 2739 3559 potissimum
2768 3494 3032 3551 dicentem
3064 3515 3076 3550 :
3105 3497 3209 3552 Hic
3239 3499 3378 3555 Deus
3407 3513 3582 3557 noster
3609 3521 3628 3559 :
3658 3507 3800 3560 alius.

2213 3577 2458 3633 adversus
2478 3597 2591 3634 eum
2618 3597 2720 3636 non
2742 3584 3080 3639 azstimabitur
3108 3606 3126 3644 :
3153 3598 3268 3659 post
3299 3591 3408 3645 hac
3438 3593 3491 3645 in
3525 3595 3674 3648 terris
3698 3613 3790 3664 ap-

2212 3671 2405 3738 paruit,
2453 3679 2503 3725 ct
2555 3688 2671 3725 cum
2716 3674 3007 3730 hominibus
3057 3690 3381 3735 conversatus
3428 3692 3504 3736 est
3561 3684 3798 3755 (Baraclt

2216 3761 2316 3829 in),
2373 3769 2535 3831 atque
2582 3763 2772 3818 lsaiam
2825 3766 3055 3822 aientem
3107 3770 3390 3827 similiter:
3437 3774 3594 3843 Puer,
3648 3776 3792 3833 Deus

531 3834 682 3906 fortis
711 3833 866 3898 (Ιεαὶ.
893 3850 966 3901 Ix,
998 3834 1054 3906 6)
1087 3851 1100 3889 :
1129 3836 1224 3892 sed
1248 3839 1551 3908 apostolum
1590 3855 1701 3912 prae
1744 3843 1950 3900 caeteris
1990 3843 2236 3917 Paulum,
2287 3851 2439 3922 cujus
2467 3853 2581 3910 haac
2630 3863 2714 3911 est
2755 3856 2810 3911 in
2857 3857 3097 3928 Epistula
3144 3878 3234 3918 sua
3267 3863 3332 3919 ad
3362 3833 3622 3936 Ephesios
3667 3885 3800 3926 sen-

529 3925 696 3980 tentia
729 3944 742 3978 :
772 3924 871 3990 Qui
910 3927 1188 3994 descendit,
1219 3931 1330 4001 ipse
1366 3939 1440 3986 est
1475 3942 1524 3986 et
1562 3935 1650 4005 qui
1687 3936 1917 3990 ascendit
1952 3954 2105 4008 super
2141 3958 2318 3997 omnes
2370 3945 2522 4000 celos
2543 3987 2560 4013 ,
2587 3956 2644 3999 ut
2671 3924 2921 4019 impleret
2945 3953 3120 4006 omnia
3167 3952 3333 4025 (Ep/1..
3360 3924 3433 4022 rvi,
3479 3957 3557 4029 9).
3605 3960 3662 4016 Si
3689 3924 3794 4032 igi-

529 4019 616 4066 tur
649 4013 931 4084 desipienti
972 4017 1178 4072 doctori
1225 4029 1407 4075 vestro
1453 4022 1704 4077 assentiri
1748 4025 1972 4082 velimus
1995 4066 2011 4092 ,
2073 4033 2367 4102 prophetas
2391 4071 2408 4098 ,
2455 4036 2845 4106 evangelistas,
2887 4041 3162 4110 apostolos
3203 4046 3470 4102 hmreseos
3513 4053 3788 4108 accusabi-

527 4119 670 4171 mus,
697 4108 789 4176 qui
815 4107 909 4162 Dei
941 4109 1170 4164 Verbum
1211 4112 1444 4167 dixerint
1481 4113 1751 4168 hominem
1788 4115 1985 4171 factum
2011 4133 2152 4186 esse,
2189 4123 2343 4191 quasi
2381 4123 2468 4180 his
2503 4125 2759 4196 loquendi
2801 4126 2976 4184 modis
3011 4122 3331 4188 admiserint
3377 4142 3796 4196 conversionem

528 4195 827 4253 llivinttatis
886 4201 938 4253 in
986 4200 1394 4258 humanitatem.
1451 4203 1652 4258 Verum
1691 4207 1787 4274 qui
1831 4205 2005 4263 Deum
2048 4207 2286 4268 Verbum
2331 4195 2608 4270 hominem
2651 4217 2851 4274 factum
2890 4234 3010 4276 esse
3052 4237 3169 4278 non
3221 4225 3567 4298 conﬁtentur,
3625 4231 3796 4290 iidem

528 4290 809 4348 manifeste
846 4293 1116 4349 Christum
1160 4311 1353 4366 purum
1400 4297 1672 4352 hominem
1718 4298 1945 4369 faciunt,
1997 4318 2094 4372 per
2137 4307 2364 4374 gratiam
2401 4316 2608 4364 tantum
2649 4307 2770 4365 Filii
2815 4309 2911 4369 Dei
2954 4313 3176 4372 nomine
3216 4315 3558 4389 decoratum,
3598 4337 3788 4392 quem-

528 4377 811 4436 admodum
839 4398 1064 4439 erronea
1094 4383 1320 4440 Nestorii
1348 4385 1724 4457 Theodor’ique
1750 4392 1990 4459 magistri
2029 4393 2198 4464 ipsius
2224 4398 2491 4454 sententia
2517 4400 2890 4461 constituitur.

598 4472 657 4525 Δί
694 4474 794 4547 γὰρ
842 4474 968 4528 θεῖαι
1014 4477 1235 4547 γραφαί,
1265 4477 1350 4528 καί
1378 4475 1421 4528 οἱ
1450 4474 1584 4549 ἅγιοι
1630 4479 1846 4553 πατέρες
1889 4479 2104 4543 ταύταις

527 4561 907 4622 ἀκολουθοῦντες
927 4605 940 4626 ,
985 4566 1134 4618 αὐτὸν
1164 4564 1248 4618 τὸν
1277 4567 1396 4618 Θεὸν
1441 4565 1579 4638 λόγον
1609 4567 1693 4620 τὸν
1740 4567 1985 4640 ἀόρατον,
2016 4572 2103 4625 τὸν

2280 4484 2481 4542 Divina:
2508 4502 2738 4557 namque
2763 4489 3002 4558 Litterm,
3022 4502 3184 4566 atque
3211 4497 3294 4552 his
3322 4497 3642 4557 inhaerentes
3663 4520 3788 4560 san.

2208 4577 2282 4632 cti
2307 4575 2562 4633 Ecclesia:
2591 4575 2778 4634 Patres
2807 4580 2978 4650 ipsum
3023 4582 3192 4639 Deum
3230 4585 3466 4643 Verbum
3496 4590 3783 4661 invisibile,

527 4655 820 4722 ἀσώματον,
853 4654 934 4707 τὸν
965 4654 1017 4707 ἔκ
1043 4659 1134 4708 τοῦ
1161 4657 1323 4726 φωτὸς
1363 4662 1493 4727 φῶς,
1525 4656 1611 4712 τὸν
1651 4659 1752 4732 πρὸ
1785 4660 1995 4724 αἰώνων,
2022 4663 2104 4716 καί

2211 4667 2449 4738 corporis
2493 4682 2707 4738 expers,
2751 4669 2930 4724 lumen
2957 4671 3025 4727 de
3062 4673 3290 4744 lumine,
3335 4686 3460 4733 ante
3504 4682 3699 4736 saecula
3728 4692 3779 4738 et

527 4744 767 4818 ἀχρόνως
793 4745 844 4797 ἐκ
871 4750 961 4798 τοῦ
991 4745 1185 4814 πατρὸς
1206 4748 1494 4817 γεννηθέντα
1537 4748 1686 4804 αὐτὸν
1715 4750 1995 4814 κατελθεῖν,
2019 4755 2103 4806 καί

525 4837 860 4910 σαρκωθῆναι,
908 4838 990 4889 καί
1031 4837 1410 4908 ἄνανθρωπῆσαι
1456 4837 1708 4908 λέγουσιν.
1748 4839 1884 4894 Καίὸ
1912 4843 2003 4912 μέν
2052 4843 2102 4896 ἐν

525 4923 684 4997 ἁγίοις
726 4925 994 5001 Γρηγὸριος
1033 4926 1082 4979 ἐν
1110 4931 1184 4996 τῷ
1219 4924 1348 4995 λόγῳ
1377 4932 1448 4994 τῷ
1477 4931 1551 4985 εἰς
1588 4928 1655 4981 τὰ
1694 4930 1934 5001 Θεοφάνια
1964 4929 2100 4985 οὕτω

525 5015 669 5089 λέγει’
701 5033 718 5066 ε
744 5019 898 5076 Αὐτὸς
921 5017 946 5071 6
973 5024 1064 5071 τοῦ
1083 5023 1206 5070 Θεοῦ
1228 5014 1394 5090 λόγος,
1417 5017 1445 5074 ὅ
1464 5023 1783 5091 προαιώνιος,
1805 5020 1830 5074 6
1856 5023 2096 5097 ἀόρατος,

524 5103 550 5158 6
574 5106 945 5179 ἀπερίληπτος,
981 5106 1008 5161 6
1035 5109 1331 5177 ἀσώματος,
1360 5109 1394 5165 16
1422 5109 1475 5160 ἐκ
1510 5116 1601 5168 τῆς
1630 5109 1803 5182 ἀρχῆς
1839 5112 2006 5185 ἁρχὴ,
2037 5116 2098 5168 τὸ

523 5198 580 5249 ἑκ
609 5201 701 5249 τοῦ
727 5198 890 5266 φωτὸς
926 5204 1052 5269 φῶς,
1085 5198 1115 5254 ἡ
1152 5202 1288 5266 πηγὴ
1315 5205 1403 5256 τῆς
1434 5200 1563 5260 ζωῆς
1592 5205 1672 5250 καὶ
1700 5206 1790 5258 τῆς
1819 5201 2098 5262 ἀθανασίας

523 5293 582 5349 τὸ
609 5293 869 5363 ἰκμαγεῐον
897 5297 988 5346 τοῦ
1020 5293 1347 5367 ἀρχετύπου,
1379 5293 1409 5348 ἡ
1437 5297 1506 5362 μὴ
1551 5295 1808 5366 κινουμένη
1853 5298 2092 5366 σφραγίς,

521 5389 554 5446 ἡ
579 5385 964 5458 ἀπαράλλακτος
988 5387 1150 5448 εἰκών,
1182 5384 1208 5439 6
1237 5393 1324 5439 τοῦ
1350 5387 1546 5461 πατρὸς
1573 5384 1688 5460 ὅρος
1732 5391 1818 5443 καί
1842 5388 1983 5460 λόγος
2011 5391 2097 5444 ἰπὶ

521 5480 610 5537 τεὸν
649 5475 777 5532 ἰδίαν
806 5477 967 5532 εἰκόνα
992 5483 1162 5550 χωρεῖ
1186 5480 1271 5531 καὶ
1305 5480 1475 5551 σάρκα
1513 5487 1655 5552 ςορεί
1680 5478 1761 5534 διὰ
1787 5485 1874 5539 τὴν
1902 5483 2093 5554 σάρκα,

524 5570 610 5622 καί
636 5567 790 5639 ψυχή
815 5569 963 5643 νοερὰ
991 5566 1073 5622 διὰ
1101 5572 1189 5626 την
1217 5566 1336 5640 ἐμήν
1363 5569 1540 5638 ψυχήν
1568 5571 1824 5639 μίγνυται,
1848 5577 1920 5644 τῷ
1940 5569 2096 5643 ὁμοίῳ

521 5661 582 5716 τὸ
613 5657 782 5731 ὅμοιον
801 5660 1168 5734 ἁναγαθαίρων,
1184 5662 1268 5713 καί
1288 5661 1448 5715 πάντα
1472 5664 1661 5731 γίνεται
1681 5661 1803 5720 πλὴν
1822 5671 1909 5723 τῆς
1931 5662 2096 5734 ἁμαρ-

526 5751 636 5816 τίω,-
663 5749 955 5824 ἆνθρωπος,
979 5751 1176 5811 κυηθείς
1203 5752 1258 5806 ἰκ
1287 5759 1376 5813 τῆς
1400 5753 1645 5826 παρθένου
1692 5756 1776 5808 καί
1802 5753 1980 5825 ψυχήν
2009 5758 2096 5808 καί

520 5846 697 5918 σάρκα
738 5845 1165 5918 προκαθαρθείσης
1203 5851 1275 5912 τῷ
1315 5846 1582 5916 πνεύματι·
1611 5842 1714 5900 ἴδει
1739 5847 1837 5920 γὰρ
1870 5849 1956 5901 καὶ
1979 5847 2092 5919 γέν-

523 5956 662 5993 νησιν
701 5936 982 6008 τιμηθῆναι,
1015 5937 1098 5991 καί
1131 5935 1395 6012 παρθενίαν
1435 5937 1816 6009 προτιμηθῆναι.
1840 5955 1857 5988 ι
1891 5939 1964 5993 "rei
1994 5959 2093 5992 na-

2208 4765 2450 4827 tempora
2478 4773 2547 4813 ex
2574 4759 2732 4814 Patre
2760 4761 3031 4832 genitum,
3063 4763 3166 4820 hoc
3209 4766 3348 4822 idem
3384 4769 3697 4838 advenisse,
3729 4782 3782 4830 et
3848 4829 3854 4833 _

2207 4849 2540 4904 incarnatum
2569 4865 2710 4918 esse,
2741 4859 2794 4906 et
2823 4853 3096 4909 hominem
3135 4857 3333 4913 factum
3378 4874 3500 4916 esse
3541 4863 3781 4920 disertis-

2205 4940 2341 4994 sime
2362 4940 2702 4997 conﬂtentur.
2729 4942 2959 4998 Sanctus
2986 4945 3129 4999 enim
3149 4945 3439 5014 Gregorius
3459 4949 3512 5002 in
3534 4965 3780 5008 sermone

2206 5027 2274 5082 de
2299 5027 2682 5098 Theophaniis,
2703 5047 2800 5087 seu
2820 5031 2886 5087 de
2906 5031 3102 5088 Christi
3131 5034 3418 5092 Nativitate
3444 5038 3559 5093 haec
3586 5040 3788 5098 habet:

2212 5137 2231 5169 ς
2257 5118 2434 5188 ipsum
2456 5120 2552 5175 Dei
2573 5121 2838 5176 invisibile
2861 5121 3116 5191 Verbum,
3140 5124 3230 5180 ille
3253 5126 3461 5182 szeculis
3488 5129 3783 5199 antiquior,

2205 5204 2295 5261 ille
2316 5207 2886 5278 incomprehensibilis,
2915 5211 3004 5266 ille
3033 5211 3411 5282 incorporeus,
3442 5215 3572 5271 illud
3599 5217 3781 5272 lumen

2203 5309 2272 5350 ex
2301 5296 2522 5365 limine,
2547 5309 2615 5352 ex
2645 5298 2909 5369 principio
2933 5301 3274 5370 principium,
3300 5301 3420 5359 fons
3446 5305 3570 5360 vitae
3598 5315 3655 5361 et
3685 5305 3783 5361 im-

2201 5391 2565 5457 mortalitatis,
2596 5391 2686 5446 illa
2715 5394 2990 5464 archetypi
3013 5396 3317 5465 expressio,
3341 5397 3469 5452 illud
3497 5399 3777 5454 immotum

2200 5481 2467 5549 sigillum,
2513 5481 2604 5536 illa
2649 5497 2746 5551 per
2785 5484 2966 5538 omnia
3011 5485 3201 5540 similis
3237 5486 3436 5557 imago,
3475 5489 3566 5544 ille
3605 5489 3776 5544 Patris

2198 5572 2459 5626 terminus
2497 5578 2552 5626 et
2590 5573 2759 5639 ratio;
2799 5573 2910 5640 ille,
2949 5574 3186 5643 inquam,
3217 5574 3286 5630 ad
3311 5575 3596 5644 imaginem
3621 5593 3773 5634 suam

2197 5680 2258 5720 se
2308 5663 2537 5730 confert,
2568 5673 2622 5720 et
2661 5681 2876 5721 carnem
2921 5667 2990 5722 ob
3031 5682 3249 5722 carnem
3285 5670 3448 5737 gerit,
3490 5678 3548 5726 et
3582 5674 3775 5729 anima

2195 5753 2544 5808 intellectuali
2583 5764 2804 5826 propter
2832 5754 3064 5810 animam
3107 5772 3280 5813 meam
3311 5758 3570 5828 jungitur,
3602 5773 3660 5817 ut
3693 5763 3772 5818 si-

2194 5847 2321 5901 mile
2368 5860 2467 5916 per
2516 5846 2689 5904 simile
2734 5857 3016 5918 repurget,
3067 5858 3228 5920 atque
3278 5851 3510 5908 hutnana
3567 5855 3767 5922 omnia,

2194 5946 2420 6008 excepto
2448 5947 2689 6009 peccato,
2721 5940 2961 6011 suscipit,
2993 5949 3285 6013 conceptus
3310 5943 3525 6012 quidem
3552 5960 3623 6001 ex
3647 5946 3768 6002 Vir-
