4088 6526
305 469 443 537 1049

1005 466 1371 529 EPISTOLA
1405 464 1800 526 ADVERSUS
1839 459 2319 523 THEODORUM
2351 458 2768 520 MOPSUEST.

3416 448 3552 512 1050

310 593 570 670 ραπλήσια
597 586 651 642 δέ
680 591 765 643 καί
793 586 819 643 ὸ
855 586 903 641 ἓν
932 585 1093 659 ἀγίοις
1128 582 1422 644 Ἀθανάσιος
1450 585 1498 637 ἐν
1525 591 1597 652 τῷ
1624 585 1741 657 περὶ
1784 587 1873 636 τοῦ
1905 620 1913 639 λ

2015 580 2120 641 ine,
2152 576 2331 630 animo
2380 582 2431 629 el
2464 589 2691 644 corpore
2718 589 2748 627 a
2776 573 2976 643 Spiritu
3019 584 3378 645 pnepurgata;
3424 592 3549 631 nam

310 683 453 754 quou
482 680 771 750 πνεύματος
806 676 936 746 λόγῳ
975 676 1103 730 κατά
1125 672 1394 752 Ἀρειανῶν
1420 672 1555 727 οὕτω
1580 673 1730 745 λέγει’
1767 687 1787 721 ε
1822 669 1881 725 '0

312 773 555 845 γεννηθεξς
598 766 782 824 ἄνωθεν
828 768 882 821 ix
919 772 1012 821 τοῦ
1060 769 1255 840 πατρὸς
1291 765 1553 839 ἀρρήτως,
1584 760 1881 835 ἀφράστως,

309 862 677 921 ἀκαταλήπτως
694 899 711 925 ,
738 857 930 920 ἀίδίως,
957 858 1102 919 αὐτὸς
1130 858 1180 910 ἐν
1210 857 1383 926 χρόνῳ
1405 858 1639 925 γεννᾶται
1667 852 1884 906 κάτωθεν

313 956 365 1008 έκ
393 963 485 1014 τῆς
518 955 766 1028 παρθένου
811 951 1028 1025 Μαρίας.
1060 965 1078 999 ι
1107 950 1197 1001 καί
1235 947 1381 1001 πάλιν
1412 944 1508 1000 ὸέν
1541 944 1697 1016 ἀγίοις
1732 945 1887 996 Βασί-

313 1047 438 1105 λειος
474 1046 605 1119 πρὸς
634 1041 956 1115 ’Δμφιλόχιον
998 1041 1201 1115 γράφων
1243 1039 1294 1092 έν
1328 1045 1403 1110 τῷ
1441 1034 1596 1109 ὀγδόῳ
1641 1034 1889 1105 κεφαλαίῳ

314 1136 469 1195 οὕτως
499 1131 655 1188 εἶπεν·
690 1151 708 1184 ε
732 1134 805 1187 Οὐ
831 1134 929 1205 γάρ
956 1138 1195 1185 τοσοῦτον
1226 1128 1460 1211 οτξρανὸς,
1489 1130 1571 1180 καί
1596 1132 1683 1198 γῆ,
1714 1127 1796 1177 καί
1824 1127 1891 1178 τά

318 1225 498 1294 μεγέθη
537 1229 634 1278 τῶν
660 1222 913 1293 πελαγῶν,
941 1224 1027 1275 καὶ
1055 1221 1121 1275 τά
1170 1219 1218 1271 ἐν
1253 1217 1410 1272 ὕδασι
1456 1214 1778 1284 διαιτώμενα,
1810 1215 1894 1267 καί

318 1316 380 1369 τά
410 1320 644 1385 χερσαῖα
680 1320 778 1368 τῶν
807 1314 963 1376 ζώων,
996 1314 1076 1364 καί
1111 1310 1260 1382 φυτά,
1294 1311 1381 1362 καί
1406 1308 1638 1381 ἀστέρες,
1662 1307 1745 1359 καί
1773 1306 1892 1378 ἀὴρ,

319 1406 406 1456 καὶ
445 1400 610 1472 ὧραι,
652 1404 734 1454 καὶ
775 1402 805 1457 η
848 1400 1043 1457 ποικίλη
1089 1404 1179 1452 τοῦ
1224 1397 1409 1455 παντὸς
1456 1393 1793 1462 διακόσμησις
1839 1391 1896 1446 τὸ

321 1495 583 1568 ὑπερέχον
607 1500 695 1551 τῆς
725 1494 917 1561 ἰσχύος
946 1493 1264 1551 συνίστησιν,
1297 1487 1411 1542 ὅσον
1439 1488 1496 1541 τὸ
1524 1485 1789 1543 δυνηθῆναι
1815 1486 1898 1538 τὸν

322 1587 443 1642 Θεὸν
478 1587 559 1639 τὸν
604 1586 874 1657 ἀχώρητον
922 1582 1132 1641 ἀπαθῶς
1177 1578 1258 1634 διὰ
1304 1579 1499 1651 σαρκὸς
1546 1576 1899 1646 συμπλακῆναι

325 1682 395 1744 τῷ
420 1676 641 1745 θανάτῳ,
670 1676 751 1726 ἶνα
782 1674 903 1743 ἡμῖν
928 1678 1000 1741 τῷ
1029 1668 1138 1740 ἰδίῳ
1182 1670 1334 1724 πάθει
1361 1673 1449 1725 τήν
1474 1667 1713 1719 ἀπάθειαν
1743 1667 1900 1735 χαρί-

327 1787 497 1823 σηται.
528 1782 547 1814 ε
579 1764 719 1818 ’Δλλὰ
768 1765 853 1816 καί
899 1760 924 1815 ὸ
966 1762 1016 1814 έν
1056 1760 1216 1833 ἀγίοις
1249 1761 1587 1830 Δῦγουστῖνος
1625 1757 1901 1813 έτπσκοπος

328 1856 382 1912 έκ
404 1865 494 1916 τῆς
518 1862 616 1909 τῶν
642 1855 827 1926 ’Δφρῶν
856 1856 1036 1927 χώρας
1057 1854 1105 1905 ἐν
1130 1859 1192 1925 τῇ
1216 1855 1334 1926 περί
1360 1857 1449 1905 τοῦ
1480 1848 1735 1920 συμϐόλου
1766 1845 1902 1902 έκθέ-

330 1968 409 2002 σει
420 1954 587 2002 ταῦτα
600 1947 748 2017 λέγει·
774 1964 791 1996 ε
813 1948 931 1999 Εἰπέ
949 1948 1137 2009 καὶσὺ,
1194 1944 1486 2016 ’Δμϐακούμ
1501 1949 1759 2016 προφῆτα,
1770 1962 1903 2013 μαρ-

330 2042 508 2115 τυρίαν
551 2041 669 2106 περί
711 2045 799 2093 τοῦ
836 2043 1080 2111 Χριστοῦ.
1112 2036 1289 2108 Κύριε,
1319 2038 1486 2107 φησίν,
1516 2036 1789 2091 εἶσακήκοα
1815 2037 1905 2089 τήν

330 2136 476 2193 ἀκοήν
499 2153 614 2198 σου,
638 2134 719 2187 καί
745 2132 1003 2204 εφοϐήθηνο
1032 2150 1313 2187 κατενόησα
1338 2123 1405 2182 τά
1429 2126 1552 2203 ἔργα
1572 2148 1688 2189 σου,
1712 2126 1737 2180 ό
1763 2128 1904 2189 Θεὸς,

332 2228 413 2279 καί
462 2225 680 2287 έξέστην.
720 2242 738 2274 ι
789 2229 915 2276 Ποῖα
962 2220 1088 2296 ἔργα
1137 2226 1227 2275 τοῦ
1271 2224 1397 2273 Θεοῦ
1444 2215 1592 2280 οὗτος
1639 2218 1909 2288 θαυμάσας

334 2313 535 2377 ﬂiam;
564 2316 634 2385 μή
661 2334 710 2367 τι
736 2318 824 2371 τήν
863 2315 1025 2365 κτίσιν
1067 2316 1157 2365 τοῦ
1200 2310 1420 2380 κόσμου;
1447 2312 1517 2379 μή
1563 2310 1779 2380 γένοιτο’
1802 2305 1911 2361 ἀλλ’

333 2398 551 2457 ἄκουσον
596 2402 728 2477 πρὸς
760 2404 813 2454 τί
846 2401 1041 2464 ἐξέστη.
1082 2417 1099 2450 ε
1127 2398 1206 2452 ἐν
1231 2399 1406 2469 μέσῳ,
1449 2401 1604 2469 φησί,
1634 2395 1725 2451 δύο
1768 2398 1906 2460 ζώων

332 2496 702 2566 γνωσθησονται
728 2494 791 2547 τὰ
820 2490 952 2566 ἔργα
996 2513 1096 2545 σου
1116 2508 1128 2520 ·
1172 2488 1249 2545 ὅτι
1276 2493 1341 2544 σὺ
1373 2489 1398 2543 ὸ
1440 2491 1563 2549 Θεὸς
1606 2489 1749 2561 λόγος
1776 2489 1907 2563 σὰρξ

334 2584 525 2655 ἑγένου·
551 2584 600 2636 έν
624 2583 766 2655 μέσῳ
792 2581 882 2636 δύο
903 2584 1040 2646 ζώων
1065 2581 1352 2653 γνωσθήσῃ.
1380 2582 1469 2639 Τίς
1498 2578 1563 2633 ὢν
1592 2581 1753 2653 μέχρι
1777 2580 1911 2637 τῖφος

335 2672 569 2732 κατέϐηςὶ
588 2672 858 2747 ξεκστῆιαί
886 2693 945 2744 με
976 2673 1286 2733 πεποίηκας,
1314 2668 1395 2725 ὅτι
1424 2670 1447 2724 ὸ
1474 2670 1642 2741 λόγος,
1673 2667 1739 2723 δι’
1760 2666 1815 2722 οὖ
1844 2672 1909 2723 τά

335 2764 503 2817 πάντα
529 2764 719 2834 ἐγένετο
745 2762 791 2813 ἐν
813 2763 970 2834 φάτνῃ
1013 2761 1244 2830 ἰτέχθης.
1271 2776 1289 2809 ι
1315 2760 1391 2812 Τά
1422 2756 1572 2828 ὅμοια
1616 2756 1670 2812 δέ
1699 2760 1781 2811 καί
1807 2756 1833 2811 ὸ
1862 2759 1912 2810 έν

335 2851 496 2922 ἁγίοις
541 2851 676 2905 Λέων
718 2852 893 2910 πάντας
939 2853 1126 2921 Ῥώμης
1156 2851 1207 2902 ἰν
1252 2856 1314 2923 τῇ
1358 2849 1483 2924 πρὸς
1526 2848 1797 2902 Φλαυιανὸν
1822 2849 1909 2902 τὸν

337 2943 745 3015 ἀρχιεπίσκοπον
788 2940 1353 2999 Κωνσταντινουπὸλεως
1382 2940 1619 3012 ἐπιστολῇ
1652 2937 1815 2997 οἷτως
1838 2934 1911 2992 εἶ-

338 3047 444 3084 πεν’
480 3049 498 3081 ε
526 3030 583 3085 Ὀ
608 3032 807 3091 ἀπαθὴς
841 3032 964 3090 Θεὸς
993 3022 1077 3084 οὐκ
1119 3033 1374 3095 ἀπηξίωσε
1404 3031 1622 3089 παθητὸς
1666 3025 1788 3085 εἶναι
1823 3027 1910 3085 ἆν-

338 3122 558 3198 θρωπος,
588 3124 671 3176 καὶ
694 3121 718 3176 ὸ
741 3123 981 3182 ἀθάνατος
1007 3124 1175 3193 νόμοις
1200 3122 1503 3178 ὑποκεῖσθαι
1531 3123 1763 3177 θανάτου.
1780 3141 1797 3172 ι

1985 667 2411 723 ctNativitatem
2458 665 2665 719 honore
2711 665 2873 728 allici,
2916 675 2970 719 et
3019 667 3376 733 virginitatem
3419 682 3556 736 prr-

1985 756 2110 811 ferri
2157 756 2457 825 oportebat.
2494 772 2514 804 »
2546 752 2715 807 Simili
2763 768 2982 823 prorsus
3027 754 3187 808 modo
3236 753 3557 810 Athanasius

1987 845 2233 898 edisserit
2260 844 2313 897 in
2339 857 2402 897 ea
2439 842 2683 896 oratione
2726 855 2847 909 qua:
2886 841 3140 896 adversus
3184 840 3411 897 Arianos
3455 853 3557 908 est,

1988 933 2057 988 de
2083 934 2285 1002 Spiritu
2309 941 2516 987 sancto.
2555 950 2573 982 ι
2612 931 2725 995 llle,
2758 931 2947 1000 inquit,
2979 932 3071 1000 qui
3097 948 3306 986 sursum
3334 933 3385 985 in
3412 934 3563 987 ωηο

1990 1037 2056 1078 ex
2079 1022 2238 1077 Patre
2282 1023 2493 1090 genitus
2534 1029 2650 1074 erat
2688 1020 3044 1085 ineliabiliter,
3096 1021 3561 1089 inexplicabiliter,

1993 1113 2412 1176 immutabiliter,
2443 1120 2642 1165 aeterne
2676 1128 2688 1162 :
2722 1112 2834 1179 ipse
2864 1112 2918 1165 in
2942 1120 3041 1165 teri
3056 1108 3100 1166 is
3129 1110 3381 1167 deorsum
3413 1130 3565 1182 geni-

1993 1212 2079 1258 tus
2118 1211 2200 1257 est
2243 1202 2295 1254 in
2328 1210 2571 1269 tempore
2598 1214 2664 1254 ex
2695 1199 2910 1267 Virgine
2937 1200 3122 1253 Maria.
3164 1220 3182 1253 ι
3219 1200 3443 1257 Basilius
3471 1219 3567 1273 pa.

1995 1295 2125 1349 riter
2153 1301 2346 1347 octavo
2375 1292 2493 1345 libri
2516 1292 2585 1353 ad
2604 1292 3031 1362 Amphilochium
3059 1294 3235 1363 capite
3256 1295 3333 1349 sic
3350 1296 3529 1350 scribit
3554 1315 3567 1348 :

2004 1411 2022 1445 ι
2056 1393 2240 1463 Neque
2267 1393 2410 1447 enim
2439 1393 2633 1447 cmlum
2673 1407 2736 1446 ac
2770 1401 2933 1459 terra,
2977 1393 3343 1463 immensaque
3380 1397 3572 1461 maria,

1997 1500 2096 1539 nec
2127 1484 2438 1546 animantia,
2486 1483 2570 1537 vel
2606 1484 2657 1537 in
2700 1483 2870 1552 aquis,
2902 1484 2986 1538 vel
3016 1485 3069 1539 in
3109 1487 3264 1540 terris
3302 1489 3573 1556 degentia,

1999 1591 2100 1631 nec
2138 1576 2355 1646 planun,
2384 1590 2485 1629 nec
2511 1586 2677 1639 astra,
2709 1590 2808 1629 nec
2837 1590 2950 1639 aer,
2982 1591 3082 1630 nec
3116 1576 3283 1642 horto,
3315 1593 3414 1631 nec
3440 1582 3574 1631 mul-

2003 1666 2167 1736 tiplex
2197 1665 2431 1719 universi
2472 1673 2694 1719 ornatus
2729 1665 3101 1720 excellentiam
3145 1670 3398 1736 potentia:
3438 1669 3578 1723 illius

2004 1758 2157 1813 nobis
2202 1756 2431 1828 perinde
2474 1757 2877 1820 commendant,
2922 1766 3083 1826 atque
3130 1760 3270 1827 quod
3316 1759 3455 1814 Deus
3495 1761 3577 1814 in-

2007 1847 2504 1919 comprehensibilis
2535 1847 2612 1902 sic
2640 1862 2736 1917 per
2774 1863 2988 1902 carnem
3017 1848 3352 1904 conflictatus
3378 1861 3494 1918 est,
3524 1862 3580 1907 ut

1935 1935 1977 1993 Β
2007 1939 2123 2008 ipsa
2147 1938 2394 1993 divinitas
2422 1939 2553 1992 nihil
2583 1948 2887 2008 pateretur,
2931 1956 3038 2009 quo
3077 1941 3232 1995 nobis
3270 1959 3365 1996 sua
3408 1953 3584 1999 morte

2006 2030 2292 2098 largiretur
2320 2030 2796 2084 immortalitatem.
2836 2049 2854 2082 ι
2888 2031 3117 2085 Sanctus
3146 2033 3306 2087 etiam
3333 2034 3584 2102 Augusti-

2008 2135 2109 2173 nus
2137 2119 2399 2172 Afrirana:
2429 2117 2702 2187 cujusdam
2731 2118 2963 2173 civitatis
2997 2122 3303 2190 episc0pns,
3337 2123 3389 2176 in
3418 2140 3586 2193 expo-

2009 2207 2204 2262 sitione
2232 2206 2472 2277 Symboli
2498 2206 2714 2261 disserit
2741 2206 2794 2260 in
2823 2207 2965 2261 hunc
3002 2209 3217 2262 modum
3246 2227 3258 2262 :
3309 2230 3327 2261 ‹
3358 2209 3586 2267 Protulit

2010 2297 2105 2350 tibi
2128 2295 2515 2369 [Grcaproler
2542 2304 2596 2351 et
2623 2304 2677 2350 tu
2683 2316 2699 2368 J
2724 2294 2977 2351 llabacuc
2998 2299 3259 2368 propheta
3286 2299 3352 2354 de
3375 2301 3587 2356 Christo

2013 2389 2418 2443 testimonium:
2454 2386 2697 2454 Domine,
2740 2389 3004 2459 inquiens,
3053 2391 3224 2444 audivi
3274 2393 3589 2448 auditionem

2015 2487 2235 2542 tuam,et
2258 2479 2420 2541 timui,
2436 2479 2668 2533 intellexi
2692 2497 2849 2547 opera
2863 2491 2967 2547 tua,
2986 2479 3146 2549 Deus,
3161 2493 3208 2536 et
3222 2486 3422 2552 expavi.
3440 2486 3590 2552 Qum-

2015 2587 2137 2625 nam
2177 2587 2339 2640 opera
2372 2572 2465 2626 Dei
2507 2573 2594 2626 hic
2624 2573 2916 2628 admiratus
2945 2577 3193 2643 expavit?
3229 2577 3364 2631 Num
3408 2582 3591 2634 mundi

2015 2661 2382 2715 creationem?
2412 2661 2780 2731 Nequaquam.
2812 2662 2919 2717 Cur
2946 2674 3125 2719 autem
3158 2670 3451 2736 expaverit.
3497 2685 3591 2725 ac-

2016 2752 2152 2822 cipe.
2177 2752 2234 2807 ln
2258 2753 2649 2823 medio,inquit,
2675 2754 2901 2809 duorum
2931 2757 3239 2811 animalium
3262 2775 3592 2827 cognoscen-

2018 2852 2105 2897 tur
2137 2858 2301 2913 opera
2339 2852 2450 2911 tua,
2474 2843 2631 2908 Deus,
2664 2845 2919 2912 quoniam
2957 2854 3010 2899 tu
3040 2846 3177 2901 Deus
3208 2847 3437 2902 Verbum
3466 2866 3595 2906 caro

2020 2934 2217 2991 factum
2240 2936 2292 2990 in
2316 2934 2493 2989 medio
2525 2936 2750 2991 duorum
2782 2937 3087 2991 animalium
3118 2939 3434 2993 innotesces.
3461 2940 3593 3006 Qua-

2019 3028 2083 3082 lis
2113 3044 2234 3081 cum
2273 3042 2439 3089 esses,
2466 3042 2635 3095 usque
2657 3042 2763 3095 quo
2793 3028 3146 3082 descendisti!
3204 3033 3593 3099 ()bstupescera

2019 3134 2107 3173 me
2138 3118 2325 3182 fecisti,
2359 3118 2611 3186 quoniam
2659 3118 2916 3185 Verbum,
2948 3134 3045 3189 per
3088 3136 3246 3195 quem
3290 3119 3426 3175 facta
3469 3132 3594 3177 sunt

2029 3212 2228 3277 omnia,
2254 3212 2305 3265 in
2332 3226 2570 3280 prxsepe
2600 3219 2755 3265 natus
2783 3227 2891 3265 es.»
2927 3211 3126 3266 llorum
3154 3212 3341 3267 similia
3381 3223 3596 3269 sanctus

340 3301 447 3358 Leo
476 3302 748 3359 Romanus
768 3302 1009 3374 pontifex
1037 3303 1198 3358 habet
1218 3304 1273 3359 in
1301 3305 1527 3373 epistola
1557 3304 1624 3359 ad
1654 3304 1964 3359 Flavianum
1990 3302 2457 3372 archiepiscopum
2494 3301 3161 3370 ConstantinOpolitanum.
3193 3323 3210 3355 ι
3234 3302 3597 3373 liiipassibilis,

341 3396 535 3465 inquit,
562 3394 701 3451 Deus
740 3412 849 3451 non
890 3396 1202 3464 dedignatus
1229 3403 1311 3450 est
1337 3409 1457 3451 esse
1498 3396 1662 3450 homo
1692 3395 1977 3466 passibilis,
2006 3403 2061 3450 et
2087 3393 2402 3447 immortalis
2430 3390 2615 3446 mortis
2641 3390 2844 3459 legibus
2874 3391 3170 3460 subjacere.
3202 3412 3219 3444 ι

412 3492 690 3543 καὶταῦτα
715 3491 805 3559 μέν
843 3490 892 3542 αἶ
925 3508 979 3543 τε
1018 3492 1144 3543 θεῖαι
1174 3490 1398 3563 γραφαί,
1438 3490 1523 3542 καί
1558 3489 1602 3542 οἰ
1643 3486 1773 3560 ἅγιοι
1816 3509 1917 3542 πα·
1945 3490 1990 3551 C

345 3581 479 3654 τέρες
514 3582 786 3654 εἰρήκασιν
834 3580 955 3635 ὅσον
996 3579 1049 3635 δέ
1094 3582 1225 3656 πρὸς
1267 3583 1386 3642 τούς
1425 3581 1702 3655 ὑμετέρους
1742 3580 1920 3653 λόγους

344 3677 645 3747 κατηγορίας
679 3676 804 3728 ε.⁷σίν
845 3670 1003 3738 ἄξιοι,
1047 3674 1115 3732 ὡς
1160 3674 1426 3744 σύγχυσιν
1467 3679 1557 3731 τῆς
1595 3674 1813 3744 σαρκός,
1839 3674 1922 3725 καί

346 3773 433 3826 τῆς
478 3764 708 3825 θεότητος
753 3766 1066 3837 εἰσάγοντες,
1105 3763 1277 3822 έπειδη
1316 3764 1470 3817 αὐτὸν
1509 3763 1595 3817 τὸν
1622 3763 1742 3816 Θεὸν
1778 3762 1923 3833 λόγον

344 3853 606 3932 ἄνθρωπον
631 3856 925 3930 γεγενῆσθαι
950 3859 1205 3929 εἰρήκασιν
1223 3875 1255 3919 ,·
1286 3854 1435 3909 ὁπότε
1470 3857 1556 3908 καί
1580 3857 1665 3908 τὶν
1693 3853 1740 3906 ἓν
1764 3852 1923 3925 ἁγίοις

347 3946 571 4024 κύριλλον
596 3945 800 4017 λέγοντα
824 3946 976 4001 αὑτὸν
996 3946 1082 4000 τὸν
1102 3946 1221 4000 Θεὸν
1241 3943 1382 4017 λόγον
1405 3941 1666 4021 ἄνθρωπον
1691 3945 1925 4017 γενέσθαι

347 4040 612 4111 σύγχυσιν
641 4040 857 4112 εἰσάγειν
900 4037 983 4094 διά
1021 4042 1215 4094 τούτων
1250 4047 1349 4093 τῶν
1384 4039 1628 4112 ῥημάτμν
1670 4043 1922 4116 εἰρήκατε.

344 4117 457 4184 Ὀτι
481 4127 532 4184 δέ
555 4129 579 4183 ὸ
599 4134 688 4188 τὴν
707 4130 970 4189 ἰπιστολην
989 4129 1193 4208 γράψας
1214 4138 1275 4205 τῇ
1300 4128 1562 4204 Θεοδώρου
1586 4130 1927 4201 κατεχόμενος

350 4225 500 4295 μανίᾳ
525 4225 775 4297 ἠρνήσατο
802 4223 889 4275 τὸν
924 4223 1041 4276 Θεὸν
1081 4221 1222 4294 λόγον
1266 4218 1526 4295 ἄνθρωπον
1554 4223 1828 4294 γεγονέναι,
1876 4222 1927 4286 ἐξ

350 4316 515 4369 αὐτῶν
546 4311 783 4383 δείξωμεν
818 4320 917 4367 τῶν
948 4314 1079 4369 κατά
1108 4312 1455 4390 ’Δπολιναρίου
1492 4319 1584 4367 τοῦ
1611 4315 1835 4375 ἀσεϐοῦς
1854 4320 1928 4384 τῷ

352 4404 488 4475 εὖτῷ
516 4403 753 4476 α’ρετικῷ
784 4401 1027 4477 Θεοδώρῳ
1048 4405 1356 4479 γραφέντων.
1384 4402 1460 4457 Ἐν
1480 4406 1582 4476 γάρ
1602 4412 1671 4475 τῷ
1699 4412 1928 4477 τετάρτῳ

353 4490 474 4566 λόγῳ
494 4494 672 4567 γράφει
692 4493 872 4552 οὕτως*
904 4510 922 4543 ε
954 4493 1224 4549 Δεδωκὲναι
1252 4497 1336 4548 σοί
1368 4514 1509 4554 τινας
1543 4502 1644 4549 τῶν
1678 4496 1931 4570 ἡμετέρων

352 4575 499 4639 εἶπας
525 4584 590 4635 τά
620 4587 704 4634 οὐκ
731 4579 789 4636 ἄν
814 4602 935 4636 ποτε
963 4581 1170 4637 δοθέντα
1198 4586 1337 4658 παρά
1363 4605 1496 4643 τινος
1519 4592 1617 4639 τῶν
1638 4593 1727 4645 τῆς
1758 4586 1929 4645 ἰκκλη-

355 4679 626 4731 σιαστικῆς
657 4674 964 4743 ἀντέχεσθαι
1001 4672 1148 4738 δόξης
1184 4673 1590 4730 ἐσπουδακότων.
1630 4675 1933 4733 Ἐπυνθανό-

354 4762 479 4830 μεθα
511 4763 610 4836 γάρ
648 4764 689 4815 εἰ
717 4768 802 4817 τιν
836 4764 955 4817 Θεὸν
985 4763 1123 4834 λόγον
1153 4764 1475 4837 ὁμολογοῦσιν
1504 4764 1763 4837 ἄνθρωπον
1786 4789 1931 4840 γεγε-

2089 3483 2148 3537 In
2178 3483 2319 3537 hanc
2349 3483 2509 3551 igitur
2539 3485 2859 3536 sententiam
2881 3483 3072 3536 divina:
3090 3483 3304 3538 Littera:
3321 3487 3601 3556 sanctique

2022 3572 2210 3628 Patres
2232 3573 2541 3642 loquuntur,
2562 3581 2737 3626 vestra
2759 3572 2963 3627 scilicet
2993 3574 3255 3627 sententia
3283 3576 3600 3643 castigandi.

1968 3736 1973 3743 .
2025 3675 2283 3736 tanquam
2335 3667 2512 3721 carnis
2566 3665 2967 3734 divinitatisque
3022 3666 3392 3723 confusionem
3444 3671 3599 3725 indu-

2022 3766 2237 3823 centes,
2294 3773 2416 3812 cum
2470 3756 2569 3826 ipsi
2632 3772 2848 3826 quoque
2896 3756 2986 3811 Dei
3040 3758 3275 3813 Verbum
3327 3761 3600 3817 hominem

2024 3847 2222 3904 factum
2251 3864 2370 3905 esse
2407 3849 2603 3903 diserte
2630 3850 3011 3918 pronuntient,
3042 3850 3228 3905 eadem
3259 3868 3475 3921 prorsus
3515 3871 3604 3908 ra-

2026 3940 2175 3994 tione
2223 3954 2329 4008 qua
2377 3938 2634 4010 Cyrillum
2683 3938 2934 4003 aientem,
2988 3940 3162 4009 ipsum
3215 3940 3311 3997 Dei
3364 3942 3614 3998 Verbum

2026 4028 2298 4083 hominem
2328 4028 2525 4083 factum
2564 4043 2705 4094 esse,
2733 4030 2884 4097 quasi
2923 4029 3251 4085 confusionis
3282 4031 3387 4086 hoc
3428 4033 3617 4089 aiendi

2026 4120 2188 4176 modo
2210 4121 2562 4187 invectorem,
2582 4121 2911 4176 traduxistis.
2928 4122 3189 4177 Caeterum
3206 4125 3444 4194 epistola:
3466 4126 3620 4182 illius

2028 4221 2307 4268 auctorem
2361 4212 2631 4268 Theodori
2690 4213 3055 4269 deliramentis
3110 4226 3327 4287 captum
3382 4233 3620 4286 negasse

2029 4302 2197 4359 Deum
2225 4303 2459 4359 Verbum
2502 4302 2775 4358 hominem
2813 4303 3008 4359 factum
3040 4320 3161 4360 esse
3200 4304 3375 4373 lateri,
3419 4324 3487 4363 ex
3527 4310 3623 4365 his

2028 4394 2311 4451 manifeste
2356 4396 2735 4459 conclusimus,
2782 4411 2900 4466 quae
2943 4397 3009 4451 ab
3041 4399 3156 4468 ipso
3185 4400 3253 4454 ad
3297 4402 3619 4457 hazreticuin.

2030 4485 2372 4542 Theodorum
2429 4495 2613 4542 contra
2676 4487 2897 4556 impium
2959 4486 3344 4558 Apollinarium
3409 4494 3619 4562 scripta

2031 4592 2173 4639 sunt.
2204 4581 2330 4638 Haec
2359 4583 2555 4654 quippe
2578 4584 2631 4638 in
2660 4594 2852 4653 Quarto
2879 4599 3126 4640 sermone
3147 4588 3327 4641 scribit
3359 4606 3373 4642 :
3409 4608 3426 4641 ι
3463 4588 3610 4645 Dixi-

2031 4674 2099 4729 sti
2129 4674 2388 4743 quosdam
2417 4690 2485 4730 ex
2529 4674 2725 4728 nostris
2763 4675 3017 4729 nonnulla
3061 4677 3261 4732 sentire
3300 4693 3420 4747 qua:
3467 4696 3613 4734 nuu—

2033 4778 2194 4833 quam
2224 4764 2287 4818 iis
2319 4764 2543 4836 probata
2582 4774 2704 4819 sunt
2738 4764 2827 4834 qui
2862 4766 3236 4823 ecclesiasticis
3271 4769 3615 4837 dogmatibus

355 4856 526 4910 πῆσθαι
564 4855 715 4907 εἰπὼν
755 4852 1288 4927 ἐπηγαγες⁶έδίδοσαν’
1328 4857 1415 4909 Καὶ
1449 4857 1525 4916 τίς
1561 4851 1618 4908 άν
1646 4854 1786 4926 ἔχων
1818 4863 1913 4910 νοῦ·

2037 4853 2308 4907 adhaerere
2334 4853 2568 4907 student.
2610 4852 2741 4908 Cum
2772 4856 2915 4908 enim
2953 4856 3021 4910 ab
3066 4855 3130 4911 iis
3167 4859 3419 4913 sciscitati
3459 4876 3607 4915 essc-

354 4938 615 5018 όίνθρωπον
660 4944 793 4998 ε”ποι
835 4947 919 4999 τὸν
957 4946 1077 4999 Θεὸν
1113 4947 1409 5018 γεγενῆσθαι
1450 4946 1620 5015 λόγον,
1668 4950 1736 5007 ὡς
1778 4949 1929 5016 ὑμεῖς

353 5051 505 5107 pars;
562 5037 606 5089 εἰ
647 5041 714 5106 μή
754 5036 855 5112 ἄρα
883 5042 973 5095 τὴν
1019 5038 1171 5096 αὐτὴν
1216 5038 1340 5106 ὑμῖν
1388 5038 1628 5114 πρότερον
1673 5044 1930 5099 νοσήσειεν

355 5120 545 5179 ἄνοιαν.
575 5133 738 5195 Ἡμεῖς
772 5129 869 5201 γάρ
915 5128 1157 5199 εἰληφέναι
1193 5125 1450 5203 ἄνθρωπον
1496 5131 1582 5185 τὸν
1630 5131 1752 5185 Θεὸν
1789 5131 1929 5203 λόγον

355 5218 436 5269 καί
456 5214 650 5290 σφόδρα
668 5222 850 5289 φαμὲν,
868 5221 1165 5290 γεγενῆσθαι
1185 5217 1237 5274 δὲ
1255 5218 1507 5295 ἄνθρωπον
1532 5223 1638 5277 καθ’
1658 5223 1816 5292 ὑμᾶς,
1841 5224 1932 5277 οὐκ

355 5301 418 5361 ὗ)
442 5327 565 5362 ποτε
594 5312 748 5363 εἰπεῖν
774 5310 1144 5380 ἀνασχοίμεθα.
1187 5328 1205 5360 ι

2040 4960 2177 5008 mus,
2196 4960 2323 4997 num
2347 4944 2439 4998 Dei
2470 4944 2706 4998 Verbum
2728 4946 3001 5001 hominem
3025 4947 3222 5003 factum
3241 4966 3357 5005 esse
3379 4950 3609 5006 fateren-

2042 5040 2148 5097 tur,
2163 5032 2433 5093 aflirmans
2448 5033 2721 5100 protulere
2735 5049 3069 5104 responsum.
3087 5037 3215 5103 Quis
3231 5048 3406 5093 autem
3429 5041 3613 5096 meriti

2041 5126 2135 5201 [F.
2169 5124 2390 5198 mentis]
2420 5140 2642 5194 compos
2671 5122 2840 5178 Demn
2876 5124 3105 5178 Verbum
3132 5123 3329 5177 factum
3356 5139 3477 5178 esse
3508 5126 3613 5177 ho-

2042 5220 2239 5271 minem
2272 5216 2492 5280 dixerit,
2543 5224 2600 5270 ut
2635 5231 2663 5269 a
2698 5215 2853 5269 vobis
2901 5216 3125 5286 proponi
3159 5216 3325 5281 solet,
3362 5216 3464 5269 nisi
3499 5216 3615 5284 pri-

2043 5322 2188 5362 mum
2241 5305 2531 5361 dementia:
2581 5315 2776 5360 vestrae.
2828 5305 3014 5359 morbo
3065 5304 3136 5359 sit
3186 5303 3451 5357 affectus?
3500 5302 3617 5355 Nos

356 5422 519 5476 porro
556 5407 724 5463 Deum
757 5411 1032 5469 hominem
1079 5419 1452 5489 assumpsisse
1480 5416 1802 5478 constanter
1847 5422 2105 5488 fatemur,
2138 5433 2395 5479 caeterum
2431 5422 2704 5478 hominem
2737 5422 2937 5478 factum
2970 5438 3113 5488 esse,
3140 5420 3598 5492 quemadmodum

353 5501 659 5565 exprimere
687 5504 841 5559 vobis
870 5516 1194 5564 consuetum
1224 5520 1328 5578 est,
1365 5512 1513 5568 nulla
1543 5513 1755 5571 ratione
1779 5514 1888 5571 dici
1924 5517 2243 5573 toleramus.
2282 5536 2303 5568 ε

415 5598 832 5669 ’Δποδειχθέντος
878 5610 1040 5659 τοίνυν
1082 5605 1163 5661 διά
1213 5617 1312 5664 τῶν
1361 5614 1630 5686 εἰρημένων
1680 5612 1922 5687 Θεοδώρῳ

352 5688 615 5760 σύμφωνον
643 5687 769 5746 εἶναι
793 5700 885 5752 τήν
916 5696 1147 5751 ἀσέϐειαν
1182 5706 1274 5758 τῆς
1312 5702 1579 5763 ἐπιστολῆς
1606 5711 1668 5776 τῇ
1698 5705 1923 5778 α’ρετικῇ

350 5776 533 5831 ἐκείνου
555 5783 733 5854 μανίᾳ,
764 5788 875 5844 πῶς
916 5786 975 5839 οὐ
998 5783 1203 5848 δικαίως
1228 5794 1333 5849 πᾶς
1359 5796 1449 5849 τήν
1476 5790 1655 5846 έλπίδα
1682 5776 1826 5863 ἔχων
1854 5776 1925 5852 εἰς

340 5866 435 5937 ,ιόδ
456 5872 786 5940 σαρκωθέντα
808 5876 887 5927 καὶ
914 5874 1361 5951 ένανθρωπήσαντα
1387 5882 1513 5936 Θεὸν
1548 5882 1709 5953 λόγον,
1740 5882 1925 5953 ὁμοίως

424 5970 443 5989 ⁹
474 5966 636 6026 Forte
669 5973 955 6045 legendum
982 5980 1265 6045 ἀπάντησιν
1284 6000 1385 6056 pro
1417 5991 1569 6046 εἰπών
1600 5991 1746 6061 ἐπήν.
1776 5993 1924 6051 Eon.

2096 5611 2229 5667 Cum
2260 5613 2441 5682 itaque
2478 5624 2558 5669 ‘ex
2605 5614 2669 5671 iis
2716 5632 2835 5687 qua:
2884 5618 2951 5673 ad
3004 5620 3345 5678 Theodorum
3392 5626 3603 5694 scribit,

2025 5700 2274 5757 ostendat
2302 5717 2423 5757 cum
2451 5704 2674 5773 hujusce
2699 5707 3065 5766 deliramentis
3093 5713 3331 5782 epistola:
3351 5715 3602 5785 impieta-

2028 5799 2134 5846 tem
2161 5792 2374 5861 egregie
2401 5797 2712 5865 convenire,
2733 5801 3003 5869 quomodo
3026 5819 3131 5859 non
3151 5803 3380 5874 quisque
3400 5804 3599 5876 justus.

2028 5880 2181 5951 cujus
2228 5881 2298 5938 sit
2342 5881 2395 5938 in
2446 5883 2540 5941 Dei
2578 5885 2758 5945 Verbo
2804 5890 3082 5950 ineamato
3107 5894 3434 5967 homineque
3457 5893 3603 5952 facto
