4088 6538
528 419 659 485 1οΊ

1833 426 2270 487 JUSTINIANI
2318 427 2473 485 1MP.

3645 428 3786 492 1052

536 531 618 582 καί
645 525 919 601 Θεόδωρον,
950 530 1035 579 καί
1059 531 1147 584 τήν
1173 527 1431 599 εἰρημένην
1460 525 1621 581 ἀσεϐῆ
1651 527 1913 584 ἐπιστολήν
1943 549 2097 580 κατα-

2207 537 2373 580 Iocata
2402 543 2542 596 spes,
2575 527 2934 595 Theodorum,
2966 546 3176 600 unaque
3207 531 3420 602 impiam
3466 534 3621 588 snnul
3651 538 3762 606 epi-

538 619 762 682 δι›.ασει;
784 616 979 675 Ἐπειδὴ
997 616 1048 670 δὲ
1073 619 1314 671 ἐπαινεῖτε
1337 621 1426 674 τήν
1453 618 1612 674 ἀσεϐῆ
1634 618 1904 674 ἐπιστολὴν
1933 621 2097 690 περιέ·

539 731 578 778 χ
611 730 768 769 υσαν,
800 706 874 763 ὅτι
901 707 926 762 6
951 709 1105 780 λέγων
1131 711 1279 762 αὐτὸν
1311 709 1398 762 τὸν
1443 710 1560 762 Θεὸν
1597 708 1738 780 λόγον
1784 710 2099 782 σαρκωθῆναι

537 801 620 850 καί
648 798 1005 870 ἕνα-ν’ρωπίσαι
1032 809 1120 854 την
1147 796 1382 871 διαφορὰν
1403 799 1600 870 ἀναιρεῖ
1625 803 1713 849 τοῦ
1741 804 1858 849 ναοῦ
1899 798 1980 850 καί
2011 804 2097 850 τοῦ

537 888 839 946 ἐνόικοῦντος
863 889 910 940 ἰν
939 895 1008 956 τῷ
1035 895 1164 956 ναῷ,
1195 890 1457 959 γινώσκετε
1495 884 1569 940 ὅτι
1603 885 1838 959 διαφορὰν
1865 891 1956 957 μὲν
2000 895 2098 941 τῶν

537 980 762 1050 ῖῦσεων,
809 979 859 1040 ἐξ
894 974 1010 1030 ὦνὸ
1057 975 1126 1037 εἷς
1154 976 1422 1050 Χριστὸςὸ
1463 978 1631 1048 κύριος
1679 979 1764 1029 καί
1801 978 1920 1038 Θεὸς
1963 980 2099 1039 ἡμῶν

538 1068 802 1127 συνετέθη,
847 1070 1005 1141 ὀρθῶς
1043 1069 1072 1124 ἡ
1101 1067 1220 1136 ἁγία
1259 1073 1350 1120 τοῦ
1387 1072 1514 1121 Θεοῦ
1551 1067 1791 1123 ἐκκλησία
1835 1070 2100 1144 κηρύττει*

536 1161 766 1238 διαφορὰν
794 1159 846 1214 δέ
875 1167 961 1216 τοῦ
990 1167 1111 1214 ναοῦ
1138 1163 1222 1212 καί
1247 1168 1333 1214 τοῦ
1355 1161 1656 1218 ἐνοικοῦντος
1681 1160 1729 1210 ἐν
1754 1161 1908 1228 αὐτῷ.
1941 1157 2100 1218 οὐδεὶς

535 1263 633 1308 τῶν
658 1253 809 1324 ἁγίων
837 1255 1069 1326 πατέρων
1103 1251 1319 1314 ἐδίδαξεν
1336 1290 1350 1312 ,
1381 1251 1501 1304 ἀλλὰ
1539 1253 1681 1322 μόνοι
1704 1254 1748 1305 οἱ
1788 1252 1986 1310 ἀσεϐεῖς
2009 1263 2100 1306 Νε-

537 1344 740 1418 στὸριος
780 1348 864 1396 καί
898 1341 1153 1417 Οεὸδωρος
1181 1346 1440 1415 εἰρήκασι,
1479 1339 1569 1395 δύο
1605 1343 1822 1394 ἐντεῦθεν
1842 1343 2100 1414 πρόσωπα

539 1435 749 1505 εἰσάγειν
775 1433 1082 1503 βουλόμενοι.
1115 1427 1206 1485 κᾶν
1224 1433 1322 1508 γὰρ
1345 1433 1396 1484 αί
1416 1433 1541 1484 θεῖαι
1563 1435 1768 1504 γραφαί,
1797 1437 1880 1485 καί
1903 1433 1945 1485 oi
1969 1431 2102 1503 ἅγιοι

539 1525 753 1597 πατέρες
778 1532 839 1597 τῇ
865 1529 952 1577 τοῦ
977 1529 1096 1576 ναοῦ
1125 1524 1368 1595 ὀνομασία
1395 1523 1691 1596 κέχρηνται,
1722 1523 1845 1575 ἀ).λά
1870 1523 1926 1576 τὸ
1951 1530 2103 1592 σῶμα

545 1620 625 1668 τοῦ
648 1620 944 1685 μονογενοῦς
969 1614 1080 1666 υίοῦ
1099 1619 1188 1666 τοῦ
1205 1619 1331 1666 Θεοῦ
1350 1615 1678 1682 σημαίνοντες
1701 1619 1854 1666 τοῦτο
1879 1613 2101 1682 λέγουσι,

538 1707 697 1765 καθὼς
727 1701 862 1760 εἶπεν
899 1704 924 1758 6
964 1705 1344 1777 εὐαγγελιστής⁶
1378 1721 1394 1752 ι
1419 1705 1570 1762 Αὐτὸς
1601 1702 1653 1758 δέ
1691 1702 1831 1774 ἔλεγε
1869 1707 1986 1777 περὶ
2012 1711 2101 1756 τοῦ

537 1801 650 1848 ναοῦ
675 1801 762 1848 τοῦ
793 1798 1031 1863 σώματος
1067 1796 1240 1846 αὑτοῦ.
1272 1810 1290 1844 ε
1320 1791 1495 1852 Οὐδεὶς
1521 1794 1621 1866 γὰρ
1645 1799 1735 1845 τοῦ
1770 1793 1876 1852 ἐνὸς
1898 1797 2103 1866 προσώ-

2201 618 2392 670 stolam
2449 621 2859 675 condemnabit?
2909 621 3041 674 Cum
3097 631 3274 676 autem
3324 623 3374 676 id
3421 624 3764 679 vehementer

2201 707 2458 775 probetis,
2509 707 2650 775 quod
2698 710 2752 763 in
2800 711 3116 764 exsecrabili
3156 727 3219 765 ca
3255 711 3477 780 epistola
3519 712 3760 779 traditur,

2202 794 2502 848 doctrinam
2550 797 2796 850 nimirum
2843 815 2946 868 qua
3000 799 3227 852 Verbum
3274 800 3412 854 Deus
3462 801 3766 857 incarnatus

2201 884 2470 952 homoque
2517 888 2686 941 factus
2732 889 2946 956 dicitur,
2998 890 3280 944 discrimen
3328 891 3468 944 inter
3507 893 3765 960 templum

2202 983 2362 1043 atque
2385 976 2443 1029 in
2474 977 2672 1045 templo
2703 978 3082 1035 inhabitantem
3114 981 3411 1045 sustollere,
3439 984 3766 1049 cognoscite,

2203 1076 2510 1120 naturarum
2541 1069 2922 1136 diversitatem,
2965 1086 3030 1125 ex
3071 1072 3262 1139 quibus
3300 1073 3483 1126 unicus
3529 1072 3767 1128 Christus

2204 1158 2344 1212 Deus
2389 1167 2549 1226 atque
2591 1159 2840 1215 Salvator
2888 1172 3071 1216 noster
3100 1164 3462 1228 constituitur,
3507 1172 3654 1218 recte
3699 1165 3768 1218 ab

2203 1257 2387 1302 sancta
2419 1248 2510 1301 Dei
2542 1246 2774 1302 Ecclesia
2804 1251 3098 1318 praadicari;
3129 1260 3380 1306 cmterum
3426 1253 3608 1321 templi
3640 1253 3766 1321 hoc,

2203 1346 2362 1406 atque
2409 1339 2463 1392 in
2511 1339 2628 1407 ipso
2676 1341 3018 1396 inhabilantis
3054 1344 3339 1398 discrimen
3369 1360 3397 1397 a
3429 1346 3642 1399 nemine
3671 1363 3768 1399 un-

2204 1442 2362 1496 quam
2390 1438 2694 1482 sanctorum
2731 1431 2942 1483 Patrum
2985 1430 3147 1486 fuisse
3176 1434 3524 1501 propositum,
3570 1435 3662 1488 sed
3700 1437 3769 1490 ab

2205 1516 2381 1584 impiis
2403 1518 2573 1572 solum
2604 1518 2886 1574 Theodoro
2933 1530 3091 1590 atque
3116 1522 3364 1578 Nestorio
3388 1525 3768 1591 excogitatum,

2205 1605 2346 1672 quod
2375 1606 2507 1660 duas
2544 1609 2738 1662 exinde
2783 1625 3039 1678 personas
3085 1611 3338 1666 inducere
3387 1615 3768 1668 decrevissent.

2207 1699 2359 1764 Quod
2384 1700 2428 1752 si
2467 1701 2784 1769 quandoque
2810 1704 2998 1757 divina:
3052 1703 3264 1758 Littera:
3291 1707 3565 1775 sanctique
3589 1707 3769 1761 Eccle~

2205 1789 2297 1842 sia:
2327 1787 2512 1844 Patres
2555 1791 2655 1844 hac
2699 1807 2912 1860 quoque
2951 1794 3132 1862 templi
3167 1795 3482 1848 translatitia
3525 1796 3605 1849 usi
3647 1806 3769 1849 sunt

537 1904 635 1936 που
674 1890 762 1938 τοῦ
793 1890 1014 1958 Χριστοῦ
1052 1881 1283 1956 διαφορὰν
1323 1883 1450 1952 πρὸς
1481 1884 1630 1936 ἑαυτὸ
1673 1879 1798 1936 εἶναί
1825 1905 1998 1955 φησιν,
2036 1887 2103 1945 ὡς

2207 1882 2583 1950 appellatione,
2617 1883 2667 1935 id
2698 1892 2873 1936 tamen
2893 1925 2907 1948 ,
2936 1892 2994 1938 ut
3021 1885 3382 1953 significarent
3409 1895 3614 1939 tantum
3647 1884 3766 1939 Uni-

537 1967 678 2024 ἄλλον
707 1972 754 2023 ἐν
784 1967 913 2041 ἄλλῳ
935 1966 1080 2035 εἶναι,
1114 1970 1235 2023 ἀλλά
1260 1977 1358 2024 τῶν
1383 1972 1579 2042 φύσεων
1605 1971 1751 2041 μόνον
1773 2010 1788 2035 ,
1811 1974 1862 2035 ἐξ
1891 1969 1956 2026 ὦν
1985 1973 2010 2028 6
2037 1971 2106 2034 εἷς

537 2060 748 2133 Χριστὸς
775 2061 1093 2132 ἀσυγχύτως
1119 2063 1203 2113 καί
1229 2057 1521 2133 ἀδιαιρέτως
1552 2061 1877 2120 ἀπετελέσθη.

2206 1973 2368 2041 geniti
2399 1972 2516 2026 Filii
2548 1972 2642 2026 Dei
2687 1989 2880 2042 corpus
2910 1975 3221 2037 adhibuere,
3251 1990 3316 2029 eo
3344 1984 3565 2044 prorsus
3617 1976 3772 2029 modo

2211 2079 2317 2132 quo
2346 2063 2410 2116 de
2439 2063 2554 2130 ipso
2580 2063 2750 2132 inquit
2781 2063 3115 2132 Evangelista
3143 2082 3156 2116 :
3187 2063 3307 2134 Ipse
3349 2076 3516 2118 autem
3537 2063 3772 2136 loqueba-

2211 2161 2294 2204 tur
2338 2151 2400 2204 de
2451 2152 2634 2212 templo
2684 2154 2912 2222 corporis
2955 2157 3058 2206 suis
3107 2152 3285 2224 (Joan.
3338 2169 3394 2218 ιι,
3444 2154 3558 2225 21).
3609 2154 3770 2209 Nemo

539 2253 700 2306 porro
731 2237 842 2291 hzec
880 2236 934 2290 in
967 2237 1122 2290 unica
1151 2235 1348 2292 Christi
1381 2253 1609 2308 persona
1634 2241 1837 2295 invexit
1864 2240 2168 2296 discrimina
2194 2283 2209 2308 ,
2251 2242 2400 2312 quasi
2429 2242 2531 2296 alia
2562 2247 2616 2296 in
2641 2243 2742 2296 alia
2771 2243 2878 2310 sit,
2917 2258 3101 2297 verum
3127 2243 3520 2299 distinctionem
3569 2252 3772 2297 tantum

539 2337 845 2383 naturarum
876 2327 1230 2393 admiserunt,
1259 2343 1324 2383 ex
1355 2330 1548 2398 quibus
1577 2346 1714 2386 unus
1749 2331 1992 2386 Christus
2011 2330 2299 2401 perﬁcitur,
2333 2347 2438 2385 non
2461 2333 2893 2386 commixtionem
2917 2347 3130 2401 passus,
3156 2346 3327 2400 neque
3354 2331 3686 2386 divisionem.

608 2427 696 2478 καί
722 2423 865 2492 ὑμεῖς
896 2424 1058 2477 τοίνυν
1097 2427 1186 2480 τήν
1224 2437 1314 2483 τίς
1347 2424 1614 2482 ἐπιστολῆς
1651 2423 1958 2485 ἐκδικοῦντες
1986 2426 2106 2478 ἆσέ-

538 2515 709 2577 εειαν,
753 2521 842 2573 τῆς
870 2514 1173 2586 ἀρνουμένης
1215 2514 1362 2566 αὐτὸν
1388 2513 1475 2568 τὸν
1511 2515 1631 2568 Θεὸν
1663 2515 1805 2584 λόγον
1851 2513 2108 2589 ἄνθρωπον

539 2607 847 2675 γεγενῆσθαι,
871 2600 1104 2679 πρόδηλοι
1128 2604 1462 2661 καθεστήκατε
1484 2603 1574 2659 δύο
1604 2606 1854 2679 πρόσωπα
1878 2611 1959 2660 εἰσ
1987 2607 2106 2678 ’γον-

539 2713 645 2756 τες,
684 2695 764 2746 καὶ
800 2699 964 2746 ταῦτα
987 2699 1213 2752 νοοῦντες
1241 2697 1469 2769 περὶτοῦ
1495 2704 1717 2768 Χριστοῦ
1749 2699 1816 2756 ὡς
1843 2704 1991 2768 ψιλοῦ
2017 2701 2106 2752 ἁν-

540 2785 768 2854 θί.ὠπου’
800 2779 923 2857 ὅπερ
958 2781 984 2836 6
1011 2782 1284 2843 ἀπόστολος
1323 2779 1458 2839 εἶπεν
1484 2783 1567 2840 διὰ
1591 2791 1710 2847 τοὺς
1738 2791 1954 2850 πιστοὺς
1986 2808 2003 2840 ι
2029 2787 2107 2844 ὅτι

539 2871 680 2940 ὑμεῖς
707 2872 825 2932 ναὸς
863 2879 989 2927 Θεοῦ
1024 2878 1138 2929 ἕστε
1158 2913 1172 2937 ,
1201 2883 1286 2927 καί
1312 2876 1371 2929 τὸ
1408 2883 1606 2946 πνεῦμα
1631 2885 1723 2934 τοῦ
1747 2885 1876 2934 Θεοῦ
1917 2883 2042 2937 οῗκεῖ
2065 2881 2113 2936 ἐν

540 2962 680 3019 ὕειν.
714 2981 733 3016 Ι
769 2973 854 3026 Ὠς
900 2968 1026 3022 κατὰ
1065 2970 1155 3026 τήν
1197 2966 1448 3038 ὑμετέραν
1485 2971 1672 3030 πλάνην
1707 2974 1951 3046 μηδεμίαν
1990 2972 2112 3031 εἶναι

539 3054 777 3129 διαφορὰν
804 3059 992 3126 μεταξὺ
1023 3060 1161 3127 ἡμῶν
1182 3067 1282 3114 τῶν
1311 3062 1600 3134 ἀνθρώπων,
1639 3068 1724 3119 καί
1753 3072 1843 3119 τοῦ
1870 3074 2109 3139 Χριστοῦ,

540 3145 666 3198 καθὰ
704 3148 791 3198 καὶ
823 3147 975 3207 αὐτὸς
996 3145 1248 3221 Θεόδωρος
1277 3148 1302 3203 6
1329 3149 1605 3223 αἱρετικὸς,
1634 3151 1660 3207 6
1698 3152 1995 3215 διδάσκαλος
2021 3163 2110 3210 τοῦ

2283 2422 2388 2476 Vos
2417 2424 2593 2491 itaque
2620 2423 2758 2476 illius
2785 2423 3022 2490 epistola:
3052 2423 3380 2492 impietatem
3409 2420 3771 2489 defendentes,

2208 2529 2312 2582 qua
2339 2513 2504 2566 Deum
2539 2512 2770 2566 Verbum
2819 2512 3086 2566 hominem
3127 2511 3325 2566 factum
3367 2525 3487 2566 esse
3530 2520 3772 2580 negatur,

2210 2603 2492 2656 manifesto
2521 2602 2747 2671 duplicis
2776 2603 2826 2654 in
2862 2601 3074 2656 Christo
3100 2600 3341 2655 admissae
3368 2616 3613 2670 personae
3655 2603 3765 2655 red-

2211 2693 2524 2760 arguimini,
2579 2700 2740 2760 atque
2784 2691 2887 2745 hoc
2935 2690 3095 2745 modo
3135 2690 3201 2744 de
3244 2689 3482 2757 Christo,
3522 2698 3773 2758 tanquam

2210 2797 2348 2850 puro
2391 2781 2607 2834 homine
2648 2779 2833 2834 deliria
2875 2778 3144 2841 docentes,
3189 2779 3241 2832 in
3282 2779 3525 2833 eamdem
3561 2778 3628 2832 de
3659 2779 3773 2848 ipsa

2209 2870 2526 2928 sententiam
2558 2869 2850 2942 loquimini,
2882 2886 2986 2939 qua
3013 2868 3079 2925 de
3106 2868 3444 2925 credentibus
3469 2869 3670 2925 dictum
3695 2880 3774 2927 est

2211 2963 2279 3016 ab
2308 2962 2564 3030 Apostolo
2598 2979 2610 3014 :
2651 2958 2905 3024 Quoniam
2933 2963 3176 3031 templum
3203 2960 3298 3016 Dei
3321 2964 3441 3016 estis
3470 2979 3576 3026 eos,
3599 2973 3647 3015 et
3676 2962 3775 3016 De:

2212 3051 2437 3121 Spiritus
2483 3052 2736 3104 inhabitat
2772 3052 2824 3102 in
2865 3050 3001 3104 vobis
3041 3049 3093 3120 (1
3124 3048 3242 3103 Cor.
3269 3066 3344 3115 nt,
3376 3050 3495 3119 i6);
3520 3052 3592 3104 ita
3621 3059 3698 3113 ut,
3729 3051 3775 3103 si

2211 3143 2409 3198 erroris
2434 3142 2594 3197 vestri
2622 3141 2865 3196 habenda
2903 3142 2973 3196 sit
2999 3142 3154 3206 ratio,
3184 3142 3384 3195 nullum
3405 3142 3517 3211 jam
3543 3142 3775 3211 supersit

539 3236 828 3306 γράψαντος
853 3243 941 3296 την
970 3239 1253 3307 ἐπιστολὴν,
1285 3248 1332 3294 ιν
1351 3251 1424 3314 τῷ
1446 3245 1601 3318 τρίτῳ
1625 3248 1756 3299 κατά
1773 3247 2105 3324 ’Λπολιναρίου

2210 3256 2310 3295 nos
2345 3240 2587 3294 homines
2625 3241 2763 3293 inter
2806 3237 3180 3306 Christumque
3208 3237 3514 3305 discrimen,
3539 3238 3695 3307 juxta
3724 3239 3774 3291 id

540 3323 670 3396 λόγῳ
706 3334 1033 3402 παραφρονῶν
1067 3334 1232 3384 ταῦτα
1258 3332 1326 3389 ὡς
1364 3333 1415 3384 ἐκ
1451 3336 1726 3406 προσώπου
1764 3341 1852 3389 τοῦ
1887 3323 2106 3407 Χριστοῦ

540 3416 692 3486 λέγει·
718 3434 736 3466 t
757 3417 884 3489 Ἐγώ
911 3421 1020 3482 μὲν,
1038 3415 1090 3472 ὃν
1117 3418 1265 3490 ὁρᾶτε
1295 3419 1513 3492 δίωμαι
1533 3427 1623 3495 μὲν
1649 3433 1806 3479 ποεεῖν
1820 3425 1960 3480 οὐδὲν
1980 3431 2108 3482 κατὰ

541 3517 630 3565 τήν
673 3509 854 3562 οῗκείαν
901 3513 1051 3581 φύσιν
1103 3511 1191 3566 ἅτε
1243 3511 1500 3587 ἅνθρωπος
1551 3515 1637 3570 ὥν.
1679 3519 1978 3589 Ἐργὰζομαι
2017 3517 2104 3584 δὲ,

541 3596 710 3656 ἐπειδὴ
741 3600 788 3651 ἐν
815 3602 924 3670 ἐμοὶ
950 3603 1108 3670 μένων
1133 3603 1159 3657 6
1183 3609 1352 3680 πατήρ
1383 3603 1586 3662 ἅπαντα
1612 3618 1764 3662 ποιεῖ.
1794 3607 1987 3670 Ἐπειδὴ
2009 3614 2108 3684 γὰρ

540 3691 638 3760 ἐγώ
663 3710 738 3750 τε.
764 3694 934 3764 φησίν,
956 3693 1004 3746 ἐν
1029 3700 1100 3762 τῷ
1129 3697 1308 3767 πατρί,
1335 3699 1418 3750 καί
1440 3695 1465 3750 6
1493 3702 1660 3773 πατὴρ
1681 3700 1729 3751 ἐν
1756 3700 1882 3768 ἐμοὶ,
1905 3703 2026 3758 Θεὸς
2056 3699 2108 3756 δὲ

540 3779 686 3849 λόγος
715 3782 761 3834 ἐν
783 3780 941 3849 ἐμοὶὸ
969 3789 1059 3837 τοῦ
1092 3792 1216 3838 Θεοῦ
1246 3794 1531 3858 μςνηιενής,
1565 3785 1707 3846 δῆλον
1737 3787 1813 3845 ὅτι
1832 3795 1914 3844 καί
1941 3799 2109 3868 πατὴρ

540 3872 634 3921 σὺν
655 3871 814 3938 αὐτῷ,
843 3873 893 3924 ἐν
915 3872 1022 3940 ἐμοί
1039 3892 1092 3926 τε
1121 3876 1297 3943 μένων,
1328 3879 1496 3931 καὶτὰ
1526 3876 1650 3952 ἔργα
1674 3887 1851 3933 ποιῶν⁶
1882 3884 1966 3936 καί
1985 3884 2110 3935 θαυ-

541 3961 736 4028 μαστὸν
761 3981 816 4032 γε
852 3962 992 4015 οὐδὲν
1022 3965 1104 4016 ἐπὶ
1129 3973 1220 4020 τοῦ
1250 3975 1464 4040 Χριστοῦ
1495 3976 1646 4024 τοῦτο
1673 3974 1907 4040 νομίζειν.
1938 3980 2110 4044 σαφῶς

543 4049 700 4101 αὐτοῦ
727 4053 960 4122 περὶτῶν
985 4053 1168 4106 λοιπῶν
1186 4054 1412 4127 λέγοντος
1433 4059 1876 4132 ἀνθρώπων,-⁶Ο
1899 4063 2108 4133 ἀγαπῶν

543 4157 603 4206 με
626 4139 707 4190 τὸν
730 4138 871 4210 λόγον
898 4163 994 4212 μιιυ
1021 4150 1249 4215 τηρήσει,
1279 4150 1361 4200 καί
1384 4147 1409 4201 6
1437 4154 1606 4222 πατήρ
1628 4173 1726 4222 μου
1747 4153 2002 4226 ἀγαπήσει
2022 4156 2110 4207 αὐ-

543 4231 660 4292 τὸν,
701 4233 932 4308 καὶπρὸς
966 4236 1111 4288 αὐτὸν
1145 4237 1478 4308 ἐλευσόμεθα,
1517 4247 1600 4295 καὶ
1643 4245 1793 4308 μονὴν
1825 4243 1947 4314 παρ’
1975 4247 2108 4317 αὖτῷ

543 4322 974 4388 arenivagum—Ei
987 4325 1082 4395 γὰρ
1097 4327 1220 4399 παρ’
1237 4327 1427 4395 ἑκάστῳ
1446 4333 1544 4381 τῶν
1567 4333 1806 4384 τοιούτων
1839 4334 1918 4389 ὅτε
1940 4341 2108 4411 πατὴρ

463 4455 481 4466 _
543 4411 628 4461 καί
654 4407 680 4463 6
718 4411 824 4470 υίὸς
853 4417 940 4470 την
967 4417 1120 4483 μονήν
1148 4423 1434 4476 ποιοῦνται.
1477 4421 1528 4472 τί
1553 4420 1840 4492 θαυμαστὸν
1883 4425 1926 4475 εἰ
1955 4424 2002 4475 ἐν
2036 4433 2107 4494 τῷ

543 4498 671 4551 κατὰ
712 4500 876 4571 σάρκα
911 4498 1128 4575 δεσπότῃ
1155 4513 1357 4576 Χριστῷ
1399 4503 1542 4577 ἄμφω
1581 4511 1710 4562 κατὰ
1753 4511 1934 4564 ταυτὸν
1970 4515 2107 4584 νομί-

2210 3333 2352 3403 quod
2378 3332 2688 3386 Theodorus
2717 3331 2997 3388 hzereticus
3038 3332 3177 3386 illius
3219 3330 3456 3400 epistola:
3499 3331 3775 3400 scriptoris

2206 3424 2458 3490 magister
2490 3423 2544 3476 in
2586 3422 2744 3476 tertio
2776 3421 3031 3477 adversus
3071 3420 3454 3490 Apollinarium
3500 3435 3774 3486 sermone,

2206 3511 2473 3566 Christum
2504 3511 2570 3565 de
2596 3526 2655 3566 se
2683 3512 2797 3582 ipso
2827 3512 3130 3581 loquentem
3160 3511 3502 3565 introducens
3529 3510 3634 3565 hoc
3657 3525 3775 3564 mo-

2208 3602 2296 3666 do,
2347 3603 2526 3670 inepte
2575 3611 2909 3657 commentus
2955 3611 3083 3657 est:
3121 3620 3138 3652 ι
3174 3600 3286 3670 Ego
3327 3601 3573 3670 quidem,
3613 3615 3775 3670 quem

2210 3693 2512 3762 prospicitis
2539 3685 2668 3745 nihil
2697 3691 2872 3746 facere
2901 3708 3115 3763 possum
3146 3690 3435 3746 secundum
3467 3707 3643 3745 meam
3681 3708 3776 3745 na.

2208 3789 2402 3846 turam,
2429 3795 2550 3835 cum
2588 3780 2749 3835 homo
2778 3782 2878 3836 sim
2918 3799 2930 3835 :
2963 3797 3157 3852 operor
3184 3790 3380 3846 autem,
3425 3781 3677 3850 quoniam
3721 3783 3775 3836 in

2209 3886 2296 3925 me
2336 3885 2556 3925 manens
2583 3870 2741 3925 Pater
2769 3880 2954 3927 cuncta
2987 3880 3237 3942 operatur
3267 3890 3280 3924 :
3325 3872 3624 3937 enimvero,
3685 3872 3772 3926 iu-

2209 3969 2341 4037 quit,
2372 3977 2426 4023 et
2454 3983 2553 4036 ego
2582 3970 2636 4024 in
2676 3967 2853 4032 Patre,
2887 3978 2942 4024 et
2969 3969 3127 4024 Pater
3167 3971 3219 4024 in
3261 3985 3368 4038 me,
3411 3969 3550 4024 Deus
3595 3979 3773 4025 autem

2209 4057 2442 4112 Verbum
2469 4059 2796 4125 unigenitum
2826 4059 2878 4112 in
2908 4075 2993 4114 me
3020 4067 3100 4113 est
3128 4077 3142 4111 :
3171 4069 3372 4114 certum
3401 4069 3504 4124 est,
3547 4061 3690 4128 quod
3720 4069 3776 4115 et

2211 4143 2517 4200 Patcr’cum
2548 4147 2663 4216 ipso
2701 4147 2752 4200 in
2781 4163 2868 4202 me
2897 4158 3094 4213 manet,
3127 4157 3181 4202 et
3208 4164 3368 4218 opera
3393 4148 3535 4202 facit.
3570 4148 3638 4202 Et
3666 4166 3772 4204 non

2209 4245 2292 4291 est
2334 4236 2636 4291 mirandum
2675 4238 2742 4292 de
2779 4237 2991 4293 Christo
3031 4239 3144 4294 haec
3169 4241 3479 4305 existimari,
3513 4257 3634 4296 cum
3661 4244 3774 4296 evi-

2210 4327 2400 4381 denter
2443 4327 2556 4396 ipse
2576 4327 2642 4382 de
2669 4330 2874 4383 caeteris
2902 4330 3204 4384 hominibus
3232 4330 3376 4385 dicat
3414 4348 3433 4385 :
3466 4332 3563 4395 Qui
3605 4333 3773 4404 diligit

2208 4432 2306 4482 me,
2338 4433 2622 4471 sermonem
2665 4435 2830 4471 meum
2868 4417 3105 4488 servabit,
3143 4430 3191 4473 et
3227 4420 3386 4474 Pater
3413 4438 3556 4474 meus
3596 4422 3775 4493 diliget

2207 4524 2340 4572 eum,
2365 4516 2414 4561 et
2438 4508 2505 4560 ad
2530 4525 2642 4561 eum
2670 4510 2944 4573 veniemus,
2965 4519 3013 4562 et
3037 4512 3348 4563 mansionem
3378 4514 3512 4580 apud
3538 4529 3651 4564 eum
3690 4514 3775 4582 [a-

541 4589 700 4647 ζοιντο
722 4590 903 4657 μένειν,
929 4598 1020 4650 τῆς
1043 4594 1169 4646 κατά
1193 4598 1283 4652 τήν
1304 4597 1471 4649 οὐσίαν
1491 4597 1738 4658 κοινωνίας
1757 4604 2103 4671 προσιεμένης,

2211 4599 2400 4652 ciemus
2427 4598 2604 4669 (Joan.
2629 4615 2734 4662 xlv,
2763 4598 2873 4668 εδ).
2907 4599 2961 4653 Si
2997 4601 3137 4654 enim
3171 4602 3307 4670 apud
3338 4615 3598 4670 quemque
3627 4603 3774 4671 ejus-

541 4679 608 4735 ὡς
633 4680 784 4745 ε’κὸς,
814 4683 892 4732 καί
919 4688 1005 4737 τήν
1025 4691 1115 4741 τῆς
1139 4692 1291 4752 ptavi;
1319 4690 1592 4753 κοινωνίανς
1625 4705 1643 4737 s

611 4769 807 4822 Τούτων
849 4774 1016 4824 τοίνυν
1061 4773 1194 4827 οηῗτω
1224 4777 1365 4849 παρά
1399 4782 1488 4830 τοῦ
1529 4775 1811 4839 δυσσεϐοῦς
1849 4779 2103 4858 Θεοδώρου

538 4861 821 4931 εἰρημένων,
854 4863 910 4915 οὐ
942 4867 1260 4933 θαυμαστὸν,
1299 4865 1439 4938 εἴπερ
1465 4866 1490 4920 6
1517 4869 1737 4922 ἐκπεσοὶν
1762 4877 1852 4924 τοῦ
1887 4879 2011 4927 Θεοῦ
2043 4881 2105 4947 τῇ

538 4950 746 5022 ἀσεϐείᾳ
772 4955 1162 5024 συνεζευγμίνην
1190 4953 1305 5024 ἔχει
1333 4959 1415 5010 καί
1439 4959 1654 5030 μωρίαν,
1685 4961 1847 5022 καθὼς
1872 4967 1987 5034 περὶ
2009 4972 2070 5017 τ·νῖ
2081 4984 2108 5017 ν

539 5041 736 5093 ἀσεϐῶν
776 5041 799 5095 6
829 5049 1086 5114 προφήτης
1116 5046 1319 5106 Ἡσαΐας
1344 5048 1492 5118 λέγει,
1527 5066 1546 5098 ε
1576 5060 1629 5102 ⁴Ο
1654 5051 1823 5125 μωρὸς
1845 5055 1992 5126 μωρά
2015 5053 2104 5107 λα-

537 5129 708 5194 λήσει,
738 5135 819 5185 καί
852 5135 881 5190 ἡ
914 5133 1094 5208 καρδία
1122 5138 1274 5190 αὐτοῦ
1311 5140 1506 5207 μάταια
1542 5144 1730 5196 νοήσει.
1757 5159 1775 5190 ι
1811 5150 1866 5192 ‘0
1900 5143 1998 5216 γὰρ
2025 5145 2107 5197 τὸν

537 5221 738 5295 πατέρα
777 5225 972 5278 καὶτὸν
999 5227 1105 5279 υἱὸν
1141 5227 1273 5282 οὕτω
1309 5232 1470 5299 μένειν
1497 5232 1546 5284 ἐν
1573 5239 1645 5302 τῷ
1680 5241 1912 5304 Χριστῷ,
1949 5235 2109 5293 καθώς

539 5313 625 5363 καί
650 5310 698 5362 ἐν
735 5319 842 5370 τοῖς
877 5313 1072 5374 λοιποῖς
1105 5317 1382 5383 ἀνθρώποις
1423 5318 1889 5396 διισχυριζόμενος.
1918 5325 2000 5376 καί
2039 5329 2109 5394 μή

538 5401 790 5472 ὁμολογῶν
817 5403 899 5456 τὸν
925 5406 1138 5476 Χριστὸν
1179 5403 1304 5461 εἶναι
1349 5412 1434 5464 τὸν
1467 5413 1585 5464 Οεόν
1623 5413 1762 5482 λόγον
1790 5415 2110 5487 σαρκωθέντα

541 5493 620 5546 καὶ
647 5493 1125 5566 ἐνανθρωπήσαντα,
1171 5505 1280 5556 πῶς
1315 5499 1445 5571 λέγει
1489 5502 1707 5572 Χριστὸν
1744 5504 1868 5556 κατὰ
1914 5505 2105 5574 adipata;

537 5582 600 5636 Oi
623 5576 724 5657 γὰρ
755 5582 888 5655 ἅγιοι
914 5586 1133 5658 πατέρες
1153 5585 1505 5657 ὁμολογοῦντες
1525 5592 1612 5644 τὸν
1640 5592 1859 5664 Χριστὸν
1879 5587 2003 5645 εἶναι
2022 5593 2108 5645 τὸν

535 5674 664 5732 Θεὸν
697 5673 832 5745 λὸγνν
868 5677 1188 5749 σαρκωθέντα
1234 5681 1314 5732 καὶ
1348 5680 1821 5752 ἕνανθρωπήσαντα.
1859 5680 1930 5735 ὅτ’
1959 5679 2020 5735 ἄν
2058 5703 2110 5737 τι

541 5765 660 5835 περὶ
687 5765 844 5820 αὐτοῦ
878 5769 1108 5820 ταπεινὸν
1133 5767 1390 5840 λέγουσιν,
1423 5771 1582 5845 ὀρθῶς
1615 5772 1858 5841 ἐπάγουσι
1883 5773 1940 5825 τὸ
1977 5772 2108 5824 κατά

530 5861 728 5933 ςηριια.
761 5852 881 5910 Ἀλλ’
907 5856 951 5909 εἰ
976 5859 1061 5912 καί
1085 5841 1340 5927 προσῆκον
1365 5856 1420 5917 ἦν
1445 5861 1562 5919 τοὺς
1589 5859 1839 5932 Θεόδωρον
1868 5859 2108 5914 ἐκδικοῦν-

2205 4690 2348 4743 modi
2396 4690 2668 4743 hominum
2707 4698 2762 4743 et
2809 4688 2965 4744 Pater
3004 4701 3059 4744 et
3097 4689 3260 4745 Filius
3302 4693 3632 4745 mansionem
3693 4693 3775 4746 fa-

2205 4779 2372 4844 ciunt,
2401 4779 2529 4849 quid
2566 4780 2756 4834 mirum
2786 4780 2830 4833 si
2872 4782 2923 4834 in
2969 4781 3190 4835 Domino
3229 4781 3518 4836 secundum
3553 4797 3772 4836 carnem

2208 4868 2442 4936 Christo,
2471 4871 2628 4924 ambo
2650 4871 2806 4924 simul
2829 4879 3140 4939 putarentur
3166 4886 3401 4936 manere,
3432 4873 3772 4928 communio-

2207 4973 2276 5011 ne
2331 4973 2514 5011 eorum
2579 4957 2869 5011 secundum
2917 4958 3289 5024 substantiam,
3341 4961 3778 5015 communionem

2209 5062 2421 5116 quoque
2461 5047 2752 5101 mansionis
2791 5045 3014 5101 fortasse
3056 5049 3408 5116 suscipiente?
3443 5067 3462 5101 ι
3495 5048 3588 5102 His
3612 5049 3778 5117 igitur

2207 5137 2262 5191 in
2302 5136 2442 5190 hunc
2481 5137 2695 5190 modum
2737 5135 2804 5189 ab
2832 5136 2990 5204 impio
3021 5136 3302 5191 Theodoro
3341 5139 3646 5207 pr0positis,
3672 5140 3777 5193 mi-

2208 5242 2326 5280 rum
2356 5241 2475 5281 esse
2501 5227 2716 5281 minime
2756 5227 2914 5281 debet
2940 5227 3080 5296 quod
3111 5243 3140 5282 a
3172 5228 3283 5283 Deo
3309 5229 3558 5284 excidens
3584 5231 3778 5299 impie-

2210 5318 2304 5370 tati
2335 5318 2701 5389 desipientiam
2732 5317 3058 5387 adjunxerit,
3091 5321 3534 5388 quemadmodum
3564 5322 3630 5376 de
3667 5324 3774 5377 im-

2208 5408 2310 5477 piis
2334 5408 2641 5477 prophetica
2667 5407 2815 5463 Isaia:
2835 5410 3049 5478 praefert
3073 5412 3334 5466 sententia
3363 5429 3376 5464 :
3409 5411 3500 5465 Vir
3523 5414 3777 5481 insipiens

2212 5497 2366 5550 stulta
2395 5499 2640 5568 loquetur,
2665 5507 2714 5552 et
2738 5515 2828 5552 cor
2851 5500 2961 5568 ejus
2989 5502 3134 5570 fatua
3159 5501 3398 5572 cogitabit
3421 5501 3574 5573 (Isai.
3601 5519 3771 5568 xxxii,

2212 5587 2287 5658 6).
2331 5587 2579 5657 Quisquis
2627 5589 2768 5642 enim
2814 5585 3025 5642 Patrem
3073 5597 3129 5643 et
3150 5589 3340 5644 Filium
3369 5591 3529 5645 sicin
3560 5590 3774 5646 Christo

2209 5679 2654 5748 quemadmodum
2677 5688 2732 5734 et
2751 5679 2802 5734 in
2819 5680 3040 5748 reliquis
3067 5680 3369 5737 hominibus
3388 5697 3602 5738 manere
3628 5683 3763 5737 aflir-

2211 5776 2340 5828 mat,
2366 5768 2640 5837 Deumque
2671 5767 2899 5824 Verbum
2926 5771 3192 5826 Christum
3221 5773 3569 5842 incarnatum,
3601 5775 3777 5830 homi-

2213 5860 2440 5928 nemque
2467 5859 2661 5914 factum
2691 5874 2808 5917 esse
2831 5876 2937 5916 non
2963 5848 3266 5932 conﬁtetur,
3296 5865 3564 5935 quomodo
3591 5873 3774 5936 potest
