4112 6598
404 535 539 599 1053

1162 533 1527 594 EPISTOLA
1560 533 1959 595 ADVERSUS
1996 535 2476 597 THEODORUM
2518 537 2930 600 MOPSUEST.

3520 528 3652 592 107,4

374 666 377 671 ‘
432 666 539 710 τας,
561 650 641 701 καὶ
662 647 716 702 ἔκ
738 647 921 711 ταύτης
941 652 1092 706 αὐτοῦ
1114 661 1205 713 τῆς
1230 656 1333 708 καθ’
1355 655 1636 725 ὑπερϐολὴν
1661 656 1964 726 βλασφημίας

2080 653 2346 709 Chris‘tum
2370 656 2539 723 ipsum
2567 658 2850 709 secundum
2872 672 3082 710 carnem
3112 658 3419 712 nominare?
3444 659 3624 715 Sancti

433 747 511 794 τήν
534 739 716 791 τούτου
743 740 947 793 ἐκκλῖναι
976 739 1290 797 δυσσέϐειαν·
1324 743 1427 796 ἀλλ’
1452 738 1537 795 οῦν
1566 742 1650 797 διὰ
1675 750 1762 798 τίν
1789 746 1979 797 τούτων

428 825 692 890 ἀναίδειαν,
711 830 797 881 καὶ
821 826 971 889 ἄλλας
998 832 1152 886 αὐτοῦ
1170 832 1488 903 βλασφημίας
1505 836 1891 907 προαγάγωμεν,
1916 832 1982 887 δι’

427 911 488 964 ὧν
513 912 603 968 δύο
623 916 821 985 εἰσάγει
849 918 1122 987 πρόσωπα.

494 1004 811 1074 Μεμφόμενος
836 1008 933 1080 γάρ
976 1010 1096 1068 τοὺς
1139 1010 1372 1079 λέγοντάς
1422 1008 1499 1063 ὅτι
1544 1009 1567 1063 ὁ
1604 1012 1724 1071 Θεός
1761 1008 1924 1080 λόγος,
1957 1009 1981 1063 ό

426 1096 523 1163 πρό
563 1097 770 1158 αἰώνων,
802 1099 997 1167 γέγονεν
1028 1098 1105 1151 ἐπ’
1135 1097 1371 1168 ἐσχάτων
1393 1098 1670 1173 ἅνθρωπος,
1699 1102 1828 1155 οῦτω
1854 1103 1983 1173 λέγει

427 1185 472 1234 ἐν
496 1190 568 1251 τῷ
597 1186 722 1236 κατὰ
744 1183 1083 1260 ’Δπολιναρίου
1110 1190 1331 1263 τετάρτῳ
1356 1190 1503 1260 λόγῳ·

501 1288 517 1320 ε
545 1282 597 1323 ‘0
626 1274 725 1345 πρὸ
766 1275 982 1337 αἰώνων,
1024 1279 1195 1345 φησὶν,
1223 1278 1413 1347 γέγονεν
1439 1276 1516 1330 ἐπ’
1542 1278 1804 1346 ἐσχάτων·
1835 1276 1983 1331 πάλιν

426 1362 491 1418 ῶς
518 1381 660 1413 τινων
685 1360 992 1426 δεδωκότων,
1036 1368 1120 1417 καί
1160 1372 1312 1419 τοῦτο
1348 1367 1501 1436 λέγων
1530 1367 1727 1426 οὐδενὸς
1752 1371 1771 1389 ⁶
1798 1362 1857 1419 ἂν
1884 1376 1983 1420 τῶν

424 1452 650 1505 εὐσεϐεῖν
702 1453 1082 1510 ἐσπουδακότων
1130 1456 1315 1517 ταύτην
1357 1460 1582 1527 ἑλομένου
1630 1468 1846 1517 νοσῆσαι
1894 1465 1982 1519 τήν

424 1535 609 1605 ἄνοιαν,
645 1542 772 1594 ὥστε
802 1543 887 1595 τόν
912 1545 1010 1617 πρὸ
1044 1548 1235 1598 αἰώνων
1280 1548 1433 1598 εἰπεῖν
1469 1548 1547 1600 ἐπ’
1580 1549 1814 1616 ἐσχάτων
1838 1569 1981 1620 γεγε-

423 1630 623 1685 ιῆσθαι’
642 1648 660 1681 ι
691 1634 786 1683 Καί
804 1633 909 1700 μεθ’
929 1634 1097 1705 ἔτερα·
1122 1653 1139 1684 ε
1159 1638 1340 1688 Οὐκοὶν
1354 1647 1456 1695 τος
1472 1638 1729 1711 ὑμετέροις
1758 1639 1983 1707 ἑπόμενοι

423 1717 618 1787 νόμοις,
660 1724 744 1773 καὶ
785 1728 873 1780 τήν
901 1724 1000 1776 ὑπὸ
1027 1732 1117 1783 τῆς
1143 1734 1235 1784 σῆς
1270 1728 1533 1797 ἀγχινοίας
1567 1730 1982 1796 νομοθετουμένην

422 1810 779 1884 ἁντιστροῳὸν,
807 1813 989 1882 μᾶλλον
1020 1812 1071 1867 δὲ
1101 1822 1446 1888 καταστροφήν
1471 1816 1751 1888 δεξάμενοι,
1780 1822 1892 1893 φέρε
1921 1818 1981 1877 δή

420 1896 589 1951 πάντα
618 1902 688 1959 εἶς
719 1903 900 1955 ταυτὸν
926 1903 1256 1975 συγχέωμεν,
1289 1909 1369 1958 κιί
1402 1904 1618 1976 μηδεμία
1652 1907 1980 1963 λοιπόνέστω

2078 746 2271 814 quippe
2293 745 2475 799 Patres
2503 744 2766 799 Christum
2795 746 2957 799 Deum
2986 747 3217 801 Verbum
3242 763 3358 802 esse
3381 750 3628 803 incarna-

2081 841 2211 897 tum,
2236 842 2394 901 atque
2416 834 2684 887 hominem
2714 833 2908 886 factum
2932 834 3263 902 conﬁtentes,
3291 836 3335 889 si
3362 837 3629 905 quidpiam

2080 922 2146 974 de
2184 922 2300 989 ipso
2328 923 2524 975 humile
2547 923 2836 989 proferunt,
2860 931 3005 975 recte
3024 922 3075 974 id
3103 924 3387 976 secundum
3417 939 3629 978 carnem

2081 1012 2131 1064 ei
2172 1012 2459 1065 convenire
2498 1011 2800 1078 subjiciunt.
2832 1010 3095 1065 Czeterum
3124 1026 3329 1079 aequum
3357 1013 3633 1067 videbatur

2081 1098 2346 1152 Theodori
2369 1107 2786 1169 propugnatores
2806 1100 2890 1151 vel
2910 1098 3009 1152 hac
3027 1100 3365 1167 exsuperanti
3386 1100 3632 1168 blaspbeo

2081 1189 2183 1240 mia
2201 1196 2499 1242 commotos
2519 1189 2585 1241 ab
2606 1188 2768 1255 ipsius
2782 1188 3051 1255 impietate
3068 1188 3318 1242 recedere
3338 1206 3350 1240 :
3375 1198 3629 1254 attamen,

2083 1286 2139 1330 ut
2187 1278 2421 1345 ipsorum
2459 1277 2730 1330 refellatur
2780 1277 3134 1346 impudentia,
3166 1279 3394 1347 reliquas
3422 1294 3633 1347 quoque

2082 1365 2196 1431 ejus
2221 1364 2574 1432 blasphemias
2602 1362 2927 1432 proferemus
2950 1365 3001 1417 in
3028 1366 3285 1428 medium,
3319 1367 3508 1433 quibus
3535 1367 3633 1419 duo

2081 1454 2270 1522 plicem
2299 1452 2491 1507 Christi
2530 1468 2811 1521 personam
2854 1453 3070 1507 inducit.
3117 1453 3427 1506 lusimulans
3456 1456 3632 1521 itaque

2083 1559 2175 1596 eos
2202 1544 2289 1610 qui
2320 1542 2487 1596 Deum
2517 1542 2746 1597 Verbum
2775 1551 2897 1595 ante
2924 1542 3114 1596 saecula
3150 1544 3406 1609 genitum,
3443 1543 3495 1596 in
3533 1559 3632 1596 no-

2084 1635 2296 1687 vissimo
2332 1634 2598 1687 hominem
2629 1632 2824 1687 factum
2854 1646 2970 1686 esse
2998 1632 3329 1701 profitentur,
3362 1634 3412 1685 in
3442 1642 3634 1700 quarto

2082 1732 2265 1777 contra
2306 1722 2685 1789 Apollinarium
2714 1722 2848 1775 libro
2889 1722 3001 1775 hmo
3028 1721 3208 1775 scribit
3237 1739 3248 1773 :
3285 1741 3302 1772 ε
3338 1721 3451 1776 Hoc
3490 1723 3633 1790 quod

2083 1812 2189 1881 [hic
2215 1811 2301 1878 qui
2331 1809 2520 1880 Crura]
2543 1818 2664 1864 ante
2692 1811 2880 1865 sarcula
2908 1820 3043 1878 erat,
3074 1812 3123 1864 in
3165 1812 3461 1866 novissimis
3505 1813 3632 1867 dicit

2083 1901 2272 1954 factum
2302 1915 2420 1954 esse
2440 1901 2788 1969 temporibus,
2819 1908 3003 1969 utpote
3028 1902 3338 1969 quibusdam
3380 1902 3480 1955 hoc
3505 1919 3632 1956 con-

421 1985 691 2064 διάκρισις,
719 1995 788 2059 μὴ
814 1998 937 2044 Θεοῦ
966 2003 1175 2067 μορφῆς,
1206 2001 1273 2066 μή
1297 1995 1474 2049 δούλου
1502 2006 1721 2071 μορφῆς,
1758 2003 1827 2066 μή
1859 2006 1964 2053 ναοί

2086 1996 2366 2054 litentibus.
2392 2011 2511 2048 cum
2531 2010 2689 2048 nemo
2709 2010 2775 2048 ex
2795 1995 2876 2048 his
2895 1996 2983 2062 qui
3006 1997 3216 2063 pietatis
3236 2012 3414 2050 curam
3435 1997 3630 2051 habent

420 2077 698 2149 ληφθέντος,
724 2087 793 2151 μή
814 2089 905 2135 τοῦ
930 2084 1230 2145 ἐνοικοῦντος
1257 2086 1305 2137 ἐν
1329 2095 1398 2155 τῷ
1425 2095 1554 2155 ναῷ,
1589 2094 1658 2157 μή
1700 2094 1789 2140 τοῦ
1815 2088 1981 2143 λυθέν-

419 2186 533 2227 τος.
564 2174 634 2237 μή
669 2178 757 2225 τοῦ
785 2173 1091 2245 ἐγείραντος,
1124 2182 1191 2242 μή
1222 2182 1308 2227 τοῦ
1335 2176 1673 2236 τελειωθέντας
1702 2178 1749 2228 ἐν
1776 2177 1975 2239 πάθεσι.

418 2262 487 2324 μὴ
508 2264 595 2311 τοῦ
614 2260 977 2320 τελειώσαντος,
999 2269 1067 2332 μή
1088 2270 1177 2316 τοῦ
1198 2266 1635 2334 μνημονευθέντος,
1662 2270 1728 2333 μὴ
1743 2273 1834 2319 τοῦ
1854 2288 1977 2335 μνη-

419 2350 781 2414 μονεύσαντος.
832 2358 900 2423 μὴ
939 2359 1027 2407 τοῦ
1068 2355 1457 2425 ἐπισκεφθέντος,
1487 2363 1554 2425 μή
1591 2363 1679 2410 τοῦ
1705 2358 1974 2429 ἐπισκεψα-

417 2440 599 2507 μένου,
641 2446 711 2510 μή
738 2448 822 2496 τοῦ
861 2443 1037 2518 βραχύ
1076 2445 1200 2517 παρ’
1227 2446 1464 2517 ἀγγέλους
1493 2447 1870 2512 ἐλαττωθέντος,
1905 2454 1974 2518 μὴ

415 2533 505 2578 τοῦ
531 2528 930 2595 ἐλαττώσαντος,
961 2536 1029 2601 μὴ
1056 2539 1142 2585 τοῦ
1168 2531 1282 2605 δόξῃ
1310 2537 1392 2586 καὶ
1416 2542 1534 2603 τιμῆ
1562 2536 1971 2606 στεφανωθέντος,

415 2620 483 2683 μή
502 2622 593 2669 τοῦ
621 2621 1052 2688 στεφανώσαντος,
1076 2627 1144 2689 μὴ
1172 2628 1255 2675 τοῦ
1284 2620 1619 2683 καταστάντος
1646 2626 1730 2678 ἐπὶ
1760 2625 1826 2678 τὰ
1850 2623 1975 2699 ἔργα

414 2711 512 2756 τῶν
537 2712 724 2777 χειρῶν
741 2714 831 2760 τοῦ
860 2716 1005 2773 Θεοῦ,
1020 2716 1087 2779 μή
1107 2717 1195 2765 τοῦ
1220 2716 1654 2779 καταστήσαντος,
1683 2720 1750 2785 μὴ
1770 2722 1860 2770 τοῦ
1885 2717 1975 2770 λα-

416 2794 583 2856 ϐόντος
607 2800 734 2852 αὐτά
765 2801 813 2852 ἐν
843 2802 1106 2877 ὑποταγῇ,
1133 2809 1202 2873 μή
1229 2810 1318 2857 τοῦ
1347 2803 1520 2864 δόντος
1544 2811 1633 2864 τήν
1658 2807 1965 2878 ὑποταγὴν.)

480 2895 557 2938 Ἐκ
580 2890 770 2942 τούτων
795 2893 954 2944 τοίνυν
977 2900 1077 2946 τῶν
1104 2894 1300 2947 ἀσεϐῶν
1325 2893 1584 2965 Θεοδώρου
1610 2897 1861 2971 ῥημάτων,
1888 2903 1972 2953 καὶ

411 2983 500 3033 τῆς
521 2976 680 3037 οῦτως
705 2982 859 3034 αὐτοῦ
888 2991 1167 3055 προφανοῦς
1194 2985 1507 3057 βλασφημίας
1534 2987 1896 3061 ἐρυθριάσωσιν
1925 2992 1970 3044 oi

411 3067 803 3141 ἀντιποιοίμενοι
840 3075 993 3127 αὐτοῦ
1032 3095 1084 3128 τε
1112 3079 1189 3128 καί
1213 3085 1303 3136 τῆς
1329 3078 1547 3138 ἀσεϐοῦς
1585 3080 1865 3140 ἐπιστολῆς.
1906 3082 1971 3135 Τό

410 3156 504 3228 γὰρ
525 3156 738 3219 ἀναιδῶς
762 3165 845 3215 καί
868 3163 1104 3224 πολλάκις
1131 3163 1272 3219 ἄλλον
1298 3162 1417 3221 εἶναι
1436 3172 1517 3222 τὸν
1543 3170 1665 3223 Θεόν
1689 3169 1826 3241 λόγον
1841 3210 1857 3236 ,
1885 3176 1970 3226 καὶ

410 3241 550 3297 ἄλλον
570 3248 652 3301 τὸν
669 3253 878 3323 Χριστὸν
899 3253 1055 3325 λέγειν
1076 3256 1225 3308 αὐτόν
1239 3297 1252 3318 ,
1277 3260 1357 3310 καί
1376 3260 1460 3313 τόν
1486 3262 1572 3328 μέν
1594 3262 1964 3332 εὐεργετοῦντα,

2082 2085 2241 2139 istum
2282 2100 2340 2139 se
2377 2085 2606 2154 patiatur
2644 2084 2885 2138 morbum
2915 2085 3110 2138 habere
3138 2085 3434 2147 dementire,
3468 2096 3523 2139 ut
3547 2088 3630 2139 di-

2078 2181 2182 2235 cat,
2220 2188 2338 2226 eum
2365 2173 2453 2239 qui
2494 2179 2575 2227 est
2606 2180 2730 2225 ante
2769 2172 2969 2238 secula,
3012 2173 3062 2225 in
3103 2174 3389 2227 novissimo
3432 2173 3628 2227 factum

2078 2278 2212 2317 esse.
2249 2280 2269 2314 ι
2301 2261 2368 2315 Et
2404 2271 2526 2331 post
2566 2277 2733 2331 pauca
2758 2262 2970 2316 subdit:
3009 2281 3027 2311 ε
3061 2262 3275 2315 Vestras
3305 2263 3461 2329 igitur
3486 2264 3627 2329 leges

2076 2361 2379 2419 sequentes,
2422 2361 2477 2406 et
2512 2367 2542 2405 a
2584 2356 2673 2405 tua
2700 2350 2958 2420 sapientia
2990 2351 3328 2404 constitutam
3355 2351 3626 2404 obversio-

2076 2457 2232 2509 nem,
2284 2443 2392 2496 imo
2439 2441 2604 2508 magis
2649 2440 3044 2495 subversionem
3092 2439 3469 2507 suscipientes,
3527 2453 3625 2502 age

2073 2532 2228 2584 simul
2257 2530 2432 2585 omnia
2460 2529 2858 2595 confundamns,
2882 2537 2937 2583 et
2962 2528 3102 2582 nulla
3124 2528 3233 2596 jam
3262 2527 3332 2582 sit
3359 2528 3623 2597 discrepa-

2075 2620 2167 2684 tio,
2211 2635 2310 2675 nec
2345 2619 2439 2674 Dei
2478 2617 2680 2684 format,
2728 2633 2828 2673 nec
2869 2618 3008 2673 servi
3058 2617 3256 2683 formae,
3301 2633 3399 2672 nec
3442 2618 3622 2686 templi

2071 2711 2287 2781 sumpti,
2317 2726 2416 2765 nec
2455 2710 2570 2777 ejus
2602 2711 2693 2777 qui
2735 2711 2787 2763 in
2826 2708 3023 2777 templo
3063 2707 3334 2770 habitavit,
3374 2721 3472 2759 nec
3508 2706 3620 2774 ejus

2071 2799 2161 2867 qui
2190 2800 2394 2853 solutus
2421 2807 2521 2863 est,
2555 2813 2653 2852 nec
2680 2797 2795 2865 ejus
2824 2798 2916 2865 qui
2942 2796 3232 2861 suscitavit,
3266 2810 3364 2850 nec
3391 2795 3504 2863 ejus
3529 2796 3618 2865 qui

2072 2887 2336 2956 perlectus
2363 2888 2523 2940 estin
2552 2886 2910 2955 passionibus,
2957 2900 3056 2938 nec
3095 2884 3210 2951 ejus
3246 2886 3334 2953 qui
3372 2885 3614 2955 perfecit,

2069 2994 2170 3032 nec
2208 2978 2322 3047 ejus
2358 2979 2448 3046 qui
2489 2978 2797 3031 memoriam
2841 2977 3058 3030 meritus
3097 2986 3195 3039 est,
3242 2992 3339 3030 nec
3378 2977 3491 3045 ejus
3527 2979 3615 3046 qui

2069 3084 2273 3123 memor
2295 3069 2462 3122 factus
2481 3076 2578 3133 est,
2607 3083 2706 3121 nec
2732 3067 2846 3135 ejus
2871 3067 2961 3134 qui
2982 3064 3222 3121 visitatus
3248 3075 3350 3131 est,
3382 3082 3479 3121 nec
3502 3068 3616 3135 ejus

2068 3159 2159 3227 qui
2203 3158 2452 3219 visitavit,
2496 3171 2595 3211 nec
2633 3157 2747 3223 ejus
2784 3156 2873 3226 qui
2912 3156 3069 3225 paulo
3105 3157 3277 3210 minus
3313 3157 3379 3209 ab
3417 3156 3616 3222 angelis

2068 3250 2360 3303 minoratus
2388 3257 2488 3310 est,
2513 3263 2612 3303 nec
2639 3247 2753 3315 ejus
2780 3248 2869 3316 qui
2897 3247 3197 3311 niinoravit,
3243 3260 3340 3300 nec
3375 3245 3488 3314 ejus
3525 3245 3616 3313 qui

408 3336 492 3387 τὸν
511 3333 565 3389 δὲ
591 3339 1022 3411 εὐεργετούμενον,
1050 3347 1131 3398 καί
1156 3347 1239 3399 τὸν
1270 3349 1360 3415 μὲν
1390 3351 1623 3402 σώσαντα
1639 3390 1651 3409 .
1677 3351 1763 3405 τόν
1790 3349 1842 3404 δὲ
1866 3372 1964 3404 σω-

2067 3340 2235 3409 gloria
2277 3347 2333 3393 et
2366 3339 2572 3394 honore
2622 3345 2909 3393 coronatus
2935 3345 3044 3400 est,
3075 3352 3175 3392 nec
3205 3338 3319 3405 ejus
3346 3338 3434 3405 qui
3462 3351 3614 3392 coro-

407 3425 580 3487 θέντα,
613 3436 831 3505 φανερῶς
869 3432 1091 3500 ἀρνεῖται
1130 3440 1219 3492 τὴν
1256 3434 1339 3489 διὰ
1366 3444 1452 3491 τοῦ
1481 3438 1695 3509 μεγάλου
1719 3446 1846 3493 Θεοῦ
1878 3444 1963 3495 καί

404 3523 631 3592 σωτῆρος
669 3520 805 3587 ἡμῶν
832 3517 992 3577 Ἰησοῦ
1026 3531 1247 3591 Χριστοῦ
1283 3529 1680 3599 προσγενομένην
1709 3530 1822 3597 ἡμῖν
1855 3551 1961 3582 σω-

402 3607 600 3674 τηρίαν.
629 3613 684 3657 ‘O
707 3609 807 3680 γὰρ
833 3608 957 3681 τὲαρ’
996 3607 1142 3665 ἄλλου
1169 3615 1448 3685 εὐεργεσίαν
1486 3616 1647 3668 λαϐὼν
1666 3654 1681 3679 ,
1710 3617 1818 3673 ἦτοι
1858 3641 1963 3673 σω-

404 3691 535 3755 θετς,
563 3692 763 3766 ὶτὲρους
796 3705 906 3757 πῶς
938 3697 1147 3754 δύναται
1182 3705 1385 3766 σώζεινς
1416 3704 1474 3756 Οἱ
1510 3706 1666 3756 τοίνυν
1690 3713 1773 3758 τὸν
1800 3712 1962 3761 ταῦτα

404 3779 832 3851 βλασφημήσαντα
873 3786 1210 3852 ἐκδικοῦντες,
1264 3794 1395 3851 τίνος
1445 3790 1626 3845 οἴονται
1677 3800 1825 3862 σῶμα
1878 3797 1959 3848 καί

402 3869 527 3941 αἷμα
550 3873 837 3966 λαμϐάνειν,
876 3886 965 3932 τοῦ
992 3881 1386 3952 εὐεργετηθέντος
1419 3879 1449 3939 ἦ
1483 3887 1570 3935 τοῦ
1600 3883 1958 3957 εὐεργετήσαν-

400 3980 514 4027 τος;
554 3967 654 4018 ἀλλ’
684 3970 729 4020 εἰ
761 3969 849 4036 μὲν
884 3978 974 4024 τοῦ
1015 3973 1425 4046 εὐεργετήσαντος
1462 3977 1589 4025 Θεοῦ
1632 3972 1810 4042 λόγου,
1850 3980 1959 4032 πῶς

399 4062 546 4109 τοῦτο
573 4057 797 4128 λέγουσιν
822 4066 889 4131 μή
923 4059 1274 4132 ὁμολογοῦντες
1304 4063 1461 4115 αὑτὸν
1488 4063 1834 4136 σαρκωθῆναι,
1875 4065 1960 4115 καὶ

398 4147 804 4224 ἕνανθρωπῆσαι;
850 4155 898 4205 εὶ
926 4151 979 4207 δὲ
1007 4158 1099 4207 τοῦ
1126 4153 1546 4227 εὖεργετηθέντος,
1578 4156 1768 4223 ματαία
1793 4155 1958 4207 αὐτῶν

399 4241 428 4295 ἡ
448 4240 583 4302 ἐλπίς
604 4239 1061 4318 ἀνθρωττολατρείαν
1082 4244 1480 4320 πρεσϐευόντων,
1505 4243 1581 4300 ὄτι
1602 4244 1955 4305 ἠσεϐοίσθησαν

397 4333 483 4384 καί
507 4332 809 4407 ἐλάτρευσαν
834 4342 896 4409 τῇ
922 4336 1079 4390 κτίσει
1102 4338 1244 4412 παρά
1264 4338 1346 4391 τόν
1377 4342 1637 4393 κτίσαντα.

2062 3430 2228 3495 navit,
2267 3444 2367 3484 nec
2400 3429 2514 3498 ejus
2541 3430 2630 3497 qui
2666 3431 2984 3485 constitutus
3006 3437 3087 3483 est
3117 3443 3277 3496 super
3303 3443 3463 3497 opera
3503 3442 3614 3481 ma-

2062 3542 2224 3583 nuum
2264 3527 2379 3591 Dei,
2419 3541 2518 3581 nec
2554 3526 2668 3595 ejus
2695 3527 2784 3594 qui
2813 3526 3103 3591 constituit,
3138 3540 3236 3580 nec
3271 3525 3385 3594 ejus
3419 3526 3509 3594 qui
3547 3526 3612 3582 ad

2061 3616 2477 3671 sublevationem
2498 3616 2609 3671 hznc
2637 3616 2857 3685 accepit,
2883 3630 2981 3669 nec
3004 3614 3117 3683 ejus
3144 3615 3234 3683 qui
3263 3615 3405 3669 dedit
3432 3616 3612 3669 suble-

2058 3707 2347 3761 vationem.
2386 3723 2405 3757 ι
2437 3705 2514 3758 Ex
2539 3706 2729 3773 quibus
2757 3705 2930 3773 impiis
2958 3704 3221 3758 Theodori
3255 3703 3447 3769 verbis,
3488 3718 3610 3772 prn-

2058 3797 2287 3864 fanoque
2320 3796 2761 3865 blasphemiarum
2791 3809 2986 3863 genere
3028 3794 3272 3848 etfectum
3301 3802 3381 3848 est
3409 3802 3467 3847 ut
3515 3810 3609 3863 pu-

2057 3887 2187 3941 dore
2255 3885 2594 3940 afficerentur
2645 3901 2832 3941 omnes
2895 3887 2985 3955 qui
3039 3885 3138 3953 ipsi
3192 3885 3470 3954 impimqne
3536 3885 3608 3940 illi

2059 3976 2295 4044 epistola:
2319 3976 2750 4030 adversabantur.
2779 3974 3014 4043 Namque
3041 3975 3227 4029 crebro
3255 3983 3310 4028 et
3336 3973 3607 4043 impuden-

2060 4074 2143 4120 ter
2184 4067 2323 4120 aliud
2368 4082 2486 4121 esse
2530 4066 2624 4120 Dei
2665 4066 2891 4120 Verbum
2938 4067 3199 4134 inquiens,
3243 4065 3402 4119 alium
3428 4073 3609 4118 autetn

2058 4153 2356 4222 Christum;
2399 4157 2557 4210 alium
2583 4157 2672 4225 qui
2698 4156 3013 4210 beneﬁcium
3049 4155 3299 4223 suscepit,
3331 4154 3491 4207 alium
3517 4153 3608 4221 qui

2059 4246 2312 4312 contulit;
2343 4246 2502 4300 alium
2528 4247 2618 4315 qui
2639 4247 2826 4308 salvat,
2854 4246 3012 4299 alium
3033 4246 3122 4313 qui
3148 4245 3402 4309 salvator,
3425 4252 3606 4311 aperte

2055 4338 2281 4393 salutem
2318 4337 2582 4391 inliciatur
2611 4344 2813 4406 partam
2851 4337 3003 4391 nobis
3030 4352 3127 4405 per
3163 4349 3407 4403 magnum
3440 4333 3607 4388 Deum

2059 4435 2115 4483 et
2150 4427 2478 4482 Salvatorem
2518 4434 2759 4480 nostrum
2797 4425 2974 4479 Jesum
3009 4424 3293 4481 Christum.
3328 4421 3607 4489 Quomodo

393 4509 533 4561 enim
581 4511 756 4567 salvos
795 4493 971 4567 facere
1015 4521 1191 4583 potest
1233 4516 1482 4586 reliquos,
1515 4518 1586 4581 is,
1616 4517 1705 4585 qui
1736 4532 1838 4571 non
1864 4530 2017 4572 secus
2057 4531 2122 4570 ac
2150 4517 2326 4570 cmteri
2354 4516 2662 4571 beneficium
2692 4516 2929 4584 percepit
2954 4515 3157 4581 salutis,
3187 4523 3345 4582 atque
3372 4513 3604 4566 salvatus

392 4599 510 4650 cst?
549 4598 832 4668 Cujusnam
877 4604 1035 4669 igitur
1077 4604 1273 4674 corpus
1320 4614 1374 4661 et
1408 4608 1714 4674 sanguinem
1762 4622 1970 4662 sumere
2013 4624 2071 4663 se
2109 4608 2432 4670 existimant,
2489 4607 2577 4675 qui
2622 4606 2737 4660 hate
2791 4607 3243 4675 blasphemantem
3285 4604 3603 4658 defendunt?

396 4682 585 4751 Ejusne
611 4689 702 4756 qui
728 4690 1041 4744 beneficium
1068 4693 1305 4757 contulit,
1344 4708 1411 4747 an
1448 4694 1561 4761 ejus
1602 4691 1692 4761 qui
1728 4694 1995 4762 suscepit?
2032 4693 2180 4759 Quod
2208 4693 2253 4747 si
2285 4692 2438 4747 Verbi
2465 4691 2559 4747 Dei
2607 4690 2923 4746 beneﬁcium
2959 4688 3279 4744 conferentis
3318 4702 3507 4756 capere
3544 4704 3601 4742 se

390 4787 715 4832 sacramenta
756 4784 1153 4849 responderint,
1185 4786 1452 4853 quomodo
1490 4786 1541 4839 id
1580 4787 1778 4854 dicant,
1811 4802 1930 4840 cum
1974 4786 2144 4854 ipsum
2193 4787 2523 4839 incarnatum
2569 4795 2625 4839 et
2670 4786 2938 4838 hominem
2982 4786 3178 4838 factum
3230 4798 3347 4837 esse
3384 4783 3600 4837 minime

390 4864 776 4922 conﬁteantur?
814 4869 906 4924 Sin
936 4880 1114 4926 autem
1143 4873 1256 4941 ejus
1293 4875 1377 4929 cui
1417 4876 1729 4931 beneficium
1766 4877 2016 4931 collatum
2046 4887 2127 4930 est
2167 4877 2414 4941 dixerint,
2462 4876 2623 4930 stulta
2665 4885 2746 4930 est
2785 4889 2911 4942 ergo
2958 4890 3143 4930 eorum
3173 4890 3313 4944 spes,
3362 4875 3452 4943 qui
3499 4875 3596 4928 ho-

387 4963 583 5017 minem
622 4964 767 5018 cultu
802 4977 1143 5036 venerantur,
1164 4972 1401 5038 quoniam
1448 4981 1732 5025 creaturam
1769 4990 1920 5043 super
1944 4971 2182 5027 Creatore
2212 4972 2552 5025 adorarerunt
2576 4970 2728 5041 (Sap.
2762 4984 2847 5032 xv,
2877 4966 2951 5037 5).

455 5062 617 5125 Ἡμεῖς
643 5054 695 5111 δὲ
722 5058 909 5119 πάντες
942 5060 991 5113 οἱο
1025 5070 1111 5120 τῆς
1138 5062 1393 5122 καθολικῆς
1421 5065 1679 5123 ἐκκλησίας
1705 5067 1791 5118 τὸν
1815 5069 1937 5119 Θεὸν

2109 5062 2217 5117 Nos
2246 5070 2422 5115 autem
2450 5074 2656 5125 omnes,
2688 5059 2777 5127 qui
2798 5056 3072 5112 catholicae
3101 5054 3347 5111 Ecclesia:
3387 5070 3592 5119 sumus,

385 5147 524 5216 λόγον
545 5150 877 5220 σαρκωθέντα,
902 5154 980 5205 καί
1016 5154 1457 5225 ἐνανθρωπήσαντα
1476 5195 1489 5217 ,
1520 5156 1605 5209 ἕνα
1632 5177 1685 5209 τε
1716 5153 1830 5210 ὄντα
1854 5164 1945 5215 τῆς

384 5235 531 5306 ἁγίας
562 5237 776 5312 Τριάδος
803 5241 1175 5311 ὁμολογοῦντες,
1205 5246 1359 5298 αὐτοῦ
1388 5249 1471 5299 καί
1494 5246 1551 5300 τὸ
1576 5258 1746 5315 σῶμα,
1775 5250 1860 5300 καί
1886 5249 1943 5301 τὸ

384 5323 508 5392 αἷμα
533 5324 787 5395 δεχόμεθα
831 5332 900 5389 είς
936 5328 1109 5400 ἄφεσιν
1150 5332 1422 5406 ἁμαρτιῶν,
1451 5338 1532 5388 καί
1558 5338 1626 5395 είς
1652 5340 1781 5398 ζωήν
1820 5338 1946 5388 αἰώ-

381 5434 499 5476 νιον,
539 5418 702 5476 καθὼς
728 5420 813 5470 καί
856 5421 1005 5478 αὐτὸς
1032 5420 1056 5473 ὁ
1084 5423 1253 5495 κύριος
1281 5423 1410 5494 λέγει
1438 5438 1449 5450 ·
1486 5441 1504 5473 ε
1532 5422 1590 5477 Ὀ
1617 5426 1819 5497 τρώγων
1849 5443 1942 5479 μου

379 5509 467 5559 τήν
493 5508 678 5576 σάρκα,
707 5511 787 5561 καὶ
810 5511 967 5563 πίνων
1008 5532 1106 5580 μου
1139 5513 1196 5566 τὸ
1238 5509 1384 5583 αἷμα,
1413 5512 1444 5567 ἕ
1446 5535 1534 5583 χει
1559 5519 1684 5579 ζωήν
1723 5516 1938 5580 αἰώνιον,

381 5594 515 5662 κὰγὼ
542 5596 807 5653 ἀναστήσω
834 5599 982 5651 αὐτὸν
1006 5601 1055 5652 ἄν
1082 5608 1142 5673 τῇ
1174 5602 1371 5674 ἐσχάτῃ
1399 5604 1561 5677 ἡμέρᾳ
1585 5619 1598 5633 ⁸
1626 5606 1656 5661 ἡ
1680 5605 1777 5679 γὰρ
1806 5604 1932 5680 σάρξ

378 5700 474 5746 μου
503 5683 692 5745 ἀληθῶς
728 5688 841 5741 ἔστι
869 5688 1082 5762 βρῶσις,
1109 5695 1190 5743 καί
1226 5692 1279 5744 τό
1449 5713 1545 5762 μου
1584 5694 1773 5753 ἀληθῶς
1817 5695 1931 5748 ἐστι

380 5768 551 5830 πόσιςο
600 5783 654 5827 '0
680 5779 881 5852 τρώγων
920 5799 1023 5848 μου
1071 5785 1158 5837 τὴν
1190 5779 1386 5855 σάρκα,
1431 5784 1512 5835 καί
1546 5782 1699 5836 πίνων
1732 5802 1826 5851 μου
1872 5783 1932 5835 τό

382 5853 526 5926 αἷμα.
559 5863 604 5913 ἓν
631 5865 739 5931 ἓμοί
767 5868 919 5932 μένει,
942 5870 1079 5938 κάγώ
1105 5869 1151 5921 ἐν
1366 5872 1526 5929 Καθὼς
1556 5871 1837 5924 ἀπέστειλέν
1866 5890 1929 5940 με

2046 5150 2138 5203 Dei
2166 5149 2391 5203 Verbum
2419 5149 2749 5203 incarnatum
2796 5155 2851 5200 et
2904 5146 3171 5200 hominem
3202 5144 3399 5200 factum
3433 5163 3595 5203 unam

2045 5252 2111 5292 ex
2131 5247 2325 5292 sanctae
2355 5236 2626 5292 Trinitatis
2671 5235 2913 5305 personis
2952 5251 3069 5290 esse
3097 5232 3430 5298 confitentes,
3478 5251 3594 5289 cor-

2044 5344 2143 5397 pus
2170 5327 2283 5395 ejus
2307 5336 2362 5382 et
2385 5328 2693 5396 sanguinem
2726 5327 2982 5381 sumimus
3011 5327 3063 5380 in
3086 5327 3449 5381 remissionem
3471 5340 3593 5393 pec-

2044 5425 2304 5482 catorum,
2345 5426 2399 5471 et
2427 5418 2480 5471 in
2508 5419 2669 5471 vitam
2698 5410 2949 5471 aeternam
2972 5434 2984 5469 :
3027 5417 3471 5484 quemadmodum
3499 5416 3591 5469 do-

2043 5507 2153 5562 cuit
2179 5520 2276 5560 nos
2302 5506 2415 5575 ipse
2444 5506 2699 5559 Dominus
2735 5504 2918 5558 dicens
2942 5520 2954 5555 :
3000 5503 3098 5566 Qui
3127 5504 3401 5557 manducat
3428 5519 3592 5556 meam

2043 5613 2248 5650 carnem
2275 5606 2325 5649 et
2352 5594 2476 5649 bibit
2504 5612 2666 5648 meum
2697 5595 2995 5665 sanguinem
3015 5635 3030 5661 ,
3079 5594 3228 5646 habet
3267 5595 3416 5646 vitam
3444 5603 3590 5647 mter-

2038 5702 2179 5751 nam,
2225 5694 2275 5739 et
2310 5702 2403 5756 ego
2431 5683 2740 5738 resuscitaba
2768 5700 2882 5737 eum
2908 5685 2962 5737 in
2996 5684 3270 5738 novissimo
3311 5683 3433 5737 die:
3468 5698 3589 5735 caro

2036 5779 2170 5831 enim
2197 5793 2310 5829 mea
2350 5792 2462 5829 vere
2489 5782 2563 5829 est
2605 5774 2766 5839 cibus,
2795 5782 2844 5827 et
2870 5774 3077 5842 sanguis
3118 5789 3257 5827 meus
3301 5781 3375 5827 est
3402 5782 3545 5843 potus
3566 5787 3585 5826 :

2036 5870 2122 5937 qui
2148 5868 2421 5921 manducat
2441 5882 2605 5921 meum
2625 5881 2830 5919 carnem
2859 5872 2907 5917 et
2931 5861 3054 5915 bibit
3082 5879 3246 5916 meum
3289 5860 3589 5929 sanguine!!!

450 5949 476 5975 ⁸
505 5949 668 6007 Forte
694 5954 971 6021 legendum
1000 5974 1010 6008 :
1043 5958 1098 6011 Ὀ
1129 5963 1266 6031 πρὸ..
1394 5962 1627 6029 ἐσχάτων
1654 5962 1817 6025 πάλιν,
1844 5964 1907 6021 ὥς
1932 5983 1959 6015 τ

2066 5986 2073 6009 ν
2099 5958 2427 6014 διδασκόντων
2452 5965 2598 6012 τοῦτο
2629 5960 2705 6011 ναί
2724 5953 2980 6028 λεγόντων,
3008 5954 3260 6015 οὐδενός...
3293 5951 3445 6006 Eutr.
