4088 6560
521 500 658 567 1055

1776 499 2209 560 JUSTINIANI
2252 502 2408 561 IMP.

3587 497 3732 562 1056

523 621 548 678 ό
574 630 666 684 ζῶν
690 627 880 696 πατὴρ,
903 625 1039 692 καὶγώ
1059 626 1128 685 ζῶ
1156 619 1238 676 διὰ
1268 621 1348 676 τόν
1373 624 1586 696 πατέρα,
1613 625 1700 675 καί
1739 623 1764 675 ὁ
1789 629 1996 695 τρώγων
2017 643 2080 690 με

2203 641 2235 676 ιι
2265 641 2343 677 me
2373 635 2562 688 manet,
2587 635 2635 677 et
2655 642 2747 694 ego
2769 627 2820 678 in
2849 641 2906 678 eo
2931 625 3106 692 (Joan.
3141 638 3226 690 γι,
3258 610 3367 689 54).
3418 622 3567 678 Sicut
3595 627 3750 680 misi!

522 713 742 772 κάκεῖνος
769 715 915 774 ζήτει
955 708 1018 764 δι’
1047 710 1151 779 ἑμί.
1181 726 1199 759 ε
1245 712 1341 762 Καί
1381 716 1545 765 ταῦτα
1574 711 1663 780 μίν
1701 711 1833 764 οὑτω
1874 712 1955 763 καί
1995 731 2084 765 πι-

523 801 778 865 στεύομεν,
803 801 890 852 καί
914 797 1266 868 ὁμολογοῦμεν.

593 976 755 1030 Πόσον
782 974 835 1031 ὂί
865 973 1082 1045 ψεύδους
1109 975 1248 1028 ἐστίν
1277 975 1474 1028 κάκεῖνο
1499 975 1696 1046 μεστόν,
1717 970 1842 1046 ὅπερ
1864 982 1925 1044 τῇ
1964 995 2079 1042 μνη·

525 1067 814 1137 μονωθείσῃ
844 1067 1022 1120 ἀσεϐεῖ
1046 1065 1284 1137 ἐπιστολῇ
1312 1065 1609 1139 περιέχεται
1634 1067 1751 1138 περί
1775 1073 1873 1118 τῶν
1894 1063 2086 1118 δώδεκα

523 1157 792 1225 κεφαλαίων
819 1163 908 1209 τοῦ
949 1158 998 1209 iv
1025 1156 1184 1227 ἁγίοις
1213 1155 1484 1228 Κυρίλλου;
1525 1161 1825 1224 Συκοφαντεῖ
1856 1156 1952 1227 γὰρ
1991 1154 2084 1206 αύ-

523 1246 625 1309 τὸν,
664 1248 731 1304 ὡς
759 1248 876 1314 μίαν
906 1247 1049 1316 φύσιν
1086 1253 1176 1304 τῆς
1201 1245 1446 1303 Θεότητος
1482 1247 1564 1297 καί
1588 1251 1678 1302 τῆς
1703 1244 2086 1316 ἀνθρωπότητος

524 1340 616 1388 τοῦ
659 1341 877 1407 Χριστοῦ
917 1335 964 1386 iv
989 1335 1186 1393 τούτοις
1225 1334 1454 1404 λέγοντα,
1491 1336 1577 1386 καί
1619 1331 1703 1387 διὰ
1730 1339 1880 1386 τοῦτο
1918 1334 2087 1392 πάσης

525 1426 760 1485 ἀσεϐεάς
796 1426 1155 1498 πεπληρῶσθαι
1189 1427 1255 1479 τά
1298 1426 1426 1478 αὑτά
1469 1424 1708 1495 κεφάλαια
1749 1424 1900 1495 λέγει.
1923 1421 2085 1497 Ὀπερ

525 1513 552 1568 ὃ
575 1515 816 1587 ὑμέτερος
834 1512 1134 1573 διδασκαλος
1158 1514 1454 1585 πανούργως
1474 1512 1777 1586 ἑρμηνευσαι
1810 1512 1962 1581 λέγων
1991 1509 2082 1582 [Ιθ.

525 1605 834 1674 ἑρμηνεύσας
881 1600 1060 1674 λίγειἸ.
1098 1607 1165 1666 μή
1211 1601 1294 1656 διὰ
1336 1604 1400 1657 τά
1439 1600 1630 1656 δώδεκα
1680 1601 1920 1672 κεφάλαια
1948 1602 1994 1653 iv
2026 1608 2088 1672 τῇ

527 1693 766 1764 ίπιστολῇ
805 1693 1032 1761 εἰρῆσθαι
1051 1689 1129 1745 ὅτι
1154 1697 1319 1745 ταῦτα
1343 1691 1512 1750 πάσης
1539 1691 1776 1749 ἀσεϐείας
1804 1690 2090 1764 πεπλήρων-

527 1805 630 1850 ται,
671 1783 774 1837 ἀλλ’
800 1781 876 1837 ὅτι
901 1781 1093 1855 ὄρηται
1118 1783 1236 1852 μίαν
1272 1778 1396 1835 εἶναι
1434 1782 1585 1854 φύσιν
1616 1782 1850 1841 θεότητος
1885 1785 1970 1835 καί
2010 1783 2089 1836 ἀν-

526 1875 867 1950 θρωπότητος.
884 1871 1045 1948 Ὀπερ
1074 1875 1318 1951 προφανὲς
1345 1871 1529 1943 ψεῦδός
1554 1874 1715 1926 ἐστιν.

2181 731 2260 768 me
2287 717 2452 770 vivens
2493 714 2666 782 Pater,
2694 726 2742 768 et
2769 731 2862 786 ego
2901 717 3008 768 vivo
3038 723 3246 783 prapter
3293 713 3522 776 Patrem,
3554 726 3603 768 et
3645 718 3746 783 qui

2183 805 2458 857 manducat
2502 821 2582 858 me
2630 814 2680 857 et
2716 805 2826 874 ipse
2868 805 2993 858 vivet
3039 812 3246 872 propter
3275 819 3373 855 me.
3407 803 3580 871 Atque
3621 805 3746 859 'W‘c

2181 894 2394 963 quidem
2423 894 2690 949 credimus
2715 901 2770 947 et
2797 893 3129 948 conﬁtemur.

2252 984 2447 1048 Quanti
2494 999 2707 1053 quoque
2751 982 3014 1038 mendacii
3061 982 3273 1050 plenum
3321 991 3405 1038 est
3434 983 3483 1037 id
3513 983 3745 1052 quodin

2183 1082 2474 1128 memorata
2503 1074 2663 1142 impia
2691 1073 2915 1141 epistola
2964 1072 3030 1126 de
3051 1073 3331 1127 duodecim
3361 1075 3528 1127 sancti
3557 1074 3747 1143 Cyrilli

2183 1164 2442 1232 capitibus
2469 1164 2774 1218 continetur
2799 1162 2812 1214 !
2844 1163 3207 1217 Calumniator
3229 1179 3458 1230 namque
3484 1161 3744 1233 Cyrillum

2185 1253 2375 1320 ipsum,
2405 1251 2548 1319 quod
2586 1267 2745 1305 unam
2775 1251 3064 1305 divinitatis
3087 1251 3538 1319 humanitatisque
3580 1261 3744 1306 natu-

2185 1355 2298 1393 ram
2328 1340 2380 1393 in
2409 1339 2640 1406 Christo,
2669 1341 2720 1392 in
2751 1339 2980 1408 prmlatis
3021 1340 3282 1407 capitibus
3310 1339 3604 1403 admiserit,
3654 1341 3744 1393 in-

2184 1429 2358 1497 deque
2399 1436 2604 1482 scatere
2652 1442 2714 1480 ea
2743 1429 2919 1496 capita
2957 1426 3229 1482 concludit
3254 1429 3398 1481 omni
3445 1428 3744 1496 iniquitate,

2185 1517 2327 1585 quod
2360 1518 2530 1585 ipsum
2559 1515 2748 1570 callide
2777 1517 2842 1568 ab
2870 1524 3200 1585 praeceptore
3233 1524 3411 1569 vestro
3433 1517 3739 1584 expositum

2186 1617 2286 1671 est,
2335 1607 2562 1670 dicente,
2610 1621 2717 1659 non
2763 1614 2820 1660 ut
2867 1606 2965 1674 ipsi
3011 1607 3200 1675 injuria
3249 1605 3398 1660 ﬁeret
3445 1621 3508 1660 ea
3550 1615 3745 1661 vocata

2187 1698 2348 1754 fuisse
2379 1697 2637 1752 universae
2685 1697 2972 1764 impietatis
3015 1697 3206 1765 plena,
3257 1696 3350 1750 sed
3379 1697 3629 1764 quoniam
3668 1697 3743 1750 ibi

2187 1789 2396 1843 unicam
2424 1803 2542 1841 esse
2569 1787 2792 1841 docetur
2818 1786 3108 1840 divinitatis
3150 1787 3622 1855 humanitatisque'
3639 1803 3743 1841 na-

2190 1886 2382 1930 turam.
2421 1875 2475 1929 ld
2503 1883 2680 1929 autem
2709 1874 2948 1943 putidum
2975 1883 3057 1928 est
3079 1883 3368 1942 patensque
3385 1876 3740 1931 mendacium.

596 1962 654 2017 ⁸ο
698 1964 794 2034 γὰρ
824 1963 871 2016 iv
898 1963 1058 2035 ἁγίοις
1097 1963 1327 2036 εύριλλος
1353 1959 1466 2016 οὔτε
1509 1963 1557 2014 iv
1597 1967 1708 2020 τοῖς
1743 1957 1903 2020 ἄλλοις
1935 1961 2084 2013 αὑτοῦ

2202 1964 2382 2017 Nullibi
2418 1964 2558 2017 enim
2603 1962 2999 2016 demonstratur
3049 1960 3325 2032 Cyrillum,
3367 1978 3538 2031 neque
3573 1963 3627 2017 in
3676 1978 3743 2020 ea

528 2054 936 2127 συγγράμμασιν,
971 2049 1086 2105 οὔτε
1121 2051 1169 2103 ἐν
1210 2059 1271 2121 τῇ
1312 2050 1570 2122 ἐπιστολῇ,
1682 2069 1778 2105 τινι
1806 2052 1870 2104 τὰ
1899 2046 2093 2102 δώδεκα

530 2142 768 2214 κεφάλαια
795 2142 1146 2206 ὑποτέτακται,
1175 2140 1280 2195 ἀλλ’
1323 2139 1436 2194 οὑδέ
1477 2142 1525 2193 ἐν
1569 2142 1746 2200 αὑτοῖς
1794 2147 1901 2200 τοῖς
1949 2159 2096 2210 κεφα-

530 2232 684 2293 λαίοις
713 2235 831 2304 μίαν
859 2233 1004 2303 φύσιν
1035 2232 1265 2290 θεότητος
1309 2233 1392 2285 καί
1432 2231 1811 2305 ἀνθρωπότητος
1848 2229 2094 2285 δείκνυται

533 2328 770 2397 ε’ρηκώς,
816 2318 939 2376 ἀλλά
972 2327 1088 2394 μίαν
1115 2323 1396 2376 ὑπόστασιν
1423 2322 1531 2380 ἤτοι
1556 2320 1830 2395 πρόσωπον
1861 2330 1951 2381 τῆς
1989 2320 2093 2374 θεόο

533 2433 683 2472 τητος
719 2413 801 2465 καί
840 2419 928 2471 τῆς
958 2408 1338 2485 ἀνθρωπιὴητος
1378 2416 1465 2464 τοῦ
1508 2417 1726 2485 Χριστοῦ
1766 2406 1888 2463 εἶναι
1918 2407 2093 2462 διδάσ-

536 2523 630 2556 κει.
654 2499 814 2574 Ὀπερ
851 2503 934 2554 καί
957 2497 987 2553 ἡ
1015 2499 1134 2570 ἁγία
1158 2506 1248 2553 τοῦ
1279 2506 1403 2553 Θεοῦ
1446 2499 1680 2554 ἐκκλησία
1721 2500 1972 2573 κηρύττει,
2014 2498 2097 2550 καί

536 2589 722 2648 πάντες
751 2589 795 2641 οί
832 2589 1048 2660 πατέρες
1083 2585 1337 2650 ἐδίδαξαν,
1369 2588 1804 2657 ἀναθεματίζοντες
1840 2589 1956 2646 τούς
1982 2590 2098 2655 μίαν

538 2679 686 2749 φύσιν
713 2684 802 2735 τῆς
829 2676 1057 2734 θεότητος
1086 2678 1168 2728 καί
1207 2683 1296 2734 τῆς
1337 2676 1719 2749 ἀνθρωπότητος
1760 2681 1849 2730 τοῦ
1881 2682 2096 2747 Χριστοῦ

537 2766 783 2838 λέγοντας.
812 2763 956 2820 ’Δλλο
998 2767 1096 2841 γάρ
1138 2767 1246 2818 ἐστι
1283 2767 1450 2837 φ·Ῑσις,
1495 2769 1580 2818 καί
1620 2763 1735 2819 ἄλλο
1787 2767 2094 2830 ὑπίστσσις,

538 2857 647 2915 ἤτοι
674 2857 967 2928 πρόσωπον.
1001 2858 1086 2908 Καὶ
1125 2857 1156 2912 ἡ
1191 2857 1282 2926 μὲν
1313 2855 1464 2926 φύσις
1489 2855 1548 2909 τό
1589 2861 1757 2913 κοινῶς
1784 2858 1864 2908 καί
1895 2863 2100 2925 γενικῶς

539 2951 666 3004 κατά
711 2949 910 3002 πάντων
961 2949 1247 3020 προσώπων
1294 2948 1724 3020 κατηγορούμενον
1770 2948 2020 3014 σημαίνει,
2069 2947 2100 3004 ἡ

539 3039 822 3097 ὑπόστασις
850 3036 902 3090 δὲ
951 3035 1060 3092 ἤτοι
1101 3037 1369 3108 πρόσωπον
1395 3037 1454 3090 τό
1489 3034 1643 3090 ίδικόν
1677 3035 1917 3090 δείκνυσι·
1946 3035 2103 3108 πρόσ-

540 3148 674 3181 ωπον
721 3129 820 3200 γὰρ
865 3125 912 3176 iv
945 3121 1073 3192 ἄλλῳ
1102 3126 1356 3196 προσώπῳ
1395 3119 1487 3176 οὒκ
1514 3123 1881 3196 ίπιθιωρείται.
1908 3120 2022 3175 Ὀτι
2049 3120 2102 3176 δέ

541 3219 571 3274 ἦ
599 3218 808 3286 μυσαρὰ
837 3214 1075 3271 ἐπιστολὴ
1116 3215 1234 3285 περί
1266 3220 1364 3267 τῶν
1401 3210 1594 3265 δώδεκα
1632 3212 1900 3282 κεφαλαίων
1935 3217 2026 3266 τοῦ
2054 3213 2102 3264 iv

2189 2053 2414 2122 epistola
2444 2066 2560 2119 qua:
2587 2050 2863 2106 duodecim
2891 2050 3122 2119 capitula
3148 2051 3536 2118 complectitur,
3571 2066 3747 2121 neque

2190 2141 2243 2194 in
2271 2155 2456 2194 eorum
2485 2139 2716 2206 capitum
2755 2138 2956 2207 aliquo,
3007 2153 3181 2205 neque
3209 2134 3263 2191 in
3291 2141 3498 2194 caeteris
3525 2141 3745 2207 quibus-

2191 2230 2321 2284 libet
2365 2229 2514 2282 libris
2555 2228 2666 2283 suis
2713 2228 2925 2283 unicam
2969 2229 3258 2284 divinitatis
3301 2231 3749 2298 humanitatisque

2192 2329 2431 2376 naturam
2460 2319 2674 2384 dixisse,
2706 2333 2825 2372 cum
2855 2327 3040 2373 contra
3070 2321 3267 2374 diserte
3294 2321 3503 2383 doceat,
3533 2321 3749 2375 unicam

2193 2425 2311 2465 esse
2341 2410 2392 2464 in
2420 2409 2632 2464 Christo
2687 2408 2976 2463 divinitatis
3024 2410 3466 2478 humanitatisque
3494 2411 3750 2482 hyposta~

2193 2501 2292 2553 sim
2322 2501 2434 2554 sive
2463 2513 2764 2568 personam,
2810 2497 2954 2565 quod
2995 2508 3179 2554 sancta
3209 2499 3301 2554 Dei
3339 2499 3617 2568 proﬁtetur
3646 2499 3747 2554 Ec-

2193 2590 2376 2652 clesia,
2423 2589 2762 2655 universique
2808 2586 2991 2642 Patres
3034 2598 3291 2658 perpetuo
3337 2590 3586 2654 docuere,
3629 2607 3752 2644 θυαε

2196 2683 2374 2737 thema
2423 2666 2475 2734 in
2505 2695 2599 2734 eos
2652 2679 2890 2733 dicentes
2935 2679 3026 2747 qui
3062 2681 3266 2734 unicam
3317 2680 3610 2734 divinitatis
3655 2682 3754 2734 hu-

2197 2773 2569 2838 manitatisque
2634 2777 2874 2824 naturam
2941 2784 3060 2824 esse
3116 2771 3169 2824 in
3223 2770 3434 2824 Christo
3474 2771 3749 2836 dicerent;

2199 2861 2342 2914 aliud
2404 2859 2599 2927 quippe
2654 2865 2840 2911 natura
2898 2866 3012 2924 est,
3087 2859 3226 2912 aliud
3286 2860 3586 2930 hypostasis
3636 2861 3754 2913 sive

2202 2962 2454 3018 persona.
2499 2946 2696 3000 Natura
2723 2945 2972 3000 videlicet
2999 2949 3352 3002 communiter
3402 2957 3561 3014 atque
3589 2961 3753 3013 gene-

2200 3039 2311 3093 rice
2337 3038 2406 3092 de
2445 3036 2632 3106 quavis
2658 3050 2884 3104 persona
2913 3035 3252 3104 prmdicatur,
3302 3050 3526 3105 persona
3556 3046 3754 3098 autem,

2207 3129 2320 3204 sive
2346 3127 2650 3198 bypostasis
2676 3127 2926 3194 exprimit
2959 3127 3338 3195 proprietatem
3363 3144 3378 3192 ;
3411 3129 3757 3194 quamobrem

2207 3233 2309 3274 una
2353 3232 2584 3287 persona
2631 3215 2846 3270 minime
2899 3219 2951 3270 in
2995 3217 3162 3270 altera
3192 3215 3577 3271 consideratur.
3609 3215 3758 3282 Quo-

543 3304 700 3373 ἁγίοις
746 3302 977 3376 κυρίλλου
1014 3302 1163 3371 λέγει,
1193 3303 1259 3360 ὡς
1287 3300 1458 3358 πάσης
1482 3300 1719 3358 ἀσεϐείας
1760 3301 2100 3371 πεπλήρωται,

2206 3308 2346 3361 niam
2372 3315 2547 3360 autem
2570 3305 2621 3358 in
2648 3302 2884 3373 improba
2908 3319 2970 3360 ea
2985 3305 3205 3374 epistola
3219 3307 3282 3360 de
3297 3307 3571 3360 duodecim
3589 3305 3758 3360 sancti

543 3391 734 3454 ἶξεστιν
758 3392 874 3460 ὑμῖν
900 3387 956 3443 ix
985 3397 1082 3444 τῶν
1099 3391 1266 3460 ἐφεξῆς
1291 3397 1381 3446 τῆς
1409 3391 1565 3446 αὐτῆς
1591 3389 1812 3448 ἀσεϐοῦς
1838 3389 2104 3449 ἐπιστολῆς

545 3489 695 3537 τοῦτο
723 3483 911 3554 εὑρεῖν,
945 3482 993 3533 iv
1035 3477 1106 3540 οἷς
1130 3487 1349 3554 φανερῶς
1389 3478 1522 3535 εἶπεν
1549 3483 1614 3535 τά
1649 3483 1778 3535 αύτά
1805 3479 1993 3536 δώδεκα
2020 3502 2105 3535 κε-

545 3575 728 3644 φάλαια
755 3574 950 3625 ίναντία
969 3567 1092 3624 εἶναι
1115 3578 1177 3645 τῇ
1203 3572 1323 3646 ὀρθῇ
1341 3573 1532 3625 πίστει.
1554 3569 1756 3630 Ἐπειδή
1784 3571 1836 3626 di
1865 3575 2108 3643 μέμφεται

547 3666 575 3720 ἡ
603 3665 727 3721 αύτιό
765 3662 954 3721 ἀσεϐής
995 3661 1228 3718 ίπιστολή
1270 3663 1300 3719 ἡ
1339 3662 1570 3731 λεγομένη
1591 3658 1704 3716 Ἴϐα
1730 3662 1818 3716 τὸν
1863 3660 1913 3715 iv
1948 3660 2109 3732 ἁγίοις

549 3752 796 3828 κύριλλον,
827 3754 895 3812 ὡς
922 3759 1090 3822 φωνῶν
1135 3749 1370 3824 διαφορὰν
1399 3753 1791 3824 ἀπαρνούμενον.
1839 3753 2107 3822 γινώσκετε

551 3844 631 3900 ὅτι
673 3845 754 3896 καί
792 3845 840 3896 iv
880 3844 1044 3910 τούτῳ
1071 3844 1156 3894 καί
1181 3840 1207 3895 ό
1234 3840 1436 3915 γράψας
1476 3846 1566 3900 την
1609 3842 1772 3899 ἀσεϐῆ
1824 3842 2105 3905 ἐπιστολήν,

552 3936 633 3986 καί
671 3932 697 3986 ό
732 3933 971 4007 ὑμέτερος
997 3929 1296 3989 διδάσκαλος
1334 3928 1597 4000 ψεύδεται.
1620 3929 1693 3984 Ἐν
1721 3937 1849 3986 πᾶσι
1873 3931 1970 4003 γάρ
2008 3938 2110 3989 τοῖς

549 4025 692 4085 ίδὶοις
717 4025 877 4095 λόγοις
904 4023 930 4076 ό
954 4025 1003 4076 iv
1031 4022 1190 4093 ἁγίοις
1221 4023 1472 4098 κὺριλλος,
1514 4026 1633 4096 περί
1659 4029 1748 4078 τοῦ
1777 4025 1950 4091 κυρίου
1975 4024 2110 4092 ἡμῶν

545 4113 709 4174 Ἰησοῦ
731 4121 952 4188 Χριστοῦ
978 4112 1246 4177 διδάσκων,
1276 4120 1440 4184 φωνῶν
1465 4115 1598 4186 λᾶγει
1621 4113 1878 4187 διαφορὰν,
1909 4119 1992 4167 καί
2018 4115 2110 4172 τὰς

550 4209 637 4266 μίν
679 4207 875 4269 ὑψηλάς
915 4206 1044 4259 κατά
1089 4209 1177 4262 τήν
1211 4205 1420 4261 θεότητα
1465 4205 1652 4266 αὑτοῦ,
1679 4208 1771 4263 τὰς
1795 4203 1847 4258 δί
1873 4205 2110 4262 ταπεινὰς

549 4300 672 4350 ινατά
709 4301 797 4354 τήν
835 4296 1188 4368 ἀνθρωπότητα
1227 4296 1406 4356 αὑτοῦ,
1445 4297 1620 4352 πάσας
1649 4292 1700 4348 δὲ
1731 4293 1864 4364 ὅμως
1903 4294 1950 4355 ἐξ
1978 4293 2108 4355 ἐνὸς,

547 4388 634 4438 καί
667 4388 782 4458 περί
815 4384 943 4446 ἑνός,
974 4386 1058 4436 καί
1085 4387 1175 4436 τοῦ
1217 4384 1369 4436 αὑτοῦ
1399 4388 1524 4436 Θεοῦ
1553 4382 1695 4452 λόγου
1723 4383 2110 4456 σεσαρκωμένου

551 4478 800 4552 εἰρῆσθαι’
846 4476 1145 4550 ἀπαγορεύει
1195 4471 1248 4527 δέ
1293 4472 1318 4527 ό
1363 4474 1509 4532 αὑτὸς
1553 4475 1602 4526 iv
1647 4473 1808 4547 ἁγίοις
1846 4474 2110 4547 Κύριλλος,

549 4566 684 4637 ἄλλῳ
735 4571 816 4620 καί
871 4563 999 4635 ἄλλῳ
1044 4567 1311 4636 προσώπῳ
1350 4563 1664 4633 διανέμεσθαι
1710 4564 1921 4623 ταύτας.
1973 4560 2114 4620 Ἀλλά

2205 3396 2384 3467 Cyrilli
2407 3395 2666 3464 capitibus
2701 3394 2910 3459 dicitur,
2951 3395 3066 3463 ipsa
3094 3410 3211 3450 esse
3241 3396 3533 3463 iniquitatis
3577 3395 3760 3464 plena,

2207 3489 2258 3542 id
2298 3501 2455 3556 quam
2501 3483 2689 3538 falsum
2737 3484 2807 3538 sit
2833 3500 2900 3539 ex
2929 3484 3043 3553 ipsa
3064 3485 3304 3556 epistola:
3347 3486 3486 3541 serie
3513 3487 3761 3556 pervesti-

2205 3591 2332 3646 gare
2359 3576 2536 3630 licebit
2565 3575 2760 3644 illaque
2790 3576 3120 3644 perquirere,
3167 3577 3221 3631 in
3263 3577 3454 3644 quibus
3478 3577 3762 3632 duodecim

2206 3682 2270 3722 ea
2298 3666 2470 3735 capita
2499 3663 2729 3718 afﬁrmat
2752 3680 2872 3718 eum
2903 3675 3048 3720 recta
3078 3665 3180 3721 ﬁde
3205 3681 3460 3736 pugnare.
3504 3667 3636 3720 Cum
3659 3682 3762 3720 au-

2209 3762 2316 3808 tem
2341 3753 2500 3821 impia
2527 3768 2591 3808 ea
2617 3752 2842 3821 epistola
2867 3767 2986 3822 qua:
3009 3754 3111 3808 lba:
3135 3754 3348 3823 dicitur,
3378 3757 3556 3824 negati
3582 3758 3766 3826 appel-

2209 3841 2466 3896 lationttm
2496 3840 2814 3894 discriminis
2833 3850 3073 3896 sanctum
3093 3842 3346 3914 Cyrillum
3369 3854 3600 3911 accuset,
3623 3847 3764 3900 scia-

2209 3932 2299 3999 tis,
2343 3932 2484 3986 circa
2536 3932 2638 3986 hoc
2683 3931 2858 4001 ipsum
2903 3946 3117 4000 quoque
3162 3948 3269 3986 non
3316 3931 3479 3988 modo
3524 3935 3768 4002 epistola

2209 4021 2348 4077 illius
2373 4021 2709 4090 scriptorem,
2737 4037 2919 4076 verum
2950 4023 3255 4090 magistrum
3286 4038 3499 4092 quoque
3527 4033 3768 4080 vestrum

2208 4126 2328 4166 esse
2379 4112 2681 4166 mentitum.
2732 4111 3017 4168 Enimvero
3061 4128 3379 4182 quocunque
3421 4115 3474 4168 in
3518 4130 3770 4168 sermone

2209 4215 2306 4256 suo
2333 4209 2546 4256 sanctus
2569 4200 2796 4272 Cyrillus
2823 4201 2889 4254 de
2915 4200 3041 4256 Jesu
3083 4201 3297 4258 Christo
3326 4203 3552 4258 Domino
3584 4212 3771 4258 nostro

2209 4303 2511 4343 sermonem
2535 4289 2782 4352 instituit,
2812 4291 3225 4360 appellationum
3247 4292 3359 4346 sive
3380 4292 3772 4365 depominatio—

2211 4395 2334 4433 num
2361 4380 2643 4435 discrimen
2667 4382 2768 4434 hoc
2795 4381 2970 4446 docet,
2995 4389 3052 4436 et
3071 4382 3322 4437 sublimes
3343 4381 3555 4456 quidem
3582 4382 3772 4440 dicen-

2210 4470 2264 4526 di
2300 4471 2534 4526 rationes
2564 4471 2662 4540 ipsi
2698 4470 2991 4526 secundum
3019 4471 3368 4537 divinitatem,
3415 4473 3643 4526 humiles
3682 4487 3776 4532 au-

2211 4569 2319 4614 tem
2371 4566 2426 4612 et
2453 4559 2711 4614 demissas
2739 4561 3024 4615 secundum
3055 4561 3439 4615 humanitatem
3463 4563 3774 4623 convenire,

549 4657 888 4728 ἀναμφιϐόλως
910 4657 1054 4725 ὑμεῖς
1077 4653 1168 4709 δύο
1196 4657 1491 4728 προσώποις
1512 4652 1757 4724 διανέμειν
1780 4654 1996 4713 θέλοντες
2019 4656 2103 4714 τάς

2213 4664 2400 4704 omnes
2426 4657 2603 4704 tamen
2653 4665 2718 4704 ex
2751 4666 2855 4703 uno
2883 4660 3044 4719 atque
3083 4651 3150 4706 de
3182 4667 3288 4705 uno
3338 4651 3612 4707 incarnato
3661 4652 3777 4707 Deo

547 4745 744 4818 φωνάς,
777 4742 860 4800 διὰ
895 4753 1047 4799 τοῦτο
1087 4745 1251 4816 λέγετε
1289 4746 1372 4799 τόν
1412 4746 1462 4797 iv
1500 4743 1659 4815 ἁγίοις
1692 4742 1918 4820 ιὺριλλον
1945 4749 2114 4816 φωνῶν

547 4835 784 4910 διαφορὰν
831 4835 1240 4908 ἀπαρνήσασθαι.
1278 4830 1480 4891 Ἐπειδὴ
1525 4830 1578 4886 δὲ
1631 4832 1925 4904 βουλόμενος
1979 4831 2116 4899 ὑμᾶς

550 4930 813 4986 ἀπατῆσαι
858 4928 943 4979 καί
971 4926 1020 4977 iv
1045 4927 1209 4994 τούτῳ
1241 4923 1267 4978 ό
1311 4924 1608 4985 διδάσκαλος
1640 4926 1780 4994 ὑμῶν
1816 4920 1983 4987 εἶπεν,
2029 4929 2117 4982 την

547 5019 700 5074 αὐτὴν
733 5015 892 5072 ἀσεϐῆ
940 5015 1197 5073 ίπιστολήν
1230 5020 1320 5073 τήν
1353 5015 1620 5085 λεγομένην
1657 5013 1772 5068 Ἴϐα
1797 5024 1888 5074 τῆς
1923 5015 2116 5070 ’Δπολιη

546 5090 719 5182 νᾳρίου
741 5105 976 5164 ἀσεϐείας
995 5105 1345 5178 καταγράφειν,
1369 5107 1451 5158 καί
1465 5103 1546 5158 διὰ
1564 5111 1714 5160 τοῦτο
1737 5105 1935 5176 ὀφείλειν
1955 5106 2112 5164 αὑτήν

551 5194 802 5266 ὀρθόδοξον
825 5196 1130 5265 νομίζεσθαι⁹
1167 5195 1346 5249 εἰδέναι
1369 5197 1503 5265 ὑμᾶς
1529 5203 1637 5271 χρὴ
1670 5193 1747 5251 ὅτι
1772 5201 1857 5251 καί
1878 5198 1925 5250 iv
1947 5199 2111 5268 τούτῳ

551 5284 818 5356 ἐψεύσατο⁸
842 5283 956 5338 οὔτε
977 5287 1074 5359 γάρ
1095 5287 1219 5340 κατά
1245 5287 1606 5358 ’Δποῖ⁶.ιναρίσυ.
1627 5284 1854 5360 καθάπερ
1884 5288 2113 5359 ἀνωτέρω

549 5379 840 5448 είρύκαμεν,
869 5375 1170 5446 γέγραπται·
1197 5373 1334 5444 ὅμως
1355 5374 1408 5429 δὲ
1432 5377 1476 5429 εί
1495 5380 1576 5428 καί
1600 5375 1706 5430 καθ’
1732 5377 1865 5444 ὑμᾶς
1884 5383 2030 5430 τοῦτο
2055 5374 2114 5435 ἦν

545 5465 742 5527 ἀληθές,
765 5465 824 5516 ού
846 5462 927 5518 διά
947 5470 1098 5520 τοῦτο
1118 5466 1440 5538 ἠλευθεροῦτο
1461 5473 1550 5524 τῆς
1572 5467 1910 5539 κατακρίσεως
1930 5468 1960 5524 ἦ
1983 5469 2116 5524 αὑτὴ

548 5557 807 5612 ἐπιστολή.
847 5551 942 5608 κᾶν
977 5553 1072 5628 γὰρ
1110 5553 1255 5614 εἴτις
1297 5556 1543 5628 αἱρετικός
1571 5551 1700 5610 κατὰ
1739 5558 2020 5633 ατρετικοῦ,
2059 5554 2118 5610 οὑ

548 5643 629 5697 διά
651 5650 802 5697 τοῦτο
822 5644 972 5703 αὑτὸς
987 5642 1242 5716 όρθόδοξος
1263 5642 1528 5699 δείκνυται.
1554 5648 1637 5699 Καὶ
1660 5643 1854 5719 ’Ἄρειος
1873 5647 1970 5720 γάρ
1991 5649 2120 5702 κατά

550 5744 577 5785 2
622 5733 646 5764 θ
673 5732 744 5784 λλ⁹
861 5728 882 5751 '
1111 5732 1156 5752 "
1358 5737 1367 5750 '
1619 5734 1629 5752 ‘
1663 5737 1676 5754 '
1782 5741 1787 5747 '
1990 5739 1999 5754 '
2077 5739 2088 5754 ‘

579 5752 670 5785 αμε
729 5752 807 5786 ιου
837 5753 1007 5795 ειπεν,
1039 5754 1123 5788 και
1158 5735 1484 5806 Δπολιναριος
1509 5758 1638 5790 κατα
1681 5744 2002 5813 Δρειου,ηκαι
2030 5747 2120 5790 Ευ-

548 5822 720 5888 τνχὺς
765 5816 898 5876 κατά
941 5825 1234 5897 Νεστορίου.
1278 5825 1367 5876 [αἱ
1403 5819 1494 5876 κᾶν
1535 5826 1602 5880 τά
1639 5825 1866 5892 μάλιστα
1899 5825 2119 5901 διαφόρῳ

553 5912 703 5977 xm;
734 5907 916 5969 πάντες
950 5908 1088 5965 οὗτοι
1129 5914 1456 5982 κατείχοντο,
1500 5910 1637 5983 ὅμως
1675 5914 1838 5975 οὑδείς
1868 5917 2030 5971 αὐτῶν
2067 5915 2118 5969 ix

2217 4737 2397 4791 Verbo
2428 4737 2722 4807 prmdicari.
2762 4738 2922 4793 Vetat
2941 4750 3118 4794 autem
3145 4739 3374 4809 Cyrillus
3401 4756 3470 4794 ne
3513 4741 3778 4808 ejusmodi

2215 4828 2676 4888 denominationes
2703 4829 2792 4884 alii
2841 4840 2899 4884 et
2927 4831 3014 4884 alii
3045 4845 3287 4900 persona:
3309 4830 3516 4886 divisim
3547 4833 3779 4891 tribuan-

2216 4926 2324 4972 tur.
2359 4919 2470 4974 Vos
2497 4927 2677 4973 autem
2708 4921 2891 4989 procul
2921 4921 3083 4974 dubio
3112 4921 3310 4990 duplici
3341 4921 3622 4990 sejunctim
3652 4937 3782 4990 per-

2217 5042 2365 5081 sonte
2426 5026 2687 5096 ejusmodi
2744 5029 3129 5097 appellationes
3200 5031 3435 5084 tribuere
3493 5031 3733 5084 volentes
3758 5070 3776 5096 ,

2219 5119 2471 5189 Cyrillum
2520 5120 2640 5174 ideo
2689 5121 3101 5188 appellationum
3148 5121 3452 5176 discrimina
3496 5121 3782 5175 sustulisse

2215 5209 2630 5264 calumniamini.
2673 5209 2805 5263 Cum
2853 5211 2995 5263 enim
3035 5212 3177 5264 circa
3218 5211 3319 5265 hoc
3347 5225 3560 5278 quoque
3596 5226 3692 5265 vos
3720 5211 3779 5264 in

2215 5312 2449 5351 errorem
2472 5297 2719 5352 inducere
2743 5299 2840 5353 sibi
2867 5300 3226 5367 pr0posuisset
3257 5302 3306 5354 in
3329 5301 3503 5354 animo
3526 5302 3784 5368 magister

2218 5396 2414 5450 vester,
2464 5387 2645 5454 itaque
2693 5396 3025 5441 commentus
3049 5395 3189 5442 esset
3219 5403 3336 5442 eam
3365 5387 3483 5455 qua:
3509 5389 3613 5441 Iba:
3642 5389 3782 5442 dici-

2223 5483 2310 5528 tur
2338 5473 2620 5543 epistolam
2641 5473 2897 5528 adversus
2929 5475 3236 5543 Apollinarii
3265 5477 3590 5545 impietatem
3621 5473 3785 5532 fuisse

2223 5566 2622 5634 perscriptam,
2657 5565 2985 5634 proindeque
3051 5566 3304 5635 expedire
3357 5575 3418 5620 ut
3472 5566 3779 5620 orthodoxa

2216 5650 2568 5720 judicaretur,
2599 5651 3034 5708 animadvertatis
3077 5661 3310 5720 oportet,
3343 5669 3408 5708 eo
3431 5668 3646 5721 quoque
3675 5652 3782 5707 loci

2221 5745 2500 5793 mentitum
2529 5740 2728 5810 pariter
2757 5755 2874 5795 esse
2902 5759 2916 5792 :
2956 5757 3060 5795 non
3091 5743 3254 5803 enim,
3286 5749 3344 5796 ut
3371 5741 3614 5810 superius
3642 5741 3781 5793 indi-

2214 5829 2476 5892 cavimus,
2495 5829 2746 5882 adversus
2759 5829 3138 5898 Apollinarium
3157 5831 3354 5898 scripta
3377 5837 3477 5884 est.
3490 5829 3778 5888 Caeterum,

2221 5917 2452 5978 etiamsi,
2483 5925 2536 5970 ut
2569 5917 2720 5974 vobis
2749 5917 2942 5988 placet,
2974 5920 3024 5973 id
3050 5922 3218 5990 ipsum
3243 5935 3339 5990 pro
3364 5934 3492 5975 vero
3518 5916 3781 5974 conceda-
