4112 6542
328 437 465 505 1057

1059 436 1417 499 EPISTULA
1462 440 1860 503 ADVERSUS
1896 444 2379 512 TIIEODORUM
2419 452 2838 517 MOPSUEST.

3436 461 3580 528 1058

336 571 428 623 τῆς
487 563 725 622 τοιαύτης
781 563 1119 635 ἁντιρῥησεως
1175 560 1437 637 ὀρθὸδοξος
1504 561 1755 637 κρίνεται.
1812 563 1911 619 ἁλλ¹

2021 571 2122 629 tur,
2156 580 2262 621 non
2307 578 2594 637 propterea
2638 574 2750 643 ipsa
2798 578 3047 636 immunis
3093 590 3358 645 censenda
3401 598 3503 650 erit
3549 614 3579 651 a

333 653 391 725 ὁρ
403 675 519 713 om;
544 658 731 715 πάντες
753 656 852 709 ἀπὸ
871 664 961 715 τῆς
986 654 1249 714 καθολικῆς
1274 653 1532 713 ἐκκλησίας
1564 652 1913 717 καταδικάζον-

331 767 435 799 ται.
475 748 560 799 καί
588 746 639 798 ἐκ
671 745 857 800 τούτου
886 744 939 799 δὲ
969 743 1179 818 φανερός
1206 745 1342 799 ἔστιν
1376 742 1401 798 ὸ
1430 749 1520 803 τήν
1554 746 1913 814 μνημονευθεῖ-

330 857 428 890 σαν
455 837 617 894 ασεϐἦ
635 836 842 909 γράψας
872 837 1139 895 ἐπιστολὴν
1165 834 1255 891 δύο
1281 836 1534 911 πρόσωπα
1564 835 1782 909 εἰσάγων
1798 877 1810 899 ,
1836 835 1913 891 ὅτι

331 924 489 993 εἶπεν,
526 944 545 978 ε
569 936 674 987 Πῶς
701 926 911 984 δυνατὸν
930 929 1168 1000 ληφθῆναι
1189 930 1275 984 τὸν
1305 932 1352 982 ἔν
1385 931 1528 1003 ἀρχῇ
1555 928 1698 1001 λόγον
1722 931 1799 983 ἐπί
1825 937 1914 984 τοῦ

333 1025 452 1071 ναοῦ
472 1026 562 1073 τοῦ
585 1020 637 1072 ἐκ
662 1022 865 1095 Μαρίας
881 1024 1228 1094 γεννηθέντος;
1255 1041 1273 1074 ι
1300 1023 1369 1076 Δι’
1396 1022 1458 1076 ὧν
1477 1024 1709 1100 ῥημάτων
1723 1022 1915 1078 δείκνυ-

331 1133 417 1166 ται
458 1120 709 1187 φανερῶς,
757 1112 834 1168 ὅτι
875 1116 935 1167 οὐ
959 1116 1046 1170 τὸν
1092 1117 1212 1170 Θεὸν
1260 1115 1407 1188 λόγον
1443 1117 1793 1190 σαρκωθῆναι,
1831 1119 1917 1170 καί

332 1203 571 1271 τεχθῆναι
594 1205 648 1256 ἐκ
672 1212 763 1264 τῆς
786 1204 934 1277 ἁγίας
952 1207 1200 1283 παρθένου
1227 1206 1423 1279 Μαρίας
1444 1207 1596 1278 λέγει,
1624 1202 1748 1260 ἀλλᾶ
1772 1206 1914 1277 ψιλὸν

331 1292 586 1370 ἄνθρωπον
627 1299 714 1351 τ“ν
762 1298 984 1370 Χριστὸν
1029 1295 1081 1350 ὃν
1121 1298 1239 1352 ναὸν
1281 1299 1540 1353 ἀποκαλεῖ.
1570 1296 1685 1352 Ὀτι
1728 1297 1783 1353 δὲ
1833 1302 1917 1354 καί

332 1385 515 1443 ταύτην
541 1390 630 1443 τήν
657 1385 893 1439 ἀσέϐειαν
920 1387 973 1440 ἐκ
991 1394 1082 1446 τῆς
1101 1385 1360 1461 Θεοδώρου
1392 1386 1715 1448 διδασκαλίας
1738 1385 1913 1443 ἔλαϐεν

331 1474 465 1533 ὸτήν
494 1477 732 1546 μυσαράν
756 1476 943 1534 ἐκείνην
968 1476 1174 1549 γράψας
1201 1478 1495 1539 ὶπιστολαέν,
1521 1476 1665 1535 δῆλον
1693 1479 1742 1542 ἐξ
1768 1476 1834 1532 ὧν
1865 1481 1913 1533 ἐν

330 1571 402 1634 τῷ
434 1567 588 1640 τρίτῳ
616 1565 747 1637 λόγῳ
776 1568 904 1621 κατά
928 1567 1278 1638 Ἀπολιναρίου
1309 1575 1399 1623 τοῦ
1430 1569 1686 1642 αἱρετικοῦ
1712 1568 1735 1623 ὁ
1762 1572 1916 1633 αὐτὸς

330 1656 518 1716 ἀσεϐής
546 1655 801 1730 Θεόδωρος
830 1655 1051 1731 ἔγραψεν
1080 1658 1234 1730 λέγων
1252 1657 1451 1718 οὕτως·
1488 1676 1507 1709 ε
1534 1656 1655 1713 Ἀλλ’
1682 1656 1765 1731 ὅγε
1795 1662 1918 1720 Θεὸς

331 1749 413 1799 καί
434 1746 485 1798 ἐκ
511 1753 638 1801 Θεοῦ
665 1750 751 1801 καί
774 1746 1039 1817 ὁμοοιῗσιος
1062 1756 1134 1819 τῷ
1161 1752 1348 1824 πατρί,
1375 1757 1448 1822 τῷ
1473 1752 1562 1820 μὲν
1584 1750 1637 1803 εκ
1663 1764 1755 1810 τῆς
1783 1769 1918 1823 παρ-

332 1842 468 1894 θίνου
498 1841 796 1912 γεννηθέντι,
830 1836 871 1894 ὧ
898 1843 1180 1912 θαυμάσιε,
1221 1844 1307 1895 καί
1335 1843 1435 1897 ὑπὸ
1463 1848 1556 1897 τοῦ
1585 1841 1732 1915 ἁγίου
1763 1839 1917 1896 πνεύ-

2017 656 2477 715 condemnationis
2508 662 2745 733 judicio;
2794 683 2900 724 non
2949 674 3089 730 enim
3133 679 3253 735 ideo
3299 682 3583 743 hzereticus

2015 746 2278 816 quispiam
2320 748 2381 802 lit
2425 752 2779 820 orthodoxus,
2825 768 3109 830 propterea
3158 769 3301 835 quod
3329 771 3583 830 adversus

2014 837 2178 891 alium
2208 838 2516 895 hzereticum
2543 843 2915 914 disputaverit.
2956 852 3197 925 Namque
3226 860 3385 916 Arius
3419 867 3580 921 etiam

2016 926 2272 983 adversus
2313 928 2603 987 Sabellium
2649 935 2941 1005 disseruit,
2992 952 3046 997 et
3095 947 3351 1006 adversus
3394 954 3579 1011 Arium

2015 1016 2393 1088 Apollinarius,
2416 1032 2473 1078 et
2493 1022 2760 1097 Eutyches
2782 1041 2967 1087 contra
2988 1035 3309 1106 Nestorium,
3339 1056 3393 1098 et
3411 1062 3583 1116 quan-

2014 1125 2173 1179 quam
2200 1113 2424 1171 diversis
2453 1119 2785 1186 potissimum
2814 1126 3083 1183 erroribus
3110 1113 3443 1189 adhaererent
3467 1140 3586 1193 uni-

2015 1204 2176 1273 versi,
2224 1220 2385 1261 nemo
2432 1216 2613 1265 tamen
2653 1226 2722 1266 ex
2764 1213 2926 1284 ipsis,
2974 1225 3277 1274 mutuarum
3320 1225 3585 1293 ejusmodi

2014 1297 2475 1353 concertationum
2504 1316 2685 1369 causa,
2734 1306 3065 1363 orthodoxus
3108 1321 3192 1366 est
3232 1314 3459 1379 habitus,
3492 1322 3584 1374 sed

2014 1401 2202 1441 omnes
2226 1389 2343 1457 pari
2371 1392 2592 1448 omnino
2622 1395 2831 1450 ratione
2851 1398 2920 1452 ab
2948 1398 3188 1456 Ecclesia
3218 1407 3585 1463 condemnan-

2016 1483 2120 1529 tur.
2156 1479 2231 1531 Ex
2275 1479 2378 1534 hoc
2417 1497 2580 1551 porro
2610 1487 2948 1555 perspicuum
2975 1498 3077 1553 est,
3128 1507 3439 1550 memoratae
3472 1500 3585 1568 epi-

2012 1567 2163 1621 stolae
2191 1570 2504 1640 scriptorem
2534 1572 2797 1643 duplicem
2826 1592 3109 1646 personam
3139 1583 3413 1653 inducere,
3442 1567 3584 1655 quod

2014 1657 2208 1712 dixerit
2235 1676 2248 1712 :
2288 1679 2306 1711 ι
2333 1660 2617 1727 Quomodo
2644 1666 2761 1720 ﬁeri
2791 1676 2968 1737 potest
2997 1677 3055 1724 ut
3072 1671 3305 1729 Verbum
3338 1677 3405 1731 ab
3432 1678 3585 1734 initio

2013 1748 2080 1802 de
2108 1751 2308 1819 templo
2335 1755 2631 1822 acceperit,
2664 1758 2808 1824 quod
2840 1774 2909 1813 ex
2938 1759 3104 1815 Maria
3131 1766 3368 1831 genitum
3404 1776 3484 1822 est
3509 1770 3531 1823 τ
3558 1788 3579 1822 ι

2016 1837 2219 1904 Quibus
2248 1842 2425 1896 verbis
2467 1846 2722 1913 exprimit
2761 1850 3040 1906 evidenter
3079 1868 3138 1908 se
3167 1857 3386 1913 minime
3414 1859 3585 1914 conli-

332 1950 494 1998 ματος
521 1933 648 1985 κατά
681 1932 776 1989 τὰς
804 1930 940 1990 θείας
968 1930 1328 1986 διαπλασθέντι
1367 1934 1588 2004 γραφὰς,
1626 1935 1706 1984 καὶ
1736 1936 1827 1990 τήν
1853 1952 1909 2003 γε

2017 1930 2115 1982 teri
2146 1931 2377 1986 Verbum
2406 1933 2574 1988 Deum
2620 1936 2953 1994 incarnatum
2999 1957 3137 2008 esse,
3186 1959 3251 2000 ac
3294 1946 3363 2001 de
3401 1958 3584 2007 sancta

331 2023 586 2076 σύστασιν
613 2021 693 2075 ἐπί
711 2031 801 2082 τῆς
823 2044 1024 2093 γυναικε
1038 2024 1110 2081 ἀς
1134 2021 1379 2094 δεξαμένῳ
1402 2024 1643 2097 γαστρὸς,
1673 2023 1781 2081 ἐνῆν
1799 2065 1812 2085 ,
1845 2026 1913 2083 ὡς

332 2113 485 2178 εἰκὸς,
518 2110 688 2170 ἐπειδὴ
727 2110 834 2182 ἅμα
878 2120 951 2183 τῷ
978 2110 1378 2176 διαπλασθῆναι,
1420 2117 1501 2166 καὶ
1538 2114 1595 2166 τὸ
1637 2109 1760 2167 εἶναι
1785 2120 1910 2167 Θεοῦ

332 2203 447 2256 ναὸν
474 2203 687 2275 εἰλήφει⁶
728 2205 784 2257 οὐ
812 2208 909 2274 μὴν
939 2204 1023 2257 τὸν
1061 2205 1181 2259 Θεὸν
1220 2206 1519 2276 γεγενῆσθαι
1558 2206 1764 2276 ἡγητέον
1791 2207 1911 2277 ἡμῖν

333 2294 387 2345 ἐκ
415 2301 503 2353 τῆς
524 2294 793 2366 παρθένου,
816 2296 862 2362 εἰ
881 2301 949 2364 μή
966 2292 1067 2368 ἄρα
1088 2296 1274 2351 ταυτὸν
1294 2297 1501 2367 ἡγητέον
1517 2298 1637 2353 sui»
1654 2298 1711 2350 τὸ
1733 2317 1787 2351 τε
1801 2316 1911 2368 γεν-

333 2386 471 2442 νηθέν
499 2390 582 2438 καὶ
608 2388 665 2440 τὸ
692 2388 740 2439 ἐν
778 2392 842 2458 τῷ
872 2388 1148 2458 γεννηθέντι
1174 2390 1259 2442 τὸν
1275 2390 1415 2454 ναὸν,
1439 2392 1519 2442 καί
1540 2390 1624 2443 τὸν
1645 2390 1693 2441 ἐν
1713 2397 1785 2462 τῷ
1809 2398 1913 2463 ναῷ

331 2477 452 2530 Θεὸν
480 2476 642 2548 λόγον·
675 2479 734 2530 οὐ
760 2483 856 2546 μην
877 2476 987 2532 οὐδέ
1014 2481 1142 2532 κατά
1166 2484 1255 2537 τὴν
1286 2485 1379 2538 σήν
1409 2485 1570 2552 φωνήν
1604 2484 1912 2552 ἂποφαντέον

332 2568 493 2625 πάντη
518 2569 601 2622 τὸν
629 2569 680 2621 ἐκ
708 2577 797 2629 τῆς
819 2570 1068 2641 παρθένου
1096 2570 1382 2640 γεννηθέντα
1410 2576 1532 2628 Θεὸν
1563 2566 1681 2624 εἶναι
1709 2572 1761 2623 εκ
1783 2578 1909 2625 Θεοῦ

332 2656 599 2726 ὸμοούσιον
619 2665 692 2729 τῷ
721 2662 898 2730 πατρί.
929 2663 984 2713 Εἰ
997 2654 1096 2734 γὰρ
1121 2664 1209 2713 οὐκ
1236 2658 1495 2731 ἄνθρωπὸς
1521 2664 1680 2722 ἑστιν,
1710 2665 1776 2721 ὡς
1797 2667 1910 2733 φής,

334 2750 619 2822 ἀναληφθεὶς
638 2751 664 2805 ὸ
683 2752 927 2822 γεννηθείς
941 2754 991 2804 ἐκ
1005 2762 1097 2812 τῆς
1110 2756 1382 2827 παρθένου,
1398 2752 1588 2820 Θεὸς,δέ
1612 2775 1647 2808 σ
1683 2755 1911 2826 ρκωθεὶς,

333 2848 444 2900 πῶς
479 2840 505 2895 ὸ
543 2844 761 2911 γενηθεὲς
789 2844 909 2902 Θεὸς
935 2844 987 2896 ἐκ
1012 2851 1140 2898 Θεοῦ
1160 2887 1172 2903 .
1217 2848 1296 2898 καὶ
1339 2843 1605 2915 ὸμοούσιος
1629 2846 1818 2915 λέγοιτο
1856 2841 1914 2898 ἄν

332 2941 404 2985 τῖ)
440 2936 620 3005 πατρί,
650 2942 741 2992 τῆς
773 2935 959 3009 σαρκὸς
998 2936 1053 2986 οὐ
1083 2933 1359 3004 δυναμένης
1388 2938 1574 2993 ταύτην
1614 2938 1916 3009 προσίεσθαι

333 3027 421 3079 τήν
443 3028 628 3095 φωνήνς
657 3025 834 3078 ’Ἔστιν
870 3026 959 3094 μέν
1000 3028 1100 3099 γὰρ
1141 3027 1345 3083 ἁνίητον
1370 3027 1427 3079 τὸ
1466 3028 1551 3081 τὸν
1588 3028 1710 3081 Θεὸν
1748 3029 1803 3080 ὶκ
1826 3036 1915 3087 τῆς

333 3115 581 3185 παρθένου
598 3118 915 3186 γεγεννῆσθαι
935 3116 1107 3186 λέγειν.
1125 3124 1283 3170 Τοῦτο
1297 3124 1393 3189 γὰρ
1411 3116 1550 3171 οὐδέν
1566 3118 1733 3189 ἕτερὸν
1755 3118 1910 3180 ἐστιν,

332 3204 365 3264 ὃ
394 3204 446 3257 ἐκ
470 3207 764 3279 σπέρματος
804 3206 954 3258 αὐτὸν
982 3205 1138 3276 λέγειν
1181 3205 1336 3259 Δαϐὶδ
1375 3207 1427 3259 ἐκ
1468 3215 1561 3265 τῆς
1604 3208 1783 3266 οὐσίας
1826 3215 1915 3265 τῆς

2012 2018 2229 2087 Virgine
2258 2032 2463 2089 natum,
2492 2025 2587 2079 sed
2614 2042 2806 2096 purum
2832 2029 3103 2087 hominem
3127 2032 3397 2091 Christum
3425 2054 3584 2107 quem

2012 2113 2197 2181 templi
2221 2116 2482 2171 vocabulo
2504 2116 2766 2187 designat.
2796 2118 3078 2177 Constabit
3106 2127 3306 2193 pariter
3334 2128 3582 2194 dilucide,

2011 2201 2149 2258 hanc
2175 2218 2390 2273 quoque
2417 2205 2749 2276 impietatem
2798 2211 2865 2265 ab
2912 2212 3156 2282 improbo
3186 2219 3426 2285 epistola:
3454 2224 3586 2274 scri-

2011 2300 2166 2360 ptore
2196 2294 2441 2348 haustam
2482 2312 2601 2351 esse
2646 2314 2714 2353 ex
2761 2298 3028 2357 Theodori
3072 2304 3336 2371 doctrina,
3386 2313 3431 2363 si
3460 2326 3585 2366 cum

2012 2384 2077 2439 iis
2103 2400 2221 2453 qum
2250 2385 2562 2445 Theodorus
2592 2390 2705 2459 ipse
2733 2392 2787 2447 in
2819 2394 2978 2449 tertio
3000 2396 3254 2453 adversus
3274 2398 3585 2458 haereticqu

2012 2473 2398 2542 Apollinarium
2447 2478 2583 2534 libro
2627 2483 2835 2551 scribit,
2880 2486 3205 2541 conferatur.
3254 2509 3272 2541 ι
3304 2492 3366 2545 At
3416 2497 3582 2559 enim,

2013 2564 2202 2632 inquit,
2237 2567 2399 2634 Deus,
2423 2578 2477 2622 et
2506 2586 2572 2623 ex
2601 2572 2731 2636 Deo,
2763 2576 3236 2633 consubstantialis
3267 2579 3431 2648 Patri,
3462 2593 3515 2639 et
3541 2587 3585 2640 is

2014 2658 2153 2711 idem
2178 2658 2367 2730 [Cura
2394 2660 2491 2731 illi]
2505 2663 2594 2731 qui
2617 2678 2684 2717 ex
2700 2664 2917 2733 Virgine
2934 2676 3090 2723 natus
3112 2678 3248 2735 erat,
3274 2688 3307 2725 o
3324 2675 3582 2742 mirande,

2015 2758 2068 2802 et
2090 2751 2179 2818 qui
2198 2766 2293 2819 per
2313 2751 2570 2821 Spiritum
2595 2764 2862 2824 sanctum,
2886 2759 3176 2813 secundum
3199 2760 3409 2817 divinas
3436 2763 3584 2819 Scri-

2018 2848 2200 2909 pturas
2230 2842 2523 2910 plasniatus
2554 2852 2634 2898 est
2675 2852 2729 2898 et
2776 2846 2830 2899 in
2876 2848 3123 2903 muliebri
3161 2861 3349 2906 ventre
3377 2857 3583 2926 accepit

2016 2932 2412 2998 conﬁctionem,
2439 2934 2614 2989 inerat
2636 2933 2879 3000 forsitan,
2902 2938 3023 3005 quia
3047 2954 3193 3005 mox,
3219 2950 3276 2994 ut
3295 2943 3584 3011 plasmatus

2018 3030 2118 3088 est,
2151 3033 2205 3078 et
2251 3030 2309 3077 ut
2339 3025 2597 3094 templum
2643 3025 2735 3080 Dei
2784 3037 2926 3082 esset
2966 3032 3173 3099 accepit
3203 3049 3215 3083 :
3248 3048 3354 3087 non
3404 3042 3583 3091 tamen
3672 3024 3678 3033 ’

2017 3113 2428 3167 existimandum
2458 3124 2539 3168 est
2568 3115 2734 3168 Deum
2765 3132 2831 3171 ex
2856 3117 3072 3186 Virgine
3103 3130 3282 3175 natum
3314 3139 3451 3189 esse,
3485 3126 3583 3181 nisi

2018 3203 2156 3259 forte
2184 3205 2323 3258 idem
2352 3207 2765 3261 existimandum
2796 3210 2949 3264 nobis
2976 3220 3076 3275 est,
3130 3223 3183 3267 et
3211 3216 3353 3282 quod
3401 3226 3583 3272 natum

333 3296 582 3369 παρθένου
644 3299 968 3366 τετεγμὲνον,
1026 3298 1107 3350 γαί
1156 3298 1207 3349 ἓν
1260 3298 1384 3370 αἰτῇ
1432 3295 1909 3368 διαπεπλασμένον·

2016 3300 2117 3355 est,
2145 3299 2198 3345 et
2220 3291 2361 3359 quod
2385 3300 2467 3346 est
2491 3293 2546 3347 in
2566 3304 2693 3352 nato
2714 3299 3061 3368 templum,et
3080 3317 3149 3371 qu
3191 3303 3244 3355 in
3276 3304 3473 3372 templo
3503 3313 3586 3360 est

332 3387 499 3455 ὶπείγε
528 3388 584 3439 τὸ
613 3387 663 3438 ἐκ
700 3389 991 3463 σπέρματος
1041 3386 1200 3441 Δαϐίδ
1250 3392 1334 3441 καί
1377 3389 1427 3440 ἐκ
1468 3397 1555 3449 τῆς
1602 3391 1777 3446 οὐσίας
1820 3397 1912 3449 τῆς

333 3477 576 3550 παρθένου
599 3480 793 3531 συστὰν
817 3478 864 3530 ἕν
972 3481 1183 3551 μητρῲᾳ
1206 3482 1415 3551 γαστρὶ,
1448 3486 1532 3533 καί
1560 3489 1621 3552 τῇ
1648 3487 1736 3534 τοῦ
1764 3480 1911 3551 ἁγίου

333 3572 620 3635 πνεύματος
642 3566 948 3622 διαπλασθὲν
975 3567 1180 3637 δυνάμει
1204 3571 1527 3640 γεγεννῆσθαί
1560 3590 1717 3640 φαμεν
1747 3572 1798 3623 ἐκ
1822 3579 1913 3629 τῆς

331 3644 603 3734 ⁴ειοιρθίνου.
635 3676 655 3709 ε

2018 3379 2161 3435 Deus
2190 3380 2419 3434 Verbum
2447 3399 2459 3433 :
2490 3397 2595 3436 non
2628 3392 2822 3449 tamen,
2871 3401 2969 3440 nec
2994 3389 3282 3444 secundum
3314 3400 3458 3447 tuam
3492 3412 3577 3450 vo-

2017 3490 2135 3530 cem
2164 3474 2616 3543 pronuntiandum
2665 3484 2747 3528 est
2790 3472 3039 3542 omnino,
3064 3493 3130 3532 ex
3178 3480 3392 3549 Virgine
3420 3484 3586 3542 Deum

2019 3573 2202 3619 natum
2225 3580 2361 3629 esse,
2394 3572 2449 3619 et
2474 3580 2540 3619 ex
2568 3564 2679 3619 Deo
2706 3566 3215 3621 consubstantialem
3241 3568 3405 3625 Patri.
3454 3574 3586 3628 Nam

2018 3658 2065 3711 si
2105 3673 2212 3711 non
2256 3657 2420 3711 homo
2452 3664 2553 3719 est,
2585 3657 2722 3711 sicut
2751 3656 2903 3721 dicis,
2932 3668 3255 3728 assumptus,
3299 3663 3388 3732 qui
3429 3674 3587 3719 natus

2018 3759 2101 3806 est
2136 3765 2205 3803 ex
2227 3748 2465 3817 Virgine,
2508 3747 2648 3800 Deus
2673 3762 2802 3802 vero
2837 3748 3160 3813 incarnatus,
3192 3753 3464 3819 quomodo
3491 3752 3585 3822 qui

334 3847 490 3894 natus
534 3849 617 3895 est
672 3841 813 3897 Deus
864 3857 931 3898 ex
992 3843 1144 3912 Deo,
1198 3854 1254 3899 et
1300 3846 1769 3901 consubstantialis
1798 3845 1993 3901 dicitur
2028 3843 2195 3907 Patri,
2234 3855 2396 3895 carne
2434 3854 2541 3893 non
2586 3846 2806 3906 p0tente
2847 3838 2983 3892 hanc
3032 3854 3217 3892 vocem
3265 3842 3587 3910 suscipere!

332 3930 467 3986 Nam
512 3943 597 3988 est
639 3936 852 4003 quidem
900 3936 1167 3991 dementia
1196 3937 1377 3991 dicere
1424 3937 1591 3991 Deum
1638 3953 1703 3992 ex
1756 3938 1975 4006 Virgine
2012 3943 2195 3990 natum
2225 3948 2365 3988 esse.
2413 3930 2529 3984 Hoc
2555 3930 2695 3984 enim
2724 3929 2854 3982 nihil
2880 3929 3020 3983 aliud
3050 3940 3311 3999 estquam
3340 3949 3401 3987 ex
3427 3937 3587 3990 semi-

334 4040 401 4076 ne
441 4038 565 4078 eum
613 4024 791 4080 dicere
835 4026 1018 4091 David,
1071 4034 1127 4081 et
1166 4026 1234 4080 de
1283 4027 1580 4082 substantia
1620 4016 2150 4097 Virginisigenilum,
2200 4033 2255 4079 et
2300 4025 2353 4077 in
2399 4023 2511 4092 ipsa
2538 4022 2878 4092 plasmatum,
2928 4022 3051 4090 quia
3096 4024 3237 4086 quod
3276 4040 3341 4077 ex
3384 4028 3587 4084 semine

332 4114 518 4179 David,
564 4122 621 4169 et
670 4115 736 4169 de
772 4116 1072 4171 substantia
1122 4116 1355 4185 Virginis
1404 4125 1487 4173 est
1532 4117 1585 4173 in
1641 4127 1887 4173 materno
1912 4126 2103 4172 ventre
2131 4114 2393 4175 constitit,
2445 4123 2500 4168 et
2546 4112 2717 4167 sancti
2748 4111 2977 4181 Spiritus
3005 4114 3324 4182 plasmatum
3370 4118 3584 4184 virtute,

334 4214 515 4259 ratum
544 4204 706 4259 fuisse
731 4205 958 4259 dicimus
985 4221 1053 4260 ex
1080 4206 1315 4274 Virgine.
1348 4226 1367 4259 ε

405 4296 551 4349 Ονῖτω
598 4297 764 4350 τοίνυν
811 4296 1223 4369 βλασφημοῦντος
1248 4297 1530 4373 Θεοδώρου,
1562 4302 1644 4352 καί
1673 4301 1910 4360 πολλάκις

333 4381 775 4453 διαῗεϐαιουμένου
816 4390 885 4455 μὴ
926 4384 1137 4439 δυνατὸν
1166 4382 1287 4441 εἶναι
1315 4388 1402 4441 τὸν
1440 4388 1559 4442 Θεὸν
1588 4392 1670 4442 καί
1700 4390 1755 4442 ἔκ
1782 4395 1907 4443 Θεοῦ

332 4480 419 4528 καί
467 4475 731 4547 ὸμοούσιον
776 4484 850 4548 τῷ
894 4479 1083 4551 πατρί,
1118 4479 1440 4550 σαρκωθῆναι
1478 4481 1563 4533 καί
1594 4480 1831 4548 τεχθῆναι
1856 4481 1908 4532 ἐκ

332 4577 422 4626 τῆς
462 4569 743 4644 παρθένου,
785 4566 958 4627 ἐπειδὴ
1008 4567 1124 4622 οὐδὲ
1152 4570 1182 4626 ἠ
1208 4570 1339 4642 σὰρξ
1383 4567 1651 4639 ὁμοούσιός
1684 4572 1796 4623 ἐστι
1834 4577 1907 4638 τῷ

333 4666 507 4738 πατρί,
540 4670 649 4722 πῶς
696 4663 782 4715 οὐκ
828 4661 1121 4736 ἐρυθριῶσιν
1169 4661 1213 4714 οί
1260 4663 1347 4715 τὸν
1393 4668 1617 4716 τοιοῦτον
1663 4662 1907 4734 αἱρετικὸν

332 4753 673 4816 ίκδικοῦντεςζ
709 4752 766 4812 ὃς
787 4774 861 4812 τις
891 4759 1041 4807 τοῦτο
1068 4755 1156 4822 μὲν
1176 4760 1286 4810 ταῖς
1317 4754 1472 4810 θείαις
1496 4760 1732 4827 γραφαῖς,
1756 4758 1907 4806 τοῦτο

332 4844 387 4899 δὲ
418 4848 500 4898 γαί
539 4854 647 4905 τοῖς
676 4844 837 4915 ἁγίοις
881 4847 1137 4916 πατράσιν
1185 4844 1376 4897 ἐναντία
1415 4851 1661 4912 μυσαρῶς
1697 4844 1905 4907 ἐξέθετο,

331 4933 479 4990 ὸπῦτε
523 4933 671 4992 δῆλον
705 4940 840 4989 πᾶσι
887 4935 1187 4991 καθέστηκεν
1226 4936 1294 4994 ὡς
1339 4936 1588 5006 ἀπαρχῆς
1618 4936 1669 4997 ἒξ
1698 4932 1909 5008 οὗπερὸ

332 5029 456 5087 Θεὸς
501 5032 591 5085 τὴν
637 5027 892 5084 ίκκλησίαν
942 5027 1266 5095 ἕθεμελίωσεν
1308 5027 1357 5078 ἔν
1398 5033 1461 5098 τῇ
1503 5027 1620 5099 ὀρθῇ
1650 5025 1907 5099 ὁμολογία’

333 5121 519 5178 πάντες
548 5119 592 5171 οἷ
633 5125 722 5172 τοῦ
758 5124 885 5171 Θεοῦ
925 5119 1076 5194 ἱερεῖς
1111 5115 1352 5191 ἐκήρυξαν
1393 5116 1476 5170 τὸν
1511 5119 1633 5170 Θεὸν
1660 5115 1801 5184 λόγον
1827 5117 1909 5170 τὸν

335 5211 385 5263 ἐκ
414 5217 541 5265 Θεοῦ
572 5211 889 5285 σαρκωθῆναι
918 5210 971 5262 ἐκ
995 5217 1086 5268 τῆς
1127 5208 1274 5279 ἁγίας
1306 5211 1387 5261 καί
1428 5205 1623 5269 ἐνδόξου
1660 5207 1908 5280 παρθένου

332 5303 524 5377 Μαρίας
561 5302 711 5376 σαρκί
747 5300 1057 5371 ἕψυχωμένῃ
1101 5298 1253 5373 ψυχῇ
1292 5298 1461 5372 λογικῇ
1506 5299 1587 5351 καί
1625 5302 1797 5372 νοερᾷ,
1829 5302 1911 5352 καί

332 5393 714 5466 ἐ·.ανθρωπῆσαι
731 5392 813 5444 καὶ
842 5390 887 5452 ἐξ
909 5390 1068 5449 αὐτῆς
1093 5393 1354 5458 τεχθῆναι’
1381 5393 1459 5442 καί
1480 5389 1612 5443 οτῗτω
1646 5386 1906 5443 διδάσκονσ

331 5505 435 5547 τις,
467 5480 585 5537 οὖδᾶ
614 5487 803 5557 τροπὴν
830 5488 920 5539 τῆς
941 5481 1174 5540 θεότητος
1197 5483 1270 5540 εἰς
1299 5482 1463 5557 σάρκα
1490 5481 1775 5554 εἰσήγαγον,
1796 5480 1907 5535 οὐδὲ

329 5573 413 5629 διὰ
443 5578 533 5632 την
560 5574 730 5647 σάρκα
759 5571 1022 5641 ὸμοούσιον
1058 5573 1212 5627 αὐτὸν
1235 5568 1360 5626 εἷναι
1388 5580 1460 5644 τῷ
1487 5577 1645 5645 πατρί
1682 5576 1907 5648 ἀπηρνή-

330 5686 507 5728 σαντο,
551 5665 715 5724 καθὼς
754 5663 1011 5738 Θεόδωρος
1054 5664 1224 5739 ληρεῖ·
1254 5662 1359 5716 ἀλλ’
1383 5663 1471 5717 ἕνα
1516 5667 1597 5718 καί
1632 5666 1718 5719 τὸν
1759 5664 1908 5719 αὐτὸν

331 5754 497 5828 κύριον
536 5759 623 5809 καί
665 5756 783 5810 Θεὸν
822 5758 959 5825 ἡμῶν
987 5760 1181 5811 Ἰησοῦν
1229 5754 1483 5828 Χριστὸν,
1514 5756 1642 5809 κατά
1680 5756 1768 5824 μέν
1817 5761 1906 5814 την

331 5846 543 5904 θεότητει
571 5844 837 5916 inoo-5mm
860 5840 982 5898 εἶναι
1007 5852 1076 5913 τῷ
1103 5848 1279 5917 πατρί,
1304 5844 1433 5896 κατά
1452 5841 1507 5896 δὲ
1534 5849 1623 5902 τήν
1649 5846 1908 5922 ἁνθρωπὸ-

340 5957 470 5996 tam
493 5937 576 5992 τὸν
606 5937 754 5991 αὐτὸν
780 5936 1047 6003 ὃμοούσιον
1076 5936 1191 6006 ἡμῖν
1218 5929 1337 5990 εἶναι
1363 5930 1605 5997 ἐδίδαξαν.

2085 4296 2174 4350 Sic
2221 4295 2399 4362 itaque
2445 4295 2850 4365 blasphemante
2901 4294 3205 4363 Theodoro,
3256 4307 3417 4368 atque
3445 4316 3585 4372 saepe

2013 4389 2206 4456 Saepius
2253 4386 2582 4454 argumentis
2641 4385 2955 4441 decertante
3000 4387 3219 4441 minime
3270 4389 3381 4442 ﬁeri
3431 4406 3586 4459 posse

2013 4478 2180 4532 Deum
2211 4477 2277 4531 de
2308 4478 2440 4543 Deo,
2473 4475 2723 4545 Patrique
2752 4477 3264 4531 consubstantiaiem
3296 4478 3584 4545 incarnari,

2009 4576 2064 4621 et
2092 4583 2157 4621 ex
2190 4566 2403 4637 Virgine
2433 4567 2599 4630 nasci,
2625 4581 2745 4619 cum
2773 4581 2900 4620 caro
2928 4564 3073 4620 Patri
3107 4568 3583 4624 eonsubstantialis

2010 4674 2127 4713 esse
2168 4674 2274 4711 non
2306 4659 2493 4727 possit,
2524 4657 2793 4725 quomodo
2818 4656 3021 4725 pudore
3051 4658 3286 4710 maximo
3331 4657 3448 4725 ejus
3477 4658 3584 4712 ha:-

2010 4748 2160 4804 retici
2190 4749 2401 4818 patroni
2434 4764 2540 4801 non
2570 4745 2890 4810 afficiuntur,
2932 4746 3023 4815 qui
3068 4746 3172 4799 hoc
3200 4747 3367 4799 sacris
3393 4746 3583 4803 litteris

2008 4840 2365 4904 contrarium,
2414 4838 2466 4893 id
2508 4853 2630 4893 cum
2672 4846 2981 4893 sanctorum
3026 4836 3245 4891 Patrum
3297 4837 3585 4894 traditione

2009 4943 2250 4999 pugnans
2299 4930 2402 4982 inv:
2422 4929 2579 4993 xerit,
2633 4928 2686 4981 in
2738 4926 2929 4995 quibus
2975 4925 3180 4980 scilicet
3225 4927 3582 4981 certissimum

2007 5031 2091 5075 est
2120 5021 2423 5088 unicuique,
2477 5019 2643 5072 Deum
2691 5019 2758 5072 ab
2806 5016 2957 5070 initio
3010 5014 3301 5070 Ecclesiam
3345 5032 3498 5091 suam
3530 5017 3582 5069 in

2008 5121 2158 5167 recta
2202 5108 2543 5165 confessione
2584 5106 2967 5162 constituisse?
3018 5103 3262 5159 Universi
3301 5106 3443 5159 enim
3490 5106 3581 5160 Dei

2013 5201 2322 5257 sacerdotes
2368 5199 2725 5269 praedicarunt
2772 5196 2937 5250 Deum
2986 5195 3246 5260 Verbum,
3299 5195 3473 5249 Deum
3515 5196 3582 5251 de

2012 5296 2143 5359 Deo,
2175 5310 2241 5349 ex
2267 5303 2451 5349 saneta
2478 5301 2638 5361 atque
2671 5290 2902 5359 gloriosa
2932 5289 3098 5345 Maria
3130 5290 3345 5358 Virgine
3397 5299 3580 5346 uatum

2010 5394 2067 5443 et
2095 5388 2426 5441 incarnatum
2467 5399 2615 5448 esse,
2648 5396 2971 5450 carnemque
3018 5382 3192 5435 anima
3234 5383 3480 5437 rationali
3526 5393 3583 5439 et

2009 5476 2354 5533 intellectuali
2378 5473 2694 5529 viviﬁcatam
2722 5474 3089 5543 assumpsisse,
3119 5482 3174 5527 et
3198 5474 3468 5528 hominem
3499 5474 3579 5528 fa-

2010 5576 2154 5624 ctum
2183 5582 2321 5632 esse,
2358 5574 2519 5634 atque
2544 5564 2610 5618 de
2638 5565 2750 5636 ipsa
2780 5562 2996 5631 Virgine
3024 5574 3209 5618 natum
3233 5581 3245 5617 :
3299 5564 3458 5634 idque
3483 5564 3582 5619 do-

2009 5669 2191 5716 centes
2226 5674 2399 5729 neque
2429 5660 2836 5713 conversionem
2862 5656 3156 5713 divinitatis
3184 5658 3237 5712 in
3271 5660 3577 5713 immanita-

2008 5761 2115 5808 tem
2138 5752 2473 5816 invexerunt,
2497 5763 2670 5817 neque
2690 5748 2862 5817 ipsum
2883 5748 3172 5803 secundum
3194 5764 3408 5803 carnem
3430 5746 3577 5803 Patri

2008 5840 2515 5896 consubstantialem
2564 5854 2683 5894 esse
2716 5838 3005 5893 commenti
3036 5848 3181 5907 sunt,
3213 5847 3372 5910 prout
3400 5837 3575 5894 Theu—

2008 5934 2172 5991 dorus
2201 5934 2424 6006 ineptit;
2464 5931 2558 5989 sed
2608 5932 2820 5987 unicum
2852 5938 2905 5987 et
2939 5930 3185 5987 eumdem
3209 5932 3491 5988 Dominum
3521 5936 3575 5987 et
