4088 6554
547 443 685 512 1059
745 413 752 420 ’

1853 447 2288 508 JUSTINIANI
2331 447 2482 508 IMP.

3670 446 3827 513 1.060

562 573 729 627 Deum
775 578 1014 627 nostrum
1061 568 1242 623 Jesum
1281 565 1574 628 Christum,
1623 561 1914 616 secundum
1959 560 2290 614 divinitatem
2335 561 2480 617 Patri
2531 565 3036 622 consubstantialem
3079 582 3198 624 esse
3221 610 3235 634 ,
3287 563 3439 625 nobis
3485 579 3666 627 autem
3712 589 3815 628 se-

557 661 788 716 cundum
846 655 1232 712 humanitatem
1281 668 1400 708 esse
1457 649 1960 706 consubstantialem
2021 649 2336 704 docuerunt.

625 752 772 808 ηάλιν
801 750 854 806 δέ
882 751 931 804 ἓν
959 757 1031 818 τῷ
1057 746 1387 821 προλεχθέντι
1411 746 1542 818 λόγῳ
1573 743 1596 796 6
1625 743 1885 800 δυσσεϐὴς
1923 737 2122 794 Θεόδω-

2298 743 2500 800 ltursus
2539 755 2718 800 autem
2766 747 2961 817 impius
2993 749 3310 807 Theodorus
3346 752 3398 806 in
3431 755 3649 823 praefato
3681 773 3809 811 scr-

556 861 644 913 ρος
669 841 973 911 βλασφημῶν
997 841 1079 892 καί
1106 844 1265 891 ταῦτα
1286 837 1434 906 λέγει·
1473 851 1492 884 t
1513 833 1634 888 Ἀλλ’
1652 835 1752 902 οὐχ
1775 835 1806 891 ἠ
1835 833 1942 885 θεία
1971 833 2120 903 φύσις

557 931 610 982 έκ
636 931 883 1002 παρθένου
924 929 1236 999 γεγέννηται’
1283 926 1572 996 γεγέννηται
1601 921 1652 976 δὲ
1683 924 1736 975 ἐκ
1761 929 1852 982 τῆς
1876 921 2122 994 παρθένου

557 1019 582 1074 ὸ
611 1021 663 1073 έκ
689 1029 778 1080 τῆς
808 1020 983 1079 οὐσίας
1006 1026 1096 1078 τῆς
1121 1017 1370 1087 παρθένου
1401 1014 1612 1072 συστάς·
1643 1014 1743 1082 οὐχ
1777 1011 1800 1064 ὸ
1830 1013 1952 1070 Θεὸς
1980 1007 2124 1081 λόγος

557 1111 612 1162 ἐκ
636 1117 724 1167 τῆς
750 1111 939 1182 Μαρίας
966 1107 1250 1178 γεγέννηται
1269 1123 1282 1133 ’
1311 1104 1592 1176 γεγέννηται
1621 1100 1674 1155 δέ
1705 1102 1757 1154 έκ
1797 1105 1990 1176 Μαρίας
2019 1099 2044 1154 ὸ
2074 1100 2126 1153 ἐκ

559 1201 850 1273 σπέρματος
881 1195 1057 1251 Δαϐίδ.
1094 1198 1212 1265 Ούχ
1242 1199 1266 1247 ὁ
1291 1196 1411 1252 Θεὸς
1439 1194 1583 1262 λόγος
1611 1193 1663 1245 έκ
1687 1193 1921 1262 γυναικὸς
1951 1191 2120 1261 γεγέν-

556 1303 720 1346 νηται·
750 1291 1033 1360 γεγέννηται
1061 1285 1114 1341 δέ
1156 1289 1208 1340 ἐκ
1236 1286 1462 1356 γυναικὸς
1493 1285 1602 1358 ὸτῇ
1647 1290 1736 1340 τοῦ
1781 1283 1926 1356 ἀγίου
1969 1281 2125 1338 πνεύ-

557 1400 716 1449 ματος
764 1378 968 1448 δυνάμει
1014 1377 1340 1438 διαπλασθεὶς
1384 1376 1434 1430 έν
1482 1378 1644 1449 αύτῇ’
1692 1377 1782 1428 ούκ
1827 1375 1880 1427 έκ
1925 1378 2125 1448 μήτρας

555 1473 783 1524 τέτεκταε
810 1470 836 1525 ὸ
865 1469 1134 1538 ὸμοούσιος
1161 1478 1234 1540 τῷ
1258 1471 1436 1542 πατρὶ,
1465 1469 1672 1543 ἀμήτωρ
1693 1471 1792 1540 γὰρ
1828 1463 1978 1525 οὗτος
1997 1468 2128 1520 κατά

557 1565 643 1617 τήν
685 1566 777 1613 τοῦ
825 1562 1069 1633 μακαρίου
1114 1560 1308 1613 Παύλου
1353 1563 1528 1631 φωνὴν,
1561 1558 1684 1611 ἀλλά
1733 1555 1758 1610 ὸ
1800 1558 1850 1609 έν
1893 1556 2127 1629 ύστέροις

558 1659 750 1726 καιροῖς
787 1650 833 1703 ἐν
959 1652 1170 1722 μητρῲᾳ
1207 1652 1481 1722 γαστρὶτῇ
1509 1653 1599 1702 τοῦ
1647 1646 1793 1714 ἁγίου
1842 1647 2128 1717 πνεύματος

557 1737 762 1810 δυνάμει
790 1737 1130 1800 διαπλασθείς,
1155 1738 1242 1793 ἇτε
1274 1741 1359 1793 καί
1387 1737 1600 1811 ἀπάτωρ
1643 1737 1724 1792 διὰ
1746 1743 1896 1790 τοῦτο
1924 1735 2128 1807 λεγόμε-

555 1852 658 1891 νος.
681 1850 700 1884 ε
728 1837 817 1888 Καὶ
842 1840 1008 1889 ταῦτα
1036 1835 1125 1902 μὲν
1153 1832 1177 1887 ὸ
1204 1833 1393 1894 ἀσεϐής
1411 1831 1664 1906 Θεόδωρος
1684 1831 2130 1908 παραλογιζόμενος

556 1931 644 1984 την
671 1930 788 2002 περὶ
814 1929 996 1981 τούτου
1027 1925 1353 1982 διδασκαλίαν
1379 1933 1470 1981 τοῦ
1500 1927 1778 1981 ἀποστόλου
1825 1925 2050 1997 λέγοντος
2080 1928 2129 1978 ἐν

555 2024 619 2090 τῇ
661 2021 790 2092 πρὸς
832 2017 1098 2092 Ἐϐραίους
1142 2018 1382 2092 ἐπιστολῇ
1420 2019 1539 2092 περὶ
1583 2023 1671 2070 τοῦ
1712 2019 1889 2089 κυρίου
1931 2015 2127 2075 οὕτως·

2224 848 2384 888 mone
2425 836 2538 891 hzcc
2567 852 2781 906 quoque
2808 840 3143 910 blasphemat
3167 857 3183 896 :
3203 861 3220 893 ι
3252 843 3364 897 Νοιι
3396 854 3575 900 autem
3608 847 3806 902 divina

2223 933 2412 979 natura
2443 942 2509 980 ex
2539 928 2752 997 Virgine
2779 941 2904 984 nata
2931 941 3034 998 est,
3065 934 3157 986 sed
3179 942 3332 988 natus
3361 943 3528 990 estex
3550 937 3801 1004 Virgine,

2223 1017 2311 1084 qui
2335 1033 2402 1071 ex
2423 1019 2713 1073 substantia
2739 1020 2962 1088 Virginis
2987 1030 3197 1076 c0nstat
3222 1042 3234 1075 :
3261 1039 3364 1076 non
3393 1025 3532 1078 Dens
3554 1024 3797 1080 Verbum

2225 1121 2289 1160 ex
2321 1106 2484 1162 Maria
2511 1118 2664 1164 natus
2691 1121 2808 1172 est;
2841 1121 2998 1166 natus
3042 1123 3124 1166 est
3162 1123 3337 1167 autem
3380 1130 3444 1169 cx
3488 1115 3648 1170 Maria
3699 1119 3798 1184 qui

2225 1211 2292 1250 ex
2318 1199 2522 1253 semine
2565 1208 2648 1253 est
2674 1199 2856 1255 David.
2890 1201 3004 1256 Non
3035 1202 3175 1257 Deus
3207 1203 3436 1259 Verbum
3469 1220 3535 1259 ex
3564 1206 3798 1262 muliere

2226 1298 2382 1342 natus
2411 1298 2512 1352 est.
2562 1289 2655 1344 sed
2685 1302 2839 1346 natus
2868 1301 2950 1347 est
2995 1309 3061 1346 ex
3091 1294 3332 1359 muliere,
3380 1295 3470 1364 qui
3500 1310 3564 1349 ex
3591 1296 3797 1350 virtute

2227 1379 2456 1448 Spiritus
2481 1382 2650 1435 sancti
2679 1383 2970 1451 plasmatus
2999 1392 3081 1439 est
3127 1385 3179 1438 in
3209 1401 3270 1438 ea
3297 1403 3310 1438 :
3359 1402 3464 1440 non
3518 1401 3584 1441 ex
3615 1398 3796 1442 matre

2226 1479 2382 1526 natus
2408 1483 2489 1524 est
2513 1473 2980 1527 consubstantialis
2995 1473 3158 1538 Patri,
3191 1477 3306 1530 sine
3329 1485 3498 1531 matre
3519 1480 3659 1533 enim
3687 1489 3793 1544 est,

2227 1563 2519 1618 secundum
2547 1566 2690 1619 beati
2719 1563 2867 1618 Pauli
2897 1581 3109 1630 vocem,
3151 1567 3244 1620 sed
3273 1568 3362 1634 qui
3392 1568 3444 1621 in
3474 1571 3796 1638 posteriori-

2226 1653 2325 1706 bus
2378 1653 2705 1723 temporibus
2748 1655 2801 1708 in
2853 1663 3096 1709 materno
3140 1665 3328 1710 ventre
3363 1659 3533 1711 sancti
3562 1657 3800 1726 Spiritus
3869 1668 3872 1669 '

2229 1743 2426 1796 virtute
2453 1743 2746 1810 plasmatus
2775 1751 2875 1807 est,
2904 1744 3020 1798 sine
3055 1743 3210 1799 Patre
3239 1755 3523 1816 prapterea
3544 1749 3739 1802 dictus.
3773 1767 3792 1799 ε

2231 1830 2354 1886 lla:c
2382 1832 2572 1901 impius
2598 1833 2912 1888 Theodorus
2957 1844 3270 1904 pervertens
3311 1837 3607 1892 doctrinam
3649 1841 3801 1908 Apo-

2229 1925 2352 1979 stoli
2382 1925 2434 1978 in
2466 1925 2701 1995 Epistola
2738 1926 2804 1980 ad
2843 1925 3094 1982 Hebraeos
3122 1927 3189 1982 de
3219 1927 3434 1983 Christo
3457 1928 3682 1984 Domino
3711 1932 3800 1984 di-

2230 2015 2401 2070 centis
2428 2033 2440 2068 :
2476 2015 2652 2069 Primo
2679 2017 2882 2086 quidem
2901 2019 3265 2087 interpretatus
3294 2030 3369 2072 est
3399 2017 3512 2073 Rea:
3533 2021 3797 2090 justitiaz;

563 2123 584 2158 ε
630 2114 831 2181 Πρῶτον
885 2091 974 2178 μέν
1021 2091 1407 2182 έρμηνευὸμενος
1471 2091 1711 2176 βασιλεύς
1761 2104 2082 2166 δικαιοσύνης
2107 2148 2121 2168 ,

2233 2105 2412 2158 deinde
2454 2122 2572 2159 vero
2617 2107 2772 2159 etiam
2817 2123 2909 2160 rex
2952 2107 3150 2173 Satem,
3199 2111 3333 2179 quod
3379 2122 3454 2164 est
3499 2110 3611 2165 Rea:
3630 2115 3802 2182 pacis,

557 2193 732 2250 ἴπειτα
760 2195 813 2250 δὲ
841 2198 924 2250 καὶ
952 2197 1187 2266 βασιλεύς
1214 2198 1377 2265 Σαλήμ
1395 2235 1411 2258 ,
1437 2193 1465 2249 ὅ
1491 2197 1603 2250 έστι
1640 2195 1880 2264 βασιλεύς
1910 2198 2122 2264 εἰρήνης,

557 2289 789 2362 ἀπάτωρ,
829 2293 1060 2364 ἀμήτωρ,
1093 2291 1490 2360 ἀγενεαλόγητος.
1521 2301 1645 2361 μήτε
1688 2291 1859 2363 ἀρχὴν
1901 2291 2121 2362 ἡμερῶν,

558 2382 681 2446 μήτε
703 2381 834 2439 ζωῆς
853 2378 991 2437 τέλος
1012 2376 1176 2448 ἔχων.
1198 2395 1214 2426 ι
1239 2385 1340 2432 Τοῦ
1358 2381 1457 2452 γάρ
1476 2378 1764 2433 ἀποστόλου
1785 2381 1902 2452 περί
1921 2379 2024 2438 ένὸς
2043 2381 2126 2432 καί

557 2472 649 2522 τοῦ
669 2467 1064 2527 αὼοῦεὶπὸντος
1109 2466 1390 2543 ἀπάτωρ,
1422 2471 1700 2542 ἀμήτωρ,
1729 2469 2127 2542 ἀγενεαλόγη-

558 2575 679 2617 τος.
701 2561 852 2630 μήτε
875 2559 1079 2634 ἀρχὴν
1103 2561 1363 2632 ἡμερῶν,
1388 2563 1538 2628 μήτε
1568 2562 1722 2621 ζωῆς
1741 2559 1912 2618 τέλος
1935 2558 2121 2629 ἔχων,

559 2645 584 2700 ὸ
627 2645 879 2709 δυσσεϐὴς
917 2649 1172 2728 Θεόδωρος
1203 2648 1345 2704 ἄλλον
1381 2651 1512 2720 λέγει
1551 2651 1818 2725 ἀπάτορα,
1857 2655 1943 2705 καί
1985 2650 2126 2706 ἄλλον

560 2737 810 2812 ἀμήτορα·
860 2739 982 2795 ἀ)λά
1025 2739 1325 2814 διελέγξομεν
1370 2747 1459 2800 τήν
1504 2748 1602 2796 τῶν
1645 2742 1778 2797 οὕτω
1820 2745 2127 2818 φρονούντων

559 2828 807 2888 ἀσέϐειαν,
831 2833 922 2886 ⁴καὶ
961 2831 1015 2883 ἐκ
1051 2839 1143 2891 τῆς
1189 2839 1286 2884 τῶν
1330 2831 1484 2902 ἁγίων
1513 2832 1747 2906 πατέρων
1777 2830 2123 2892 διδασκαλίας.

559 2920 703 2992 Λέγει
727 2922 826 2994 γάρ
855 2919 880 2975 ὸ
909 2922 960 2975 έν
999 2921 1156 2994 άγίοις
1194 2921 1463 2995 ι’ρηγὸριος
1495 2921 1522 2978 6
1550 2927 1827 2987 Ναζιανζοῦ
1853 2924 2129 2981 έπίσκοπος

561 3007 610 3060 έν
633 3016 704 3075 τῷ
724 3014 840 3082 περὶ
861 3019 957 3065 τῶν
979 3014 1240 3082 θεοφανίων
1258 3013 1384 3082 λόγῳ
1406 3011 1583 3071 οὕτως’
1613 3028 1631 3060 t
1657 3015 1743 3070 Τίς
1775 3015 1833 3066 ού
1855 3021 2136 3084 προσκυνεῖ

560 3097 646 3151 τὸν
684 3100 960 3174 ἀπαρχῖκς
990 3105 1067 3162 τίς
1095 3104 1152 3155 ού
1179 3101 1376 3166 δοξάζει
1419 3105 1507 3157 τὸν
1550 3104 1870 3161 τελευταῖονε
1900 3105 2046 3158 πάλιν
2070 3106 2129 3159 τὸ

561 3187 738 3248 σκότος
775 3189 962 3257 λύεται,
993 3192 1140 3246 πάλιν
1165 3194 1222 3246 τὸ
1260 3200 1360 3264 φῶς
1386 3193 1676 3263 ὑφίσταται,
1705 3195 1854 3248 πάλιν
1878 3192 2130 3266 Αἴγυπτος

561 3277 730 3348 σκότῳ
768 3280 1045 3345 κολάζεται,
1089 3283 1236 3337 πάλιν
1280 3283 1480 3356 Ἰσραήλ
1519 3283 1687 3352 στύλῳ
1732 3286 2015 3353 φωτίζεται.
2069 3296 2124 3338 '0

563 3365 682 3427 λαὸς
705 3369 731 3423 ὸ
757 3373 1026 3441 καθήμενος
1055 3374 1104 3426 έν
1132 3373 1302 3427 σκότει
1327 3381 1417 3432 τῆς
1441 3375 1663 3444 ἀγνοίας,
1693 3373 1839 3428 ἰδέτω
1878 3383 1976 3446 φῶς
2003 3375 2129 3446 μέγα

563 3468 655 3520 τῆς
670 3461 1004 3534 ἐπιγνώσεως.
1020 3467 1094 3518 Τά
1112 3465 1318 3537 ἀρχαῖα
1338 3466 1578 3534 παρῆλθε,
1596 3473 1676 3520 rati
1695 3467 1860 3538 γέγονε
1879 3469 1944 3522 τά
1964 3470 2129 3522 πάντα
2157 3440 2206 3506 C

564 3555 726 3614 καινά,
755 3555 814 3608 τὸ
844 3557 1054 3628 γράμμα
1078 3557 1366 3629 ύποχωρεῖ.
1398 3559 1455 3612 τὸ
1484 3565 1682 3630 πνεῦμα
1705 3561 2128 3635 παρρησιάζεται·

564 3653 619 3699 αἱ
646 3648 789 3700 σκιαί
814 3649 1254 3722 παρατρέχουσιν,
1277 3651 1306 3706 τὸ
1332 3649 1532 3707 ἀλήθεια
1560 3651 1934 3724 ἐπεισέρχεται’
1959 3652 1985 3706 6
2011 3654 2135 3706 Μελ-

566 3733 777 3803 χισεδέκ
801 3737 1092 3804 συνάγεται⁹
1121 3733 1402 3814 ὸάμήτωρ.
1437 3739 1644 3813 ἀπάτωρ
1685 3741 1891 3808 γίνεται,
1923 3741 2134 3816 ἀμήτωρ

565 3827 624 3880 τὸ
649 3827 908 3898 πρότερον,
931 3827 1147 3902 ἀπάτωρ
1175 3829 1232 3882 τὸ
1261 3827 1510 3902 δεύτερον.
1557 3831 1713 3899 Νόμοι
1742 3829 1940 3902 φύσεως
1977 3853 2136 3887 κατα-

565 3914 789 3973 λύονται.
821 3918 1134 3989 πληρωθῆναι
1174 3915 1254 3970 δεῖ
1297 3917 1378 3971 τὸν
1427 3913 1527 3971 ἄνω
1575 3919 1780 3986 κόσμου’
1809 3920 2022 3991 Χριστὸς
2052 3939 2101 3972 κε
2122 3947 2136 3960 ο

567 4003 699 4058 λεύει
727 4010 793 4072 μή
819 4007 1187 4076 ἀντιτείνωμεν.
1227 4023 1245 4056 ε
1281 4006 1404 4080 Πρὸς
1442 4003 1636 4066 τούτοις
1657 4005 1709 4060 δέ
1738 4010 1820 4060 καί
1845 4007 1870 4061 ὸ
1897 4010 1947 4061 έν
1976 4008 2138 4079 ἁγίοις

568 4095 777 4168 Πρόκλος
806 4094 830 4148 6
861 4095 1132 4155 ἐπίσκοπος
1193 4095 1760 4154 Κωνσταντινουπὸλεως
1814 4095 1862 4148 έν
1899 4105 1971 4165 τῷ
2007 4098 2137 4169 λόγῳ

568 4191 640 4256 τῷ
664 4187 732 4244 εἰς
761 4191 849 4242 τήν
871 4186 1108 4240 Θεοτὸκον
1133 4185 1263 4239 οὕτω
1286 4187 1433 4256 λέγει’
1467 4203 1484 4236 t
1509 4185 1567 4239 ⁸0
1597 4184 1661 4240 ὢν
1687 4188 1816 4241 κατά
1843 4191 1988 4259 φύσιν
2008 4191 2141 4244 ἀπα·-

569 4277 677 4337 θής,
706 4277 870 4346 γέγονε
897 4274 960 4330 δι’
981 4273 1138 4330 οἶκτον
1159 4277 1470 4335 πολυπαθής’
1505 4278 1594 4330 ούκ
1623 4279 1676 4331 έκ
1698 4287 1951 4352 προκοπῆς
1970 4282 2136 4350 γέγονε

569 4364 711 4428 Θεὸς,
746 4364 770 4417 6
798 4366 1036 4434 Χριστὸς,
1066 4371 1133 4432 μή
1159 4369 1372 4436 γένοιτο,
1401 4367 1524 4418 ἀλλά
1553 4364 1617 4419 δι’
1634 4362 1794 4421 οἶκτον
1819 4369 2014 4440 γέγονεν
2041 4367 2139 4422 ἆν-

569 4453 765 4527 θρωπος
790 4451 815 4508 ὸ
845 4455 997 4518 Θεὸς,
1120 4460 1444 4523 πιστεύομεν⁸
1488 4457 1571 4508 οὐκ
1619 4452 1877 4530 ἄνθρωπον
1920 4460 2143 4514 ἀποθεω-

568 4546 710 4599 θέντα
737 4549 1068 4621 κηρύττομεν,
1099 4547 1222 4601 ἀλλά
1259 4548 1380 4601 Θεὸν
1419 4550 1735 4622 σαρκωθέντα
1785 4549 2137 4622 ὁμολογοῦμεν.

567 4642 665 4692 Τήν
712 4638 894 4690 οἰκείαν
933 4635 1109 4694 δούλην
1154 4637 1474 4712 ἐπεγράψατο
1527 4639 1720 4712 μητέρα
1767 4639 1792 4693 ὸ
1839 4641 2138 4696 κατόύτίαν

569 4729 780 4797 ἀμήτωρ
799 4767 814 4790 ,
845 4731 930 4782 καί
958 4727 1068 4783 κατ’
1081 4733 1354 4799 οἰκονομίαν
1393 4732 1626 4805 ἀπάτωρ’
1658 4733 1767 4785 imi
1795 4740 1902 4793 πῶς
1931 4732 1956 4787 6
1985 4735 2100 4788 αύτ²
2111 4755 2136 4794 ς

2226 2196 2336 2248 sine
2361 2203 2524 2264 patre,
2555 2197 2666 2249 sine
2693 2207 2874 2269 matre,
2907 2197 3019 2251 sine
3048 2199 3368 2269 genealogia,
3399 2217 3561 2270 neque
3589 2202 3802 2256 initium

2226 2285 2424 2338 dierum
2464 2285 2676 2349 habens,
2724 2303 2883 2357 neque
2920 2288 3118 2341 vivendi
3161 2289 3318 2358 ﬁnem
3359 2289 3546 2362 (Hebr.
3581 2307 3682 2356 m,
3713 2291 3799 2359 5).

2226 2373 2358 2429 Cum
2399 2377 2542 2431 enim
2575 2376 2860 2446 Apostolus
2903 2377 2972 2433 de
3017 2393 3124 2433 uno
3153 2379 3451 2448 eodemque
3479 2379 3642 2446 dicat,
3685 2384 3806 2436 sine

2226 2475 2389 2533 patre,
2425 2467 2538 2518 sine
2561 2475 2744 2533 matre,
2772 2467 2882 2520 sine
2910 2468 3227 2539 genealogia,
3260 2486 3419 2538 neque
3447 2469 3652 2524 initium
3682 2473 3804 2525 die-

2226 2572 2340 2610 rum
2362 2555 2582 2618 habens,
2622 2572 2780 2626 neque
2803 2559 2997 2612 vivendi
3023 2560 3214 2628 ﬁnem;
3247 2561 3436 2629 impius
3466 2562 3579 2630 ipse
3618 2563 3804 2619 Theo.

2226 2646 2388 2702 dorus
2431 2647 2657 2701 alterum
2701 2649 2816 2703 sine
2860 2656 3011 2718 patre
3050 2651 3118 2704 ab
3147 2651 3315 2705 altero
3343 2653 3458 2707 sine
3487 2663 3658 2708 matre
3684 2653 3807 2706 dis-

2227 2737 2418 2792 cernit.
2483 2736 2747 2792 Cmterum
2804 2753 2872 2793 ex
2940 2750 3248 2796 sanctorum
3302 2758 3516 2810 quoque
3573 2743 3798 2799 Patrum

2227 2826 2471 2882 doctrina
2522 2827 2788 2896 ejusmodi
2833 2830 3208 2900 desipientium
3267 2833 3515 2903 impietas
3562 2835 3799 2890 demon-

2228 2922 2450 2970 stratur.
2482 2913 2711 2982 Sanctus
2739 2919 2880 2972 enim
2898 2918 3201 2990 'Cregorius
3237 2922 3485 2977 Nazianzi
3516 2926 3808 2995 episcopus

2230 3007 2282 3059 in
2309 3020 2375 3060 eo
2403 3021 2651 3061 sermone
2677 3007 2768 3075 qui
2814 3007 2880 3062 de
2908 3011 3109 3064 sanctis
3154 3010 3537 3080 Theophaniis,
3587 3015 3701 3068 sive
3732 3014 3808 3069 de

2229 3094 2424 3151 Christi
2446 3095 2732 3151 Nativitate
2755 3098 3081 3167 inscribitur,
3109 3100 3219 3155 hzcc
3245 3101 3437 3155 habet:
3475 3123 3492 3153 ε
3514 3104 3641 3169 Quis
3657 3120 3808 3167 eum,

2231 3187 2322 3256 qui
2369 3202 2399 3240 a
2429 3187 2691 3257 principio
2727 3196 2828 3253 est,
2882 3206 2988 3244 non
3035 3192 3270 3246 adoret?
3299 3194 3420 3260 quis
3453 3195 3809 3249 novissimum

2231 3292 2337 3331 non
2368 3277 2548 3331 laudet
2583 3293 2647 3333 ac
2675 3279 2954 3333 celebret?
2989 3280 3276 3335 Solvuntur
3319 3283 3512 3336 iteer
3545 3285 3832 3346 tenebrae,

2232 3385 2443 3424 rursum
2486 3378 2699 3424 creatur
2739 3370 2864 3436 lux;
2894 3372 3084 3426 iterum
3115 3374 3348 3427 tenebris
3377 3381 3605 3428 vexatur
3633 3374 3808 3446 Egy-

2235 3467 2376 3528 ptus,
2409 3475 2592 3514 rursus
2617 3459 2781 3515 Israel
2813 3476 2909 3530 per
2950 3462 3256 3516 columnam
3296 3463 3648 3519 illuminatur.
3696 3465 3808 3517 Po-

2235 3553 2391 3622 pulus
2433 3552 2524 3620 qui
2576 3553 2630 3606 in
2671 3554 2908 3608 tenebris
2949 3554 3128 3616 sedet,
3180 3570 3427 3624 magnam
3478 3559 3809 3626 cognitionis

2236 3639 2409 3694 lucem
2442 3641 2704 3709 inspiciat,
2736 3650 2917 3696 vetera
2947 3645 3339 3712 pneterierunt,
3371 3660 3497 3700 ecce
3523 3646 3664 3701 facta
3680 3657 3808 3704 sunt

2238 3733 2415 3784 omnia
2447 3747 2584 3786 nova
2612 3749 2625 3784 :
2678 3732 2856 3786 littera
2895 3733 3056 3799 cedit,
3088 3735 3308 3803 spiritus
3333 3746 3572 3806 superat,
3604 3739 3808 3794 umbra:

2236 3829 2582 3891 praetereunt,
2612 3824 2810 3878 veritas
2832 3824 3152 3892 ingreditur;
3185 3825 3578 3884 Melchisedech
3599 3831 3808 3899 colligi-

2238 3919 2352 3964 tur:
2372 3912 2464 3978 qui
2491 3912 2608 3966 sine
2635 3922 2806 3966 matre
2834 3923 2969 3976 erat,
3001 3915 3117 3968 sine
3145 3923 3298 3984 patre
3320 3916 3395 3980 tit,
3422 3919 3568 3987 prius
3590 3921 3807 3988 quidem

2239 3999 2355 4054 sine
2385 4011 2576 4064 matre,
2607 4011 2730 4072 post
2751 4011 2929 4056 autem
2953 4004 3069 4058 sine
3091 4013 3261 4074 patre.
3303 4006 3516 4062 Natura:
3538 4010 3684 4078 leges
3709 4011 3808 4065 oh-

2241 4100 2555 4159 vertuntur,
2614 4109 2924 4163 supremum
2983 4096 3236 4151 mundum
3286 4100 3495 4169 impleri
3549 4113 3808 4170 oportet;

2239 4182 2482 4240 Christus
2499 4184 2652 4253 jubet
2679 4200 2748 4240 ne
2775 4188 3114 4242 ohsistamus.
3140 4207 3158 4240 ›
3188 4188 3388 4244 Horum
3431 4191 3625 4245 similia
3649 4193 3808 4248 habet

2238 4275 2294 4329 S.
2315 4275 2534 4331 Proclus
2547 4276 3166 4348 Constantinopolitanus
3177 4283 3458 4352 episcopus
3481 4285 3534 4338 in
3555 4300 3806 4342 sermone

2239 4381 2337 4420 suo
2347 4367 2412 4421 de
2424 4365 2480 4422 S.
2497 4367 2739 4436 Deipara.
2761 4389 2780 4420 ε
2801 4369 2898 4436 Qui
2911 4379 3123 4439 natura,
3139 4373 3326 4442 inquit,
3344 4374 3686 4443 impassihilis
3698 4389 3801 4436 est.

2244 4456 2424 4514 factus
2443 4469 2528 4512 est
2554 4471 2649 4527 per
2668 4459 3004 4518 calamitates
3028 4460 3217 4533 [Gram
3240 4479 3333 4532 per
3353 4465 3804 4541 misericordiam]

2246 4549 2431 4604 multis
2477 4547 2756 4615 subjectus
2806 4552 3152 4618 passionihus
3193 4568 3206 4604 :
3245 4569 3352 4608 non
3395 4570 3460 4610 ex
3515 4571 3802 4626 progressu

2248 4638 2427 4694 factus
2457 4645 2541 4692 est
2572 4636 2712 4692 Deus
2741 4638 3013 4703 Christus,
3045 4642 3212 4697 absit!
3239 4643 3331 4698 sed
3369 4660 3466 4712 per
3496 4648 3806 4701 misericor-

2244 4726 2387 4782 diam
2415 4727 2556 4783 Deus
2585 4727 2756 4782 factus
2782 4737 2864 4783 est
2887 4729 3070 4795 homo,
3102 4729 3155 4784 in
3183 4745 3340 4799 quem
3368 4731 3672 4796 credimus;
3697 4747 3802 4786 non

522 4883 536 4891 .
568 4821 694 4874 κατὰ
722 4820 908 4873 Παῦλον
952 4821 1161 4894 ἀμήτωρ
1202 4824 1285 4874 καί
1312 4823 1558 4894 ἀπάτωρς
1589 4825 1645 4875 Εἰ
1671 4823 1811 4893 ψιλὸς
1853 4821 2131 4892 ἅνθρωπος.

2241 4818 2507 4872 hominem
2531 4818 2837 4873 Deilicatum
2861 4821 3228 4888 praedicamus,
3247 4822 3342 4876 sed
3371 4821 3534 4876 Deum
3556 4821 3802 4876 incarna-

568 4912 656 4963 οὐκ
686 4913 915 4984 ἀμήτωρ,
941 4908 1059 4980 ἔχει
1095 4913 1192 4985 γὰρ
1231 4914 1446 4984 μητέρα’
1492 4917 1579 4965 νῦν
1605 4911 1658 4966 δέ
1687 4911 1712 4966 ὸ
1743 4914 1891 4972 αὐτὸς
1925 4915 2133 4985 ἀμήτωρ

569 5003 636 5060 ὡς
674 5001 922 5061 πλάστης,
959 5001 1167 5074 ἀπάτωρ
1212 5003 1280 5062 ὡς
1314 5001 1536 5072 πλάσμα.
1570 5021 1588 5054 ι
1623 5005 1708 5055 Καί
1733 5002 1758 5057 ὸ
1786 5005 1836 5056 έν
1881 5002 2042 5074 ἁγίοις
2083 5002 2135 5056 δέ

568 5090 893 5159 Δύγουστῖνος
915 5088 961 5140 έν
982 5097 1052 5155 τῷ
1075 5091 1192 5160 περὶ
1216 5098 1306 5149 τῆς
1331 5090 1574 5158 ¹ἐκθέσεως
1602 5098 1690 5145 τοῦ
1720 5092 1907 5162 συμϐό)
1917 5113 1976 5146 ου
2005 5093 2133 5164 λόγῳ

569 5179 733 5238 οὕτως
757 5181 906 5252 λέγει’
939 5196 958 5229 t
988 5181 1286 5252 Πιστεύομεν
1315 5184 1386 5241 εἰς
1410 5183 1494 5236 τὸν
1522 5184 1630 5236 υίὸν
1659 5185 1811 5237 αὐτοῦ
1838 5183 2029 5241 Ἰησοῦν
2049 5186 2134 5238 τὸν

567 5269 779 5340 Χριστὸν
805 5269 1091 5338 γεννηθέντα
1115 5271 1167 5322 ἐκ
1192 5273 1482 5340 πνεύματος
1523 5271 1688 5344 ἁγίου,
1719 5276 1804 5326 καί
1829 5282 1919 5333 τῆς
1945 5277 2128 5344 παρθέ-

565 5377 646 5409 νου
692 5361 906 5433 Μαρίας.
957 5365 1097 5412 Διατί
1140 5363 1328 5417 ταύτην
1368 5365 1458 5418 τήν
1493 5361 1734 5432 γέννησιν,
1761 5359 1799 5413 ὦ
1826 5360 2028 5427 ἄπιστε,
2055 5364 2136 5416 έκ-

571 5448 838 5514 πληττεις;
869 5455 936 5520 μή
961 5452 1172 5505 πίστευε
1213 5455 1257 5504 εἰ
1281 5452 1429 5520 μόνον
1467 5449 1721 5528 ἅνθρωπος
1745 5451 1847 5511 ἧνὸ
1875 5455 2134 5524 γεννηθείς

565 5545 610 5596 εί
628 5539 682 5596 δέ
704 5543 826 5602 Θεὸς
848 5539 1105 5618 ἅνθρωπος
1126 5541 1202 5605 ἦν,
1219 5544 1328 5606 έξῆς
1351 5542 1442 5615 [Γ.
1469 5546 1515 5608 ἐξ
1537 5541 1618 5613 ἧς]
1638 5546 1868 5603 ἠθέλησεν
1889 5546 2135 5617 έγεννήθη,

566 5633 736 5695 έπειδη
756 5639 824 5697 ὡς
844 5637 1074 5695 ἠθέλησεν
1100 5637 1343 5707 ἐγεννήθη
1365 5639 1524 5691 έκεῖνο
1545 5638 1800 5709 θαύμασον
1827 5637 2026 5700 μᾶλλον,
2052 5635 2135 5691 ὅτι

563 5726 592 5784 ὸ
615 5729 751 5801 λόγος
773 5726 944 5782 ἔλαϐεν
968 5728 1160 5799 σάρκα,
1186 5729 1266 5781 καί
1295 5729 1378 5782 οὐκ
1405 5729 1596 5802 ἐτράπη
1623 5731 1694 5788 εἰς
1723 5729 1908 5804 σάρκα·
1942 5724 2019 5781 ὅτι
2045 5728 2134 5796 μέ-

563 5837 656 5872 νων
701 5819 819 5877 Θεὸς
863 5819 1058 5889 γέγονεν
1099 5813 1384 5893 ἄνθρωπος·
1418 5819 1542 5876 πλὴν
1584 5820 1636 5872 τί
1677 5819 1946 5887 θαυμάζεις
1983 5816 2065 5872 ὅτι
2102 5819 2134 5875 ἦ

567 5914 868 5980 γεννήσασα,
893 5911 978 5964 τὸν
1021 5907 1144 5963 ἴδιον
1187 5911 1440 5981 ἐγέννησεν
1483 5909 1710 5976 κτίστην,
1743 5906 1823 5964 ὅτι
1854 5909 1912 5964 τὸ
1941 5912 2138 5979 ποίημα

2240 4914 2350 4960 tum
2378 4907 2694 4962 conﬁtemur
2721 4925 2734 4960 :
2767 4909 3010 4962 ancillam
3031 4911 3307 4965 suam‘sibi
3331 4920 3553 4966 matrem
3577 4911 3791 4978 delegit.
3859 4973 3874 4981 ‘

2237 4995 2329 5062 qui
2358 5003 2544 5048 natura
2572 4996 2686 5050 sine
2713 5005 2882 5051 matre
2911 5005 3018 5061 est,
3057 5005 3113 5051 et
3139 4998 3535 5067 dispensatione
3562 4999 3678 5054 sine
3704 5015 3798 5068 pa-

2239 5095 2342 5140 tre.
2380 5087 2658 5152 Quomodo
2708 5087 2850 5141 enim
2907 5088 3052 5157 ipse,
3090 5088 3242 5156 juxta
3292 5087 3443 5143 Pauli
3483 5092 3797 5144 sententiam

2238 5177 2354 5232 sine
2400 5187 2551 5247 patre
2591 5188 2646 5233 et
2689 5181 2804 5233 sine
2832 5188 2999 5233 matre
3030 5182 3152 5234 est?
3200 5180 3254 5234 Si
3284 5196 3451 5250 purus
3480 5183 3664 5249 homo,
3699 5199 3798 5236 nnn

2237 5269 2352 5322 sine
2382 5277 2586 5333 matre;
2637 5279 2860 5323 matrem
2889 5270 3030 5322 enim
3061 5269 3259 5338 liabet:
3311 5270 3392 5324 sin
3423 5280 3600 5325 autem
3631 5272 3798 5337 nudus

2237 5359 2394 5425 Deus,
2425 5376 2530 5414 non
2559 5360 2672 5414 sine
2701 5368 2872 5428 patre,
2905 5359 3114 5414 Patrem
3144 5360 3337 5430 quippe
3366 5361 3563 5448 habet:
3593 5371 3678 5417 est
3706 5362 3800 5415 ita-

2237 5465 2342 5518 que
2386 5449 2528 5504 idem
2577 5450 2690 5519 ipse
2737 5450 2921 5503 matris
2966 5465 3178 5518 expers,
3207 5459 3264 5504 ut
3309 5460 3563 5518 creator;
3613 5467 3799 5506 carens

2239 5551 2416 5596 autem
2445 5552 2619 5610 patre,
2650 5550 2709 5594 ut
2737 5549 3001 5595 creatura.
3035 5560 3052 5592 ε
3108 5542 3338 5596 Sanctus
3367 5543 3525 5596 etiam
3557 5542 3796 5610 Augusti-

2239 5648 2337 5686 nus
2367 5633 2417 5684 in
2445 5646 2694 5686 sermone
2721 5631 2788 5684 de
2816 5631 3152 5700 expositione
3181 5631 3419 5702 Symboli
3459 5633 3578 5686 haec
3607 5632 3792 5686 habet:

2245 5740 2261 5772 ι
2290 5720 2566 5774 Credimus
2593 5722 2645 5773 in
2675 5719 2864 5774 Filium
2911 5721 3027 5787 ejus
3068 5721 3248 5776 Jesum
3295 5723 3568 5778 Christum
3591 5714 3595 5718 ’
3621 5731 3793 5777 natum

2239 5813 2306 5866 de
2321 5811 2517 5880 Spiritu
2548 5819 2752 5875 sancto,
2779 5820 2914 5865 etex
2938 5812 3099 5866 Maria
3121 5812 3354 5880 Virgine.
3394 5811 3524 5880 Cur,
3555 5813 3793 5876 inﬁdelis.

2240 5905 2379 5958 hanc
2425 5901 2759 5956 nativitatem
2804 5903 3131 5969 perturhas?
3176 5904 3253 5958 Ne
3299 5903 3486 5959 credas
3515 5904 3596 5959 vel
3623 5905 3790 5962 solum
