4112 6546
358 452 488 515 ιοὸι

1074 435 1437 497 EPISTOLA
1478 431 1873 495 ADVERSUS
1910 429 2392 492 THEODORUM
2429 422 2847 488 MOPSUEST.

3462 435 3597 501 1062

361 567 411 622 τί
419 587 445 617 ν
468 566 679 622 ποιητὴν
704 561 958 634 ἐγέννησεν
980 601 991 621 ,
1040 560 1197 619 οὔτως
1236 559 1487 617 ἠϐουλήθη
1524 557 1550 611 6
1584 556 1797 626 ὕψιστος
1821 574 1929 624 γεν-

2043 553 2304 608 hominem
2332 567 2449 608 esse
2475 553 2566 623 qui
2595 560 2750 606 natus
2777 562 2879 613 est,
2908 550 2993 605 vel
3022 551 3064 604 si
3092 550 3231 604 Deus
3257 549 3416 604 homo
3446 561 3585 608 erat.

360 655 557 717 νηῦᾶναι
582 653 839 715 ταπεινὸς,
864 653 947 705 ἵνα
971 651 1019 703 ἐν
1041 652 1165 708 αὐτῆ
1195 658 1257 721 τῇ
1295 652 1589 704 ταπεινώσει
1617 645 1921 709 ἐπιδείξηται

360 770 451 809 την
474 745 845 821 μεγαλειότητα.
861 762 880 796 ι

2027 642 2282 712 deinceps
2310 643 2455 696 nasci
2486 642 2714 696 voluisse
2754 658 2767 692 :
2821 655 2945 692 nam
2987 638 3432 707 quemadmodum
3470 637 3589 710 ipse

2025 735 2211 797 voluit,
2244 734 2321 787 sic
2349 742 2504 787 natus
2532 742 2633 787 est.
2663 731 2795 784 illud
2824 730 3000 800 potius
3032 730 3247 793 mirare,
3277 730 3422 799 quod
3449 727 3586 784 Ver-

2025 826 2149 879 bum
2181 839 2305 878 caro
2337 822 2529 876 factum
2559 829 2655 883 est,
2687 830 2741 874 et
2781 837 2885 873 non
2912 828 2994 873 est
3035 834 3351 873 conversum
3382 820 3434 872 in
3465 833 3583 872 car-

360 943 503 996 nem,
532 925 782 995 quodque
826 938 1046 977 manens
1095 922 1235 975 Deus
1258 960 1273 985 ,
1324 919 1495 975 factus
1530 928 1611 976 est
1658 919 1838 971 homo.
1890 915 1995 970 Sed
2034 915 2157 983 quid
2187 916 2398 977 mirare,
2430 929 2547 966 eam
2577 927 2694 981 quae
2724 911 2908 978 genuit
2933 912 3204 979 proprium
3234 910 3477 976 genuisse
3508 911 3585 962 fa-

358 1027 560 1070 ctorem
584 1056 598 1080 ,
645 1021 1049 1078 creaturamque
1086 1024 1238 1061 suum
1284 1018 1583 1062 creatorem
1621 1005 1953 1075 protulisse?
2008 1003 2098 1058 Sic
2136 1002 2307 1056 voluit
2336 1003 2635 1057 Altissimus
2663 1000 2874 1053 humilis
2902 998 3082 1062 nasci,
3133 1006 3190 1051 ut
3217 1014 3364 1052 suam
3390 998 3444 1051 in
3476 1000 3587 1067 ipsa

360 1107 658 1162 humilitate
683 1102 1125 1171 magniﬁcentiam
1155 1100 1481 1155 ostenderet.
1514 1118 1533 1150 ι

432 1204 518 1253 Καὶ
545 1207 631 1253 ταί
644 1219 709 1251 τα
737 1200 825 1265 μίν
861 1197 906 1249 οἱ
951 1196 1083 1267 ἅγιοι
1114 1198 1352 1269 πατέρες.
1379 1193 1493 1249 Ὀτι
1518 1193 1569 1249 δέ
1600 1196 1682 1248 καί
1714 1194 1764 1247 αἱ
1792 1195 1923 1248 θεῖαι

361 1295 566 1363 γραφαὶ,
610 1287 688 1347 α’ς
729 1288 1059 1347 ἠκολούθησαν
1089 1288 1135 1342 oi
1186 1286 1317 1357 ἀγιοι
1360 1288 1603 1358 πατέρες,
1651 1288 1801 1339 αὐτόν
1839 1288 1923 1340 τὸν

362 1385 482 1437 Θεὸν
523 1382 662 1451 λόγον
688 1380 1002 1454 σαρκωθῆναι
1044 1381 1125 1430 καὶ
1157 1379 1397 1446 τεχθῆναι
1429 1379 1480 1430 ἐκ
1506 1386 1594 1434 τῆς
1624 1376 1770 1446 ἀγίας
1793 1397 1924 1449 παρ-

358 1476 498 1527 θένου
528 1475 740 1543 Μαρίας,
764 1472 850 1524 καί
872 1470 1241 1541 ἐνανθρωπῆσαι
1266 1464 1567 1519 διδάσκουσι
1591 1463 1735 1523 δῆλον
1763 1465 1928 1538 ὑπάρ-

365 1584 469 1633 χει.
504 1564 646 1633 Λέγει
684 1564 781 1634 γάρ
822 1566 1017 1633 πρῶτον
1055 1556 1080 1609 6
1122 1561 1379 1628 προφήτης
1419 1555 1645 1617 Ἢσα⁷ας,
1691 1572 1707 1602 ι
1736 1553 1855 1607 Ἰδοὺ
1898 1556 1928 1610 ἡ

365 1654 607 1727 παρθένος
639 1654 687 1703 ἐν
716 1652 904 1721 γαστρὶ
929 1650 1027 1711 ἕξει
1055 1649 1133 1698 καί
1162 1648 1351 1708 τέξεται
1381 1646 1504 1707 υἷόν,
1542 1648 1623 1697 καὶ
1659 1644 1927 1696 καλέσουσι

365 1742 421 1795 τὸ
464 1737 617 1810 ὄνομα
657 1741 811 1792 αὐτοῦ
844 1736 1172 1805 Ἐμμανουήλ,
1204 1752 1222 1784 ι
1258 1732 1414 1788 ὅέστι
1454 1735 1928 1806 μεθερμηνευόμενον

365 1831 494 1903 μεθ’
522 1834 682 1899 ἡμῶν
712 1829 736 1883 6
772 1832 921 1888 Θεός
937 1868 951 1881 .
1002 1824 1119 1881 Εἶτα
1138 1830 1222 1880 καί
1241 1825 1393 1880 Δαϐἰδ
1412 1825 1436 1879 6
1458 1830 1714 1900 προεήτης
1733 1827 1862 1896 λέγει
1882 1827 1929 1878 ἐν

2100 1192 2167 1246 Et
2207 1194 2319 1248 luce
2346 1191 2561 1259 quidem
2592 1206 2620 1244 a
2658 1190 2754 1244 SS.
2790 1190 3035 1245 Patribus
3082 1191 3433 1258 disputantur.
3483 1184 3587 1239 Sed

2030 1284 2167 1337 haud
2200 1283 2530 1351 perspicuum
2552 1282 2820 1336 estminus
2848 1280 3052 1333 divinas
3074 1279 3317 1341 Litteras,
3347 1292 3479 1345 quas
3506 1292 3588 1330 se-

2031 1376 2139 1429 cuti
2170 1382 2293 1428 sunt
2314 1373 2479 1428 sancti
2510 1372 2761 1427 Ecclesiae
2791 1371 2977 1425 Patres
3010 1371 3233 1439 idipsum
3262 1369 3477 1433 docere,
3508 1369 3588 1420 ni-

2031 1468 2220 1521 mirum
2251 1466 2416 1520 Deum
2456 1466 2685 1519 Verbum
2716 1466 3067 1531 incarnatum,
3099 1471 3153 1517 et
3176 1478 3239 1516 ex
3266 1468 3453 1516 sancta
3482 1458 3589 1513 Ma-

2032 1556 2110 1609 ria
2161 1554 2375 1621 Virgine
2426 1563 2630 1620 natum,
2687 1564 2741 1608 et
2788 1555 3057 1608 hominem
3106 1554 3301 1606 factum
3347 1564 3485 1605 esse.
3516 1549 3592 1602 Ac

2033 1646 2202 1715 primo
2232 1644 2394 1697 Isaias
2417 1645 2674 1713 propheta
2701 1662 2713 1697 :
2744 1644 2898 1709 Ecce,
2926 1644 3115 1712 inquit,
3146 1642 3303 1712 Virgo
3322 1641 3589 1710 concipiet.

2033 1742 2081 1787 et
2106 1736 2267 1802 pariet
2297 1736 2483 1802 ﬁlium,
2530 1744 2579 1789 et
2620 1735 2877 1789 vocabitur
2907 1751 3089 1788 nomen
3129 1735 3236 1804 ejus
3266 1732 3590 1793 Emmanuel,

2035 1824 2176 1894 quod
2225 1832 2308 1879 est
2354 1826 2789 1893 interpretatum,
2844 1824 3127 1877 Nobiscum
3174 1823 3333 1876 Deus.
3393 1821 3594 1874 Rursus

366 1932 438 1988 τῷ
464 1925 718 1991 ἑκατοστῷ
741 1923 869 1992 ἕκτῳ
889 1921 1090 1989 Ψαλμῷο
1121 1936 1139 1969 ε
1159 1918 1464 1974 ’Δπίστειλεν
1484 1920 1567 1974 τόν
1594 1920 1735 1991 λόγον
1755 1922 1930 1985 αὐτοῦ,

2043 1914 2199 1967 David
2227 1914 2485 1983 propheta
2516 1914 2720 1984 psalmo
2749 1912 3044 1967 centesimo
3085 1918 3238 1964 sexto
3272 1909 3454 1962 canit:
3488 1907 3592 1960 Mi-

367 2016 448 2065 κκί
479 2014 656 2069 ἰάσατο
679 2013 881 2074 αὐτοὺς,
918 2013 996 2063 καί
1039 2010 1289 2085 ίρρύσατο
1323 2012 1509 2069 αὐτοὺς
1535 2011 1589 2071 ἐκ,
1615 2018 1712 2064 τῶν
1733 2009 1930 2077 διαφθο-

368 2110 466 2175 ρῶν
493 2103 669 2155 αὐτῶν.
695 2117 712 2149 ι
742 2097 883 2153 Ἀλλά
924 2102 1006 2153 καί
1031 2097 1055 2152 6
1087 2097 1226 2169 ἅγιος
1272 2099 1546 2157 ἀπόστολος
1576 2099 1767 2158 Παῦλος
1798 2099 1931 2153 οὕτω

367 2190 516 2263 λέγει’
545 2211 561 2239 ι
589 2187 707 2243 ὐτε
736 2188 764 2243 δ
809 2187 915 2247 ἦλθε
938 2190 994 2242 τὸ
1012 2188 1260 2260 πλήρωμα
1295 2195 1392 2241 τῶν
1420 2195 1619 2264 καιρῶν,
1651 2190 1933 2251 ἐξαπέστει-

370 2280 450 2333 λεν
476 2280 501 2333 ό
527 2280 648 2338 Θεὸς
673 2281 755 2333 τόν
774 2281 880 2333 υἱόν
905 2281 1062 2334 αὐτοῦ
1088 2279 1345 2350 γενόμενον
1370 2280 1425 2331 in
1451 2280 1705 2348 γυναικός,
1734 2279 1935 2347 γενόμε-

372 2393 448 2425 νον
477 2374 578 2427 ὑπὸ
605 2373 872 2440 νόμον,’ἰνα
919 2374 1037 2431 τοὺς
1084 2371 1184 2424 ὑπὸ
1229 2370 1378 2439 νόμον
1420 2371 1820 2443 ἐξαγοράσημίνα
1846 2375 1936 2428 τήν

370 2464 617 2515 υἷοθεσίαν
648 2462 991 2526 ἀπολάϐωμεν.
1025 2478 1043 2510 ι
1076 2461 1275 2514 Τούτων
1302 2464 1464 2514 τοίνυν
1501 2461 1661 2519 οὕτως
1688 2462 1932 2529 ἑχόντων,

371 2559 449 2616 τίς
474 2555 605 2608 οὕτω
634 2555 879 2623 μαίνεται,
905 2554 973 2612 ὥς
1002 2573 1057 2607 τε
1096 2553 1344 2621 τολμῆσαι
1367 2554 1538 2613 εἰπεῖν,
1569 2552 1647 2607 ὅτι
1677 2551 1936 2625 ἄνθρωπος

372 2642 429 2704 ὗν
476 2647 526 2698 ἐν
556 2651 679 2720 ιτοῖς
725 2644 982 2713 οὐρανοῖς,
1013 2643 1241 2700 κάκεῖνος
1283 2642 1541 2698 ἀπεστάλη
1583 2642 1666 2694 ⁶ίνα
1734 2641 1940 2714 γένηται

374 2735 426 2789 ἐκ
451 2736 704 2806 γυναικός.
732 2736 816 2786 καί
850 2733 952 2786 ὑπὸ
984 2732 1155 2802 νόμον;
1185 2732 1244 2783 Οἱ
1280 2727 1529 2803 ἅνθρωποι
1569 2731 1667 2803 γὰρ
1712 2730 1813 2801 πρὸ
1851 2737 1939 2787 τῆς

372 2829 465 2877 τοῦ
492 2824 641 2893 λόγου
665 2823 972 2895 σαρκώσεως
999 2821 1100 2875 ὑπὸ
1129 2819 1274 2889 νόμον
1300 2816 1449 2876 ἦσαν’
1481 2818 1743 2875 ἀλλάὐτός
1773 2817 1796 2871 6
1818 2820 1941 2880 Θεές

372 2914 569 2983 λόγοςὸ
609 2918 875 2985 μονογενής
899 2914 1005 2971 υίὸς
1047 2919 1134 2965 τοῦ
1179 2917 1325 2975 Θεοῦ,
1356 2909 1381 2964 6
1412 2915 1480 2980 μὴ
1520 2908 1586 2963 ὧν
1627 2910 1727 2964 ὑπό
1770 2912 1939 2978 νόμον,

374 3008 636 3068 ἀλλάὐτῖς
653 3004 877 3064 δεδωκώς
898 3005 980 3059 τόν
999 3001 1163 3075 νόμον,
1181 3004 1436 3061 ἀπεστάλη
1458 3005 1601 3079 ποιρά
1622 3009 1713 3058 τοῦ
1728 3006 1941 3077 πατρὸς,

374 3100 455 3151 καί
485 3098 535 3149 ἐκ
558 3097 789 3168 γυναικὸς
822 3093 1082 3165 γενόμενος
1121 3093 1317 3164 γέγονεν
1361 3092 1461 3146 ὑπὸ
1491 3091 1660 3159 νόμον,
1687 3092 1770 3145 ἶνα
1812 3095 1945 3159 ἡμᾶς

374 3191 491 3247 τοὺς
537 3187 636 3241 ὑπό
682 3185 826 3257 νόμον
873 3184 1186 3257 ἐξαγοράσῃ,
1212 3185 1297 3236 καί
1328 3187 1415 3241 τήν
1457 3182 1704 3236 υἱοθεσίαν
1748 3183 1942 3237 ἀπολά-

377 3280 561 3349 ϐωμεν.

448 3374 504 3422 Ei
529 3372 711 3429 τοίνυν,
750 3369 816 3425 ὡς
846 3364 871 3419 6
898 3365 1096 3437 γράψας
1120 3370 1209 3425 τὴν
1250 3366 1407 3423 ἀσεϐῆ
1439 3366 1615 3423 εκείνην
1657 3364 1944 3423 ἐπιστολήν,

376 3464 459 3514 καί
489 3460 513 3513 6
542 3459 788 3533 αἷρετικός
815 3454 1098 3529 Θεόδωρος,
1133 3456 1407 3525 μαίνονται,
1439 3454 1528 3506 οὐκ
1554 3448 1613 3511 ἦν
1638 3455 1828 3513 ἀληθῶς
1865 3454 1948 3506 καί

377 3554 558 3625 κυρίως
600 3551 708 3608 υίὸς
756 3555 845 3602 τοῦ
892 3553 1017 3601 Θεοῦ
1046 3545 1071 3600 6
1100 3548 1300 3614 τεχθεὶς
1330 3547 1381 3598 ἐκ
1407 3547 1660 3616 γυναικὸς,
1690 3551 1798 3605 πῶς
1824 3542 1948 3603 ἠδύ-

378 3662 495 3695 νατο
508 3644 620 3710 ἡμῖν
636 3640 886 3697 υἱοθεσίας
904 3636 1256 3711 δωρήσασθαι;
1282 3638 1409 3707 Πρὸς
1431 3637 1633 3694 τούτοις
1653 3636 1949 3707 περιέχεται

380 3734 430 3787 δν
541 3732 663 3800 αὐτῇ
686 3730 864 3784 ἀσεϐεῖ
880 3726 1137 3797 ἐπιστολῇ,
1160 3723 1237 3780 ὅτι
1261 3727 1340 3787 τό,
1370 3725 1740 3782 ἠλάττωσας
1768 3723 1949 3776 αὐτὸν

380 3822 595 3891 βραχύ
625 3842 685 3874 τι
713 3818 859 3891 παρ’
890 3816 1228 3888 ἀγγέλους,
1258 3816 1342 3867 οὐκ
1370 3813 1702 3869 ἔστιδυνατόν
1720 3816 1836 3888 περὶ
1862 3819 1950 3871 τῆς

384 3910 610 3969 θεότητος
656 3915 746 3962 τοῦ
788 3911 1081 3977 μονογενοῦς
1124 3904 1351 3975 ῥηθῆναι⁶
1385 3900 1506 3979 ὅπερ
1552 3903 1633 3955 καί
1676 3902 1839 3971 ὑμεῖς,
1885 3903 1951 3959 ὡς

380 4000 539 4072 ὀρθῶς
574 3997 711 4069 ῥηθὲν
735 3994 1083 4070 προτεθείκατε
1107 3993 1331 4063 λέγοντες
1349 4030 1363 4054 ,
1395 3988 1476 4044 ὅτι
1503 3993 1618 4063 περὶ
1645 3996 1734 4044 τοῦ
1762 3991 1953 4064 ἀνθρώ-

361 4086 500 4144 ’που,
533 4088 614 4138 καί
653 4086 773 4152 οὐχί
815 4085 932 4158 περὶ
977 4088 1068 4136 τοῦ
1118 4088 1245 4135 Θεοῦ
1294 4081 1441 4151 λόγου
1479 4086 1569 4134 τοῦ
1618 4080 1953 4153 σαρκωθένττς

382 4186 532 4233 τοῦτο
556 4177 764 4229 δύναται
788 4175 1039 4247 λέγεσθαι.
1059 4171 1175 4227 Ὀτι
1198 4172 1250 4226 δὲ
1283 4176 1364 4226 καὶ
1392 4173 1581 4245 ταύτην
1608 4181 1695 4226 την
1720 4170 1953 4223 ἀσέϐειαν

381 4268 520 4340 παρὰ
548 4264 806 4338 Θεοδώρου
836 4270 924 4330 τοῦ
954 4264 1202 4332 αίρετικοῦ
1228 4261 1489 4332 διδαχθείς
1522 4262 1548 4313 ὀ
1577 4265 1663 4318 τήν
1691 4261 1955 4318 ίπιστολήν

382 4357 584 4431 γράψας
606 4358 670 4408 τά
695 4361 907 4408 τοιαῦτα
936 4354 1335 4423 ἐϐλασφήμησεν,
1361 4352 1566 4423 φανερόν
1594 4355 1880 4419 ποιήσωμεν
1902 4351 1955 4403 ἐκ

383 4455 479 4502 τῶν
508 4455 579 4516 τῷ
610 4449 748 4516 αῦτῷ
798 4443 1040 4518 Θεοδώρῳ
1083 4446 1348 4519 εἰρημένων
1376 4446 1424 4496 ἐν
1454 4451 1525 4515 τῷ
1561 4444 1788 4513 τετάρτῳ
1826 4442 1955 4511 λόγῳ

383 4548 454 4609 τῷ
474 4540 605 4591 κατά
622 4538 984 4611 Ἀπολιναρίου.
1006 4532 1157 4605 ³Ἐχει
1176 4534 1225 4589 δὲ
1249 4535 1428 4595 οὕτως·
1457 4552 1475 4584 ε
1497 4536 1587 4587 Τὸν
1607 4532 1658 4587 δὲ
1683 4531 1954 4606 ἄνθρωπον,

383 4631 501 4703 περὶ
542 4625 601 4681 οὗ
639 4629 805 4682 ταῦτά
851 4648 996 4698 φησιν
1043 4626 1068 4680 6
1112 4629 1387 4698 προφήτης,
1419 4630 1589 4695 σαφῶς
1638 4622 1663 4677 6
1708 4624 1949 4695 μακάριος

383 4718 526 4777 δηλοῖ
549 4719 758 4780 Παῦλος,
782 4718 864 4771 τὸν
886 4717 985 4769 ὑπὸ
1013 4722 1102 4769 τοῦ
1134 4720 1423 4787 μονογενοῦς
1449 4714 1732 4784 εἰλημμένον
1760 4710 1951 4787 ἄνθρω-

384 4831 481 4863 πον
507 4805 650 4863 εἶναι·
683 4810 892 4880 εἰρηκὼς
919 4809 1036 4882 γάρ,
1060 4804 1135 4859 ὄτι
1162 4804 1535 4880 διεμαρτύρατο
1561 4803 1613 4859 δέ
1640 4805 1740 4859 πού
1766 4824 1840 4863 τις
1870 4804 1951 4855 λέ·

384 4920 512 4972 γων,
534 4926 604 4939 --
625 4900 687 4952 Τί
711 4901 849 4952 ἔστιν
888 4896 1160 4973 ἄνθρωπος,
1192 4894 1271 4951 ὅτι
1296 4901 1547 4969 μιμνήσκῃ
1576 4898 1757 4959 αὐτοῦ,
1786 4893 1816 4952 ἦ
1845 4878 1951 4953 υἱός

1165 4983 1411 5003 s'_s\'

392 5078 466 5144 χύ
488 5098 536 5130 τι
565 5078 689 5150 παρ’
709 5076 977 5149 ἀγγέλους,
1009 5075 1123 5146 δόξῃ
1151 5078 1231 5128 καί
1256 5083 1374 5145 τιμῇ
1404 5077 1747 5146 ἐστεφάνωσας
1776 5076 1942 5138 αὐτόν,

390 5170 473 5220 καί
501 5170 811 5227 κατέστησας
856 5170 1003 5223 αὑτὸν
1046 5169 1129 5221 ἐπὶ
1174 5168 1237 5221 τά
1281 5165 1413 5237 ἔργα
1455 5174 1553 5220 τῶν
1600 5175 1788 5241 χειρῶν
1830 5188 1944 5232 σου,

390 5262 556 5313 πάντα
576 5263 824 5323 ὑπέταξας
849 5260 1084 5316 ὑποκάτω
1114 5266 1209 5315 τῶν
1238 5257 1404 5313 ποδῶν
1432 5259 1618 5322 αὐτοῦ,
1647 5286 1711 5297 —
1741 5258 1943 5331 ἔπάγει’

392 5338 561 5402 4T6»
583 5347 632 5402 δέ
658 5350 832 5424 βραχύ
862 5373 911 5405 τι
932 5350 1052 5420 παρ’
1074 5350 1312 5420 ἀγγέλους
1333 5349 1667 5417 ἠλαττωμένον
1705 5345 1950 5420 βλέπομεν

391 5437 607 5499 Ἰησοῦν,
636 5438 718 5493 διά
744 5442 800 5493 τό
822 5442 1027 5511 πάθημα
1050 5446 1138 5493 τοῦ
1165 5439 1376 5491 θανάτου
1409 5435 1521 5509 δόξῃ
1560 5440 1640 5500 καί
1664 5445 1779 5509 τιμῇ
1803 5439 1951 5491 ἐστε-

390 5531 948 5600 φανωμένον’-σαφῶς
968 5527 1154 5587 δεικνὺς
1174 5526 1251 5581 ὅτι
1268 5534 1455 5585 Ὶησοῦς
1482 5523 1738 5601 ἅνθρωπος
1760 5530 1873 5600 περί
1896 5522 1953 5579 οὗ

391 5618 417 5671 6
442 5620 688 5697 μακάριός
707 5640 828 5689 φησι
856 5617 1005 5672 Δαϐἰδ
1035 5618 1414 5687 ἐκπληττόμενος
1440 5614 1515 5671 ὅτι
1538 5619 1567 5675 ἡ
1591 5618 1696 5686 θεία
1721 5617 1868 5685 φύσις
1897 5616 1955 5674 ἣν

392 5706 523 5780 ἴσχε
550 5711 663 5765 τότε
685 5713 836 5763 αὐτοῦ
859 5709 1159 5765 ποιήσασθαι
1178 5713 1369 5780 μνήμην
1394 5708 1535 5779 (sic)'
1559 5713 1639 5762 καί
1667 5706 1824 5767 δήκαὶ
1848 5709 1957 5760 ἕπε·

393 5799 616 5868 σκέψεως
634 5802 894 5863 ἀξιώσασα
914 5795 1124 5859 οῖκείαςί
1137 5800 1315 5873 βραχύ
1338 5802 1424 5870 μέν
1444 5822 1493 5853 τι
1519 5800 1655 5873 παρά
1675 5801 1791 5856 τοὺς
1813 5799 1956 5870 5:776-

395 5881 508 5945 λιινς
523 5892 669 5945 αὐτόν
686 5892 969 5951 ἠλάττωσαι
985 5890 1104 5954 (sic)
1120 5894 1176 5949 τό
1192 5893 1470 5953 γεύσασθαι
1493 5898 1703 5947 ποιῆσαι
1721 5890 1955 5950 θανάτου,

2034 2004 2098 2056 sit
2138 2001 2355 2054 Verbum
2377 2019 2543 2066 suum,
2575 2010 2623 2054 et
2651 2000 2850 2053 sanavit
2879 2016 2983 2063 eos,
3016 2008 3063 2051 et
3085 1999 3271 2063 eripuit
3301 2013 3386 2050 eos
3424 1996 3485 2049 de
3510 1997 3589 2048 ini

2032 2091 2349 2144 teritionibus
2378 2108 2570 2144 eorum.
2602 2089 2889 2157 Apostolus
2914 2088 3113 2156 pariter
3131 2087 3354 2141 Paulus:
3380 2086 3597 2147 Quando

2033 2191 2219 2244 autent,
2278 2180 2470 2248 inquit,
2517 2181 2657 2241 venit
2699 2179 2961 2247 plenitudo
3003 2178 3261 2245 temporis,
3292 2176 3431 2229 misit
3464 2175 3596 2227 Deus

2033 2269 2230 2323 Filium
2259 2286 2427 2334 suum,
2461 2271 2652 2339 factum
2674 2283 2737 2320 ea:
2766 2267 2998 2325 muliere,
3039 2268 3233 2335 factum
3262 2263 3352 2318 sub
3392 2264 3519 2334 lege,
3542 2273 3597 2315 ut

2033 2378 2117 2414 eos
2142 2362 2224 2430 qui
2252 2360 2341 2413 sub
2368 2360 2474 2429 lege
2496 2366 2641 2411 erant
2673 2359 2961 2421 redimeret,
2993 2365 3047 2408 ut
3089 2357 3415 2425 adoptionem
3456 2356 3598 2424 ﬁlio-

2035 2467 2149 2503 rum
2177 2450 2534 2519 reciperentur.
2569 2446 2695 2511 Qure
2716 2461 2836 2499 cum
2866 2447 2935 2499 ita
2963 2461 3022 2499 se
3050 2445 3302 2507 habeant,
3321 2442 3439 2511 quis
3464 2443 3599 2498 adeo

2036 2539 2283 2606 desipiet,
2335 2546 2392 2590 ut
2436 2536 2613 2590 dicere
2660 2535 2852 2589 audeat
2899 2527 3171 2588 hominem
3212 2533 3515 2602 quempiam
3546 2532 3599 2587 in

2038 2630 2184 2685 cmlis
2211 2628 2392 2692 fuisse,
2440 2628 2718 2696 ipsumque
2744 2626 2961 2679 missum
3005 2640 3145 2687 esse,
3197 2632 3256 2677 ut
3283 2638 3346 2676 ex
3378 2623 3602 2677 muliere

2038 2728 2197 2787 atque
2224 2718 2320 2773 sub
2350 2718 2467 2783 lege
2493 2718 2843 2770 nasceretur?
2873 2715 3082 2769 Etenim
3112 2715 3358 2768 homines
3385 2714 3601 2781 quidem

2039 2816 2165 2861 ante
2212 2805 2635 2860 lncarnationem
2686 2805 2784 2857 sub
2815 2804 2931 2870 lege
2976 2812 3166 2867 erant;
3210 2812 3265 2856 at
3310 2803 3425 2872 ipse
3465 2803 3602 2856 Deus

2042 2898 2271 2952 Verbum
2303 2895 2604 2964 unigenitus
2630 2895 2724 2949 Dei
2756 2894 2935 2958 Filius,
2969 2893 3060 2961 qui
3091 2909 3196 2947 non
3219 2892 3604 2960 subjiciebatur

2041 2987 2162 3054 legi,
2194 2986 2287 3040 sed
2316 2994 2430 3040 erat
2454 2985 2567 3053 ipse
2594 2983 2885 3051 legislator,
2936 2982 3125 3036 missus
3153 2991 3235 3035 est
3263 2997 3291 3034 a
3317 2981 3492 3045 Patre,
3549 2988 3604 3036 et

2046 3077 2220 3133 factus
2248 3093 2315 3131 ex
2344 3077 2586 3142 muliere,
2637 3075 2808 3129 factus
2848 3082 2933 3128 est
2961 3076 3059 3128 sub
3089 3074 3222 3140 lege,
3273 3080 3332 3127 ut
3362 3086 3480 3135 nos,
3513 3072 3604 3141 qui

2042 3170 2142 3222 sub
2166 3169 2283 3237 lege
2311 3182 2543 3234 eramus,
2575 3166 2879 3229 redimeret,
2914 3171 2971 3217 ut
2999 3162 3340 3233 adoptionem
3379 3162 3605 3216 ﬁliorum

1964 3255 2008 3317 C
2041 3258 2418 3326 reciperemus.

2116 3345 2172 3400 Si
2201 3347 2381 3414 itaque
2409 3345 2454 3399 is
2480 3343 2571 3412 qui
2599 3358 2667 3398 ex
2697 3342 2919 3397 muliere
2947 3348 3105 3394 natus
3133 3346 3245 3403 est,
3275 3352 3404 3393 vere
3433 3335 3618 3391 excel—

2046 3438 2324 3506 lenterque
2350 3451 2457 3490 non
2490 3435 2628 3489 foret
2657 3434 2751 3488 Dei
2782 3433 2969 3497 Filius,
3016 3430 3464 3500 quemadmodum
3510 3428 3607 3483 im-

2049 3527 2149 3597 piae
2176 3526 2319 3581 illius
2354 3525 2596 3594 epistolae
2621 3524 2850 3593 scriptor
2878 3522 3269 3589 hazreticusque
3297 3518 3610 3574 Theodorus

2048 3618 2228 3688 inepte
2256 3616 2603 3680 contendunt,
2633 3615 2901 3683 quomodo
2930 3614 3188 3683 potuisset
3211 3612 3363 3666 nobis
3386 3612 3613 3665 tiliorum

2049 3716 2390 3784 adoptionem
2422 3712 2667 3779 elargiri?
2698 3709 2963 3764 Prazterea
2993 3713 3046 3763 in
3071 3708 3392 3763 exsecrabili
3418 3722 3479 3761 ea
3510 3708 3625 3774 epi-

2050 3807 2187 3862 stola
2217 3804 2521 3863 continetur
2549 3802 2675 3856 illud
2702 3802 2909 3871 psalmi,
2942 3801 3170 3854 minuisti
3200 3815 3314 3852 eum
3337 3800 3490 3867 paulo
3520 3798 3620 3850 mi-

2049 3913 2147 3950 nus
2174 3895 2237 3948 ab
2267 3895 2490 3966 angelis,
2528 3893 2746 3946 minime
2775 3890 3028 3945 amrmari
3066 3903 3223 3959 posse
3251 3888 3318 3943 de
3348 3886 3612 3955 Unigeniti

2051 3986 2326 4040 divinitate
2347 3983 2546 4037 dictum
2576 3996 2712 4046 esse,
2744 3980 2887 4049 quod
2912 3994 3028 4046 vos,
3057 3994 3155 4033 ceu
3190 3978 3457 4032 catholice
3484 3991 3611 4045 pro-

2054 4077 2353 4131 nuntiatum
2384 4072 2584 4141 pariter
2612 4069 2982 4140 proposuistis,
3010 4068 3215 4121 aientes
3243 4066 3477 4131 homini,
3505 4079 3613 4119 non

2054 4172 2232 4217 autem
2256 4162 2432 4215 Verbo
2462 4161 2734 4213 incarnato
2767 4159 2818 4211 id
2849 4157 3006 4209 tribui
3036 4171 3216 4224 posse.
3262 4155 3412 4209 llanc
3438 4163 3614 4208 autem

2054 4254 2297 4309 similiter
2328 4251 2653 4318 impietatem
2686 4248 2752 4301 ab
2783 4247 3034 4299 hmretieo
3064 4245 3347 4299 Theodoro
3369 4244 3615 4299 edoctum

2054 4342 2291 4413 epistola:
2311 4340 2621 4407 scriptorem
2638 4335 2895 4402 ejusmodi
2918 4334 3199 4402 protulisse
3214 4333 3615 4400 blasphemiam.

2054 4431 2390 4505 perspicuum
2421 4444 2451 4481 a
2481 4427 2635 4481 nobis
2664 4424 2753 4477 ﬁet
2781 4435 2846 4477 ex
2876 4425 2940 4479 iis
2968 4438 3087 4493 quae
3114 4424 3342 4492 ipsemet
3373 4421 3614 4476 Theodo-

2056 4541 2146 4578 rus
2176 4521 2390 4576 disserit
2436 4519 2491 4572 in
2519 4524 2711 4585 quarto
2741 4515 2992 4569 adversus
3030 4514 3413 4582 Apollinarium
3460 4512 3614 4565 libro.

1978 4613 2024 4671 D
2059 4632 2075 4664 ι
2104 4610 2405 4673 Hominem,
2435 4608 2625 4675 inquit,
2655 4606 2721 4659 de
2746 4619 2853 4672 quo
2878 4602 3140 4671 pr0pheta
3172 4601 3419 4668 loquitur,
3449 4600 3617 4653 mani-

2054 4701 2186 4755 feste
2202 4700 2390 4753 beatus
2412 4698 2609 4751 indicat
2628 4694 2844 4759 Paulus,
2866 4707 2987 4745 eum
3005 4704 3122 4744 esse
3142 4690 3232 4757 qui
3249 4690 3315 4742 ab
3334 4686 3617 4755 Unigenito

2055 4800 2355 4861 assumptus
2384 4799 2504 4854 est;
2536 4787 2780 4855 inquiens
2809 4782 2996 4856 [Gram
3033 4796 3153 4834 cum
3193 4780 3331 4833 enim
3375 4777 3616 4851 dixisset;

2056 4882 2413 4938 testimonium
2440 4880 2507 4934 de
2537 4880 2649 4947 ipso
2688 4891 2809 4931 esse
2837 4875 3102 4945 prolatum
3144 4872 3210 4925 ab
3242 4885 3308 4925 eo
3349 4870 3441 4937 qui
3486 4870 3616 4922 dixit

2057 4972 2226 5045 (Psal.
2254 4987 2365 5036 vm,
2388 4970 2420 5022 6
2435 4967 2737 5039 seq.):Quid
2763 4974 2837 5019 est
2860 4966 3009 5018 homo
3031 4962 3163 5034 quod
3200 4976 3389 5013 memor
3409 4976 3463 5011 es
3483 4959 3613 5028 ejus,

2056 5074 2141 5118 aut
2164 5064 2300 5133 ﬁlius
2332 5061 2570 5121 hominis,
2593 5059 2713 5128 quia
2741 5056 3033 5109 consideras
3058 5051 3212 5106 eum?
3234 5049 3289 5101 Μ
3294 5050 3469 5101 inuisti
3503 5065 3617 5101 eum

2053 5154 2205 5223 paulo
2226 5153 2393 5205 minus
2408 5147 2471 5200 ab
2493 5147 2714 5217 angelis;
2739 5146 2903 5216 gloria
2922 5153 2970 5197 et
2992 5143 3181 5195 honore
3202 5138 3459 5191 coronasti
3479 5153 3616 5202 eum,

2053 5260 2101 5303 et
2122 5247 2426 5303 constituisti
2444 5261 2556 5297 eum
2576 5260 2727 5311 super
2747 5258 2900 5311 opera
2922 5253 3160 5291 manuum
3186 5245 3416 5297 tuarum;
3443 5234 3616 5287 omnia

2056 5340 2311 5410 subjecisti
2362 5336 2452 5393 sub
2482 5334 2692 5405 pedibus
2746 5333 2873 5401 ejus,
2907 5331 2983 5384 sic
3018 5329 3187 5397 pergit
3215 5326 3398 5396 (Hebr.
3430 5341 3485 5390 ll,
3518 5323 3614 5394 9):

2060 5431 2373 5484 Minoratum
2395 5443 2510 5480 vero
2532 5425 2684 5494 paulo
2705 5424 2869 5475 minus
2890 5419 2952 5473 ab
2975 5420 3172 5490 angelis
3195 5418 3417 5470 videmus
3438 5413 3615 5468 Iesum

2052 5532 2259 5594 propter
2286 5520 2577 5590 passionem
2592 5514 2791 5579 mortis,
2808 5514 2973 5585 gloria
2994 5524 3040 5566 et
3064 5513 3253 5565 honore
3274 5516 3570 5563 coronatum
3597 5520 3616 5559 :

2054 5613 2328 5668 evidenter
2356 5609 2632 5664 declarans
2651 5606 2829 5660 Jesum
2851 5621 2973 5660 eum
2995 5604 3263 5658 hominem
3286 5612 3404 5653 esse
3425 5596 3489 5650 de
3508 5610 3616 5662 quo

2052 5711 2268 5759 sanctus
2298 5701 2527 5769 loquitur
2553 5698 2715 5753 David
2744 5698 2961 5767 stopore
2988 5694 3225 5756 allectus,
3255 5688 3399 5759 quod
3426 5687 3618 5741 divina:

2054 5810 2212 5863 quam
2256 5792 2481 5847 habebat
2530 5798 2731 5844 natura:
2777 5786 2849 5841 ibi
2895 5785 3095 5840 mentio
3143 5782 3281 5836 facta
3328 5784 3508 5841 esset;
3559 5781 3616 5830 et

2061 5885 2198 5957 quod
2227 5886 2439 5949 propria
2488 5884 2659 5946 ipsum
2698 5880 2944 5946 dignatus
2974 5885 3114 5932 esset
3142 5867 3482 5927 visitatione:
3521 5866 3625 5919 mi~
