4088 6592
455 482 592 547 1063

1763 481 2202 544 JUSTINIANI
2243 480 2398 540 1MP.

3573 451 3754 532 ιοίιι

464 614 583 674 δοξη
609 607 661 662 δὲ
688 607 841 660 αὑτὸν
886 607 967 660 καί
1002 612 1132 678 ,τιμῇ
1159 605 1302 674 πάσῃ
1333 600 1638 674 περιϐαλεῖν
1671 599 1802 650 ὥστε
1833 601 1918 648 καί
1947 617 2035 647 κυσ-
2065 627 2074 654 λ

2177 604 2377 645 oratum
2417 607 2530 644 vero
2561 591 2716 657 paulo
2747 591 2914 642 minus
2943 588 3006 642 ab
3053 587 3274 659 angelis,
3322 586 3450 656 quia
3479 597 3749 644 mortem

468 721 573 766 ριον
602 700 850 767 ἀποφῆναι
872 702 970 749 τῶν
1007 695 1241 748 ἁπάντων
1269 690 1352 746 διά
1378 699 1470 750 τῆς
1509 689 1634 764 πρὸς
1678 687 1855 741 ἑαυτὸν
1883 707 2039 739 συνα-

467 793 624 864 φείας.
656 805 675 840 ι
703 789 792 842 Καί
808 787 952 839 πάλιν
973 787 1022 838 έν
1043 793 1104 857 τῇ
1129 785 1364 860 έρμηνείᾳ
1384 788 1476 836 τοῦ
1499 779 1675 853 ὀγδόου
1698 779 1902 849 ψαλμοῦ
1924 781 2042 850 περὶ

468 885 560 935 τοῦ
597 879 750 932 αὑτοῦ
794 876 948 947 ῥητοῦ
975 874 1000 928 6
1027 877 1180 933 αὑτὸς
1224 873 1413 931 άσεϐης
1450 869 1707 944 Θεόδωρος
1734 868 1866 923 οὕτω
1891 868 2041 938 λέγει’

476 989 494 1020 ε
519 971 610 1024 Διά
625 975 774 1024 τοῦτο
794 969 958 1021 τοίνυν
978 970 1067 1022 τὴν
1191 961 1424 1036 διαφοράν
1441 968 1530 1016 τοῦ
1552 981 1606 1015 τε
1629 966 1757 1014 Θεοῦ
1771 958 1936 1028 λόγου,
1959 959 2046 1011 καί

471 1067 558 1115 τοῦ
589 1059 945 1129 ἀναληφθέντος
981 1057 1266 1127 ἀνθρώπου,
1297 1054 1550 1107 τοσαύτην
1591 1053 1714 1119 ἡμῖν
1750 1047 1994 1103 δείκνυσιν
2020 1046 2045 1102 6

473 1149 689 1220 ψαλμόςο
732 1145 1005 1220 διῃρημένα
1043 1144 1096 1199 δὲ
1144 1151 1310 1199 ταῦτα
1351 1145 1398 1196 έν
1547 1150 1687 1214 καινῇ
1729 1140 1935 1213 διαθήκῃ
1971 1140 2049 1193 εὑ-

476 1246 720 1315 ρίσκεται,
743 1245 832 1294 τοῦ
861 1241 948 1309 μέν
976 1243 1153 1314 κυρίου
1184 1237 1257 1305 ἐφ’
1272 1237 1452 1290 ἑαυτὸν
1477 1234 1818 1304 λαμϐάνοντος
1843 1232 1907 1286 τά
1925 1230 2051 1308 πρό-

476 1351 599 1404 τερα
640 1336 727 1384 τοῦ
756 1329 980 1400 ψαλμοῦ,
1029 1329 1080 1381 έν
1132 1323 1205 1386 οἶς
1235 1329 1444 1384 ποιητήν
1479 1345 1534 1379 τε
1575 1324 1724 1378 αὑτὸν
1765 1317 1889 1376 εἶναί
1927 1341 2051 1393 φησι

477 1427 568 1480 τῆς
591 1421 819 1481 κτίσεως,
846 1419 930 1471 καί
959 1417 1234 1487 ἐπηρμένην
1263 1413 1293 1468 ἕ
1296 1435 1410 1485 χειν
1439 1414 1673 1488 ὑπεράνω
1700 1419 1800 1466 τῶν
1836 1415 2050 1486 οὗρανῶν

479 1515 567 1568 τήν
612 1509 1069 1582 μεγαλοπρέπειαν,
1097 1509 1176 1561 καί
1221 1507 1674 1574 τεθαυμαστῶσθαι
1718 1503 1767 1556 ἐν
1809 1503 1953 1572 πάσῃ
1989 1508 2053 1574 τῇ

479 1609 565 1675 γῇ·
596 1608 688 1657 τοῦ
715 1600 769 1656 δέ
797 1600 1082 1655 ἀποστόλου
1105 1597 1172 1654 τά
1201 1597 1414 1673 δεὺτερα
1443 1599 1506 1652 τά
1532 1599 1651 1670 περί
1676 1601 1764 1650 τοῦ
1792 1597 2052 1673 ἀνθρώπου

482 1702 574 1752 τῆς
610 1691 869 1751 τοσαύτης
911 1691 1206 1764 εὐεργεσίας
1243 1688 1631 1751 καταξιωθέντος
1661 1687 1745 1739 έπί
1773 1690 1864 1739 τοῦ
1888 1685 2053 1742 Ἰησοῦ

483 1781 847 1852 λαμϐάνοντος,
889 1787 999 1840 πῶς
1039 1781 1096 1833 οὑ
1139 1778 1386 1854 πρόδηλον
1433 1775 1511 1833 ὅτι
1536 1779 1703 1850 ἕτερον
1740 1779 1831 1847 μὲν
1867 1779 2002 1847 ἡμᾶς
2025 1777 2057 1834 ’ό

484 1873 591 1925 θεία
615 1877 776 1949 γραφὴ
813 1869 1036 1925 διδάσκει
1075 1877 1246 1942 σαφῶς
1275 1865 1400 1923 εἶναι
1433 1871 1519 1924 τὸν
1547 1870 1670 1923 Θεὸν
1705 1868 1868 1941 λόγον,
1889 1867 2058 1942 ἕτερον

2143 691 2261 738 erat
2289 689 2619 749 gustaturus,
2650 680 2817 749 gloria
2856 693 3016 748 porro
3045 687 3101 732 et
3126 679 3333 731 honore
3362 673 3748 736 circumdari,

2143 777 2217 831 ita
2246 784 2307 830 ut
2341 774 2598 828 Dominus
2641 772 2807 826 etiam
2851 769 3270 825 constitueretur
3311 765 3745 820 universorum,

2143 868 2213 922 ob
2258 881 2410 920 suam
2455 879 2578 920 cum
2625 865 2746 934 ipso
2791 859 3249 929 coniunctionem.
3295 855 3366 909 Et
3409 855 3606 908 iterum
3658 848 3744 902 in

2143 956 2478 1024 expositione
2505 954 2679 1008 octavi
2709 952 2897 1022 psalmi
2947 950 3016 1005 de
3056 948 3245 1003 eodem
3275 945 3472 1017 prolati
3517 941 3748 1012 impius

2147 1045 2284 1101 idem
2313 1043 2628 1098 Theodorus
2651 1043 2767 1096 lucc
2795 1041 2986 1094 habet:
3018 1058 3036 1090 ι
3061 1038 3186 1092 Ideo
3209 1050 3337 1104 ergo
3361 1033 3743 1090 diﬂ'erentiarn

2146 1135 2362 1204 quidem
2395 1134 2488 1188 Dei
2517 1133 2698 1196 Verbi,
2745 1139 2801 1186 et
2841 1133 2907 1186 ab
2953 1131 3070 1200 ipso
3109 1128 3310 1198 recepti
3341 1126 3573 1180 hominis
3601 1134 3747 1178 tan-

2147 1235 2256 1280 tam
2285 1225 2440 1280 nobis
2466 1222 2699 1278 ostendit
2728 1222 2816 1277 hic
2854 1221 3109 1291 psalmus.
3162 1219 3337 1274 Divisa
3365 1233 3496 1273 vero
3522 1217 3638 1272 haec
3667 1217 3742 1270 in

2149 1313 2300 1368 Novo
2347 1312 2692 1368 Testamento
2733 1311 3095 1380 reperiuntur,
3144 1308 3375 1364 Domino
3420 1306 3640 1378 quidem
3671 1307 3747 1360 in

2151 1421 2211 1461 se
2249 1404 2549 1474 accipiente
2575 1401 2866 1472 primordia
2890 1400 3103 1472 psalmi,
3154 1400 3208 1454 in
3244 1399 3433 1469 quibus
3461 1397 3743 1452 factorem

2151 1511 2276 1552 eum
2303 1495 2435 1550 dicit
2461 1509 2583 1549 esse
2610 1501 2891 1558 creatur-te,
2935 1499 2992 1546 et
3031 1491 3298 1547 elevatam
3327 1489 3528 1544 habere
3565 1503 3746 1558 super

2152 1585 2317 1640 omlos
2345 1583 2812 1652 magniﬁcentiam,
2867 1590 2924 1637 et
2970 1580 3241 1636 miriﬁcari
3289 1580 3342 1634 in
3383 1579 3529 1634 omni
3562 1587 3735 1633 terra.

2156 1675 2420 1745 Apostolo
2441 1682 2619 1729 autem
2644 1673 2870 1742 reliqua,
2911 1686 3030 1742 quas
3070 1670 3139 1725 de
3185 1669 3405 1724 homine
3451 1677 3596 1735 sunt,
3635 1668 3740 1737 qui

2155 1766 2476 1822 beneﬁcium
2501 1764 2724 1819 meritus
2753 1769 2855 1829 est,
2873 1761 2940 1816 de
2961 1760 3086 1816 Jesu
3112 1759 3426 1828 accipiente,
3459 1757 3743 1828 quomodo

2159 1873 2269 1911 non
2297 1854 2658 1920 manifestum,
2689 1851 2833 1922 quod
2863 1852 3089 1907 alterum
3118 1850 3332 1919 quidem
3374 1849 3555 1905 divina
3581 1849 3740 1904 Scri-

485 1959 540 2016 δέ
562 1963 647 2015 τὸν
670 1959 953 2038 ἆνθρωποη
989 1962 1172 2020 πολλήν
1209 1981 1263 2015 τε
1295 1963 1457 2016 αὐτῶν
1485 1955 1638 2015 οὖσαν
1667 1957 1918 2014 δείκνυσιν
1943 1961 2060 2030 ἡμῖν

2177 1955 2318 2016 ptura
2347 1945 2503 2001 docet
2530 1943 2805 2000 evidenter
2843 1956 2964 1997 esse
3004 1941 3170 1996 Deum
3201 1939 3460 2006 Verbum,
3507 1939 3739 1992 altu-um

485 2057 574 2111 τὴν
601 2052 859 2127 διαφοράν.
896 2063 950 2105 '0
983 2054 1073 2122 μέν
1107 2055 1208 2126 γάρ
1238 2054 1552 2122 μνημονεύει.
1593 2051 1618 2106 ὸ
1648 2049 1702 2105 δέ
1739 2059 1830 2112 τῆς
1866 2055 2062 2122 μνήμης

487 2141 828 2204 καταξιοῦται⁶
873 2145 958 2194 καί
999 2141 1024 2196 ό
1057 2143 1146 2211 μέν
1192 2143 1585 2206 έπισκέπτεται,
1617 2141 1643 2194 ὁ
1671 2139 1726 2196 δέ
1758 2143 1842 2194 καί
1871 2141 2064 2202 ταύτης

489 2232 870 2300 καταξιοὺμενος
897 2234 1253 2304 μακαρίζεται⁶
1286 2234 1370 2284 καί
1400 2231 1425 2285 6
1455 2233 1544 2302 μέν
1578 2233 1846 2307 εὐεργετῶν
1868 2233 2066 2289 ἐλαττοῖ

491 2321 670 2395 βραχὺ
706 2341 758 2375 τι
802 2321 926 2395 παρ’
946 2322 1190 2392 ἀγγέλους
1212 2361 1224 2380 ,
1257 2320 1282 2375 ό
1315 2319 1369 2375 δέ
1399 2322 1728 2395 εὑεργετεῖται
1752 2324 1835 2375 καί
1886 2323 1968 2377 έπί

491 2412 700 2480 τοιαύτῃ
727 2411 1014 2466 έλαττὼσει⁶
1047 2414 1131 2464 καί
1159 2410 1184 2466 6
1214 2413 1304 2482 μὲν
1342 2411 1458 2484 δόξῃ
1483 2415 1565 2465 καί
1592 2421 1712 2484 τιμῇ
1755 2420 2009 2486 στεφανοῖ,
2041 2412 2067 2468 6

493 2498 547 2555 δέ
576 2508 923 2571 στεφανοῦται,
967 2505 1048 2556 καί
1084 2503 1170 2556 έπί
1201 2505 1398 2561 τούτοις
1440 2507 1795 2576 μακαρίζεται’
1821 2507 1904 2557 καί
1932 2504 1957 2558 6
1981 2507 2068 2576 μέν

495 2594 804 2649 κατέστησεν
834 2594 986 2647 αὑτὸν
1009 2594 1094 2647 έπί
1114 2594 1281 2647 πάντα
1304 2596 1368 2648 τά
1397 2591 1522 2668 ἔργα
1547 2603 1646 2648 τᾶν
1676 2601 1863 2669 χειρῶν
1890 2595 2066 2660 αὑτοῦ,

495 2683 582 2734 καί
624 2685 794 2736 πάντα
836 2683 1080 2746 ὑπέταξεν
1123 2684 1360 2738 ὑποκάτω
1401 2693 1499 2740 τῶν
1541 2682 1709 2739 ποδῶν
1737 2687 1928 2743 αὑτοῦ.
1959 2684 1984 2739 6
2017 2683 2070 2739 δέ

499 2771 776 2833 κατηξιώθη
799 2777 887 2824 τοῦ
918 2768 1183 2836 δεσπόζειν
1207 2774 1422 2837 τούτων,
1449 2768 1515 2827 ὧν
1537 2773 1783 2848 πρότερον
1812 2776 1902 2829 οὑκ
1933 2771 2076 2846 εἶχεν

501 2864 591 2917 τὴν
620 2860 867 2922 έξουσίαν.
902 2875 921 2910 ι

571 2953 665 3004 Καὶ
709 2956 874 3004 ταῦτα
922 2952 1012 3021 μέν
1052 2951 1078 3006 6
1119 2954 1310 3014 ἆσεϐἠς
1357 2953 1645 3028 Θεόδωρος,
1685 2959 1764 3010 καὶ
1801 2958 1830 3015 ἠ
1867 2960 2077 3032 μυσαρά

500 3039 656 3096 εκείνη
711 3041 943 3098 ἐπιστολή
985 3041 1346 3113 βλασφημοῦσι
1393 3053 1616 3118 φανερῶς
1659 3046 1888 3117 λέγοντες
1934 3044 2077 3100 ἄλλον

502 3125 628 3183 εἶναι
665 3130 748 3184 τὸν
788 3132 912 3184 Θεὸν
952 3131 1120 3202 λόγον,
1150 3137 1233 3186 καί
1279 3131 1423 3187 ἄλλον
1471 3139 1556 3190 τὶν
1605 3137 1852 3209 Χριστὸν,
1879 3135 1952 3196 οἷς
1997 3142 2079 3191 καί

503 3219 651 3283 ὑμεῖς
675 3219 1055 3280 ἀκολουθοῦντες
1098 3229 1470 3296 γεγραφήκατε,
1510 3225 1586 3280 ὅτι
1614 3229 1669 3281 τὸ
1688 3269 1702 3290 ,
1737 3244 1755 3278 ε
1777 3230 2079 3290 ἠλάττωσας

2161 2051 2292 2092 vero
2319 2036 2623 2090 hominem?
2661 2040 2717 2088 et
2739 2032 2961 2087 multam
2993 2045 3178 2086 eorum
3209 2029 3364 2084 nobis
3393 2043 3515 2085 esse
3551 2036 3740 2083 osten-

2161 2128 2241 2183 dit
2264 2125 2640 2182 diﬁerentiam.
2671 2122 2804 2177 Nam
2835 2122 2937 2177 iste
2960 2120 3175 2190 quidem
3197 2126 3483 2184 memorat,
3515 2117 3605 2174 ille
3632 2131 3739 2171 au-

2162 2237 2273 2282 tem
2313 2223 2628 2279 memoriam
2676 2228 3076 2285 commeretur;
3125 2219 3228 2275 iste
3273 2217 3491 2289 quidem
3534 2217 3741 2281 visitat,

2164 2316 2300 2370 alter
2327 2322 2506 2368 autem
2545 2311 2906 2366 visitationem
2937 2324 3057 2364 eam
3089 2315 3471 2372 commeretur,
3520 2306 3737 2361 beatus-

2165 2419 2271 2475 que
2296 2404 2532 2468 dicitur;
2580 2409 2637 2456 et
2683 2401 2784 2455 iste
2812 2399 3028 2470 quidem
3055 2397 3372 2454 beneﬁcium
3411 2395 3589 2452 dando
3639 2396 3746 2450 mi-

2168 2493 2284 2546 nuit
2310 2492 2472 2562 paulo
2498 2491 2677 2545 minus
2699 2490 2765 2543 ab
2795 2489 3019 2558 angelis.
3051 2487 3140 2542 ille
3168 2496 3345 2542 autem
3375 2495 3430 2540 et
3450 2502 3547 2556 per
3577 2487 3744 2540 talem

2168 2585 2519 2638 minutionem
2547 2581 2864 2637 beneﬁcium
2907 2579 3102 2652 accipit
3128 2596 3142 2643 ;
3171 2587 3227 2635 et
3255 2579 3354 2634 iste
3379 2578 3596 2648 quidem
3625 2578 3748 2646 glo-

2170 2677 2248 2730 ria
2299 2683 2355 2729 et
2392 2675 2600 2729 honore
2649 2679 2896 2739 coronat,
2943 2671 3080 2726 alter
3119 2679 3296 2726 autem
3340 2678 3653 2738 coronatur,
3689 2678 3750 2725 et

2171 2773 2460 2836 propterea
2489 2765 2680 2819 beatus
2708 2762 2940 2829 dicitur;
2989 2769 3044 2816 et
3072 2763 3174 2817 iste
3207 2762 3422 2831 quidem
3469 2761 3752 2816 constituit

2175 2856 2345 2925 ipsum
2372 2869 2536 2924 super
2564 2853 2744 2909 omnia
2789 2867 2954 2923 opera
2982 2866 3234 2906 manuum
3279 2850 3414 2919 ejus,
3464 2851 3756 2919 omniaque

2175 2947 2405 3016 subjecit
2443 2946 2542 3000 sub
2582 2944 2808 3015 pedibus
2852 2943 2989 3012 ejus,
3032 2943 3171 2997 alter
3198 2951 3378 2997 autem
3413 2943 3636 2996 meritus
3664 2949 3752 2996 est

2177 3038 2440 3094 dominari
2459 3037 2538 3091 eis
2560 3051 2786 3105 quorum
2811 3045 2965 3090 antea
2991 3051 3098 3089 non
3121 3035 3352 3091 habebat
3371 3041 3754 3106 potestatem»

2179 3128 2448 3182 Hactenus
2495 3126 2689 3196 impius
2717 3124 3050 3190 Theodorus,
3098 3125 3346 3180 similiter
3392 3133 3554 3194 atque
3597 3139 3759 3180 exse-

2181 3217 2396 3274 crabilis
2423 3217 2649 3286 epistola
2677 3217 3053 3286 blasphemant
3083 3225 3271 3286 aperte
3295 3216 3457 3270 alium
3490 3216 3586 3271 Dei
3617 3215 3758 3271 Ver-

503 3308 662 3362 αὑτίν
683 3308 865 3382 βραχῦ
894 3331 944 3364 τι
978 3310 1103 3382 παρ’
1130 3313 1388 3383 ἀγγέλους,
1423 3333 1442 3365 ι
1469 3319 1586 3389 περὶ
1609 3318 1888 3392 ἀνθρώπου,
1919 3321 2001 3372 καί
2027 3322 2074 3373 οε]

2181 3309 2308 3364 bum
2335 3323 2484 3377 esse,
2527 3309 2687 3362 alium
2719 3323 2847 3364 vero
2887 3307 3192 3373 Christum;
3234 3323 3372 3377 quos
3415 3323 3512 3362 vos
3555 3309 3754 3373 secuti,

505 3403 624 3472 περὶ
650 3405 741 3453 τοῦ
770 3402 1111 3475 σαρκωθέντος
1139 3411 1264 3457 Θεοῦ
1289 3405 1435 3474 λόγου
1474 3405 1686 3482 εἴρηται·
1717 3413 1795 3463 καί
1819 3432 1897 3465 τοι
1921 3413 2082 3484 ἐχρῆν

506 3491 645 3560 ὑμᾶς
671 3499 827 3555 νοεῖν,
859 3489 936 3547 ὅτι
958 3498 1062 3554 πᾶς
1091 3491 1350 3571 ἅνθρωπος
1393 3499 1608 3552 έλάττων
1633 3501 1770 3556 έστίν
1799 3509 1898 3556 τῶν
1925 3505 2082 3574 6:776-

507 3579 624 3648 λων,
656 3582 780 3637 άλλά
806 3589 958 3636 τοῦτο
987 3581 1180 3658 εἴρηται
1208 3583 1291 3640 διά
1317 3587 1401 3642 τὸν
1427 3597 1662 3660 μονογενῆ
1687 3591 1792 3645 υίόν
1819 3599 1908 3647 τοῦ
1931 3599 2079 3648 Θεοῦ.

507 3673 634 3730 Θεὸς
685 3673 782 3744 γὰρ
823 3670 890 3726 ὢν
937 3675 1144 3736 ἠξίωσεν
1193 3672 1454 3751 ἅνθρωπος
1479 3680 1710 3750 γενέσθαι
1751 3689 1814 3752 τῇ
1865 3683 2085 3758 ἡμετέρᾳ

510 3763 920 3832 συγκαταϐαίνων
967 3763 1230 3838 άσθενεέᾳ⁶
1270 3763 1396 3839 ὅπερ
1453 3771 1539 3821 καὶ
1570 3767 1596 3822 ό
1627 3770 1910 3831 ἀπόστολος
1950 3774 2086 3844 ἡμᾶς

508 3849 734 3906 δὶδάσ-ιεε
754 3851 930 3921 λέγων,
957 3867 976 3901 ε
1004 3852 1092 3906 τὸν
1111 3850 1165 3906 δέ
1185 3853 1368 3923 βραχὺ
1393 3876 1444 3908 τι
1459 3853 1581 3930 παρ’
1599 3858 1840 3928 ἀγγέλους
1862 3859 2087 3918 ἠλαττω-

512 3943 655 4008 μένον
676 3938 922 4012 βλέπομεν
964 3939 1178 4006 Ἰησοῦν,
1208 3941 1290 3998 διά
1316 3945 1375 3998 τό
1403 3947 1605 4016 πάθημα
1625 3954 1711 4001 τοῦ
1735 3950 1948 4003 Θανάτου
1971 3949 2086 4022 δόξῃ

510 4035 591 4084 καί
627 4040 748 4106 τιμῇ
796 4034 1208 4104 ἐστεφανωμένον.
1233 4053 1250 4086 ι
1285 4037 1340 4088 Ei
1375 4039 1560 4102 τοίνυν,
1599 4041 1667 4099 ὡς
1715 4041 1860 4112 ὑμεῖς
1899 4043 2085 4114 λέγετε,

511 4117 656 4179 ἄλλος
692 4121 829 4173 έστίν
873 4127 1068 4181 Ἰησοῦς
1112 4121 1138 4176 ὸ
1178 4122 1360 4196 βραχὺ
1384 4148 1434 4179 τι
1459 4127 1828 4205 παρ’άγγέλους
1854 4132 2090 4190 ἠλαττω-

514 4213 690 4279 μένος,
716 4215 804 4263 καί
847 4208 992 4271 ἄλλος
1039 4213 1064 4267 ὸ
1102 4220 1195 4268 τοῦ
1242 4222 1366 4269 Θεοῦ
1402 4216 1548 4287 λόγος
1592 4217 1617 4272 ό
1662 4225 1731 4291 μή
1772 4205 2085 4289 ἐλαττωθείς,

513 4302 861 4373 ἀναμφιϐόλως
888 4301 1145 4379 ὸΧριστὸς
1175 4304 1320 4374 ψιλός
1351 4309 1486 4361 ἔστιν
1517 4305 1775 4385 ἄνθρωπος
1805 4311 1829 4366 6
1855 4315 1911 4367 1:6
1935 4316 2090 4374 πάθος

517 4391 818 4460 ὑπομείνας,
851 4393 984 4446 ὥστε
1014 4393 1116 4446 καθ’
1137 4394 1272 4462 ὑμᾶς
1298 4399 1381 4448 καί
1405 4399 1490 4450 τόν
1517 4399 1790 4453 ἀπόστολον
1815 4401 2091 4470 ψεύδεσθαι

517 4478 742 4551 λέγοντα,
774 4498 792 4531 ε
818 4484 876 4534 Ei
897 4485 996 4555 γάρ
1027 4481 1286 4552 ἔγνωσαν,
1313 4487 1399 4538 οὑκ
1435 4481 1492 4540 ἂν
1520 4489 1603 4542 τὸν
1632 4491 1799 4564 κὺριον
1833 4500 1924 4554 τῆς
1950 4492 2093 4557 δόξης

521 4570 880 4648 δσταὺρωσαν.
901 4591 920 4624 ι
949 4578 1037 4634 Τίς
1078 4577 1172 4652 γάρ
1201 4577 1338 4632 έστιν
1375 4578 1399 4631 ό
1429 4577 1601 4651 κύριος
1631 4590 1722 4643 τῆς
1759 4581 1921 4648 δόξης,
1954 4587 1997 4638 εί
2021 4590 2091 4656 μή

2181 3418 2386 3476 pariter
2413 3409 2700 3478 scripsistis
2743 3409 2921 3464 locum
2950 3408 3098 3463 illum
3127 3449 3143 3476 ,
3183 3407 3420 3462 Minuiin
3447 3425 3561 3462 eum
3598 3409 3761 3479 paulo

2183 3502 2353 3556 minus
2379 3500 2443 3554 ab
2471 3501 2691 3571 angelis,
2715 3500 2781 3556 de
2807 3499 3058 3567 homine,
3092 3501 3311 3555 minime
3339 3509 3518 3556 autem
3547 3501 3617 3556 de
3643 3499 3762 3556 Deo

2181 3589 2362 3646 Verbo
2401 3589 2681 3645 incantato
2723 3604 2845 3644 esse
2881 3589 3170 3660 prolatum.
3220 3587 3516 3659 Oportebat
3557 3599 3762 3656 autem,

2185 3689 2243 3735 ut
2272 3679 2639 3748 intelligeretis
2685 3693 2900 3734 omnem
2948 3679 3222 3734 hominem
3269 3679 3470 3747 angelis
3500 3693 3620 3735 esse
3655 3679 3759 3733 mi-

2187 3785 2394 3833 norem,
2425 3768 2519 3824 sed
2548 3769 2602 3823 id
2631 3768 2699 3824 de
2728 3769 3003 3839 unigenito
3032 3769 3140 3824 Deo
3178 3769 3356 3825 Verbo
3387 3769 3586 3824 dictum
3617 3785 3760 3836 esse,

2186 3860 2274 3928 qui
2302 3856 2442 3914 Deus
2461 3859 2695 3915 existens
2727 3859 2976 3926 dignatus
3022 3868 3103 3914 est
3144 3860 3305 3914 homo
3337 3861 3472 3929 ﬁeri,
3521 3869 3760 3915 nostram

2187 3951 2288 4006 sibi
2315 3951 2645 4020 conjungens
2673 3950 3057 4015 inﬁrmitatem,
3088 3953 3230 4020 quod
3269 3952 3427 4007 docet
3468 3954 3584 4022 ipse
3615 3953 3762 4023 Apo-

2188 4042 2357 4096 stolus
2385 4042 2566 4096 dicens
2590 4060 2602 4095 :
2633 4042 2953 4097 Minoratum
2989 4043 3142 4114 paulo
3183 4045 3350 4098 minus
3373 4043 3436 4097 ab
3459 4046 3659 4116 angelis
3685 4047 3761 4100 vi-

2190 4131 2366 4185 demus
2388 4131 2563 4186 Iesum
2591 4150 2682 4200 per
2714 4135 3006 4203 passionem
3036 4137 3234 4201 mortis,
3281 4136 3465 4206 gloria'
3485 4146 3535 4189 et
3571 4137 3766 4191 honore

2194 4235 2517 4280 coronatum.
2568 4225 2623 4280 Si
2654 4227 2858 4296 itaque,
2900 4237 2959 4281 ut
2986 4237 3159 4282 vestra
3192 4234 3274 4280 est
3302 4228 3584 4294 sententia,
3631 4228 3768 4282 alius

2196 4323 2278 4371 est
2308 4314 2461 4370 Iesus
2491 4317 2649 4379 paulo
2689 4317 2864 4370 minus
2909 4317 2977 4372 ab
3017 4317 3219 4384 angelis
3266 4317 3581 4381 minoratus,
3630 4317 3770 4372 alius

2194 4417 2374 4462 autem
2402 4409 2544 4461 Deus
2579 4407 2814 4461 Verbum
2847 4423 2952 4462 non
2982 4408 3334 4473 minoratum,
3377 4407 3564 4477 procul
3603 4407 3770 4463 dubio

2194 4511 2359 4566 purus
2396 4497 2560 4551 homo
2590 4507 2692 4562 est,
2735 4498 2826 4566 qui
2856 4498 3159 4568 passionem
3204 4498 3473 4564 sustinuit,
3503 4496 3766 4561 Christus,

2196 4587 2530 4657 mendaxque
2574 4587 2712 4643 adeo
2746 4586 2803 4641 ﬁt
2851 4604 2882 4643 a
2911 4589 3066 4643 vobis
3090 4588 3380 4660 Apostolus
3425 4588 3607 4643 dicens
3643 4605 3657 4642 :
3706 4589 3771 4644 Si

521 4663 547 4718 6
571 4665 692 4726 Θεὸς
715 4665 858 4736 λόγος
889 4667 916 4720 ὅ
938 4670 1215 4741 σαρκωθείς
1230 4711 1244 4732 ,
1273 4666 1324 4723 όν
1345 4671 1390 4725 οἱ
1410 4670 1632 4728 Ἰουδαῖοι
1654 4677 1772 4730 Θεὸν
1797 4674 1917 4733 εἶναι
1944 4681 2074 4752 άγνοη

2192 4684 2560 4756 cognovissent,
2589 4701 2850 4755 nunquam
2879 4683 3157 4738 Dominum
3187 4686 3367 4756 gloria:
3387 4684 3772 4752 cruciﬁxissent

522 4763 695 4818 οῦντες
742 4754 933 4827 ἔλεγον,
961 4774 981 4808 ε
1014 4761 1155 4814 Διατί
1189 4762 1254 4813 σὺ
1283 4758 1543 4834 ἅνθρωπος
1573 4764 1638 4819 ὢν
1676 4774 1842 4828 ποιεῖς
1882 4771 2096 4825 σεαυτὸν

522 4847 669 4907 Θεόνς
693 4865 712 4897 ε
729 4843 890 4920 Ὀπερ
916 4849 999 4900 καί
1023 4848 1049 4900 ὁ
1069 4849 1313 4924 ὑμέτερος
1334 4850 1628 4915 διδάσκαλος
1649 4855 1732 4912 διά
1750 4865 1840 4918 τῆς
1865 4866 2091 4934 πονηρᾶς

523 4941 712 5000 ταὺτης
759 4938 1022 5013 έρμηνείας
1061 4948 1164 5001 τοῖς
1204 4941 1472 5005 Ἰουδαίοις
1511 4947 1694 5017 μᾶλλον
1729 4949 2089 5020 ἀκολουθήσας,

524 5032 782 5085 κατέναντι
807 5033 900 5084 τοῦ
930 5036 1052 5085 Θεοῦ
1076 5034 1213 5104 ἡμῶν
1235 5034 1494 5094 ἐλάλησεν.

595 5308 720 5382 Πρὸς
749 5306 803 5363 δέ
832 5309 1104 5382 βεϐαίωσιν
1132 5318 1232 5368 τῶν
1265 5313 1523 5390 ὑμετέρων
1555 5314 1713 5384 λόγων
1753 5320 2096 5393 προσεθήκατε

528 5406 636 5459 τοῖς
664 5399 945 5470 κεφαλαίοις
991 5403 1133 5472 ὑμῶν
1172 5401 1397 5473 λέγοντες
1437 5406 1494 5458 τό
1534 5407 1786 5478 εἰρημένον
1831 5409 1976 5484 παρά
2011 5416 2103 5463 τοῦ

529 5487 815 5544 ἀποστόλου
848 5508 868 5542 ε
896 5487 950 5550 ὸς
977 5491 1028 5547 έν
1052 5501 1214 5567 μορφῇ
1237 5499 1364 5547 Θεοῦ
1389 5495 1645 5570 ὑπάρχων
1671 5497 1906 5569 ἐκένωσεν
1932 5497 2103 5554 έαυτὸν

531 5587 720 5654 μορφήν
759 5579 936 5638 δοὺλου
971 5582 1138 5637 λαϐὼν
1166 5601 1185 5635 ι
1213 5581 1446 5657 συνᾴδειν
1483 5592 1546 5661 τῇ
1576 5585 1798 5661 ὑμετέρᾳ
1840 5587 2106 5662 έρμηνείει,

531 5675 618 5728 καί
641 5677 711 5745 μη
733 5676 852 5744 περί
875 5681 965 5728 τοῦ
991 5681 1119 5730 Θεοῦ
1141 5675 1291 5748 λόγου
1321 5681 1681 5755 σαρκωθέντος,
1711 5680 1836 5736 άλλά
1863 5685 1982 5754 περὶ
2015 5683 2107 5737 άν-

529 5768 734 5842 θρὼπου
759 5765 903 5836 μόνον
929 5770 1172 5843 εἰρῆσθαι.
1199 5767 1338 5824 ’Δλλά
1363 5773 1408 5824 εί
1435 5772 1515 5826 καί
1552 5772 1701 5844 ὑμεῖς
1737 5780 1799 5846 τῇ
1835 5779 1933 5827 τῶν
1959 5773 2103 5847 αἶρε·

533 5863 683 5913 τινῶν
715 5857 868 5910 καίέν
886 5859 1050 5927 τούτῳ
1073 5859 1458 5921 ἀκολουθοῦντες
1491 5863 1666 5934 πλάνῃ,
1699 5865 1816 5934 περί
1838 5863 2101 5932 ἀνθρώπου

540 5950 622 6006 τόν
655 5947 934 6004 ἀπόστολον
975 5951 1222 6025 εἰρηκέναι
1266 5949 1706 6016 διαϐεϐαιοῦσθαι,
1745 5949 1822 6007 ὅτι
1865 5951 2102 6006 ἐκένωσεν

2203 4773 2258 4845 (ι
2278 4774 2400 4828 Cor.
2433 4791 2488 4838 ιι,
2527 4774 2604 4846 8).
2645 4773 2776 4841 Quis
2820 4775 2963 4829 enim
3012 4775 3271 4829 Dominus
3318 4783 3402 4829 est
3442 4774 3627 4842 gloria:
3670 4774 3774 4830 nisi

2199 4864 2341 4919 Deus
2365 4863 2596 4920 Verbum
2642 4865 2995 4928 incarnatum,
3046 4880 3204 4934 quem
3233 4864 3400 4919 Judaei
3443 4865 3611 4920 Deum
3655 4880 3774 4920 esse

2199 4962 2457 5022 negantes
2486 4955 2838 5024 increpabant
2864 4954 3006 5012 :Cur
3031 4963 3084 5007 tu
3111 4955 3262 5008 homo
3291 4971 3405 5008 cum
3442 4956 3534 5019 sis,
3566 4955 3699 5026 facis
3725 4964 3776 5009 te

2196 5051 2366 5123 ipsum
2391 5050 2556 5105 Deum
2589 5049 2770 5120 (Joan.
2803 5068 2856 5114 x,
2883 5051 3020 5121 3'5)?
3047 5050 3200 5118 Quod
3230 5052 3403 5121 ipsum
3439 5052 3602 5106 etiam
3632 5065 3776 5122 prta-

2201 5150 2394 5212 ceptor
2418 5151 2598 5196 vester
2622 5141 2833 5198 Iudaeos
2859 5143 3020 5212 impia
3048 5158 3113 5198 ea
3145 5143 3590 5213 interpretatione
3625 5159 3782 5200 secu-

2199 5241 2307 5292 tus.
2336 5231 2538 5302 pariter
2565 5241 2904 5288 commentus
2931 5240 3034 5289 est.

2276 5323 2347 5378 Ut
2373 5339 2501 5380 vero
2555 5325 2849 5381 sententias
2899 5324 3179 5394 praedictas
3232 5325 3559 5393 argumentis
3586 5323 3784 5379 conﬁr-

2205 5414 2445 5478 maretis,
2477 5413 2676 5469 dictum
2708 5413 3113 5494 illudApostoli
3143 5415 3404 5486 capitibus
3430 5417 3624 5470 vestris
3653 5430 3783 5483 pro-

2208 5505 2490 5573 posuistis:
2518 5502 2617 5570 Qui
2644 5523 2756 5560 cum
2785 5508 2839 5561 in
2871 5509 3040 5577 {arma
3067 5506 3168 5562 Dei
3205 5516 3356 5574 esset,
3387 5508 3671 5562 exinaniri:
3700 5525 3785 5562 sa-

2207 5596 2478 5666 metipsum
2501 5598 2720 5666 formam
2749 5598 2882 5652 servi
2898 5599 3160 5670 accipiens
3189 5599 3406 5670 (Philip.
3433 5615 3488 5661 η,
3518 5599 3598 5667 7),
3633 5613 3787 5668 egre-

2209 5685 2294 5752 gie
2325 5701 2445 5739 cum
2488 5688 2824 5757 expositione
2867 5698 3042 5744 vestra
3091 5689 3398 5752 convenire,
3451 5705 3518 5744 ac
3555 5705 3662 5744 non
3718 5689 3787 5744 de

2213 5772 2387 5828 Verbo
2418 5774 2527 5830 Deo
2556 5777 2853 5841 incarnato,
2881 5776 2976 5833 sed
3014 5776 3083 5834 de
3109 5794 3244 5850 puro
3269 5778 3489 5833 homine
3511 5776 3688 5834 solum
3715 5777 3788 5832 ibi

2211 5875 2332 5916 esse
2358 5878 2680 5919 sermonem.
2713 5864 2790 5921 Ac
2817 5881 3120 5937 quanquam
3149 5882 3247 5922 vos
3268 5867 3408 5922 circa
3437 5864 3492 5920 id
3521 5865 3682 5920 etiam
3699 5878 3792 5920 so-

2208 5952 2337 6008 ctati
2365 5953 2736 6012 haereticorum
2764 5971 3022 6025 errorem,
3053 5957 3122 6014 de
3175 5959 3390 6017 homine
3442 5958 3790 6016 contendatis
