4112 6542
326 452 463 512 1005
1086 450 1452 515 EPISTULA
1489 458 1887 517 ADVERSUS
1919 459 2401 518 THEODORUM
2444 459 2860 521 MOPSUEST.
3434 459 3573 525 1066

319 586 518 643 imor.
548 582 683 645 ὅμως
728 590 855 639 πᾶσι
878 593 981 644 τοῖς
1010 586 1289 656 ὀρθοδὸξοις
1320 584 1462 644 δῆλόν
1497 589 1662 649 ἐστιν,
1698 587 1722 639 ὀ
1751 588 1882 640 ἀπὸ·

2015 592 2225 639 ocutum
2254 600 2372 639 esse
2394 585 2705 653 Apostolum
2727 588 3009 655 dicentem,
3041 594 3183 661 quod
3210 604 3555 668 semetipsum

1997 676 2309 735 exinanivit,
2368 676 2533 730 nihilo
2564 684 2739 731 tamen
2785 680 2958 733 secius
3005 684 3340 752 exploratum
3371 688 3557 739 catho~

2000 764 2113 817 licis
2134 766 2381 818 omnibus
2410 774 2508 829 est,
2544 766 2853 834 Apostolum
2883 769 2948 823 de
2978 773 3091 838 ipso
3134 772 3243 827 Deo
3270 774 3444 827 Verbo
3474 779 3557 828 sui

2001 856 2165 922 ipsius
2190 856 2603 909 exinanitionem
2631 857 2846 923 docere,
2882 862 3129 927 quoniam
3159 878 3280 916 cum
3312 863 3362 916 iu
3392 862 3559 916 forma

2000 946 2091 1000 Dei
2116 955 2276 1008 esset,
2305 946 2357 999 iu
2386 947 2562 999 divina
2606 947 2809 1001 scilicet
2838 961 3046 1013 natura,
3071 950 3314 1016 dignatus
3345 961 3426 1007 est
3452 952 3559 1005 fer-

2000 1052 2138 1089 mam
2161 1036 2300 1089 servi
2325 1035 2593 1103 accipere:
2619 1035 2786 1089 forma
2816 1052 2975 1103 porro
2998 1041 3137 1091 servi
3162 1042 3445 1093 humanam
3471 1058 3556 1093 na-

1996 1137 2167 1180 turam
2197 1126 2480 1193 signiﬁcat,
2527 1141 2684 1193 quam
2721 1142 2786 1179 ex
2815 1126 3065 1194 Virgineo
3122 1139 3274 1184 utero
3304 1142 3460 1200 atque
3491 1149 3555 1185 et

1995 1220 2209 1287 propria
2253 1217 2590 1270 subsistentia
2622 1216 2760 1269 Deus
2806 1217 3038 1271 Verbum
3079 1220 3177 1273 sibi
3209 1220 3432 1288 perfecit
3461 1238 3473 1273 :
3506 1231 3562 1275 σε

2001 1325 2105 1361 non
2129 1308 2272 1376 prius
2293 1309 2555 1375 plasmate
2577 1307 2776 1359 homini
2801 1308 3129 1363 extrinsecus
3152 1310 3364 1378 adjecit,
3381 1326 3564 1379 quem-

2000 1397 2281 1447 admodum
2315 1397 2470 1462 impia
2504 1395 2729 1448 Nestorii
2758 1396 3130 1466 Theodorique
3158 1401 3429 1465 disciplina
3461 1414 3562 1454 tra.

1994 1475 2167 1529 ditum
2194 1486 2297 1531 est.
2322 1476 2501 1545 lnquit
2525 1478 2667 1528 enim
2690 1476 2972 1530 Nestorius
2997 1477 3159 1530 Deum
3186 1474 3415 1530 Verbum
3435 1494 3558 1535 esse

1997 1568 2157 1619 simul
2185 1583 2305 1620 cum
2335 1584 2398 1620 eo
2427 1568 2642 1621 homine
2662 1568 2834 1636 quiet
2866 1567 3028 1619 Maria
3053 1569 3229 1624 editus
3253 1578 3361 1622 est:
3383 1569 3561 1623 Theo—

319 676 499 730 στολος
554 673 705 727 αυτὸν
758 674 840 726 τὸν
887 677 1010 728 Θεὸν
1058 675 1197 743 λόγον
1250 676 1428 727 ἑαυτὸν
1477 678 1687 728 κενῶσιαί
1728 698 1892 745 φησιν,

318 764 491 823 έπειδη
539 766 588 817 ἐν
632 774 794 837 μορφῇ
837 771 965 818 Θεοῦ
993 767 1275 840 ὑπάρχων,
1315 767 1578 819 τουτέστιν
1618 767 1665 817 ἐν
1792 768 1897 839 θείᾳ

318 856 494 921 ιύσει,
525 856 735 917 ἠξίωσεν
774 861 965 927 μορφήν
994 854 1173 908 δούλου
1218 855 1402 907 λαϐεῖν·
1448 857 1478 911 ἡ
1523 854 1578 908 δὲ
1618 860 1778 927 μορφὴ
1802 864 1892 910 τοῦ

319 944 498 998 δούλου
528 951 617 1005 τήν
644 947 952 1017 ἀνθρωπίνην
975 948 1120 1015 φύσιν
1151 948 1379 1013 σημαίνει
1400 985 1413 1002 .
1444 948 1500 1003 ἢν
1536 948 1583 997 ἐν
1614 954 1675 1019 τῇ
1707 950 1895 1020 γαστρὶ

318 1044 406 1092 τῆς
435 1038 715 1107 παρθένου,
762 1038 847 1088 καὶ
873 1036 921 1097 ἐξ
959 1039 1113 1091 αὐτῆς
1140 1044 1201 1107 τῇ
1240 1034 1340 1107 ἰδία
1379 1036 1661 1089 ὑποστάσει
1704 1035 1729 1089 ὁ
1771 1038 1892 1095 Θεὸς

320 1125 463 1195 λόγος
490 1128 698 1181 ἥνωσεν.
742 1130 841 1179 Καὶ
879 1129 933 1179 οὐ
966 1125 1427 1199 προδιαπλασθέντι
1455 1129 1691 1200 ἀνθρώπω
1713 1130 1889 1191 ήνώίή,

320 1218 539 1288 καθάπερ
568 1219 597 1272 ri
619 1220 888 1287 Νεστορίου
921 1221 1006 1269 καὶ
1034 1216 1220 1290 Θεοδὼς
1233 1237 1289 1269 ου
1318 1217 1662 1289 παραδέδωκεν
1688 1220 1892 1273 ἀσέϐεια

320 1316 421 1365 τοῖς
466 1309 818 1361 ἀκολουθοῦσιν
847 1310 1035 1365 αὐτοῖς.
1069 1309 1332 1379 Νεστὸριος
1367 1311 1453 1377 μέν
1481 1312 1581 1380 γὰρ
1617 1308 1777 1373 λέγει,
1815 1307 1895 1362 ὄτι

323 1404 348 1454 ὁ
376 1403 498 1460 Θεὸς
523 1401 661 1471 λόγος
692 1412 843 1457 συνῆν
873 1411 942 1473 τῷ
970 1404 1212 1473 ἀνθρώπῳ
1242 1409 1313 1471 τῷ
1344 1403 1394 1452 ἐκ
1424 1407 1616 1473 Μαρίας
1638 1402 1890 1471 τεχθέντι.

320 1493 578 1565 Θεόδωρος
607 1492 659 1546 δὲ
688 1494 815 1563 λέγει
846 1491 966 1562 [tit-tl
991 1495 1098 1549 ἐνῆν
1124 1495 1190 1550 ὡς
1220 1494 1345 1551 εἰκὸς
1370 1500 1439 1559 τῷ
1461 1492 1711 1561 τεχθέντι.

324 1673 483 1727 dorus
503 1682 856 1739 autem,quoa
879 1671 926 1724 ei
950 1686 1015 1723 ex
1046 1670 1207 1724 Maria
1237 1671 1379 1723 edito
1402 1670 1667 1735 iuerat,ut
1689 1668 1876 1731 simile,
1919 1665 2299 1736 pronuntiavit.

394 1763 506 1819 Ὀτι
546 1764 599 1818 δὲ
628 1769 745 1839 περὶ
766 1771 857 1817 τοῦ
897 1771 1023 1818 Θεοῦ
1052 1764 1193 1833 λόγου
1225 1773 1311 1817 τοῦ
1342 1766 1681 1837 σαρκωῦέντος
1704 1761 1895 1834 ε”ρηται

2068 1757 2219 1821 Quod
2264 1763 2441 1809 autem
2489 1756 2555 1808 de
2584 1753 2694 1809 Deo
2722 1756 2899 1811 Verbo
2956 1757 3233 1811 incarnato
3262 1756 3463 1809 dictum
3499 1756 3565 1807 sit

327 1856 412 1915 τὸ,
449 1872 466 1904 ε
496 1853 795 1912 ἠλάττωσας
828 1852 979 1906 αὐτὸν
1008 1852 1189 1926 βραχύ
1237 1876 1286 1906 τι
1314 1854 1438 1925 παρ’
1465 1853 1732 1922 ἀγγέλους,
1765 1868 1782 1899 ι
1815 1854 1900 1903 καὶ

329 1964 347 1995 I
370 1948 600 2001 ἐκένωσεν
616 1946 793 1999 έαυτίν
811 1952 998 2016 μορφήν
1020 1944 1194 1998 δούλου
1210 1947 1396 2005 λαϐὼν,
1420 1962 1437 1993 ι
1465 1948 1547 1996 καὶ
1568 1946 1616 2005 ἐξ
1639 1941 1793 1997 ἄλλων
1810 1944 1895 2017 ρη-

327 2038 493 2103 μάτων
524 2042 615 2088 τοῦ
652 2035 939 2089 ἀποστόλου
976 2032 1309 2097 διδασκόμεθα
1346 2033 1475 2087 οὕτω
1494 2034 1735 2101 λέγοντος⁶
1770 2048 1788 2080 ε
1811 2042 1895 2087 Γι-

329 2127 537 2178 νώσκετε
561 2125 657 2196 γὰρ
686 2130 777 2181 τήν
806 2125 959 2199 χάριν
978 2129 1071 2176 τοῦ
1091 2126 1265 2196 κυρίου
1291 2125 1430 2193 ἡμῶν
1456 2120 1621 2179 Ἰησοῦ
1646 2127 1892 2196 Χριστοῦ,

329 2213 404 2268 ὅτι
431 2212 492 2267 δι’
514 2217 647 2284 ἡμᾶς
667 2215 998 2282 ἐπτώχευσεν
1027 2214 1269 2271 πλούσιος
1299 2212 1381 2270 ὢν.
1413 2213 1498 2265 ἶνα
1521 2215 1661 2280 ἡμεῖς
1688 2220 1749 2281 τῇ
1779 2212 1899 2265 ἐκεί⁴

331 2324 414 2356 νου
441 2306 679 2376 πτωχείᾳ
706 2303 1083 2372 πλνιυτὴσωμεν.
1108 2319 1136 2371 ¹ε
1170 2307 1253 2361 Τίς
1278 2304 1442 2355 τοίνυν
1460 2302 1695 2370 τολμιλσει
1724 2302 1899 2372 λέγειν,

330 2391 407 2446 ὅτι
434 2392 693 2467 ἄνθρωπος
733 2394 979 2453 πλούσιος
1019 2390 1076 2449 ἦν
1095 2432 1110 2456 ,
1140 2395 1226 2445 καί
1254 2394 1587 2462 ἐπτώχευσεν
1606 2433 1619 2455 ,
1646 2393 1727 2445 ἵνα
1768 2395 1901 2460 ἡμᾶς

331 2484 619 2554 πλουτήσῃ;
649 2481 847 2540 Ἐπειδὴ
884 2480 937 2535 δέ
978 2481 1144 2552 λέγετε
1164 2524 1178 2547 ,
1217 2480 1295 2536 ὅτε
1336 2480 1387 2535 εἴ
1417 2503 1495 2541 τις
1522 2480 1637 2552 εἴπῃ
1664 2483 1780 2553 περὶ
1811 2487 1899 2535 τοῦ

332 2573 670 2647 σαρκωθέντος
698 2580 825 2625 Θεοῦ
860 2572 1007 2643 λόγου
1036 2578 1125 2626 τοῦ
1167 2576 1461 2642 μονογενοῦς
1486 2571 1598 2623 υἱοῦ
1632 2578 1722 2625 τοῦ
1750 2576 1899 2635 Θεοῦ,

333 2659 416 2713 ὅτι
441 2662 590 2719 αὐτὸς
614 2660 892 2723 ἠλαττώθη,
914 2660 943 2717 ἦ
968 2660 1197 2721 έκενὼθη,
1220 2664 1412 2734 τροπήν
1439 2668 1529 2717 τῆς
1550 2660 1681 2719 θείας
1708 2661 1904 2728 φύσεως

338 2756 468 2802 ποιεῖ
511 2751 638 2803 κατά
665 2754 754 2806 τὴν
779 2747 1117 2826 ’Δπολιναρίου
1146 2751 1402 2815 ἀσέϐειαν,
1430 2748 1460 2807 ἦ
1482 2752 1699 2807 παθητὴν
1721 2752 1909 2822 εἰσάγει

338 2846 425 2896 τον
444 2842 653 2895 θεότητα
677 2845 805 2895 κατά
833 2848 922 2899 τήν
941 2839 1127 2917 ’Δρείου
1156 2846 1360 2912 μανίαν,
1392 2840 1597 2913 ἁρμόζει
1626 2844 1751 2915 πρὸς
1775 2844 1909 2910 ὑμᾶς

340 2931 419 2986 τὸν
439 2933 747 3004 εὐαγγελικὸν
768 2934 945 2986 έκεῖνον
960 2934 1098 3005 λόγον
1119 2936 1298 2986 εἰπεῖν’
1329 2952 1345 2982 ε
1366 2934 1611 2987 Πλανᾶσθε
1634 2939 1701 3003 μή
1722 2932 1905 2994 εἰδότες

339 3020 429 3080 τὰς
459 3024 682 3098 γραφὰς,
727 3021 849 3091 μηδὲ
878 3029 966 3081 τὴν
1003 3021 1209 3094 δύναμιν
1246 3029 1335 3075 τοῦ
1367 3029 1491 3075 Θεοῦ
1515 3025 1854 3093 ἐπιστάμενοι.
1883 3041 1903 3073 ε

2001 1847 2128 1900 illud
2163 1866 2180 1898 ι
2203 1847 2435 1899 Miuuisti
2468 1862 2586 1900 eum
2613 1848 2770 1916 paulo
2797 1849 2973 1902 minus
2994 1850 3059 1901 ab
3082 1847 3304 1915 angelis,
3328 1866 3344 1897 ι
3378 1856 3562 1915 atque,

2006 1957 2024 1987 ε
2043 1937 2699 2006 Exinanivitsemetipsum
2724 1939 2945 1993 formam
2960 1941 3097 1994 servi
3112 1940 3399 2008 accipiens,
3421 1958 3437 1989 ι
3460 1939 3564 1993 alio

2000 2028 2241 2095 Apostoli
2294 2028 2413 2083 loco
2453 2029 2707 2083 docemur
2752 2031 2819 2083 de
2847 2032 2963 2100 ipso
2991 2032 3217 2085 dicentis
3246 2050 3257 2083 :
3295 2050 3315 2083 ι
3349 2032 3566 2097 Cogno-

2004 2118 2142 2171 scite
2186 2118 2411 2183 gratiam
2457 2118 2664 2171 Domini
2696 2120 2863 2173 nostri
2899 2118 3023 2173 Jesu
3069 2119 3284 2183 Christi,
3316 2122 3567 2188 quoniam

2001 2223 2123 2261 cum
2149 2208 2298 2261 dives
2345 2215 2506 2262 esset.
2549 2216 2767 2277 propter
2810 2224 2908 2262 nos
2950 2223 3153 2277 egenus
3179 2209 3351 2263 factus
3377 2217 3481 2274 est,
3512 2219 3568 2261 ut

2006 2312 2104 2350 nos
2151 2296 2267 2364 ejus
2310 2296 2488 2364 inopia
2528 2296 2719 2350 divites
2747 2311 2983 2350 essemus
3014 2296 3100 2365 (11
3129 2298 3245 2350 Cor.
3293 2313 3397 2359 vm,
3428 2298 3504 2366 9).
3545 2319 3563 2349 ι

2005 2388 2135 2453 Quis
2158 2396 2336 2439 autem
2356 2386 2536 2439 dicere
2558 2385 2751 2440 audeat
2777 2386 3046 2440 hominem
3069 2387 3286 2440 divitem
3318 2387 3497 2454 fuisse,
3519 2401 3571 2444 et

2005 2492 2233 2547 egenum
2280 2477 2477 2531 factum
2529 2492 2666 2541 esse,
2720 2484 2776 2530 ut
2804 2490 2902 2531 nos
2931 2477 3309 2546 locupletaret?
3332 2477 3572 2547 Cumque

2005 2583 2190 2622 rursus
2214 2567 2403 2621 dicatis
2430 2581 2551 2620 eum
2597 2566 2684 2633 qui
2708 2564 2775 2620 de
2804 2567 3077 2620 incamato
3100 2566 3209 2620 Deo
3239 2566 3432 2631 Verbo,
3458 2570 3572 2621 uni-

2006 2660 2292 2728 genitoque
2336 2656 2431 2710 Dei
2471 2655 2604 2710 Filio
2644 2656 2872 2710 affirmet
2898 2657 3219 2710 minoratum
3248 2671 3365 2710 esse
3397 2657 3571 2725 ipsum

2008 2756 2169 2815 atque
2213 2746 2561 2808 exinanitum,
2594 2746 2997 2799 conversionem
3028 2744 3217 2797 divinae
3252 2754 3456 2798 natura:
3493 2747 3572 2799 in-

2009 2838 2205 2894 ducere
2228 2837 2381 2905 juxta
2411 2837 2724 2907 Apollinarii
2773 2837 3119 2907 impietatem,
3158 2835 3242 2889 vel
3282 2838 3572 2892 secundum

2011 2930 2121 2983 Arii
2151 2945 2388 2984 errorem
2417 2928 2747 2983 divinitatem
2796 2929 3097 2997 passibilem
3128 2929 3324 2998 facere,
3363 2933 3573 2999 egregie

2014 3019 2269 3074 adversus
2294 3033 2389 3073 vos
2434 3017 2663 3085 quadrat
2709 3016 3012 3084 evangeliea
3055 3020 3318 3073 sententia
3346 3018 3528 3073 dicens
3557 3038 3571 3071 :

342 3115 400 3164 Ti
427 3113 521 3185 γὰρ
559 3115 709 3164 εἰπεῖν
750 3110 899 3180 ἔχετε
932 3115 1050 3185 περὶ
1078 3118 1169 3165 τοῦ
1215 3113 1444 3187 ῥηθέντος
1473 3109 1574 3166 ύπό
1613 3119 1702 3166 τοῦ
1732 3115 1909 3187 κυρίου

2015 3110 2259 3173 Erratis,
2311 3111 2588 3162 nescientes
2641 3107 2939 3176 Scriptura:
2994 3125 3152 3179 neque
3202 3112 3437 3164 virtutem
3479 3111 3575 3169 De:

350 3219 367 3249 ι
402 3200 480 3255 ὅτι
507 3200 661 3257 οὐδεὶς
692 3203 997 3259 ἀναϐέϐηκεν
1027 3204 1096 3261 εἰς
1126 3202 1209 3255 τὸν
1240 3204 1479 3274 οὐρανὸν,
1511 3204 1554 3255 εἰ
1586 3208 1653 3270 μη
1684 3201 1709 3255 ὁ
1744 3204 1796 3256 ἐκ
1822 3210 1911 3256 τοῦ
1938 3271 1945 3275 _

346 3292 559 3362 οὐρανοῦ
581 3292 824 3352 καταϐὰς,
852 3291 877 3344 ὁ
906 3293 1013 3353 υἱὸς
1042 3298 1133 3346 τοῦ
1163 3293 1430 3365 ἀνθρώπου
1453 3291 1479 3345 ὁ
1502 3290 1567 3344 ὡν
1591 3293 1639 3344 έν
1660 3299 1730 3359 τῷ
1756 3294 1912 3365 οὖρα-

349 3388 435 3449 νῷ;
459 3400 474 3429 ι
501 3386 574 3437 Μὴ
598 3378 856 3452 ἄνθρωπον
876 3381 1041 3451 λέγετε
1086 3381 1480 3437 καταῗεϐηκέναι
1500 3382 1554 3433 ἐκ
1571 3387 1659 3433 τοῦ
1682 3384 1922 3455 οὐρανοῦς

350 3470 470 3522 ἀλλά
500 3468 739 3540 πρόδηλον
782 3468 863 3524 ὅτι
906 3472 1056 3528 αὐτὸς
1098 3469 1122 3523 ὁ
1156 3471 1274 3529 Θεὸς
1303 3470 1442 3539 λόγος
1476 3473 1705 3523 ἐκένωσεν
1741 3470 1915 3525 ἑαυτὸν

351 3562 406 3612 ἐκ
437 3567 532 3611 τῶν
561 3562 780 3632 οὐρανῶν
812 3561 1082 3621 κατελθὼν,
1111 3563 1194 3611 καί
1223 3560 1497 3633 σαρκωθεὶς
1525 3562 1624 3613 ἀπὸ
1652 3568 1742 3622 τῆς
1774 3560 1918 3631 ἁγίας

354 3652 585 3704 ὓεοτὸκου
639 3654 723 3703 καὶ
759 3653 1079 3723 ἀειπαρεένου
1117 3656 1338 3722 Μαρίος,
1394 3654 1473 3703 καὶ
1514 3653 1917 3727 ἐνανθρωπήσαςο

356 3742 435 3791 καί
465 3741 661 3808 τεχθεὶς
696 3742 745 3803 ἐξ
772 3745 957 3802 αὐτῆς,
1004 3744 1084 3793 καὶ
1112 3739 1137 3794 ὁ
1173 3742 1396 3802 καταϐὰς
1421 3745 1570 3802 αὐτὸς
1612 3746 1750 3799 ἐστιν
1786 3750 1871 3799 καὶ
1896 3744 1922 3799 ὁ

357 3834 564 3891 αναὲἀς,
594 3835 675 3885 καί
718 3836 869 3885 αὑτοῦ
904 3832 1099 3904 λέγεται
1140 3835 1169 3891 ἡ
1198 3833 1502 3898 ἐλάττωσις,
1530 3838 1615 3887 καὶ
1650 3837 1679 3891 ἡ
1713 3837 1920 3896 κένωσις

358 3920 438 3975 διὰ
465 3928 549 3979 τήν
570 3924 867 3978 κατάϐασιν.

2015 3199 2227 3270 (Matth.
2250 3214 2381 3265 ml,
2402 3198 2510 3267 2.)).
2544 3197 2677 3263 Quid
2700 3199 2839 3251 enim
2868 3199 3020 3253 vobis
3044 3202 3325 3268 supererit,
3351 3210 3411 3255 ut
3435 3202 3550 3256 dica

2018 3295 2102 3358 tis,
2134 3293 2200 3347 de
2222 3307 2289 3347 eo
2316 3291 2457 3359 quod
2488 3290 2689 3345 dictum
2718 3300 2800 3344 est
2829 3307 2857 3344 a
2882 3292 3126 3356 Domino,
3162 3291 3329 3349 Nemo
3352 3296 3578 3349 ascendit

2017 3387 2071 3439 in
2092 3383 2291 3449 calum,
2312 3384 2411 3436 nisi
2432 3383 2517 3452 qui
2532 3383 2786 3436 descendit
2810 3384 2870 3433 de
2891 3383 3033 3445 mlo,
3053 3383 3220 3438 Filius
3243 3384 3484 3451 hominis,
3498 3404 3583 3457 qui

2021 3476 2173 3529 estin
2203 3476 2327 3529 caelo
2382 3473 2556 3545 (Joan.
2610 3489 2685 3532 ut,
2735 3472 2801 3525 15
2836 3474 2860 3526 ?
2895 3472 3013 3526 Non
3066 3474 3333 3529 hominem
3363 3476 3582 3531 dicitde

2023 3568 2162 3623 coelo
2208 3566 2571 3631 descendisse,
2625 3563 2720 3618 sed
2768 3564 3164 3620 evidentissime
3194 3567 3381 3621 astruit
3420 3567 3585 3621 Deum

2026 3661 2257 3715 Verbum
2282 3675 2401 3713 eum
2431 3674 2549 3712 esse
2568 3660 2658 3725 qui
2682 3660 3027 3726 semetipsum
3053 3658 3360 3722 exinanivit,
3393 3660 3483 3726 qui
3505 3660 3580 3712 de-

2026 3750 2233 3804 scendit
2259 3749 2325 3802 de
2352 3749 2510 3814 caelo,
2541 3756 2594 3801 et
2620 3750 2922 3802 incarnatus
2950 3756 3030 3801 est
3054 3763 3120 3803 ex
3150 3756 3335 3803 sancta
3365 3748 3585 3819 Deipara

2026 3854 2341 3909 semperque
2386 3839 2590 3907 virgine
2634 3839 2820 3901 Maria,
2852 3848 2906 3893 et
2948 3842 3107 3895 homo
3136 3840 3304 3897 factus
3324 3850 3423 3905 est,
3448 3852 3501 3897 et
3525 3858 3584 3897 ex

2025 3931 2139 3999 ipsa
2164 3939 2336 3994 natus,
2352 3936 2407 3982 et
2426 3929 2471 3983 is
2497 3929 2584 3997 qui
2611 3928 2887 3985 descendit
2912 3930 3000 3983 ille
3021 3930 3159 3985 idem
3182 3940 3262 3986 est
3290 3933 3379 4000 qui
3408 3948 3582 3987 ascen-

2027 4019 2123 4081 dit,
2172 4020 2256 4073 cui
2303 4020 2373 4073 ob
2402 4018 2804 4074 descensionem
2857 4020 3149 4075 exinanitio
3203 4021 3585 4088 minoralioqur

2029 4109 2352 4165 tribuuntur.

431 4195 622 4255 Ἐπειδὴ
653 4196 704 4250 δὲ
745 4199 829 4248 καὶ
871 4198 922 4249 ἐν
960 4192 1090 4265 ἄλλῳ
1126 4194 1264 4264 τόπῳ
1302 4189 1439 4249 εἶπεν
1469 4194 1495 4248 ὁ
1536 4196 1704 4268 κύριος
1740 4195 1789 4247 έν
1814 4203 1910 4255 τοῖς

2094 4205 2313 4258 Dicente
2340 4204 2501 4258 etiam
2532 4205 2652 4259 alibi
2675 4220 2887 4275 quoque
2914 4206 3140 4261 Domino
3171 4206 3225 4260 iu
3254 4205 3585 4275 Evangeliis:

363 4289 682 4359 εὐαγγελίοις,
715 4305 731 4336 ε
761 4286 835 4340 ὅτι
858 4292 881 4339 ὸ
902 4296 1071 4361 πατήρ
1093 4308 1188 4356 μου
1211 4289 1392 4355 μείζων
1414 4308 1506 4357 μου
1530 4287 1657 4349 ἐστί,
1685 4304 1701 4336 ε
1729 4292 1796 4353 μὴ
1822 4282 1923 4360 ἆρα

364 4374 618 4450 ἄνθρωπον
643 4398 747 4430 τινα
777 4380 888 4443 περὶ
918 4380 1071 4431 αὐτοῦ
1101 4381 1267 4430 ταῦτα
1301 4378 1541 4448 εἰρηκέναι
1567 4379 1784 4442 νομίζετε
1802 4418 1815 4441 ,
1842 4381 1925 4431 καὶ

362 4472 488 4536 ουχὶ
518 4470 597 4521 τὸν
630 4471 753 4523 Θεὸν
778 4469 921 4540 λόγον
950 4470 1030 4521 τὸν
1057 4470 1535 4544 ὶνανθρωπησαντα;
1568 4469 1689 4523 ἀλλά
1717 4472 1925 4542 φανερόν

366 4561 522 4623 ἐστιν,
542 4558 657 4613 ὅτιὸ
679 4563 849 4623 εἰπὼν,
877 4578 893 4610 ι
915 4560 1113 4635 anarer
1134 4582 1232 4629 μου
1254 4562 1431 4630 μείζων
1446 4580 1539 4630 μου
1557 4560 1709 4626 ἐστὶν,
1733 4580 1753 4613 ι
1774 4566 1925 4621 αυτὶς

366 4645 520 4712 εἶπεν,
545 4666 564 4699 ε
585 4650 679 4720 ἐγὼ
698 4652 781 4703 καὶ
802 4649 825 4703 ὁ
847 4653 1011 4723 πατὴρ
1030 4649 1081 4701 ἓν
1102 4651 1273 4719 ἐσμεν.
1302 4668 1319 4698 ι
1349 4648 1465 4701 Ἀλλ’
1481 4651 1530 4703 έν
1544 4656 1632 4721 μὲν
1652 4660 1724 4725 τῷ
1742 4655 1919 4719 εἰπεῖν,

369 4762 388 4794 ε
410 4747 506 4816 ἐγώ
536 4748 621 4799 καὶ
648 4744 673 4799 ὁ
695 4748 860 4815 πατὴρ
880 4743 929 4794 ἓν
949 4743 1119 4811 ἐσμεν,
1144 4758 1161 4790 ι
1185 4748 1271 4800 τήν
1297 4744 1522 4808 ἰσότητα,
1546 4746 1603 4803 ἢν
1631 4746 1779 4804 αὐτὸς
1803 4743 1832 4798 ἴ
1836 4764 1923 4814 χει

363 4839 493 4908 πρὸς
531 4838 615 4890 τὸν
643 4835 840 4905 πατέρα
868 4834 993 4885 κατά
1021 4836 1108 4889 την
1136 4832 1270 4886 θείαν
1307 4835 1453 4903 φύσιν
1494 4833 1649 4893 δηλοῖ.
1672 4842 1749 4887 Ἐν
1778 4834 1829 4887 δέ
1852 4842 1926 4904 τῷ

364 4927 518 4999 λέγειν
532 4928 611 4979 τὸν
630 4925 801 4986 αὐτὸν,
826 4940 843 4971 ε
865 4922 889 4977 ὁ
908 4928 1076 4994 πατήρ
1094 4942 1190 4991 μου
1217 4927 1394 4993 μείζων
1414 4945 1511 4995 μου
1536 4927 1695 4982 ἐστὶν.
1716 4942 1732 4972 ι
1756 4929 1844 4981 την
1863 4921 1926 4975 δι’

366 5018 495 5085 ἡμᾶς
537 5016 855 5084 οἰκονομικῶς
887 5016 1144 5085 γενομένην
1181 5014 1453 5069 ἐλάττωσιν
1479 5014 1630 5073 δηλοῖ.
1665 5018 1923 5088 Ἑκάτερον

367 5105 443 5165 δέ.
470 5110 551 5160 καὶ
575 5109 604 5163 ἠ
627 5107 797 5165 ἰσότης
834 5110 914 5159 καὶ
948 5108 978 5163 ἡ
1010 5106 1302 5171 ἐλάττωσις,
1332 5110 1447 5178 περί
1470 5108 1573 5165 ένὸς
1601 5111 1682 5160 xxi
1708 5114 1795 5161 τοῦ
1828 5107 1921 5160 αὖ·

366 5201 456 5249 τοῦ
483 5198 655 5269 κυρίου
677 5200 757 5248 καὶ
783 5202 907 5250 Θεοῦ
931 5198 1067 5268 ἡμῶν
1091 5193 1251 5253 Ἰησοῦ
1277 5204 1526 5271 Χριστοῦ,
1555 5200 1811 5252 τουτέστιν
1836 5202 1924 5251 τοῦ

367 5292 492 5339 Θεοῦ
514 5285 659 5358 λὸγου
686 5291 775 5340 τοῦ
807 5281 1168 5358 σαρκωθέντος,
1194 5287 1407 5356 λέγεται.

437 5470 529 5520 Καὶ
566 5468 804 5540 ’Δρειανοί
851 5468 940 5535 μέν
981 5472 1169 5539 πονηρᾷ
1212 5464 1408 5539 διανοίᾳ
1454 5469 1506 5521 in
1550 5473 1648 5521 τῶν
1682 5474 1924 5520 ταπεινῶν

368 5559 603 5631 ῥημάτων
637 5556 901 5625 ὁμοούσιον
929 5552 1048 5611 εἶναι
1085 5564 1155 5624 τῷ
1193 5558 1353 5629 πατρί
1381 5556 1461 5609 τὸν
1499 5556 1601 5609 υἱὸν
1630 5557 1889 5628 ἀρνοῦνται
1909 5595 1923 5617 ,

364 5651 450 5702 καί
478 5646 560 5701 διά
579 5653 731 5700 τοῦτο
754 5645 987 5699 ἐλάττονα
1008 5645 1156 5697 αὐτὸν
1182 5640 1307 5697 εἶναι
1335 5642 1758 5700 διαϐεϐαιοῦνται·
1784 5648 1927 5713 ὑμεῖς

362 5738 415 5793 δέ
442 5744 511 5805 μὴ
542 5739 762 5797 θέλοντες
787 5738 903 5808 περί
934 5739 1023 5788 τοῦ
1049 5736 1386 5808 σαρκωθέντος
1422 5742 1548 5790 Θεοῦ
1568 5737 1716 5808 λόγου
1745 5736 1809 5789 τὰ
1836 5756 1925 5789 τα·

362 5832 509 5888 πεινὰ
534 5830 786 5895 δέξασθαι,
812 5826 927 5883 ἄλλο
950 5830 1219 5906 πρόσωπον
1243 5840 1304 5905 τῇ
1328 5832 1491 5906 τριάδι
1526 5836 1752 5905 εἰσάγετε
1794 5838 1926 5890 κατά

365 5927 454 5981 τήν
480 5920 739 5996 Θεοδώρου
767 5922 852 5974 καί
880 5922 1147 5994 Νεστορίου
1183 5920 1502 5975 δυσσέϐειαν.
1526 5922 1643 5976 Ἀλλ’
1672 5925 1811 5982 ἠιιεῖς
1841 5924 1928 5976 καὶ

660 6033 930 6090 Parnm.
980 6028 1095 6088 Gn.
1150 6025 1497 6088 LXXXVI.

2030 4292 2191 4346 Pater
2226 4293 2394 4362 major
2439 4309 2517 4346 me
2545 4303 2622 4346 est
2646 4293 2823 4365 (Joan.
2860 4310 2965 4357 xxv,
2996 4294 3110 4365 29),
3140 4311 3207 4349 ne
3246 4296 3489 4363 cogitetis
3517 4296 3589 4351 ibi

2030 4382 2298 4437 hominem
2342 4385 2678 4452 quempiam,
2729 4400 2832 4439 non
2880 4393 3054 4438 autem
3110 4385 3273 4439 Deum
3320 4386 3589 4442 hominem

2031 4471 2229 4526 factum
2273 4488 2338 4526 eo
2368 4474 2526 4526 modo
2570 4473 2636 4526 de
2665 4488 2723 4526 se
2768 4474 2927 4527 fuisse
2956 4474 3209 4527 locutum.
3242 4473 3588 4531 Evidentissi-

2031 4579 2175 4617 mum
2198 4564 2394 4632 quippe
2418 4571 2500 4618 est
2523 4563 2764 4617 eumdem
2796 4564 2964 4633 ipsum
2988 4565 3075 4631 qui
3106 4564 3261 4633 dixit,
3294 4565 3453 4619 Pater
3479 4584 3586 4619 ma-

2022 4655 2110 4725 jor
2136 4672 2215 4707 me
2243 4664 2337 4717 est,
2368 4655 2566 4709 dixisse
2594 4655 2811 4724 pariter,
2834 4654 2943 4726 Ego
2973 4665 3021 4708 et
3046 4655 3205 4709 Pater
3231 4672 3386 4708 unum
3414 4672 3586 4709 sumus

2033 4745 2275 4815 (Ibidem,
2306 4764 2357 4811 ι,
2389 4747 2499 4815 30).
2546 4746 2662 4812 Quo
2702 4748 2843 4801 enim
2898 4747 3016 4802 loco
3066 4750 3158 4812 ait,
3209 4747 3319 4817 Ego
3347 4756 3395 4800 et
3433 4747 3588 4801 Pater

2033 4852 2189 4890 unum
2212 4853 2404 4901 sumus,
2430 4837 2782 4906 aqualitatem
2810 4836 2999 4891 divina:
3031 4846 3257 4905 naturae,
3286 4853 3443 4907 quam
3465 4854 3585 4893 cum

2034 4926 2190 4980 Patre
2216 4927 2394 4989 habet,
2417 4926 2654 4993 designat
2678 4942 2690 4976 :
2718 4940 2825 4994 quo
2847 4934 3022 4980 autem
3047 4927 3204 4991 illud,
3234 4927 3395 4982 Pater
3422 4930 3588 4999 major

2030 5034 2111 5071 me
2130 5027 2223 5080 est,
2255 5017 2472 5085 profert,
2504 5015 2909 5070 minorationem
2938 5032 3087 5072 suam
3110 5028 3328 5088 propter
3352 5034 3471 5083 nos,
3492 5034 3586 5074 sua

2024 5109 2450 5175 dispensatione,
2489 5106 2680 5162 factam
2729 5110 2975 5163 ostendit.
3020 5110 3309 5182 Utrumque
3358 5115 3581 5175 scilicet,

2025 5196 2299 5266 mqualitas
2338 5206 2497 5264 atque
2524 5197 2828 5263 minoratio,
2852 5197 2918 5251 de
2946 5214 3054 5253 uno
3082 5210 3239 5269 atque
3266 5201 3456 5255 eodem
3480 5202 3585 5255 Do-

2024 5286 2170 5341 mino
2194 5296 2378 5341 nostro
2397 5284 2524 5339 Jesu
2575 5284 2809 5353 Christo,
2837 5286 2940 5341 hoc
2968 5296 3051 5342 est
3077 5287 3143 5342 de
3184 5289 3459 5347 incarnato
3488 5294 3585 5347 Dei

2036 5375 2226 5438 Verbo,
2252 5376 2451 5430 dictum
2476 5382 2576 5429 est.

2103 5465 2276 5532 Atque
2295 5464 2477 5518 Ariani
2521 5464 2735 5534 quidem
2763 5480 2985 5521 erronea
3007 5468 3314 5538 opinatione
3350 5487 3415 5527 ex
3443 5474 3588 5542 ejus-

2033 5553 2179 5608 modi
2207 5553 2454 5620 loquendi
2500 5552 2745 5609 demissis
2772 5556 2941 5611 modis
2967 5556 3157 5612 Filium
3184 5558 3326 5614 Patri
3356 5565 3589 5617 consub-

2033 5644 2336 5700 stantialem
2363 5658 2483 5699 esse
2526 5642 2852 5709 inﬁciantur,
2884 5647 3134 5715 aiuntque
3162 5660 3443 5720 prepterea
3469 5669 3588 5708 esse

2032 5736 2201 5804 ipsum
2246 5734 2407 5789 Patre
2433 5735 2720 5789 minorem:
2748 5751 2845 5790 vos
2872 5748 3048 5792 autem
3084 5738 3238 5795 fateri
3283 5753 3588 5812 renuentes,

2030 5827 2248 5882 humilia
2275 5826 2389 5881 hate
2414 5825 2553 5881 dicta
2577 5824 2643 5880 de
2668 5826 2942 5882 incarnato
2971 5827 3063 5885 Dei
3092 5830 3267 5888 Verbo
3290 5849 3407 5890 esse
3432 5836 3581 5890 inte!-

2030 5918 2259 5988 ligenda,
2304 5932 2499 5975 novam
2548 5916 2801 5973 invehitis
2852 5918 2907 5972 in
2962 5919 3222 5977 Trinitate
3276 5939 3582 5993 personam,

3220 6024 3297 6083 35
