4088 6532
545 415 701 482 *1067

1872 418 2307 483 JUSTINIANI
2351 418 2505 478 1MP-

3681 414 3823 484 ωδε

560 538 647 594 ’τᾶ
666 539 852 608 ὑψηλά,
876 539 957 592 καί
983 536 1044 591 τά
1065 536 1266 591 ταπεινά
1296 538 1413 609 περί
1439 535 1573 598 ένὸς,
1607 534 1689 586 καί
1715 538 1801 587 τοῦ
1830 536 1989 587 αὑτοῦ
2018 540 2140 586 Θεοῦ

2254 530 2516 585 Theodori
2531 530 2865 599 Nestoriique
2887 534 3175 601 probantes
3199 533 3528 603 impietatem
3578 551 3677 590 nos
3688 551 3823 594 vero

564 627 726 700 ¹λόγου
756 635 844 683 τοῦ
868 627 1232 697 σαρκωθένεος,
1260 630 1349 678 τοῦ
1380 627 1553 697 κυρίου
1580 625 1717 694 ἡμῶν
1738 621 1900 680 ἰησοῦ
1920 629 2144 698 Χριστοῦ

562 722 832 792 ’λέγοντεςτ
874 715 988 772 οὔτε
1036 717 1334 787 σύγχυσιν,
1383 712 1497 768 οὔτε
1541 712 1779 790 διαίρεσιν
1819 719 1911 767 τῶν
1949 715 2147 785 φύσεων

572 808 877 881 εἰσάγομεν,
907 808 956 869 ἔξ
981 802 1047 859 ὧν
1086 812 1173 863 τῆν
1198 807 1315 873 μίαν
1345 805 1577 858 σύνθετον
1605 803 1892 859 ὑπόστασιν
1926 809 2018 858 τοῦ
2057 825 2146 857 κυ-

572 902 689 973 ρίου
719 901 803 952 καί
823 902 952 952 Θεοῦ
976 896 1112 965 ἡμῶν
1135 891 1298 951 ἰησοῦ
1326 899 1548 970 Χριστοῦ
1572 892 1925 964 ὁμολογοῦμεν,
1949 892 2062 950 οἵτε
2093 893 2145 950 δέ

579 993 817 1061 τέταρτον
834 988 1106 1064 πρόσωπον
1129 986 1461 1059 ἐπεισάγομεν
1488 994 1550 1061 τῇ
1577 985 1698 1061 ἁγίᾳ
1717 983 1902 1063 τριάδι.

646 1171 758 1228 Ὀτι
788 1172 841 1228 δέ
871 1176 989 1247 περί
1019 1180 1108 1228 τοῦ
1140 1174 1431 1243 μονογενοῦς
1452 1174 1578 1223 Θεοῦ
1604 1167 1765 1235 Λόγου
1802 1165 2139 1237 σαρκωθέντος

556 1267 706 1320 -καθά
724 1270 1021 1336 προείρηται
1036 1267 1111 1328 τὸ,
1129 1282 1147 1314 ε
1166 1262 1481 1320 Ἠλάττωσας
1490 1260 1640 1312 αὑτὸν
1650 1257 1833 1330 βραχύ
1851 1277 1900 1310 τι
1915 1256 2033 1325 παρ’
2045 1257 2137 1325 ἀγ⁴

573 1346 751 1416 γέλους
773 1362 789 1392 ε
821 1350 1126 1417 γέγραπται,
1154 1345 1239 1396 καί
1262 1343 1303 1394 οί
1338 1343 1469 1413 ἅγιοι
1502 1344 1717 1419 πατέρες
1753 1345 1835 1397 καί
1858 1343 2147 1398 διδάσκαλοι

573 1426 985 1499 τῆςέκκλησίας,
1012 1433 1057 1485 οί
1082 1432 1177 1490 τάς
1212 1431 1360 1505 ἁγίας
1386 1435 1579 1505 γραφάς
1602 1434 2020 1506 έρμηνεύσαντες,
2048 1432 2150 1488 ἐδί-

576 1524 732 1590 δαξαν
759 1528 913 1601 ῆμᾶς.
943 1528 1035 1579 lati
1058 1522 1084 1578 5
1107 1526 1157 1577 ἓν
1186 1523 1344 1596 ἁγίοις
1369 1526 1459 1592 μέν
1480 1525 1711 1599 ιὺριλλος
1739 1527 1791 1579 έν
1820 1534 1880 1595 τῇ
1906 1528 2036 1600 πρὸς
2063 1531 2153 1587 τῆν

574 1615 810 1672 Βασιλίδα
856 1616 1092 1688 ίπιστολῆ
1134 1616 1294 1676 οὑτως
1338 1611 1507 1669 εἶπεν·
1545 1632 1563 1665 ε
1594 1623 1700 1675 Ιιῶς
1735 1611 1821 1670 οὖν
1866 1618 2148 1675 ἠλάττωται

572 1710 716 1778 παρά
743 1709 863 1766 τούς
882 1706 1117 1779 ἀγγέλους
1144 1705 1170 1761 5
1198 1706 1320 1779 παρ’
1338 1709 1505 1762 αὑτῶν
1531 1708 1999 1784 προσκυνούμενοςς
2025 1712 2148 1766 ἀλλά

572 1799 595 1853 έ
603 1822 688 1857 στι
716 1808 875 1874 σαφής
900 1806 931 1863 ῆ
960 1805 1232 1880 πρόφασις.
1254 1808 1509 1860 ιαθείκετο
1537 1802 1628 1878 [1³.
1653 1804 1947 1877 κατείχετο]
1974 1809 2073 1881 γάρ
2101 1808 2148 1860 έν

571 1898 678 1950 τοῖς
700 1900 791 1953 τῆς
813 1895 1195 1966 ἀνθρωπότητος
1218 1898 1441 1970 μέτροις’
1457 1896 1617 1950 καίτὸ
1639 1897 1962 1955 ἀποθνήσκειν
1988 1919 2144 1969 πεφυ-

573 1983 656 2041 κὸς
687 1990 837 2053 σῶμα
860 1984 1047 2051 λαϐὼν,
1084 1984 1206 2041 ἴδιόν
1250 2006 1303 2040 τε
1341 1988 1464 2042 αὐτὸ
1505 1989 1873 2059 ποιησάμενος,
1917 1990 1969 2042 έν
2014 1992 2151 2062 αύτῷ

571 2075 803 2128 πέπονθεν
818 2073 962 2136 έκών,
978 2078 1055 2129 καί
1076 2082 1189 2135 ταῖς
1204 2077 1441 2132 ἀνωτάτω
1459 2074 1626 2141 δόξαες
1647 2084 1977 2148 στεφανοῦται
1991 2077 2075 2134 διά
2096 2083 2152 2135 τὸ

570 2163 752 2227 πάθος,
768 2165 835 2223 ὥς
858 2162 923 2218 δι’
950 2166 1105 2219 αὑτοῦ
1132 2170 1463 2241 καταργήσας
1482 2168 1566 2221 τόν
1587 2168 1796 2223 θάνατον
1811 2211 1825 2233 ,
1845 2171 1929 2223 καί
1954 2166 2151 2246 ἄπρακ-

570 2273 653 2306 τον
678 2254 935 2324 ἀποφήνας
963 2258 1053 2312 τῆν
1076 2255 1255 2326 φθοράν
1271 2269 1287 2285 ⁸
1307 2252 1395 2329 ἅτε
1419 2253 1479 2313 δῆ
1506 2258 1592 2309 καί
1620 2256 1876 2333 ὑπάρχων
1899 2260 2153 2333 ἀφθαρσία

571 2347 655 2397 >αί
682 2347 805 2407 ζωή.
834 2340 952 2397 Ὀτε
998 2340 1057 2398 ἂν
1098 2341 1184 2398 οὖν
1219 2345 1411 2404 Ἰησοῦν
1442 2349 1683 2418 ὀνομάζῃ,
1717 2351 1800 2402 καί
1835 2350 2153 2407 ῆλαττῶσθαι

570 2431 703 2505 λέγοι
724 2434 865 2506 παρά
891 2436 1012 2493 τούς
1036 2435 1275 2507 ἀγγέλους
1299 2438 1468 2502 αὑτὸν,
1483 2441 1573 2492 οὑκ
1597 2436 1857 2513 ἄνθρωπον
1886 2443 1981 2496 ἀνά
1999 2444 2151 2516 μέρος

571 2526 654 2577 καί
680 2521 881 2587 ίδικῶς,
931 2522 1034 2578 ἀλλ’
1059 2524 1211 2581 αὑτὸν
1242 2533 1445 2598 νοοῦμεν
1483 2530 1569 2583 τόν
1608 2539 1848 2601 μονογενῆ
1886 2553 2150 2607 παραχω-

571 2620 758 2687 ροῦντα
796 2615 855 2670 τὸ
893 2613 1148 2691 προῦχειν
1186 2620 1501 2690 οἶκονομικῶς
1546 2628 1658 2682 τοῖς
1700 2620 1861 2694 ἁγίοις
1905 2625 2148 2695 ἀγγέλοις,

571 2705 647 2762 ὅτι
693 2709 824 2763 κατά
894 2709 1123 2768 ἀλήθειαν
1173 2710 1372 2783 γέγονεν
1434 2708 1693 2789 ἅνθρωπος
1746 2713 1773 2770 5
1818 2724 1909 2775 τῆς
1956 2718 2151 2771 ἐκείνων

573 2800 838 2873 ὑπεροχῆς
881 2803 1159 2871 ἡττώμενος
1186 2818 1198 2831 ⁸
1238 2804 1303 2857 τά
1340 2802 1391 2857 δέ
1425 2812 1518 2865 τῆς
1552 2807 1820 2879 ὑπεροχῆς
1856 2816 1967 2869 τοῖς
1996 2808 2155 2880 ἁγίοις

577 2890 823 2961 ἀγγέλοις,
848 2890 925 2945 ὅτι
950 2893 1029 2944 καί
1062 2889 1161 2955 ἔξω
1188 2894 1377 2968 σαρκὸς
1404 2898 1484 2949 καί
1511 2902 1605 2950 τοῦ
1634 2900 1861 2953 τεθνάναι
1890 2903 2152 2974 κρείττους

568 2981 724 3044 εἰσίν,
755 2981 1018 3053 γεγονότος
1043 2984 1093 3035 έν
1117 2981 1321 3044 τούτοις
1344 2991 1433 3040 τοῦ
1456 2987 1565 3041 υίοῦ
1592 2986 1676 3043 διά
1704 2994 1794 3049 τῆν
1824 2990 2046 3047 έκούσιον
2071 2995 2152 3046 κέ·

570 3093 741 3127 δέησιν.
773 3074 892 3127 Ἀλλ’
919 3073 945 3129 5
981 3075 1164 3147 βραχύ
1192 3077 1316 3152 παρ’
1345 3079 1586 3150 ἀγγέλους
1611 3081 1956 3153 ἠλαττωμένος
1985 3082 2067 3139 διά
2096 3085 2154 3141 τό

571 3168 661 3218 τῆς
688 3162 1074 3235 ἀνθρωπότητος
1100 3167 1284 3239 μέτρον
1312 3166 1362 3219 έν
1383 3167 1623 3243 ὑπεροχῇ
1650 3170 1881 3232 θεότητος
1901 3172 1967 3227 ὢν
1988 3195 2154 3249 προσ-

562 3258 792 3305 κυνεῖται
818 3252 943 3325 παρ’
965 3254 1144 3317 αὐτῶν,
1170 3258 1253 3310 καί
1275 3255 1528 3331 ένίδρυται
1558 3262 1733 3321 θώκοις
1757 3260 1844 3321 οὓς
1880 3272 2148 3337 περιιστᾶ-

553 3350 653 3392 (σιυ
687 3340 865 3394 ἐκεῖνοι
894 3339 1269 3415 δοξολογοῦντες
1304 3347 1412 3411 ἀεί,
1456 3351 1537 3404 καί
1564 3357 1664 3405 τῶν
1702 3350 1961 3424 δυνάμεων
1995 3357 2147 3410 αὑτὸν

575 3429 894 3498 ὀνομάζοντες
933 3435 1115 3507 κύριον.
1152 3453 1169 3484 ι
1197 3431 1311 3492 Ὀτι
1347 3436 1400 3491 δέ
1439 3442 1520 3493 καί
1556 3441 1587 3498 ἡ
1617 3442 1822 3502 κένωσις
1861 3446 2013 3498 αὑτοῦ
2055 3453 2146 3500 τοῦ

558 3524 703 3573 ΔΘεοῦ
723 3519 872 3591 λόγου
899 3524 1241 3595 σαρκωθέντος
1263 3526 1421 3590 έστίν,
1444 3526 1469 3581 5
1492 3529 1647 3589 αὑτὸς
1666 3531 1715 3584 έν
1737 3530 1895 3603 ἁγίοις
1921 3534 2153 3609 κύριλλος

561 3609 622 3663 ιέν
648 3619 754 3672 τοῖς
782 3611 905 3689 πρὸς
945 3616 1039 3675 τάς
1076 3615 1390 3693 άντιρῤήσεις
1427 3620 1742 3698 Θεοδωρίτου
1770 3634 2058 3698 γραφεῖσιν,
2092 3626 2152 3688 ἃς

572 3704 853 3763 ἐποιήσατο
880 3704 904 3759 5
934 3708 1083 3767 αὐτὸς
1110 3707 1420 3780 Θεοδὼριτος
1449 3714 1575 3768 κατά
1601 3722 1691 3768 τοῦ
1717 3718 1961 3792 τετάρτου
1988 3721 2147 3774 αὑτοῦ

564 3797 832 3867 αεγαλαίου
861 3796 1021 3859 οὕτως
1048 3800 1197 3872 λέγει·
1222 3817 1241 3851 ε
1263 3798 1377 3856 Ὀτι
1407 3808 1495 3874 μὲν
1520 3810 1711 3882 σμικρά
1738 3816 1809 3879 τῷ
1835 3811 1887 3862 ἐκ
1909 3816 1994 3866 τοῦ
2023 3818 2149 3865 Θεοῦ

568 3888 715 3954 φύντι
753 3886 885 3959 λόγῳ
912 3890 1082 3944 πάντα
1128 3892 1240 3946 έστί
1288 3894 1351 3946 τά
1388 3895 1675 3969 ἀνθρώπινα
1725 3904 1869 3969 φαίην
1909 3896 1967 3953 ἂν
2012 3897 2150 3954 ὄκνου

573 3972 707 4044 δίχα
753 3977 961 4037 παντὸς.
1009 3987 1149 4036 Ζητῶ
1193 3978 1247 4035 δέ
1276 3988 1365 4040 τῆν
1406 3986 1611 4040 κένωσιν
1654 3989 1782 4047 τίνος
1832 3984 1889 4042 ἂν
1929 3990 2158 4062 γενέσθαι

574 4070 746 4120 νοοῖτο’
780 4069 862 4121 καί
896 4071 972 4129 τίς
1001 4068 1026 4123 5
1067 4078 1219 4126 τοῦτο
1244 4074 1416 4128 παθών
1452 4075 1693 4137 έκουσίως
1743 4080 1798 4130 Εἰ
1825 4081 1913 4147 μέν
1937 4082 2056 4156 γὰρ,
2086 4084 2154 4141 ὡς

574 4156 716 4209 αὑτοί
740 4177 912 4227 φασιν,
940 4160 970 4216 ἠ
991 4166 1081 4215 τοῦ
1114 4159 1293 4215 δούλου
1321 4170 1509 4237 μορφή,
1535 4165 1649 4223 ἦτοι
1682 4170 1739 4220 τὸ
1778 4168 1832 4220 έκ
1856 4171 2150 4243 σπέρματος

575 4244 728 4300 Δαϐίδ
738 4254 870 4309 ,πῶς
902 4248 932 4307 ῆ
958 4253 1067 4304 τίνοι
1093 4254 1353 4312 κεκένωται
1380 4257 1563 4331 τρόπον
1589 4260 1632 4311 εί
1658 4262 1974 4331 προσελήφθη
2001 4265 2146 4336 παρά

575 4344 732 4403 Θεοῦ;
760 4342 815 4393 Εἰ
838 4338 892 4395 δέ
927 4342 1077 4401 αὑτὸς
1104 4342 1131 4397 5
1171 4345 1220 4397 ἐν
1250 4354 1414 4421 μορφῇ
1446 4349 1532 4401 καί
1560 4349 1754 4407 ἰσότητι
1792 4356 1882 4405 τοῦ
1911 4358 2036 4405 Θεοῦ
2066 4357 2149 4407 καί

574 4431 774 4503 πατρὸς
795 4431 1049 4502 ὑπάρχων
1071 4432 1235 4505 λόγος,
1265 4434 1443 4492 έαυτόν
1471 4445 1683 4493 κενῶσαι
1707 4439 1924 4513 λέγεται,
1954 4450 2063 4503 πῶς
2087 4442 2148 4503 δὴ

2245 628 2496 696 humiles,
2522 628 2659 683 haud
2682 644 2838 683 secus
2859 642 3019 699 atque
3039 630 3292 685 sublimes
3306 634 3602 688 sententias
3619 633 3687 688 de
3711 651 3828 690 uno

2248 718 2547 786 eodemque
2559 718 2669 773 Deo
2682 717 2857 773 Verbo
2874 719 3171 786 incarnato,
3186 735 3250 776 ac
3260 721 3485 777 Domino
3500 733 3685 778 nostro
3698 722 3828 780 hau

2250 807 2466 863 Christo
2494 819 2842 877 exponentes,
2856 810 3223 866 confusionem
3244 812 3662 885 divisionemque
3682 830 3745 883 pa
3754 817 3827 868 rio

2251 908 2332 952 ter
2344 899 2573 952 vitamus
2589 906 2987 964 naturarum,ex
3000 901 3191 968 quibus
3207 902 3413 957 unicam
3431 902 3525 958 Dei
3540 918 3603 958 ac
3614 904 3827 959 Domini

2252 988 2421 1043 nostri
2437 987 2563 1042 Jesu
2580 988 2774 1043 Christi
2801 990 3048 1044 constitui
3070 990 3464 1047 subsistentiam
3486 997 3827 1055 conﬁtemur.

2254 1086 2682 1145 nequequartam
2702 1078 3001 1133 inducimus
3024 1094 3306 1147 personam
3335 1092 3536 1137 sanctae
3557 1084 3824 1137 Trinitati.

2326 1164 2523 1219 Verum
2563 1166 2735 1220 sancti
2778 1182 2993 1235 quoque
3022 1167 3226 1235 Patres,
3252 1178 3415 1238 atqne
3441 1169 3696 1225 Ecclesia:
3722 1174 3827 1222 dn-

2253 1263 2451 1319 ctores,
2484 1270 2664 1310 sacras
2702 1267 3037 1326 exponentes
3074 1257 3298 1323 litteras,
3329 1275 3450 1313 eum
3474 1260 3712 1313 lor-mnu
3738 1257 3832 1311 Sli-

2257 1342 2419 1398 nuisti
2439 1358 2560 1397 eum
2583 1344 2744 1413 paulo
2764 1345 2940 1399 minus
2966 1346 3033 1399 ab
3053 1347 3276 1414 angelis:
3300 1366 3318 1400 ι
3337 1347 3487 1417 juxta
3501 1363 3566 1402 ea
3592 1363 3710 1419 quae
3738 1367 3829 1403 ευσ-

2254 1432 2435 1503 perius
2462 1431 2729 1502 disputata
2758 1442 2882 1488 sunt
2909 1434 2976 1491 de
3003 1436 3277 1506 unigenito
3305 1436 3415 1492 Deo
3446 1437 3621 1493 Verbo
3648 1439 3829 1494 incan

2256 1532 2382 1579 nato
2422 1522 2623 1578 dictum
2663 1539 2782 1579 esse
2811 1524 3132 1581 docuerunt.
3156 1526 3388 1583 Sanctus
3430 1530 3574 1584 enim
3601 1529 3831 1601 Cyrillus

2254 1614 2307 1668 in
2331 1614 2555 1683 epistola
2580 1615 2646 1668 ad
2673 1615 2954 1670 Basilidem
2984 1616 3099 1671 haec
3122 1617 3284 1672 habet
3308 1635 3321 1671 :
3372 1637 3391 1671 ι
3420 1619 3702 1685 Quomodo
3729 1620 3832 1687 igi-

2255 1715 2342 1759 tur
2366 1705 2571 1774 angelis
2596 1714 2679 1760 est
2702 1706 3021 1771 minoratus,
3045 1707 3135 1776 qui
3161 1708 3229 1762 ab
3252 1708 3379 1777 ipsis
3407 1709 3693 1764 adoraturi
3720 1709 3829 1764 Sed

2254 1795 2473 1851 evidens
2516 1803 2600 1850 est
2642 1795 2756 1851 hzec
2802 1811 2985 1852 causa.
3016 1795 3180 1852 Sedet
3207 1799 3349 1853 enim
3394 1798 3447 1852 in
3480 1798 3830 1855 humanitatis

2254 1885 2580 1952 conditione,
2612 1895 2669 1942 et
2709 1902 2940 1956 corpore
2984 1890 3201 1943 mortali
3254 1890 3398 1959 quod
3442 1905 3830 1962 assumpserat,

2256 1976 2465 2046 sibique
2489 1975 2691 2031 fecerat
2714 1977 3022 2046 proprium:
3052 1964 3105 2032 iit
3133 1994 3201 2034 eo
3224 1980 3411 2034 volens
3432 1996 3622 2050 passus
3649 1991 3752 2049 est,
3780 1993 3830 2037 cl

2255 2081 2501 2137 suprema
2538 2066 2708 2136 gloria
2751 2077 2975 2137 propter
3010 2069 3313 2137 passionem
3340 2078 3656 2136 coronatur,
3686 2074 3831 2141 quod

2256 2173 2353 2227 per
2376 2158 2545 2227 ipsam
2592 2157 2887 2213 aboleverit
2933 2165 3182 2222 mortem,
3230 2167 3287 2213 et
3322 2160 3600 2214 sustulerit
3644 2175 3829 2215 corru-

2258 2248 2514 2318 ptionem,
2546 2249 2781 2303 existens
2812 2248 2927 2318 ipse
2970 2247 3075 2301 vita
3106 2256 3163 2303 et
3208 2249 3558 2318 incurruptio.
3606 2246 3831 2316 Quando

2257 2340 2440 2409 itaque
2462 2338 2644 2395 Jcsum
2670 2340 2933 2404 nominat,
2955 2348 3009 2394 et
3032 2339 3203 2408 ipsum
3231 2339 3433 2409 angelis
3452 2353 3571 2394 esse
3598 2340 3818 2394 minora

2257 2438 2371 2483 tum
2395 2429 2546 2494 dicit,
2578 2445 2687 2484 non
2714 2430 2787 2483 ibi
2817 2430 3088 2484 hominem
3130 2430 3354 2484 seorsim
3402 2439 3455 2485 et
3490 2430 3828 2498 singulariter

2258 2528 2540 2589 acceptum
2583 2519 2949 2588 intelligimus,
2980 2521 3072 2573 sed
3100 2520 3272 2590 ipsum
3302 2519 3494 2573 Filium
3524 2518 3618 2575 Dei
3647 2521 3828 2588 unige-

2260 2610 2428 2664 nitum
2457 2610 2749 2666 secundum
2776 2610 3224 2681 dispensationem
3274 2610 3473 2665 sanctis
3514 2610 3717 2681 angelis
3750 2611 3827 2665 di-

2257 2700 2460 2768 gnitate
2498 2699 2798 2765 cedentem,
2854 2700 2979 2769 quia
3007 2699 3300 2755 secundum
3346 2699 3627 2754 veritatem
3656 2698 3829 2755 factus

2257 2800 2340 2846 est
2386 2790 2568 2856 homo,
2599 2791 2691 2862 qui
2742 2792 2810 2846 ab
2837 2805 3022 2865 eorum
3064 2790 3350 2846 eminentia
3378 2799 3461 2845 est
3510 2790 3830 2845 minoratus.

2256 2878 2566 2935 Sublimitas
2618 2881 2762 2936 enim
2812 2889 3116 2936 sanctorum
3165 2881 3475 2950 angelorum
3523 2890 3608 2936 est
3672 2892 3830 2936 extra

2254 2984 2468 3025 carnem
2524 2985 2643 3026 esse
2694 2972 2961 3040 mortique
3012 2970 3231 3026 minime
3283 2972 3491 3042 subjici,
3523 2987 3684 3042 quam
3712 2974 3830 3042 ipse

2252 3072 2552 3126 voluntaria
2580 3072 2947 3127 exinanitione
2994 3072 3264 3142 suscepit;
3313 3080 3370 3128 ct
3413 3073 3504 3142 qui
3533 3088 3719 3142 parum
3754 3074 3831 3127 ab

2256 3161 2460 3231 angelis
2485 3162 2758 3226 minuitur,
2786 3172 3004 3232 propter
3032 3162 3379 3218 humanitatis
3407 3164 3612 3219 scilicet
3638 3163 3828 3219 condi-

2257 3253 2482 3318 tionem,
2508 3252 2560 3307 in
2590 3252 2919 3308 sublimitate
2946 3252 3167 3309 Deitatis
3195 3254 3428 3309 existens
3455 3254 3522 3309 ab
3542 3254 3669 3324 ipsis
3697 3254 3828 3308 ado-

2258 3350 2429 3410 ratur,
2455 3351 2510 3397 et
2545 3342 2601 3396 in
2658 3342 2865 3397 tbronis
2914 3343 3083 3409 sedet,
3114 3344 3256 3398 circa
3302 3358 3438 3412 quos
3465 3353 3610 3397 stant
3631 3344 3833 3411 angeli,

2253 3432 2619 3499 gloriﬁcantes
2669 3448 2901 3503 semper,
2934 3434 3212 3503 ipsumque
3245 3433 3526 3488 Dominum
3572 3433 3831 3487 virtutum

2253 3522 2585 3578 incessanter
2628 3524 3042 3594 proclamantes.
3081 3543 3101 3576 ι
3135 3522 3211 3579 De
3256 3524 3444 3579 eadem
3499 3538 3683 3579 rursus
3730 3539 3830 3577 sua

2256 3617 2621 3673 exinanitione
2644 3618 2713 3672 ad
2736 3618 3069 3672 incarnatum
3080 3617 3247 3672 Deum
3268 3617 3495 3673 Verbum
3527 3617 3831 3687 pertinenti

2257 3715 2473 3761 constat
2514 3722 2582 3761 ex
2610 3706 2799 3761 eodem
2824 3706 3022 3777 Cyrillo
3054 3706 3107 3760 in
3133 3706 3268 3761 libro
3297 3706 3550 3761 adversus
3577 3706 3825 3761 confuta-

2261 3796 2433 3851 tiones
2481 3794 2825 3859 Theodoreti,
2875 3810 3009 3866 quas
3050 3795 3163 3865 ipse
3191 3795 3317 3852 fecit
3363 3804 3549 3851 contra
3577 3803 3828 3864 quartum

2259 3886 2376 3955 cjus
2401 3887 2709 3956 capitulum.
2748 3905 2766 3939 ι
2802 3885 2954 3953 Quod
2978 3901 3160 3957 parva,
3190 3886 3382 3956 inquit,
3405 3886 3511 3941 sint
3535 3885 3712 3940 omnia
3736 3886 3824 3940 bu-

2261 3994 2420 4033 mana
2436 3978 2611 4033 Verbo
2636 3993 2704 4033 ex
2723 3976 2835 4033 Deo
2878 3987 3004 4032 nato
3033 3977 3235 4046 absque
3262 3992 3410 4032 mora
3436 3977 3564 4045 quin
3591 3978 3829 4032 uret-eam

2257 4067 2465 4123 dixero.
2498 4066 2690 4134 Quaero
2732 4075 2909 4122 autem
2939 4066 3213 4135 cujusdam
3254 4082 3372 4123 esse
3398 4074 3616 4136 putetur
3640 4068 3827 4121 exina-

2259 4158 2412 4221 nitio,
2430 4167 2485 4212 et
2511 4157 2629 4225 quis
2643 4157 2780 4212 hanc
2794 4156 3094 4212 voluntarie
3114 4158 3313 4212 tulerit.
3333 4157 3535 4225 Itaque,
3555 4157 3619 4222 si,
3636 4173 3823 4226 quem-

2255 4257 2538 4313 admodum
2577 4256 2665 4310 alii
2696 4254 2894 4321 dicunt,
2936 4254 3104 4310 forma
3138 4254 3297 4320 servi,
3322 4254 3580 4325 autquod
3629 4265 3712 4311 est
3756 4270 3827 4311 ex

2248 4347 2455 4402 semine
2468 4345 2655 4411 David;
2677 4345 2946 4415 quomodo
2965 4346 3049 4400 vel
3080 4343 3387 4415 quo[Supp.
3405 4343 3602 4416 pacto],
3618 4361 3827 4417 quaso,

2249 4446 2576 4502 exinanitum
2602 4455 2707 4511 est,
2746 4444 2791 4499 si
2821 4459 2851 4497 a
2882 4443 2991 4498 Deo
3020 4452 3350 4513 assumptum
3401 4442 3514 4498 est?
3534 4443 3591 4499 Si
3639 4455 3825 4500 autem

576 4521 724 4577 πάλιν
747 4520 777 4582 ἦ
810 4525 922 4579 τίνα
946 4526 1134 4600 τρόπον
1162 4529 1456 4595 κεκένωται,
1486 4531 1531 4583 εί
1559 4542 1863 4605 παραιτοῐτο
1889 4540 1977 4593 τήν
2001 4538 2147 4590 κένω-

2254 4534 2427 4605 ipsum
2449 4533 2699 4599 Verbum,
2715 4532 2856 4601 quod
2879 4534 2932 4587 in
2948 4532 3118 4588 forma
3144 4541 3198 4588 et
3215 4532 3518 4601 mqualitate
3538 4533 3632 4589 Dei
3649 4534 3827 4590 Patris

576 4627 686 4677 σιν;
714 4617 915 4676 κένωσις
951 4614 1003 4671 δέ
1033 4626 1104 4688 τῷ
1132 4627 1240 4689 Θεῷ
1268 4620 1398 4692 λόγῳ
1420 4623 1597 4676 παθεῖν
1625 4624 1710 4677 οὑκ
1739 4624 1892 4679 εἰδότι
1914 4632 2001 4683 τήν
2026 4648 2145 4699 τρο⁹

574 4712 697 4769 πῆν,
726 4706 784 4759 τό
830 4704 1021 4780 δράσαι
1056 4731 1105 4764 τι
1133 4713 1211 4763 καί
1255 4714 1414 4765 εἰπεῖν
1450 4720 1548 4766 τῶν
1590 4714 1904 4788 ἀνθρωπίνων
1941 4714 2022 4770 διά
2058 4723 2147 4775 τήν

573 4796 700 4867 πρὶς
729 4797 896 4869 σάρκα
928 4796 1138 4852 σύνοδον
1160 4801 1487 4871 οἰκονομικήν.
1521 4819 1540 4852 ι
1571 4807 1661 4857 Καὶ
1688 4804 1838 4859 πάλιν
1862 4806 1886 4860 5
1916 4808 2067 4866 αὑτός
2097 4808 2147 4861 έν

574 4884 735 4956 ἁγίοις
767 4886 1007 4957 Κύριλλος
1049 4889 1101 4942 έν
1130 4896 1202 4961 τῷ
1245 4890 1380 4961 αύτῷ
1422 4891 1600 4961 βιϐλίῳ
1638 4896 1771 4947 κατά
1810 4901 2149 4967 Νεστοριανῶν

572 4975 707 5029 οὕτω
736 4974 1031 5049 ).έγει“ε’Δρ’
1049 4973 1137 5031 οὑν
1158 4977 1183 5031 5
1208 4978 1470 5042 θεσπέσιος
1489 4982 1678 5041 Παῦλος
1700 4992 2009 5052 πεφαινάκικε
2026 4985 2146 5053 (sic)

571 5072 692 5130 τούς
723 5071 1055 5142 ἡγιασμένους
1098 5072 1181 5126 διὰ
1220 5080 1311 5133 τῆς
1357 5075 1580 5135 πίστεως
1619 5077 1962 5148 ἐναργέστατα
1997 5077 2149 5147 λέγων

572 5162 688 5229 περί
728 5168 819 5215 τοῦ
862 5169 1187 5235 μονογενοῦς,
1219 5162 1298 5218 ὅτι
1332 5164 1573 5224 πλούσιος
1616 5164 1682 5218 ὡν
1716 5167 2045 5236 ἐπτώχευσεν
2083 5166 2150 5221 δι’

572 5258 741 5321 ήμᾶςς
769 5258 840 5323 μῆ
881 5256 1094 5325 γένοιτο·
1122 5255 1348 5312 ἀληθεύει
1373 5259 1472 5329 γάρ
1512 5258 1713 5316 πάντως
1748 5266 1840 5317 τῆς
1869 5259 2093 5318 ἀληθείας
2119 5258 2144 5312 5

572 5344 749 5417 κῆρυξ.
781 5341 920 5398 Ἀλλά
947 5350 1044 5417 γὰρ
1082 5347 1159 5403 τίς
1186 5342 1213 5398 5
1251 5344 1489 5405 πλούσιός
1517 5347 1669 5412 έστιν,
1699 5351 1783 5401 καί
1808 5349 1920 5403 τίνοι
1958 5350 2145 5423 τρόπον

574 5435 939 5501 ἐπτώχευσεν;
969 5434 1281 5502 βασανιζέτω
1319 5438 1402 5489 καί
1436 5442 1524 5488 νῦν
1563 5435 1589 5490 ὁ
1627 5437 1773 5509 λόγος
1801 5440 1941 5509 ἡμῖν.
1967 5444 2025 5494 Εἰ
2059 5443 2148 5510 μέν

575 5525 690 5600 γάρ,
720 5526 843 5578 καθά
869 5528 949 5577 καί
976 5533 1162 5599 φρινεῐν
1189 5528 1270 5579 καί
1297 5526 1454 5599 λέγειν
1478 5528 1621 5581 αὐτοί
1646 5528 2033 5599 τεθαρσήκασιν,
2060 5528 2147 5585 ἄν·
2188 5544 2191 5547 '

576 5622 775 5695 θρωπος
813 5620 1049 5693 ἀνελήφθη
1094 5622 1234 5697 ποιρά
1269 5628 1357 5675 τοῦ
1402 5626 1561 5686 Θεοῦ,
1601 5629 1712 5681 πῶς
1753 5623 2082 5695 έπτὼχευσεν
2120 5625 2145 5680 5

590 5712 868 5786 ἲναληφθείς
892 5716 977 5767 καί
998 5721 1104 5773 τοῖς
1126 5714 1255 5785 ὑπέρ
1280 5713 1429 5785 φύσιν
1462 5715 1738 5785 ἀξιώμασιν
1770 5716 2149 5792 ίκλελαμπρυσ-

581 5805 757 5881 μὲνοςς
788 5801 1090 5866 Διδόξασται
1118 5805 1240 5874 γάρ,
1262 5802 1292 5861 ἦ
1317 5803 1361 5856 εί
1379 5807 1449 5873 μῆ
1475 5802 1622 5857 τοῦτό
1648 5805 1788 5858 έστιν
1815 5804 2009 5870 ἀληθές,
2035 5805 2148 5860 δια-

2252 4626 2454 4692 existit,
2482 4640 2543 4681 so
2569 4625 2740 4694 ipsum
2768 4625 3121 4679 exinanivisse
3150 4623 3377 4691 dicitur;
3407 4626 3702 4694 quomodo,
3736 4630 3822 4682 vel

2252 4730 2360 4785 quo
2376 4722 2532 4785 pacto
2552 4716 2879 4770 exinanitum
2898 4723 2998 4777 est,
3022 4715 3065 4769 si
3088 4714 3338 4769 refutavit
3364 4716 3782 4771 exinanitionem
3798 4720 3825 4770 ?

2253 4806 2562 4862 Exinanitio
2589 4814 2765 4861 autem
2795 4807 2906 4861 Deo
2933 4806 3109 4861 Verbo
3155 4807 3455 4861 versionem
3491 4808 3601 4876 pati
3640 4809 3824 4862 nescio

2253 4904 2336 4950 est
2362 4894 2537 4950 facere
2558 4910 2621 4951 ac
2655 4896 2837 4950 dicere
2863 4894 3115 4964 quiddam
3156 4895 3443 4949 humanum
3468 4905 3687 4966 propter
3712 4898 3821 4951 dis-

2254 4987 2587 5056 pensativum
2615 4986 2680 5040 ad
2704 5000 2917 5041 carnem
2946 4993 3290 5039 conventum.
3327 5004 3346 5038 ι
3381 4985 3575 5040 lterum
3603 4996 3825 5042 sanctus

2253 5075 2482 5147 Cyrillus
2525 5076 2578 5131 in
2607 5076 2797 5131 eodem
2826 5076 2965 5129 libro
2992 5083 3181 5130 contra
3206 5074 3554 5129 Nestorianos
3580 5073 3694 5127 lucc
3723 5074 3821 5128 ha-

2254 5166 2374 5220 bet:
2413 5184 2432 5217 ι
2463 5165 2707 5235 Nunquid
2753 5165 2910 5234 igitur
2936 5165 3145 5220 divinus
3170 5163 3365 5219 Paulus
3394 5164 3496 5219 ﬁde
3519 5163 3824 5220 sanctiﬁca-

2254 5266 2338 5312 tos
2365 5255 2595 5321 seduxit,
2618 5256 2895 5326 perspicue
2921 5256 2989 5311 de
3014 5254 3295 5324 Unigenito
3315 5256 3522 5310 dicens:
3553 5255 3689 5310 Cum
3740 5272 3819 5309 es-

2252 5355 2336 5402 set
2378 5346 2545 5410 dives,
2577 5360 2777 5416 egenus
2819 5354 3040 5415 propter
3086 5361 3184 5400 nos
3229 5345 3450 5400 ellectus
3487 5347 3607 5399 est?
3645 5344 3818 5399 Absit.

2253 5437 2391 5492 Vera
2417 5452 2648 5507 namque
2667 5438 2886 5492 omnino
2920 5437 3155 5506 loquitur
3180 5436 3434 5492 Veritatis
3462 5451 3659 5506 praeco.
3692 5436 3825 5502 Quis

2251 5538 2394 5592 enim
2414 5546 2496 5592 est
2516 5537 2684 5602 dives,
2700 5546 2754 5593 et
2774 5538 3044 5607 quomodo
3066 5536 3235 5594 factus
3263 5546 3344 5592 est
3362 5539 3599 5606 egenus!
3623 5538 3680 5593 Si
3704 5539 3822 5606 qni-

2253 5626 2399 5692 dem,
2429 5626 2874 5696 quemadmodum
2921 5626 3121 5681 sentire
3166 5641 3228 5681 ac
3274 5626 3521 5696 proloqui
3558 5626 3673 5681 ausi
3701 5634 3819 5680 sun!

2254 5719 2498 5789 quidam,
2531 5720 2693 5774 homo
2721 5728 3023 5789 assumptus
3066 5726 3147 5774 est
3173 5734 3203 5772 a
3233 5718 3363 5783 Deo,
3389 5716 3658 5787 quomodo
3688 5732 3822 5786 pau-

2253 5823 2350 5879 per
2370 5808 2538 5864 factus
2549 5818 2630 5863 est
2648 5810 2989 5880 derogabitur
3012 5809 3096 5865 ‘is
3117 5808 3207 5880 qui
3220 5816 3520 5879 aSsumptus
3535 5814 3634 5874 est,
3661 5806 3827 5878 digni-

648 5896 667 5915 '
697 5893 1037 5968 Dcrogabitur
1056 5891 1464 5965 expungendum
1485 5891 1717 5948 clamant
1738 5902 1914 5952 textus
1934 5896 2150 5954 (ιι-κους
2172 5908 2230 5957 et
2245 5900 2510 5971 syntaxis.
2541 5899 2693 5956 Ευιτ.
