4112 6550
408 464 427 526 l
440 468 544 530 009

1154 465 1519 528 EPISTOLA
1560 464 1958 527 ADVERSUS
1994 462 2473 525 THEODORUM
2511 459 2929 521 MOPSUEST.

3512 469 3601 527 1οἷ
3614 469 3648 524 υ

402 594 643 650 “ﬂutat
684 591 807 664 παρ’
855 586 1019 646 αὖτῶν
1070 593 1100 649 ἦ
1157 592 1215 645 ἀν
1241 589 1399 660 Drmiam
1455 591 1523 647 ὥς
1581 588 1967 658 κατακομίσασα

2070 586 2266 642 tatibus
2284 603 2446 657 super
2463 596 2708 641 naturam
2738 585 3026 654 ellulgens?
3045 598 3164 638 nam
3185 581 3509 653 gloriﬁcatus
3528 594 3629 645 est:

406 688 529 761 πρὸς
556 689 614 740 τὸ
644 693 796 755 μεῖον,
828 689 907 739 καὶ
935 685 1059 757 πρός
1082 704 1139 756 γε
1165 685 1220 738 τὸ
1255 682 1637 754 δυσκλείστιρον
1669 689 1725 734 τὸ
1757 690 1848 739 τῆς
1877 682 1965 733 ἆν-

402 775 720 851 θρωπότητος
754 778 956 849 μέτρον.
986 773 1107 827 Ἀλλ’
1137 772 1230 828 ὦδε
1281 781 1478 847 φρονεῖν
1522 773 1744 842 ἀπηχὲς.
1778 772 1967 823 οὐκοῦν

403 871 487 923 οὐκ
511 870 836 938 ἐπτώχευσεν
860 868 885 922 ό
906 867 1213 940 ἀναληφθεὶς·
1241 869 1464 922 λείπεται
1482 868 1645 920 τοίνυν
1673 868 1856 926 εἰπεῖν,
1886 865 1963 919 ὅτι

402 964 592 1035 γέγονεν
618 963 668 1015 ἐν
692 963 933 1034 πτωχείᾳ
957 967 1020 1035 τῇ
1047 960 1155 1015 καθ’
1183 961 1316 1030 ἡμᾶς
1345 958 1372 1014 ὁ
1398 959 1637 1019 πλούσιος
1665 960 1731 1019 ὡς
1761 958 1900 1019 Θεὸς.
1938 968 1957 1009 δ

468 1330 687 1399 δομοίως
714 1325 767 1382 δέ
787 1331 868 1383 καί
896 1326 922 1382 ὁ
947 1322 993 1381 ἓν
1012 1327 1173 1398 ἁγίοις
1203 1328 1478 1401 Γργιγόριος
1507 1319 1532 1382 ό
1557 1328 1786 1398 θεολόγος
1815 1329 1864 1381 ἕν
1893 1335 1966 1397 τῷ

401 1419 525 1489 λόγῳ
570 1426 642 1488 τῷ
672 1423 788 1493 περί
815 1426 913 1472 τῶν
947 1420 1211 1488 θεοφανίων
1238 1417 1371 1471 οὕτω
1410 1418 1559 1487 λέγει’
1586 1435 1602 1466 ι
1633 1417 1878 1489 Προελθὼν
1912 1415 1966 1469 δὲ

400 1509 521 1568 Θεὸς
560 1509 687 1577 μετά
720 1515 810 1566 τῆς
844 1506 1208 1583 προσλήψεως,
1258 1504 1310 1559 ἓν
1355 1507 1408 1559 ἔκ
1450 1504 1541 1560 δύο
1589 1513 1688 1560 τῶν
1733 1509 1963 1559 ἐναντίων

399 1598 588 1670 σαρκὸς
621 1601 702 1651 καί
731 1602 1036 1666 πνεύματος,
1074 1592 1141 1650 ὧν
1175 1596 1233 1649 τὸ
1261 1597 1352 1666 μὲν
1375 1596 1573 1657 ἒθίωσε,
1602 1597 1660 1649 τὸ
1686 1593 1738 1649 δὲ
1770 1597 1963 1652 ἐθεὼθη.

403 1684 472 1740 Ὠ
491 1698 582 1749 τῆς
609 1698 778 1748 καινῆς
806 1690 1007 1759 μίξεως,
1034 1684 1072 1739 ὦ
1098 1695 1189 1746 τῆς
1216 1685 1496 1762 παραδόξου
1539 1689 1783 1760 κράσεως.
1814 1697 1870 1738 ‘0
1900 1685 1966 1740 ὧν

405 1778 604 1847 γίνεται,
624 1780 709 1830 καί
738 1776 762 1830 ό
792 1773 1019 1835 ἆκτιστος
1052 1777 1288 1838 κτίζεται,
1317 1777 1399 1827 καί
1427 1772 1452 1827 ὅ
1477 1776 1749 1847 ἀχὼρητος
1772 1781 1967 1845 χωρεῖ-

2067 677 2154 731 vel
2202 677 2244 730 si
2271 676 2373 731 hoc
2399 690 2732 744 nequaquam
2761 688 2944 729 verum
2969 682 3073 741 est,
3096 674 3163 727 ab
3189 676 3267 729 eis
3287 678 3631 744 assumptionl

2066 766 2207 834 quod
2238 765 2347 838 [F.
2394 767 2518 836 ιφή
2549 765 2901 820 obtrectatum
2949 773 3032 819 est
3061 766 3129 819 ab
3172 766 3251 819 eis
3279 767 3628 833 assumptioni

2064 856 2239 927 quasi]
2264 872 2385 912 eum
2408 857 2474 909 ad
2505 856 2870 925 ignobiliorem
2893 863 3053 923 atque
3074 853 3330 907 minorem
3353 852 3636 908 deduxerit

2066 951 2409 1005 humanitatis
2435 962 2737 1004 mensuram
2764 946 2841 1001 :id
2868 961 3032 1016 porro
3060 945 3343 999 absurdum
3371 959 3454 998 (εει
3480 947 3631 1011 cogi-

2070 1050 2203 1095 tare.
2252 1041 2369 1096 Non
2400 1041 2558 1108 igitur
2585 1052 2784 1106 egenus
2810 1038 2981 1092 factus
3006 1046 3090 1093 est
3128 1044 3466 1105 assumptus:
3509 1037 3635 1090 reli-

2065 1145 2229 1198 quum
2250 1138 2332 1185 est
2345 1146 2471 1199 ergo
2497 1137 2554 1183 ut
2567 1129 2807 1183 dicamus
2827 1127 2880 1181 in
2901 1136 3211 1198 paupertate
3238 1135 3419 1181 nostra
3436 1127 3632 1181 factum

2069 1242 2186 1286 esse
2215 1246 2333 1286 eum
2359 1231 2472 1301 qui,
2495 1237 2747 1298 tanquam
2771 1226 2929 1287 Deus.
2958 1227 3106 1282 dives
3125 1237 3259 1282 erat.
3290 1247 3309 1281 ι

2140 1323 2394 1377 Similiter
2434 1322 2490 1376 S.
2530 1320 2819 1389 Gregorius
2853 1317 3154 1388 Theologus
3193 1320 3244 1373 in
3282 1335 3530 1375 sermone
3567 1320 3637 1374 de

2072 1417 2268 1472 Christi
2298 1416 2468 1469 Natali
2505 1416 2620 1469 haec
2656 1414 2818 1469 habet
2849 1432 2862 1467 :
2900 1434 2918 1467 ι
2946 1412 3263 1481 Progressus
3289 1421 3465 1466 autem
3497 1412 3635 1466 Dens

2066 1521 2186 1560 cum
2206 1505 2556 1568 humanitate,
2581 1519 2741 1558 unum
2772 1518 2835 1556 ex
2858 1503 3063 1557 duobus
3089 1503 3227 1557 inter
3246 1517 3303 1556 se
3330 1504 3631 1567 contrariis,

2067 1610 2229 1650 carne
2255 1595 2500 1649 nimirum
2530 1603 2582 1647 et
2611 1594 2820 1662 spiritu,
2842 1608 3066 1662 quorum
3096 1595 3319 1647 alterum
3348 1594 3633 1658 deiﬁcavit,

2067 1687 2294 1740 alterum
2324 1686 2624 1739 deilicatum
2653 1694 2752 1739 est.
2784 1684 2828 1738 Ο
2856 1699 3049 1738 novam
3080 1684 3422 1739 mixtionem!
3471 1701 3504 1741 ο
3532 1686 3628 1739 ad~

2068 1777 2363 1831 mirandam
2397 1775 2865 1844 temperationem!
2913 1774 3012 1841 Qui
3039 1782 3140 1843 est,
3172 1774 3260 1841 ﬁt;
3308 1777 3396 1847 qui
3423 1787 3635 1832 creatus

404 1886 482 1923 εαι
508 1867 591 1923 διὰ
631 1871 791 1939 μέσης
817 1867 1003 1937 ψυχῆς
1043 1872 1221 1938 νοερᾶς
1258 1868 1622 1935 μεσιτευούσης
1649 1866 1845 1924 agam"
1880 1869 1963 1919 καί

2070 1884 2175 1923 non
2201 1876 2302 1928 est,
2327 1875 2571 1929 creatur;
2600 1866 2690 1934 qui
2720 1867 2864 1919 nullo
2886 1866 3005 1921 loco
3034 1867 3305 1922 contineri.
3319 1877 3513 1937 potest.
3536 1879 3635 1938 pc:

399 1960 591 2030 σαρκὸς
611 1959 899 2028 παχύτητι,
931 1959 1013 2010 καί
1039 1957 1063 2009 ὁ
1090 1956 1368 2019 πλουτίζων
1393 1956 1678 2024 πτωχεύειο
1702 1958 1965 2024 πτωχεύει

404 2049 497 2120 ιάρ
536 2053 627 2106 τήν
670 2048 790 2117 ἐμὰν
829 2048 1103 2121 κάθαρσιν,
1142 2045 1319 2116 ἵν’ἔνγὼ
1365 2046 1635 2103 πλουτήσω
1676 2052 1764 2103 τήν
1810 2046 1962 2100 αὐτοῦ

399 2134 620 2194 honera.
648 2140 727 2190 καί
754 2135 779 2189 ὁ
804 2136 992 2211 πλήρης
1019 2139 1265 2187 κενοῦται³
1289 2140 1516 2188 κενοῦται
1535 2137 1635 2206 γὰρ
1659 2142 1751 2195 τῆς
1778 2135 1962 2189 ἐαυτοῦ

400 2225 544 2291 δόξης
587 2228 669 2283 ίπί
698 2229 893 2301 μικρὸν,
916 2225 980 2279 ἶν’
1008 2224 1107 2297 ἐγὼ
1135 2233 1226 2285 τῆς
1255 2225 1438 2279 ίκιίνου
1472 2226 1739 2296 μεταλάϐοι
1767 2228 1966 2305 πληρὼ-

401 2334 550 2379 σεως.
578 2337 599 2370 ε

475 2583 610 2645 Ἀλλά
651 2587 788 2644 καίό
833 2587 880 2642 ἕν
923 2587 1084 2661 ἰσχίοις
1126 2585 1420 2648 ’Δθανὰσιος
1464 2582 1747 2658 ἑρμηνεύων
1779 2592 1844 2643 τά
1876 2597 1963 2644 τοῦ

401 2680 681 2736 ἀποστόλου
719 2680 847 2755 ῥητὰ
874 2678 1126 2749 λέγοντος,
1160 2696 1179 2728 ε
1215 2674 1267 2736 ὃς
1288 2678 1336 2730 ἐν
1362 2686 1526 2752 μορφῇ
1552 2684 1678 2731 Θεοῦ
1707 2676 1966 2751 ὑπάρχων

402 2767 632 2823 ίκίνωσεν
676 2768 870 2833 ίαυτόν,
902 2773 1093 2839 μορφὴν
1122 2766 1302 2821 δούλου
1328 2767 1524 2830 λαϐὼν,
1556 2784 1575 2817 ι
1611 2766 1773 2826 οὕτως
1797 2768 1926 2838 λέγει
1948 2783 1963 2797 ·

401 2880 422 2914 ε
447 2866 506 2917 Τί
531 2864 712 2917 τούτου
736 2857 1024 2935 λευκότερον
1052 2863 1137 2914 καί
1165 2858 1629 2935 ἀποδειπικώτερον
1657 2862 1847 2931 γένοιτο
1873 2857 1964 2923 ἆν;

401 2955 456 3007 οὐ
477 2956 577 3028 γάρ
611 2951 660 3015 ἓξ
690 2951 963 3006 ίλαττόνων
1000 2950 1206 3019 βελτίων
1240 2951 1456 3021 γέγονεν,
1483 2950 1605 3003 ἀλλά
1633 2949 1817 3020 μᾶλλον
1844 2950 1965 3010 Θεὸς

402 3047 669 3117 ὃπάρχων,
703 3048 793 3097 τοῦ
835 3040 1012 3096 δούλου
1061 3046 1252 3116 μορφὴν
1288 3038 1487 3103 ἔλαϐεν,
1513 3043 1598 3093 καί
1623 3042 1672 3094 ἐν
1700 3048 1771 3111 τῷ
1798 3041 1966 3094 λαϐεῖν

403 3137 489 3189 οὐκ
514 3135 794 3193 ίεελτιῶθη,
814 3131 918 3185 ἀλλ’
933 3134 1266 3186 ίταπείνωσεν
1288 3130 1481 3186 ἔαυτόν.
1496 3149 1514 3181 ι
1541 3135 1632 3185 Καὶ
1648 3131 1759 3197 μετ’
1781 3132 1961 3203 ὀλίγον’

401 3239 426 3278 s
451 3228 510 3278 Ti
533 3216 584 3279 δί
614 3223 762 3277 τοῦτό
799 3223 964 3287 ἔστιν,
992 3221 1022 3280 ἦ
1050 3221 1134 3275 τὸν
1161 3222 1210 3273 ἐν
1235 3229 1396 3295 μορφῇ
1430 3227 1559 3275 Θεοῦ
1591 3218 1729 3283 ὄντα,
1756 3224 1839 3277 καὶ
1885 3223 1965 3275 εῦ-

406 3322 569 3388 ιενοῦς
595 3318 791 3389 πατρὸς
818 3314 924 3367 υἱὸν
965 3317 1276 3366 ταπεινῶσαι
1305 3310 1501 3372 ἑαυτὸν,
1533 3312 1616 3363 καί
1641 3308 1814 3364 δοῦλον
1856 3312 1961 3364 ἀνθ’

403 3410 538 3478 ὑμῶν
556 3410 639 3459 καί
665 3406 795 3478 ὑπὲρ
822 3405 959 3473 ἡμῶν
985 3403 1215 3471 γενέσθαι
1230 3417 1244 3464 ;
1259 3419 1277 3450 ι
1306 3403 1405 3455 Καὶ
1429 3401 1538 3471 μετ’
1555 3400 1764 3472 ὀλίγον’(
1786 3410 1842 3453 ‘0
1860 3405 1960 3475 γὰρ

405 3498 542 3570 ιόγος
569 3497 694 3567 σὰρξ
723 3496 933 3565 ίγίνετο,
958 3496 1042 3547 καί
1091 3493 1290 3562 λέγεται
1314 3490 1392 3545 ὅτι
1415 3496 1439 3543 ὁ
1459 3498 1683 3550 τοιοῦτος
1707 3489 1960 3569 ἅνθρωπος

406 3589 453 3652 ἐξ
481 3590 714 3663 οὐρανοῦ,
745 3588 828 3639 καί
858 3585 1168 3649 ἐπουράνιος,
1197 3582 1281 3637 διά
1316 3583 1373 3636 τὸ
1410 3583 1458 3646 ἐξ
1503 3585 1719 3655 οὐρανοῦ
1748 3582 1962 3638 unaSt-

406 3678 605 3737 ϐητιίναι
630 3676 716 3730 τὸν
743 3673 908 3743 λόγον.
930 3690 947 3722 i

471 3765 613 3821 Ἀλλά
636 3768 722 3820 καί
751 3764 776 3818 ό
802 3767 852 3818 ἐν
877 3763 1036 3834 ἁγίοις
1072 3760 1344 3833 Γρηγόριος
1385 3758 1411 3812 ὃ
1450 3759 1722 3818 ἐπίσκοπος
1762 3759 1972 3818 Νύσσης

406 3847 534 3898 κατά
569 3847 803 3913 εὐνομίου
833 3846 883 3896 ἑν
915 3852 986 3911 τῷ
1009 3848 1165 3919 τρίτῳ
1204 3844 1331 3914 λόγῳ
1362 3842 1522 3902 οὕτως
1553 3844 1713 3913 λέγει’
1747 3861 1765 3894 ε
1797 3851 1972 3900 Ταῦτα

404 3938 525 4005 περὶ
559 3936 644 3988 τὸν
687 3934 1065 4008 ἐσταυρωμένον
1110 3936 1256 4002 ἡμεῖς
1298 3935 1736 4004 πεπιστεύκαμεν
1771 3940 1853 3990 καί
1890 3936 1974 3992 διά

406 4028 557 4075 τοῦτο
604 4019 985 4095 ὑπερυψοῦντες
1027 4023 1154 4075 κατά
1195 4020 1255 4076 ’τὸ
1298 4023 1537 4095 ἡμέτερον
1585 4030 1676 4081 τῆς
1718 4022 1975 4094 δυνάμεως

398 4112 589 4184 ,μέτρον
622 4113 709 4165 οὐκ
753 4112 1095 4182 ἀπολήγομεν,
1127 4109 1204 4165 ὅτι
1241 4110 1267 4165 ό
1300 4110 1472 4181 μηδενί
1506 4114 1745 4185 χωρητὸς
1781 4113 1863 4168 διὰ
1888 4120 1975 4173 τήν

412 4200 669 4274 ἄφραστον
689 4204 842 4257 αὐτοῦ
863 4206 949 4256 καὶ
965 4203 1240 4276 ἀπρόσιτον
1258 4202 1641 4275 μεγαλειότητα.
1661 4205 1788 4263 πλὴν
1807 4205 1977 4278 ἐαυτῷ

412 4296 495 4347 καί
520 4290 592 4365 τῷ
620 4296 795 4369 Πατρί,
818 4296 991 4363 καὶτῷ
1016 4296 1266 4363 Πνεῦματι
1288 4302 1359 4366 τῷ
1385 4292 1531 4366 ἁγίῳ,
1564 4292 1712 4355 οὗτος
1741 4299 1823 4351 καί
1847 4300 1976 4370 πρὸς

414 4385 661 4436 κοινωνίαν
688 4390 778 4440 τῆς
813 4384 1073 4442 ἀσθενείας
1114 4385 1252 4441 ἡμῶν
1282 4384 1534 4437 κατελθεῖν
1567 4382 1809 4442 ἠδυνήθησ
1847 4385 1893 4438 οί
1920 4384 1972 4439 δὲ

2067 1959 2426 2013 interventum
2467 1956 2656 2009 anima:
2693 1956 2979 2025 spiritualis
3016 1956 3155 2010 inter
3203 1956 3530 2012 divinitatem
3578 1970 3635 2012 et

2068 2051 2246 2106 carnis
2275 2049 2571 2103 crassitiem
2598 2048 2806 2101 medius
2848 2048 3168 2103 continetur.
3210 2048 3309 2114 Qui
3340 2048 3633 2120 locupletes

2067 2143 2202 2197 alios
2236 2141 2407 2204 ditat,
2450 2147 2767 2209 paupertate
2814 2138 3076 2193 afﬁcitur:
3117 2140 3290 2195 carnis
3318 2140 3457 2194 enim
3502 2156 3633 2193 mea:

2065 2241 2432 2304 paupertatem
2476 2230 2674 2293 sumit,
2707 2237 2767 2283 ut
2793 2243 2894 2297 ego
2933 2229 3223 2283 divinitatis
3259 2230 3397 2284 illius
3424 2229 3633 2283 divitias

2063 2337 2378 2390 consequar.
2411 2320 2479 2374 Et
2505 2320 2596 2389 qui
2625 2319 2813 2389 plenus
2836 2327 2955 2384 est,
2986 2320 3289 2375 exinanitur
3323 2332 3337 2373 :
3367 2335 3460 2374 sua
3489 2322 3631 2374 enim

2068 2413 2236 2481 gloria
2257 2411 2321 2465 ad
2343 2413 2504 2466 breve
2528 2419 2734 2478 tempus
2754 2410 3074 2476 exinanitur,
3099 2418 3159 2464 ut
3178 2424 3278 2477 ego
3295 2409 3635 2480 plenitudinis

2070 2503 2237 2571 ipsius
2263 2501 2531 2570 particeps
2557 2498 2775 2553 elﬁciar.
2816 2517 2835 2550 ι

2139 2592 2241 2645 Sed
2270 2600 2489 2645 sanctus
2525 2591 2687 2644 etiam
2733 2590 3055 2645 Athanasius
3095 2603 3369 2659 exponens
3395 2604 3457 2644 ea
3489 2590 3634 2659 Apo-

2067 2682 2189 2736 stoli
2221 2682 2381 2735 verba
2413 2698 2425 2733 :
2460 2678 2558 2744 Qui
2586 2696 2700 2733 cum
2733 2681 2788 2733 in
2820 2682 2985 2751 forma
3031 2678 3127 2733 Dei
3167 2690 3324 2746 esset,
3355 2681 3635 2735 exinanivit

2068 2775 2390 2842 semetipsum
2416 2813 2432 2838 ,
2479 2774 2700 2841 formam
2738 2772 2866 2824 servi
2908 2772 3166 2840 accipiens
3205 2786 3222 2824 :
3261 2771 3375 2824 haec
3407 2771 3633 2825 scribit:

2074 2883 2091 2915 ε
2123 2864 2257 2929 Quid
2296 2864 2398 2917 hoc
2425 2859 2620 2915 clarius
2647 2869 2741 2912 aut
2783 2859 3056 2929 probatius
3092 2873 3210 2913 esse
3241 2860 3483 2927 poterit?
3519 2858 3633 2911 Non

2068 2954 2210 3007 enim
2233 2967 2301 3005 ex
2321 2951 2592 3005 deteriore
2616 2949 2807 3003 melior
2852 2947 3019 3002 factus
3048 2957 3150 3011 est,
3175 2948 3266 3002 sed
3294 2949 3489 3017 potius,
3514 2964 3634 3003 cum

2066 3041 2207 3097 Deus
2234 3049 2398 3106 esset,
2429 3039 2567 3094 servi
2595 3039 2827 3108 speciem
2863 3039 3177 3107 assumpsit;
3209 3052 3380 3107 neque
3404 3038 3456 3091 in
3484 3053 3635 3091 aSStf-

2067 3132 2260 3188 mendo
2292 3131 2603 3185 melioratus
2629 3136 2744 3195 est,
2772 3127 2869 3182 sed
2896 3127 3190 3181 humiliavit
3215 3129 3573 3197 semetipsum.
3615 3145 3633 3179 ι

2069 3224 2135 3277 Et
2182 3230 2302 3292 post
2350 3236 2519 3290 pauca
2551 3238 2565 3274 :
2604 3239 2623 3272 ι
2660 3219 2800 3286 Quid
2828 3219 2933 3275 hoc
2960 3228 3043 3273 est
3078 3229 3277 3285 autem,
3306 3235 3465 3290 quam
3492 3236 3637 3287 eum,

2067 3315 2158 3385 qui
2212 3316 2267 3369 in
2330 3314 2499 3369 forma
2552 3312 2646 3367 Dei
2700 3321 2845 3368 esset
2894 3312 3191 3381 nobilisque
3233 3310 3406 3366 Patris
3454 3312 3639 3379 Filius,

2067 3408 2373 3462 humiliasse
2400 3408 2762 3477 semetipsum,
2790 3414 2846 3462 et
2869 3421 3081 3461 servum
3128 3423 3226 3476 pro
3262 3408 3416 3463 nobis
3442 3408 3639 3463 factum

2067 3496 2213 3552 esse?
2246 3517 2264 3549 ε
2300 3497 2608 3568 Rursusque
2637 3505 2756 3566 post
2788 3511 2956 3566 pauca
2990 3513 3003 3548 :
3042 3514 3060 3547 ι
3089 3495 3320 3551 Verbum
3349 3498 3489 3552 enim
3514 3514 3640 3553 caro

2070 3586 2272 3642 factum
2301 3596 2415 3653 est,
2445 3588 2746 3655 diciturque
2792 3597 3074 3657 propterea
3104 3586 3191 3641 hic
3221 3587 3382 3643 homo
3407 3590 3475 3644 de
3502 3591 3640 3645 cmln

2082 3677 2536 3746 etcmlestis,quia
2550 3674 2968 3747 Verbumipsum
3006 3676 3073 3730 de
3115 3678 3252 3732 caelo
3285 3678 3579 3734 descendit.
3617 3701 3634 3732 ε

2144 3767 2371 3821 Sanctus
2409 3765 2611 3834 pariter
2645 3763 2932 3832 Gregorius
2973 3765 3252 3837 Nysstcnus
3281 3769 3333 3822 in
3365 3771 3519 3825 tertio
3548 3773 3637 3824 ad-

2072 3872 2257 3912 versus
2303 3854 2617 3908 Eunomium
2668 3855 2804 3909 libro
2848 3855 3061 3911 disserit
3105 3858 3157 3911 in
3190 3859 3333 3913 hunc
3378 3861 3637 3916 modum:

2079 3965 2098 3997 ε
2136 3944 2259 3999 Hac
2308 3944 2407 4013 ipsi
2449 3944 2517 3997 de
2559 3944 2825 3999 Crucilixo
2864 3945 3182 4000 credidimus
3217 3966 3228 3999 :
3266 3948 3446 4017 itaque
3485 3949 3638 4017 juxta

2071 4034 2301 4105 propria:
2328 4033 2541 4087 virtutis
2566 4049 2869 4087 mensuram
2900 4034 3071 4103 ipsum
3101 4036 3360 4091 extollere
3388 4054 3493 4091 non
3522 4054 3639 4093 ces-

2070 4142 2250 4183 samus
2276 4144 2290 4179 :
2319 4126 2461 4197 quod
2497 4126 2698 4181 scilicet
2725 4128 2795 4182 ob
2824 4127 3160 4191 ineli‘abilem,
3192 4130 3638 4189 inaccessibilem-

2070 4231 2175 4287 que
2202 4214 2642 4284 magniﬁcentiam
2671 4231 2819 4269 suam
2852 4217 3105 4273 indivisus
3129 4233 3159 4273 a
3188 4217 3345 4275 Patre
3373 4222 3553 4288 etiam,
3585 4236 3638 4279 et

2066 4321 2096 4360 a
2128 4305 2327 4376 Spiritu
2373 4314 2559 4360 sancto
2605 4305 2673 4359 ad
2716 4316 2911 4360 nostra:
2957 4305 3280 4365 inﬁrmitatis
3307 4314 3638 4368 communio-

2065 4411 2188 4450 nem
2216 4395 2470 4451 advenire
2513 4398 2747 4464 potuerit
2780 4414 2792 4447 :
2826 4397 2899 4451 illi
2925 4407 3102 4452 autem
3127 4438 3143 4463 ,
3177 4401 3228 4454 id
3267 4414 3637 4470 argumentum

410 4476 600 4532 ταύτην
626 4472 877 4538 ἀπόδειξιν
901 4482 991 4533 τῆς
1019 4478 1147 4529 κατά
1179 4479 1268 4532 τήν
1298 4476 1445 4543 φύσιν
1474 4476 1856 4547 ἀλλοτριότητος
1884 4483 1968 4531 τοῦ

2069 4506 2185 4545 esse
2208 4499 2397 4545 natura
2437 4492 2803 4547 extraneitatis
2854 4493 2972 4548 Filii
3000 4510 3031 4549 a
3061 4494 3218 4551 Patre
3263 4500 3590 4554 constituunt
3620 4518 3632 4552 :

411 4562 528 4619 Υίοῦ
572 4567 702 4639 πρὸς
746 4566 833 4619 τὸν
862 4568 1061 4640 Πατέρα
1110 4571 1391 4627 ποιοῦνται,
1429 4568 1487 4620 τὸ
1541 4565 1623 4620 διά
1672 4570 1859 4641 σαρκὸς
1896 4571 1977 4622 καί

410 4661 640 4729 σταυροῦ
665 4657 999 4729 φανερωθῆναι
1025 4656 1107 4711 τὸν
1132 4658 1330 4730 Κύριον
1362 4659 1429 4716 ὡς
1446 4666 1535 4717 τῆς
1559 4661 1649 4727 μίν
1668 4665 1757 4713 τοῦ
1787 4662 1977 4735 Πατρὸς

410 4742 609 4814 φύσεως
655 4747 880 4817 καθαρῶς
926 4747 977 4799 ἐν
1011 4746 1229 4818 ἀπαθείᾳ
1268 4745 1629 4817 διαμενούσης,
1680 4750 1763 4802 καί
1804 4748 1978 4820 μηδενί

408 4835 586 4909 τρόπῳ
624 4841 714 4893 τὴν
742 4838 872 4910 πρὸς
900 4837 959 4890 τὸ
991 4835 1152 4894 πάθος
1180 4841 1428 4891 κοινωνίαν
1464 4838 1793 4904 ἀναδέξασθαι
1827 4838 1978 4894 δυνά-

413 4930 581 4996 μένης.
612 4934 702 4983 τοῦ
729 4928 782 4983 δί
807 4930 932 4983 Υίοῦ
962 4926 1044 4983 διὰ
1072 4930 1131 4983 τό
1164 4930 1290 5002 πρὸς
1318 4930 1375 4985 τὸ
1399 4935 1761 5005 ταπεινὼτερον
1781 4934 1980 5007 παρηλ-

412 5018 604 5091 λάχθαι
642 5025 732 5079 τήν
771 5024 942 5093 φύσιν,
985 5023 1111 5095 πρὸς
1138 5023 1326 5095 σαρκός
1350 5043 1405 5076 τε
1436 5026 1519 5077 καὶ
1558 5026 1767 5079 θανάτου
1792 5035 1974 5099 πεῖραν

415 5112 506 5163 οῦκ
523 5110 885 5174 ἀδυνατοῦντος
906 5114 1077 5169 ἐλθεῖν.
1099 5134 1117 5165 ε
1135 5118 1228 5168 Καὶ
1247 5115 1350 5183 μεθ’
1369 5115 1538 5185 ἕτερα·
1560 5133 1578 5165 ε
1600 5118 1688 5170 Διά
1708 5124 1859 5173 τοῦτο
1880 5121 1979 5193 γὰρ

416 5205 501 5256 καί
524 5200 617 5257 τοῦ
640 5208 825 5276 Κυρίου
849 5213 940 5265 τῆς
969 5203 1116 5270 δόξης
1150 5205 1175 5260 ό
1217 5208 1436 5281 σταυρὸς
1470 5207 1692 5277 λέγεται,
1725 5213 1806 5263 καί
1838 5216 1981 5265 πᾶσα

414 5294 626 5364 ’γλῶσσα
657 5295 1050 5366 ἐξομολογεῖται,
1090 5296 1168 5353 ὅτι
1194 5299 1375 5373 Κύριος
1408 5297 1606 5357 Ἰησοῦς
1647 5302 1863 5371 Χριστὸς
1905 5305 1977 5362 εἰς

415 5383 564 5451 δᾶξκν
606 5395 729 5442 Θεοῦ
766 5389 980 5463 Πατρός.
1011 5393 1066 5444 Ei
1094 5388 1148 5444 δέ
1179 5396 1288 5465 χρὴ
1323 5393 1409 5444 καί
1445 5394 1512 5447 τά
1555 5393 1705 5447 λοιπά
1738 5396 1867 5449 κατά
1896 5396 1981 5448 τίν

410 5480 560 5535 αὐτὸν
587 5478 763 5534 διελεῖν
788 5482 995 5553 τρόπον,
1023 5480 1315 5553 σκεψόμεθα
1339 5484 1389 5536 τί
1415 5484 1470 5537 τό
1489 5485 1814 5546 ἀποθνῆσκον,
1834 5487 1979 5539 miri

412 5562 473 5615 τὸ
500 5560 744 5614 καταλῦον
772 5562 856 5614 τὸν
883 5560 1108 5623 θάνατον,
1135 5565 1218 5616 καί
1255 5566 1306 5617 τί
1337 5566 1396 5618 τὸ
1424 5569 1855 5637 ἀνακαινούμενον,
1882 5576 1967 5625 καί

413 5648 466 5704 τί
490 5648 552 5703 τὸ
577 5648 886 5716 κινούμενον*
909 5653 1130 5704 κενοῦται
1152 5650 1241 5718 μέν
1263 5652 1358 5725 γὰρ
1386 5654 1416 5710 ἢ
1441 5653 1632 5722 θεότης,
1649 5657 1731 5709 ἶνα
1755 5664 1966 5733 χωριετὴ

413 5747 477 5812 τῇ
500 5740 780 5814 ἀνθρωπίνῃ
806 5739 1005 5810 γένηται
1029 5740 1191 5811 φύσει·
1223 5742 1569 5801 ἀνακαινοῦται
1608 5746 1662 5802 δέ
1690 5748 1747 5801 τό
1786 5751 1968 5822 ἀνθρὼ⁴

415 5838 553 5884 τῆνον
582 5828 661 5887 διὰ
690 5850 778 5888 της
807 5830 929 5905 πρὸς
953 5830 1011 5883 τὸ
1026 5831 1150 5884 θεῖον
1177 5833 1502 5907 ἀνακράσεως
1518 5838 1640 5890 θεῖον
1661 5840 1962 5910 γινόμενον.»

488 5922 575 5973 lxi
600 5927 763 5974 ταῦτα
792 5920 877 5989 μὲν
895 5919 947 5971 ἐκ
970 5930 1057 5980 τῆς
1083 5921 1404 5987 διδασκαλίας
1435 5933 1530 5980 τῶν
1559 5927 1712 5991 ἁγίων
1735 5933 1963 5999 πατέρων

2072 4583 2382 4650 apparuisse
2410 4583 2656 4638 nimirum
2686 4585 2891 4640 aientes
2919 4586 3200 4642 Dominum
3227 4603 3324 4658 per
3345 4604 3561 4645 carnem
3582 4599 3638 4646 et

2071 4685 2305 4734 crucem,
2334 4671 2406 4724 ita
2435 4681 2494 4725 ut
2514 4682 2737 4741 paterna
2769 4682 2958 4729 natura
2988 4676 3040 4729 in
3062 4676 3485 4745 impassibilitate
3509 4694 3635 4747 per-

2070 4770 2338 4823 manente,
2382 4762 2632 4831 nullaque
2680 4764 2888 4820 ratione
2916 4766 3180 4835 passionis
3206 4770 3635 4825 communionem

2070 4850 2340 4919 suscipere
2369 4854 2610 4920 potenti,
2641 4853 2835 4920 Filius,
2870 4856 3278 4928 transformatns
3308 4860 3360 4913 in
3388 4860 3643 4917 humilim

2068 4953 2183 4993 rem
2210 4948 2472 5006 naturam,
2491 4956 2588 5010 per
2609 4958 2822 4997 carnem
2848 4953 2903 4998 et
2924 4955 3150 5001 mortem
3173 4950 3390 5004 minime
3410 4950 3639 5019 incaan

2068 5031 2333 5099 passionis
2360 5032 2653 5088 advenerit.
2683 5054 2703 5086 ›
2731 5033 2801 5088 Et
2828 5045 2948 5105 post
2976 5039 3097 5103 alia,
3125 5041 3299 5095 subdit
3331 5058 3345 5094 ε
3381 5061 3401 5094 ε
3434 5041 3636 5099 idcirco

2071 5119 2230 5183 enim,
2256 5126 2311 5174 et
2339 5118 2544 5174 Domini
2570 5121 2751 5188 gloriae
2780 5139 2911 5179 crux
2938 5127 3147 5193 dicitur,
3178 5140 3233 5184 et
3261 5132 3434 5186 omnis
3459 5133 3638 5202 lingua

2072 5203 2351 5261 Dominum
2393 5205 2573 5262 Jesutn
2610 5208 2876 5266 Christum
2902 5215 2953 5267 in
3000 5218 3165 5283 gloria
3196 5217 3287 5273 Dei
3320 5218 3491 5278 Patris
3517 5238 3636 5278 esse

2071 5293 2375 5349 conﬁtetur.
2405 5295 2643 5366 Namque
2670 5300 2715 5353 si
2744 5312 2935 5369 cmtera
2965 5306 3122 5357 etiam
3149 5307 3338 5361 eodem
3369 5312 3528 5366 modo
3555 5312 3633 5366 di-

2072 5385 2255 5439 videre
2280 5396 2545 5455 oporteat,
2576 5390 2694 5458 quis
2720 5393 2790 5445 sit
2818 5393 2904 5447 iile
2930 5395 3017 5461 qui
3047 5404 3289 5454 mortuus
3317 5407 3402 5454 est
3428 5405 3635 5472 prospi-

2072 5475 2300 5543 ciemus,
2329 5477 2447 5545 quis
2473 5478 2563 5546 qui
2599 5489 2823 5535 mortem
2864 5482 3163 5541 dissolverit
3189 5505 3206 5540 :
3234 5496 3289 5543 et
3315 5490 3441 5557 quid
3469 5507 3633 5547 reno-

2071 5573 2288 5633 vatum,
2316 5567 2442 5638 quid
2472 5577 2649 5623 autem
2696 5573 3041 5628 exinanitum.
3091 5575 3404 5636 Exinanitur
3437 5584 3634 5653 quippe

2072 5656 2339 5724 divinitas,
2370 5668 2427 5713 ut
2454 5660 2796 5718 humanitatis
2819 5666 3163 5735 suscipienda:
3184 5685 3353 5740 capax
3383 5672 3505 5738 llat;
3537 5675 3635 5728 hu—

2075 5748 2303 5802 manitas
2347 5756 2526 5803 autem
2575 5760 2794 5822 propter
2853 5757 3282 5813 commixtionem
3346 5760 3635 5820 divinitatis

2075 5838 2251 5891 divina
2281 5836 2469 5892 elfeeta
2500 5849 2799 5895 renovatur.
2837 5861 2855 5894 ›

2145 5931 2316 5999 Atque
2342 5929 2455 5987 hac
2483 5947 2581 5989 nos
2617 5932 2826 6002 quidem
2864 5950 2931 5990 ex
2960 5946 3262 5994 sanctorum
3290 5938 3507 5997 Patrum
3531 5940 3632 6015 ᾀσ-
