4088 6564
531 408 658 472 Ῑίίῖί

1836 419 2264 482 JUleNLlNl
2315 424 2464 485 IMP.

3631 433 3776 497 1072

515 541 818 608 τωείκαμεν,
842 542 924 594 ἵνα
969 549 1133 597 ταῦτα
1169 551 1526 604 κατανοοῦντες
1555 549 1747 616 γνοίητε
1777 549 1841 606 ὡς
1872 550 1936 600 τὰ
1968 567 2069 619 παρ

2197 548 2366 602 ctrina
2394 548 2808 618 proposuimus,
2850 557 2906 602 ut
2943 564 3005 604 ea
3048 551 3404 620 percipientes
3440 551 3770 619 intelligatis,
3813 559 3821 591 τ

514 633 656 696 ὑμῶν
680 634 1032 703 προτεθειμένα
1049 675 1064 700 ,
1090 639 1175 688 καί
1202 634 1464 710 ’Δρειανοὶ,
1503 641 1584 691 καὶ
1613 649 1778 712 Νεστο.
1804 640 1932 692 ιανοί
1960 641 2088 692 κατὰ

514 728 603 774 τοῦ
626 728 802 793 κυρίου
827 729 910 776 καί
939 731 1064 780 Θεοῦ
1095 727 1231 795 ἡμῶν
1257 725 1424 784 Ἰησοῦ
1455 735 1675 802 Χριστοῦ
1703 729 1934 799 λέγουσιν
1959 731 2085 783 ἀσε-

514 809 635 871 ϐῶς.
657 813 716 865 Οἱ
743 814 833 882 μέν
854 815 950 888 γάρ
974 812 1213 891 ’Δρειανοί
1238 814 1610 879 σπουδάζοντες
1635 817 1720 870 τὸν
1741 819 1846 870 υίὸν
1873 821 2084 887 κτίσμα,

512 906 598 958 καί
638 903 896 977 ἀλλότριον
935 913 1026 964 τῆς
1065 915 1313 982 πατρικῆς
1362 909 1536 967 οὑσίας
1578 906 1868 971 ἀποδεῖξαι,
1905 911 1990 962 καί
2030 909 2088 962 τό

511 996 691 1060 πάθος,
705 1000 864 1051 καὶτὰ
885 994 1008 1052 ἄλλα
1025 1004 1091 1052 τὰ
1114 1000 1325 1053 ταπεινά
1346 1009 1407 1073 τῇ
1427 1001 1623 1058 Θεότητι
1647 1003 1796 1056 αὑτοῦ
1827 1002 1952 1072 μόνῃ
1968 1003 2087 1058 ἐπά-

509 1110 700 1158 γουσιν,
745 1091 790 1142 οί
818 1088 870 1143 δὲ
897 1093 1215 1166 Νεστοριανοί
1243 1089 1333 1145 δύο
1369 1093 1508 1151 υίοὺς
1535 1095 1750 1161 ε’σάγειν
1776 1094 2081 1163 βουλόμενοι,

509 1183 898 1254 κεχωρισμένως
922 1183 1126 1252 λέγουσι
1155 1184 1239 1238 τίν
1266 1184 1385 1237 Θεὸν
1409 1183 1569 1253 λόγον,
1592 1187 1673 1236 καί
1693 1185 2084 1257 κεχωρισμένως

509 1273 595 1326 τὸν
624 1274 838 1345 Χριστὸν
874 1273 1014 1343 ψιλὸν
1052 1272 1331 1348 ἄνθρωπον,
1363 1277 1446 1328 καί
1473 1275 1605 1344 μόνῳ
1649 1282 1722 1345 τῷ
1751 1277 1994 1350 ἀνθρώπῳ
2020 1277 2085 1331 τά

508 1365 718 1416 ταπεινὰ
747 1366 1109 1435 ἀπονέμουσιν.
1149 1364 1270 1420 Ἀλλ’
1293 1367 1391 1435 οὑχ
1432 1367 1592 1424 ο’”τως
1620 1366 1666 1418 οί
1694 1364 1826 1438 ἅγιοι
1864 1369 2084 1440 πατέρες

506 1452 852 1509 διδάσκουσιν
885 1455 998 1510 οὐδὲ
1043 1459 1142 1528 γάρ
1174 1455 1256 1511 διὰ
1288 1460 1347 1510 τὰ
1390 1461 1605 1512 ταπεινά
1634 1464 1824 1532 τροπήν
1853 1459 2081 1530 λέγουσιν

508 1556 599 1606 τῆς
621 1555 715 1602 τοῦ
743 1549 856 1600 υίοῦ
888 1551 1138 1613 θεότητος,
1173 1547 1283 1602 οὐδὲ
1307 1546 1391 1603 διὰ
1422 1550 1484 1603 τά
1520 1549 1688 1619 ὑψηλὰ
1715 1549 1969 1626 διαιροῦσι
1993 1561 2080 1609 τήν

507 1637 870 1713 ἀνθρωπότητα
894 1647 984 1698 τῆς
1011 1641 1264 1706 θεότητος,
1296 1641 1418 1696 ἀλλά
1445 1647 1534 1696 τοῦ
1566 1642 1672 1702 ἑνὸς
1700 1646 1782 1704 καί
1808 1649 1896 1696 τοῦ
1925 1646 2079 1697 αὑτοῦ

506 1738 796 1803 μονογενοῦς
835 1736 962 1785 Θεοῦ
1003 1731 1152 1800 λόγου
1204 1734 1594 1802 σεσαρκωμὲνου
1640 1736 1720 1787 καὶ
1765 1735 2080 1806 ἕνανορωπή-

504 1841 710 1884 σαντος,
739 1823 820 1874 καί
870 1822 939 1875 τά
987 1820 1180 1890 ὑψηλά,
1211 1822 1294 1874 καί
1333 1823 1400 1875 τά
1449 1823 1659 1876 ταπεινὰ
1700 1819 1823 1879 εἶναι
1860 1823 2076 1900 παραδιο

503 1909 697 1966 δόασιν.

567 2088 766 2152 Ἐπειδὴ
794 2091 847 2148 δὲ
874 2097 957 2148 καί
993 2100 1141 2150 τοῦτο
1164 2102 1275 2154 τοῖς
1302 2095 1566 2171 ὑμετέροις
1595 2097 1889 2154 ἔντεθείκατε
1929 2118 2076 2171 κεφα-

503 2181 658 2244 λαίοις
687 2184 740 2237 ἔκ
770 2192 860 2244 τῆς
888 2186 1046 2245 αὑτῆς
1076 2185 1366 2250 ἐπιστολῆς,
1396 2184 1474 2241 ὅτι
1500 2189 1661 2250 καλῶς
1691 2185 1827 2242 εἶπεν
1859 2187 1950 2242 δύο
1986 2197 2080 2259 φι-

504 2293 646 2340 σεις,
690 2277 806 2344 μίαν
856 2277 1120 2339 ἔξουσίαν,
1154 2274 1204 2328 ἓν
1243 2277 1550 2350 πρόσωπον,
1578 2281 1662 2332 καί
1696 2279 1745 2331 ἄν
1784 2281 1951 2350 τούτῳ
1988 2285 2078 2336 τήν

501 2385 648 2436 rem;
665 2369 740 2422 ίαν
778 2375 871 2423 τοῦ
899 2370 1187 2444 γράψαντος
1212 2375 1304 2428 τήν
1343 2372 1610 2430 ἐπιστολήν
1650 2369 1990 2443 διελέγξωμεν.
2020 2371 2077 2427 ⁸0

501 2459 598 2532 γὰρ
625 2463 692 2528 μή
722 2458 1004 2532 ὁμολογῶν,
1033 2457 1110 2514 ὅτι
1135 2461 1285 2520 αὑτός
1313 2455 1338 2511 ὃ
1365 2461 1486 2520 Θεὸς
1529 2461 1672 2531 λόγος
1717 2464 1991 2536 σαρκωθιίς
2021 2465 2076 2516 ἐκ

500 2558 590 2609 τῆς
614 2553 863 2624 παρ’ἑνου
890 2554 1286 2621 ἐνηνθρώπησεν,
1313 2556 1448 2613 τίνος
1477 2557 1569 2614 τὰς
1594 2552 1685 2608 δύο
1713 2559 1889 2627 φύσεις
1916 2559 2074 2629 λέγεε;

503 2637 641 2696 Ἀλλά
666 2643 934 2718 πρόδηλον,
962 2643 1043 2700 ὅτι
1069 2647 1181 2700 ἀντί
1203 2647 1492 2720 προσῶπων
1517 2648 1611 2707 τὰς
1639 2645 1730 2702 δύο
1759 2649 1932 2720 φύσεις
1959 2651 2076 2719 iap-

502 2731 658 2795 Cs'mt,
684 2736 815 2787 κατὰ
841 2734 1105 2811 Νεστόριον
1144 2737 1230 2788 καὶ
1255 2734 1527 2812 Θεόδωρον,
1553 2736 1643 2796 οὖς
1669 2739 1867 2793 ἐπαινεῖ
1894 2740 1924 2797 ἠ
1951 2741 2075 2795 άσε-

500 2829 593 2889 ϐιὶς
637 2832 764 2888 αύτὴ
803 2832 1062 2889 ἐπιστολή.
1111 2833 1170 2885 Εί
1206 2833 1302 2907 γὰρ
1338 2835 1419 2886 καί
1457 2830 1508 2886 ἓν
1544 2834 1838 2907 πρόσωπον,
1871 2839 1955 2889 καί
1988 2836 2074 2889 ἕνα

499 2919 550 2972 ei
577 2941 603 2972 ν
641 2917 780 2974 δοκεί
814 2920 970 2992 λέγειν
1017 2921 1049 2979 ἡ
1090 2921 1359 2980 ἐπιστολὴ.
1391 2929 1538 2976 τοῦτο
1572 2925 1654 2976 καί
1691 2921 1949 2999 Θεόδωρος
1989 2927 2073 2978 καί

497 3011 767 3083 Νεστόριος
813 3014 900 3064 καί
943 3011 1201 3082 λέγουσιν,
1229 3013 1313 3066 τὸν
1353 3014 1567 3088 Χριστόν
1615 3009 1874 3087 ἄνθρωπον
1919 3013 2070 3083 μόνον

497 3097 720 3170 λέγοντες
765 3102 970 3171 ἐπέχειν
1013 3102 1072 3155 τό
1114 3102 1384 3175 πρόσωπον
1423 3108 1510 3156 τοῦ
1551 3109 1682 3158 Θεοῦ
1726 3104 1896 3176 λόγου,
1927 3102 2068 3174 ἔχειν

495 3195 583 3247 τὴν
612 3191 754 3252 ἀξίαν
793 3193 874 3242 καί
900 3196 989 3248 τήν
1009 3195 1159 3261 τιμὴν
1183 3197 1268 3244 τοῦ
1299 3199 1425 3245 Θεοῦ
1462 3191 1639 3264 λόγου,
1671 3197 1754 3264 καί
1785 3199 1873 3251 τήν
1909 3196 2066 3267 χάριν

2191 655 2253 692 ea
2281 655 2398 708 qua:
2448 641 2732 694 constituta
2762 655 2790 692 a
2822 642 2970 694 vobis
3010 651 3168 707 sunt,
3209 659 3272 696 ca
3301 643 3412 712 ipsa
3444 644 3511 696 ab
3557 644 3770 697 Arianis
3812 647 3817 652 ’

2189 739 2352 797 atque
2373 729 2702 786 Nestorianis
2729 729 2986 786 adversus
3008 732 3288 786 Dominum
3318 739 3559 786 nostrum
3581 730 3769 786 Jesmn

2187 822 2667 892 Cbristumimpie
2731 824 3002 877 sustineri.
3071 824 3252 878 Ariani
3306 824 3509 879 scilicet
3575 821 3774 877 Filium

2187 922 2491 966 creaturam
2521 928 2639 967 esse
2668 925 2826 982 atque
2857 923 3170 969 extraneum
3201 930 3230 967 a
3262 925 3484 983 paterna
3511 914 3770 969 substano

2188 1005 2258 1056 tia
2289 1004 2656 1058 demonstrare
2706 1005 2925 1068 conati,
2972 1006 3276 1074 passionem
3316 1006 3432 1072 ejus
3465 1015 3774 1073 cmteraque

2188 1095 2404 1148 humilia
2454 1096 2553 1148 soli
2587 1095 2823 1148 tribuunt
2868 1095 3163 1158 divinitati;
3216 1094 3518 1148 Nestoriani
3555 1102 3770 1158 contra,

2184 1186 2272 1252 qui
2303 1186 2437 1240 duos
2486 1187 2735 1240 invehere
2784 1186 2919 1239 ﬁlios
2965 1187 3223 1252 nituntur,
3273 1187 3559 1256 separatim
3597 1186 3770 1240 Deum

2190 1274 2447 1342 Verbum,
2475 1276 2868 1345 separatimque
2907 1292 3096 1344 purum
3129 1277 3398 1330 hominem
3426 1278 3768 1347 proﬁtentur,

2183 1379 2408 1434 qumque
2457 1366 2521 1418 ad
2576 1366 2930 1420 humilitatem
2976 1367 3248 1436 pertinent
3317 1367 3583 1434 passionis
3646 1367 3771 1421 solo

2184 1455 2385 1507 homini
2415 1454 2766 1521 adjudicanda
2794 1470 2911 1509 esse
2940 1454 3254 1509 decernunt.
3283 1455 3481 1510 Verum
3512 1473 3618 1511 non
3649 1457 3772 1511 bam

2183 1560 2212 1596 a
2240 1545 2438 1598 sanctis
2467 1544 2713 1600 Patribus
2738 1546 2998 1602 docemur
3028 1563 3040 1598 :
3072 1561 3247 1616 neque
3276 1547 3418 1602 enim
3444 1563 3508 1602 ex
3536 1548 3618 1602 bis
3645 1563 3772 1618 quae

2182 1634 2412 1690 demisse
2440 1637 2579 1690 dicta
2607 1645 2730 1690 sunt
2757 1637 3051 1693 divinitatis
3080 1638 3198 1692 Filii
3232 1640 3639 1696 conversionem
3669 1642 3770 1694 ad-

2182 1727 2418 1790 mittunt,
2449 1728 2900 1794 quemadmodum
2932 1745 3104 1798 neque
3132 1745 3199 1784 ex
3226 1731 3542 1787 sublimibus
3566 1733 3765 1787 divini-

2182 1823 2346 1868 tatem
2375 1815 2620 1871 dividunt
2643 1818 2709 1872 ab
2739 1817 3090 1884 humanitate,
3117 1821 3206 1875 sed
3233 1821 3299 1876 de
3325 1838 3430 1875 uno
3458 1823 3761 1892 eodemque

2113 1912 2153 1968 ﬁ
2183 1904 2292 1959 Deo
2324 1904 2500 1963 Verbo
2529 1907 2804 1963 incarnato
2855 1910 3179 1980 homineque
3208 1910 3348 1966 facto
3379 1919 3488 1968 tam
3512 1914 3764 1969 sublimia

2179 2009 2338 2063 quam
2368 1995 2585 2050 humilia
2615 1997 2755 2052 dicta
2788 2015 2906 2054 esse
2937 2001 3286 2056 tradiderunt.

2251 2083 2383 2138 Cum
2413 2093 2592 2139 autem
2642 2085 2694 2139 in
2723 2088 2915 2142 vestris
2957 2088 3145 2146 iisdem
3190 2092 3454 2161 capitibus
3481 2092 3586 2148 hoc
3612 2091 3766 2162 adjec

2180 2175 2358 2230 ceritis
2382 2176 2544 2228 etiam
2569 2217 2590 2243 ,
2615 2191 2682 2232 ex
2721 2178 2906 2232 eadem
2936 2178 3186 2234 haustum
3217 2182 3436 2250 cpistola
3463 2221 3478 2247 ,
3510 2191 3657 2238 recte
3685 2183 3765 2241 ibi

2179 2264 2310 2318 duas
2338 2273 2586 2330 naturas,
2620 2268 2830 2322 unicam
2863 2276 3042 2322 autem
3075 2285 3385 2338 personam,
3418 2274 3626 2328 unicam
3656 2289 3762 2344 po-

2181 2361 2426 2407 tcstatem
2455 2354 2588 2420 diei,
2615 2356 2754 2410 circa
2801 2356 3031 2426 idipsum
3065 2374 3280 2428 quoque
3313 2361 3450 2416 illius
3475 2363 3760 2432 scriptoris

2178 2451 2512 2520 impietatem
2551 2469 2728 2523 operte
2773 2456 3002 2524 pretium
3031 2458 3134 2511 erit
3161 2458 3434 2529 detegere.
3483 2461 3584 2527 Qui
3612 2463 3756 2518 enim

2179 2566 2282 2602 non
2313 2547 2598 2604 conﬁtetur
2641 2549 2806 2604 Deum
2837 2551 3068 2608 Verbum
3106 2553 3439 2611 incarnatum
3475 2573 3546 2613 ex
3587 2558 3758 2617 Maria

2177 2638 2432 2706 Virgine,
2476 2646 2530 2694 et
2559 2639 2827 2694 hominem
2869 2639 3065 2698 factum
3106 2660 3258 2712 esse,
3305 2646 3584 2715 cujusnam
3625 2650 3757 2705 dicit

2171 2730 2305 2784 duas
2349 2745 2467 2786 esse
2510 2733 2768 2788 naturas?
2818 2731 2924 2789 Sed
2970 2743 3126 2805 patet
3168 2737 3340 2807 ipsum
3376 2739 3510 2796 duas
3537 2751 3757 2797 naturas

2178 2815 2298 2870 loco
2329 2832 2682 2885 personarum
2725 2823 3032 2892 admittere,
3075 2826 3311 2884 Nestorii
3362 2826 3755 2901 Theodoriqne

2180 2921 2368 2973 sensu,
2390 2923 2527 2976 quos
2547 2912 2777 2966 sununis
2801 2914 3053 2972 laudibus
3075 2919 3429 2974 exsecrabilis
3449 2935 3512 2974 ea
3535 2925 3756 2977 extollit

2171 3000 2415 3068 epistola.
2453 2999 2510 3056 Si
2544 3001 2687 3056 enim
2735 3001 2947 3057 unicam
2978 3018 3261 3072 personam
3301 3007 3624 3076 unicumque
3652 3008 3747 3062 Fi-

2170 3089 2298 3144 lium
2326 3089 2561 3146 indicare
2587 3092 2795 3147 videtur
2833 3093 3080 3162 epistola,
3114 3094 3214 3150 hac
3259 3095 3509 3164 loquendi
3539 3098 3753 3152 ratione

2171 3180 2252 3235 usi
2279 3189 2404 3235 sunt
2429 3179 2708 3237 Nestorius
2733 3184 2893 3237 etiam
2923 3193 2977 3238 et
3006 3183 3336 3250 Theodorus,
3366 3187 3572 3242 aientes
3594 3186 3751 3242 Chri-

496 3287 587 3338 τῆς
631 3281 908 3345 υἱοθεσίας,
942 3283 1029 3334 καί
1063 3283 1132 3342 εἰς
1171 3282 1323 3335 τόπον
1351 3283 1515 3364 αὑτοῦ.
1531 3287 1953 3354 προσκυνεῖσθαι,
1986 3289 2068 3338 καί

2170 3277 2313 3325 stum
2340 3284 2532 3338 purum
2561 3271 2831 3326 hominem
2860 3274 3220 3341 superhabere
3249 3275 3343 3329 Dei
3377 3276 3533 3331 Verbi
3562 3293 3751 3347 perso-

496 3370 582 3428 διὰ
604 3379 753 3428 τοῦτο
781 3378 1134 3448 ὑποκρίνονται
1171 3375 1327 3447 λέγειν
1351 3377 1439 3430 ἕνα
1473 3378 1580 3431 υίόν
1602 3381 1684 3431 καί
1716 3376 1766 3431 ἓν
1793 3379 2068 3454 πρόσωπον

499 3471 590 3520 τοῦ
621 3461 772 3536 λόγου
812 3468 896 3519 καί
923 3471 1010 3519 τοῦ
1041 3472 1286 3537 Χριστοῦ,
1311 3473 1660 3526 κοινωνοῦντος
1688 3467 1821 3538 μόνῳ
1859 3477 1930 3538 τῷ
1958 3469 2067 3522 ὀνό-

495 3575 619 3626 ματι
653 3563 746 3614 τῆς
787 3555 1016 3616 υίότητος
1037 3571 1050 3584 ·
1081 3562 1230 3610 τοῦτο
1259 3555 1312 3611 δέ
1351 3555 1598 3612 δείκνυται
1641 3567 1865 3631 φανερῶς
1889 3562 1941 3614 ἐκ
1976 3567 2064 3615 τοῦ

495 3643 648 3717 λέγειν
676 3651 764 3705 τήν
809 3647 1075 3704 ἐπιστολήν
1104 3653 1203 3701 τῶν
1243 3646 1332 3701 δύο
1361 3649 1558 3719 φύσεων
1583 3651 1703 3718 μίαν
1731 3651 1974 3713 ἐξουσίαν.
2000 3655 2068 3710 ὡς

495 3741 578 3798 καί
599 3739 748 3808 ὑμεῖς
775 3736 1052 3810 ἐγράψατε.
1099 3741 1197 3793 Μία
1222 3741 1320 3810 γάρ
1349 3740 1547 3802 ἐξουσία
1587 3743 1676 3793 οὑκ
1703 3743 1786 3795 ἐπί
1822 3739 2067 3815 διαφόρων

495 3829 712 3900 φύσεων,
735 3829 837 3881 ἀλλ’
882 3829 964 3883 ίπί
987 3827 1232 3901 διαφόρων
1257 3829 1456 3902 λέγεται
1482 3833 1790 3905 προσώπων,
1825 3830 1952 3908 ὅπερ
1983 3835 2068 3886 ἐπί

493 3928 588 3979 τῆς
615 3920 761 3988 ἁγίας
786 3918 988 3992 τριάδος
1017 3920 1370 3992 ὁμολογοῦμεν.
1397 3918 1543 3975 Ὀθεν
1570 3925 1653 3975 καί
1681 3923 1726 3976 οί
1753 3922 1885 3996 ἅγιοι
1913 3925 2068 3978 πατέ-

495 4027 582 4083 ρες
612 4008 976 4077 ἀνεθεμάτισαν
1003 4012 1121 4068 τούς
1149 4010 1383 4082 λέγοντας
1411 4014 1538 4065 κατά
1568 4009 1812 4081 δύναμιν,
1843 4011 1871 4070 ἢ
1899 4015 2062 4076 ἀξίαν,

493 4097 524 4155 ἦ
554 4099 830 4160 αὑθεντίαν,
853 4098 883 4156 ἦ
926 4101 1139 4168 σχίσιν,
1171 4100 1201 4159 ἦ
1229 4111 1378 4172 τιμήν
1429 4105 1653 4161 ἡνῶσθαι
1690 4111 1762 4176 τῷ
1809 4104 1937 4176 λόγῳ
1980 4107 2063 4159 τὸν

492 4185 772 4262 ἄνθρωπον,
804 4190 889 4242 καί
917 4193 986 4259 μή
1014 4189 1373 4261 ὁμολογοῦντας
1408 4192 1510 4244 καθ’
1529 4193 1818 4248 ὑπόστασιν
1847 4204 1944 4248 τῶν
1974 4195 2064 4250 δύο

491 4279 688 4348 φύσεων
710 4281 800 4336 τήν
824 4277 998 4332 ἕνωσιν
1029 4277 1036 4283 ’
1062 4281 1367 4348 γεγενῆσθαι.
1392 4277 1567 4341 Ὀπως
1605 4279 1658 4334 δέ
1685 4285 1766 4335 καί
1791 4289 1942 4338 τοῦτο
1970 4286 2061 4358 ὀρ-

489 4370 589 4428 θῶς
631 4369 888 4444 εἰρημένον
929 4377 1039 4429 τοῖς
1081 4369 1239 4441 ἁγίοις
1285 4372 1515 4440 πατράσι
1547 4375 1667 4443 περὶ
1696 4371 1933 4448 διαφορᾶς
1962 4384 2061 4429 τῶν

489 4459 580 4514 δύο
600 4461 814 4532 φύσεων,
840 4460 886 4513 οί
905 4462 969 4516 τὰ
992 4467 1264 4534 Νεστορίου
1288 4459 1592 4526 δοξάζοντες,
1617 4461 1682 4515 ὦν
1707 4472 1798 4524 τῆς
1817 4466 2062 4526 ἀπιστίας

487 4551 725 4623 ἀρχηγός
759 4552 871 4606 ἔστι
909 4549 1185 4624 Θεόδωρος,
1210 4552 1408 4614 ἀσεϐῶς
1437 4552 1823 4622 ἑκλαμϐάνουσι,
1853 4556 1944 4616 τὰς
1971 4559 2062 4628 φύε-

2171 3375 2314 3426 nam,
2339 3361 2641 3431 habereqne
2661 3363 2757 3418 Dei
2772 3363 2932 3419 Verbi
2954 3366 3211 3420 honorem
3233 3375 3392 3435 atque
3413 3367 3746 3436 dignitatem,

2169 3458 2501 3528 gratiamque
2545 3461 2848 3530 adoptionis
2895 3473 3155 3532 praeterea
3187 3506 3202 3530 ,
3253 3472 3414 3534 atque
3465 3467 3580 3532 ejus
3626 3465 3752 3522 loco

2171 3548 2417 3614 adorari;
2449 3551 2798 3618 quamobrem
2823 3567 2882 3607 se
2913 3553 3126 3608 unicum
3179 3555 3367 3609 Filium
3426 3557 3748 3625 unicamque

2171 3638 2365 3695 Christi
2399 3656 2684 3709 personam
2715 3642 2892 3696 dicere
2919 3644 3190 3709 simulant,
3210 3646 3338 3699 'solo
3365 3647 3748 3704 convenientes

2171 3733 2446 3788 tiliationis
2489 3734 2707 3787 nomine
2731 3775 2747 3801 ,
2785 3736 2928 3802 quod
2965 3736 3242 3790 manifeste
3269 3752 3334 3790 ex
3363 3740 3747 3794 sententiarum

2169 3823 2328 3878 modo
2351 3864 2366 3889 ,
2398 3822 2490 3893 qui
2570 3825 2622 3878 in
2653 3825 2878 3893 epistola
2925 3826 3207 3879 adhibetur
3231 3867 3244 3890 ,
3287 3827 3590 3894 colligitur,
3636 3843 3748 3896 quo

2166 3911 2360 3966 dicitur
2409 3913 2637 3981 duplicis
2699 3924 2901 3968 natura:
2957 3915 3165 3969 unicam
3221 3931 3340 3972 esse
3387 3926 3744 3986 potestatem,

2166 4001 2610 4070 quemadmodum
2659 4005 2856 4072 parizer
2899 4021 2994 4059 vos
3044 4006 3142 4073 ipsi
3197 4007 3507 4074 scripsistis.
3576 4006 3745 4063 Unica

2165 4107 2359 4162 nempe
2420 4102 2656 4162 potestas
2717 4110 2823 4149 non
2882 4083 2951 4150 de
3015 4098 3238 4152 diversis
3325 4104 3565 4163 natur's,
3645 4100 3742 4154 sed

2163 4183 2229 4236 de
2309 4182 2531 4237 diversis
2621 4186 2862 4252 personis
2937 4186 3158 4254 dicitur,
3219 4188 3362 4256 quod
3449 4189 3610 4241 etiatn
3685 4189 3742 4242 in

2163 4283 2346 4327 sancta
2417 4273 2677 4328 Trinitate
2752 4278 3088 4344 agnoscimus
3172 4287 3334 4346 atque
3402 4279 3742 4332 conlitemur.

2163 4365 2520 4430 Quamobrem
2601 4367 2696 4420 SS.
2760 4365 2943 4422 Patres
3017 4370 3298 4422 anathema
3368 4369 3617 4424 dixerunt
3678 4371 3742 4424 iis

2161 4455 2250 4521 qui
2299 4452 2625 4510 afﬁrmarent
2675 4458 2942 4512 hominem
2992 4458 3102 4512 Deo
3155 4459 3329 4513 Verbo
3379 4460 3582 4512 unitum
3621 4475 3742 4515 esse

2162 4545 2454 4600 secundum
2491 4549 2818 4615 potentiam,
2857 4551 2940 4602 vel
2977 4559 3322 4618 potestatem,
3356 4550 3438 4605 vel
3469 4550 3736 4616 habitum,

486 4662 594 4702 σεις
623 4644 734 4696 ἀντί
760 4645 1054 4718 προσώπων
1081 4642 1321 4716 λίγσντες.
1345 4645 1428 4697 καί
1451 4645 1739 4718 προσώπων
1766 4647 1894 4700 κατά
1929 4649 2060 4716 σχέο

2170 4637 2248 4690 vel
2274 4637 2617 4706 dignitatem;
2650 4655 2826 4708 neque
2859 4642 3112 4695 unionem
3137 4641 3328 4695 factam
3349 4656 3467 4696 esse
3488 4641 3541 4694 in
3563 4640 3740 4710 dupl-

484 4752 567 4786 σιν
616 4732 796 4786 ἕνωσιν
850 4733 1247 4808 πρεσϐεύοντες,
1295 4732 1347 4785 ἓν
1389 4734 1662 4810 πρόσωπον
1715 4737 2058 4812 ὑποκρίνονται

487 4819 660 4895 λέγειν,
683 4825 838 4885 αὑτὸς
859 4824 885 4878 ὁ
909 4826 1102 4884 ἀσεϐὴς
1123 4824 1382 4901 Θεόδωρος
1403 4824 1644 4880 δείκνυσιν
1668 4828 1718 4882 ἐν
1739 4836 1809 4898 τῷ
1830 4829 2060 4905 τετάρτῳ

482 4911 610 4986 λόγῳ
635 4922 734 4970 τῶν
762 4913 1246 4990 κατά’Δπολιναρίου
1269 4923 1362 4971 τοῦ
1381 4919 1628 4991 αἷρετικοῦ
1649 4921 1850 4993 γράφων
1875 4921 2058 4981 οὕτως’

487 5025 509 5058 ε
529 5009 800 5078 Δὺτάρκως
831 5007 893 5067 δή
918 5011 977 5064 τὸ
1002 5007 1232 5082 διάφορον
1259 5017 1357 5064 τῶν
1381 5013 1577 5083 φύσεων
1597 5013 1713 5082 ἡμῖν
1738 5011 2061 5070 ὑποδείκνυσι

483 5098 568 5155 διὰ
591 5101 805 5156 τοὺτωνο
836 5099 961 5172 εἴγε
988 5105 1047 5157 τὸ
1089 5105 1180 5172 μὲν
1211 5103 1559 5167 ἐκπλήττεται,
1585 5105 1654 5163 ὡς
1692 5102 1758 5159 δι’
1780 5107 2059 5183 ὑπερϐολήν

483 5189 851 5262 φιλανθρωπίας
890 5193 1140 5263 ἑλόμενον,
1168 5198 1364 5267 μνήμην
1403 5217 1457 5251 τε
1500 5197 1587 5250 καί
1618 5197 1885 5268 ἓπίσκεψιν
1911 5205 2060 5259 ποιή-

485 5281 678 5334 σασθαι
703 5288 794 5334 τοῦ
836 5281 998 5342 οὕτως
1024 5284 1275 5344 εὐτελοῦςο
1306 5286 1394 5340 τὸν
1435 5284 1489 5340 δὲ
1518 5290 1830 5362 μακαριστόν
1866 5293 2057 5364 ἡγεῖται

484 5373 553 5432 ὡς
574 5373 809 5426 τοιούτων
831 5375 1114 5444 ἠξιωμένων
1143 5375 1296 5445 (Sic).
1324 5375 1464 5432 ’Δλλά
1493 5379 1590 5456 γάρ
1615 5377 1749 5434 οὑτω
1778 5383 1868 5451 μὲν
1892 5386 1980 5441 τήν
2002 5405 2053 5438 τε

481 5463 728 5538 διαίρεσιν
751 5473 850 5520 τῶν
871 5468 1068 5538 φύσεων
1089 5475 1308 5522 ποιεῖται
1323 5511 1336 5533 ,
1361 5471 1444 5523 καί
1465 5474 1561 5538 μὴν
1584 5474 1669 5524 καί
1695 5475 1783 5529 τήν
1813 5469 2054 5544 διαφορὰν

483 5563 574 5614 τῆς
600 5575 657 5610 τε
682 5561 774 5610 τοῦ
809 5555 1049 5617 λαϐόντος
1094 5560 1291 5630 φύσεως
1312 5563 1394 5613 καί
1420 5568 1511 5620 τῆς
1539 5567 1630 5615 τοῦ
1653 5561 1912 5634 ληφθέντος
1941 5566 2054 5632 ἡμῖν

481 5643 832 5702 ὑποδείκνυσιν
859 5649 890 5706 ἦ
923 5649 1030 5702 Θεία
1059 5654 1240 5726 γραφή*
1281 5655 1616 5726 φροντίζουσα
1653 5651 1707 5708 δὲ
1746 5658 1840 5708 τοῦ
1865 5658 1946 5708 καὶ
1967 5660 2055 5712 τήν

483 5735 659 5792 ινει-»σιν
702 5739 818 5807 ἡμῖν
861 5737 1246 5808 ὑποδεικνύναι,
1285 5743 1403 5812 ἣτῷ
1432 5742 1653 5813 ληφθέντι
1693 5746 2048 5818 προσγέγονεν,

487 5828 612 5895 ιίγει
642 5829 876 5890 πολλάκις
901 5829 1005 5885 καθ’
1027 5831 1207 5887 ίνωσιν
1231 5834 1295 5889 τά
1319 5832 1537 5908 ἑκάτερα
1571 5840 1670 5887 τῶν
1696 5836 1890 5905 φύσεων
1916 5832 2051 5889 ἰδια-

481 5920 668 5984 ςᾶντως
709 5920 835 5994 πρὸς
880 5917 1022 5985 ὄντα.
1051 5926 1116 5985 ὡς
1143 5919 1201 5979 ἂν
1229 5929 1318 5984 τήν
1342 5923 1472 5994 πρὸς
1509 5920 1593 5976 τὸν
1619 5919 1836 5980 λαϐόντα
1872 5923 2050 5977 ἕνωσιν

2163 4731 2240 4784 cis
2267 4739 2470 4787 naturae
2500 4734 2654 4787 unica
2676 4734 3014 4789 subsistentia
3036 4733 3346 4789 faterentur.
3377 4733 3741 4800 Quemadtuoo'

2164 4827 2289 4882 dum
2315 4825 2458 4896 quod
2485 4827 2690 4895 pariter
2715 4834 2862 4880 recte
2884 4827 3081 4880 dictum
3111 4841 3140 4879 a
3170 4828 3368 4881 sanctis
3389 4825 3631 4881 Patribus
3654 4835 3742 4882 est

2161 4917 2231 4972 de
2253 4917 2478 4987 duplicis
2503 4924 2706 4970 naturae
2733 4916 3062 4982 discrimine,
3082 4916 3132 4970 id
3163 4917 3388 4972 Nestorii
3411 4926 3737 4984 sectatores,

2164 4993 2450 5063 Theodoro
2478 5004 2810 5062 inﬁdelitatis
2831 5005 2987 5067 duce,
3010 5004 3172 5074 impie
3191 5015 3488 5072 assumunt,
3519 5015 3740 5063 naturas

2163 5099 2283 5153 loco
2301 5112 2649 5169 personarum
2670 5098 3028 5164 nominantes,
3049 5104 3104 5152 et
3124 5111 3471 5166 personarum
3491 5097 3738 5151 habitua-

2162 5190 2264 5245 lem
2289 5190 2538 5244 unionem
2559 5197 2899 5253 venerantes,
2919 5196 2978 5242 ut
2999 5203 3156 5242 unam
3178 5187 3430 5243 simulent
3449 5202 3736 5257 personam

2158 5298 2219 5337 se
2263 5282 2462 5338 dicere.
2505 5280 2703 5351 impius
2747 5281 2860 5351 ipse
2907 5281 2959 5335 id
3008 5280 3246 5335 ostendit
3291 5279 3639 5347 Theodorus,
3679 5284 3734 5335 in

2157 5390 2350 5452 quarto
2397 5380 2653 5436 adversus
2690 5380 3076 5450 Apollinarium
3127 5378 3437 5434 haeretienm
3481 5394 3738 5434 sermone

2157 5473 2270 5527 haec
2297 5473 2537 5528 scribens
2569 5489 2582 5524 :
2622 5491 2640 5523 ε
2667 5471 2811 5526 Satis
2849 5471 3092 5540 profecto
3131 5471 3287 5525 nobis
3312 5477 3622 5524 naturarum
3651 5471 3737 5524 di-

2154 5564 2386 5616 scrimen
2413 5563 2732 5629 ostenditur,
2761 5577 2858 5630 per
2883 5561 2997 5616 huic
3036 5575 3152 5628 qua:
3183 5560 3455 5629 proposita
3483 5568 3624 5624 sunt,
3654 5559 3734 5613 si-

2154 5653 2369 5722 quidem
2416 5652 2520 5706 hoc
2567 5651 2921 5716 concluditur,
2952 5660 3203 5719 tanquam
3252 5665 3347 5722 per
3390 5649 3735 5718 benignitatis

2151 5744 2693 5812 superabundantiam
2723 5743 3021 5798 institutum
3059 5757 3181 5798 esse
3207 5751 3263 5798 ut
3291 5744 3370 5798 sic
3397 5748 3593 5813 sumpti
3632 5741 3735 5796 ho-

2151 5832 2310 5886 minis
2335 5832 2593 5886 memoria
2622 5839 2678 5886 et
2707 5831 2943 5886 visitatio
2973 5831 3142 5895 ﬁeret,
3175 5832 3540 5887 beatissimum
3565 5845 3732 5900 porro

2151 5924 2508 5988 existimatur,
2531 5921 2696 5978 veluti
2719 5922 2903 5980 talium
2923 5938 3083 5979 causa
3111 5922 3476 5993 dignationum
3498 5920 3656 5995 (Sic).
3675 5920 3733 5976 id
