4112 6546
407 472 542 537 1073

1190 470 1551 531 ΕΡΙΞΤΟῘΑ
1593 474 1991 534 ADVERSUS
2028 472 2506 535 THEODORUM
2544 472 2958 534 MOPSUEST.

3518 486 3652 553 10H

396 600 487 647 τοῦ
510 594 767 662 ληφθέντος
795 598 908 665 ἡμῖν
932 591 1359 667 παραδηλώσειεν,
1394 590 1495 647 ὅσα
1519 613 1571 648 τε
1602 594 1770 663 τούτῳ
1798 592 1850 644 έκ
1871 598 1961 650 τῆς·

2068 589 2238 657 ipsum
2261 596 2437 642 autem
2466 598 2773 642 naturarum
2801 589 3191 645 distinctionem
3221 593 3475 661 ostendit,
3495 601 3642 664 quod

392 687 515 759 πρὸς
551 704 627 737 εκε
638 694 727 737 ’νον
753 687 946 757 γέγονεν
966 688 1252 756 συναφείας.
1269 683 1666 749 ι’Λποδείξαντες
1692 687 1853 740 τοίνυν
1875 685 1962 740 τὸν

392 773 621 833 δυσσεϐῆ
650 774 904 845 Θεόδωρον
932 778 1022 836 τὰς
1052 778 1227 849 φὺσεις
1269 778 1380 829 ἀντὶ
1413 778 1707 850 προσώπων
1732 775 1964 847 λέγοντα,

394 864 477 921 ἔτι
504 872 704 936 μείζονα
742 870 1110 941 προαγάγωμεν
1143 869 1293 921 αὑτοῦ
1328 867 1645 939 βλασφημίαν
1671 865 1967 936 διελέγχου-

396 976 495 1009 σαν
521 959 694 1020 αὑτὸν,
725 959 865 1010 ποίαν
899 955 1027 1028 λέγει
1060 964 1149 1015 τήν
1177 959 1353 1012 ἕνωσιν
1389 959 1517 1033 πρὸς
1545 958 1839 1029 γατάκρισιν
1866 964 1965 1012 τῶν

396 1048 713 1103 ένδιειοὺντων
752 1048 924 1102 αὑτὸν.
956 1049 1032 1100 Ἐν
1056 1050 1151 1121 γὰρ
1181 1056 1252 1118 τῷ
1278 1052 1397 1120 περὶ
1435 1050 1852 1121 ένανθρωπήσεως
1881 1050 1967 1119 ὀγ-

393 1140 489 1211 δόῳ
526 1142 653 1211 λόγῳ
681 1141 813 1194 οὕτω
843 1141 991 1210 λέγει’
1025 1157 1044 1190 ε
1079 1140 1319 1207 Πρόδηλον
1349 1139 1401 1194 δὲ
1428 1144 1494 1198 ὡς
1526 1142 1582 1193 τὸ
1617 1149 1709 1200 τῆς
1743 1140 1966 1199 ένώσεως

394 1231 689 1303 ἔςαρμόζερ
723 1228 806 1284 διὰ
850 1232 946 1304 γὰρ
990 1234 1182 1290 ταύτης
1222 1231 1556 1299 συναχθεῖσαι
1605 1231 1657 1283 αἱ
1693 1232 1889 1301 φὺσεις,
1916 1228 1966 1282 ἓν

393 1323 660 1395 πρόσωπον
708 1321 839 1373 κατὰ
876 1325 967 1377 τήν
1004 1320 1183 1374 ἕνωσιν
1222 1321 1557 1374 ἀπετέλεσαν·
1593 1322 1661 1379 ὥς
1688 1340 1741 1373 τε
1783 1317 1911 1393 ὅπερ
1938 1318 1966 1372 ὁ

393 1411 562 1478 κ-ζοριος
592 1410 673 1461 ἐπί
714 1429 768 1462 τε
808 1416 896 1465 τοῦ
924 1407 1103 1482 ἀνδρὸς
1131 1413 1213 1462 καί
1240 1418 1332 1468 τῆς
1358 1410 1588 1480 γυναικός
1616 1431 1785 1480 φησιν.
1814 1412 1881 1468 ὥς
1910 1430 1964 1465 τε

398 1500 566 1551 οὐκέτι
596 1500 722 1552 είσίν
745 1497 861 1562 δύο,
889 1499 1012 1552 ἀλλά
1036 1500 1169 1568 σὰρξ
1193 1501 1304 1569 μία,
1338 1497 1562 1569 εἴποιμεν
1606 1494 1663 1552 ἂν
1707 1504 1789 1554 καὶ
1824 1502 1966 1568 ἡμεῖς

394 1589 595 1647 ε’κότως
633 1590 760 1642 κατὰ
782 1590 866 1643 τὸν
894 1597 985 1648 τῆς
1026 1590 1251 1653 ἐνῶσεως
1281 1588 1446 1661 λόγον,
1474 1592 1542 1649 ὥς
1571 1611 1625 1644 τε
1654 1594 1816 1647 οὐκέτι
1844 1594 1967 1645 εἰσὶν

393 1674 483 1728 δύο
524 1676 798 1749 πρόσωπα,
823 1676 927 1730 ἀλλ’
960 1676 1032 1738 ἓν,
1070 1676 1290 1735 δηλονότι
1343 1686 1441 1732 τῶν
1469 1682 1667 1751 φὺσεων
1715 1678 1967 1753 διακεκρι-

392 1768 571 1835 μένων.
601 1764 799 1840 Ὠσπερ
852 1771 951 1841 γάρ
989 1771 1092 1822 ἐκεῖ
1134 1771 1190 1822 οὑ
1228 1770 1518 1838 λυμαίνεται
1551 1778 1623 1841 τῷ
1654 1772 1849 1843 ἀριθμῷ
1874 1780 1967 1829 τῆς

392 1852 581 1915 δυάδος
611 1859 669 1910 τὸ
705 1864 821 1927 μέαν
856 1859 929 1928 λέγ
943 1860 1083 1911 εσθαι
1126 1864 1217 1917 τὴν
1245 1864 1409 1932 σάρκα
1441 1859 1704 1935 (πρόδηλον
1728 1867 1824 1935 γὰρ
1847 1862 1965 1913 καθὸ

2064 677 2277 745 quidem
2302 678 2559 730 sumentis
2587 680 2891 748 sumptique
2920 687 3121 734 natura:
3149 681 3433 738 discrimen
3459 684 3639 740 divina

2066 767 2179 836 ipsa
2208 768 2361 821 nobis
2406 768 2638 820 ostendit
2682 768 2979 838 Scriptura.
3029 769 3269 828 lndicare
3296 774 3495 845 quippe
3517 789 3645 835 eam

2064 858 2321 912 unitatem
2350 858 2534 912 volens
2560 872 2677 925 qua:
2716 858 2783 913 ad
2824 859 2876 912 id
2903 861 3046 928 quod
3074 871 3340 933 sumptum
3369 872 3451 919 est
3476 867 3641 936 perti-

2067 958 2179 1013 nct,
2210 948 2340 1005 dicit
2361 966 2456 1019 per
2478 952 2731 1004 unitatem
2755 951 2867 1005 sive
2887 954 3138 1006 unionem
3154 962 3406 1024 utrasque
3424 964 3640 1014 naturas

2065 1040 2163 1093 sibi
2196 1040 2379 1093 fecisse
2408 1040 2685 1109 proprias;
2710 1040 2782 1094 ita
2805 1049 2882 1107 ut,
2906 1057 3056 1110 aeque
3084 1042 3199 1109 ejus
3226 1045 3314 1112 qui
3347 1056 3639 1115 cratatque

2063 1130 2287 1198 sumpsit
2308 1145 2369 1185 ac
2390 1132 2505 1198 ejus
2523 1132 2611 1200 qui
2628 1140 2868 1201 sumptus
2890 1141 2973 1186 est
2993 1132 3144 1189 nobis
3165 1136 3453 1190 ostenderit
3470 1140 3641 1192 unita-

2067 1239 2193 1296 tem,
2219 1245 2338 1299 quze
2360 1246 2424 1284 ex
2449 1228 2584 1285 facta
2617 1247 2735 1284 cum
2761 1232 2873 1301 ipso
2896 1233 3274 1301 conjunctione
3301 1238 3583 1303 processit.
3618 1256 3635 1288 ε

2134 1324 2268 1378 Cum
2313 1324 2492 1391 itaque
2529 1323 2951 1377 demonstratum
3001 1325 3298 1381 luculenter
3324 1327 3393 1380 sit
3422 1329 3639 1396 impium

2066 1411 2407 1467 Theodorum
2446 1421 2649 1465 natura:
2688 1428 2881 1466 nomen
2920 1428 3018 1482 pro
3058 1430 3288 1484 persona
3333 1433 3640 1488 usurpasse,

2065 1502 2385 1555 deteriorem
2416 1502 2586 1555 adhuc
2613 1501 2729 1568 ejus
2772 1502 3161 1571 blasphemiam
3201 1506 3538 1574 proferemus
3584 1511 3637 1564 in

2065 1592 2317 1655 medium,
2347 1607 2451 1660 qua
2481 1592 2657 1659 docet,
2688 1592 2816 1660 quid
2844 1594 2957 1662 ipse
2985 1594 3203 1649 unitatis
3234 1597 3449 1652 nomine
3478 1600 3636 1653 intel~

2067 1682 2193 1748 ligat
2217 1720 2230 1741 ,
2264 1690 2321 1734 ut
2348 1681 2555 1751 plenius
2579 1681 3003 1737 condemnentur
3037 1684 3152 1751 ejus
3189 1688 3649 1755 patrocinatorcs._

2065 1773 2121 1825 ln
2151 1780 2342 1826 octavo
2382 1771 2541 1840 igitur
2575 1787 2822 1826 sermone
2871 1775 2937 1828 de
2963 1774 3335 1832 lncarnatione
3364 1778 3477 1835 hazc
3502 1782 3637 1836 scri-

2066 1863 2141 1915 bit
2174 1880 2185 1914 :
2224 1881 2240 1913 ι
2272 1861 2497 1917 Constat
2543 1873 2721 1917 autem
2767 1865 2893 1933 quid
2924 1867 3123 1921 unitate
3153 1868 3467 1938 importetur
3498 1891 3510 1925 :
3544 1888 3639 1942 per

393 1946 487 2013 μία
527 1946 768 2017 λέγεται),
794 1947 953 2006 οὕτως
999 1949 1253 2001 κάνταῦθα
1297 1951 1355 2000 οὑ
1398 1948 1690 2016 λυμαίνεται
1734 1954 1822 2006 τήν
1865 1955 1963 2001 τῶν

2068 1960 2205 2014 hanc
2254 1963 2393 2015 enim
2439 1963 2803 2017 coalescentes
2848 1974 3052 2019 natura:
3103 1968 3311 2024 unicam
3353 1986 3651 2040 personant

392 2037 590 2106 φύσεων
637 2034 877 2107 διαφορὰν
917 2044 1007 2091 τοῦ
1046 2042 1320 2112 προσώπου
1365 2040 1395 2096 ἠ
1442 2039 1638 2097 ἔνωσις.
1693 2034 1844 2091 ὀταν
1874 2040 1961 2108 μέν

392 2128 493 2198 γὰρ
520 2126 611 2185 τὰς
639 2129 814 2198 φ,δσεις
838 2126 1184 2201 διακρίνωμεν,
1214 2130 1407 2183 τελείαν
1429 2134 1519 2186 τὴν
1543 2130 1695 2199 φύσιν
1719 2135 1809 2185 τοῦ
1834 2135 1963 2184 Θεοῦ

394 2216 544 2286 λόγου
571 2219 751 2288 φαμέν,
784 2220 867 2270 καί
895 2219 1079 2270 τέλειον
1101 2219 1159 2272 τὸ
1184 2221 1475 2291 πρόσωπον’
1502 2217 1613 2273 οὐδέ
1642 2222 1739 2291 γὰρ
1765 2220 1963 2295 ἀπρόσ-

397 2306 531 2359 ιπόν
565 2306 702 2360 ἐστιν
735 2303 1024 2361 ὑπόστασιν
1061 2311 1245 2361 εἰπεῖν’
1296 2308 1485 2362 τελείαν
1521 2306 1575 2362 δέ
1617 2312 1700 2362 καί
1731 2314 1822 2367 τήν
1870 2317 1960 2364 τοῦ

391 2396 655 2470 ἀνθρώπου
677 2398 844 2467 φύσιν,
877 2401 959 2451 καί
988 2401 1043 2453 τὸ
1066 2400 1340 2473 πρόσωπον
1366 2399 1567 2469 ὁμοίως.
1592 2398 1749 2454 Ὀταν
1775 2403 1863 2471 μέν
1884 2423 1963 2455 τοι

390 2485 479 2538 In!
523 2490 614 2542 τὴν
659 2487 924 2557 συνάφειαν
953 2485 1179 2556 εἴδωμεν,
1204 2487 1255 2540 έν
1284 2488 1562 2561 πρόσωπον
1586 2489 1697 2546 τότε
1730 2492 1903 2559 φαμέν.
1936 2509 1955 2542 ι

390 2577 566 2626 Ταῦτα
603 2575 778 2643 ἡμεῖς,
805 2577 847 2627 εί
893 2578 979 2628 καί
1018 2578 1218 2650 φρικτὸν
1264 2579 1377 2633 ἐστι
1422 2579 1578 2650 λέγειν
1616 2587 1958 2654 χριστιανοῐς,

396 2660 535 2729 ὅμως
562 2661 645 2717 δά
676 2669 766 2722 τὴν
792 2669 974 2733 μανίαν
999 2674 1098 2720 τῶν
1123 2666 1436 2721 έκδικούντων
1485 2666 1740 2741 Θεόδωρον
1767 2671 1845 2721 καί
1869 2674 1957 2727 τήν

392 2755 554 2813 ἀσεϐῆ
582 2756 765 2813 έκείνην
789 2758 1073 2820 ἐπιστολήν,
1096 2766 1403 2832 προαγαγεῖν
1428 2760 1819 2831 ἠναγνασθημεν,
1842 2759 1956 2811 ἵλεω

390 2846 478 2899 ’τὸν
513 2847 634 2899 Θεὸν
672 2848 787 2915 ἡμῖν
827 2848 1233 2920 παρακαλοῦντες
1282 2851 1531 2918 γενέσθαι·
1566 2847 1629 2901 δι’
1652 2845 1717 2900 ὧν
1757 2850 1956 2901 πάντων

389 2932 760 3001 ἀποδέδεικται,
790 2935 868 2989 ὅτι
900 2941 1072 2997 πάσης
1099 2947 1189 2997 τῆς
1216 2938 1475 3012 Θεοδώρου
1516 2940 1751 2998 ἀσεϐείας
1792 2942 1953 3008 μεστή

390 3025 531 3080 ἔστιν
548 3027 579 3083 ἦ
607 3030 885 3100 κατάρατος
910 3026 1068 3087 έκείνη
1095 3031 1352 3086 ἐπιστολή.

2069 2052 2273 2105 unitate
2300 2050 2605 2121 perﬁciunt;
2636 2054 2707 2107 ita
2737 2066 2814 2119 ut,
2838 2058 3284 2123 quemadmodum
3312 2063 3377 2117 de
3403 2066 3655 2120 masculo.

2068 2149 2123 2194 et
2143 2139 2335 2194 femina
2359 2140 2612 2195 Dominus
2636 2144 2802 2212 inquit
2822 2161 2917 2199 eos
2939 2162 3044 2201 non
3060 2148 3169 2215 jam
3190 2149 3341 2215 duos,
3366 2154 3455 2206 sed
3480 2171 3635 2210 unam

2075 2242 2290 2281 carnem
2309 2242 2447 2293 esse;
2470 2229 2720 2283 similiter
2735 2231 3148 2295 etiam,unitatis
3163 2236 3395 2290 rationes
3410 2238 3632 2305 llOtljam

2075 2317 2213 2378 dum,
2240 2319 2329 2370 sed
2352 2320 2509 2373 unica
2527 2320 2596 2374 sit
2620 2336 2872 2390 persona,
2898 2331 3179 2378 constante
3202 2342 3413 2396 semper
3439 2328 3635 2380 distin-

2075 2407 2253 2460 ctione
2290 2417 2626 2463 naturarum.
2650 2408 3108 2475 Quemadmodum
3140 2416 3282 2469 enim
3325 2415 3395 2470 ibi
3426 2421 3633 2470 nuuwri

2076 2512 2183 2551 non
2205 2498 2412 2551 tollitur
2436 2498 2743 2567 duplicitas,
2767 2503 2911 2571 quod
2936 2519 3043 2557 una
3065 2520 3192 2559 caro
3213 2507 3442 2569 dicatur,
3470 2508 3634 2576 liquot

2074 2595 2218 2645 enim
2240 2591 2690 2657 quemadmodum
2718 2610 2821 2648 una
2843 2596 3073 2663 dicatur,
3100 2600 3285 2653 eodem
3312 2604 3509 2668 pariter
3531 2618 3637 2654 mo-

2077 2678 2146 2733 do
2174 2680 2393 2733 minime
2421 2688 2733 2735 naturarum
2766 2684 3011 2740 aufertur
3043 2686 3189 2757 [Leg.
3215 2690 3411 2761 aufert]
3443 2692 3634 2743 discri—

2058 2780 2181 2820 men
2211 2766 2384 2820 unitas
2412 2766 2521 2835 ipsa
2549 2782 2811 2837 personae.
2840 2767 2972 2823 Cum
3002 2787 3162 2840 porro
3191 2780 3406 2825 naturas
3434 2775 3635 2829 discet-

2058 2855 2555 2925 nimus,perfectam
2580 2857 2667 2911 Dei
2699 2858 2859 2913 Verbi
2889 2869 3132 2914 naturam
3164 2861 3493 2930 proﬁtemur,
3511 2879 3634 2931 per-

2056 2944 2357 3013 lectamque
2378 2960 2663 3013 personam
2681 2945 2810 3017 (non
2824 2948 2963 3001 enim
2985 2948 3286 3018 hypostasis
3305 2950 3407 3003 dici
3434 2952 3651 3019 absque.

2058 3050 2285 3103 persona
2302 3036 2526 3105 potest),
2540 3035 2833 3105 perfectam
2854 3040 3057 3107 pariter
3077 3041 3359 3094 humanam
3390 3050 3635 3096 naturam

2067 3139 2456 3192 personamque
2476 3125 2739 3181 similiter.
2763 3123 2897 3180 Cum
2920 3137 3098 3183 autem
3124 3130 3176 3183 in
3200 3130 3385 3185 harum
3419 3134 3635 3202 copula-

390 3208 592 3267 IEonem
621 3213 732 3267 sive
762 3213 1187 3281 conjunctionem
1214 3217 1449 3271 animum
1478 3217 1817 3282 intendimus,
1850 3216 2057 3270 unicam
2097 3224 2223 3273 tunc
2248 3232 2365 3272 esse
2395 3233 2677 3288 personam
2705 3220 3071 3289 praedicamus.
3095 3241 3113 3274 ›
3146 3221 3268 3279 Ητεε
3306 3239 3404 3279 nos
3422 3266 3435 3290 ,
3468 3242 3635 3295 quan-

388 3318 549 3372 quam
577 3307 720 3361 dictu
766 3306 1077 3362 Christianis
1114 3308 1425 3375 horribilia,
1475 3308 1773 3377 producere
1808 3310 1862 3363 in
1913 3310 2143 3364 medium
2188 3311 2364 3366 coacti
2412 3327 2595 3366 sumus
2645 3328 2712 3367 ex
2760 3311 3027 3368 Theodori
3072 3315 3348 3384 impiacque
3401 3321 3636 3388 epistola!

392 3403 738 3462 patronorum
782 3396 1009 3459 insania,
1060 3397 1347 3466 propitium
1395 3398 1547 3453 nobis
1594 3398 1763 3452 Deum
1815 3396 1930 3453 fieri
1977 3401 2349 3468 postulantes:
2395 3404 2587 3472 quibus
2630 3413 2805 3459 tamen
2834 3404 3255 3462 demonstratum
3283 3417 3365 3464 est
3394 3412 3649 3472 universa.

393 3480 760 3537 Theodoriana
792 3486 1064 3554 impietate
1091 3488 1474 3542 exsecrabilem
1511 3502 1633 3541 eam
1676 3487 1958 3556 epistolam
1997 3505 2114 3544 esse
2142 3490 2412 3546 refertam.

466 3578 554 3628 xui
567 3584 729 3631 ταῦτα
748 3578 838 3647 μέν
852 3576 1050 3632 ἅπαντα
1060 3580 1427 3652 ἀπεκρινάμεθα
1438 3580 1563 3652 πρὸς
1578 3581 1643 3634 τά
1652 3588 1725 3652 τῷ
1735 3580 1962 3653 ὑμετέρῳ

2135 3577 2203 3633 Et
2231 3580 2344 3634 ham
2374 3582 2591 3650 quidem
2634 3584 2812 3638 omnia
2853 3584 3224 3654 respondimus
3252 3587 3318 3642 ad
3347 3602 3411 3643 ea
3439 3605 3557 3659 qua:
3582 3590 3635 3645 in

392 3667 812 3739 κεφαλαιογραφίῳ
842 3666 976 3737 (Sic)
1003 3671 1375 3742 περιεχόμενα,
1406 3667 1467 3724 δι’
1498 3667 1563 3723 ὧν
1602 3668 1959 3725 ἐσπουδάσατε

392 3766 482 3817 τήν
508 3761 665 3817 ἀσεϐῆ
691 3761 872 3817 εκείνην
908 3761 1170 3817 ἐπιστολὴν
1206 3758 1497 3822 ἰκδικῆσαι,
1530 3762 1615 3813 καί
1652 3758 1736 3814 διά
1772 3762 1962 3817 ταύτην

392 3858 482 3907 τήν
509 3848 769 3926 Θεοδώρου
809 3853 894 3904 καί
921 3853 1188 3919 Νεστορίου
1234 3847 1522 3913 κακοδοξίαν
1568 3848 1961 3911 ἀνανεώσασθαι,

394 3941 459 3993 οἶν
481 3947 567 3999 τήν
614 3942 852 3995 ἀσέϐειαν
904 3944 933 3999 ἠ
980 3940 1103 3998 αὑτῆ
1154 3940 1388 3998 ἐπιστολὴ
1429 3943 1645 3995 έπαινεῖ.
1685 3939 1882 3998 Ἐπειδή
1911 3939 1965 3994 δέ

393 4033 553 4086 πολλά
578 4040 669 4092 τῆς
691 4034 1110 4104 μνημονευθείσης
1133 4033 1400 4091 ἐπιστολῆς
1426 4039 1515 4091 τῆς
1552 4032 1681 4106 πρὸς
1700 4034 1858 4103 Μάριν
1879 4034 1964 4086 τὸν

392 4123 638 4197 αἱρετικὸν
669 4125 1016 4195 γεγραμμένης
1047 4122 1471 4195 παραλελοίπατε,
1514 4126 1596 4178 καί
1622 4124 1706 4177 οὑκ
1751 4122 1963 4192 ἐτολμή-

392 4234 515 4268 σατε
541 4221 710 4270 ταῦτα
744 4222 855 4274 τοῖς
891 4216 1151 4291 ὑμετέροις
1200 4214 1481 4285 κεφαλαίοις
1521 4216 1739 4275 ἐνθεῖναι,
1783 4215 1867 4268 ἵνα
1896 4218 1964 4284 μή

393 4316 479 4365 καὶ
503 4313 557 4365 ἐκ
582 4314 773 4367 τούτων
792 4317 881 4369 τήν
911 4313 958 4375 έξ
986 4312 1125 4381 ὑμῶν
1148 4310 1491 4380 έκδικουμένην
1526 4312 1762 4365 ἀσέϐειαν
1789 4309 1814 4363 ὁ
1840 4309 1964 4382 παρ’

394 4404 516 4470 ὑμῖν
540 4410 638 4457 τῶν
663 4410 968 4476 Χριστιανῶν
1004 4404 1137 4473 μάθῃ
1172 4403 1308 4468 λαός,
1361 4404 1630 4470 ἀναγκαῖον
1667 4402 1965 4469 ἐνομίσαμεν

393 4488 513 4545 εἶναι
539 4494 621 4544 καί
644 4498 810 4547 ταῦτα
838 4490 919 4546 διὰ
950 4493 1194 4565 βραχέων
1217 4500 1518 4565 φανερῶσαι.
1550 4492 1846 4566 Περιέχεται
1865 4485 1965 4564 γὰρ

394 4590 500 4642 τοῖς
522 4582 644 4657 παρ’
672 4585 813 4651 ὑμῶν
851 4584 1323 4657 παραλελειμμένοις
1369 4583 1561 4656 ῥήμασι
1610 4591 1699 4641 τῆς
1750 4584 1967 4644 ἀσεϐοῦς

394 4675 682 4734 ἐπιστολῆς,
705 4692 722 4723 ε
753 4673 829 4729 ὅτι
859 4676 1101 4747 ἰςὺριλλος
1123 4677 1213 4735 τὰς
1236 4678 1387 4735 ἀκοὰς
1407 4674 1609 4727 πάντων
1635 4681 1734 4728 τῶν
1761 4672 1965 4728 έπισκὸ·

393 4785 502 4817 πων
535 4772 634 4818 τῶν
676 4766 723 4816 ἐν
858 4762 1187 4833 κατ”Ἐφεσον
1236 4763 1429 4832 συνόδῳ
1480 4764 1837 4826 συνελθόντων,
1894 4769 1967 4831 τῷ

395 4855 641 4925 ςσρμὰκῳ
683 4862 755 4927 τῷ
788 4860 1029 4927 πηροῦντι
1074 4856 1193 4912 τοὺς
1221 4854 1497 4924 ὀφθαλμοὺς
1526 4859 1625 4907 τῶν
1657 4858 1822 4920 σοφῶν
1846 4872 1968 4905 κατ-

2064 3680 2243 3724 vcstro
2271 3672 2626 3740 capitulorum
2666 3674 2802 3728 libro
2840 3676 3283 3741 continebantur,
3314 3678 3507 3746 quibus
3538 3680 3638 3733 im-

2064 3760 2205 3829 piam
2236 3760 2509 3830 prtefatam
2539 3764 2816 3831 epistolam
2846 3766 3119 3820 vindicare
3146 3767 3456 3821 nitebamiui
3476 3810 3491 3831 ,
3518 3784 3640 3838 pra-

2064 3865 2265 3918 vasqne
2313 3859 2597 3920 propterea
2647 3851 2915 3908 Theodori
2960 3854 3296 3923 Nestoriique
3345 3857 3640 3912 instaurare

2067 3940 2380 4004 sententias,
2413 3955 2637 4007 quorum
2667 3941 2881 4010 prmfata
2920 3943 3143 4012 epistola
3173 3943 3513 3997 commendat
3540 3945 3639 3997 im-

2066 4029 2339 4098 pietatem.
2384 4028 2645 4095 Quoniam
2678 4047 2805 4086 vero
2839 4032 3104 4103 permulta
3134 4033 3185 4086 in
3217 4042 3511 4087 memorata
3540 4035 3640 4088 im-

2067 4118 2153 4188 pia
2177 4119 2400 4187 epistola
2424 4120 2491 4173 ad
2512 4119 2697 4175 Marim
2729 4122 3033 4177 haereticum
3065 4123 3263 4194 scripta
3294 4125 3639 4191 prmteriistis,

2067 4225 2239 4277 neque
2260 4210 2375 4264 ausi
2397 4211 2526 4265 estis
2546 4225 2607 4265 ea
2633 4214 2824 4267 vestris
2852 4213 3112 4282 capitibus
3132 4213 3388 4276 inserere,
3412 4228 3478 4268 ne
3506 4214 3642 4268 forte

2066 4314 2130 4352 ex
2161 4299 2224 4353 iis
2246 4301 2405 4353 etiam
2434 4298 2768 4357 Christianus
2788 4303 3029 4373 populus,
3055 4313 3254 4372 quanta
3284 4318 3313 4358 a
3344 4306 3493 4361 vobis
3519 4323 3642 4377 pro-

2066 4399 2395 4458 pugnaretur
2440 4390 2685 4462 impietas
2727 4391 3080 4460 intelligeret,
3120 4395 3479 4449 necessarium
3525 4410 3643 4449 esse

2063 4487 2419 4557 judicavimus
2442 4527 2457 4551 ,
2508 4489 2625 4543 haec
2660 4504 2871 4559 quoque
2909 4490 3092 4558 paucis
3139 4492 3442 4545 ostendere.
3495 4492 3550 4545 In
3580 4507 3641 4545 ea

2067 4581 2210 4633 enim
2240 4580 2482 4649 epistola:
2519 4588 2671 4648 parte
2696 4620 2709 4644 ,
2759 4596 2874 4649 qua:
2923 4581 3275 4650 praetermissa
3304 4595 3334 4633 a
3366 4581 3512 4635 vobis
3538 4592 3643 4647 est,

2067 4668 2293 4722 habetur
2322 4679 2345 4705 δ
2379 4686 2391 4721 :
2429 4688 2446 4719 ι
2474 4668 2727 4739 Cyrillum
2756 4686 2909 4724 aures
2932 4671 3169 4723 omnium
3193 4670 3568 4739 episcoporum
3592 4672 3643 4725 in

2069 4758 2337 4827 Ephesum
2367 4759 2796 4813 convenientium
2832 4774 3038 4814 veneno
3075 4760 3366 4813 obczecanti
3405 4761 3642 4814 omnium

2070 4848 2256 4904 oculos
2285 4849 2579 4904 obtinuisse
2622 4849 2972 4917 sapientium;
3026 4850 3292 4904 invenisse
3322 4859 3499 4903 autem
3530 4866 3645 4903 mo-

390 4945 572 5014 ἐτχεν,
605 4942 745 5017 εὗρεν
776 4943 827 4997 δέ
856 4946 1076 5017 ἀφορμήν
1102 4945 1155 4995 ἐκ
1182 4948 1273 4995 τοῦ
1307 4946 1439 4995 κατὰ
1462 4943 1732 5014 Νεστορίου
1762 4942 1963 5010 μίσους,

2072 4943 2195 4998 dum
2226 4960 2292 4998 ex
2315 4944 2439 4998 odio
2464 4944 2515 4997 in
2545 4942 2840 4997 Nestorium
2871 4952 3241 5012 praeconcepto
3272 4961 3284 4993 :
3316 4951 3477 5010 atque
3503 4942 3665 5007 nulla

399 5037 483 5086 καί
508 5032 583 5087 ὅτι
609 5034 795 5087 καθεῖλε
820 5043 909 5093 τῆς
939 5036 1212 5091 ἐπισκοπῆς
1237 5034 1498 5105 Νεστὸριον
1519 5035 1548 5089 ri
1577 5034 1628 5085 έν
1643 5032 1827 5103 Ἐφέσῳ
1849 5032 1966 5085 σὺνο

400 5121 531 5185 οδος,
563 5126 775 5197 κρίσεως
795 5128 875 5177 καὶ
904 5129 1163 5187 ζητήσεως
1184 5128 1249 5191 μὴ
1282 5124 1594 5193 γενομένης.»
1619 5126 1709 5176 Καὶ
1735 5122 1890 5177 πάλιν
1920 5123 1968 5174 ἐν

400 5220 462 5286 τῇ
643 5215 879 5289 ίπιστολῇ
907 5217 1209 5287 περιέχεται
1228 5229 1242 5242 ⁸
1274 5230 1293 5263 ε
1324 5212 1400 5266 ὅτι
1426 5216 1489 5266 τὰ
1522 5212 1715 5267 δώδεκα
1738 5214 1969 5283 κεφάλαια

401 5308 465 5360 τὰ
493 5309 634 5382 παρά
664 5307 894 5381 κυρίλλου
920 5311 1191 5381 γραφέντα,
1224 5307 1417 5360 ἐναντία
1444 5303 1564 5359 ὅντα
1587 5314 1678 5365 τῆς
1708 5306 1853 5378 ὀρθῆς
1881 5308 1967 5357 πί-

403 5419 583 5461 στεως,
614 5402 897 5473 προέθηκαν
922 5401 967 5453 οἱ
1008 5400 1056 5454 ἐν
1074 5404 1257 5471 Ἐφέσῳ
1289 5402 1630 5469 συναχθέντες
1666 5402 1930 5453 ἐπίσκοποι
1952 5440 1964 5460 ,

404 5493 483 5543 ναί
510 5490 838 5555 ἐϐεϐαίωσαν,
892 5494 976 5544 καί
1017 5495 1297 5561 συνῄνεσαν
1328 5494 1521 5555 αὑτοῖς,
1558 5493 1625 5549 ὡς
1650 5499 1711 5564 τῇ
1740 5491 1859 5563 ὀρθῇ
1880 5492 1966 5543 πί-

402 5581 853 5655 στεισυνᾲδουσιν⁶
903 5584 989 5635 καί
1019 5582 1094 5637 ὅτι
1144 5585 1411 5659 Νεστὸριος
1449 5582 1617 5641 ἐπειδὴ
1658 5586 1877 5654 έμισεῖτο
1916 5586 1965 5638 ίν

402 5685 465 5749 τῇ
493 5677 592 5751 ἰδία
620 5676 780 5739 πόλει,
812 5676 895 5730 καί
922 5678 1060 5752 παρά
1085 5684 1182 5729 τῶν
1202 5680 1415 5751 πρώτων
1442 5680 1612 5738 αὑτῆς.
1644 5678 1965 5751 ὑποστρέψαι

402 5770 506 5823 hct
528 5771 616 5823 οὐκ
636 5767 871 5829 ἠδυνήθη.
904 5787 923 5820 ι
956 5772 1040 5820 Rati
1073 5766 1153 5821 διὰ
1179 5771 1377 5824 πάντιν
1406 5770 1429 5824 ὁ
1460 5771 1658 5845 γράηᾷιας
1692 5776 1781 5828 τήν
1808 5772 1964 5825 αὑτήν

406 5861 566 5919 ἀσεϐῆ
601 5861 889 5919 ἐπιστολήν,
933 5861 989 5912 οὑ
1018 5856 1163 5926 μόνον
1201 5864 1319 5919 τοὺς
1355 5862 1631 5934 αἱρετικοὺς
1673 5858 1860 5912 ἆκδικεῖ
1887 5860 1968 5909 καί

2070 5040 2311 5093 instituta
2342 5038 2706 5108 disquisitione
2732 5049 2784 5092 et
2810 5037 3005 5106 judicio
3029 5038 3329 5093 Nestorium
3362 5038 3428 5091 ab
3458 5036 3645 5092 eadem

2072 5129 2340 5199 Ephesina
2386 5129 2591 5201 synodo
2658 5128 2790 5203 sede
2862 5144 2954 5183 sua
3010 5128 3168 5183 fuisse
3218 5128 3580 5183 deturbatum.
3620 5148 3637 5178 θ

2074 5218 2280 5273 Pariter
2309 5220 2359 5274 in
2404 5221 2591 5274 eadem
2640 5218 2864 5289 epistola
2913 5219 3138 5273 habetur
3168 5237 3180 5271 :
3218 5237 3237 5269 ι
3266 5217 3552 5273 Duodecim
3582 5233 3645 5273 ea

2074 5311 2307 5380 capitula
2343 5311 2409 5365 ab
2441 5309 2639 5381 Cyrillo
2668 5309 2984 5377 conscripta,
3020 5324 3321 5377 quanquam
3350 5323 3469 5361 cum
3501 5318 3643 5363 recta

2077 5402 2179 5457 [ide
2207 5410 2521 5471 pugnarent,
2547 5402 2614 5455 ab
2643 5399 2921 5469 Ephesium
2948 5399 3132 5470 synodi
3162 5400 3425 5469 episc0pis
3446 5415 3645 5468 propo-

2074 5494 2175 5546 sita
2228 5491 2387 5545 fuisse
2434 5498 2595 5559 atque
2642 5488 2953 5543 conﬁrmata
2979 5530 2993 5553 ,
3028 5489 3235 5557 illisque
3263 5504 3359 5543 eos
3394 5498 3645 5557 tanquam

2073 5597 2216 5636 vera:
2257 5581 2376 5635 lidei
2406 5580 2825 5635 consonantibus
2862 5580 3228 5643 consensisse;
3270 5590 3430 5647 atque
3458 5578 3646 5633 Nesto—

2075 5674 2231 5737 rium,
2255 5679 2539 5740 propterea
2562 5670 2705 5737 quod
2732 5670 2855 5726 odio
2883 5670 3168 5725 haberetur
3193 5670 3261 5725 ab
3281 5672 3498 5725 civitate
3526 5685 3638 5731 sua,

2074 5761 2441 5833 primariisque
2470 5760 2678 5813 civibus
2706 5759 2821 5827 ejus
2844 5798 2859 5823 ,
2903 5760 3026 5815 illuc
3054 5761 3269 5814 minime
3299 5760 3531 5829 potuisse
3559 5773 3647 5812 re-

2079 5852 2229 5905 verti.
2273 5868 2290 5900 ε
2328 5851 2503 5917 Atque
2532 5848 2636 5904 hoc
2662 5848 2824 5905 modo
2849 5849 3048 5904 nefarie
3078 5850 3215 5904 illius
3244 5848 3481 5919 epistola:
3509 5849 3671 5913 seri;

477 5958 502 5987 ι
539 5948 725 6007 Exstat
757 5950 808 6004 in
849 5949 978 6003 actis
1020 5960 1175 6004 conc.
1216 5949 1619 6021 Constantinop.
1659 5965 1716 6015 ιι,
1748 5947 1883 6003 Coll.
1914 5944 1964 6007 5,
2010 5943 2148 6011 apud
2202 5942 2364 5997 Labb.
