4112 6546
343 470 476 536 ιίιτῖ

1129 460 1492 520 EPISTULA
1530 461 1931 524 ADVERSUS
1969 462 2451 525 THEODORUM
2488 466 2904 532 MOPSUEST.

3487 471 3620 538 i078

349 612 431 644 κἰι
457 589 582 644 ιιετά
610 589 818 646 θάνατον
856 589 1212 659 ανεοεματίσθη
1230 628 1244 649 ,
1279 583 1331 639 ὃν
1369 585 1532 642 ἀσεϐῆ
1560 582 1814 658 Θεόδωρον
1843 581 1922 639 δι-

2027 599 2060 638 a
2090 583 2192 655 piis
2218 583 2642 654 orthodoxisque
2667 585 2970 643 hominibus
3013 585 3174 642 fuisse
3193 572 3416 644 'dictum
3463 604 3599 648 οω-

351 679 600 736 deleniat
622 688 713 740 τῆς
741 681 1026 743 έκκλησίας,
1055 681 1137 733 καὶ
1163 679 1356 752 κήρυκα
1381 684 1472 735 τῆς
1505 675 1736 735 ἀληθείας
1774 675 1921 729 καλεῖ

356 772 380 827 ἦ
409 771 538 829 αὐτή
560 771 746 831 ἀσεϐής
769 771 1023 832 έπιστολή,
1051 771 1136 824 τὸν
1162 769 1293 844 ὑπὲρ
1336 769 1528 826 πάντας
1571 767 1692 826 τοὺς
1734 766 1924 840 αἴρετε-

353 862 470 920 κοὺς
518 861 972 935 βλασφημήσαντα.
1018 857 1224 920 Οὗτινος
1264 865 1365 913 τῶν
1410 859 1735 930 βλασφημιῶν

352 951 628 1020 ἐλάχιστον
654 949 715 1008 δι’
743 952 919 1027 έτέρας
945 953 1061 1021 ὑμῖν
1087 951 1353 1013 ἐπιστολῆς
1379 951 1462 1004 έπ¹
1489 951 1656 1010 αὐτῶν
1685 953 1802 1020 ὑμῖν
1825 956 1925 1005 τῶν

357 1043 594 1112 ῥημάτων
612 1041 708 1106 ἤδη
728 1044 1111 1115 έφωερὼσαμξν
1134 1039 1500 1106 ἀποδείξαντες,
1529 1043 1610 1096 καί
1638 1043 1690 1096 τί
1717 1040 1760 1094 οί
1792 1038 1926 1111 ἆγιοι

354 1134 593 1211 πατέρες,
627 1132 875 1209 κύριλλος,
923 1135 1005 1186 καί
1056 1132 1287 1206 Ηράκλος,
1337 1136 1421 1187 καί
1457 1129 1768 1192 Ῥαϐϐουλᾶς
1795 1134 1924 1186 κατά

355 1220 638 1298 Θεοδώρου,
672 1224 759 1283 καί
784 1229 884 1278 τῶν
908 1223 1106 1281 ἀσεϐῶν
1133 1224 1289 1279 αὐτοῦ
1314 1222 1472 1294 λόγων
1492 1221 1742 1298 ἔγραψαν,
1769 1243 1928 1276 κατα-

357 1317 604 1388 κρίναντις
621 1316 771 1370 αὐτὸν
794 1318 924 1385 μετά
945 1323 1038 1375 τῆς
1052 1317 1212 1376 αὐτῆς
1236 1315 1854 1390 ἀσεϐείαςιτοιαῦταιγάρ
1873 1314 1926 1368 αί

355 1402 618 1480 Θεοδώρου
631 1405 942 1477 βλασφημίαι
963 1407 1107 1472 εἰσιν,
1124 1404 1204 1460 ὅτι
1219 1403 1309 1475 [1¹’.
1325 1403 1481 1474 ὥστε]
1498 1404 1613 1459 οὐδέ
1635 1406 1780 1476 ὑμεῖς
1795 1404 1928 1459 iro).-

355 1496 548 1560 μήσατε
568 1491 762 1554 ταύτας
781 1491 1050 1558 ἐκδικῆσαι,
1074 1497 1117 1548 εἰ
1134 1497 1218 1548 καί
1236 1494 1321 1548 τὸν
1348 1495 1595 1563 ἐκθέμενον
1623 1495 1780 1553 αὑτάς
1799 1490 1928 1548 έκδιτ

356 1592 505 1642 κῆτε⁹
535 1590 747 1656 φανεροῦ
786 1581 926 1644 ὄντος
955 1583 1031 1640 ὅτι
1058 1583 1217 1646 οὐδεὶς
1242 1585 1306 1638 τά
1335 1585 1462 1639 κοικά
1499 1585 1820 1659 κατακρίνων,
1842 1584 1929 1638 τὸν

355 1674 606 1743 έκθέμινον
627 1675 759 1731 αὐτά
781 1673 978 1737 ἐκδικεῐ,
992 1675 1116 1732 πλήν
1136 1677 1178 1728 εἰ
1198 1679 1266 1744 μή
1286 1676 1468 1729 έκεῖνο»
1484 1675 1567 1730 τὸν
1588 1677 1928 1745 μετανοῆσαν

353 1785 440 1826 τα.
469 1767 552 1823 καί
577 1773 668 1824 τῆς
698 1764 828 1826 ἰδίας
855 1767 1154 1820 ἀποστάντα
1174 1768 1390 1830 πλάνης,
1416 1768 1502 1820 καὶ
1528 1771 1696 1820 ταῦτα
1724 1763 1929 1820 καταδι-

353 1852 602 1910 κιίσειντα.
633 1863 758 1915 Ταῖς
779 1853 832 1910 δέ
855 1851 1027 1916 ἄλλαις
1055 1855 1238 1932 ὕϐρεσι
1263 1864 1375 1915 ταῖς
1399 1855 1446 1908 έν
1473 1863 1535 1930 τῇ
1561 1856 1691 1925 αὐτῇ
1715 1856 1927 1910 έπιστοο

2025 675 2204 729 thema
2221 713 2237 740 ,
2267 682 2325 730 et
2351 675 2420 729 ab
2445 673 2683 730 Ecclesia
2708 674 2966 744 reiectum
2993 690 3141 744 esse,
3167 692 3324 748 quem
3351 677 3598 736 Theodoo

2025 778 2144 816 rum
2190 761 2428 817 omnium
2475 762 2568 831 qui
2615 763 2878 818 hactenus
2919 765 3177 820 exstitere
3222 765 3598 823 haereticorum:

2024 853 2413 923 blasphemum,
2445 853 2608 924 impia
2632 854 2724 909 illa
2751 854 2976 926 epistola
3008 854 3260 912 Ecclesia:
3288 859 3602 926 magistrum

2023 950 2183 998 vocat
2217 957 2628 1013 przeconemque
2663 945 2928 1013 veritatis,
2962 943 3115 1014 cujus
3151 946 3603 1017 blasphemiarum

2026 1034 2271 1102 exiguam
2299 1041 2506 1104 partem
2533 1035 2702 1090 altera
2724 1033 2838 1104 jam
2871 1035 3028 1090 vobis
3068 1036 3296 1105 epistola
3342 1043 3602 1106 exposui-

2025 1141 2146 1182 mus
2171 1142 2186 1180 :
2216 1126 2395 1182 verbis
2436 1140 2668 1196 namque
2687 1125 2785 1182 SS.
2813 1124 3019 1197 Cyrilli,
3047 1123 3228 1181 Procli
3273 1141 3339 1182 ac
3374 1127 3598 1184 Ilahulua

2026 1214 2156 1284 quid
2185 1215 2283 1284 ipsi
2306 1221 2495 1270 contra
2520 1213 2860 1268 Theodorum
2883 1213 3216 1283 scripserint,
3247 1213 3601 1281 ostendimus,

2027 1312 2188 1372 atque
2223 1302 2669 1372 quemadmodum
2696 1317 2842 1368 eum,
2883 1302 3206 1374 impiumque
3251 1303 3370 1373 ejus
3403 1303 3606 1360 doctri-

2028 1408 2170 1458 nam,
2211 1401 2374 1461 atque
2410 1392 2746 1460 iniquitatem
2781 1391 3274 1448 condemnaverint.
3331 1391 3606 1462 Ejusmodi

2027 1491 2206 1538 autem
2236 1491 2361 1537 sunt
2381 1482 2650 1537 Theodori
2676 1481 3038 1553 blasphemiae,
3062 1490 3121 1538 ut
3144 1498 3321 1552 neque
3355 1500 3455 1540 vos
3479 1485 3604 1555 ipsi,

2026 1574 2118 1644 qui
2143 1572 2484 1628 Theodorum
2508 1587 2602 1628 eas
2628 1581 3022 1644 proponentem
3049 1575 3294 1641 tuemini,
3323 1575 3442 1630 illas
3480 1592 3608 1647 pro-

2028 1677 2266 1733 pugnare
2290 1663 2407 1718 ausi
2447 1663 2608 1718 sitis:
2644 1679 2767 1719 cum
2805 1670 2986 1720 tamen
3031 1673 3244 1720 constet
3290 1681 3322 1720 a
3367 1667 3604 1729 nemine,

2027 1755 2118 1822 qui
2163 1753 2496 1823 impietatem
2542 1752 2746 1823 judicio
2783 1769 2883 1810 suo
2924 1756 3335 1826 proscripserit,
3389 1757 3603 1814 defendi

2026 1860 2186 1916 posse
2205 1844 2444 1914 ejusdem
2464 1845 2752 1916 impietatis
2771 1855 3073 1916 patronum,
3097 1849 3199 1904 nisi
3220 1850 3266 1904 is
3288 1848 3514 1908 fortasse
3533 1852 3612 1914 ab.

352 1946 410 2019 λῇ
463 1948 589 2000 κατά
631 1953 721 2000 τοῦ
765 1953 814 2001 δν
842 1946 1002 2019 ἁγίοις
1045 1947 1276 2022 ιυρίλλου
1329 1948 1584 2024 ῥηθείσαις
1627 1945 1923 2021 πρόσκειται

2027 1953 2211 1994 errore
2231 1939 2516 1993 recesserit
2541 1939 2794 2008 primum,
2817 1949 2978 2009 atque
3003 1937 3493 2011 resipuerit,atque
3513 1943 3611 2007 illa

353 2038 566 2096 κάκεῖνο,
597 2033 678 2090 ὅτι
697 2037 1047 2106 ἀναισχύντης
1067 2039 1220 2097 αὐτὸς
1255 2039 1311 2092 έν
1343 2037 1503 2110 ἁγίους
1529 2037 1762 2112 ιύριλλὸς
1790 2039 1920 2102 itm,
1978 2101 1980 2103 γ

355 2129 435 2178 καί
460 2122 535 2179 ὅτι
558 2125 918 2195 μεταμεληθεὶς
945 2128 1142 2183 έναντία
1177 2135 1239 2198 τῇ
1279 2130 1457 2201 πρώτῃ
1484 2129 1642 2182 αὐτοῦ
1671 2125 1921 2183 διδασκα-

353 2213 436 2290 λίᾳ
456 2216 638 2279 ἱξέθετο
695 2215 747 2278 ἐξ
784 2212 850 2268 ὧν
896 2214 922 2270 ὃ
958 2217 1342 2284 την-ἑπιστολήν
1361 2219 1548 2274 iusim»
1574 2215 1780 2292 γράψας
1818 2214 1924 2270 δεί-

353 2327 528 2361 κνυται
555 2307 726 2366 πάσης
746 2308 917 2367 ἀνοίας
937 2307 1141 2376 μεστός.
1165 2313 1265 2361 ῐιοῦ
1292 2311 1392 2381 γὰρ
1421 2307 1447 2362 ὁ
1474 2310 1524 2362 έν
1553 2307 1713 2378 ἁγίοις
1740 2307 1923 2381 Κύριλ-

353 2397 434 2456 λος
459 2399 655 2452 ὶναντία
677 2406 738 2469 τῇ
767 2401 941 2471 πρώτῃ
971 2400 1127 2453 αὐτοῦ
1147 2397 1445 2473 διδασκαλία
1472 2401 1690 2466 ὲξέθετο,
1719 2398 1750 2458 ἦ
1772 2419 1921 2470 μετε-

352 2489 558 2551 νόησενς
681 2494 790 2546 πῶς
826 2489 857 2544 ἡ
902 2489 952 2540 ἓν
988 2485 1262 2546 Χαλκηδόνι
1297 2487 1418 2562 ἁγία
1464 2486 1677 2549 σύνοδος
1723 2490 1920 2564 πατέρα

351 2582 532 2636 τοῦτον
573 2578 903 2652 ἐπεγράφετο,
935 2577 981 2631 εί
1023 2578 1322 2650 μετεμελήθη
1343 2620 1357 2646 ,
1405 2580 1528 2632 καθά
1569 2586 1632 2653 τῇ
1678 2580 1918 2652 ἓπιστολῇ

353 2669 681 2742 περιέχεταις
711 2677 766 2720 ⁸0
789 2669 888 2742 γάρ
918 2676 1173 2738 μετανοῶν
1202 2670 1259 2722 οὐ
1288 2677 1394 2730 τοῖς
1421 2667 1742 2730 διδασκάλοις
1772 2691 1925 2725 συνα-

353 2741 636 2825 ριθμεῖται,
684 2756 787 2822 ἀλλ’
829 2741 897 2818 ὦς
950 2757 1051 2816 ἀπὸ
1095 2758 1284 2818 πλάνης
1326 2757 1661 2833 ὑποστρέψας
1713 2757 1920 2821 δεκτεός

353 2865 484 2901 εστι.

2026 2028 2482 2096 eondemnaverit,
2513 2045 2636 2100 quae
2663 2031 2792 2086 olim
2818 2031 2983 2102 impie
3010 2031 3300 2088 docuisset.
3333 2034 3414 2088 Ad
3451 2043 3604 2099 caete-

2025 2135 2114 2174 ras
2142 2128 2322 2174 autem
2347 2121 2698 2176 contumelias
2720 2122 2976 2177 adversus
2995 2132 3240 2179 sanctum
3261 2125 3515 2195 Cysillum
3538 2141 3603 2182 ea

2027 2208 2080 2262 in
2108 2209 2336 2278 epistola
2368 2208 2600 2278 jactatas
2637 2210 2889 2279 adjicitur
2933 2211 3116 2278 etiam,
3161 2214 3389 2284 turpiter
3433 2216 3606 2283 egisse

2025 2300 2304 2372 Cyrillum,
2347 2299 2490 2357 adeo
2535 2308 2615 2369 ut,
2639 2316 2827 2357 eorum
2861 2303 3130 2372 paenitens
3169 2318 3291 2373 quae
3335 2306 3602 2362 docuisset

2026 2393 2540 2465 pridem,adversam
2564 2393 2668 2450 illis
2690 2393 2993 2449 doctrinam
3020 2397 3376 2469 proposuerit.
3401 2397 3604 2455 Exinde

2027 2501 2156 2541 vero
2188 2486 2430 2555 epistolae
2468 2486 2705 2556 scriptor
2752 2487 3126 2544 insanissimus
3174 2504 3295 2544 esse
3339 2489 3602 2560 proditur.

2028 2575 2146 2642 Quo
2183 2589 2414 2644 namque
2457 2575 2562 2630 loci
2603 2575 2904 2633 doctrinam
2942 2579 3170 2634 astruxit
3213 2579 3440 2651 Cyrillus
3481 2596 3602 2637 cum
3694 2582 3697 2583 ⁷

2023 2681 2119 2721 sua
2151 2665 2330 2735 priore
2365 2667 2730 2735 pugnantem?
2764 2681 2872 2736 quo
2901 2668 3183 2738 paenituit?
3207 2669 3295 2724 vel
3334 2671 3604 2749 quomodo

2023 2755 2136 2810 ﬁeri
2165 2755 2338 2825 potuit
2364 2763 2474 2810 uta
2502 2764 2688 2812 sancta
2716 2755 3140 2815 Chalcedonensi
3168 2759 3375 2828 synodo
3399 2764 3604 2818 sanctis

2022 2843 2269 2900 Patribus
2309 2855 2773 2914 annumeraretur,
2820 2848 2889 2916 si,
2923 2851 3374 2919 quemadmodum
3421 2862 3604 2908 narrat

2033 2937 2281 3007 epistola,
2310 2937 2503 3008 prioris
2520 2953 2640 2993 eum
2669 2955 2780 2994 sua:
2811 2940 3070 2996 doctrina:
3105 2943 3477 3012 pmnituisset?
3503 2944 3603 3012 Qtl'

350 3025 492 3080 enim
515 3027 582 3083 ab
609 3030 1101 3085 erroremevertitur
1126 3030 1192 3085 ad
1211 3031 1495 3087 sanitatem
1524 3044 1632 3086 non
1655 3030 1792 3086 inter
1818 3029 2071 3085 doctores
2099 3028 2406 3094 ascribitur,
2435 3029 2532 3084 sed
2553 3029 2718 3085 veluti
2737 3030 2806 3085 ah
2827 3045 3013 3085 errore
3038 3047 3351 3089 conversus.

421 3121 567 3181 τέλος
596 3119 648 3176 δέ
669 3129 818 3177 τοῦτο
836 3124 992 3190 αὐτῆς
1019 3121 1044 3176 ὁ
1085 3122 1290 3195 γράψας
1325 3127 1416 3182 τήν
1450 3124 1713 3182 επιστολὴν
1751 3124 1920 3182 ἐποιή-

353 3232 478 3264 σατο
502 3213 677 3284 λέγων·
712 3229 731 3263 t
763 3211 878 3268 ὀτι
898 3211 977 3268 δεῖ
995 3212 1245 3284 ὁμολογεῖν
1275 3216 1346 3274 εἰς
1370 3216 1456 3269 τὸν
1479 3214 1614 3280 ναὸν,
1643 3218 1722 3268 καί
1745 3218 1818 3274 εἰς
1833 3217 1920 3269 τὸν

353 3304 629 3358 ἕνιικοῦντα
657 3304 704 3356 ἐν
733 3312 801 3375 νῷ
824 3312 948 3377 ναῷ.
993 3321 1023 3368 ο,
1052 3315 1132 3359 Ἐκ
1157 3307 1355 3368 τούτων.
1373 3304 1425 3361 δέ
1457 3305 1576 3361 ὅσον
1601 3305 1711 3368 ἧκεν
1735 3309 1806 3367 είς
1829 3312 1920 3366 τήν

353 3393 586 3447 ἀσέϐεαν
621 3400 711 3454 τῆς
758 3394 1042 3460 έπιστολῆς.
1091 3400 1176 3451 καὶ
1219 3400 1339 3457 τοὺς
1379 3396 1701 3460 ὶκδικοῦντας
1739 3400 1916 3465 αὐτὴν,

353 3487 501 3535 πᾶσα
520 3483 552 3540 ἦ
577 3483 697 3556 ὀρθή
722 3485 894 3544 πίστις
915 3487 1265 3560 ἀνατρέπεται.
1297 3497 1348 3541 Ἥ
1373 3490 1474 3569 γάρ
1499 3488 1728 3547 καθολική
1749 3489 1916 3546 έκκλη-

351 3575 440 3624 σία
461 3571 546 3626 ἵνα
583 3576 756 3646 κύριον
795 3571 981 3631 Ἰησοῦν
1017 3577 1229 3650 Χριστὸν
1271 3585 1504 3650 μονογενῆ,
1543 3581 1649 3632 υἱὸν
1673 3585 1763 3635 τοῦ
1791 3586 1918 3634 Θεοῦ
1948 3552 1994 3614 C

353 3659 600 3733 ὁμολογεῖ,
622 3665 710 3716 καί
733 3665 859 3735 οὐχί
886 3667 956 3725 είς
981 3667 1065 3720 τὸν
1091 3668 1206 3721 ναὸν
1230 3659 1315 3722 καί
1339 3671 1408 3730 εἰς
1433 3668 1518 3724 τὸν
1552 3670 1834 3725 ἐνοικοῦντα
1873 3669 1920 3724 έν

352 3763 424 3824 τῷ
447 3763 549 3827 ναῷ
569 3759 825 3812 πιστεύειν
869 3757 899 3816 ἦ
930 3758 1182 3831 ὁμολογεῆ
1235 3759 1478 3816 διδάσκει.
1512 3759 1658 3816 Ὀθεν
1691 3765 1777 3816 καί
1815 3771 1922 3824 τοῖς

351 3852 443 3902 τοῦ
474 3847 616 3918 ἁγίου
646 3849 950 3918 ἀξιουμένοις
989 3850 1350 3922 βαπτίσματος
1384 3851 1723 3926 παραδίδοται
1749 3852 1923 3924 ὁμολοο

351 3944 454 4002 ’,σεῖν
477 3939 564 3992 καί
589 3941 844 3994 πιστεύειν
869 3943 940 4000 είς
963 3939 1050 3996 ἕνα
1077 3942 1274 4015 πατέρα
1294 3945 1682 4020 παντοκράτορα
1697 3983 1710 4006 ,
1735 3947 1820 3997 καί
1847 3948 1922 4004 εἰς

352 4029 438 4081 ἕνα
461 4029 628 4103 κύριον
649 4035 840 4086 Ἰησοῦν
866 4032 1078 4106 Χριστὸν
1097 4033 1183 4086 τὸν
1210 4032 1318 4084 υίόν
1346 4035 1496 4087 αὐτοῦ
1531 4034 1615 4088 τὸν
1656 4043 1914 4107 μονογενῆ,

352 4123 435 4173 καί
464 4124 535 4181 εἰς
580 4123 639 4176 τὸ
669 4120 813 4195 ἅγιον
850 4130 1086 4194 πνεῦμα,
1121 4126 1178 4179 οὒ
1212 4132 1308 4196 μὴν
1333 4128 1404 4186 είς
1431 4125 1522 4181 δύο
1561 4129 1734 4190 υἱοὺς.
1771 4128 1803 4188 ἦ
1829 4128 1921 4198 δύο

353 4213 626 4280 Χριστοὺς,
649 4209 772 4288 ὅπερ
801 4215 830 4270 ἠ
853 4216 982 4289 πρὸς
1009 4217 1162 4288 Μάριν
1177 4217 1263 4270 τὸν
1283 4217 1476 4291 Πέρσην
1497 4218 1735 4277 έπιστολή
1761 4217 1919 4284 δηλοῖ,

354 4300 569 4372 λέγουσα
590 4311 780 4378 χρῆναι
804 4305 1052 4378 ὁμολογεῖν
1079 4311 1150 4368 εἰς
1176 4310 1260 4363 τὸν
1309 4310 1425 4363 ναὸν
1469 4313 1546 4364 καί
1579 4313 1650 4371 εἰς
1674 4313 1759 4366 τὸν
1800 4313 1924 4366 ένοι-

353 4401 533 4448 κοῦντα
555 4396 602 4447 ἐν
622 4403 694 4465 τῷ
712 4404 835 4462 ναῷ,
861 4400 946 4451 καὶ
982 4399 1035 4452 lx
1064 4400 1245 4454 τούτου
1277 4400 1518 4473 τέταρτον
1555 4400 1833 4476 πρόσωπον
1859 4409 1921 4476 τῇ

353 4485 473 4559 ἁγίᾳ
497 4484 670 4563 τριάδι
697 4485 968 4560 έπεισοὶγου
975 4510 1064 4544 σα.
1423 4486 1426 4490 ’
1621 4487 1624 4490 ’

421 4665 498 4718 Ἐκ
527 4671 722 4724 τούτων
761 4670 927 4722 τοίνυν
963 4668 1198 4726 ἁπάντων
1233 4668 1528 4747 δέδεικταιλ
1551 4672 1630 4729 ὅτι
1667 4675 1920 4751 ἀλλότριὸς

351 4755 458 4808 έστε
487 4764 577 4814 τῆς
613 4753 872 4832 ὀρὼδόξου
913 4759 1137 4823 πίστεως
1174 4757 1201 4812 ὃ
1234 4765 1325 4818 τήν
1363 4765 1718 4836 προειρημένην
1759 4765 1920 4826 ἀσεϐῆ

353 4843 618 4902 ἐπιστολήν
641 4847 874 4911 ἐπαινῶν,
904 4846 934 4906 ἦ
961 4845 1186 4902 ίκδικῶν.
1211 4849 1406 4909 Ἐπειδὴ
1433 4849 1488 4906 δέ
1511 4853 1674 4925 λέγετε
1692 4895 1706 4921 ,
1734 4861 1798 4916 ὡς
1819 4854 1845 4909 ὃ
1871 4857 1920 4908 έν

2095 3115 2210 3172 Hoc
2237 3115 2470 3188 denique
2498 3120 2658 3175 modo
2681 3120 2964 3191 epistolam
3008 3123 3238 3192 scriptor
3288 3125 3565 3191 concludit
3583 3142 3630 3195 :_

2033 3228 2052 3262 ε
2081 3209 2351 3282 Conliteri
2385 3226 2452 3266 ac
2483 3211 2704 3268 credere
2749 3222 2966 3284 oportet
3010 3215 3065 3270 in
3092 3216 3452 3286 templum-et
3477 3232 3632 3288 eum,

2024 3301 2116 3369 qui
2145 3300 2196 3355 in
2221 3301 2418 3370 templo
2443 3301 2723 3357 inhabitat.
2755 3321 2774 3355 ι
2820 3302 2938 3370 Quo
2967 3318 3036 3359 ex
3063 3303 3207 3370 loco,
3236 3315 3494 3374 quantum
3535 3307 3634 3372 ad,

2025 3391 2356 3462 impietatem
2382 3393 2624 3462 epistola:
2650 3403 2863 3464 spectat
2897 3395 3126 3467 ejusque
3163 3406 3442 3467 patronos,
3491 3401 3603 3454 uni~
3630 3454 3632 3456 ,

2023 3495 2177 3535 versa
2213 3482 2537 3537 subvertitur
2567 3494 2713 3539 recta
2757 3483 2907 3541 ﬁdes.
2952 3485 3230 3543 Catholica
3256 3488 3454 3559 quippe
3497 3488 3604 3545 Ec~
3633 3528 3637 3532 -

2022 3569 2184 3625 clesia
2212 3571 2428 3626 unicum
2456 3572 2736 3628 Dominum
2765 3573 2948 3630 Jesum
2985 3575 3256 3633 Christum
3284 3578 3476 3634 Filium
3505 3579 3601 3638 Dei

2022 3661 2355 3729 unigenitum
2382 3665 2690 3732 conﬁtetur,
2737 3681 2916 3737 neque
2934 3668 3156 3739 uspiam
3182 3670 3344 3733 docet
3375 3672 3600 3729 creden-

2021 3752 2146 3807 dum
2189 3768 2310 3809 esse
2349 3755 2419 3809 in.
2449 3757 2728 3827 templum,
2757 3757 2980 3829 ejusque
3027 3760 3462 3830 inhabitatorem,
3505 3774 3626 3832 aut,

2021 3843 2136 3898 hatc
2183 3843 2444 3908 conﬁteri,
2479 3853 2767 3916 oportere,
2814 3850 3268 3919 quemadmodum
3311 3853 3378 3919 ad
3425 3859 3630 3921 sancti,

2022 3931 2357 4002 baptismatis
2381 3937 2608 4004 gratiam
2647 3938 2750 3992 adn
2773 3939 2911 4000 issis,
2931 3942 3110 4009 tradit,
3153 3952 3213 3999 ut
3245 3946 3599 4003 confiteantur

2021 4028 2089 4085 et.
2103 4022 2406 4079 credantin
2435 4041 2599 4082 unum
2622 4026 2787 4084 Deum
2818 4029 3035 4086 Patrem
3071 4038 3514 4107 omnipotentem,
3545 4049 3625 4104 et,

2023 4111 2076 4167 in
2107 4128 2269 4168 unum
2297 4113 2580 4170 Dominum
2607 4115 2788 4173 Jesum
2818 4118 3090 4176 Christum
3128 4121 3322 4180 Filium
3357 4125 3451 4182 Dei
3476 4131 3601 4196 uni-

2022 4200 2280 4267 genitum,
2307 4203 2435 4258 etin
2458 4202 2715 4274 Spiritum
2739 4217 3007 4278 sanctum,
3036 4226 3144 4266 non
3172 4213 3225 4268 in
3253 4213 3388 4270 duos
3414 4215 3597 4282 Filios,

2022 4288 2106 4342 vel
2137 4289 2189 4344 in
2215 4290 2352 4347 duos
2369 4291 2641 4362 Christos,
2670 4305 2832 4367 prout
2877 4299 3104 4370 epistola
3148 4301 3217 4360 ad
3253 4303 3442 4360 Marim
3471 4307 3600 4364 Per.

2021 4397 2137 4437 sam
2163 4382 2365 4440 diserte
2383 4387 2574 4442 statuit
2595 4403 2717 4444 esse
2743 4390 3087 4460 credendum,
3127 4389 3308 4465 templi
3355 4405 3517 4468 atque
3545 4401 3622 4466 in1

2021 4473 2137 4544 ipso
2175 4474 2521 4533 inhabitantis
2568 4477 2672 4545 ﬁde
2717 4483 3015 4551 proposita,
3059 4499 3168 4553 quo
3209 4485 3267 4538 lit
3311 4495 3618 4558 utquarta,

2021 4573 2219 4622 sancttn
2240 4564 2517 4625 Trinitatis
2543 4585 2774 4639 persona
2794 4574 3174 4629 constituatur.

2094 4657 2532 4718 Demonstratum
2572 4671 2657 4725 est
2701 4663 2882 4735 itaque
2922 4666 3007 4722 his
3039 4669 3309 4734 omnibus,
3365 4672 3601 4740 prmium

2020 4750 2373 4806 exsecrabilis
2393 4752 2637 4822 epistolis
2679 4761 2941 4825 patronos
2972 4765 3136 4827 atque
3177 4760 3489 4818 laudatores
3527 4765 3597 4818 ab

2022 4846 2321 4903 orthodoxa
2344 4846 2445 4904 [ide
2472 4851 2691 4906 omnino
2718 4851 2924 4908 alienos
2951 4869 3072 4910 esse
3106 4855 3393 4925 judicatos.
3425 4858 3597 4917 Caete-

353 4935 512 5006 ἁγίοις
540 4935 769 5007 κύριλλος
793 4935 877 4992 διά
899 4944 1054 4993 τοῦτο
1082 4940 1224 5014 παρά
1257 4947 1354 4994 τῶν
1379 4944 1672 4998 ἀνατολικῶν
1706 4944 1912 5015 ἐδέχθη,

2023 4955 2161 5008 rum,
2191 4941 2315 5008 quia
2343 4949 2580 4997 sanctum
2599 4942 2855 5016 Cyrillum
2894 4946 3096 5002 idcirco
3132 4948 3200 5004 ab
3238 4949 3599 5009 Orientalibus

354 5023 431 5079 ὅτι
457 5028 527 5080 τά
546 5025 652 5087 ἴδια
688 5027 932 5100 κεφάλαια
960 5030 1294 5102 ἡρμήνευσεν,
1326 5033 1383 5084 οὐ
1408 5032 1726 5102 θαυμάζομεν
1759 5034 1914 5102 ὑμᾶς,

355 5113 436 5170 ὅτι
463 5119 545 5169 καί
581 5118 632 5170 έν
666 5126 772 5176 τοῖς
803 5120 1071 5188 πεμφθεῖσι
1107 5119 1230 5194 παρ’
1275 5121 1415 5190 ὑμῶν
1456 5121 1730 5192 κεφαλαίοις
1755 5121 1916 5180 οὕτως

354 5207 664 5272 ἠπατήθητε,
709 5208 754 5262 οἱ
793 5211 876 5262 καὶ
913 5209 1043 5265 αὐτά
1081 5210 1146 5262 τά
1173 5209 1222 5261 έν
1261 5217 1324 5282 τῇ
1361 5211 1471 5266 κατ’
1498 5208 1706 5281 Ἔφεσον
1740 5213 1917 5284 πρώτη

351 5293 546 5367 συνόδῳ
570 5300 889 5374 γεγραμμένα
911 5299 1231 5370 ἠγνοηκότες.
1275 5303 1368 5369 καί
1395 5302 1489 5373 γὰρ
1523 5304 1604 5353 καί
1630 5299 1656 5354 ὁ
1685 5300 1735 5354 έν
1760 5301 1916 5372 ἁγίοις

354 5386 682 5456 Κελεστῖνος,
722 5392 812 5444 καὶ.
839 5392 870 5448 ἡ
918 5393 968 5444 έν
996 5389 1180 5463 Ἐφέσῳ
1219 5395 1397 5467 πρώτη
1436 5388 1674 5455 σύνοδος,
1706 5396 1788 5446 καί
1813 5391 1840 5446 ὁ
1868 5394 1918 5446 έν

351 5479 514 5547 ἁγίοις
545 5480 704 5543 Λέων,
732 5483 810 5534 καί
838 5483 869 5538 ἡ
903 5482 953 5535 έν
980 5481 1252 5541 Χαλκηδόνι
1275 5483 1392 5553 ἁγία
1418 5479 1626 5542 σύνοδος
1650 5485 1781 5537 αὑτά
1809 5483 1918 5537 καθ’

350 5569 482 5624 οὖτά
507 5568 570 5623 τά
598 5569 834 5641 κεφάλαια
859 5577 953 5625 τοῦ
991 5573 1043 5626 έν
1081 5571 1236 5644 ἁγίοις
1277 5570 1509 5644 κυρίλλου
1545 5573 1630 5625 καί
1665 5569 1914 5638 έδέξαντο,

351 5661 436 5712 καί
459 5659 787 5728 ἐϐεϐαίωσαν,
819 5663 1145 5732 καέ-οὐδεμίαν
1167 5665 1352 5716 τούτων
1372 5662 1630 5737 ἑρμηνείαν
1651 5664 1916 5728 (Camerar

351 5753 385 5808 ’ὁ
408 5752 506 5826 γάρ
531 5752 768 5828 έρμηνεία
787 5757 844 5808 οὐ
869 5753 952 5810 διά
973 5758 1092 5814 τοὺς
1120 5753 1412 5831 ὀρθοδόξους
1436 5758 1626 5830 έγένετο
1642 5799 1656 5824 ,
1687 5757 1810 5814 ἀλλά
1834 5755 1919 5815 διά

353 5845 472 5904 τοὺς
511 5843 820 5918 αίρετικοὺς,
851 5848 893 5902 οἳ
926 5845 1188 5920 Νεστόριον
1226 5845 1560 5914 έκδικοῦντες,
1592 5857 1699 5909 τοῖς
1725 5869 1914 5919 μνημο·

355 5934 566 5989 νευοεῐσι
597 5935 873 6005 κεφαλαίοις
899 5936 1172 6006 crussis-[om
1198 5935 1281 6003 Ὠς
1305 5940 1402 6012 γὰρ
1425 5941 1567 6010 ὑμεῖς
1592 5940 1776 6012 λέγετε,
1800 5936 1916 5994 οὔτε

2021 5042 2140 5082 esse
2167 5038 2443 5098 receptum
2479 5031 2674 5098 dicitis,
2721 5041 3008 5103 propterea
3053 5036 3197 5107 quod
3240 5053 3336 5093 sua
3383 5039 3470 5095 illa
3511 5058 3597 5098 ca-

2017 5115 2130 5185 pita
2159 5118 2537 5188 interpretatus
2564 5121 2654 5186 sit,
2681 5123 2902 5178 minime
2926 5125 3184 5182 miramur
3206 5143 3304 5184 vos
3331 5130 3384 5185 in
3402 5134 3596 5190 vestris

2018 5207 2084 5262 ad
2104 5223 2204 5263 nos
2228 5211 2401 5265 missis
2422 5212 2684 5281 capitibus
2721 5215 2966 5272 similiter
2988 5232 3107 5274 esse
3149 5219 3425 5292 deceptos,
3471 5241 3592 5280 cum

2020 5295 2268 5353 videlicet
2292 5310 2410 5355 acta
2429 5316 2642 5372 quoque
2667 5305 2860 5374 prioris
2893 5307 3172 5376 Ephesium
3215 5313 3404 5384 synodi
3442 5315 3593 5383 igno-

2019 5401 2140 5474 rare
2163 5386 2468 5445 videamini.
2491 5391 2730 5462 Namque
2748 5404 2962 5450 sanctus
2981 5395 3321 5470 leestinus,
3346 5411 3401 5458 et
3421 5405 3592 5474 prima

2021 5473 2290 5545 Ephesina
2324 5482 2579 5550 synodus,
2608 5490 2664 5538 et
2699 5483 2758 5539 S.
2805 5483 2936 5554 Leo,
2980 5495 3036 5543 et
3065 5489 3234 5559 ipsum
3278 5473 3496 5563 quoque
3531 5496 3609 5566 S._

2021 5574 2458 5636 Chalcedonense
2487 5582 2794 5649 concilium,
2824 5599 2887 5640 ea
2923 5584 2980 5640 S.
3023 5586 3200 5658 Cyrilli
3235 5591 3469 5661 capitula
3499 5609 3594 5650 ex-

2024 5675 2296 5735 ceperunt,
2329 5685 2534 5741 suoque
2569 5671 2820 5743 sull'ragio
2855 5674 3318 5746 confirmaverunt,
3365 5681 3594 5738 nullam-

2022 5773 2126 5826 que
2153 5773 2338 5814 corum
2373 5762 2760 5830 expositionem
2787 5772 3365 5840 unquamqutcsivere.
3408 5772 3590 5845 Expli-

2023 5848 2163 5902 catio
2187 5848 2327 5903 enim
2352 5849 2585 5906 adhibita
2613 5861 2694 5907 est
2722 5870 2826 5910 non
2855 5855 3239 5914 catholicorum
3266 5862 3458 5930 gratia,
3492 5863 3585 5917 sed

2019 5945 2244 6007 propter
2269 5938 2564 6012 haereticos,
2595 5942 2686 6014 qui
2715 5942 2941 6004 Ncstorii
2980 5947 3217 6021 partibus
3243 5949 3440 6011 addicti
3465 5966 3613 6008 ine-.1
