4088 6532
544 408 566 468 ?
577 413 685 472 i373)

1800 411 2244 477 JUS’I‘INIANI
2292 411 2448 473 IMP.

3637 404 3786 468 1080

526 532 595 582 τὰ
620 526 740 599 ἅγια
765 512 1056 599 εὐαγγέλια.
1086 520 1201 579 οὔτε
1246 522 1272 578 ό
1306 521 1625 587 ἀπόστολος,
1675 518 1791 577 οῦτε
1835 523 1890 576 ui.
1926 522 2093 577 λοιπαί

2199 527 2405 573 morata
2432 518 2607 587 capita
2653 519 3052 589 oppugnabant.
3101 516 3169 572 Ut
3198 516 3337 572 enim
3368 531 3463 569 vos
3491 515 3590 587 ipsi
3635 514 3780 573 fata-

524 622 649 672 triai
667 618 852 689 γραφαί
876 614 1051 668 δεκταί
1069 617 1217 675 εἰσιν,
1244 617 1288 668 ιε
1308 618 1376 684 μή
1401 612 1481 669 ότι
1501 614 1543 667 οί
1568 612 1705 684 ἅγιοι
1728 615 1945 687 πατέρες
1968 610 2099 669 ταύ-

524 728 619 768 τας
642 710 976 785 ἧρμιόνευσαν.
1003 705 1265 780 Ἐρυθριᾷν
1298 703 1352 760 δέ
1391 706 1604 776 ὀφείλετε
1632 706 1894 777 λέγοντες,
1933 703 2014 758 ὅτι
2054 705 2098 757 οί

524 798 802 853 ἀνατολικοί
818 798 862 851 οἱ
886 797 1151 871 Νεστόριον
1179 795 1484 855 ἐκδικοῦντες
1510 794 1737 860 ἐδέξαντο
1756 796 1839 851 τόν
1867 797 1919 851 έν
1938 794 2099 865 ἁγίοις

528 891 761 965 ιιύριλλον
787 891 854 945 τά
871 886 980 943 ἴδια
1006 887 1247 959 κεφάλαια
1270 888 1628 962 έρμηνεύοντα.
1656 887 1736 941 Ἐκ
1755 893 1843 943 τοῦ
1870 890 2099 942 έναντίου

526 984 624 1052 γὰρ
652 984 685 1039 ἡ
730 982 1038 1037 ἀποστολική
1074 977 1288 1052 καθέδρα
1331 982 1548 1048 Ῥώμης,
1595 981 1680 1033 καί
1719 976 1950 1053 κύριλλος
1995 978 2021 1031 ὁ
2050 979 2097 1030 ἐν

526 1072 689 1143 ἁγίοις
709 1072 827 1129 τούς
847 1069 1164 1128 ἀνατολικούς
1187 1068 1492 1128 ἐπισκόπους
1512 1068 1897 1142 κατακρίῗναντας
1916 1067 2100 1121 Νεστό-

529 1181 655 1236 ριον,
694 1164 777 1214 καί
801 1166 891 1218 τήν
918 1161 1071 1214 αὐτοῦ
1099 1160 1365 1223 ἀσέϐειαν,
1398 1162 1468 1220 εἰς
1497 1162 1749 1212 κοινωνίαν
1774 1156 2001 1221 ἐδέξαντο
2030 1161 2099 1218 ὡς

527 1257 610 1306 τινί
635 1252 661 1307 ό
684 1255 735 1305 έν
772 1252 924 1324 ἁγίοις
956 1255 1133 1310 πάπας
1159 1252 1345 1318 Ῥώμης
1384 1251 1583 1309 Ξύστος
1609 1247 1814 1323 γράφων
1850 1250 1981 1318 μετά
2008 1256 2099 1308 τῆς

528 1341 659 1400 ἰδίας
687 1336 905 1395 συνόδου
931 1341 1059 1414 πρὸς
1085 1342 1170 1394 τὸν
1203 1343 1253 1392 έν
1278 1339 1439 1409 ἁγίοις
1467 1339 1719 1412 Κύρελλον,
1752 1341 1834 1391 καί
1860 1340 1978 1397 τούς
2006 1360 2098 1392 κα-

528 1430 725 1497 μάτους
768 1432 982 1484 ὶπαινῶν
1025 1432 1143 1487 τούς
1187 1431 1341 1482 αὐτοῦ
1387 1431 1508 1489 τούς
1553 1431 1684 1501 ύπέρ
1730 1435 1820 1486 τῆς
1869 1428 2099 1489 έδὼσεως

527 1526 810 1592 γενομένους
836 1523 1019 1591 μεταξύ
1048 1519 1207 1575 ἄλλων
1237 1520 1399 1581 οὕτως
1427 1516 1580 1573 εἶπεν
1611 1536 1629 1569 ε
1649 1520 1943 1577 Ἐπανῆλθον
1970 1521 2098 1595 πρὸς

527 1618 661 1679 ἡμᾶς
734 1611 778 1665 οί
817 1611 1049 1681 ἀδελφοί,
1079 1611 1207 1685 πρὸς
1241 1611 1374 1680 ἡμᾶς
1401 1630 1546 1679 φημι,
1578 1614 1625 1671 οἳ
1665 1614 1755 1667 τήν
1785 1610 1931 1662 νόσον
1964 1618 2098 1683 κοινῇ

529 1700 728 1775 σπουδῇ
777 1700 1146 1765 ἀποδιώξαντες
1206 1707 1299 1759 τῆς
1347 1707 1448 1754 τῶν
1500 1700 1689 1769 ψυχῶν
1742 1700 2098 1773 ἐφροντίσαμεν

525 1796 811 1867 θεραπείας.
842 1811 862 1843 ν
908 1797 993 1847 καί
1019 1794 1196 1847 πάλιν·
1233 1809 1253 1843 ε
1282 1795 1589 1865 Εὐφραίνου,
1613 1791 1788 1865 ἀδελφέ
1832 1796 2092 1864 ἀγαπητὴ

526 1886 614 1936 καί
636 1885 764 1957 πρὸς
800 1885 935 1953 ἡμᾶς
974 1885 1058 1937 ἐπὶ
1100 1885 1451 1952 συναχθέντων
1490 1890 1590 1937 τῶν
1633 1882 1851 1953 ἀδελφῶν
1898 1886 2097 1942 ληκητὴς·

526 1971 763 2040 ἁγαλλιῶ.
794 1968 982 2033 Ἐζητει
1001 1973 1033 2027 ἦ
1059 1971 1289 2029 έκκλησία
1315 1970 1401 2032 οῦς
1422 1972 1693 2026 ἀπέλαϐεν.
1720 1975 1775 2025 Εἰ
1794 1972 1891 2044 γὰρ
1912 1969 2101 2039 μηδένα

526 2071 628 2119 τῶν
646 2069 834 2136 μικρῶν
861 2062 1135 2116 ἀπολέσθαι
1160 2064 1383 2131 θέλομεν,
1411 2064 1558 2134 πόσῳ
1588 2063 1770 2134 μᾶλλον
1797 2062 1882 2118 δεῖρ
1900 2069 2102 2135 χαίρειν

527 2159 660 2220 ἡμᾶς
682 2156 769 2207 hri
794 2162 857 2223 τῇ
876 2155 1041 2227 ὑγιείᾳ
1065 2161 1163 2206 τῶν
1189 2156 1502 2225 ἡγουμένων;
1534 2153 1816 2228 ’Δνίγνομεν
1841 2153 1963 2225 [Ieg.
1998 2158 2102 2211 ἀνέ-

528 2247 737 2314 γνωμενξ
753 2244 916 2302 πόσην
939 2246 1114 2317 χαρὰν
1127 2247 1394 2322 παρέσχεν
1409 2244 1457 2299 ἓν
1481 2245 1735 2320 πρόϐατον
1751 2248 2098 2314 ἀνακομισθὲν,

529 2338 615 2388 καί
633 2339 780 2389 τοῦτο
797 2335 975 2388 ἐννοεῖν
997 2334 1268 2407 ὀφείλομεν,
1293 2335 1454 2389 πόσον
1473 2333 1672 2389 ἔπαινον
1693 2334 1727 2390 ἴ
1721 2356 1809 2406 χει
1824 2338 2101 2397 τοσούτους

529 2426 771 2494 ποιμένας
802 2424 1228 2497 συγκαλέσασθαι.
1252 2422 1328 2480 Ἐν
1350 2425 1551 2495 έκάστῳ
1576 2427 1746 2497 ἀγέλαι
1776 2428 2097 2498 θεωροῦνται,

528 2517 634 2585 οὐχ
662 2516 771 2576 ένός
803 2517 1015 2573 ἐνταῦθα
1049 2519 1108 2573 τό
1143 2525 1363 2593 πρᾶγμα
1393 2524 1635 2583 ζητεῖται,
1671 2519 1848 2579 ὁσάκις
1880 2522 2101 2594 πράττε-

529 2626 616 2659 ται
638 2610 757 2679 περὶ
782 2615 873 2668 τῆς
900 2608 1093 2679 ύγιείας
1118 2617 1218 2664 τῶν
1255 2611 1465 2665 πολλῶν.
1498 2628 1518 2661 ν
1552 2613 1641 2663 καί
1664 2610 1835 2665 πάλιν
1865 2628 1881 2660 ι
1909 2611 2101 2684 Χαίρω·

530 2715 621 2763 μιν
649 2696 732 2749 έπί
752 2703 823 2767 τῷ
846 2697 1105 2752 καλεῖσθαι
1130 2700 1213 2752 τὸν
1236 2701 1326 2758 τῆς
1344 2698 1640 2767 ’Δντιοχὲων
1669 2698 1931 2759 ἐκκλησίας
1961 2700 2103 2774 ἱερέα

530 2786 789 2861 παράτῆς
815 2793 908 2844 σῆς
952 2785 1237 2857 ἁγιωσύνης
1279 2785 1372 2846 ἤδη
1406 2795 1493 2842 νῦν
1533 2787 1899 2843 εύλαϐέστατον
1941 2784 2101 2861 ἄνδρα

529 2876 610 2931 καὶ
630 2876 817 2953 κύριον⁸
846 2879 933 2931 καί
958 2878 1163 2937 εἰκότως
1182 2879 1411 2934 καλεῖται
1438 2882 1626 2954 κύριος,
1648 2878 1821 2938 έπιιδη
1842 2880 1929 2934 τόν
1949 2880 2100 2933 κοινὸν

529 2966 700 3038 κύριον
734 2966 948 3039 inira»,
980 2966 1036 3028 ὃς
1073 2971 1135 3024 τὸ
1173 2978 1265 3030 τῆς
1298 2974 1605 3048 σαρκώσεως
1634 2974 1791 3026 αὐτοῦ
1821 2974 2102 3046 puerum.»

529 3056 773 3129 όρθοδόξῳ
793 3067 924 3134 φωνῇ’
949 3060 1053 3134 μεθ’
1078 3064 1218 3129 ἡμῶν
1240 3062 1525 3136 ὁμολογεῖ.»
1551 3069 1639 3118 [ai
1658 3065 1824 3119 πάλιν·
1859 3081 1878 3115 ε
1910 3068 2101 3118 Εύκταί

527 3149 632 3201 εἰσι
677 3145 762 3202 διὰ
799 3151 989 3211 παντὸς
1032 3152 1085 3204 αί
1112 3151 1301 3223 θλίψεις
1326 3161 1400 3227 τῷ
1431 3160 1522 3213 τήν
1554 3158 1732 3209 πίστιν
1772 3156 2095 3230 κηρύσσοντι.

526 3242 617 3292 Mi
642 3241 743 3313 γάρ
786 3245 986 3303 τούτοις
1028 3245 1156 3313 μετὰ
1195 3251 1514 3320 μακαρισμοῦ
1553 3246 1793 3307 πλούσιος
1832 3248 2011 3316 μισθὸς
2055 3248 2100 3301 έν

528 3336 643 3391 τοῖς
685 3330 907 3405 οὐρανοῖς
953 3335 1287 3405 ἡτοίμασται,
1335 3332 1409 3396 οἷς
1454 3337 1587 3411 ύπέρ
1640 3345 1733 3396 τῆς
1784 3334 2099 3399 δικαιοσύνης

531 3417 731 3491 ὕϐρεις,
762 3416 1043 3490 διωγμοὺς,
1079 3425 1167 3476 και
1203 3427 1307 3477 πᾶν
1343 3425 1489 3478 κακόν
1514 3427 1896 3499 προστέτακται
1915 3427 2101 3498 ύπομέ-

527 3527 645 3562 νειν.
686 3506 980 3578 ’Ῑπέμεινας
1028 3513 1088 3568 τό
1126 3512 1347 3584 ψεῦδος,
1398 3514 1482 3571 ἵνα
1522 3525 1718 3575 νικῆσαι
1759 3522 1976 3590 ποιήσῃς
2007 3525 2099 3579 τόν

527 3600 773 3658 ἀλήθειαν.
797 3604 886 3655 καὶ
929 3600 1011 3659 δεᾶ
1051 3612 1204 3662 τοῦτο
1237 3613 1326 3661 νῦν
1368 3611 1829 3667 κατεπανίστασθαι
1856 3618 1964 3688 χρὴ
2001 3620 2099 3669 τοῦ

528 3691 769 3758 ύεύδους,
799 3694 970 3756 iri-uari
997 3695 1170 3767 μηδείς
1193 3700 1421 3755 ἀπώλετο
1448 3708 1511 3775 τῇ
1539 3702 1792 3777 ἀληθείᾳ.)
1819 3708 1907 3759 Καὶ
1924 3706 2095 3761 πάλιν

533 3798 551 3829 ι
585 3788 758 3838 Ταῦτα
780 3785 907 3859 πρὸς
929 3791 1019 3844 τήν
1042 3792 1135 3846 σήν
1164 3788 1426 3846 εὐλάϐειαν
1453 3792 1485 3849 ri
1512 3793 1620 3862 μετ’
1643 3790 1766 3863 έμοῦ
1797 3793 1916 3866 ᾂγία
1952 3793 2099 3850 ἀδελ-

527 3871 679 3940 9ὁτης
702 3875 1013 3947 ἀντέγραψεν
1038 3876 1390 3949 ἀποδεχομένη
1423 3884 1543 3941 τούς
1574 3884 1696 3944 σούς
1723 3886 1771 3937 ἐν
1800 3883 1984 3947 ἅπασι,
2014 3888 2097 3941 καί

525 3963 809 4029 βεϐαιοῦσα
840 3964 1118 4036 καμάτους,
1149 3970 1198 4023 οἷ
1222 3991 1355 4031 τινες
1380 3972 1578 4046 βαρεῖς,
1614 3973 1646 4032 ἦ
1670 3980 1843 4051 πικροὶ
1869 3978 1929 4031 ού
1953 3977 2097 4050 γεγό-

526 4075 700 4116 νασιν,
730 4055 899 4116 ἐπειδὴ
931 4060 1063 4133 ύπέρ
1104 4062 1291 4116 ἑκείνου
1326 4065 1721 4127 κατεϐλήθησαν.
1763 4065 1821 4121 οὗ
1859 4089 1995 4130 τινος
2034 4070 2095 4125 τό

523 4146 729 4219 ἐλαφρόν
754 4150 976 4220 φορτίον,
1003 4152 1190 4204 καὶτὸν
1212 4155 1443 4226 χρηστὸν
1471 4157 1623 4226 ζυγὸν
1647 4158 1983 4229 βαστάζομεν.
2014 4177 2036 4212 ι

595 4238 869 4292 καὶταῦτα
897 4241 984 4307 μέν
1018 4238 1046 4292 ό
1081 4241 1129 4292 έν
1153 4240 1314 4312 ἁγίοις
1342 4240 1535 4303 Ξύστος
1560 4248 1689 4319 πρὸς
1724 4249 1810 4302 τόν
1850 4249 1899 4301 έν
1931 4249 2094 4321 ἁγίοις

523 4324 754 4399 κύριλλον
807 4329 924 4401 περί
979 4336 1079 4383 τῶν
1132 4332 1433 4387 ἀνατολικῶν
1487 4332 1732 4408 ἶγραψεν.
1782 4334 1981 4398 Ἐπειδή
2035 4339 2091 4395 δί

444 4480 457 4492 .
520 4419 778 4477 ἀσυνέτως
805 4420 887 4473 καί
912 4427 1061 4475 τοῦτο
1099 4424 1356 4497 είρήκατε,
1384 4422 1461 4480 ὅτι
1489 4425 1702 4497 βλάπτει
1725 4433 1814 4487 τὴν
1841 4430 2092 4502 ὑπόληψιν

520 4516 610 4568 τῆς
639 4508 784 4579 ἁγίας
827 4513 877 4564 έν
903 4512 1172 4570 Χαλκηδόνι
1209 4515 1422 4571 συνόδου
1451 4519 1483 4575 ἡ
1520 4522 1814 4595 κατάκρισις
1850 4531 1943 4583 τῆς
1968 4525 2091 4579 ἀσε-

519 4600 641 4660 ϐοῦς
668 4600 794 4677 πρὸς
817 4602 988 4676 Μοίριν
1011 4604 1297 4669 ἐπιστολῆς,
1327 4607 1588 4679 έρωτῶμεν
1609 4612 1773 4675 ὑμᾶς,
1803 4615 1931 4683 ποίῳ
1959 4613 2087 4687 λόγῳ

520 4695 666 4744 τοῦτο
689 4691 989 4759 ὑπεμείνατε
1022 4696 1246 4766 γράφειν.
1280 4702 1355 4755 Μή
1391 4692 1493 4771 ἆρα
1524 4704 1747 4768 νομίζετε
1775 4708 1865 4760 τήν
1896 4702 2085 4763 ἔκθεσιν

516 4795 607 4840 τῆς
633 4779 780 4850 ἁγίας
814 4784 863 4835 έν
893 4783 1158 4843 Χαλκηδόνι
1182 4785 1394 4842 συνόδου
1412 4829 1427 4854 ,
1460 4787 1627 4858 ὅμοιόν
1658 4812 1709 4845 τι
1739 4800 1831 4853 τῆς
1861 4795 2085 4857 ἀσεϐοῦς

514 4873 774 4945 περιέχειν
798 4875 1092 4939 ὶπιστολῆς;
1119 4874 1259 4935 ’Δλλά
1296 4884 1364 4947 μὴ
1386 4881 1575 4951 γένοιτο
1603 4885 1903 4955 χριστιανόν
1936 4892 2086 4942 τοῦτο

513 4967 689 5016 εἰπεῖν.
735 4970 1087 5023 Rat-mnam:
1132 4971 1263 5041 γὰρ,
1310 4968 1389 5027 ὅτι
1428 4975 1593 5027 πάντα
1618 4975 1685 5028 τά
1718 4976 1765 5028 ἐν
1802 4985 1866 5051 τῇ
1909 4979 2089 5035 ἀσεϐεῖ

511 5053 673 5126 έκ;ίνη
700 5055 962 5130 ἐπιστολῇ,
993 5062 1079 5111 καί
1104 5067 1211 5119 τοῖς
1237 5060 1501 5135 Θεοδώρου
1528 5068 1889 5140 συγγράμμασι
1915 5090 2085 5143 περιε-

512 5143 736 5211 χόμενα,
766 5146 964 5200 ἐναντία
1001 5151 1102 5202 εἰσί
1125 5157 1198 5221 τῷ
1228 5148 1331 5224 ὅρῳ
1355 5161 1446 5212 τῆς
1469 5156 1599 5208 κατὰ
1624 5156 1908 5214 Χαλκηδόνα
1935 5163 2084 5216 συνόο

510 5230 598 5287 300
622 5240 694 5301 τῷ
720 5238 838 5303 περὶ
862 5244 953 5294 τῆς
975 5240 1196 5300 πίστεως
1224 5239 1486 5313 δεδομένῳ.
1516 5243 1774 5318 Θεόδωρος
1798 5250 1916 5321 γὰρ,
1946 5255 2030 5304 καὶ
2051 5254 2082 5311 ἦ

510 5324 743 5384 έπιστολαὸ
778 5323 919 5382 ἄλλον
949 5329 1175 5400 λέγουσιν
1205 5328 1329 5387 εἶναι
1356 5336 1441 5389 τόν
1467 5339 1591 5390 Θεόν
1616 5336 1790 5408 λόγον,
1811 5342 1915 5395 διαί
1941 5339 2083 5397 ἄλλον

508 5415 593 5466 τόν
629 5414 865 5486 Χριστόν.
897 5414 1041 5472 ἰισδέ
1081 5419 1201 5491 ἁγία
1247 5425 1377 5477 κατά
1421 5424 1703 5483 Χαλκηδόνα
1745 5426 1956 5490 σύνοδος
1994 5433 2082 5488 ἶνα

506 5500 634 5575 λέγει
660 5506 746 5555 τὶν
788 5508 957 5581 κὲριον
992 5510 1129 5581 ἡμῶν
1171 5508 1360 5569 Ἰησοῦν
1405 5517 1618 5586 Χριστὸν
1654 5518 1740 5572 τόν
1780 5521 1901 5573 Θεὸν
1937 5520 2080 5595 λόγον

505 5595 845 5667 σαρκωῖέντα,
869 5602 949 5653 καί
964 5600 1225 5674 ἀτρέπτως
1240 5603 1713 5677 ένανθροητησαντα.
1738 5619 1788 5662 Ἦ
1814 5610 2075 5682 έπιστολή,

507 5689 586 5738 καί
613 5685 866 5765 Θεόδωρος
895 5693 995 5761 οὐχ
1021 5691 1324 5766 ὁμολογοῦσι
1342 5698 1429 5752 τὸν
1454 5701 1573 5753 Θεὸν
1600 5700 1741 5772 λόγον
1759 5706 2077 5776 σαρκωθῆναι

505 5794 556 5831 σι
581 5785 671 5841 τῆς
697 5778 841 5851 ἁγίας
866 5782 1058 5848 ἐνδόξου
1084 5785 1350 5850 Θεοτόκου,
1380 5791 1464 5843 καί
1484 5791 1562 5843 ἀεὶ
1580 5793 1828 5865 παρθένου
1858 5797 2073 5866 Μαρίας,

610 5874 845 5943 τεχθῆναι
874 5876 921 5941 ἐξ
949 5878 1129 5947 αὐτῆς,
1147 5882 1229 5942 καί
1254 5877 1336 5937 διὰ
1364 5886 1509 5937 τοῦτο
1538 5882 1807 5959 ἀρνοῦνται
1836 5889 2072 5942 Θεοτόκον

2117 4656 2168 4715 D

2198 608 2347 674 mini,
2379 622 2554 676 neque
2581 617 2765 662 sancta
2793 606 3097 676 Evangelia,
3132 622 3303 676 neque
3332 605 3642 676 Apostolus,
3670 620 3784 663 nec

2196 698 2414 769 reliquie
2441 697 2632 753 divina:
2655 698 2842 754 iittera:
2864 699 3267 770 perciperentur
3287 698 3431 764 satis,
3463 699 3565 753 nisi
3592 708 3784 755 essent

2197 803 2228 842 a
2254 790 2453 844 sanctis
2477 789 2721 845 Pati-ibus
2742 792 3119 861 interpretante.
3145 791 3407 846 Caeterum
3436 792 3489 845 in
3519 807 3615 846 vos
3632 792 3787 861 ipsos

2198 890 2513 949 argumenta
2564 882 2893 937 confusionis
2946 883 3254 950 congeritis,
3286 884 3492 937 aientes
3533 889 3661 937 tunc
3705 882 3786 937 ab

2198 968 2429 1027 Orientis
2455 970 2682 1027 Nestorii
2713 974 3199 1043 propugnatoribus
3228 982 3502 1042 receptum
3527 988 3647 1027 esse
3670 972 3786 1042 Cy-

2199 1064 2400 1128 rillum,
2432 1078 2555 1118 cum
2581 1078 2677 1117 sua
2705 1061 2940 1132 capitula
2983 1064 3338 1133 exposuisset.
3385 1060 3586 1116 Contra
3624 1077 3785 1116 naui-

2199 1170 2304 1224 que
2331 1154 2623 1224 apostolica
2646 1152 2886 1206 Romana
2911 1152 3084 1216 sedes,
3114 1162 3272 1223 atque
3300 1150 3530 1222 Cyrillus‘
3546 1152 3598 1206 in
3623 1167 3786 1207 suam

2199 1250 2630 1305 communionem
2676 1249 3007 1303 admiserunt
3035 1248 3317 1317 episcopos
3343 1246 3435 1317 qui
3483 1246 3536 1300 in
3581 1245 3785 1301 Nesto-

2201 1341 2336 1394 rium
2358 1340 2675 1394 sententiam
2708 1338 2975 1405 dixerant,
3005 1338 3226 1406 ejusque
3266 1337 3596 1405 impietatem
3642 1353 3750 1390 con

2199 1430 2597 1483 demnaverant.
2630 1428 2812 1496 Itaque
2840 1436 3057 1482 sanctus
3087 1427 3200 1496 ipse
3227 1424 3502 1481 Romanus
3536 1434 3667 1496 pont
3688 1425 3784 1480 fex

2201 1520 2413 1591 Xystus,
2447 1536 2569 1575 eum
2590 1521 2818 1574 concilio
2858 1534 2956 1573 suo
2998 1518 3066 1572 ad
3102 1518 3159 1571 S.
3208 1516 3465 1588 Cyrillum
3513 1517 3783 1581 scribens,

2201 1608 2516 1677 laboresque
2536 1609 2603 1663 ab
2631 1624 2697 1662 eo
2725 1624 2821 1679 pro
2853 1606 3105 1662 Ecclesia:
3135 1608 3337 1661 unitate
3358 1613 3634 1675 susceptos
3658 1605 3781 1659 lau-

2199 1700 2330 1754 dans
2361 1699 2497 1754 inter
2521 1708 2712 1753 cetera
2740 1699 2851 1753 haac
2871 1697 3069 1752 habet:
3102 1716 3119 1748 ι
3160 1696 3240 1750 Ad
3268 1712 3365 1751 nos
3407 1694 3607 1749 reversi
3651 1701 3784 1748 sunt

2199 1791 2412 1855 fratres,
2434 1790 2498 1843 ad
2522 1807 2642 1856 nos,
2665 1790 2901 1857 inquam,
2924 1790 3014 1860 qui
3038 1789 3280 1843 morbum
3303 1788 3571 1842 communi
3599 1786 3783 1841 studio

2134 1919 2174 1977 Β
2202 1891 2582 1952 persequentes
2629 1883 2926 1934 animarum
2972 1880 3272 1935 curavimus
3313 1878 3614 1933 sanitatem.
3653 1896 3672 1928 ι
3708 1877 3782 1932 Et

2202 1983 2324 2045 post
2346 1991 2511 2044 pauca
2541 1994 2555 2028 :
2588 1994 2606 2026 ι
2642 1974 2880 2039 Exsulta,
2915 1972 3078 2027 frater
3118 1973 3451 2033 charissime,
3490 1980 3545 2025 et
3582 1970 3646 2024 ad
3678 1986 3783 2025 nos

2201 2066 2501 2121 recollectis
2530 2066 2782 2120 fratribus
2814 2066 2987 2121 victor
3015 2066 3241 2121 exsulta.
3280 2063 3561 2129 Quaerebat
3589 2060 3775 2117 Ecclb

2200 2156 2279 2211 sia
2307 2172 2442 2225 quos
2470 2158 2691 2227 recepit.
2719 2156 2848 2209 Nam
2870 2156 2914 2210 si
2946 2156 3211 2210 neminem
3239 2154 3415 2223 perire
3439 2154 3681 2207 volumus
3708 2152 3779 2205 de

2201 2247 2428 2317 pusillis,
2458 2257 2658 2316 quanto
2687 2248 2854 2315 magis
2881 2244 3114 2314 gaudere
3160 2261 3257 2299 nos
3288 2252 3501 2315 oportet
3544 2244 3781 2298 sanitate

2201 2337 2498 2391 rectorum!
2525 2335 2772 2405 Legimus
2812 2344 3070 2404 quantum
3099 2335 3275 2403 gaudii
3305 2350 3408 2389 una
3437 2335 3552 2389 ovis
3581 2351 3777 2404 repor-

2201 2435 2314 2480 tata
2358 2428 2681 2495 przestiterit,
2732 2434 2785 2481 et
2830 2426 3029 2482 idcirco
3068 2425 3468 2493 intelligendum
3517 2435 3602 2479 est
3645 2425 3777 2494 quid

2201 2516 2372 2571 laudis
2397 2517 2592 2571 habeat
2633 2526 2711 2572 tot
2748 2532 3033 2573 revocasse
3079 2525 3342 2588 pastores.
3391 2516 3592 2584 Greges
3632 2517 3778 2586 aspi-

2202 2608 2417 2662 ciuntur
2443 2608 2497 2662 in
2536 2609 2774 2676 singulis,
2825 2624 2925 2663 nec
2955 2609 3110 2664 unius
3147 2608 3235 2663 hic
3264 2623 3443 2663 .causa
3491 2615 3773 2671 tractatur,

2201 2701 2412 2770 quoties
2449 2701 2621 2769 agitur
2648 2701 2716 2756 de
2759 2701 2987 2757 sanitate
3033 2701 3342 2754 multorum.
3376 2719 3395 2751 ε
3442 2698 3508 2751 Et
3551 2715 3732 2754 rursus
3758 2740 3773 2753 .

2208 2810 2225 2840 ι
2262 2788 2501 2856 Gaudeo,
2534 2791 2725 2859 inquit,
2769 2791 3114 2845 Antiochenze
3160 2789 3410 2844 Ecclesiae
3437 2790 3774 2844 sacerdotem

2200 2880 2381 2935 vocari
2423 2880 2533 2949 jam
2564 2897 2592 2935 a
2621 2883 2907 2937 sanctitate
2946 2891 3035 2936 tua
3083 2882 3441 2947 venerabilem
3485 2881 3680 2948 virum,
3719 2887 3775 2936 et

2201 2972 2488 3039 domuum;
2512 2982 2567 3028 et
2588 2975 2780 3028 merito
2807 2981 3031 3029 vocatur
3062 2973 3289 3028 domnus
3314 2972 3405 3041 qui
3435 2986 3775 3027 communem

2203 3062 2486 3119 Dominum
2519 3066 2849 3135 recognovit,
2884 3066 2974 3134 qui
3006 3064 3387 3119 incarnationis
3433 3063 3771 3136 mysterium,

2201 3169 2335 3210 voce
2345 3155 2628 3219 catholica,
2649 3144 2923 3211 nobiscum
2938 3154 3242 3210 confitetur.
3267 3172 3286 3207 ›
3307 3152 3602 3209 Etiterum:
3626 3172 3645 3205 ι
3665 3152 3771 3207 Vo-

2202 3246 2342 3309 tivze,
2374 3246 2469 3308 ait,
2495 3255 2621 3302 sunt
2641 3262 2854 3316 semper
2872 3246 3131 3304 molestiae
3164 3245 3323 3302 iidem
3344 3245 3771 3316 praedicandum;

2202 3337 2286 3392 bis
2296 3351 2526 3405 namque
2546 3352 2666 3392 cum
2688 3338 3016 3392 beatitudine
3028 3338 3244 3407 copiosa
3257 3352 3464 3393 merces
3478 3346 3699 3406 paratur
3719 3338 3772 3392 in

2201 3427 2358 3493 caelo,
2376 3428 2568 3498 quibus
2588 3439 2807 3498 propter
2816 3429 3076 3496 justitiam
3096 3429 3771 3498 maledictioues,persecu~

2201 3517 2395 3582 tiones,
2418 3527 2474 3572 et
2492 3534 2650 3576 omne
2671 3521 2868 3574 malum
2882 3521 3184 3591 pnecipitur
3195 3522 3479 3576 sustinere.
3498 3517 3696 3577 Passus
3714 3537 3774 3580 es

2199 3604 2504 3671 falsitatem,
2528 3610 2864 3665 utvictricem
2886 3608 3467 3676 faceresveritatem,et
3485 3611 3608 3668 ideo
3628 3626 3772 3668 nunc

2199 3695 2553 3752 insultandqu
2584 3709 2664 3753 est
2683 3701 2927 3767 falsitati,
2950 3702 3074 3771 quia
3095 3701 3270 3756 nullus
3286 3703 3461 3772 perire
3486 3704 3662 3775 potuit
3681 3720 3771 3758 ve-

2199 3788 2363 3842 ritati.
2398 3808 2416 3842 ι
2453 3790 2529 3845 Ac
2549 3790 2774 3860 denique
2794 3807 2808 3843 :
2829 3810 2847 3843 ι
2884 3791 3039 3857 ιιιυο,
3060 3793 3248 3860 inquit,
3274 3793 3340 3847 ad
3370 3795 3770 3850 venerationem

2201 3886 2343 3934 tuam
2368 3878 2673 3935 fraternitas
2695 3897 2904 3936 mecum
2945 3892 3130 3937 sancta
3157 3884 3360 3951 scribit,
3387 3885 3621 3953 probans
3652 3894 3770 3941 tuos

2199 3973 2254 4027 in
2283 3974 2550 4038 omnibus,
2579 3981 2634 4028 et
2658 3976 2979 4029 confirmans
3008 3975 3237 4040 labores,
3262 3976 3351 4044 qui
3379 3985 3558 4041 tamen
3580 3990 3773 4043 graves

2198 4071 2290 4117 aut
2327 4065 2494 4118 amari
2537 4080 2653 4119 esse
2700 4081 2804 4119 non
2852 4077 3160 4139 potuerunt,
3202 4071 3327 4138 quia
3375 4069 3498 4125 huic
3542 4070 3769 4139 impeusi

2197 4166 2340 4218 sunt,
2383 4155 2533 4223 cujus
2560 4170 2696 4210 onus
2725 4156 2861 4222 leve,
2887 4166 2945 4211 et
2982 4157 3167 4226 jugum
3203 4174 3367 4213 suave
3407 4168 3704 4228 portamus.
3742 4178 3763 4211 ν

2269 4243 2393 4300 Ηωο
2421 4248 2486 4299 ad
2508 4247 2564 4301 S.
2596 4247 2848 4318 Cyrillum
2896 4249 2964 4304 de
3013 4247 3375 4304 Orientalibus
3422 4250 3479 4304 S.
3530 4250 3767 4321 Xystus;

2196 4336 2292 4390 sed
2318 4351 2437 4390 cum
2464 4338 2627 4390 stulte
2650 4336 2932 4391 admodmn
2959 4340 3287 4407 protuleritis
3316 4341 3536 4409 pariter,
3566 4356 3631 4396 ea
3653 4344 3767 4412 epis

2194 4427 2345 4481 stola:
2380 4442 2496 4497 quae
2518 4427 2584 4481 ad
2613 4428 2799 4481 Marini
2830 4427 3046 4484 Persam
3078 4430 3384 4485 inscribitur
3422 4432 3768 4492 damnatione

2195 4516 2314 4572 laedi
2386 4518 2556 4573 sancti
2596 4518 3047 4575 Chalcedonensis
3094 4524 3307 4576 concilii
3357 4524 3762 4592 deﬁnitionem,

2193 4607 2479 4675 quierimus
2507 4625 2609 4685 qua
2650 4611 2859 4664 tandem
2889 4613 3097 4667 ratione
3133 4617 3389 4670 commoti
3438 4616 3490 4670 id
3526 4620 3766 4675 scribere

2191 4699 2587 4754 sustinueritis?
2617 4699 2730 4754 Non
2761 4701 2942 4772 itaque
2983 4704 3197 4772 putetis,
3232 4719 3426 4762 sancue
3462 4708 3763 4767 Chalcedo-

2189 4790 2367 4843 nensis
2387 4791 2574 4860 synodi
2592 4791 2885 4849 doctrinam
2913 4795 3181 4864 quidpiam
3217 4812 3401 4853 eorum
3431 4815 3550 4868 qua:
3579 4803 3633 4857 in
3659 4803 3765 4856 im-

2190 4880 2277 4948 pia
2315 4880 2539 4949 epistola
2574 4885 2916 4945 continentur
2952 4886 3124 4940 simile
3154 4890 3470 4958 complecti;
3515 4893 3568 4947 id
3615 4895 3762 4949 enim

2190 4971 2368 5025 dicere
2396 4972 2754 5028 Ciristiauum
2785 4991 2892 5030 non
2924 4986 3029 5041 est.
3054 4978 3303 5043 Quinimo
3328 4984 3522 5038 scitote
3549 4999 3613 5038 ea
3640 5001 3762 5042 0m-

2190 5063 2277 5116 nia
2306 5078 2423 5130 qua:
2452 5064 2504 5118 in
2548 5066 2733 5120 eadem
2776 5068 3020 5134 epistola,
3053 5069 3427 5140 Theodorique
3469 5074 3621 5129 libris
3663 5076 3764 5130 ha—

2186 5152 2401 5220 bentur,
2440 5170 2560 5208 cum
2603 5167 2800 5210 sancta:
2844 5158 2964 5216 tidei
3003 5159 3334 5225 deﬁnitione.
3378 5179 3409 5216 a
3457 5164 3759 5220 Chalcedo-

2187 5247 2341 5302 nensi
2389 5248 2619 5301 concilio
2667 5252 2880 5316 tradita,
2936 5255 3155 5309 omnino
3206 5270 3460 5326 pugnare.
3520 5258 3759 5329 Epistola

2188 5337 2328 5391 enim
2381 5354 2443 5393 ac
2500 5339 2814 5397 Theodorus
2880 5345 3042 5400 alium
3095 5362 3214 5402 esse
3272 5348 3437 5403 Deum
3492 5350 3755 5419 Verbum,

2187 5430 2348 5485 alium
2393 5430 2661 5488 Christum
2694 5443 2961 5503 statuunt;
3003 5452 3189 5495 sancta
3231 5451 3409 5497 autem
3455 5444 3757 5502 Chalcedo-

2187 5524 2367 5578 nensis
2393 5527 2628 5595 synodus
2676 5529 2891 5584 unicum
2927 5534 3169 5597 agnoscit
3200 5534 3481 5590 Dominum
3511 5548 3758 5597 nostrum

2184 5612 2363 5668 Iesum
2411 5616 2680 5673 Christum
2746 5621 2915 5677 Deum
2971 5624 3201 5679 Verbum
3264 5628 3632 5699 incarnatum,
3688 5647 3757 5690 ac

2182 5706 2384 5775 absque
2431 5710 2515 5763 sui
2580 5713 2880 5768 mutatione
2925 5714 3197 5770 hominem
3240 5717 3456 5772 factum.
3517 5719 3754 5790 Epistola

2181 5806 2342 5865 atque
2371 5797 2686 5856 Theodorus
2710 5803 2805 5858 Dei
2836 5803 3065 5861 Verbum
3106 5824 3174 5862 ex
3215 5821 3399 5866 sancta
3428 5821 3592 5882 atque
3633 5814 3751 5880 glos

2178 5890 2320 5949 riosa
2346 5888 2591 5962 Deipara,
2621 5909 2680 5947 ac
2707 5910 2917 5966 seraper
2945 5898 3148 5969 virgine
3188 5899 3354 5957 Maria
3393 5917 3610 5961 cantem
3656 5919 3751 5969 as-
