4112 6540
319 451 445 514 1081

1040 449 1402 511 EPISTULA
1442 455 1840 516 ADVERSUS
1878 459 2360 524 THEODORUM
2399 459 2817 522 MOPSUEST.

3406 470 3542 534 1082

311 569 434 626 εἶναι
459 577 546 631 τήν
577 570 720 639 ἁγίαν
749 572 986 644 παρθένον
1015 574 1222 648 Μαρίαν
1261 573 1307 624 oi
1345 569 1398 626 δέ
1429 569 1562 640 ἅγιοι
1593 572 1804 644 πατέρες
1827 572 1872 626 οί

1983 575 2284 642 sumpsisse,
2315 591 2378 631 ac
2413 593 2480 632 ex
2523 579 2636 648 ipsa
2673 587 2852 634 natum
2877 596 2996 638 esse
3045 600 3152 639 non
3194 586 3536 655 conﬁteatur,

314 663 360 714 ἂν
391 657 656 717 Χαλκηδόνι
699 659 1007 716 συνελθόντες
1036 657 1333 722 συνοδικῶς,
1361 661 1594 714 Θεοτόκον
1627 656 1752 715 εἶναι
1785 666 1874 718 τήν

316 753 457 820 ὶγίαν
483 751 722 823 παρθένον
750 752 938 822 Μαρίαν
967 749 1306 821 ὡμολόγησαν.
1326 749 1581 824 Θεόδωρος
1609 750 1635 805 ό
1665 751 1876 814 ἀσεϐής,

317 843 394 894 καί
419 842 476 915 ἡ,
495 839 751 907 ἀνώνυμος
797 839 1034 897 έπιστολη
1079 835 1170 894 δύο
1211 841 1458 915 πρόσωπα
1502 841 1726 913 λέγοντες
1753 845 1882 896 κατά

315 935 556 1000 σχετικὴν
581 931 754 984 ἕνωσιν
778 930 827 984 ἓν
855 932 1123 1006 πρόσωπον
1152 933 1568 988 ἀναπλάττουσιν.
1598 945 1648 987 Ἦ
1671 932 1878 994 σύνοδος

315 1020 364 1072 ἶξέ
394 1029 490 1073 τῶν
520 1019 609 1074 δύο
635 1024 832 1092 φύσεων
869 1028 957 1081 τήν
995 1024 1104 1076 καθ’
1133 1022 1418 1078 ὑπόστασιν
1443 1025 1617 1078 ἕνωσιν
1642 1025 1876 1095 λέγουσα,

316 1108 362 1158 ἓν
386 1111 620 1179 κηρύττει
647 1111 939 1184 πρόσωπον,
970 1111 1076 1169 ἤτοι
1097 1115 1215 1182 μίαν
1240 1113 1523 1167 ὑπόστασιν
1546 1120 1758 1189 Χριστοῦ
1793 1122 1879 1169 τοῦ

319 1206 610 1268 μονογενοῦς
647 1207 773 1253 Θεοῦ
799 1200 964 1271 λόγου.
1003 1204 1143 1256 Πάλιν
1169 1204 1199 1259 ἡ
1239 1203 1426 1262 ἀσεϐής
1452 1205 1604 1260 ἐκείνη
1641 1202 1880 1262 έπιστολή

317 1285 636 1350 καταδικάζει
672 1294 759 1346 την
803 1289 850 1342 ἐν
878 1288 1063 1361 Ἐφέσῳ
1107 1295 1310 1364 πρώτην
1352 1291 1579 1358 σύνοδον,
1611 1295 1803 1347 καὶτὸν
1829 1295 1880 1347 ἕν

316 1375 472 1446 ἁγίοις
495 1377 764 1450 Κύριλλον,
800 1380 884 1431 καί
915 1379 1075 1436 ἀσεϐῆ
1102 1382 1167 1433 τὰ
1195 1381 1348 1434 αὐτοῦ
1379 1381 1609 1450 κεφαλαια
1631 1382 1877 1450 ὀνομάζει.

317 1470 578 1542 Νεστόριον
616 1467 667 1524 δὲ
694 1473 778 1522 καί
818 1468 1072 1544 Θεόδωρον
1101 1465 1287 1525 ἐκδικεῐ
1327 1474 1412 1524 καί
1447 1473 1664 1524 ἐπαινεῖ⁶
1697 1476 1725 1531 ἡ
1753 1471 1804 1526 δὲ
1831 1472 1882 1526 έν

321 1558 583 1616 Χαλκηδόνι
614 1558 824 1618 σύνοδος
853 1558 935 1614 διὰ
967 1563 1167 1614 πάντων
1191 1560 1448 1614 ἀκολουθεῖ
1467 1569 1527 1631 τῇ
1549 1563 1674 1634 αὐτῇ
1703 1565 1879 1631 πρώτῃ

319 1653 364 1701 ίν
388 1648 568 1719 Ἐφέσῳ
591 1649 788 1720 συνόδῳ
809 1689 824 1712 ,
858 1653 940 1704 καί
968 1651 1166 1724 πατέρα
1195 1655 1278 1704 καί
1315 1650 1608 1706 διδάσκαλον
1643 1651 1881 1726 Κύριλλον

318 1743 668 1815 ἐπιγράφεται,
697 1746 777 1795 καί
803 1748 890 1800 τήν
913 1742 1171 1802 συνοδεκην
1201 1747 1350 1797 αὐτοῦ
1381 1746 1662 1804 ἐπιστολήν,
1691 1745 1788 1819 ἐνῇ
1816 1751 1880 1800 τά

319 1831 510 1886 δώδεκα
536 1833 779 1902 κεφάλαια
800 1833 1155 1894 ὑποτέτακται.
1186 1835 1400 1904 βεϐαιοῖ,
1435 1836 1697 1908 Νεστόριον
1718 1835 1769 1890 δὲ
1798 1839 1879 1891 τόν

1979 678 2144 731 quare
2168 666 2326 719 etiam
2355 668 2736 723 sanctissimam
2766 671 3031 739 Virginem
3056 674 3271 729 Mariam
3302 675 3539 731 infician-

1932 787 1940 795 -
1981 765 2068 809 tur
2093 755 2378 825 Deiparam
2405 773 2557 812 esse:
2585 761 2755 814 sancti
2787 775 2915 815 vero
2943 761 3128 818 Patres
3165 765 3216 819 in
3244 764 3541 821 Chalcedo-

1981 847 2131 901 nensi
2159 848 2389 903 concilio
2416 852 2720 918 congregati
2749 853 3134 908 sanctissimam
3173 854 3391 910 Mariam
3422 857 3542 911 Dei-

1979 956 2163 1011 param
2189 943 2417 998 confessi
2445 953 2586 998 sunt.
2641 945 2836 1014 Impius
2864 945 3175 1003 Theodorus
3212 959 3371 1019 atque
3410 968 3542 1007 auo-

1982 1047 2140 1101 nyma
2178 1033 2398 1100 epistola
2441 1035 2573 1088 duas
2614 1035 2956 1091 admittentes
2994 1052 3276 1107 personas,
3331 1042 3542 1096 unicam

1981 1128 2158 1174 tamen
2191 1136 2472 1189 personam
2500 1115 2597 1192 per
2637 1124 2962 1179 habitualem
3010 1127 3260 1180 unionem
3303 1129 3541 1196 proﬁteri

1979 1225 2038 1263 se
2063 1211 2313 1265 simulant
2339 1229 2352 1263 :
2378 1212 2610 1281 synodus
2634 1223 2810 1267 autem
2839 1215 3034 1284 duplici
3063 1223 3266 1270 natura:
3294 1218 3544 1287 hyposta-

1981 1299 2140 1351 ticam
2183 1314 2302 1354 esse
2352 1302 2599 1354 unionem
2648 1301 2951 1366 afﬁrmans,
3005 1307 3210 1360 unicam
3263 1322 3543 1376 personam

1981 1385 2256 1454 praedicat,
2299 1389 2412 1442 sive
2455 1391 2630 1456 potius
2657 1391 2868 1445 unicam
2915 1393 3304 1448 subsistentiam
3348 1395 3545 1452 Christi

1982 1475 2236 1542 unigeniti
2261 1476 2374 1530 Filii
2403 1477 2517 1531 Dei.
2549 1477 2753 1533 Rursus
2774 1497 2837 1534 ea
2867 1481 3090 1548 epistola
3112 1484 3346 1552 priorem
3373 1484 3546 1553 Ephe-

1981 1565 2150 1618 sinam
2178 1566 2456 1634 synodum,
2489 1583 2552 1621 ac
2579 1577 2816 1623 sanctum
2846 1569 3101 1640 Cyrillum
3127 1573 3365 1638 damnat,
3398 1578 3547 1643 cujus

1982 1654 2140 1706 etiam
2197 1655 2425 1718 capitula
2455 1657 2611 1725 impia
2659 1668 2860 1712 vocat:
2914 1659 3212 1715 Nestorium
3264 1673 3439 1716 autem
3493 1674 3547 1720 et

1983 1743 2320 1798 Theodorum
2350 1747 2583 1800 vindicat
2610 1763 2673 1802 ac
2700 1749 2884 1803 laudat
2908 1767 2920 1802 :
2944 1751 3390 1806 Chalcedonensis
3421 1770 3545 1807 vero

1982 1835 2214 1902 synodus
2254 1837 2306 1889 in
2344 1837 2591 1892 omnibus
2631 1837 2954 1907 Epltesinam
3002 1843 3232 1910 priorem
3286 1845 3545 1913 synodum

319 1923 474 1981 ἀσεϐῆ
501 1927 804 1997 κατακρίνει,
835 1928 914 1976 καί
941 1925 1068 1998 πρὸς
1086 1927 1283 1984 τούτοις
1311 1928 1366 1978 τὸ
1394 1923 1659 1979 Ἰουδαικόν
1687 1926 1879 1997 0551.50-

1985 1925 2245 1991 sequitur,
2283 1924 2536 1995 Cyrillum
2577 1927 2750 1983 Patris
2779 1929 3122 1999 ductorisque
3165 1933 3329 1987 titulis
3369 1945 3545 2003 ornat,

319 2014 402 2065 λον
429 2015 484 2066 τὸ
513 2013 611 2067 ύπό
635 2012 891 2088 Θεοδώρου
925 2016 1404 2084 συμπεπλασμένον,
1429 2017 1487 2069 τὸ
1509 2019 1592 2070 καί
1615 2019 1663 2069 ἐν
1684 2027 1744 2090 τῇ
1769 2017 1879 2072 κατ’

320 2102 523 2176 Ἐφεσον
558 2107 735 2178 πρώτῃ
771 2103 967 2174 συνόδῳ
1006 2107 1318 2179 κατακριθέν,
1363 2109 1442 2160 καί
1483 2109 1532 2159 ἐν
1559 2108 1686 2178 αὐτῇ
1729 2116 1788 2182 τῇ
1835 2111 1882 2160 ἐν

319 2193 588 2250 Χαλκηδόνι
630 2215 725 2248 συν
754 2193 825 2266 δῳ
875 2197 1002 2265 μετά
1046 2201 1211 2250 ταῦτα
1250 2198 1584 2270 προκομισθέν
1623 2200 1751 2267 μετὰ
1789 2205 1876 2252 τοῦ

318 2283 606 2355 γράψαντος
631 2285 757 2340 αὐτὸ
781 2285 1150 2359 παραπλησίως
1170 2286 1501 2350 καταδικάζει.

1985 2015 2400 2088 synodicamque
2427 2016 2568 2072 illius
2586 2019 2885 2087 epistolam,
2915 2021 3000 2074 cui
3024 2021 3303 2077 duodecim
3332 2039 3394 2078 ea
3421 2026 3545 2079 sub-

1989 2120 2124 2159 nexa
2162 2114 2285 2159 sunt
2311 2106 2565 2175 capitula,
2595 2108 2896 2177 conﬁrmat,
2944 2110 3244 2166 Nestorium
3289 2115 3544 2178 damnat;

1986 2203 2146 2263 atque
2173 2195 2240 2248 ad
2264 2196 2376 2250 haec
2398 2195 2671 2252 Iudaicum
2701 2200 2998 2268 symbolum
3032 2216 3063 2255 a
3104 2202 3386 2258 Theodoro
3415 2219 3546 2259 con-

1983 2283 2320 2346 sarcinatum,
2348 2286 2489 2353 quod
2510 2286 2636 2339 olim
2663 2289 2823 2340 etiam
2853 2289 2903 2341 in
2930 2291 3097 2358 prima
3125 2291 3387 2360 Ephesina
3415 2310 3544 2364 syn-

318 2374 421 2428 odo
466 2374 771 2428 damnatum
811 2373 1020 2437 fuerat,
1070 2384 1126 2429 et
1171 2383 1288 2444 post
1337 2391 1398 2430 ea
1445 2392 1561 2444 qua:
1609 2376 1848 2444 superius
1905 2374 2268 2428 recensuimus
2312 2375 2366 2428 in
2413 2375 2597 2430 eadem
2639 2388 2825 2432 sancta
2870 2377 3294 2438 Cbalcedonensi
3337 2385 3546 2456 synodo

319 2465 583 2536 prolatum
627 2465 820 2533 fuerat,
867 2467 1109 2520 similiter
1161 2477 1488 2536 exsecratur,
1539 2478 1698 2536 atque
1749 2483 1870 2522 cum
1909 2474 2125 2519 auctore
2151 2480 2250 2519 suo
2275 2467 2704 2522 anathematizat.

388 2564 561 2611 Ταῦτα
589 2555 640 2611 δὲ
668 2557 715 2609 έν
745 2566 847 2612 τοῖς
875 2557 1147 2630 ὁρισθεῖσιν
1173 2562 1202 2617 ἡ
1229 2559 1347 2629 ἁγία
1369 2561 1418 2614 έν
1437 2560 1704 2617 Χαλκηδόνι
1734 2563 1880 2614 σύνο-

318 2645 403 2706 δος
431 2648 647 2710 ἐξέθετο,
677 2647 734 2698 ού
756 2649 1047 2709 καινίζουσα
1080 2668 1130 2701 τι
1157 2651 1274 2719 περὶ
1295 2653 1383 2706 τήν
1409 2648 1664 2723 ὀρθόδοξον
1685 2652 1878 2710 πίστιν,

319 2737 440 2791 ἀλλά
477 2735 556 2790 διὰ
576 2739 774 2791 πάντων
805 2738 1144 2790 ἀκολουθοῦσα
1170 2746 1231 2811 τῇ
1260 2737 1495 2811 ὁμολογίᾳ
1521 2748 1609 2796 τῆς
1636 2742 1877 2802 πίστεως,

319 2831 376 2883 ἦν
407 2826 431 2881 ό
457 2829 628 2899 κύριος
659 2825 740 2881 διὰ
769 2835 866 2882 τῶν
895 2827 1045 2898 ἁγίων
1065 2829 1359 2883 ἀποστόλων
1383 2829 1697 2901 ἐδωρήσατο,
1728 2832 1810 2882 καί
1836 2830 1881 2882 oi

318 2919 450 2988 ἅγιοι
469 2921 742 2974 ἀπόστολοι
765 2921 1024 2992 ἐκήρυξαν,
1048 2925 1129 2973 καί
1150 2921 1194 2974 οἱ
1212 2921 1490 2996 τριακόσιοι
1515 2920 1635 2975 δέκα
1653 2924 1732 2973 καί
1755 2922 1880 2974 ὀκτὼ

317 3012 448 3083 ἅγιοι
475 3012 693 3084 πατέρες
727 3009 1120 3081 παραδεδώκασι
1145 3018 1207 3083 τῇ
1232 3016 1324 3064 τοῦ
1355 3018 1480 3064 Θεοῦ
1503 3011 1768 3083 ἐκκλησία,
1799 3015 1883 3064 καί

316 3105 361 3158 οἱ
391 3101 563 3155 έκατὸν
591 3107 896 3158 πεντήκοντα
930 3103 1141 3176 πατέρες
1171 3102 1499 3162 ἐϐεϐαίωσαν,
1529 3104 1884 3172 σαφηνίσαντες

318 3197 433 3269 περὶ
455 3201 546 3252 τῆς
575 3189 807 3249 θεότητος
835 3198 925 3245 τοῦ
950 3191 1089 3262 ἁγίου
1115 3195 1418 3264 πνεύματος.
1449 3195 1619 3264 Ταύτῃ
1651 3191 1703 3247 δὲ
1730 3195 1813 3246 καί
1838 3193 1885 3245 οἱ

317 3285 368 3336 έν
388 3282 576 3353 Ἐφέσῳ
610 3284 668 3336 τὸ
708 3285 880 3354 πρώην
906 3283 1242 3349 συναχθέντες
1270 3279 1401 3353 ἅγιοι
1436 3283 1649 3353 πατέρες
1675 3281 1887 3339 ἠκολού-

317 3378 492 3435 θησαν.
517 3375 570 3430 Ἠ
597 3375 649 3430 δέ
690 3377 737 3426 έν
765 3373 1032 3430 Χαλκηδονι
1071 3374 1190 3446 ἁγία
1217 3372 1422 3433 σύνοδος
1447 3377 1529 3426 καί
1562 3375 1882 3438 ἁνεθεμάτισε
1910 3397 1952 3457 c

319 3471 437 3529 τούς
463 3471 632 3541 ἕτερον
666 3468 918 3536 σύμϐολον
952 3467 982 3525 ἦ
1021 3465 1208 3520 ε’κθεσιν
1243 3469 1462 3525 πίστεως
1489 3463 1882 3538 παραδιδόντας,

317 3563 461 3636 παρᾶ
479 3564 536 3614 τό
556 3561 656 3615 ύπὸ
682 3568 780 3615 τῶν
805 3560 1104 3633 τριακοσίων
1140 3556 1265 3613 δέκα
1300 3561 1385 3613 καί
1411 3559 1540 3613 ὀκτὼ
1561 3557 1712 3631 ἁγίων
1734 3558 1886 3612 πατέ-

319 3675 418 3723 εων
444 3651 744 3726 παραδοθέν.

386 3832 562 3893 Οὕτως
584 3833 748 3887 τοίνυν
787 3841 879 3893 τῆς
906 3832 1134 3892 ἀληθείας
1160 3831 1405 3901 ἐχούσης,
1435 3829 1525 3899 ὀψέ
1567 3837 1686 3900 γοῦν
1724 3851 1883 3883 κατα-

318 3928 530 3980 νοήσατε
549 3961 564 3982 ,
594 3929 670 3981 τίς
699 3924 856 3997 ὀρθῶς
889 3929 977 3980 την
1012 3922 1158 3992 ἁγίαν
1185 3920 1236 3974 έν
1271 3919 1536 3978 Χαλκηδόνι
1574 3919 1782 3974 σύνοδον
1809 3921 1885 3972 ἐκ·

317 4011 481 4075 δικεί;
525 4013 738 4086 Πότερον
788 4011 813 4066 ό
851 4011 1084 4066 δεικνύων
1127 4009 1200 4064 ὅτι
1247 4019 1352 4068 τοῖς
1395 4011 1668 4079 εἰρημένοις
1725 4009 1884 4080 ἁγίοις

320 4105 573 4174 πατράσιν
601 4105 983 4162 ἀκολουθήσασα
1007 4102 1174 4156 πάντα
1202 4104 1354 4179 ὀρθῶς
1393 4103 1578 4165 έξέθετο
1595 4141 1607 4162 ,
1646 4101 1675 4160 ἦ
1715 4099 1740 4156 ό
1763 4103 1885 4160 τοὺς

320 4199 518 4258 ἀσεϐεῖς
562 4204 661 4251 τῶν
707 4197 964 4268 αἰρετικῶν
1006 4197 1182 4265 λόγους
1229 4197 1539 4267 προσάπτειν
1585 4193 1884 4256 σπουδάζων

317 4291 471 4361 αὐτῇ
520 4291 648 4346 Τοὺς
687 4291 786 4358 γὰρ
833 4290 1025 4363 καθαρᾷ
1073 4286 1384 4349 συνειδήσει,
1429 4289 1509 4338 καί
1549 4286 1676 4358 ὀρθῷ
1710 4291 1884 4351 σκοπῷ

323 4379 628 4448 δεχομένους
671 4385 761 4437 τήν
810 4380 856 4430 ἐν
886 4380 1070 4450 Ἐφέσῳ
1113 4382 1318 4451 πρώτην
1357 4376 1591 4440 σύνοδον,
1640 4380 1723 4430 καί
1765 4379 1885 4436 τούς

319 4467 494 4538 ἁγίους
518 4474 745 4544 πατέρας
771 4471 1088 4538 Κελεστῐνον,
1129 4471 1388 4544 Βύριλλον,
1431 4472 1514 4522 καί
1553 4469 1762 4534 Λέοντα,
1803 4470 1886 4520 καί

321 4562 405 4614 τόν
455 4557 566 4634 ὅρον
613 4571 706 4621 τῆς
756 4563 806 4614 έν
857 4561 1123 4618 Χαλκηδόνι
1173 4558 1404 4621 συνόδου,
1460 4557 1702 4612 ἀδύνατόν
1753 4561 1886 4613 ἐστιν

320 4647 562 4719 δέχεεὲιιι
605 4654 734 4720 μετά
778 4652 971 4704 τούτων
1016 4653 1097 4703 καί
1140 4656 1230 4708 τήν
1277 4651 1403 4724 πρὸς
1446 4651 1610 4720 Μάριν
1651 4652 1885 4722 μυσαρὰν

319 4740 586 4797 ἐπιστολὴ
603 4746 693 4798 τήν
713 4745 842 4794 κατά
861 4741 1024 4792 πάντα
1045 4741 1240 4797 τούτοις
1266 4740 1654 4803 ἐναντιουμένην.
1682 4743 1768 4797 Τίς
1786 4742 1849 4808 γά
1854 4757 1885 4813 ρ

2052 2555 2176 2608 Haec
2199 2556 2380 2625 itaque
2413 2556 2807 2613 deﬁnitionibus
2858 2571 3054 2616 sanctae
3100 2563 3546 2624 Chalcedonensis

1981 2648 2168 2716 synodi
2197 2649 2483 2702 constituta
2511 2659 2653 2715 sunt,
2685 2667 2783 2705 nec
2809 2654 3092 2707 obscurum
3121 2657 3388 2725 quidpiam
3423 2675 3546 2728 pro-

1980 2737 2158 2789 locuta
2189 2747 2270 2790 est
2297 2738 2438 2791 circa
2465 2739 2618 2792 tidem
2648 2743 2910 2809 synodus,
2954 2759 3140 2798 verum
3168 2747 3362 2816 ubique
3387 2760 3442 2802 et
3491 2751 3544 2804 in

1981 2828 2222 2880 omnibus
2243 2823 2361 2881 eam
2383 2840 2582 2884 sectata
2603 2841 2684 2884 est
2705 2833 3088 2888 confessionem
3112 2837 3250 2900 lidei,
3277 2854 3304 2891 a
3322 2839 3546 2894 Domino

1982 2915 2210 2981 benigne
2237 2934 2545 2972 concessam
2578 2937 2672 2989 per
2692 2923 2966 2989 apostolos
3005 2941 3148 2989 suos,
3177 2943 3334 2994 quam
3376 2933 3545 2985 sancti

1983 3008 2082 3075 ipsi
2113 3008 2466 3076 prmdicaruut
2491 3012 2738 3079 apostoli,
2769 3029 2928 3082 quant
2957 3018 3125 3071 sancti
3156 3021 3379 3072 trecenti
3407 3030 3555 3076 octo.

1983 3099 2154 3153 decim
2197 3101 2378 3155 Patres
2415 3101 2505 3155 Dei
2555 3101 2802 3158 Ecclesia:
2853 3107 3199 3172 tradiderunt,
3227 3124 3386 3176 quam
3415 3127 3545 3166 ceu-

1987 3196 2095 3242 tum
2126 3199 2175 3243 et
2205 3193 2581 3259 quinquaginta
2613 3193 2794 3249 Patres
2825 3195 3004 3250 itidem
3035 3197 3100 3252 de
3128 3198 3354 3266 Spiritus
3375 3203 3546 3257 sancti

1986 3278 2264 3335 divinitate
2286 3282 2531 3352 dogmata
2553 3285 2891 3341 declarantes
2910 3287 3375 3344 conﬁrmaverunt.
3399 3292 3545 3350 lianc

1985 3371 2151 3423 secuti
2182 3379 2307 3424 sunt
2332 3374 2498 3426 sancti
2528 3372 2712 3428 Patres
2742 3374 3007 3443 Ephesum
3044 3382 3419 3436 convenientes
3441 3383 3546 3452 pri-

1986 3475 2161 3526 mum;
2191 3461 2330 3517 hanc
2350 3463 2590 3532 amplexa
2613 3474 2696 3518 est
2722 3476 2904 3521 sancta
2921 3467 3274 3526 Chalcedonis
3291 3475 3547 3544 synodus,

1986 3570 2104 3624 qua!
2131 3557 2472 3612 anathemate
2511 3555 2668 3623 feriit,
2700 3560 3002 3631 quicunque
3055 3563 3198 3617 aliud
3248 3567 3546 3635 symbolum

1987 3647 2239 3711 traderet,
2272 3647 2384 3700 sive
2413 3647 2533 3701 ﬁdei
2560 3649 2969 3717 expositionem,
2995 3661 3188 3719 praeter
3214 3669 3331 3707 eam
3356 3671 3472 3724 qua:
3517 3673 3546 3710 a

1987 3739 2184 3792 sanctis
2212 3739 2466 3792 trecentis
2499 3746 2552 3792 et
2582 3740 2877 3794 octodecim
2905 3740 3150 3796 Patribus
3182 3746 3367 3799 tradita
3395 3755 3498 3799 est.

2057 3828 2186 3894 Qua:
2209 3842 2329 3882 cum
2357 3828 2430 3881 ita
2461 3843 2519 3883 se
2547 3829 2794 3892 habeant,
2825 3845 2948 3885 sero
2977 3833 3188 3886 tandem
3220 3838 3544 3901 cognoscite,

1987 3929 2106 3976 uter
2132 3919 2330 3974 rectius
2357 3928 2593 3974 sanctam
2622 3919 3110 3976 Cbalcedonensem
3150 3933 3362 3979 tueatur
3387 3943 3546 3997 syno-

1987 4012 2148 4076 dum,
2182 4012 2296 4068 isne
2318 4012 2408 4080 qui
2431 4026 2547 4064 eam
2589 4012 2834 4080 praefatos
2863 4013 2958 4067 SS.
2998 4013 3186 4069 Patres
3215 4015 3440 4072 tldeliter
3467 4035 3547 4073 se«

1986 4112 2184 4165 catam,
2213 4109 2359 4155 recte
2381 4100 2624 4156 universa
2655 4099 2924 4157 detiniisse
2952 4105 3245 4172 contendit,
3277 4121 3343 4159 an
3386 4107 3430 4161 is
3457 4109 3549 4178 qui

1987 4194 2034 4247 ei
2064 4193 2292 4246 tribuere
2317 4192 2506 4245 nititur
2530 4192 2720 4261 impios
2759 4192 3004 4260 loquendi
3046 4195 3233 4250 modos
3269 4197 3548 4252 lmretico-

1986 4286 2142 4338 rum?
2190 4283 2326 4337 Fieri
2368 4297 2597 4350 namque
2641 4283 2856 4337 minime
2908 4293 3085 4353 potest
3140 4294 3197 4340 ut
3249 4289 3339 4357 qui
3389 4304 3553 4358 puras

1990 4375 2173 4443 primae
2219 4373 2497 4442 Ephesium
2544 4373 2731 4442 synodi
2781 4375 3102 4437 sanctiones,
3153 4377 3548 4446 catholicasque

1989 4479 2147 4518 voces
2169 4463 2469 4524 admittunt,
2501 4463 2696 4528 quique
2725 4461 2817 4516 SS.
2852 4461 2951 4516 PP.
2989 4463 3354 4529 lecstinum,
3378 4466 3546 4536 Cyril~

1989 4553 2132 4617 lum,
2177 4552 2410 4606 Leonem
2457 4566 2519 4604 ac
2560 4550 3006 4607 Chalcedonensis
3053 4556 3238 4624 synodi
3283 4555 3540 4611 deﬁnitio-

1989 4658 2112 4697 nem
2161 4642 2440 4710 recipiunt,
2493 4640 2528 4694 ii
2556 4641 2837 4694 scelestam
2868 4655 3080 4710 quoque
3120 4645 3184 4696 ad
3220 4644 3406 4698 Marim
3437 4647 3548 4715 epiq

1989 4733 2202 4800 stolam,
2228 4747 2347 4785 cum
2383 4732 2446 4784 iis
2474 4744 2591 4797 quae
2621 4732 3036 4796 percensuimus,
3068 4735 3284 4788 omnino
3314 4749 3547 4803 pugnan.

321 4831 440 4888 τούς
461 4827 794 4888 διδασκάλους
820 4837 911 4887 τῆς
938 4829 1216 4891 ἐκκλησίας,
1249 4831 1330 4880 καί
1352 4830 1471 4886 τούς
1497 4831 1562 4882 τὰ
1589 4826 1784 4882 ἐναντία
1814 4828 1882 4882 δι·

1990 4832 2093 4877 tem
2124 4823 2419 4876 admittant.
2466 4822 2594 4888 Quis
2623 4824 2762 4876 enim
2795 4823 3047 4880 Ecclesia)
3075 4828 3355 4894 magistros
3389 4837 3548 4896 atque

319 4918 603 4980 δασκοντας
622 4961 636 4980 ,
661 4921 692 4979 ἦ
729 4924 850 4980 τοὺς
877 4920 1200 4995 ὀρθοδόξους,
1248 4923 1333 4974 καί
1359 4923 1476 4980 τούς
1513 4922 1824 4994 αἱρετικούς,
1857 4923 1887 4981 ἢ

321 5013 436 5069 τοὺς
465 5011 924 5074 καταδικάσαντας,
948 5016 1029 5066 καί
1050 5015 1168 5072 τούς
1187 5015 1574 5088 κατακριθέντας
1596 5011 1718 5081 ὁμοῦ
1739 5013 1889 5066 δύνα-

320 5121 406 5155 ται
431 5099 694 5165 δέξασθαις
737 5101 844 5158 ἰνα
877 5103 930 5159 δὲ
966 5105 1266 5178 τελειότερον
1293 5109 1353 5159 τὰ
1383 5104 1466 5158 διὰ
1495 5101 1635 5156 Ἴϐαν
1665 5107 1742 5156 καί
1768 5113 1881 5158 6:0-

319 5191 532 5260 δώριτον
574 5197 866 5264 κεκινημένα
919 5204 1103 5267 γνῶτε,
1154 5199 1415 5267 ἀναγκαῖον
1463 5197 1760 5264 ἐνομίσαμεν
1807 5194 1886 5247 καί

320 5289 488 5336 ταῦτα
511 5284 629 5351 ύμῖν
656 5295 960 5359 φανερῶσαι.

389 5375 654 5427 Γινώσκετε
689 5396 854 5428 τανυν
880 5374 956 5432 ὅτι
987 5379 1111 5431 κατὰ
1143 5376 1405 5448 διαφόρους
1433 5377 1642 5444 καιρούς
1685 5371 1767 5426 διὰ
1793 5379 1882 5430 τήν

313 5463 554 5518 ἀσέϐειαν
583 5462 843 5534 Θεοδωρου
871 5471 948 5518 καὶ
977 5469 1244 5536 Νεστορίου
1279 5472 1368 5521 τὴν
1404 5471 1464 5534 τῇ
1490 5465 1618 5536 αύτῇ
1650 5462 1882 5535 ἐπιστολῇ

316 5553 704 5626 περιεχομένην.
730 5556 812 5605 καὶ
841 5552 925 5606 διὰ
944 5556 1037 5612 τὰς
1066 5555 1231 5626 ὕϐρεις
1261 5556 1353 5611 τὰς
1376 5554 1508 5605 κατὰ
1535 5558 1624 5604 τοῦ
1649 5553 1696 5603 ἐν
1723 5551 1881 5622 ἁγίοις

313 5642 552 5714 ευρίλλου
593 5646 679 5694 καί
715 5651 814 5696 τῶν
838 5644 990 5696 αὐτοῦ
1025 5644 1285 5711 κεφαλαίων
1326 5643 1623 5711 λεχθείσας.
1663 5660 1876 5708 κατηγο-

313 5733 545 5802 ρηθέντος
567 5730 680 5786 Ἶϐα
708 5734 852 5805 παρά
885 5732 1133 5802 Θεοδοσίῳ
1165 5741 1238 5804 τῷ
1265 5742 1355 5792 τῆς
1381 5731 1620 5788 εὐσεϐοῦς
1647 5730 1828 5792 λιξεως
1857 5729 1874 5761 ί

311 5824 516 5890 βασιλεῖ
526 5863 540 5882 ,
569 5827 651 5876 καί
686 5827 827 5900 παρὰ
863 5824 1064 5898 Πρόκλῳ
1097 5833 1168 5894 τῷ
1207 5828 1256 5878 ἐν
1301 5825 1457 5893 ἁγίοις
1484 5822 1875 5894 ἀρχιεπισκόπῳ

397 5915 413 5945 ³
457 5913 550 5969 Vel
577 5916 769 5978 λέξεως.
796 5917 1002 5980 Πρόκλος
1034 5931 1358 5976 κωνσταντιν.
1386 5911 1622 5984 ’Λρχιεπι

1987 4913 2249 4967 contraria
2280 4913 2534 4966 docentes
2553 4914 2637 4966 vel
2661 4916 2988 4970 orthodoxos
3015 4918 3169 4971 simul
3195 4926 3354 4986 atque
3383 4919 3544 4973 hairc‘

1990 5003 2138 5064 ticos,
2188 5003 2272 5055 vel
2321 5003 2703 5058 condemnatos
2755 5021 2859 5059 una
2909 5021 3026 5059 cum
3075 5009 3550 5068 condemuantihus

1985 5092 2159 5144 valeat
2179 5092 2457 5159 amplecti?
2477 5091 2760 5159 Caeterum,
2789 5103 2846 5148 ut
2871 5097 3075 5164 plenius
3095 5111 3156 5151 ea
3177 5112 3292 5164 qum
3315 5114 3345 5152 a
3368 5099 3547 5153 Theo»

1987 5179 2174 5235 doreto
2204 5190 2258 5234 et
2281 5181 2370 5234 lba
2403 5184 2610 5236 turbata
2641 5193 2762 5238 sunt
2790 5184 3110 5252 intelligetis,
3143 5168 3254 5242 hinc
3283 5188 3383 5240 alia
3413 5205 3548 5256 quo-

1987 5284 2092 5337 que
2121 5270 2269 5323 vobis
2296 5285 2564 5338 exponere
2605 5287 2782 5340 opem
2833 5274 3060 5341 pretium
3110 5274 3544 5329 existimavimus.

2058 5359 2318 5413 Noveritis
2364 5361 2576 5426 itaque,
2617 5361 2759 5428 quod
2797 5375 2914 5414 cum
2953 5361 3174 5415 diversis
3221 5365 3547 5429 temporibus

1987 5460 2262 5505 accusatus
2311 5457 2454 5503 esset
2503 5449 2618 5503 [bas
2672 5449 2810 5516 apud
2866 5449 3113 5518 piissinne
3165 5452 3546 5506 recordationis

1986 5554 2164 5606 regem
2188 5539 2565 5604 Theodosimn,
2598 5541 2666 5594 ob
2694 5540 3064 5594 Nestorianam
3093 5540 3545 5595 Theodorianam-

1985 5647 2090 5700 quc
2125 5631 2450 5700 impietatem
2488 5630 2538 5683 in
2579 5647 2674 5684 sua
2725 5647 2787 5685 ca
2842 5633 3066 5700 epistola
3111 5639 3436 5692 contentam,
3483 5647 3546 5686 ac

1979 5733 2200 5796 prapter
2241 5723 2592 5777 contumelias
2631 5723 2681 5776 in
2732 5734 2972 5778 sanctum
3017 5723 3273 5795 Cyrillum
3321 5724 3544 5792 ejusque

1980 5815 2208 5888 capitula
2255 5813 2506 5884 prolatas,
2538 5816 2594 5868 et
2631 5815 2772 5884 apud
2819 5814 3065 5870 Proclum
3109 5824 3353 5872 sanctum
3391 5813 3538 5874 Cou-
