4088 6550
535 456 555 519 1
568 459 672 520 083

1813 467 2254 529 JUSTlNIANI
2301 467 2457 528 IMP.

3633 463 3774 525 ιοδι

534 573 1124 639 κωνσταντινουπόλεως,
1183 577 1268 630 καί
1311 580 1451 652 παρά
1495 573 1746 650 διαφόροις
1780 575 2090 645 Ἀντιοχείας

2195 578 2616 646 stantinopoleos
2641 577 3143 649 archiepiscopum,"
3156 587 3316 649 atque
3343 577 3483 648 apud
3513 563 3765 647 complu~

529 663 984 731 ἀρχιεπισκὸποις,
1019 664 1295 719 τελευταῖον
1330 668 1473 739 ποιρά
1503 672 1596 720 τοῦ
1622 667 1778 720 αὐτοῦ
1814 663 2091 738 βασιλέως,

532 762 613 809 καί
637 759 906 812 Φλαυιανοῡ
928 761 1058 828 μετά
1083 759 1289 834 Πρόκλον
1317 765 1402 814 τοῦ
1429 761 1478 812 ἐν
1501 758 1662 830 ἁγίοις
1681 758 2094 831 ἀρχιιπισκόπου

532 850 1089 911 κωνσταντινουπόλε·ι›ς
1129 853 1424 922 γενομένου,
1459 851 1736 917 ἀπενεμήθη
1775 849 1806 905 ἦ
1835 849 2094 917 κινουμένη

529 937 638 996 δίκη
666 942 798 994 κατά
824 946 912 993 τοῦ
945 942 1102 994 αὐτοῦ
1126 938 1267 1002 Ἰϐα,
1294 945 1464 1010 Φωτίῳ
1499 939 1761 1008 ἐπισκὸπῳ
1789 939 1984 1011 Τύρου,
2011 940 2095 991 καί

528 1031 784 1099 ισέύσταθίῳ
813 1024 1077 1100 έπισκόπῳ
1115 1034 1368 1102 Βηρυτοῦ,
1398 1027 1519 1099 παρ’
1546 1024 1616 1088 οἷς
1650 1029 1767 1103 περί
1791 1046 1846 1082 τε
1871 1029 2093 1087 πίστεως

527 1121 838 1192 κατηγορήθη
867 1118 890 1171 ὁ
921 1118 1072 1177 αὐτὸς
1099 1114 1272 1182 Ἰϐας,
1298 1118 1384 1170 καί
1410 1116 1537 1190 περί
1555 1115 1748 1189 ὕϐρεων
1776 1115 1902 1168 κατά
1926 1119 2016 1168 τοῦ
2046 1114 2093 1165 έν

527 1210 688 1279 ἁγίοις
733 1208 965 1278 κυρίλλου
1013 1209 1301 1278 γινομένων.
1346 1211 1556 1262 Ἐκεῖνος
1599 1201 1653 1256 δέ
1697 1201 2093 1273 ἀπολογούμενος

525 1299 843 1371 ἀπεκρίνατο,
871 1295 1024 1367 μηδέν
1049 1296 1294 1364 ύϐριστόν
1311 1294 1440 1364 μετά
1463 1299 1552 1352 τήν
1573 1294 1748 1347 ἕνωσιν
1773 1297 1864 1350 τήν
1889 1294 2091 1364 γενομέο

525 1411 608 1446 νην
634 1390 822 1458 μεταξύ
857 1396 955 1442 τῶν
978 1389 1324 1449 ’Δνατολιιῶη
1355 1387 1440 1440 καί
1476 1391 1559 1438 τοῦ
1587 1385 1638 1440 ἐν
1663 1383 1823 1453 ἁγίοις
1853 1385 2088 1458 κυρίλλου

525 1499 545 1530 ε
571 1487 708 1542 πεῦδ,
741 1479 771 1538 ἦ
795 1479 988 1551 γράψαι
1025 1480 1133 1532 κατ’
1174 1479 1353 1532 αὐτοῦ.
1384 1486 1437 1529 Ἦ
1476 1474 1531 1530 δέ
1567 1476 1782 1548 μυσαρά
1819 1473 1950 1530 αὕτη
1982 1475 2090 1528 ἐπιο

524 1568 678 1626 στολή
699 1569 730 1625 ἡ
749 1567 1146 1642 προκομισθεῑσα
1168 1568 1304 1641 παρὰ
1325 1572 1424 1618 τῶν
1443 1564 1732 1637 κατηγόρων
1757 1563 1910 1617 αὐτοῦ
1951 1561 2094 1620 δηλοῖ

527 1655 606 1710 ὅτι
632 1659 763 1726 μιτά
791 1662 878 1715 τὴν
901 1657 1080 1712 ἕνωσιν
1104 1658 1408 1730 γέγραπται.

594 1843 849 1894 Δείκνυται
875 1843 1041 1897 τοίνυν
1067 1838 1207 1900 Ἰϐνς
1250 1843 1301 1894 ίκ
1325 1850 1415 1902 τῆς
1443 1843 1628 1902 οἰκείας
1657 1841 1968 1900 καταθέσεως
1996 1845 2084 1899 τὴν

2193 685 2280 725 res
2306 670 2598 741 Antiochia:
2632 671 3096 742 archiepiscopos,
3144 670 3429 724 novissime
3472 678 3646 722 autem
3694 672 3767 723 ab

2145 785 2150 790 ·
2192 761 2379 817 eodem
2408 775 2552 830 rege,
2583 777 2647 817 ac
2675 762 2952 829 Flaviano,
2998 761 3090 830 qui
3122 761 3310 815 Proclu
3359 763 3412 813 in
3455 760 3763 814 Constanti-

2193 852 2500 920 nopolitana
2526 853 2652 906 sede
2677 867 2954 907 successor
2981 850 3233 906 suﬂ'ectus
3274 851 3388 913 fuit,
3436 851 3635 919 judicia
3664 851 3760 905 ad-

2190 957 2374 996 versus
2403 942 2645 995 eumdem
2676 941 2820 995 Ibant
2851 943 3071 996 ferendo
3094 941 3313 996 Photius
3333 941 3480 1012 Tyri,
3502 952 3557 1001 et.
3579 942 3765 998 Eusta~

2191 1031 2332 1085 thius
2358 1030 2533 1101 Beryti
2563 1031 2796 1099 episcopi
2826 1031 3016 1086 deiecti
3054 1040 3178 1084 sunt
3221 1049 3233 1083 :
3283 1047 3313 1084 a
3344 1032 3536 1100 quibus
3562 1033 3629 1087 de
3658 1031 3792 1087 ﬁde.

2189 1135 2285 1173 sua
2308 1121 2663 1188 reprehensus
2698 1119 2832 1182 lbas,
2865 1119 3039 1188 deque
3069 1119 3273 1187 injuriis
3310 1120 3363 1173 iu.
3389 1129 3630 1175 sanetum
3659 1120 3764 1192 Cy-

2189 1207 2366 1264 rillum
2392 1195 2624 1274 jactatis,
2657 1223 2778 1262 eum
2818 1208 2918 1262 sibi
2959 1207 3282 1263 defensionis
3328 1208 3544 1263 daretur
3588 1211 3763 1274 locus,

2189 1300 2400 1367 negavit
2427 1299 2692 1368 quidpiam
2717 1298 2785 1352 ab
2814 1313 2873 1352 se
2902 1299 2955 1352 in
2999 1305 3239 1352 sanctum
3274 1298 3530 1369 Cyrillum
3569 1309 3754 1354 contu.

2187 1389 2408 1444 meliose
2449 1389 2648 1444 dictum
2685 1390 2772 1443 vel
2806 1390 3061 1458 scriptum
3091 1404 3230 1453 esse,
3277 1398 3400 1458 post
3444 1390 3761 1452 reconcilia~

2188 1484 2384 1538 tionem
2415 1484 2553 1538 inter
2579 1482 2877 1537 Orientales
2905 1490 3253 1549 sanctumque
3283 1480 3425 1552 Cyril
3449 1496 3534 1534 nm
3584 1481 3758 1552 ipsum

2186 1573 2564 1638 constitutam;
2597 1587 2779 1626 terum
2826 1572 3109 1626 criminosa
3147 1587 3210 1625 ea
3251 1572 3477 1640 epistola
3507 1571 3575 1626 ab
3603 1588 3760 1627 accu-

2185 1663 2450 1717 satoribus
2475 1661 2733 1732 producta
2760 1663 2932 1732 palam
2963 1677 3079 1718 eam
3105 1671 3226 1739 post
3246 1662 3761 1727 reconciliationem,

2185 1755 2538 1824 conscriptam
2563 1753 2724 1809 fuisse
2745 1753 3097 1810 demonstrat.

2255 1843 2372 1897 lbas
2401 1843 2578 1910 igitur,
2602 1859 2666 1898 ex
2689 1852 2900 1899 suamet
2926 1844 3111 1900 eadem
3134 1845 3465 1914 depositione
3491 1862 3762 1900 memora.

522 1933 935 1998 μνημονευθιῖσαν
965 1933 1228 1991 ἐπιστολήν
1255 1933 1653 2005 ἁτε-ἀρνούμενος·
1697 1929 1803 1988 ὅθεν
1833 1933 1877 1986 οί
1908 1951 2082 2004 προειο

2190 1939 2292 1985 tam
2376 1932 2654 2000 epistolam
2718 1933 2938 1986 omnino
3008 1934 3311 2002 repudiasse
3375 1937 3716 2002 cognoscitur
3741 1954 3764 1990 :-

522 2021 719 2092 ροριένοι
745 2022 1005 2076 ἐπίσκοποι
1047 2022 1259 2096 ὁρῶντες
1286 2028 1374 2080 τήν
1400 2022 1634 2076 ἀσέϐειαν
1661 2030 1751 2082 τῆς
1789 2022 2080 2086 ἐπιστολῆς,

521 2114 566 2162 εἰ
595 2114 678 2164 καί
702 2108 847 2172 Ἰϐας
887 2115 994 2182 οὐχ
1024 2111 1335 2184 ὡμολόγησεν
1379 2116 1567 2171 ταύτην
1598 2105 1728 2167 ίδίαν
1772 2109 1918 2176 εἶναι,
1947 2111 2084 2182 ὅμως

522 2203 682 2272 ψῆφον
723 2200 1001 2275 έξήνεγκαν,
1027 2201 1109 2258 διὰ
1133 2205 1333 2258 πάντων
1376 2205 1594 2258 ἐναντίαν
1621 2210 1682 2276 τῇ
1711 2203 1920 2276 ἀσεϐείᾳ
1948 2210 2009 2272 τῇ
2035 2205 2083 2255 ἐν

522 2299 584 2365 τῇ
614 2295 740 2366 αὐτῇ
766 2293 1002 2366 ίπιστολῇ
1031 2294 1386 2366 περιεχομένῃ.
1436 2293 1758 2346 Διετύπωσαν
1795 2293 1892 2365 γὰρ
1927 2293 1994 2351 ὥς
2028 2312 2082 2346 τε

524 2375 660 2433 Ἰϐαν
689 2381 1051 2451 ἀναθεματίσαι
1092 2383 1181 2451 μέν
1215 2381 1498 2452 Νιστόριον,
1529 2384 1614 2433 καί
1638 2382 1705 2433 τά
1731 2381 1890 2437 ἀσεϐῆ
1933 2382 2081 2434 αὐτοῦ

523 2466 770 2539 δόγματα,
815 2471 899 2522 καί
939 2471 1060 2528 τούς
1101 2467 1410 2529 ἐκδικοῦντας
1449 2472 1619 2532 αὑτὸν,
1648 2468 1780 2540 ἅπερ
1824 2471 1854 2527 η
1893 2469 2083 2531 ἀσεϐής

524 2558 762 2615 ἐπιστολή
799 2556 1027 2621 ἐξεδίκιι⁰
1057 2556 1286 2620 δέξασθαι
1329 2557 1383 2612 δέ
1429 2560 1607 2618 ἐπίσης
1647 2566 1746 2613 τῶν
1787 2562 2083 2633 τριακοσίων

525 2643 770 2700 δεκαοκτὼ
794 2645 946 2716 ἁγίων
970 2647 1223 2719 πατέρων,
1246 2648 1332 2699 καί
1356 2654 1445 2704 τήν
1468 2647 1514 2700 ἐν
1534 2649 1716 2718 Ἐφέσῳ
1741 2650 1944 2722 πρώτην
1971 2649 2085 2701 σύν·

525 2735 653 2803 οδον,
685 2739 752 2796 ὡς
781 2738 881 2791 ἀπὸ
909 2736 1051 2806 ἁγίου
1078 2739 1366 2808 πνεύματος
1391 2739 1756 2806 συναχθεῖσαν,
1787 2739 1890 2792 καθ’
1913 2737 2084 2808 ὁμοιό-

526 2844 649 2885 τητα
675 2833 772 2880 τῶν
808 2829 1104 2900 τριακοσίων
1142 2825 1392 2881 δεκαοκτώ
1431 2826 1584 2897 ἁγίων
1612 2829 1862 2902 πατέρων,
1895 2829 1952 2885 ἦν
1974 2848 2085 2883 τινα

526 2917 572 2968 t'v
596 2913 778 2986 Ἐφέσῳ
801 2914 1013 2970 σύνοδον
1043 2916 1151 2987 μετ’
1169 2918 1322 2971 αὐτοῦ
1352 2922 1441 2970 τοῦ
1468 2917 1516 2971 ἐν
1543 2915 1705 2985 ἁγίοις
1744 2917 1975 2990 κυρίλλου
2004 2920 2086 2972 καί

527 3013 620 3060 τῶν
663 3005 850 3062 δώδεκα
891 3010 1047 3063 αὑτοῦ
1099 3008 1370 3078 κεφαλαίων
1397 3007 1695 3081 ἐνυϐρίζειή
1725 3009 1853 3065 avrai
1899 3008 2086 3066 ἀσεϐὴς

526 3097 778 3157 ἐπιστολή.

2183 2021 2530 2089 quamobrem
2553 2020 2863 2089 praelaudati
2893 2021 3128 2092 episcopi
3160 2021 3485 2090 impietatem
3515 2025 3768 2092 epistola;

2183 2112 2601 2175 considerantes,
2629 2111 2834 2165 etiamsi
2880 2111 2998 2167 ibas
3025 2127 3142 2166 eam
3191 2113 3259 2166 ab
3295 2129 3354 2168 se
3393 2114 3590 2168 editam
3636 2132 3757 2170 esse

2184 2201 2399 2254 minime
2423 2201 2786 2262 confiteretur,
2817 2217 2912 2271 par
2951 2215 3045 2270 per
3071 2201 3248 2256 omnia
3283 2202 3587 2271 sutiragium
3635 2221 3769 2274 pro-_

2186 2293 2354 2345 tulere
2375 2290 2628 2345 adversus
2653 2290 2976 2362 impietatem
2999 2307 3155 2360 quam
3178 2291 3402 2359 epistola
3432 2294 3768 2362 complertc-.

2184 2381 2357 2435 batur.
2409 2380 2742 2436 Censuerunt
2791 2381 2989 2451 quippe
3040 2383 3107 2436 ab
3164 2381 3254 2436 lba
3309 2383 3766 2440 anathematizari

2186 2471 2485 2527 Nestorium
2509 2486 2628 2526 eum
2652 2472 2827 2541 impiis
2847 2471 3182 2540 dogmatibus
3199 2471 3327 2538 suis,
3354 2487 3470 2542 quae
3497 2473 3551 2527 in
3588 2473 3761 2542 impia.

2183 2563 2408 2631 epistola
2461 2562 2872 2630 colligebantur,
2923 2562 3097 2632 excipi
3161 2569 3340 2617 autem
3392 2571 3756 2617 trecentorum

2185 2660 2346 2720 atque
2373 2651 2670 2706 octodecim
2698 2651 2911 2705 Patrum
2934 2650 3090 2707 ﬁdem
3114 2660 3382 2722 oportere,
3411 2652 3761 2723 prioretuque

2185 2739 2501 2810 Ephesinam
2529 2739 2789 2811 synodum
2817 2755 2915 2794 ceu
2945 2740 2994 2794 in
3024 2738 3224 2810 Spiritu
3242 2748 3428 2794 sancto
3459 2753 3758 2807 congrega-

2188 2838 2316 2895 tam,
2336 2829 2522 2884 eodem
2552 2827 2709 2884 modo
2735 2837 2896 2897 atque
2921 2845 3038 2884 eam
3059 2843 3176 2898 quae
3194 2843 3259 2883 ex
3291 2831 3544 2883 trecentis
3569 2827 3770 2886 iisdem.

2185 2927 2344 2987 atque
2400 2916 2702 2972 octodecim
2750 2917 2947 2972 sanctis
2989 2915 3232 2971 Patribus
3285 2917 3544 2982 constitit,
3593 2931 3770 2985 quam.

2185 3005 2502 3077 Ephesinam
2523 3005 2804 3077 synodum,
2827 3021 2930 3060 una
2951 3021 3069 3060 cum
3090 3013 3276 3059 sancto
3298 3002 3517 3075 Cyrillo,
3549 3003 3764 3058 duode—.

2186 3100 2396 3166 cimque
2432 3097 2678 3168 capitulis
2715 3096 2831 3166 ejus
2858 3111 2922 3151 ea
2951 3095 3112 3165 impia
3150 3095 3375 3165 epistola
3420 3093 3775 3149 contumeliis

2187 3190 2505 3244 lacessebat.

595 3282 668 3333 τά
693 3281 856 3333 τοίνυν
879 3279 1019 3353 παρά
1046 3284 1143 3331 τῶν
1169 3275 1417 3330 δικαστῶν
1445 3277 1699 3352 κεκριμένα
1724 3281 1791 3348 μη
1815 3276 2087 3347 πληρώσας

2259 3277 2391 3331 Cum
2421 3291 2581 3346 porro
2625 3275 2692 3330 ab
2736 3275 2824 3330 Iba
2873 3275 3089 3330 minime
3123 3273 3500 3344 perﬁcerentur
3530 3289 3594 3328 ea
3639 3287 3776 3343 qm,

527 3367 672 3428 Ἰϐας
716 3377 806 3428 τῆς
845 3371 1127 3426 ίπισκοπής
1171 3368 1436 3439 καθῃρέθη,
1467 3369 1552 3419 καί
1595 3367 1725 3436 μετά
1769 3373 1932 3421 ταῦτα
1971 3387 2086 3420 συν-

527 3460 665 3530 ήχθη
705 3461 735 3516 ἠ
775 3460 826 3510 ἐν
870 3454 1140 3512 Χαλκηδόνι
1187 3455 1306 3528 ἁγία
1355 3453 1596 3518 σύνοδος,
1625 3453 1734 3529 ἐν
1769 3454 1880 3509 οὐδέ
1925 3456 2092 3514 ἐκληθνη

529 3547 682 3611 ἰτῗας,
715 3546 829 3602 ούδέ
858 3549 926 3606 ὡς
965 3546 1238 3604 ίπίσκοπος
1267 3547 1632 3621 παραγέγονεν,
1663 3546 1844 3598 Κόννου
1886 3543 1979 3604 ἤδη
2022 3549 2094 3606 εἰς

527 3643 678 3699 τόπον
713 3642 872 3695 αὐτοῦ
923 3639 1373 3712 χειροτονηθέντος,
1405 3644 1494 3691 τοῦ
1543 3640 1628 3690 καί
1671 3637 1930 3696 κληθέντος
1955 3639 2005 3690 ἐν
2031 3646 2092 3706 τῇ

527 3732 647 3803 ἁγία
676 3731 724 3783 έν
747 3729 1016 3787 Χαλκηδόνι
1046 3725 1261 3797 συνόδῳ.
1306 3725 1444 3780 ’Δλὶά
1471 3726 1600 3797 μετά
1626 3729 1710 3781 τὸν
1738 3724 1851 3802 ὅρον
1873 3730 1956 3782 τ“ν
1974 3730 2095 3798 περί

527 3830 618 3882 τῆς
661 3824 882 3879 πίστεως
921 3817 1179 3889 δεδομένον
1218 3817 1445 3871 είσιλθών
1474 3816 1501 3871 ὁ
1528 3817 1880 3887 μνημονευθιίς
1921 3813 2088 3881 Ἴδας,

528 3911 712 3982 ᾑτησεν
758 3913 846 3967 τήν
889 3910 1008 3980 περὶ
1052 3908 1204 3960 αὐτοῦ
1252 3907 1485 3959 ύπόθεσιν
1527 3909 1810 3970 ζητηθῆναι,
1837 3904 1900 3960 δι’
1921 3907 1978 3964 ἣν
2004 3914 2095 3966 τῆς

528 4002 808 4058 ἐπισκμπῆς
855 3997 1119 4068 καθῃρέθη,
1148 3999 1226 4048 καί
1262 3993 1592 4070 προεκόμισεν
1620 4001 1708 4053 τήν
1735 3997 2093 4072 προειρημένην

531 4089 685 4159 ψῆφον
719 4089 905 4140 Φωτίου
949 4089 1033 4138 καί
1056 4087 1344 4139 Εὗσταθίου⁶
1387 4082 1446 4144 ἧς
1483 4086 1902 4155 ἀναγνωσθείσης,
1933 4087 2093 4140 είσιλ-

529 4178 695 4235 θόντες
734 4179 812 4228 καί
839 4175 885 4227 ei
910 4177 1094 4228 τούτου
1125 4179 1382 4246 κατήγοροι
1407 4177 1742 4245 προεκόμισαν
1771 4178 1836 4229 τά
1861 4178 1910 4228 έν
1946 4175 2094 4250 Τύρῳ

531 4273 877 4340 πιπριγμενα,
901 4265 952 4316 ἐν
975 4261 1045 4323 οἷς
1079 4268 1372 4336 περιείχετο
1397 4266 1426 4320 ἡ
1449 4265 1572 4322 αύτή
1611 4264 1802 4324 ἀσεϐής
1834 4268 2091 4326 ἐπιστολή·

533 4355 589 4417 ὗς
617 4354 1034 4426 ἀναγνωσθείσης,
1063 4350 1208 4411 εἰδὼς
1231 4349 1392 4418 Ἴδας,
1425 4355 1492 4410 ὡς
1519 4353 1560 4405 εί
1583 4350 1880 4423 ὁμολογήσοι.
1905 4357 2094 4413 ταύτην

532 4444 660 4502 ἰδίαν
687 4441 832 4507 εἶναι,
861 4441 942 4498 διὰ
968 4448 1055 4500 τήν
1103 4441 1336 4495 ἀσέϐειαν
1361 4443 1514 4502 αὐτῆς
1556 4441 1930 4507 κατεδικάζετο,
1960 4445 2094 4515 ἐγκό-

530 4538 633 4607 ῃῐας
677 4540 764 4592 τήν
810 4541 913 4588 τῶν
958 4533 1322 4605 πεπραγμένων
1368 4535 1673 4604 ἀνάγνωσιν,
1721 4534 1880 4594 circa;
1935 4532 2089 4590 εἶπεν·

2193 3368 2402 3422 fuerant
2445 3368 2514 3421 ab
2561 3367 2827 3435 judicibus
2864 3367 3170 3426 constituta,
3204 3365 3315 3433 ipse
3350 3365 3417 3418 ab
3451 3373 3773 3433 episcopatu

2191 3460 2432 3529 dejectus
2469 3468 2570 3524 est,
2615 3467 2776 3528 atque
2817 3459 3019 3512 interea
3071 3465 3254 3512 sancta
3306 3455 3766 3511 Chalcedonensis

2191 3549 2427 3620 synodus
2471 3557 2688 3612 coacta,
2736 3548 2803 3602 ad
2823 3563 2984 3616 quam
3023 3562 3195 3616 neque
3229 3555 3450 3601 vocatus
3491 3555 3577 3600 est
3620 3546 3765 3608 lbas,

2194 3657 2368 3711 neque
2390 3651 2446 3695 ut
2473 3641 2755 3710 episcopus
2784 3639 3041 3705 interfuit,
3073 3638 3260 3692 Nonno
3285 3637 3397 3706 jam
3439 3639 3490 3692 in
3521 3640 3638 3706 ejus
3682 3639 3766 3691 lu-

2193 3751 2316 3790 cum
2346 3754 2356 3803 ι
2379 3751 2440 3790 er
2466 3750 2716 3788 manuum
2737 3734 3126 3803 impositionem
3150 3734 3458 3803 subrogato,
3482 3733 3570 3802 qui
3600 3735 3779 3795 etiam

2193 3825 2261 3879 ad
2283 3832 2520 3879 sanctam
2560 3823 2800 3878 eamdem
2828 3822 3182 3877 Chalcedonis
3228 3822 3490 3894 synodum
3536 3823 3767 3877 advocas

2193 3924 2277 3968 tus
2305 3913 2492 3968 fuerat.
2528 3911 2780 3968 Perfectis
2807 3921 2985 3966 autem
3016 3912 3078 3965 iis
3105 3927 3222 3981 quae
3261 3912 3405 3967 circa
3445 3911 3603 3966 tidem
3631 3927 3769 3967 eon-

2192 4002 2459 4058 stituenda
2487 4008 2718 4066 Inerant,
2746 4002 3036 4056 adveniens
3066 4000 3182 4056 lbas
3201 4001 3510 4072 postulavit,
3543 4001 3611 4056 de
3641 4003 3764 4056 sub-

2193 4093 2468 4148 stitutione
2488 4093 2586 4146 sibi
2618 4092 2752 4146 facta
2775 4107 2989 4146 causam
3011 4092 3220 4160 agitari,
3241 4107 3346 4160 qua
3374 4093 3443 4145 ab
3457 4093 3780 4163 episcopatu.

2194 4181 2560 4250 dejiciehatur,
2592 4180 2977 4250 prmfatumque
3019 4179 3193 4234 Photii
3239 4179 3608 4250 Eustathique
3653 4183 3768 4238 sub-

2194 4270 2415 4338 fragium
2449 4271 2498 4324 in
2547 4269 2776 4324 medium
2813 4270 3069 4339 protulit;
3120 4269 3263 4338 quod
3313 4286 3435 4324 cum
3479 4271 3764 4338 legeretur,

2195 4363 2538 4417 advenientes
2567 4361 2764 4430 pariter
2791 4369 3132 4415 accusatores
3157 4360 3294 4429 ejus,
3325 4369 3446 4414 acta
3490 4359 3618 4432 Tyri
3650 4376 3785 4430 pro-.

2195 4453 2476 4515 duxerunt,
2505 4453 2557 4506 in
2589 4452 2782 4522 quibus
2809 4452 2973 4506 etiam
3002 4451 3162 4520 impia
3183 4466 3247 4505 ea
3275 4452 3499 4519 epistola
3529 4452 3762 4505 contine

2195 4543 2368 4598 batur.
2411 4541 2524 4597 llac
2570 4541 2673 4610 legi
2700 4541 2946 4596 similiter
2971 4550 3166 4610 coepta,
3195 4555 3527 4609 cognoscens
3553 4539 3672 4596 lbas
3697 4543 3766 4596 oh

535 4646 554 4677 ι
583 4627 858 4680 Κελεύσατε
885 4627 1164 4697 ἀναγνῶναι
1189 4624 1252 4678 τὰ
1278 4624 1558 4697 γράμματα
1587 4631 1684 4678 τῶν
1710 4624 1944 4697 κληρικῶν
1966 4624 2090 4679 Ἐδέο

2196 4634 2311 4702 ejus
2334 4633 2664 4702 impietatem
2693 4631 3155 4687 condemnandum
3196 4646 3256 4686 se
3276 4631 3495 4686 omnino
3543 4631 3678 4697 fore,
3722 4634 3768 4687 si

529 4741 657 4781 σης,
680 4721 760 4774 ἶνα
785 4719 833 4783 ἐξ
868 4720 1039 4773 αὐτῶν
1066 4719 1251 4790 μάθητε
1281 4715 1363 4772 ὅτι
1390 4716 1641 4790 ἀλλότριος
1669 4719 1768 4786 ιίμι
1791 4725 1890 4771 τῶν
1929 4719 2094 4788 ἐπαχ-

528 4812 704 4863 θέντων
730 4826 865 4878 μοι.)
889 4811 978 4862 lati
1003 4809 1416 4878 ἀναγνωσθέντων
1442 4810 1604 4862 αὐτῶν
1630 4813 2027 4868 κατανοήσαντες
2049 4810 2095 4862 οί

529 4903 792 4955 ἐπίσκοποι
833 4908 922 4958 τήν
965 4901 1125 4970 ψῆφον
1167 4903 1354 4953 Φωτίου
1408 4902 1490 4954 καί
1527 4901 1808 4954 Εύσταθίου
1829 4939 1845 4963 ,
1890 4903 1971 4954 καί
2005 4909 2094 4958 την

529 4995 661 5047 κατά
705 4990 818 5046 Ἰϐα
853 4993 1110 5063 γενομένην
1157 4996 1481 5065 κατηγορίαν.
1534 4996 1793 5065 ἀπῄτησαν
1836 4993 1987 5046 αὐτὸν
2033 4994 2096 5047 τὰ

530 5087 672 5156 ποιρά
714 5086 899 5138 Φωτίου
946 5087 1031 5138 καί
1070 5087 1346 5138 Εὐσταθίου
1397 5085 1660 5157 κεκριμνα
1698 5084 1984 5157 πληρῶσαι,
2009 5087 2096 5137 καί

527 5174 769 5237 δεξατθαι
800 5177 884 5228 τὸν
913 5174 1048 5248 ὅρον.
1080 5171 1132 5228 ὃν
1163 5177 1193 5230 ἠ
1222 5176 1350 5232 αύτή
1377 5174 1497 5246 ἁγία
1536 5172 1747 5232 σύνοδος
1774 5174 2091 5245 ἐξεφώνησεν,

528 5268 610 5316 κιί
639 5263 932 5338 ὑπογράψαι
951 5266 999 5317 έν
1026 5266 1179 5336 αὐτῷ,
1205 5262 1268 5317 δι’
1289 5261 1348 5317 οὗ
1377 5269 1462 5317 καί
1489 5269 1577 5321 την
1605 5266 1808 5336 πρώτην
1834 5264 1885 5316 ἐν
1911 5265 2094 5335 Ἐφέσῳ

529 5351 762 5417 σύνοδον,
793 5358 877 5407 καί
915 5357 1000 5408 τὸν
1027 5357 1074 5409 ἐν
1099 5356 1260 5424 ἁγίοις
1295 5357 1524 5428 κύριλλον
1541 5396 1558 5418 ,
1586 5358 1669 5409 καί
1697 5361 1786 5414 τήν
1817 5357 1975 5411 αὐτοῦ
2017 5355 2095 5410 δι·

529 5442 800 5498 ὁασκαλίαν
831 5445 1050 5508 ἐδέξατο·
1083 5446 1210 5523 ἅπερ
1248 5446 1468 5508 ἅπαντα,
1513 5449 1580 5507 ὡς
1623 5450 1911 5520 εἰρήκαμεν,
1942 5450 1972 5506 ἠ
2001 5470 2099 5517 μυ-

535 5536 670 5610 σῑρά
717 5535 875 5593 ἐκείνη
928 5537 1172 5612 ἐνυϐρίζει
1225 5538 1493 5599 ἐπιστολή·
1545 5536 1692 5591 δι’ὦν
1741 5536 2093 5594 ἀποδείκνυται

530 5643 565 5678 π
589 5646 698 5679 ιντα
722 5633 885 5679 ταῦτα
916 5631 1004 5684 τήν
1042 5626 1186 5696 ἁγίαν
1212 5628 1263 5680 iv
1289 5626 1554 5684 Χαλκηδόνι
1591 5626 1795 5682 σύνοδον
1823 5629 1905 5681 ἐπὶ
1930 5649 2092 5681 κατα-

535 5719 695 5784 κρίσει
721 5720 804 5771 καί
825 5719 1079 5793 ἀνατροπῇ
1105 5727 1192 5778 τῆς
1215 5719 1426 5778 ἀσεϐοῦς
1459 5719 1644 5779 ἐκείνης
1669 5719 1935 5778 ἐπιστολῆς
1955 5716 2094 5772 ἰϐαν

532 5803 921 5875 παρασκευάσαι
965 5817 1185 5866 ποιήσαι.
1241 5811 1575 5879 Θαυμάζομεν
1616 5811 1777 5864 τοίνυν
1813 5810 1984 5877 ὑμᾶς,
2013 5806 2094 5862 ὅτι

533 5899 622 5954 τὴν
647 5902 888 5972 μυσαράν
919 5900 1094 5958 ἐκείνην
1139 5899 1408 5960 ίπιστολήν
1439 5898 1691 5961 ίκδικιῖτι,
1722 5899 1776 5957 ἦν
1805 5898 1908 5953 οὐδὲ
1945 5899 2092 5954 αὐτὸς

2197 4737 2348 4778 suam
2373 4737 2493 4776 esse
2521 4721 2798 4785 fateretur,
2828 4729 3070 4776 actorum
3094 4721 3438 4790 interpellans
3467 4722 3767 4791 lectionem,

2196 4814 2276 4868 sic
2299 4814 2504 4868 locutus
2524 4821 2607 4867 est
2631 4829 2644 4864 :
2674 4809 3002 4867 Clericon
3026 4811 3418 4867 Edessenorum
3449 4814 3654 4870 litteras
3669 4815 3788 4882 legi

2193 4901 2397 4970 jubete,
2428 4909 2504 4964 nt,
2535 4915 2694 4969 quam
2715 4901 2921 4955 alienus
2948 4901 3015 4955 ab
3045 4900 3108 4954 iis
3135 4901 3256 4966 sim,
3283 4917 3507 4971 quorum
3554 4903 3760 4957 insimu-

2200 4993 2302 5056 lor,
2331 4991 2692 5058 cognoscatis.
2719 4989 2852 5045 Cum
2881 4991 2995 5046 haec
3023 4991 3224 5060 pariter
3245 4991 3382 5045 lecta
3410 5001 3608 5056 essent,
3637 5010 3760 5048 con-

2197 5084 2494 5139 sideranles
2536 5083 2773 5151 episcopi
2821 5081 2998 5137 Photii
3037 5081 3402 5150 Eustathiique
3443 5083 3769 5152 suffragium.

2197 5183 2358 5244 atque
2386 5175 2682 5229 institutam
2711 5173 2964 5229 adversus
3006 5171 3149 5226 Ibant
3189 5172 3605 5234 accusationem,
3633 5190 3769 5229 con-

2198 5266 2420 5321 stituere
2449 5281 2632 5320 rursus
2661 5265 2728 5319 ab
2759 5265 2874 5334 ipso
2903 5263 3107 5333 impleri
3130 5271 3382 5332 oportere
3406 5279 3527 5332 qua:
3549 5263 3772 5321 Photius

2198 5366 2358 5426 atque
2385 5357 2696 5412 Eustathius
2733 5357 3122 5426 judicaverant,
3167 5371 3230 5410 ac
3268 5357 3464 5426 suscipi
3504 5357 3763 5414 deﬁnitio-

2200 5466 2321 5504 nem
2342 5464 2500 5516 quam
2529 5450 2640 5518 ipsa
2669 5457 2852 5503 sancta
2881 5447 3114 5519 synodus
3142 5447 3516 5514 conclamavit,
3566 5447 3772 5519 ipsique

2199 5541 2476 5605 subscribi,
2506 5555 2610 5608 qua
2636 5539 2852 5608 quidem
2891 5536 3217 5601 deﬁnitione,
3256 5544 3312 5590 et
3339 5537 3564 5606 primam
3589 5537 3771 5608 Ephe-

2198 5631 2366 5684 sinam
2419 5630 2718 5700 synodum,
2773 5637 2831 5684 et
2877 5637 3117 5682 sanctum
3180 5627 3436 5697 Cyrillum
3491 5629 3772 5700 complexa

2200 5717 2396 5780 fuerat,
2417 5717 2634 5786 ejusque
2659 5717 2974 5781 doctrinam,
3004 5716 3121 5785 quin
3167 5717 3364 5779 omnia.
3423 5725 3482 5771 ut
3530 5717 3770 5773 animad-

2199 5809 2476 5873 vertimus,
2501 5809 2553 5864 in
2577 5807 2774 5863 nefaria
2804 5823 2866 5862 ea
2896 5807 3120 5877 epistola
3170 5806 3408 5862 ludibriis
3452 5818 3767 5864 contemne-

2201 5900 2410 5953 bautur.
2437 5898 2526 5954 llis
2550 5907 2722 5954 autem
2745 5899 3021 5954 manifeste
3044 5896 3315 5963 docemur,
3339 5909 3577 5955 sanctam
3597 5898 3768 5967 ipsam
