4112 6558
261 458 397 521 1085

1010 467 1373 527 EPISTOLA
1412 464 1809 527 ADVERSUS
1842 463 2321 525 TIIEODORUM
2364 463 2779 525 MOPSUEST.

3401 479 3534 547 1086

274 576 440 647 ἰϐας,
471 578 503 641 ἦ
527 582 578 637 δν
603 587 768 660 Τύρῳ,
805 586 834 646 ἦ
860 589 943 642 καί
976 590 1106 658 μετά
1148 593 1317 644 ταῦτα
1353 585 1403 639 ίν
1550 583 1671 657 ἁγίᾳ
1718 584 1831 639 κατό

1941 581 2436 639 Chalcedonensem
2473 586 2733 656 synodum
2774 587 3115 657 disposuisse,
3149 598 3208 646 ut
3243 607 3307 647 ea
3333 595 3515 651 omnia

276 676 558 735 Χαλιηδένα
584 679 781 750 συνόδῳ
810 683 1079 753 έτολμησεν
1119 681 1249 737 ίδίοιν
1277 685 1472 741 ιίπεῖν,
1498 679 1528 738 ἦ
1559 677 1838 740 ἐκδικῆσαι.

271 770 396 825 ἀλλά
438 772 520 824 καί
563 779 675 831 τοῖς
700 774 963 848 γράμμασι
1004 782 1103 830 τῶν
1140 775 1379 849 κληρικῶν
1404 770 1634 836 Ἐδέσης,
1668 772 1841 844 καί

271 862 418 933 ψήφω
445 865 635 916 Φωτίου
662 867 745 917 καί
772 867 1048 920 Εὑσταθίου
1091 868 1356 939 ἐχρήσατο
1392 863 1522 938 πρὸς
1548 863 1608 917 τὸ
1647 862 1841 931 ἀποφυ-

268 958 373 1021 γεῖν
396 958 485 1009 τὴν
506 956 733 1015 περὶτῆς
755 954 975 1015 ἀσεϐοῦς
994 956 1261 1015 ἐπιστολῆς
1280 954 1389 1009 κατ’
1405 954 1562 1009 αὑτοῦ
1584 953 1844 1023 γενομένην

270 1061 591 1115 κειτηγοριαν.

1940 675 2008 730 ab
2033 673 2121 728 Iba
2148 673 2356 743 flerent,
2385 677 2453 731 ad
2500 678 2676 747 impia:
2703 680 2897 749 saepius
2942 693 3250 737 memoratae
3276 684 3518 753 epistola:

1939 766 2270 820 eversionem
2299 776 2463 835 atque
2501 767 3022 824 condemnationem.
3064 770 3316 826 Miramur
3353 774 3515 841 igitur

1939 868 2035 908 vos
2054 853 2228 909 adhuc
2258 854 2450 923 iniqua:
2470 856 2517 909 ei
2538 856 2777 925 epistolae
2797 858 3138 926 patrocinari,
3162 873 3321 927 quam
3345 877 3517 930 neque

1940 945 2059 1001 lbas
2087 947 2221 1016 ipse,
2252 946 2335 1001 vel
2363 946 2509 1019 Tyri,
2542 948 2621 1003 vel
2653 958 2775 1017 post
2802 964 2886 1008 ea.
2927 965 3045 1020 quze
3091 950 3163 1005 ibi
3206 959 3326 1005 acta
3369 960 3513 1013 sunt,

1942 1036 1994 1090 in
2023 1048 2207 1090 sancta
2233 1036 2647 1091 Cbalcedoneusi
2677 1037 2882 1108 synodo
2908 1053 3061 1091 suam
3109 1051 3270 1093 ausus
3296 1048 3379 1093 est
3418 1054 3486 1107 ap

1938 1124 2163 1195 pellare,
2190 1140 2363 1195 neque
2391 1126 2656 1181 sustinere
2676 1168 2690 1191 ,
2719 1127 2845 1196 quin
2886 1127 3063 1197 potius
3090 1127 3218 1181 cieri
3257 1126 3515 1181 Edesscn-i

270 1221 477 1287 litteris,
504 1221 805 1293 Photiique,
834 1234 995 1294 atque
1023 1221 1284 1277 Eustathii
1304 1220 1555 1290 sull'ragio
1588 1233 1714 1274 usus
1741 1226 1862 1283 est,
1903 1224 1961 1270 ut
1998 1215 2293 1269 institutam
2320 1214 2602 1269 adversum
2643 1230 2703 1270 se
2734 1216 2804 1271 ob
2826 1216 3040 1285 impiam
3070 1215 3212 1270 illam
3237 1216 3516 1286 epistolam

267 1312 565 1367 declinaret
587 1314 1004 1370 accusationem.

340 1406 464 1478 ΙΙρὸς
490 1403 543 1461 δέ
566 1414 673 1467 τοῖς
700 1404 863 1467 ἄλλοις
893 1406 1060 1461 ἅπασι
1080 1413 1194 1467 τοῖς
1217 1411 1382 1465 κακῶς
1395 1400 1517 1478 παρ’
1531 1403 1671 1472 ὑμῶν
1690 1401 1839 1474 έρμη-

268 1498 503 1561 νευθεῖσι,
534 1502 614 1552 καὶ
640 1518 729 1557 την
755 1499 991 1568 Εὑνομιου
1021 1497 1281 1552 διαλαλιάν
1306 1500 1396 1554 τήν
1419 1497 1537 1568 περί
1561 1490 1676 1547 ἰϐα
1697 1512 1838 1565 γενο-

270 1589 418 1656 μένην
458 1588 584 1660 πρὸς
618 1585 781 1659 ψευδῆ
815 1585 1006 1641 ἔννοιαν
1048 1588 1375 1659 μετηγὸιγετε,
1406 1584 1838 1653 διαϐεϐαιούμενοι

266 1686 353 1737 τὴν
393 1677 649 1733 διαλαλιάν
700 1680 944 1748 Εὐνομίαν
988 1679 1120 1750 ὑπέρ
1160 1684 1253 1736 τῆς
1300 1676 1527 1735 ἀσεϐοῦς
1566 1674 1837 1733 ἐπιστολῆς

265 1768 579 1840 γεγενῆσθαι.
616 1769 823 1840 Λέγεται
858 1768 957 1842 γὰρ
984 1766 1243 1840 περιέχειν
1270 1770 1359 1823 τήν
1385 1765 1536 1821 αὐτὴν
1562 1761 1831 1822 διαλαλιάν.

268 1858 349 1913 ὅτι
377 1860 427 1912 έν
452 1865 557 1917 τοῖς
586 1858 847 1932 ἀνωτέροις
886 1865 977 1916 τῆς
1018 1856 1287 1915 έπιστολῆς
1330 1854 1549 1928 ὑϐρίσας
1576 1849 1721 1912 ἰϐας
1749 1852 1835 1904 τὸν

265 1950 316 2004 έν
343 1949 502 2021 ἁγίοις
528 1948 785 2023 Κύριλλον,
808 1949 856 2001 έν
883 1956 994 2008 τοῖς
1015 1949 1320 2007 τελευταίοις
1348 1948 1523 2001 ἑαυτὸν
1538 1946 1838 2019 ὶπανωρθώ-

265 2054 418 2094 σατο·
447 2034 597 2093 ὁπότε
626 2036 768 2096 δῆλόν
806 2038 917 2093 ἔστι
945 2042 1034 2096 τήν
1060 2039 1308 2107 Εὐνομίαν
1337 2034 1605 2098 δωλαλιάν,
1630 2036 1689 2088 οὑ
1717 2038 1837 2108 περί

264 2140 355 2188 τῆς
368 2129 585 2188 ἀσεϐοῦς
611 2130 801 2188 ἐκείνης
820 2129 1109 2192 ίπιστολῆς,
1126 2127 1251 2182 ἀλλά
1271 2129 1388 2199 περί
1410 2134 1501 2185 τῆς
1519 2126 1837 2184 καταθέσεως

266 2219 380 2275 Ἱϐα
406 2229 496 2280 τῆς
527 2221 575 2273 ίν
602 2221 751 2293 Τύρῳ
777 2221 1042 2292 γενομένης
1084 2220 1230 2293 παρά
1271 2220 1441 2287 οωτίῳ
1464 2219 1545 2269 καί
1573 2216 1835 2284 Εὑσταθίῳ

266 2314 509 2389 εἰρῆσθαι.
535 2310 613 2366 Ἐν
629 2314 731 2386 γὰρ
751 2325 857 2371 τοῖς
883 2311 1007 2369 παρ’
1020 2311 1199 2370 αὑτοῖς
1223 2309 1591 2382 πεπραγμένοις
1618 2312 1836 2379 φανερῶς

263 2393 407 2460 Ἰϐας
435 2400 772 2470 ὡμολόγησεν,
798 2402 864 2460 ὡς
882 2402 964 2453 καί
979 2400 1211 2475 ἀνωτέρω
1228 2399 1506 2471 εἰρήκαμεν,
1527 2397 1626 2470 πρό
1648 2396 1833 2450 τούτου

265 2493 352 2547 ιιέν
376 2493 505 2558 μετά
533 2498 631 2545 τῶν
660 2488 817 2545 ἄλλων
858 2491 1154 2544 ἀνατολικῶν
1182 2489 1474 2544 ἐπισκόπων
1509 2488 1722 2561 ὑϐρίσαι
1748 2489 1835 2541 τὸν

264 2584 313 2639 ἓν
337 2582 495 2653 ἁγίοις
524 2582 777 2656 ιὺριλλον,
809 2579 889 2636 ὅτε
914 2583 1101 2652 μετοιξὺ
1130 2583 1293 2634 αὐτῶν
1330 2578 1559 2649 διχόνοια
1594 2576 1670 2636 ἦν’
1702 2580 1832 2648 μιτά

265 2668 315 2724 δέ
339 2676 427 2728 τήν
452 2670 629 2723 ἕνωσιν
650 2676 740 2728 τήν
769 2672 956 2741 μεταξὺ
988 2671 1149 2724 αὐτῶν
1188 2669 1449 2737 γενομένην
1468 2707 1479 2727 .
1510 2665 1660 2737 μηδὲν
1686 2666 1835 2740 ὑϐρι-

264 2763 427 2817 στικὸν
452 2765 611 2816 εἰπεῖν
656 2764 785 2816 κατά
810 2768 901 2816 τοῦ
931 2763 980 2815 έν
1009 2761 1173 2831 ἁγίοις
1212 2760 1468 2834 κυρίλλου³
1500 2760 1547 2822 ἐξ
1577 2756 1634 2816 ἧς
1661 2757 1834 2826 ὁμολο-

268 2856 373 2922 γίας
398 2853 642 2919 εὑρίσκων
668 2852 902 2921 Εὑνὸμιος
927 2848 1074 2904 ἰϐαν
1100 2858 1301 2925 πρῶτον
1328 2852 1417 2920 μίν
1441 2849 1727 2921 ὑϐρίσαντα
1752 2848 1835 2902 τὸν

264 2941 312 2997 έν
355 2943 513 3012 ἁγίοις
560 2942 810 3017 ιὺριλλον,
835 2943 964 3013 μετά
1007 2949 1171 2995 ταῦτα
1210 2939 1262 2995 δέ
1306 2940 1725 3010 ἀπολογούμενον,
1754 2942 1836 2995 καί

264 3032 459 3097 λέγοντα
488 3027 564 3083 ὅτι
593 3030 723 3099 μετά
750 3034 840 3087 τὴν
873 3028 1047 3082 ἕνωσιν
1083 3025 1219 3081 οὐδέν
1244 3026 1539 3100 ὑϐριστικὸν
1589 3026 1717 3079 κατά
1740 3030 1833 3081 τοῦ

264 3121 307 3183 ἐν
337 3120 494 3190 ἁγίοις
530 3116 637 3173 εἷπε
686 3119 953 3195 κυρίλλου,
992 3122 1082 3176 την
1125 3118 1551 3188 μνημονευθεῖσαν
1597 3118 1833 3173 έποίησεν

265 3208 531 3273 Σιαλαλιάν.
575 3207 689 3263 Ὀτι
729 3207 781 3263 δὲ
820 3210 850 3266 ἡ
892 3211 1225 3283 προειρημένη
1266 3208 1454 3266 ἀσεϐής
1489 3206 1757 3267 ἐπιστολὴ,
1797 3207 1828 3263 ἡ

264 3300 488 3367 λεγομένη
534 3295 668 3363 Ἰϐα,
700 3301 872 3359 πάσης
899 3299 1160 3359 ἀσεϐείας,
1188 3302 1269 3353 καί
1303 3305 1402 3354 τῶν
1428 3299 1555 3352 κατά
1596 3296 1828 3374 ιυρίλλου

265 3392 453 3463 Σερεων
487 3391 575 3446 ἀπ’
607 3394 779 3465 ἀρχῆς
807 3393 902 3451 ἕως
927 3392 1105 3452 τέλους
1148 3393 1493 3467 πεπλήρωται,
1537 3390 1696 3446 οὐδενί
1728 3393 1829 3462 ἀμ-

264 3481 562 3551 φιϐάλλεται·
598 3482 702 3535 ἀλλ’
738 3480 846 3537 οὑδέ
874 3480 990 3552 ἔχει
1018 3482 1159 3554 λόγον
1183 3484 1241 3537 τὸ
1269 3489 1548 3537 πιστεῦσαι
1574 3480 1650 3536 ὅτι
1678 3482 1827 3535 Εὐνό-

265 3590 370 3632 ςιιος
397 3572 460 3623 τὰ
500 3578 679 3644 πρῶτα
706 3575 795 3642 μὲν
825 3570 1019 3626 διέϐαλε
1045 3580 1136 3632 τῆς
1164 3573 1450 3635 ἐπιστολῆς,
1482 3574 1550 3632 ὡς
1592 3573 1738 3636 κακά,
1766 3572 1831 3626 τὰ

265 3663 520 3716 τελευταῖα
551 3661 603 3716 δέ
633 3665 841 3737 χείρονα
868 3660 988 3718 ὄντα
1028 3665 1285 3736 ἐπῄνεσεν.
1314 3661 1489 3722 Οὐδείς
1515 3663 1611 3735 γὰρ
1654 3664 1830 3735 εὑφρο-

262 3762 353 3807 δῶν
378 3753 690 3824 ἀποδέχεται
727 3758 813 3809 τὸν
838 3757 924 3810 έπί
954 3755 1060 3814 ἐνὸς
1086 3758 1171 3808 καί
1198 3760 1290 3809 τοῦ
1325 3756 1476 3808 αὐτοῦ
1504 3756 1825 3827 πράγματος,

264 3843 382 3913 ἳμοῦ
412 3846 498 3899 τὸν
532 3846 687 3900 αὑτὸν
732 3845 1032 3899 ἐπαινοῦντα
1072 3847 1155 3897 καί
1192 3844 1434 3915 ψέγιντα.
1467 3841 1530 3895 Εἴ
1559 3863 1635 3901 τις
1663 3844 1827 3896 τοίνυν

266 3943 346 4000 τήν
368 3937 600 4005 Εὑνομίου
631 3934 886 3991 διαλαλιάν
913 3936 1147 4006 τολμήσει
1169 3936 1325 4007 λέγειν
1347 3938 1416 4001 μὴ
1444 3941 1506 4007 τῇ
1529 3931 1644 3986 ἰϐα
1663 3953 1831 3986 -κατα-

263 4025 385 4086 ὶέσει
512 4026 563 4080 ίν
597 4027 745 4101 Τὺρῳ
782 4027 1036 4099 γενομένη,
1071 4024 1197 4079 ἀλλά
1235 4032 1306 4097 τῷ
1332 4023 1443 4094 ὕφει
1479 4021 1711 4096 συνᾴδειν
1735 4030 1827 4083 τῆς

262 4116 676 4185 ιινηςιονευθείσης
731 4116 957 4177 ἀσεϐοῦς
998 4115 1297 4181 έπιστολῆς,
1338 4119 1427 4172 την
1468 4122 1559 4175 τῆς
1600 4113 1827 4172 ἀληθείας

263 4203 544 4267 ἀκολουθίαν
563 4208 619 4259 οὑ
648 4206 903 4276 φυλάττει.
930 4204 1035 4259 ἀλλ’
1057 4208 1124 4265 ὥς
1152 4206 1401 4283 αίρετικός
1426 4205 1568 4282 ὕϐριν
1592 4213 1697 4266 τοῖς
1720 4227 1827 4259 πα-

267 4296 440 4367 τράσιν
465 4297 778 4370 προσάπτειν
804 4295 1098 4361 σπουδάζει.

2014 1396 2093 1451 Ad
2118 1406 2310 1451 exetera
2339 1412 2502 1466 porro
2551 1397 2730 1451 omnia
2758 1398 2987 1466 pessime
3015 1414 3045 1452 a
3076 1400 3228 1454 vobis
3270 1401 3510 1469 exposita

1941 1487 2209 1556 adjecistis
2236 1488 2420 1551 etiam,
2460 1496 2519 1541 ut
2562 1487 2809 1541 Eunomii
2854 1486 3266 1555 divulgationem
3314 1488 3381 1543 de
3425 1488 3515 1545 lba

1938 1579 2133 1634 factam
2160 1578 2400 1633 mendaci
2431 1579 2778 1646 intelligentia
2808 1581 3212 1649 perverteretis,
3243 1581 3513 1635 alllrmau-

1939 1678 2020 1724 tes
2047 1684 2165 1724 eam
2195 1667 2442 1722 Eunomii
2470 1669 2883 1736 divulgationem
2916 1685 3077 1738 super
3116 1669 3274 1739 impia
3304 1684 3368 1725 ea
3405 1672 3515 1742 epi-

1938 1759 2075 1815 stola
2106 1759 2401 1814 institutam
2429 1774 2568 1814 esse.
2599 1758 2791 1813 Fertur
2817 1760 2956 1814 enim
2986 1760 3099 1814 haec
3127 1761 3179 1814 in
3203 1762 3315 1829 ipsa
3344 1762 3514 1815 conti-

1938 1848 2053 1902 neri
2081 1866 2093 1900 :
2117 1847 2261 1915 quid
2284 1863 2404 1902 cum
2427 1848 2480 1901 in
2506 1848 2684 1917 priore
2704 1848 2940 1917 epistola:
2966 1857 3111 1917 parte
3141 1850 3255 1903 Ibas
3274 1858 3515 1905 sanctum

1938 1935 2191 2006 Cyrillum
2238 1936 2443 2003 injuriis
2467 1936 2831 2006 proscidisset,
2860 1938 3002 1991 circa
3046 1938 3204 1991 linem
3235 1947 3413 1993 tamen
3455 1954 3514 1993 se

1938 2027 2111 2095 ipsum
2156 2027 2472 2095 corrigendo
2510 2028 2909 2083 emendaverit:
2950 2044 3073 2084 cum
3120 2038 3299 2084 tamen
3345 2032 3513 2085 mani-

1938 2118 2130 2173 festum
2169 2118 2239 2173 sit
2277 2117 2521 2173 Eunomii
2560 2133 2679 2173 eam
2709 2119 3154 2175 declamationem
3182 2121 3400 2177 minime
3444 2121 3514 2177 ad

1938 2209 2153 2278 impiam
2185 2225 2302 2263 eam
2353 2210 2635 2278 epistolam
2684 2211 2972 2279 pertinere,
3019 2211 3111 2265 sed
3140 2211 3208 2266 de
3256 2213 3512 2281 subroga-

1937 2299 2104 2364 tioae,
2142 2314 2257 2366 qure
2304 2298 2428 2368 Tyri
2467 2299 2568 2352 line
2617 2298 2753 2353 facta
2797 2300 2969 2353 fuerat
3017 2316 3115 2370 per
3171 2301 3413 2355 l’liotium
3460 2311 3511 2357 et

1936 2385 2267 2441 Eustatliium
2315 2388 2366 2443 in
2401 2404 2463 2442 ea
2494 2405 2796 2443 sermonem
2843 2390 3065 2443 institui.
3116 2389 3172 2443 ln
3202 2392 3335 2445 actis
3368 2393 3511 2445 enim

1938 2479 2075 2547 apud
2106 2479 2247 2547 ipsos
2277 2478 2553 2533 manifeste
2588 2479 2757 2533 fassus
2789 2488 2869 2533 est
2893 2479 3030 2543 lbas,
3067 2480 3510 2548 quemadmodum

1936 2569 2095 2623 etiam
2127 2569 2369 2637 superius
2391 2568 2755 2630 indicavimus,
2780 2583 2837 2621 se
2858 2576 2983 2622 ante
3011 2569 3122 2623 haec
3144 2585 3264 2623 cum
3296 2570 3510 2638 reliquis

1936 2658 2168 2711 Orientis
2213 2657 2480 2725 episcopis
2528 2666 2771 2710 sanctum
2819 2655 3072 2725 Cyrillum
3128 2656 3332 2725 injuriis
3381 2658 3510 2710 all'e-

1936 2756 2090 2821 cisse,
2120 2771 2237 2810 cum
2262 2755 2466 2809 scilicet
2486 2754 2720 2823 ipsorum
2748 2754 2967 2823 ejusque
3000 2755 3182 2824 dispar
3207 2765 3349 2811 esset
3385 2771 3509 2811 sen-

1938 2846 2101 2901 tentia
2130 2863 2142 2897 :
2176 2852 2297 2913 post
2324 2852 2521 2908 autem,
2552 2843 2747 2897 unione
2771 2844 2908 2896 inter
2933 2844 3077 2913 ipsos
3099 2845 3351 2913 perfecta,
3376 2847 3505 2899 nihil

1936 2936 2153 2989 omnino
2179 2935 2245 2989 ab
2273 2951 2330 2990 se
2358 2936 2667 3005 injuriosum
2699 2939 2750 2992 in
2780 2948 3021 2993 sanctum
3047 2938 3301 3010 Cyrillum
3345 2939 3508 2995 fuisse

1936 3026 2231 3096 prolatum;
2266 3043 2329 3081 ex
2359 3045 2462 3097 qua
2504 3029 2607 3083 Iba:
2637 3028 2992 3089 confessione.
3027 3028 3316 3085 Eunomius
3362 3029 3508 3084 Ibam

1935 3117 2161 3185 primum
2205 3117 2256 3170 in
2298 3126 2538 3172 sanctum
2566 3117 2820 3188 Cyrillum
2868 3119 3088 3188 injurias
3131 3128 3509 3187 congerentem

1931 3209 2223 3278 reperiens,
2257 3217 2378 3279 post
2405 3218 2582 3264 autem
2607 3210 3025 3279 resipiscentem,
3054 3212 3393 3279 aientemque
3415 3212 3507 3265 ab!

1931 3320 1990 3360 se
2020 3305 2147 3359 nihil
2171 3306 2409 3367 omnino,
2443 3314 2563 3374 post
2582 3307 2925 3360 constitutam
2952 3307 3222 3371 unionem,
3251 3307 3507 3364 adversus

1931 3406 2170 3449 sanctum
2197 3394 2450 3466 Cyrillum
2480 3394 2637 3449 fuisse
2674 3396 2956 3465 prolatum,
2999 3405 3345 3450 memoratam
3380 3412 3506 3466 per.

1932 3485 2059 3540 fecit
2083 3484 2549 3540 declamationem.
2582 3484 2789 3540 Nemini
2822 3502 2985 3556 porro
3014 3486 3231 3540 dubium
3262 3502 3381 3541 esse
3409 3502 3506 3557 po-

1934 3585 2055 3641 test,
2089 3578 2375 3632 indicatam
2418 3578 2633 3647 impiam
2660 3578 2940 3647 epistolam
2990 3578 3092 3632 Iba:
3117 3579 3391 3643 tributam,
3436 3581 3505 3632 ali

1936 3667 2089 3721 initio
2131 3666 2198 3720 ad
2244 3676 2540 3722 extremum
2569 3668 2712 3721 omni
2761 3667 3038 3736 iniquitate
3100 3668 3340 3736 atquein
3382 3684 3503 3721 sano

1933 3769 2076 3814 ctum
2143 3758 2399 3829 Cyrillum
2444 3758 2767 3813 contumelia
2813 3767 3023 3813 scatere
3052 3801 3067 3823 ,
3113 3774 3285 3826 neque
3331 3774 3503 3813 causa?

1932 3850 2202 3918 quidpiam
2230 3857 2329 3914 est,
2363 3857 2419 3902 ut
2464 3848 2731 3915 credatur,
2782 3847 3095 3903 Eunomium
3143 3849 3348 3919 priores
3392 3851 3501 3918 epi-

1932 3939 2085 3997 stola:
2124 3947 2323 4008 partes,
2375 3946 2625 4005 tanquam
2662 3952 2855 4006 pravas
2902 3934 3223 4001 traduxisse,
3275 3936 3503 4006 reliquas

1931 4046 2081 4096 vero,
2122 4044 2238 4099 qua:
2266 4029 2476 4099 pejores
2523 4037 2668 4095 sunt,
2724 4027 2967 4082 laudibus
3011 4026 3202 4082 elTerre
3249 4028 3504 4085 voluisse.

1931 4121 2099 4176 Nemo
2147 4121 2289 4175 enim
2330 4120 2584 4173 cordatus
2626 4119 2818 4189 probat
2864 4134 2985 4172 cum
3032 4119 3121 4187 qui
3166 4119 3318 4172 unius
3364 4119 3502 4187 ejus-

1930 4211 2159 4279 demque
2197 4225 2261 4264 ac
2300 4210 2485 4265 similis
2527 4210 2601 4263 rei
2647 4209 2804 4263 simul
2853 4209 3096 4263 laudator
3121 4210 3209 4271 sit,
3261 4210 3501 4278 idemque

1932 4300 2279 4369 vituperator.
2313 4299 2561 4367 Quisquis
2591 4299 2749 4365 igitur
2770 4297 3015 4351 Eunomii
3063 4298 3504 4354 declamationem

1931 4405 2036 4443 non
2085 4388 2151 4442 ad
2200 4388 2302 4442 Iba:
2356 4389 2787 4456 subrogationem
2827 4387 2949 4458 Tyri
2998 4388 3191 4442 factam
3236 4400 3503 4460 spectare,

262 4491 438 4530 verum
481 4478 550 4532 ad
598 4479 771 4550 impia:
810 4489 1117 4535 memorata:
1159 4482 1485 4551 epistolas...
1532 4482 1837 4550 pertinere,
1876 4480 2133 4550 quisquis,
2167 4479 2403 4547 inquam,
2446 4478 2502 4563 id
2545 4479 2725 4533 dicere
2751 4478 2931 4546 audet,
2981 4480 3025 4534 is
3046 4480 3263 4533 minime
3290 4482 3500 4535 veritati

262 4566 587 4635 obsequitur,
624 4584 833 4637 verum,
869 4570 1035 4624 veluti
1079 4570 1360 4624 haireticus
1398 4568 1641 4623 Patribus
1687 4569 1935 4638 injuriam
1964 4568 2153 4622 afferre
2182 4569 2386 4622 nititur.

330 4660 420 4710 Καὶ
443 4660 512 4718 είς
534 4664 686 4713 τοῦτο
706 4656 758 4711 δέ
782 4659 1138 4729 ιθαυμὰσαμεν
1179 4656 1255 4712 ὅτι
1280 4659 1476 4731 γράψαι
1497 4660 1819 4727 ὑπεμείνατε,

1996 4658 2169 4725 Atque
2197 4659 2247 4712 id
2276 4660 2435 4713 etiam
2466 4659 2641 4712 mirati
2666 4675 2867 4724 sumus,
2898 4660 3039 4728 quod
3068 4659 3306 4714 scribere
3346 4661 3499 4713 veriti

262 4751 325 4801 τά
352 4748 591 4819 κεφάλαια
616 4752 704 4819 μέν
727 4755 817 4803 τοῦ
845 4750 895 4801 έν
920 4748 1079 4821 ἁγίοις
1125 4750 1369 4821 Κυρίλλου
1413 4752 1642 4804 σκοτειιά
1676 4746 1823 4805 εἶναι·

263 4842 351 4894 τήν
375 4834 428 4890 δέ
452 4837 614 4894 ἀσεϐῆ
640 4836 926 4899 επιστολὴν,
958 4838 1026 4893 ὡς
1052 4840 1140 4889 τοῦ
1177 4835 1322 4907 ἁγίου
1349 4839 1633 4907 πνεύματος
1664 4837 1828 4906 μεσὰ-

265 4929 435 4985 ζοντος
480 4923 855 4993 ἀποδεχθε’σαν
900 4924 1199 4993 έπῃνέσατεο
1229 4928 1314 4979 καί
1339 4921 1539 4998 φανερόν
1583 4926 1722 4979 ἐστιν
1750 4924 1829 4979 ὅτι

266 5022 429 5070 ταῦτα
465 5018 530 5070 τὰ
568 5018 765 5093 ῥήματα
790 5019 880 5070 οὑκ
904 5018 953 5081 ίξ
982 5016 1127 5087 ἁγίου
1153 5018 1459 5086 πνεύματος,
1498 5016 1665 5079 eam:
1692 5019 1829 5088 ἐνερ-

267 5108 401 5173 γείας
428 5112 520 5159 τοῦ
544 5112 762 5182 πονηροῦ
802 5110 1091 5181 πνεύματος
1133 5108 1459 5179 προηγάγετε’
1493 5105 1570 5163 ὅτι
1595 5110 1717 5168 τοὺς
1742 5109 1832 5179 μέν

267 5195 492 5267 πατέρας
521 5199 606 5249 καί
631 5194 660 5250 δ
670 5195 963 5258 δασκάλους
985 5205 1076 5258 τῆς
1103 5197 1371 5257 ἐκκλησίας
1407 5199 1692 5256 σκοτεινοὺς
1719 5197 1831 5252 inat-

267 5282 468 5352 λὲοατι,
497 5291 585 5344 τήν
611 5284 664 5341 δί
696 5286 985 5352 κακοδοξίαν
1010 5296 1099 5348 τῆς
1141 5288 1407 5348 ἐπιστολῆς
1444 5290 1572 5358 μετά
1598 5289 1829 5359 βλασφη-

268 5376 387 5441 μίας
416 5376 708 5443 ἐπῃνέσατε·
756 5373 862 5428 ὅθεν
886 5376 1045 5436 καλῶς
1072 5375 1278 5450 ἁρμόζει
1317 5378 1401 5429 καί
1445 5377 1581 5446 ὑμῖν,
1609 5380 1694 5430 καί
1718 5385 1830 5437 τοῖς

268 5462 432 5523 dum;
458 5472 569 5525 τοῖς
595 5465 659 5518 τὰ
682 5466 1012 5538 παραπλήσια
1032 5466 1151 5535 ὑμῖν
1172 5468 1407 5537 περὶτῶν
1430 5465 1584 5536 ἁγίων
1602 5468 1831 5540 πατέρων

268 5562 535 5628 φρονοῦσι.
577 5556 637 5610 τὸ
680 5556 820 5631 ποιρά
857 5561 949 5609 τοῦ
994 5554 1138 5626 ἁγίου
1180 5557 1372 5631 Πέτρου
1416 5561 1502 5610 τοῦ
1550 5554 1829 5609 ἀποστόλου

269 5646 409 5715 ῥηθέν
435 5648 552 5719 περί
574 5651 674 5700 τῶν
698 5651 860 5703 κακῶς
884 5641 1123 5697 νοοὺντων
1150 5647 1239 5703 τὰς
1265 5645 1535 5703 ἐπιστολὰς
1563 5650 1650 5697 τοῦ
1682 5643 1828 5714 ἁγίου

269 5737 459 5793 Παύλου
491 5756 507 5786 ι
543 5736 620 5792 ὅτι
639 5743 804 5792 ταῦτα
829 5738 872 5790 οί
904 5737 1105 5806 ἀμαθεῖς
1146 5739 1227 5790 καί
1255 5738 1548 5810 ἀστήρικτοι
1574 5735 1828 5809 στρεϐλώ-

270 5847 445 5883 σουσιν
472 5825 521 5897 [ἦ
544 5824 911 5901 στρεϐλοῦσιν],
942 5830 1008 5886 ὡς
1034 5830 1117 5881 καί
1144 5828 1233 5887 τάς
1258 5827 1442 5886 λοιπὰς.
1460 5826 1674 5900 γραφάς,
1698 5828 1825 5901 πρὸς

270 5926 358 5985 τήν
389 5917 510 5984 ἰδίαν
538 5921 699 5985 αὐτῶν
719 5920 982 5975 ἀπώλειαν.
1008 5937 1026 5979 ι
1053 5918 1196 5974 Οὕτω
1224 5922 1382 5974 τοίνυν
1409 5922 1488 5972 καί
1514 5923 1633 5988 ὑμῖν
1661 5926 1822 5981 κακῶς

1927 4750 2145 4803 minime
2170 4750 2296 4803 sitis.
2333 4750 2514 4803 Sancti
2537 4749 2715 4820 Cyrilli
2742 4751 2915 4819 capita
2941 4750 3163 4805 obscura
3192 4764 3330 4813 esse,
3353 4764 3498 4804 eam-

1928 4854 2032 4908 que
2060 4839 2273 4908 impiam
2321 4840 2617 4910 epistolam,
2667 4851 2917 4909 tanquam
2960 4842 3158 4911 Spiritu
3201 4852 3391 4900 sancto
3416 4846 3496 4901 af-

1931 4926 2108 4991 ﬂante,
2141 4928 2525 4983 clarescentem
2558 4930 2913 4985 laudaveritis.
2947 4931 3280 4987 Manifestum
3309 4943 3393 4989 est
3428 4937 3497 4990 si-

1929 5016 2144 5085 quidem
2173 5017 2332 5070 verba
2358 5017 2472 5072 btec
2509 5035 2616 5072 non
2658 5019 2887 5088 Spiritus
2923 5022 3093 5075 sancti
3139 5023 3355 5087 virtute,
3405 5026 3498 5080 sed

1932 5106 2148 5173 maligni
2190 5107 2406 5177 spiritus
2449 5108 2647 5178 impetu
2675 5125 2703 5161 a
2733 5109 2885 5163 vobis
2911 5124 3030 5163 esse
3076 5112 3281 5181 prolata
3315 5130 3327 5165 :
3376 5130 3497 5169 cum

1934 5193 2119 5250 Patres
2145 5194 2503 5266 Eeclesiaaque
2531 5199 2813 5265 magistros
2834 5198 3169 5255 obscuritatis
3206 5204 3497 5273 redargue-

1933 5285 2067 5349 ritis,
2099 5287 2339 5356 epistola:
2366 5296 2544 5342 autem
2572 5289 2711 5342 illius
2738 5289 2991 5342 malitiam
3036 5290 3498 5363 blaspliemiasque

1934 5376 2176 5433 laudibus
2204 5378 2503 5433 extuleritis
2527 5396 2539 5430 :
2573 5379 2920 5447 quamobrem
2946 5388 3091 5434 recte
3117 5385 3370 5435 convenit
3400 5401 3496 5437 vo-

1934 5464 2015 5518 bis
2042 5467 2355 5536 caeterisque
2384 5467 2628 5523 omnibus
2670 5469 2862 5527 similia
2903 5468 2969 5521 de
3005 5470 3204 5523 sanctis
3249 5469 3496 5525 Ecclesim

1933 5555 2179 5611 Patribus
2205 5559 2574 5623 sentientibus,
2607 5558 2736 5612 illud
2776 5573 2807 5610 a
2856 5557 3012 5613 Petro
3055 5560 3302 5628 apostolo
3335 5560 3403 5615 de
3435 5560 3495 5616 iis

1930 5646 2146 5711 dictum,
2173 5648 2260 5717 qui
2294 5648 2556 5717 Epistolas
2585 5649 2753 5703 sancti
2786 5649 2929 5702 Pauli
2962 5665 3209 5719 perverse
3238 5650 3494 5720 intellige-

1928 5736 2060 5790 bant
2084 5756 2096 5788 :
2127 5738 2262 5807 quod
2285 5740 2376 5792 has
2403 5740 2591 5793 indocti
2616 5750 2767 5809 atque
2794 5740 3056 5795 instabiles
3106 5742 3405 5811 depravant,
3441 5755 3494 5797 ut

1927 5842 1976 5884 et
2015 5843 2223 5886 rwteras
2262 5832 2578 5900 Scripturas,
2610 5835 2677 5886 ad
2707 5850 2853 5888 suam
2892 5835 3118 5903 ipsorum
3158 5836 3491 5905 perditionem

1930 5922 2015 5991 (Il
2047 5922 2184 5979 Pelr.
2218 5941 2288 5988 Ill,
2330 5924 2429 5978 16‘.
2463 5924 2547 5980 Sic
2580 5926 2757 5994 itaque
2785 5926 2931 5981 vobis
2953 5927 3113 5982 etiam
3144 5942 3304 5999 prave
3336 5928 3488 5984 lutei.
