4112 6532
635 436 761 500 1091

1915 429 2354 497 JUSTINIANI
2395 428 2553 494 IMP.

3739 423 3884 493 1092

629 551 882 609 εαΰοιλιής
937 548 1196 608 deuinciat:
1243 547 1612 606 ἄδεκλήθησαν,
1659 545 1920 599 τουτίστιν
1968 542 2189 602 Ἰωάννης

2309 551 2438 609 sunt,
2461 535 2908 610 quemadmodum
2936 550 3156 598 econtra
3205 534 3240 596 ii
3275 558 3364 612 qui
3407 549 3600 610 tnjttste
3639 533 3872 596 donata-

625 643 708 692 ιαί
725 639 1010 702 Φλαυιανὸς,
1042 641 1086 692 οί
1118 641 1167 693 ἐν
1189 638 1346 712 ἀγίοις
1377 638 1777 711 ἁρχιεπίσκοποι
1808 649 2189 688 Κωνσταντινου-

629 732 834 789 πόλεως’
861 731 990 784 κατά
1029 732 1124 806 γάρ
1151 735 1240 788 τὴν
1280 729 1530 802 ὑμετέραν
1571 725 1764 780 ἔννοιαν
1795 730 1902 799 χρὴ
1930 729 2044 785 τοὺς
2069 727 2199 796 α’ρε-

630 823 790 881 «nos;
829 822 876 874 ἐν
911 829 974 895 τῇ
1003 825 1156 895 οἰκεία
1185 822 1348 896 πλάνῃ
1373 825 1772 878 τελευτήσαντας
1801 818 2195 890 ίλευθεροῦσθαι.

628 912 746 971 τοὺς
771 909 826 965 δὲ
851 909 1151 984 ὁρθοδόξους
1195 914 1312 972 τοὺς
1339 909 1518 970 ἀδίκως
1547 909 1954 983 αατακριθίντας,
1982 912 2052 977 μὴ
2078 907 2198 960 ἁνα-

629 999 887 1054 ααλεῑσθαι
907 1003 1034 1072 μετά
1055 1000 1139 1056 τὸν
1157 1001 1388 1055 θάνατον’
1411 997 1535 1073 ὅπερ
1558 1000 1728 1059 πάσης
1747 998 1986 1058 ἀσεϐείας
2009 997 2196 1053 πεπλή-

630 1109 809 1145 οωται.

701 1361 814 1420 Ὀτι
841 1364 893 1420 δᾶ
923 1365 1304 1422 ίκκλησεαστική
1344 1364 1450 1417 ἔστι
1470 1359 1756 1434 παράδοσις
1779 1363 1898 1421 τοὺς
1922 1363 2204 1435 αίρετικούς

633 1459 713 1510 καί
739 1457 866 1525 μετά
907 1456 1114 1508 θάνατον
1146 1445 1583 1515 καταδικάζεσθαι,
1611 1454 1697 1504 καί
1735 1453 2202 1520 ἀναθεματίζεσθαι,

633 1547 836 1616 φανερὸν
874 1546 963 1614 μὲν
991 1545 1045 1596 ix
1085 1541 1280 1597 τούτων
1327 1543 1663 1609 ίποιήσαμεν·
1712 1541 1838 1599 πλὴν
1879 1540 2012 1613 ὅμως
2048 1546 2125 1595 γαί
2151 1543 2206 1595 ἐκ

633 1642 732 1687 τῶν
768 1632 1039 1696 διατάξεων
1079 1640 1178 1686 τῶν
1222 1631 1374 1701 ἁγίων
1418 1630 1708 1685 ἀποστόλων
1743 1637 1897 1684 τοῦτο
1939 1629 2204 1686 δείκνυται⁹

633 1722 856 1791 λέγοντες
883 1725 981 1795 γὰρ
1005 1726 1275 1795 προσήκειν
1300 1721 1430 1792 ὑπὲρ
1461 1721 1797 1777 ἀναπαύσεως
1821 1724 1920 1770 τῶν
1945 1716 2206 1772 τελευτών-

637 1833 730 1863 των
767 1811 1101 1880 ἐλεημοσύνας
1128 1811 1466 1882 παρέχεσθαι,
1499 1807 1657 1866 οἵτως
1687 1806 1956 1878 ἕποίγουσϋ
1990 1824 2008 1857 t
2037 1813 2209 1860 Ταῦτα

2299 634 2460 686 tionis
2513 633 2655 702 passi
2707 632 2917 688 fuerant
2957 633 3244 701 judicium,
3287 633 3568 688 Flavianus
3616 634 3872 687 videlicet

2297 732 2456 790 atque
2483 722 2739 788 Joannes,
2787 723 2962 777 sancti
3009 721 3553 792 Constantinopoleos
3597 723 3873 792 archiepio

2296 813 2467 881 scopi,
2491 823 2612 882 post
2638 821 2866 868 mortem
2893 821 3019 868 sunt
3063 813 3130 868 ab
3161 813 3273 883 ipsa
3319 813 3581 868 catholica
3625 812 3870 869 Ecclesia

2297 903 2550 957 restituti.
2580 903 2770 958 Vestro
2799 918 2958 972 porro
2983 902 3186 972 judicio
3212 904 3492 960 haereticos
3519 905 3608 973 qui
3641 907 3876 974 prepriis

2299 994 2620 1048 inhrerentes
2657 993 2927 1048 erroribus
2964 992 3306 1060 decesserint,
3349 993 3693 1048 damnatione
3735 995 3872 1047 lilw-

2298 1083 2404 1138 rari
2444 1098 2580 1152 opus
2631 1091 2715 1139 est
2747 1099 2760 1135 ε
2796 1083 3090 1138 catholicos
3133 1091 3312 1139 autem
3369 1083 3564 1153 injuste
3599 1082 3871 1152 judicatos

2300 1173 2520 1228 minime
2554 1182 2678 1243 post
2705 1181 2932 1227 mortem
2970 1174 3212 1228 revocari
3258 1173 3324 1228 ad
3362 1172 3616 1228 Ecclesiae
3659 1188 3872 1242 pacem,

2301 1267 2444 1336 quod
2465 1277 2662 1334 quanta
2692 1267 2906 1336 plenum
2934 1267 3004 1322 sit
3029 1268 3329 1338 iniquitate,
3360 1269 3447 1323 vix
3474 1269 3580 1325 dici
3603 1277 3797 1339 potest.

2373 1355 2577 1422 Quibus
2603 1357 2863 1426 exemplis
2895 1359 3174 1427 perspicue
3213 1358 3569 1424 ostendimus,
3613 1357 3874 1413 Ecclesia.-

2309 1459 2432 1499 esse
2479 1444 2768 1499 traditione
2830 1446 3094 1500 sancitum
3149 1446 3428 1502 hmreticos
3477 1456 3598 1516 post
3642 1456 3872 1500 mortem

2305 1550 2520 1603 quoque
2545 1534 2771 1604 judicari
2798 1550 2988 1605 posse,
3033 1546 3193 1604 atque
3219 1536 3649 1590 anathematibns
3677 1535 3876 1590 conde-

2307 1626 2500 1680 mnari.
2540 1625 2804 1680 Caeterum
2837 1627 3056 1680 ulterius
3083 1626 3259 1681 adhuc
3286 1627 3511 1696 idipsum
3560 1642 3628 1682 ex
3668 1637 3878 1681 sancto-

2309 1730 2425 1772 rum
2495 1717 2859 1786 apostolorum
2921 1716 3402 1784 constitutionibus
3476 1717 3878 1774 demonstratur

2310 1807 2572 1862 validius:
2621 1822 2728 1876 quo
2761 1822 2992 1876 namque
3032 1807 3134 1863 loci
3176 1808 3508 1863 constituunt
3550 1808 3710 1862 utiles
3761 1823 3881 1862 esse

633 1899 688 1954 δὲ
711 1906 945 1972 περὶτῶν
968 1901 1188 1954 εὐσεϐῶν
1209 1901 1430 1972 λέγομεν·
1457 1902 1573 1974 περί
1597 1897 1650 1953 δὲ
1671 1906 1772 1952 τῶν
1795 1899 2013 1958 ἀσεϐῶν.
2043 1896 2124 1952 ἐὰν
2145 1901 2208 1953 τά

2315 1916 2411 1969 pro
2459 1908 2788 1954 mortuorum
2835 1900 3021 1970 requie
3069 1900 3526 1970 eleemosynarum
3555 1899 3878 1960 oblationes.

633 1998 721 2040 τοῦ
767 1987 958 2054 κόσμου
1005 1986 1077 2053 δῷ
1120 1991 1354 2050 πένησιν,
1403 1985 1544 2041 οὐδὲν
1592 1987 1759 2044 ὀνήσει
1804 1987 1978 2040 αὐτόν’
2105 1989 2206 2063 γὰρ

633 2078 854 2148 περιᾶντι
903 2078 1116 2132 ἕναντίον
1157 2074 1215 2135 ἦν
1261 2077 1318 2130 τὸ
1367 2081 1514 2140 θεῖον,
1565 2075 1710 2134 δῆλον
1749 2073 1828 2130 ὄτι
1877 2079 1962 2130 καί
2009 2093 2209 2148 μετασ-

634 2168 795 2221 τάντι.
836 2184 854 2218 ε
903 2165 1080 2221 Ὀπότε
1127 2172 1288 2220 τοίνυν
1338 2167 1381 2218 οἱ
1433 2166 1710 2219 ἀπόστολοι
1760 2168 1878 2240 περὶ
1918 2173 2018 2220 τῶν
2063 2168 2208 2219 εὐσε-

634 2259 738 2313 ϐῶν
776 2259 908 2313 οὕτω
937 2256 1286 2320 διετύπωσαν,
1324 2261 1404 2317 τίς
1434 2254 1565 2310 εἴποι
1605 2263 1795 2333 χρῆναι
1837 2257 1964 2322 μετά
1999 2258 2210 2310 θάνατον

635 2372 755 2409 τους
782 2351 1064 2425 αίρετικοὺς
1082 2389 1097 2414 ,
1137 2350 1168 2409 ἦ
1204 2352 1352 2405 «or-1v
1391 2351 1610 2420 μάλιστα
1652 2349 1906 2423 Θεόδωρον
1932 2358 2022 2411 τῆς
2049 2372 2206 2406 καταε-

638 2443 848 2514 κρίσεως
883 2447 976 2496 τοῦ
1005 2443 1316 2512 ἀναθίματος
1347 2441 1742 2518 ἔλευθεροῦσθαι.
1775 2441 1827 2496 ὃν
1853 2465 1965 2498 τινα
2004 2444 2049 2498 οἱ
2077 2443 2210 2516 ἅγιοι

639 2533 853 2606 πατέρες
883 2534 947 2592 ὡς
979 2535 1188 2603 χείρονα
1229 2531 1504 2592 Ἰουδαίων,
1538 2535 1624 2588 καί
1649 2533 1918 2596 Ἑλλήνων,
1954 2537 2036 2587 καί
2065 2532 2208 2588 Σοδοο

639 2629 796 2689 μιτῶν
813 2661 828 2686 ,
857 2625 940 2676 καί
967 2624 1169 2678 πάντων
1195 2632 1296 2678 τῶν
1323 2624 1582 2700 αἰρετικῶν
1606 2624 2034 2696 βλασφημήσαντα
2051 2665 2065 2686 ,
2092 2625 2210 2678 τού-

643 2731 744 2770 εοις
763 2713 1173 2786 συνηρίθμησαν,
1208 2716 1291 2767 καί
1324 2715 1449 2785 μετά
1468 2721 1559 2774 τῆς
1599 2715 1758 2769 αὐτοῦ
1796 2715 2032 2776 ἀσεϐείας
2061 2717 2208 2769 κατί-

639 2815 836 2870 κρινανς

2313 1991 2392 2045 sic
2418 1997 2835 2058 prosequuntur:
2855 2008 2873 2040 ι
2900 1989 2956 2043 ld
2987 1998 3164 2043 autent
3193 1989 3260 2043 de
3288 1990 3390 2059 piis
3415 1989 3720 2046 hominibus
3746 1988 3882 2042 dicio

2313 2093 2468 2132 mus:
2514 2079 2582 2131 de
2609 2076 2784 2146 impiis
2809 2077 2954 2131 enim
2997 2077 3206 2131 etiamsi
3253 2077 3502 2132 universa
3550 2075 3735 2130 mundi
3763 2077 3881 2130 enli-

2311 2166 2506 2220 stantia
2535 2179 2634 2235 pro
2663 2165 2791 2234 ipsis
2820 2166 3140 2236 pauperibus
3164 2166 3602 2230 distribueretur,
3652 2182 3760 2220 non
3807 2169 3882 2222 eis

2312 2257 2600 2328 quidquam
2628 2255 2908 2328 proderit:
2959 2255 3048 2310 cui
3075 2256 3218 2311 enim
3243 2256 3518 2325 superstiti
3560 2257 3738 2311 divina
3786 2257 3881 2309 ad-

2313 2346 2686 2411 versabantur,
2717 2351 2922 2399 eertum
2947 2352 3031 2398 est
3069 2345 3228 2400 etiam
3259 2353 3440 2400 amoto
3469 2361 3574 2399 non
3604 2360 3725 2399 esse
3755 2356 3880 2414 pro-

2313 2437 2508 2489 l'utura.
2539 2455 2559 2487 »
2605 2434 2876 2504 Apostolis
2919 2434 3082 2502 igitur
3108 2437 3212 2490 hoc
3253 2435 3417 2490 modo
3442 2435 3585 2491 circa
3616 2437 3759 2504 pius,
3795 2437 3881 2502 qui

2312 2525 2641 2581 decesserint
2664 2525 2934 2590 homines,
2962 2522 3356 2590 deﬁnientibus,
3380 2525 3501 2594 quis
3531 2534 3770 2580 statuere
3791 2541 3880 2578 au-

2312 2618 2456 2683 deat,
2479 2618 2760 2672 hmreticos
2780 2625 2903 2687 post
2929 2625 3178 2681 mortem,
3207 2617 3540 2687 potissimum
3565 2632 3696 2671 vero
3719 2616 3877 2670 Theo

2311 2713 2498 2767 dorum
2519 2713 2713 2781 ipsum,
2743 2728 2773 2766 a
2796 2712 3242 2767 condemnatione
3256 2711 3455 2765 liberos
3474 2726 3593 2765 esse
3612 2718 3883 2782 oportere,

2313 2817 2472 2869 quem
2494 2802 2666 2856 sancti
2695 2800 2904 2868 Patres,
2929 2800 3094 2855 veluti
3121 2799 3338 2856 Judeeis.
3369 2799 3568 2854 Grtecis
3593 2809 3757 2861 autne
3780 2797 3882 2856 80'

640 2888 852 2943 domitis
866 2888 1097 2945 deterius
1118 2889 1594 2960 blasphemantem,
1621 2891 1748 2962 ipsis
1769 2902 2238 2959 conuulnerarunt,
2283 2901 2446 2960 atque
2471 2907 2576 2946 una
2598 2907 2720 2946 cum
2749 2891 3025 2961 impietate
3050 2907 3145 2946 sua
3174 2885 3664 2946 eondemnaverunt
3683 2895 3708 2946 τ

704 2976 819 3034 Ὀτι
842 2979 894 3034 δέ
916 2983 997 3034 καί
1027 2982 1154 3051 μετά
1189 2981 1395 3034 θάνατον
1431 2983 1549 3042 τοὺς
1584 2983 1896 3056 αἰρετικοὺς,
1930 2987 1998 3045 ὡς
2033 2988 2210 3059 προεί-

642 3089 793 3139 πομεν
812 3070 1263 3139 ἀναθεματίζεσθαι
1297 3068 1378 3124 δεῖ
1389 3110 1404 3132 ,
1438 3073 1522 3124 καί
1547 3070 1572 3124 ὁ
1603 3073 1650 3124 ἐν
1686 3071 1845 3142 ἁγίοις
1875 3075 2210 3142 Δύγουστῖνος

640 3159 916 3218 ἕπίσκοπος
944 3161 998 3212 ἔκ
1036 3167 1128 3219 τῆς
1163 3166 1262 3214 τῶν
1299 3157 1485 3232 ’Δφρῶν
1518 3164 1697 3232 χώρας
1745 3162 1878 3215 οὕτω
1915 3163 2044 3235 λέγει
2072 3165 2121 3217 ἐν
2148 3173 2209 3238 τῇ

2384 2979 2648 3036 Caeterum
2676 2981 2956 3036 haereticos
2982 2991 3103 3051 post
3126 2992 3350 3036 IllOﬂClll
3377 2997 3612 3052 quoque,
3643 2992 3701 3035 ut
3721 2998 3881 3051 supe-

2311 3089 2424 3128 rtus
2467 3073 2857 3139 constituimus,
2905 3088 3023 3128 esse
3062 3072 3417 3140 damnandos,
3461 3083 3678 3127 sanctus
3719 3076 3878 3128 etiam

2311 3164 2637 3232 Augustinus
2677 3161 2941 3218 Africanae
2976 3164 3255 3233 cujusdam
3299 3163 3446 3218 urbis
3493 3166 3781 3235 episcopus
3830 3167 3878 3219 in

641 3249 874 3322 ἄπιστολῇ
912 3257 974 3324 τῇ
1003 3251 1135 3323 πρὸς
1173 3253 1443 3320 Βονιφάτιον
1476 3253 1818 3325 γεγραμμένῃο
1855 3270 1872 3302 ε
1900 3251 2076 3306 Ὀπότε
2121 3250 2210 3308 κᾶν

2312 3253 2536 3322 epistola
2561 3251 2630 3306 ad
2649 3252 2980 3307 Bonifacium
3009 3253 3208 3308 diserte
3237 3253 3397 3308 tradit
3422 3272 3436 3307 :
3472 3273 3490 3306 ι
3510 3255 3786 3322 Quamvis,
3813 3257 3879 3309 in-

642 3339 790 3397 ἀληθῆ
901 3338 1109 3394 δυνατὸν
1152 3338 1413 3408 δειχθῆναι
1451 3344 1516 3395 τὰ
1554 3341 1677 3415 παρ’
1706 3344 1871 3396 αὐτῶν
1900 3345 2210 3401 ἀντιτιθέντα

2311 3345 2442 3414 quit,
2475 3353 2530 3398 et
2554 3344 2599 3398 si
2621 3359 2748 3398 vera
2777 3351 2956 3398 essent
2981 3358 3101 3412 qua:
3128 3343 3195 3398 ab
3222 3345 3301 3399 eis
3329 3343 3539 3412 objecta
3565 3355 3691 3399 sunt
3712 3346 3878 3400 Czeci-

645 3429 859 3484 Ιίεκιλιαν
875 3440 932 3497 ἶ»,
972 3435 1054 3484 καί
1078 3431 1228 3502 ὑμῖν,
1255 3436 1339 3486 καί
1365 3433 1674 3488 ἀποθανόντα
1709 3430 1766 3487 ἂν
1793 3436 1946 3489 αὐτὸν
1979 3438 2212 3509 ἀναθεμαο

650 3523 858 3591 ι’ίζομεσν
889 3519 993 3574 ἀλλ’
1019 3518 1152 3592 ὅμως
1174 3527 1262 3581 τήν
1289 3529 1380 3576 τοῦ
1405 3531 1625 3596 Χριστοῦ
1648 3525 1936 3589 ἐκκλησίαν,
1977 3528 2011 3585 ἦ
2037 3548 2116 3586 τις
2151 3531 2208 3583 οὗ

645 3617 762 3669 ταῖς
797 3611 1140 3678 ὶμτριλονείκοις
1165 3609 1194 3666 δ
1224 3613 1329 3676 Ean;
1355 3613 1742 3681 μεταϐάλλεται,
1778 3613 1900 3670 ἀλλά
1928 3625 2036 3677 ταῖς
2058 3619 2212 3679 θείαις

646 3703 947 3768 μαρτυρίαις
970 3700 1262 3770 βεϐαιοῦται
1279 3741 1295 3765 ,
1326 3701 1390 3757 δι’
1417 3699 1514 3757 οἷον
1541 3701 1722 3762 δήποτε
1751 3701 2012 3781 ἄνθρωπον
2057 3727 2209 3764 κατα-

644 3793 828 3844 λείπειν
848 3793 939 3844 οὺκ
959 3791 1222 3860 ὀφείλομεν.
1256 3809 1275 3844 ε

719 3885 816 3934 Καί
851 3887 1015 3936 ταῦτα
1062 3885 1150 3951 μίν
1194 3882 1220 3937 ὁ
1261 3885 1310 3937 ἐν
1352 3883 1508 3958 ἀγίοις
1547 3888 1896 3961 Δῦγουστῖνος.
1935 3887 2109 3962 Ὅμως
2153 3894 2212 3947 οὐ

646 3971 788 4040 μόνον
825 3974 945 4031 τοὺς
985 3974 1056 4032 είς
1099 3977 1270 4028 πίστιν
1320 3974 1697 4051 ἁμαρτάνοντας
1753 3983 1882 4050 μετά
1921 3983 2128 4038 θάνατον
2169 3985 2213 4038 οἱ

647 4059 781 4130 ἅγιοι
815 4063 1033 4135 πατέρες
1069 4063 1541 4128 ἀναθεματίζουσιν,
1574 4068 1695 4120 ἀλλά
1741 4071 1824 4121 καί
1848 4073 1968 4130 τοὺς
2011 4072 2214 4127 δπισκό-

651 4170 795 4213 πους,
817 4153 940 4210 τούς
967 4153 1017 4206 ἐν
1053 4161 1115 4226 τῇ
1135 4153 1394 4228 τελευταίᾳ
1436 4158 1596 4210 αὐτῶν
1623 4158 1888 4226 βουλήσει,
1933 4162 1962 4220 ἦ
1997 4166 2047 4227 ἐξ
2070 4162 2214 4219 ἀδια-

649 4239 787 4291 θίτου
819 4239 1092 4308 αίρετικοῐς
1117 4245 1438 4314 συγγενέσιν,
1479 4245 1508 4303 ἢ
1536 4247 1783 4309 ίξωτικοῖς
1823 4251 2215 4321 καταλιμπάνον-

656 4347 760 4386 τας.
791 4336 890 4387 Τῆς
922 4331 1022 4413 γὰρ
1065 4333 1112 4384 ἕν
1149 4329 1348 4407 ’Δφρικῇ
1391 4332 1606 4389 συνόδου
1651 4336 1976 4408 ὀγδοηκοστὸς
2013 4352 2213 4417 πρῶτος

651 4421 802 4473 κανών
821 4419 954 4474 οὕτω
976 4421 1103 4494 λέγει
1126 4437 1142 4453 ⁶
1171 4439 1190 4472 ε
1218 4423 1357 4476 Πάλιν
1386 4427 1596 4498 ὡρίσθη,
1627 4426 1677 4480 εἴ
1703 4449 1780 4487 τις
1805 4431 2074 4494 ἐπίσκοπος
2101 4434 2214 4495 κλη-

652 4510 891 4597 ρονόμους
917 4511 1184 4575 ὶξωτικοὺς
1219 4521 1308 4572 τῆς
1350 4513 1479 4574 ἰδίας
1509 4521 1828 4589 συγγενείας,
1859 4520 1887 4580 ἣ
1915 4523 2210 4597 ατρετικούς,

651 4596 741 4652 «ἂν
783 4599 940 4662 ἰδίους
965 4611 1254 4674 συγγενεῖς,
1281 4603 1312 4663 ἢ
1337 4602 1569 4668 Ἐλληνας
1589 4617 1890 4684 προτιμήσει
1923 4596 2012 4676 τῆς
2041 4617 2210 4677 ὶκκλη-
2237 4649 2288 4709 D

651 4693 798 4754 σίας,
835 4694 919 4745 καί
944 4697 1072 4761 μετά
1110 4695 1316 4749 θάνατον
1355 4698 1813 4770 ἀναθεματιζίσθω,
1853 4712 1935 4761 καί
1961 4709 2018 4762 τὸ
2056 4707 2210 4780 ὄνομα

651 4783 804 4836 αὐτοῦ
831 4785 1016 4853 μεταξύ
1045 4793 1144 4840 τῶν
1188 4794 1277 4841 τοῦ
1307 4794 1431 4842 Θεοῦ
1473 4792 1640 4866 ἱερέων
1671 4799 1740 4863 μή
1777 4799 2210 4866 ἀναγινωσγέσθω,

653 4877 733 4926 καί
757 4873 866 4928 οὺδὲ
892 4876 1161 4948 ίξαιριῖται
1180 4887 1270 4940 τῆς
1296 4887 1656 4957 καταγρίσεως,
1692 4889 1736 4938 εί
1761 4886 2020 4949 ἀδιάθετος
2043 4891 2212 4944 τελευ-

653 4968 812 5021 τάσειο
841 4966 1012 5027 ἕπειδῆ
1039 4969 1198 5042 ἔχρῆν
1228 4973 1375 5026 αὐτὸν
1398 4973 1671 5027 ἐπίσκοπον
1695 4977 1944 5046 γενόμενον
1969 4978 2213 5050 μηδαμῶς

654 5055 990 5111 ἀναϐαλέσθαι
1017 5064 1105 5117 τήν
1143 5068 1234 5120 τῆς
1272 5059 1398 5122 ἰδίας
1438 5064 1616 5123 οὐσίας
1660 5062 1925 5128 διοίκησιν,
1970 5067 2213 5143 ἁρμοδία)

655 5153 724 5211 τῷ
743 5149 903 5215 οἰκείῳ
923 5149 1278 5221 ιπαγγὲλματι.
1310 5169 1328 5202 Ι
1355 5156 1408 5205 εἰ
1432 5158 1614 5217 τοίνυν,
1641 5159 1800 5216 καθὼς
1823 5155 1848 5210 ὅ
1869 5158 2212 5218 ἔκκλησιασλτι-

657 5237 738 5292 κὸς
764 5236 917 5307 ῶρισε
945 5242 1125 5303 κανών,
1157 5239 1287 5312 ὑπὲρ
1316 5238 1446 5299 ἰδίας
1473 5243 1518 5294 oi
1540 5243 1798 5296 ἕπίσκοποι
1826 5251 2118 5318 περιουσίας
2144 5253 2212 5316 μή

658 5324 814 5396 ὀρθῶς
851 5324 1202 5390 διοικηθείσης,
1234 5331 1320 5382 καί
1351 5332 1479 5398 μετὰ
1515 5331 1720 5386 θάνατον
1751 5335 2210 5405 ἀναθεματίζονται,

659 5415 798 5482 πόσῳ
831 5415 1014 5484 μᾶλλον
1051 5418 1485 5489 ἀναθεματίζισθαι
1522 5419 1722 5492 ὤφειλον
1765 5424 1810 5477 οἱ
1836 5427 1906 5484 είς
1946 5427 2094 5479 αὐτὸν
2127 5427 2213 5479 τὸν

659 5505 774 5558 Θιόν
800 5503 1198 5578 ἁμαρτάνοντες,
1237 5514 1326 5568 τῆς
1354 5506 1500 5578 ἀγίας
1531 5518 1726 5584 γραφῆς
1766 5513 2024 5584 λεγούσης,
2055 5530 2072 5564 ε
2103 5518 2214 5568 Ἐὰν

659 5589 912 5667 ἔνθρωπος
939 5597 1010 5657 είς
1047 5593 1304 5673 ἄνθρωπον
1340 5597 1570 5673 ἁμάρτῃ,
1599 5605 1681 5656 καί
1706 5601 2067 5676 προσεύξονται
2094 5607 2211 5680 περί

661 5685 845 5737 αὐτοῦ·
874 5689 918 5741 εἰ
948 5684 1002 5742 δέ
1027 5689 1097 5746 είς
1124 5688 1248 5743 Θεὸν
1273 5709 1348 5750 τις
1378 5688 1602 5763 ἁμάρτῃ,
1629 5693 1708 5752 τίς
1735 5695 2061 5758 προσεύξεται
2096 5698 2210 5770 περὶ

661 5799 812 5833 αυτου
831 5794 844 5839 ;

2311 3434 2453 3489 liano
2481 3442 2537 3488 et
2562 3433 2716 3489 nobis
2756 3441 2978 3503 possent
3019 3432 3308 3502 aliquando
3358 3437 3665 3500 monstrari,
3708 3435 3878 3502 ipsum

2305 3526 2416 3595 jam
2441 3535 2709 3580 mortuum
2739 3525 3310 3579 anathematizaremus
3335 3541 3350 3590 ;
3376 3524 3468 3579 sed
3491 3534 3665 3578 tamen
3691 3524 3878 3579 Eccle-

2310 3617 2441 3672 siam
2468 3616 2687 3684 Christi,
2708 3631 2826 3686 quae
2849 3632 2954 3670 non
2997 3616 3243 3683 litigiosis
3270 3617 3611 3685 opinionibus
3641 3617 3875 3686 tingitur,

2311 3707 2406 3761 sed
2463 3707 2655 3761 divini;
2705 3707 3137 3761 attestationibus
3189 3707 3604 3776 comprobatur,
3660 3721 3876 3780 propter

2311 3797 2604 3867 quemlibet
2633 3797 2903 3851 hominem
2935 3797 3240 3865 relinquere
3265 3798 3483 3852 minime
3509 3799 3786 3854 debemus.
3821 3821 3837 3851 ι

2384 3887 2508 3943 11ωο
2536 3887 2880 3957 Augustinus.
2931 3887 3187 3942 Similiter
3211 3897 3387 3944 autem
3418 3905 3524 3944 non
3555 3891 3716 3946 modo
3760 3909 3873 3962 per~

2312 3979 2546 4043 multos,
2593 3979 2684 4046 qni
2733 3978 2988 4032 adversus
3036 3977 3192 4032 (idem
3241 3989 3587 4046 erraverant,
3635 3992 3877 4037 mortuos

2312 4068 2781 4124 anathematizavit
2807 4067 3045 4123 Ecclesia
3095 4077 3150 4122 et
3195 4069 3363 4122 sancti
3395 4068 3600 4133 Patres,
3649 4072 3744 4125 sed
3775 4073 3876 4140 epi-

2301 4175 2504 4237 scopos
2527 4160 2686 4213 etiam
2713 4158 2804 4225 qui
2832 4158 2915 4212 vel
2944 4159 2996 4212 in
3029 4158 3212 4212 ultima
3240 4172 3334 4211 sua
3363 4157 3656 4222 voluntate,
3695 4159 3780 4212 vel
3811 4159 3876 4212 ab

2312 4251 2563 4305 intestato
2592 4247 2859 4302 haereticis
2903 4247 3331 4316 consanguineis,
3380 4247 3463 4301 vel
3503 4248 3666 4302 etiam
3697 4257 3878 4303 extra-

2312 4340 2427 4394 neis
2453 4354 2544 4392 sua
2575 4339 2714 4392 bona
2745 4337 3099 4405 reliquissent.
3141 4335 3540 4407 Octuagesimus
3585 4342 3728 4394 enim
3771 4342 3876 4411 pri-

2312 4449 2430 4486 mus
2457 4431 2716 4486 Africana:
2743 4431 2930 4503 synodi
2959 4448 3134 4487 canon
3164 4433 3276 4488 haec
3303 4433 3464 4488 habet
3489 4453 3502 4488 :
3541 4454 3562 4487 ι
3587 4432 3720 4491 Item
3750 4452 3877 4490 eon-

2314 4525 2552 4579 stitutum
2583 4531 2686 4590 est,
2717 4529 2774 4576 ut
2804 4524 2848 4576 si
2877 4524 2997 4593 quis
3017 4525 3301 4594 episcopus
3327 4525 3562 4581 haeredes
3587 4538 3877 4583 extraneos

2311 4630 2342 4666 a
2369 4613 2831 4680 consanguinitate
2869 4629 2986 4678 sua,
3036 4615 3121 4667 vel
3160 4613 3442 4669 haereticos
3467 4617 3626 4670 etiam
3657 4634 3878 4674 consan-

2311 4705 2553 4773 guineos,
2586 4711 2685 4758 aut
2703 4719 2939 4775 paganos
2967 4705 3220 4760 Ecclesiae
3236 4706 3546 4777 prtetulerit,
3574 4710 3734 4762 etiam
3759 4722 3876 4779 post

2314 4803 2541 4848 mortem
2590 4795 2639 4849 ei
2685 4795 2892 4850 dicatur
2920 4797 3234 4862 anathema,
3285 4807 3341 4853 et
3368 4813 3561 4853 nomen
3591 4799 3709 4866 ejus
3736 4801 3874 4855 inter

2314 4883 2622 4939 sacerdotes
2651 4883 2742 4937 Dei
2784 4899 2891 4938 non
2939 4894 3314 4955 computetur;
3367 4901 3467 4941 nec
3515 4892 3874 4944 excusationis

2313 4972 2389 5026 illi
2419 4972 2565 5026 locns
2591 4973 2678 5038 sit,
2705 4973 2848 5042 quod
2877 4975 3155 5030 intestatus
3182 4975 3508 5031 decesserit:
3540 4977 3664 5045 quia
3695 4980 3874 5047 utique

2315 5060 2498 5114 debuit
2523 5059 2694 5117 factus
2715 5063 3018 5133 episcopus,
3067 5065 3148 5118 rei
3185 5081 3294 5119 sua:
3322 5065 3718 5121 ordinationem
3747 5086 3873 5124 con—

2313 5162 2496 5216 gruam
2526 5165 2633 5204 sua:
2661 5150 2980 5219 professioni
3016 5168 3350 5223 nequaquam
3398 5155 3452 5209 in
3492 5155 3633 5210 aliud
3667 5166 3874 5229 tempus

2312 5238 2546 5292 dill'erre.
2591 5259 2619 5310 ι,
2653 5240 2710 5295 Si
2757 5242 2956 5311 itaque,
3009 5245 3459 5312 quemadmodum
3509 5248 3872 5306 ecclesiastico

2313 5340 2380 5381 eo
2408 5343 2615 5382 canone
2652 5329 2929 5385 deﬁnitum
2959 5341 3060 5397 est,
3102 5343 3224 5405 post
3251 5344 3479 5390 mortem
3508 5353 3724 5408 quoque
3749 5357 3870 5395 ana-

2317 5417 2554 5474 themate
2582 5420 2844 5474 l'eriuntur
2859 5423 3178 5496 episc0piob
3190 5424 3412 5480 divitias.
3435 5427 3578 5498 ipsas
3618 5429 3762 5486 haud
3790 5448 3868 5486 re-

2312 5515 2400 5562 cte
2455 5507 2797 5575 distributas,
2859 5521 3060 5580 quanto
3090 5514 3285 5583 justius
3327 5522 3867 5577 excommunicationi

2316 5596 2626 5667 subjiciendi
2653 5610 2811 5655 erunt
2837 5603 2927 5671 qui
2970 5603 3023 5656 in
3061 5603 3228 5658 Deum
3274 5605 3449 5676 ipsum
3495 5622 3864 5679 peccaverunt,

2315 5691 2529 5749 dicente
2553 5694 2868 5766 Scriptura:
2919 5695 2980 5751 Si
3019 5697 3169 5752 homo
3207 5699 3261 5754 in
3287 5700 3542 5756 hominem
3569 5719 3861 5771 peccantem,

2315 5787 2412 5840 erit
2434 5786 2518 5854 qui
2547 5802 2642 5854 pro
2666 5788 2778 5854 ipso
2806 5797 2953 5853 oret;
3004 5790 3048 5843 εἰ
3092 5799 3260 5845 autem
3298 5792 3351 5846 in
3393 5789 3557 5846 Damt
3583 5793 3862 5868 deliquerit,

2315 5879 2426 5945 quia
2453 5879 2616 5930 orabit
2639 5893 2733 5949 pro
2759 5878 2864 5932 eo?
