4112 6546
393 452 529 516 1093

1132 438 1495 500 EPISTULA
1536 440 1933 503 ADVERSUS
1969 442 2447 503 TIIEODORUM
2490 442 2900 506 MOPSUEST.

3483 465 3619 529 10M

442 565 805 629 ’Δποδείξαντες
861 567 912 621 δέ
978 568 1054 623 ὅτι
1103 570 1154 622 ἐν
1214 578 1323 629 τοῖς
1378 567 1691 641 προλαϐοῦσι
1740 568 1927 641 χρόνοις

2116 570 2247 623 Cum
2277 582 2453 625 autem
2478 574 2875 629 o<tenderimns
2904 576 3061 632 fuisse
3090 583 3369 649 prmtet'itis
3399 594 3484 637 ten
3509 601 3606 654 po-

376 658 561 732 ὥρίσθη
582 660 722 731 παρά
747 666 844 712 τῶν
873 658 1025 730 ἁγίων
1054 662 1290 733 πατέρων
1321 668 1509 733 χρῆναι
1538 662 1621 712 καί
1640 661 1767 728 μιτά
1788 659 1942 714 θάνα-

378 766 459 804 τον
479 751 912 819 άναθεματίζεσθαι
938 753 1052 811 τοῦς
1092 750 1188 805 εἴτι
1219 755 1290 810 tt';
1316 755 1513 818 πίστιν,
1542 748 1640 806 εἴτε
1680 754 1748 811 είς
1794 751 1943 805 κανό-

376 860 461 900 νας
486 840 906 910 ἁμαρτήσαντας,
938 842 1207 911 ἀναγκαῖον
1237 837 1357 895 εἶναι
1381 840 1667 910 συνιίδομιν
1698 844 1780 895 καὶ
1804 844 1869 895 τά
1896 843 1943 895 ἐν

374 940 474 989 τοῖς
512 932 769 1005 ἡμετέροις
799 931 1003 1003 χρόνοις
1032 930 1270 1002 γινόμενα
1312 936 1445 985 πᾶσι
1474 928 1596 988 δῆλα
1624 939 1943 988 καταστῆσαι

373 1023 499 1094 πρὶς
527 1023 776 1096 ἀναίρεσιν
803 1024 970 1081 πάσης
998 1022 1223 1095 ἀφορμῆς
1245 1028 1342 1076 τῶν
1370 1025 1487 1080 τοῦς
1514 1029 1780 1095 προφανιῖς
1805 1022 1941 1094 αἷρι-

372 1112 560 1171 τικούς,
580 1113 663 1163 καί
682 1117 772 1169 τὴν
792 1114 982 1165 τούτων
1005 1112 1245 1165 άσέῗιιαν
1270 1108 1611 1164 έκδικοῦντων.
1640 1108 1864 1183 Λαυρέντ
1886 1130 1938 1162 ον

373 1203 467 1275 γάρ
489 1240 503 1261 ,
548 1204 628 1255 καί
656 1202 943 1275 Διόσκορον,
987 1204 1107 1261 τοὺς
1136 1203 1182 1254 ἐν
1209 1200 1458 1276 διαφόροις
1487 1201 1692 1274 χρόνοις
1723 1207 1810 1260 τήν
1845 1210 1935 1257 τοῦ

371 1290 699 1346 άποστολικοῦ
724 1291 901 1366 θρόνου
931 1294 1206 1365 ἱερωσύνην
1232 1290 1661 1365 ὑφαρπάσαντας,
1693 1296 1736 1347 εἰ
1761 1299 1841 1348 καί
1866 1301 1935 1364 μη

370 1380 439 1436 ι’ς
478 1382 651 1434 πίστιν
689 1382 943 1453 ἥμαρτον,
985 1381 1089 1435 ἀλλ’
1130 1376 1214 1433 οὖν
1255 1379 1425 1439 ἐπειδή
1472 1384 1601 1436 κατά
1632 1381 1935 1458 περιδρομὴν

371 1467 696 1522 ἐσπούδασαν
720 1478 810 1530 τῆς
841 1472 1119 1530 ἐπισκοπῆς
1143 1470 1463 1524 ἐπιλαϐέσθαι
1481 1510 1497 1534 ,
1526 1475 1653 1538 μετὰ
1676 1473 1880 1527 θάνατον
1908 1473 1931 1527 ὁ

371 1557 698 1618 άποστολικὸς
720 1559 889 1632 θρόνος
918 1562 1182 1632 κατέκρινε,
1211 1562 1295 1613 καί
1318 1559 1682 1625 άνεθεμάτισεν.

2050 662 2195 715 ribus
2224 677 2253 713 a
2284 665 2482 716 sanctis
2511 662 2757 719 Ecclesiae
2782 666 3023 722 Patrihus
3049 670 3162 735 lege
3183 674 3463 742 sancitum,
3488 685 3609 745 post

2050 764 2276 808 mortem
2308 756 2487 819 etiam,
2531 772 2623 810 eos
2650 758 2739 826 qui
2768 759 2853 812 vel
2882 768 3067 813 contra
3110 762 3283 827 iidem,
3316 764 3400 819 vel
3426 766 3609 822 adver-

2047 856 2137 896 sus
2148 841 2396 899 Ecdesize
2414 859 2649 900 canones
2669 848 2980 914 erraverint,
2997 851 3427 909 anathematizari
3449 870 3609 925 opor-

2052 944 2165 989 tere
2190 953 2202 988 :
2243 938 2602 998 necessarium
2633 938 2832 1006 pariter
2859 955 2976 994 esse
3004 942 3351 1011 prospicimus
3378 959 3442 999 ea
3469 961 3607 1014 qun-

2047 1037 2151 1090 que
2180 1039 2297 1091 quae
2326 1034 2505 1078 nostra
2551 1026 2652 1080 hac
2696 1035 2854 1081 :ctate
2887 1026 3027 1081 facta
3078 1037 3203 1082 sunt
3228 1032 3474 1087 omnilms
3502 1049 3607 1085 Ina-

2042 1113 2231 1166 nifesta
2279 1115 2627 1178 constituere,
2680 1121 2738 1168 ut
2780 1115 2953 1169 omnis
2982 1116 3199 1170 tollatur
3226 1119 3601 1181 contradictio,

2039 1219 2157 1271 qua:
2184 1219 2212 1255 a
2243 1203 2585 1272 profanorum
2617 1205 3008 1269 luereticorum,
3042 1206 3384 1275 ipsorumque
3414 1208 3605 1277 impie-

2042 1292 2166 1345 tatis
2205 1292 2693 1360 patrocinatoribus
2739 1293 2908 1361 possit
2960 1294 3205 1348 excitari.
3259 1294 3604 1351 Laurentium

2042 1393 2271 1446 namque
2311 1388 2365 1432 et
2397 1379 2725 1446 Dioscorum,
2749 1381 2839 1449 qui
2868 1381 3089 1436 diversis
3118 1384 3446 1452 temporibus
3466 1399 3602 1454 apo-

2038 1468 2211 1522 stolici
2254 1469 2429 1522 throni
2477 1470 2814 1523 sanctitatem
2862 1471 3255 1540 subripuerant,
3302 1488 3603 1543 quanquam

2039 1558 2168 1611 nihil
2198 1556 2250 1610 in
2284 1555 2384 1611 ﬁde
2408 1566 2737 1626 peccassent,
2762 1560 2831 1613 ob
2862 1559 3088 1629 idipsum
3112 1570 3314 1629 tamen,
3335 1565 3479 1632 quod
3506 1583 3603 1633 per

2041 1650 2290 1714 ambages
2316 1649 2681 1719 episcopatum
2710 1650 2978 1719 suscipere
3007 1652 3187 1705 conati
3218 1652 3457 1719 fuerant,
3498 1656 3602 1710 vita

366 1732 471 1799 iam
500 1732 711 1788 functos
737 1737 1027 1805 apostolica
1049 1735 1305 1806 judicavit
1331 1739 1507 1805 sedes,
1539 1749 1697 1808 atque
1725 1741 2099 1794 condemnavit

438 1825 634 1885 Ἐπιιδή
675 1826 727 1881 δέ
772 1832 855 1882 καί
900 1836 1048 1885 τοῦτο
1110 1838 1215 1890 τοῖς
1274 1832 1537 1904 ὑμετέροις
1593 1833 1927 1903 προσιθηκατε

2112 1829 2308 1882 Verum
2330 1844 2449 1882 cum
2490 1830 2542 1881 in
2577 1830 2767 1884 vestris
2792 1830 2983 1885 litteris
3012 1832 3063 1885 id
3085 1834 3244 1888 etiam
3266 1835 3599 1904 adjeceritis:

371 1916 686 1989 γράμμασιν,
718 1916 795 1974 ὅτι
829 1919 911 1973 ἐάν
950 1941 1025 1979 τις
1064 1923 1149 1975 τὸν
1177 1922 1514 1995 αἰρεσιάρχην
1557 1923 1899 1992 ἀναθεματίσῃ
1920 1962 1934 1982 .

368 2012 451 2061 καὶ
477 2005 592 2081 ιῖπη
611 2013 938 2084 κατακρίνων,
966 2015 1046 2066 καὶ
1071 2015 1185 2072 τοὺς
1205 2016 1269 2068 τά
1289 2011 1437 2083 ὃμοια
1455 2020 1751 2084 φρονοῦντας
1780 2015 1933 2083 αὐτῷ,

368 2101 833 2173 συμπεριλαμϐάνιι
867 2104 1060 2163 πάντας
1085 2106 1203 2164 τοὺς
1238 2102 1318 2158 ὅτε
1346 2101 1530 2161 δήποτε
1564 2110 1729 2158 ταῦτα
1764 2109 1933 2179 φρονή-

366 2205 578 2249 σαντας·
601 2193 687 2242 καί
713 2188 797 2244 διά
828 2198 974 2245 τοῦτο
1001 2189 1172 2249 ἐπειδὴ
1204 2192 1391 2245 Παῦλον
1414 2193 1498 2245 τὸν
1522 2194 1936 2261 Σαμοσατέα,καί

367 2283 568 2346 οὼτιον,
594 2284 678 2336 καὶ
705 2282 922 2337 Βὸνωσον
940 2322 953 2345 ,
982 2286 1065 2336 καί
1104 2284 1371 2357 Νεστόριον
1396 2285 1778 2353 άναθεματίζετε
1799 2327 1814 2351 ,
1845 2286 1935 2339 οῦκ

366 2371 575 2439 ὀφείλετε
603 2375 685 2425 καί
708 2372 964 2445 Θεόδωρον
999 2374 1083 2427 τὸν
1108 2375 1173 2427 τά
1216 2372 1363 2443 ὃμοια
1401 2374 1596 2433 ἐκείνοις
1622 2378 1933 2447 φρονήσαντα

366 2464 602 2529 υνομαστί
665 2464 1051 2533 ἀναθεματίσαι.
1114 2465 1389 2517 Γινώσκετε
1457 2459 1536 2517 ὅτι
1600 2470 1798 2535 πρῶτον
1843 2468 1936 2532 μέν

366 2551 533 2604 ἐκεῖνοι
577 2550 707 2622 δίχα
749 2553 987 2624 ὀνόματος
1032 2554 1476 2622 ἀναθεματίζονται
1513 2554 1719 2607 οἱκατὰ
1748 2554 1934 2611 πλάνην

364 2640 789 2702 ἀκολουθήσαντες
832 2650 943 2703 τοῖς
982 2642 1378 2719 αίρισιάρχαες,
1426 2644 1483 2695 οὐ
1524 2646 1619 2710 μην
1670 2643 1714 2696 oi
1757 2639 1933 2701 ἄλλους

365 2732 727 2792 ἀπατήσαντες.
762 2735 888 2792 Τοὺς
916 2734 1009 2809 γάρ
1047 2736 1311 2806 ἀρχηγοὺς
1343 2740 1441 2787 τῶν
1466 2732 1699 2807 αἱρέσεων
1724 2736 1806 2785 καί
1830 2734 1933 2785 ὀνο·

364 2824 521 2890 μαστί
547 2822 577 2879 ἠ
606 2822 840 2880 ἐκκλησία
860 2829 949 2876 τοῦ
974 2829 1101 2878 Θεοῦ
1127 2825 1490 2890 άναθεματίζεν
1520 2819 1779 2890 Θεόδωρος
1806 2819 1855 2874 δὲ
1879 2823 1935 2873 οὐ

364 2913 507 2983 μόνον
528 2910 825 2973 διδάσκαλος
846 2910 905 2972 ἦν
929 2922 1019 2973 τῆς
1046 2916 1315 2989 Νεστορίου
1346 2911 1671 2972 δυσσεϐείας.
1696 2911 1818 2965 ἀλλὰ
1848 2916 1932 2965 καί

364 3007 573 3069 πολλοὺς
594 3006 675 3063 διά
702 3017 801 3064 τῶν
824 3009 1022 3063 ἀσεϐῶν
1042 3010 1192 3061 αὐτοῦ
1216 3004 1631 3080 συγγραμμάτων
1654 3006 1929 3063 ἠπάτησεν.

359 3093 558 3176 Ὠσπερ
594 3102 690 3177 γὰρ
720 3101 764 3154 oi
791 3102 923 3175 ὀρθοί
947 3110 1037 3159 τῆς
1077 3100 1344 3158 ἐκκλησίας
1384 3097 1672 3152 διδάσκαλοι
1712 3095 1794 3151 διά
1833 3105 1930 3150 τῶν

2038 1921 2081 1974 si
2111 1921 2230 1990 quis
2274 1920 2580 1974 hccreticnm
2628 1922 3181 1988 anathematizaverit,
3230 1936 3284 1981 et
3333 1928 3384 1983 in
3427 1931 3599 2000 ipsum

2036 2011 2358 2065 sententiam
2383 2011 2578 2072 ferens,
2608 2027 2780 2065 omnes
2803 2029 2999 2083 quoque
3026 2030 3139 2066 cum
3165 2017 3275 2083 ipso
3304 2021 3597 2084 sentientes,

2038 2098 2364 2167 adjunxerit,
2398 2113 2522 2153 eum
2569 2098 2687 2153 illos
2722 2115 2909 2155 omnes
2935 2103 3240 2171 complecti,
3282 2106 3371 2173 qui
3413 2110 3600 2177 quavis

2037 2191 2246 2244 ratione
2284 2188 2337 2243 id
2385 2190 2555 2257 ipsum
2584 2190 2725 2257 quod
2753 2190 3036 2245 damnatur
3080 2193 3463 2260 probaverim:
3496 2197 3599 2250 ita-

2035 2296 2141 2349 que
2184 2295 2307 2333 cum
2358 2276 2579 2332 Paulum
2624 2278 3077 2344 Samosatensem,
3125 2290 3180 2334 et
3227 2279 3492 2349 Photium,
3543 2294 3599 2337 ct

2036 2370 2361 2435 Nestorium,
2413 2376 2468 2422 et
2510 2368 2779 2422 Bonosum
2825 2369 3323 2434 condenmaveritis,
3379 2371 3598 2425 minime

2038 2476 2173 2531 opus
2214 2474 2333 2513 esse
2380 2468 2437 2513 ut
2474 2456 2814 2511 Theodorum
2844 2473 3057 2526 quoque
3092 2458 3278 2512 eadem
3315 2474 3434 2513 cum
3464 2461 3594 2531 ipsis

2036 2551 2352 2606 sentientem
2383 2549 2694 2603 nominatim
2747 2547 3151 2601 condemnetis:
3198 2549 3389 2603 scitote
3426 2551 3599 2619 primo

2036 2643 2249 2711 quidem
2280 2641 2399 2695 illos
2428 2654 2713 2709 suppresso
2742 2639 2957 2693 nomine
3002 2639 3457 2704 anathematizari,
3507 2642 3597 2709 qui

2038 2733 2298 2786 hmresnm
2320 2738 2567 2782 auctores
2593 2735 2714 2781 sunt
2743 2728 2794 2780 in
2818 2742 3003 2781 errore
3030 2726 3219 2791 secuti,
3252 2737 3477 2782 exteros
3505 2744 3596 2781 au-

2037 2831 2141 2874 tem
2172 2817 2387 2871 minime
2426 2816 2766 2885 deceperunt.
2802 2814 2869 2868 At
2893 2830 3022 2869 vero
3061 2815 3320 2870 hzeresum
3357 2816 3519 2871 duces
3544 2827 3595 2871 et

2036 2909 2317 2976 magistros
2345 2905 2580 2959 Ecclesia
2611 2904 2925 2957 nominatim
2955 2904 3387 2958 anathetnatizat.
3420 2902 3595 2959 Theo-

2034 3002 2198 3054 dorus
2226 3012 2386 3068 porro
2416 3011 2520 3049 non
2551 2994 2709 3048 modo
2738 2992 2966 3047 Nestorii
2986 2994 3239 3062 magister
3264 2995 3485 3059 exstitit,
3507 3011 3592 3048 ve-

2034 3111 2151 3149 rum
2181 3095 2343 3148 etiam
2374 3091 2480 3159 imp
2502 3088 2553 3144 is
2585 3088 2797 3156 scriptis
2825 3087 2935 3140 suis
2962 3085 3257 3156 permultos
3299 3085 3501 3138 induxit
3544 3086 3594 3137 in

363 3190 548 3243 οἰκείων
577 3190 812 3244 ἐκθέσεων
837 3193 1176 3262 γνωρίζονται.
1208 3191 1290 3242 καί
1318 3188 1659 3249 ἐπαινοῦιται,
1689 3186 1823 3240 οὕτω
1851 3188 1927 3240 καί

2035 3198 2293 3238 errorem.
2343 3179 2551 3234 Etenim
2588 3176 3033 3246 quemadmodum
3064 3176 3193 3229 recti
3224 3173 3474 3230 Ecclesiae
3500 3174 3593 3228 dn-

364 3280 417 3331 ἐκ
454 3284 544 3332 τοῦ
581 3280 798 3332 ἐναντίου
840 3281 1024 3337 πάντες
1063 3278 1110 3331 oi
1152 3286 1243 3335 τῆς
1268 3274 1558 3339 κακοδοξίας
1594 3278 1811 3351 ζρχηγοὶ
1850 3273 1931 3329 διὰ

365 3375 459 3421 τῶν
492 3362 625 3423 ἰδίων
652 3371 851 3423 ἀσεϐῶν
880 3370 1286 3441 συγγραμμάτων
1313 3368 1638 3440 ἐλέγχονται,
1682 3370 1765 3420 καί
1810 3366 1927 3421 ἀνα·

364 3460 729 3525 θεματίζονται.
759 3459 942 3515 Ὀπότι
980 3464 1142 3515 τοίνυν
1190 3460 1445 3535 Θεόδωρος
1476 3464 1558 3514 καί
1594 3462 1927 3536 α’ρεσιάίχης

367 3554 553 3620 γέγονε,
596 3556 675 3604 καί
720 3553 1084 3623 ἀναριθμήτους
1132 3553 1449 3622 βλασφημίας
1496 3554 1545 3605 έν
1586 3560 1695 3611 τοῖς
1731 3557 1926 3613 οἰκείοις

362 3641 572 3706 βιϐλίοις
600 3641 855 3711 ἐξήμεσεν,
886 3641 1117 3711 οὐδεμίαν
1144 3640 1292 3711 ἔχετε
1324 3640 1516 3695 δικαίαν
1561 3644 1778 3717 άςορμην
1802 3645 1925 3715 πρὶς

362 3731 417 3783 τὸ
445 3734 853 3804 παραιτήσασθαι
872 3732 954 3788 τὸν
980 3732 1091 3787 κατ’
1118 3732 1268 3785 αὐτοῦ
1298 3731 1711 3801 άναθεματνσμὸν.

426 4006 543 4077 Περὶ
571 4000 623 4057 δέ
647 4010 738 4062 τῆς
767 4002 1000 4060 ἐκθέσεως
1028 4009 1118 4061 τῆς
1144 4002 1359 4058 πίστεως
1382 4037 1396 4061 ,
1430 4000 1489 4057 ἣν
1517 4007 1619 4058 τοῖς
1663 4000 1922 4072 ὑμετέροις

363 4102 648 4167 γράμμασιν
690 4094 970 4158 suaenam,
1003 4093 1045 4146 εἰ
1088 4095 1173 4145 καί
1197 4091 1352 4145 πολλά
1377 4086 1584 4160 εἴχομεν
1607 4090 1922 4162 μέμψασθαι,

360 4187 461 4239 ἀλλ’
489 4182 573 4239 οὖν
600 4184 735 4247 ὅπως
770 4184 853 4241 διά
892 4191 981 4244 τήν
1010 4184 1256 4260 ὑμετέραν
1292 4179 1489 4255 ἄγνοιαν
1535 4186 1618 4237 καί
1669 4182 1923 4239 ἁπλότητα

361 4283 507 4332 τοῦτο
553 4278 875 4351 παραλείπειν
916 4278 1041 4338 τέως
1088 4274 1188 4331 δεῖν
1226 4276 1547 4346 ἐνομίσαμεν,
1590 4272 1639 4328 ἕν
1673 4296 1779 4329 τισι
1821 4276 1921 4347 γὰρ

359 4371 647 4441 ἀνασφαλῶς
673 4370 948 4446 ἐγράψατε.
988 4368 1072 4425 Ἐν
1112 4392 1214 4426 τισι
1252 4372 1445 4446 ῥήματα
1481 4370 1753 4435 τεθείκατε,
1797 4368 1923 4440 μηδέ

360 4469 468 4521 ταῖς
490 4461 642 4520 θείαις
666 4468 883 4535 γραφαῖς
901 4501 918 4527 ,
961 4459 1083 4534 μηδέ
1112 4469 1217 4521 τοῖς
1252 4464 1411 4533 ἁγίοις
1449 4462 1703 4530 πατράσιν
1731 4462 1919 4532 ἐγνωσ-

358 4554 496 4606 ιιένα’
525 4558 573 4605 ῖν
598 4548 763 4613 ἄλλοις
801 4550 855 4606 δέ
882 4555 1001 4611 τοὺς
1034 4550 1361 4611 διδασκάλους
1390 4558 1481 4611 της
1518 4552 1772 4611 ἐκκλησίας
1805 4550 1918 4618 τόγε

2034 3284 2212 3329 ctores
2240 3288 2307 3326 ex
2341 3269 2568 3340 propriis
2603 3268 2858 3322 doctrinis
2885 3273 3248 3334 agnoscuntur
3275 3274 3435 3333 atque
3468 3280 3593 3332 pro-

2036 3374 2154 3433 pter
2182 3363 2324 3431 ipsas
2349 3359 2816 3423 commendantur,
2850 3357 2921 3410 ita
2951 3365 3191 3420 econtra,
3225 3370 3593 3424 perversarum

2034 3455 2420 3511 sententiarum
2469 3459 2715 3505 auctores
2743 3466 2808 3503 ex
2841 3450 3069 3519 propriis
3115 3449 3351 3518 ipsorum
3403 3448 3593 3503 litteris

2033 3547 2422 3615 redarguuntur
2465 3552 2623 3611 atque
2667 3542 3199 3594 anathematizantur.
3258 3539 3390 3594 Cum
3434 3541 3592 3607 igitur

2035 3638 2350 3691 Theodorus
2395 3644 2449 3687 et
2479 3633 2858 3687 htcresiarches
2902 3632 3166 3685 exstiterit
3194 3638 3249 3685 et
3289 3633 3592 3684 innumeras

2030 3742 2198 3798 prope
2221 3724 2575 3793 blasphemias
2602 3724 2655 3776 in
2680 3723 2790 3776 suis
2824 3721 2970 3775 libris
2998 3720 3296 3790 protulerit,
3340 3720 3467 3773 nihil
3497 3734 3591 3773 vo-

2029 3820 2112 3873 bis
2153 3825 2396 3887 superest
2424 3830 2595 3871 causa:
2634 3829 2730 3868 cur
2775 3813 3058 3867 anathema
3098 3813 3151 3865 in
3198 3812 3370 3881 ipsum
3412 3811 3593 3866 dicere

2028 3910 2356 3964 detrectetts.

2099 3998 2254 4054 Circa
2286 3997 2403 4052 lidei
2433 4011 2560 4050 vero
2593 3994 3001 4063 expositionem,
3032 4008 3191 4061 quam
3231 3992 3422 4047 vestris
3449 3993 3589 4047 litte-

2030 4090 2100 4143 ris
2130 4087 2458 4153 inseruistis,
2497 4084 2597 4140 etsi
2644 4084 2809 4138 multa
2837 4084 2945 4137 sint
2989 4083 3055 4137 de
3093 4082 3285 4151 quibus
3312 4082 3467 4137 nobis
3495 4099 3589 4137 vo-

2028 4181 2230 4234 biscum
2257 4185 2398 4232 esset
2424 4174 2880 4243 conquerendum,
2934 4172 3098 4226 nihilo
3128 4180 3303 4226 tamen
3333 4172 3507 4227 minus
3538 4171 3588 4225 id

2029 4278 2201 4322 totum
2262 4264 2573 4334 ignorantia:
2609 4260 3039 4331 simplicitatique
3093 4258 3381 4314 condonari
3428 4274 3588 4329 Opor-

2030 4368 2143 4413 tere
2166 4355 2601 4412 existimavimus.
2640 4351 2846 4407 Alicubi
2876 4366 3106 4420 namque
3137 4358 3345 4405 versate
3370 4351 3587 4419 scripsi-

2026 4452 2143 4514 stis,
2169 4448 2360 4504 alicubi
2390 4447 2568 4501 verbis
2597 4446 2675 4499 usi
2702 4444 2852 4505 estis,
2883 4458 3054 4513 neque
3085 4442 3137 4497 in
3166 4444 3333 4497 sacris
3373 4442 3587 4509 litteris,

2028 4554 2203 4608 neque
2232 4554 2261 4592 a
2289 4538 2487 4595 sanctis
2515 4534 2767 4589 Ecclesia:
2794 4532 3033 4585 Patribits
3054 4546 3282 4598 unquam
3305 4530 3583 4595 adhibitis;

359 4645 424 4704 ιές
444 4644 577 4713 ὑμᾶς
602 4641 715 4702 ἧκον
742 4640 1125 4697 κατεδικάσατε.
1153 4644 1282 4713 Πρὸς
1302 4640 1499 4701 τούτοις
1522 4640 1574 4694 δέ
1600 4644 1683 4695 καί
1710 4664 1822 4697 τινα
1850 4646 1919 4701 tt';

2032 4630 2147 4684 alibi
2179 4627 2429 4682 Ecclesia
2454 4624 2703 4678 doctores
2729 4623 2891 4691 ipsos,
2911 4620 3060 4689 juxta
3084 4620 3226 4689 quod
3245 4620 3395 4673 vobis
3416 4619 3583 4672 visunt

361 4738 441 4791 τὴν
488 4732 742 4807 ὀρθόδοξον
792 4736 1109 4786 συντείνοντα
1165 4735 1333 4784 πίστιν
1375 4730 1732 4803 παρελιίψστι.
1779 4730 1919 4785 Ὀθεν

359 4829 463 4898 χρὴ
488 4824 623 4894 ὑμᾶς
659 4823 788 4876 κατά
821 4826 910 4879 τήν
954 4820 1249 4891 παραίνεσιν
1291 4824 1389 4872 τῶν
1435 4818 1587 4888 ἁγίων
1632 4821 1861 4891 πατέρων
1888 4821 1917 4878 ἦ

360 4917 687 4985 γινώσκοντας
729 4912 910 4975 λαλεῖν,
947 4910 978 4970 ἦ
1009 4911 1309 4983 ἀγνοοῦντας
1338 4915 1555 4979 σιωπᾷν,
1588 4914 1670 4964 καὶ
1696 4911 1796 4965 άπὸ
1822 4920 1919 4965 τῶν

359 5003 696 5072 ἐπισταμένων
724 5000 1063 5057 διδάσκεσθαι.

424 5273 629 5334 Ἐπειδὴ
670 5272 723 5329 δέ
767 5272 1019 5347 ἐγράψατε
1058 5272 1202 5340 ἡμῖν,
1250 5276 1358 5328 πῶς
1402 5268 1651 5339 ὀφείλομεν
1692 5275 1797 5329 τοῖς
1840 5269 1917 5322 Αἰ-

357 5368 584 5434 γυπτίοις
607 5364 984 5436 ἀποκρίνασθαι,
1009 5359 1325 5431 θαυμάζομεν
1349 5359 1506 5427 ὑμᾶς,
1536 5356 1616 5413 ὅτι
1640 5363 1729 5417 τήν
1750 5360 1871 5412 άσεί
1884 5367 1913 5417 ἦ

357 5454 620 5512 ἐπιστολὴν
648 5452 828 5508 ἐκείνην
861 5454 943 5504 καί
969 5447 1250 5523 Θεόδωρον,
1279 5450 1366 5500 καί
1389 5445 1684 5520 Νιστὸριον,
1718 5450 1796 5501 καί
1824 5455 1911 5506 τήν

356 5541 642 5607 κακοδοξίαν
678 5547 766 5600 την
804 5541 968 5593 αὐτῶν
1009 5537 1341 5599 ἐκδικοῦντες,
1371 5542 1488 5607 ἡμῖν
1523 5545 1778 5611 παραινεῖν
1804 5540 1913 5592 ἐπι-

356 5643 609 5705 χειρεῖτε,
655 5633 706 5685 τί
752 5629 1001 5701 ὀφείλομεν
1053 5623 1216 5687 ἄλλοις
1242 5627 1481 5686 ἐναντίοις
1523 5635 1612 5686 τῆς
1657 5626 1913 5688 ἐκκλησίας

355 5721 734 5795 ἀποκρίνασθαι.
764 5720 818 5771 Εἰ
845 5719 940 5791 γάρ
969 5736 1045 5775 τις
1072 5722 1177 5774 τοῖς
1200 5712 1321 5785 παρ’
1342 5718 1480 5786 ὑμῶν
1507 5723 1743 5790 γραφεῖσι
1768 5736 1914 5770 συνι-

360 5812 484 5863 ιέσει
523 5809 667 5881 (sie),
700 5806 841 5863 οῦδὲν
868 5808 1030 5881 ἕτερον
1065 5805 1359 5880 παραινέσει
1398 5812 1504 5864 τοῖς
1532 5802 1851 5876 ’Διγυπτίοις,
1884 5806 1912 5863 ἦ

356 5898 714 5977 Θιόδωροζκαί
748 5894 1011 5972 Νεστόριον
1058 5899 1173 5958 τοὺς
1208 5895 1487 5970 αἰρετικοὺς
1534 5893 1796 5962 δέξασθαι,
1830 5900 1913 5950 καί

2023 4730 2122 4783 est,
2154 4714 2570 4779 condemnastis,
2601 4720 2762 4780 atque
2790 4709 2967 4765 adhuc
2995 4708 3275 4778 quemdam
3305 4707 3371 4761 ad
3399 4708 3583 4762 ortho-

2019 4810 2214 4864 doxam
2244 4806 2406 4860 iidem
2429 4804 2650 4858 omnino
2686 4801 3043 4871 pertinentem
3083 4797 3295 4852 silentio
3323 4797 3582 4865 praeterii-

2018 4900 2135 4953 stis.
2176 4897 2518 4965 Quapropter
2535 4899 2749 4961 oportet
2788 4904 2898 4953 vos,
2944 4888 3097 4956 juxta
3125 4894 3433 4943 sanctormn
3472 4884 3577 4939 Pa-

2018 5000 2158 5043 t-um
2190 4984 2630 5044 admonitionem,
2661 4980 2745 5035 vel
2773 4978 3005 5034 scientes
3028 4977 3193 5046 loqui,
3222 4976 3308 5029 vel
3336 4974 3381 5030 si
3409 4975 3578 5044 ignari

2020 5079 2174 5146 estis,
2233 5086 2440 5140 tacere,
2489 5082 2651 5141 atque
2707 5070 2775 5125 ab
2818 5068 2991 5124 doctis
3028 5076 3084 5122 et
3128 5066 3416 5122 scientibus
3455 5080 3578 5121 eru-

2015 5168 2132 5222 diri.

2084 5265 2201 5319 Jam
2229 5276 2358 5317 vero
2398 5276 2517 5315 cum
2548 5254 2897 5327 scripseritis,
2927 5250 3368 5321 quemadmodum
3404 5246 3575 5319 Egy-

2016 5354 2139 5425 ptiis
2183 5349 2509 5419 respondere
2555 5346 2864 5407 debeamus,
2910 5343 3167 5395 miramur
3192 5337 3427 5407 quidem,
3476 5353 3571 5391 vos

2012 5444 2220 5498 scilicet
2247 5440 2337 5510 qni
2371 5438 2585 5509 impiam
2606 5450 2724 5489 eam
2753 5431 3050 5502 epistolam,
3082 5428 3443 5496 Theodorum,
3472 5428 3574 5483 Ne-

2010 5532 2252 5595 storium,
2282 5538 2662 5597 perversasque
2684 5536 2867 5575 eorum
2893 5519 3184 5574 sententias
3207 5516 3573 5582 defendentis,

2014 5636 2154 5676 nunc
2179 5630 2523 5673 commonere
2563 5628 2660 5667 nos
2704 5611 3011 5674 instituisse,
3053 5608 3178 5678 quid
3215 5609 3287 5663 sit
3333 5623 3365 5663 a
3392 5608 3550 5663 nobis

2014 5710 2131 5764 aliis
2174 5707 2419 5762 Ecclesiae
2452 5704 2694 5760 hostibus
2738 5697 3186 5771 respondendum.
3228 5698 3497 5765 Siquidem
3527 5696 3573 5750 si

2015 5816 2077 5855 ea
2124 5814 2241 5867 qua:
2284 5797 2477 5865 scripta
2522 5810 2551 5848 a
2598 5793 2748 5847 vobis
2796 5798 2921 5847 sunt
2964 5789 3087 5858 quis
3130 5784 3570 5849 consideraverit,

2015 5892 2145 5948 nihil
2176 5888 2317 5944 aliud
2341 5886 2623 5957 ngyptios
2649 5885 2961 5948 hortabitur,
2995 5897 3156 5952 quam
3188 5890 3246 5936 ut
3271 5881 3573 5936 Nestorium
