4112 6534
334 460 468 527 1097

1561 480 1859 542 CONTRA
1900 484 2395 546 SEVERIANOS.

3473 483 3491 547 1
3504 488 3607 552 098

418 578 634 665 [πρᾶγμα
655 594 739 647 ούκ
766 592 913 657 ἄηθες
936 599 1169 673 βασιλείᾳ
1196 605 1277 656 καί
1300 603 1442 672 ἡμεῖς
1469 608 1797 673 πράττοντες,
1830 604 1908 656 ἐπὶ

2085 602 2264 658 ΟΑΡυτ
2305 622 2525 662 pntnuu.
2563 638 2629 649 -
2660 610 2790 665 Rem
2822 628 2927 668 non
2972 613 3240 669 insolitam
3288 614 3512 684 imperio
3540 627 3595 671 et

342 680 422 733 τόν
450 682 673 755 παρόντα
703 684 997 758 ἐληλύθαμεν
1019 690 1183 761 νόμον.
1210 693 1408 752 Ὁσάκις
1436 696 1535 767 γάρ
1566 697 1595 752 ἡ
1619 702 1717 748 τῶν
1747 697 1917 771 ἱερέων

341 772 499 840 eaea.-
527 794 663 831 τινας
693 782 793 828 τῶν
838 779 929 831 ούκ
957 780 1105 842 ἀξίων
1150 789 1241 841 τῆς
1272 782 1548 857 ἱερωσύνης
1577 793 1675 839 τῶν
1721 787 1913 861 ἱερατι-

342 868 439 913 κῶν
471 863 782 918 κατεϐίξασε
830 867 1035 940 θρόνων,
1080 870 1253 923 ὁποῖον
1296 871 1355 931 δή
1399 874 1666 947 Νεστόριόν
1711 897 1786 940 τε,
1837 879 1919 930 καί

343 953 779 1027 Ι·Σύτυχῆ,”Λρειόν
820 978 898 1021 τε,
931 964 1016 1013 καί
1059 960 1381 1027 Μακεδόνων,
1411 968 1495 1019 καί
1539 966 1794 1035 Εὐνόμιον,
1833 973 1919 1022 καί

341 1039 519 1103 Δεἶλλους
547 1044 608 1103 δή
634 1067 773 1106 τινας
802 1049 873 1108 εἰς
902 1052 1075 1102 κακίαν
1098 1053 1183 1105 ούκ
1213 1052 1449 1115 ἐλάττους
1477 1057 1692 1123 ἐκείνων,
1722 1080 1916 1113 τοσαυ-

348 1155 483 1195 τακις
527 1138 557 1193 ἡ
596 1137 835 1207 βασιλεία
872 1141 1144 1213 σύμψηφος
1179 1146 1353 1218 γέγονε
1382 1154 1443 1220 τῇ
1478 1155 1578 1202 τῶν
1620 1150 1790 1223 ἱερέων
1820 1153 1917 1206 αύ-

341 1226 527 1299 θεντία,
561 1228 691 1281 ὥστε
722 1231 786 1283 τά
835 1230 1062 1306 θειότερά
1108 1254 1184 1297 τε,
1235 1239 1319 1289 καί
1365 1239 1649 1313 ἀνθρώπινα
1689 1240 1917 1317 συνδρα·

341 1316 499 1384 μόντα
528 1318 645 1386 μίαν
680 1322 971 1390 συμφωνίαν
1015 1330 1127 1383 ταῖς
1159 1325 1332 1397 ὀρθαῖς
1369 1332 1677 1385 ποιήσασθαι
1705 1331 1907 1403 ψήφοις.

338 1413 538 1460 Ὀποῖον
571 1404 631 1465 δή
662 1430 711 1462 τι
737 1412 820 1463 καί
858 1407 1079 1482 ἴιογχος
1117 1417 1376 1486 γενόμενον
1416 1423 1537 1494 περὶ
1564 1418 1793 1494 *Δνθιμον
1834 1423 1919 1479 ἵσ-

339 1517 445 1566 μεν,
477 1499 787 1556 ἀπελαθέντα
818 1504 907 1571 μέν
936 1509 1028 1556 τοῦ
1058 1513 1149 1565 τῆς
1177 1507 1435 1578 βασιλίδος
1482 1513 1674 1574 ταύτης
1726 1515 1917 1576 πόλεως

338 1591 515 1666 θρόνου
546 1597 691 1669 παρά
715 1597 1001 1668 ’Δγαπητοῦ
1022 1607 1111 1655 τοῦ
1139 1611 1232 1662 τῆς
1253 1601 1400 1665 ὁσίας
1426 1608 1508 1659 καί
1534 1606 1762 1679 ἀοιδίμου
1788 1615 1914 1685 μνήτ

338 1705 438 1751 μης
457 1685 704 1762 προέδρου
734 1689 993 1761 γεγονότος
1034 1698 1120 1750 τῆς
1148 1696 1277 1748 κατά
1304 1700 1393 1753 την
1416 1697 1773 1774 πρεσϐυτέραν
1802 1704 1917 1754 Ῥώ-

337 1794 435 1842 μην
462 1774 745 1844 ἁγιωτάτης
772 1775 1081 1844 Ἐκκλησίας,
1125 1780 1202 1836 οἷά
1234 1804 1289 1839 τε
1334 1788 1467 1841 κατά
1510 1786 1702 1859 μηδένα
1729 1792 1916 1865 τρόπον

338 1864 474 1935 αύτῷ
522 1872 826 1941 προσήκοντι
876 1876 1015 1947 παρά
1065 1877 1259 1936 πάντας
1309 1880 1431 1939 τούς
1469 1882 1667 1952 εὐαγεῖς
1708 1886 1915 1946 κανόνας

2025 707 2121 747 nos
2148 692 2423 765 facientes,
2452 700 2517 752 ad
2545 710 2858 768 praesentem
2889 704 3134 759 venimus
3158 706 3346 773 legem.
3368 706 3593 773 Quoties

2022 786 2162 837 enim
2192 788 2526 842 sacerdotum
2558 794 2819 846 sententia
2847 793 3103 861 quosdam
3134 794 3380 863 indignos
3405 810 3589 851 sacer-

2018 874 2240 931 dotiode
2260 879 2428 933 sacris
2454 880 2670 936 sedibus
2708 882 3450 953 deposuit(quemadnt0dum
3484 888 3589 943 Ne-

2019 969 2239 1021 storium
2263 1015 2276 1036 ,
2322 972 2639 1042 Eutychem,
2675 976 2880 1040 Arium,
2914 976 3297 1045 Macedonium,
3324 989 3379 1033 et
3410 981 3589 1035 Euno-

2019 1060 2182 1113 mium
2207 1102 2221 1124 ,
2265 1077 2327 1115 ac
2358 1065 2612 1128 quosdam
2643 1066 2776 1121 alios
2804 1068 2868 1120 ad
2898 1067 3230 1135 iniquitatem
3275 1084 3377 1123 non
3411 1071 3586 1124 mino-

2020 1166 2111 1206 res
2142 1153 2287 1223 illis),
2323 1156 2478 1210 toties
2510 1158 2792 1226 imperium
2827 1160 3062 1228 ejusdem
3112 1162 3391 1215 sententia:
3420 1171 3473 1215 et
3502 1175 3589 1214 or-

2019 1240 2309 1298 dinationis
2339 1262 2457 1299 cum
2488 1248 2824 1303 sacerdotum
2866 1252 3185 1306 auctoritate
3230 1252 3344 1306 fuit.
3397 1252 3591 1322 Sicque

2019 1332 2198 1389 divina
2229 1343 2284 1390 et
2319 1336 2547 1393 humana
2580 1340 2779 1408 pariter
2808 1344 3181 1396 concurrentia
3214 1358 3371 1397 unam
3401 1356 3593 1396 conso-

2019 1431 2250 1482 nantiam
2284 1434 2444 1486 rectis
2483 1435 2762 1489 sententiis
2807 1433 2983 1489 fecere
3013 1450 3027 1488 :
3056 1435 3503 1503 quemadmodum
3534 1451 3591 1488 et

2021 1532 2194 1584 nuper
2227 1520 2421 1574 factum
2454 1538 2573 1575 esse
2600 1524 2741 1577 circa
2775 1526 3084 1579 Antbimum
3115 1527 3336 1588 scimus,
3364 1526 3451 1593 qui
3479 1526 3593 1593 qui-

2018 1608 2138 1662 dem
2170 1609 2407 1680 deiectus
2429 1623 2507 1667 est
2535 1613 2604 1667 de
2630 1614 2757 1669 sede
2787 1614 2942 1683 hujus
2990 1614 3149 1684 regite
3170 1613 3318 1668 urbis
3343 1629 3371 1665 a
3394 1625 3591 1669 sancta:

2017 1711 2071 1757 et
2096 1702 2346 1771 gloriosa:
2376 1707 2648 1760 memori-ce
2693 1706 2917 1776 Agapito
2957 1706 3308 1760 sanctissimae
3345 1707 3585 1761 ecclesia:

2018 1797 2250 1858 antiquae
2292 1797 2475 1852 Romae
2519 1797 2803 1866 pontifice;
2853 1812 2919 1852 eo
2948 1798 3089 1867 quod
3119 1796 3267 1851 nullo
3297 1797 3456 1851 modo
3487 1797 3586 1849 sibi

2019 1887 2118 1956 ipsi
2148 1891 2492 1945 convenienti
2541 1892 2769 1957 (contra
2810 1903 2998 1944 omnes
3031 1905 3211 1945 sacros
3239 1889 3502 1958 canones)
3531 1905 3589 1943 se

341 1957 791 2018 ἔπεισπηδιόσαντα
841 1965 1013 2033 θρόνῳ.
1060 1975 1193 2042 κοινῇ
1240 1966 1293 2022 δέ
1323 1968 1471 2051 ψήφῳ
1518 1979 1609 2026 τοῦ
1654 1996 1711 2030 τε
1757 1978 1908 2031 αὐτοῦ

2018 1968 2305 2035 immiserat
2352 1981 2489 2046 sedi,
2545 1982 2637 2035 sed
2686 1990 2740 2036 et
2785 1982 3050 2035 communi
3101 1980 3362 2034 sententia
3421 1980 3590 2045 ipsius

338 2056 429 2109 τῆς
458 2050 600 2120 ἁγίας
637 2057 835 2123 μνήμης
864 2054 1040 2130 ἀνδρὸς
1070 2059 1337 2133 πρότερον,
1384 2050 1467 2115 καὶ
1496 2069 1592 2135 μὴν
1622 2068 1707 2118 καί
1733 2076 1823 2127 τῆς
1847 2069 1920 2121 ἐν·

338 2142 501 2197 ταῦθα
527 2146 792 2214 γενομένης
821 2147 962 2219 ἱερᾶς
987 2147 1204 2201 συνόδου
1229 2148 1708 2224 καταδεδικασμένον
1735 2177 1809 2219 τε,
1833 2160 1916 2212 καί

338 2235 691 2307 καθῃρημένον,
737 2235 866 2292 διότι
894 2245 991 2291 τῶν
1031 2241 1186 2312 ὀρθῶν
1232 2244 1480 2313 ἀπεφοίτα
1511 2243 1799 2318 δογμάτων,
1826 2253 1919 2304 καὶ

341 2320 413 2384 οἷς
440 2327 689 2403 πρότερον
709 2331 1017 2401 πολλαχόθεν
1042 2335 1096 2404 ἐφ
1136 2339 1265 2387 ίνετο
1296 2337 1544 2409 στέργων,
1576 2347 1740 2393 ταῦτα
1760 2341 1915 2396 ὔστε-

337 2436 426 2492 ρον
453 2416 703 2494 διαφόροις
747 2424 993 2495 ἀπέφευγε
1022 2428 1319 2500 περινοίαις,
1350 2433 1789 2501 προσποιούμενος
1825 2437 1916 2504 μέν

339 2515 453 2567 ταῖς
482 2511 762 2587 τέσσαρσιν
801 2514 970 2585 ἁγίαις
1016 2516 1243 2579 συνόδοις
1286 2522 1590 2587 ἀκολουθεῖν,
1724 2547 1777 2581 τε
1816 2535 1914 2581 τῶν

339 2595 429 2655 τινί
473 2600 700 2677 Πατέρων
737 2611 835 2657 τῶν
864 2607 911 2658 ἐν
957 2611 1159 2680 Νικαία,
1315 2630 1370 2664 τε
1408 2618 1507 2664 τῶν
1534 2611 1577 2686 ρ’
1608 2618 1689 2667 καὶ
1734 2615 1769 2670 ν’
1815 2625 1915 2672 τῶν

338 2690 385 2743 έν
410 2694 572 2765 ταύτῃ
602 2702 665 2768 τῇ
712 2695 966 2767 εὐδαίμονι
1003 2700 1164 2755 πόλει.
1198 2710 1259 2775 τῇ
1307 2724 1361 2757 τε
1412 2711 1509 2758 τῶν
1548 2707 1596 2758 έν
1625 2704 1808 2778 Ἐφέσῳ
1855 2710 1914 2764 τὸ

335 2793 539 2858 πρῶτον
590 2790 943 2858 συναχθέντων
992 2790 1059 2857 σ’,
1091 2801 1151 2868 τῇ
1182 2814 1230 2847 τε
1278 2803 1376 2850 τῶν
1416 2792 1645 2867 θεοφιλῶν
1684 2803 1912 2876 Πατέρων

335 2882 434 2928 τῶν
463 2877 510 2929 ἐν
538 2877 815 2935 Χαλκηδόνι
843 2880 945 2950 χλ’.
978 2885 1047 2934 Οὐ
1074 2889 1170 2954 μην
1191 2893 1293 2945 τοῖς
1314 2888 1506 2940 τούτων
1539 2887 1759 2959 δόγμασι
1788 2914 1911 2947 κατ-

332 2966 627 3032 ακολουθῶν,
674 2967 791 3024 οὔτε
831 2976 921 3030 τὴν
971 2974 1219 3047 ἡμετέραν
1266 2979 1653 3052 φιλανθρωπίαν,
1696 2987 1781 3036 καὶ
1822 2991 1911 3043 τήν

332 3060 746 3129 συγκατάϐασιν,
770 3062 827 3119 ἢν
848 3061 927 3116 διά
952 3069 1039 3121 τὴν
1063 3068 1215 3121 αὐτοῦ
1240 3073 1495 3143 σωτηρίαν
1514 3071 1723 3143 ἔχομεν,
1750 3096 1913 3151 προσ-

336 3147 572 3212 δέξασθαι
600 3152 874 3222 βουληθείς,
904 3156 1013 3211 ούδέ
1042 3161 1359 3235 ἀπικηρύξω
1381 3167 1466 3217 καὶ
1494 3166 1644 3225 αὐτός
1665 3170 1786 3229 τοὺς
1805 3177 1905 3224 τῶν

335 3243 530 3295 ἀσεϐῶν
569 3243 830 3317 δογμάτων
866 3250 1136 3323 ἀρχηγοὺς
1189 3257 1310 3313 τούς
1365 3258 1466 3310 ὐπὸ
1512 3267 1612 3311 τῶν
1647 3264 1908 3337 προτέρων

2017 2082 2219 2126 sanctae
2277 2072 2546 2126 memoria:
2602 2072 2699 2124 viri
2752 2073 3011 2140 primum,
3044 2080 3202 2138 atque
3239 2072 3396 2124 etiam
3424 2085 3589 2123 sacra:

2025 2162 2219 2231 synodi
2251 2162 2333 2215 bic
2358 2162 2644 2216 celebratae
2675 2163 3063 2216 condemnatus
3091 2173 3144 2216 et
3165 2161 3439 2229 depositus
3467 2159 3587 2220 fuit.

2018 2267 2084 2307 eo
2113 2252 2253 2320 quod
2285 2268 2311 2303 a
2346 2253 2505 2306 rectis
2537 2253 2869 2321 dogmatibus
2902 2255 3152 2317 recessit;
3183 2264 3237 2307 et
3280 2269 3399 2319 quae
3438 2255 3587 2322 prius

2021 2342 2295 2395 multoties
2349 2342 2572 2411 diligere
2626 2342 2939 2406 videbatur,
2971 2342 3086 2395 haec
3114 2343 3326 2397 demum
3358 2343 3589 2398 diversis

2017 2429 2423 2484 lustrationibus
2481 2429 2848 2502 [fraudibus]
2900 2432 3065 2499 fugit;
3116 2434 3370 2485 simulans
3437 2432 3590 2499 sequi

2015 2529 2495 2586 sanctasquatuor
2524 2522 2754 2591 synodos
2786 2522 3167 2583 (trecentorum
3206 2523 3453 2577 videlicet
3483 2523 3580 2575 de-

2017 2626 2134 2665 cem
2165 2620 2219 2665 et
2246 2622 2366 2664 octo
2398 2613 2609 2666 Patrum
2652 2614 2704 2667 in
2755 2613 2950 2678 Nicaea,
2991 2623 3046 2666 et
3079 2625 3292 2667 centum
3323 2615 3588 2683 quinqua-

2020 2699 2163 2767 ginta
2197 2701 2249 2753 in
2282 2701 2381 2753 hac
2414 2700 2553 2756 felici
2580 2702 2833 2765 civitate;
2859 2712 2912 2755 ct
2937 2703 2988 2757 in
3023 2703 3235 2772 Epheso
3267 2705 3437 2771 primo
3464 2720 3592 2758 con-

2020 2801 2356 2858 gregaturum
2389 2791 2763 2852 ducentorum.
2783 2802 2836 2846 et
2858 2803 3231 2846 sescentorum
3257 2793 3466 2860 triginta
3497 2808 3589 2846 ve-

2012 2878 2331 2932 nerabilinm
2365 2878 2576 2932 Patrum
2614 2880 2665 2931 in
2696 2879 3077 2949 Chalcedone).
3111 2885 3177 2933 At
3224 2881 3436 2949 quidvnt
3489 2896 3587 2934 nec

2020 2971 2241 3024 istorum
2278 2971 2524 3038 dogmata
2556 2972 2735 3040 sequi,
2770 2986 2866 3026 nec
2897 2988 3128 3027 nosnram
3170 2975 3506 3029 clementiam
3537 2984 3591 3026 et

2014 3059 2437 3115 condescensum
2466 3102 2479 3124 ,
2528 3077 2683 3130 quem
2717 3072 2933 3131 propter
2974 3064 3137 3132 ipsius
3169 3067 3391 3119 salutem
3426 3067 3591 3119 liabe-

2017 3154 2518 3224 bamus,snscipere
2549 3155 2744 3220 voluit;
2777 3171 2948 3224 neque
2975 3156 3089 3223 ipse
3116 3158 3362 3211 abdicare
3395 3168 3581 3210 aucto-

2018 3222 2105 3297 res
2135 3244 2415 3310 impiornm
2438 3243 2765 3311 dogmatum,
2793 3222 2881 3315 qui
2912 3248 3056 3313 prius
3084 3263 3109 3299 a
3137 3248 3335 3301 sanctis
3365 3249 3583 3317 synodis

334 3326 490 3397 ἁγίων
517 3330 907 3402 ἐκϐεἱλημένους
944 3335 1187 3391 συνόδων⁸
1222 3338 1323 3392 ἀλλ’
1352 3342 1572 3411 οἰόμενος
1603 3355 1794 3419 χρῆναι
1823 3354 1908 3403 καί

2014 3332 2219 3404 expulsi
2274 3338 2527 3400 Inerant;
2578 3335 2671 3389 sed
2721 3339 2921 3405 putavit
2984 3349 3232 3407 oportere
3287 3340 3579 3393 secundum

331 3423 434 3471 τῶν
482 3422 610 3474 κατὰ
650 3424 835 3477 ταυτὸν
879 3430 962 3479 καί
990 3427 1039 3479 έν
1078 3426 1173 3498 ἴσῳ
1214 3433 1333 3489 τούς
1366 3432 1905 3508 καταδεδικασμένους,

332 3507 451 3565 τούς
494 3528 548 3563 τε
590 3510 1031 3576 κατλδικάσαντας
1077 3514 1235 3589 ἄγειν.
1264 3518 1428 3586 Ἀπαξ
1472 3528 1567 3600 γὰρ
1604 3534 1717 3587 ταῖς
1762 3528 1907 3582 ἀλλο-

334 3602 496 3672 τρίαις
545 3609 638 3661 τῆς
666 3602 949 3674 ἁγιωτάτης
999 3609 1263 3671 ἐκκλησίας
1312 3613 1511 3674 ἐννοίαις
1554 3616 1909 3693 κατανδραπο·

333 3688 540 3754 διαθεὶς,
566 3696 651 3745 καὶ
677 3701 773 3747 τῶν
801 3697 955 3769 ὀρθῶν
981 3699 1364 3774 ἠλλοτριωμένος
1390 3702 1673 3775 δογμάτων,
1708 3708 1910 3771 εἰκότως

331 3784 404 3844 είς
450 3789 542 3843 την
593 3788 754 3841 αὐτῶν
802 3790 891 3841 οὐκ
922 3788 1152 3860 ἴσχυσεν
1204 3796 1481 3849 ἐπανελθεῖν
1513 3800 1779 3873 ὀρθότητα,
1828 3808 1909 3857 καί

333 3882 494 3931 ταῦτα
522 3878 644 3951 παρ’
674 3881 812 3949 ἡμῶν
840 3885 921 3934 καὶ
966 3872 1281 3958 προτραπεὶς
1319 3891 1401 3942 καὶ
1455 3890 1730 3962 ὁδηγηθείς,
1777 3902 1910 3951 πᾶσι

332 3972 678 4044 χρησαμένων
705 3973 925 4048 σπουδῇ,
962 3979 1090 4051 πρός
1120 3986 1207 4035 την
1230 3984 1486 4056 σωτηρίαν
1510 3991 1598 4043 την
1623 3990 1799 4043 αὐτοῦ.

400 4063 491 4116 Διά
523 4069 689 4117 ταῦτα
736 4067 899 4118 τοίνυν
931 4064 1158 4133 ἅπαντα,
1191 4075 1279 4128 τὴν
1327 4077 1590 4144 γενομένην
1638 4079 1716 4131 ἐπ’
1768 4082 1906 4154 αύτῷ

331 4160 423 4211 τῆς
451 4156 790 4229 καθαιρέσεως
833 4157 990 4229 ψῆφον
1013 4161 1154 4230 παρά
1182 4169 1274 4221 τῆς
1317 4163 1465 4235 ἁγίας
1504 4167 1743 4232 συνόδου,
1781 4194 1907 4249 προ-

330 4246 482 4313 φάσει
512 4254 602 4305 τῆς
641 4266 694 4299 τε
720 4250 775 4300 ού
817 4249 1042 4317 θεμιτῆς,
1073 4250 1189 4305 ούδέ
1229 4256 1328 4309 ὑπὸ
1356 4264 1453 4310 τῶν
1495 4257 1651 4330 ἁγίων
1694 4266 1905 4319 κανόνων

331 4338 754 4409 μαρτυρουμένης
807 4347 905 4394 τῶν
958 4350 1048 4400 τῆς
1100 4342 1357 4412 βασιλίδος
1403 4347 1596 4411 ταύτης
1645 4354 1906 4423 ίερατικῶν

329 4426 513 4499 θρόνων
540 4426 795 4501 ἁρπαγῆς,
828 4433 908 4484 καὶ
934 4440 1024 4492 τῆς
1053 4434 1153 4487 άπὸ
1184 4443 1282 4489 τῶν
1321 4438 1476 4512 ὀρθῶν
1501 4462 1555 4495 τε
1596 4448 1683 4497 καὶ
1716 4446 1905 4503 ἀληθῶν

328 4515 593 4587 δογμάτων
630 4520 897 4593 ἐκτροπῆς.
928 4525 1100 4595 κυρίαν
1132 4526 1161 4581 ή
1190 4528 1409 4602 ἡμετέρα
1436 4533 1622 4586 τίθεται
1650 4535 1901 4603 βασιλεία,

328 4610 412 4660 καί
454 4608 537 4662 ἐπὶ
560 4611 761 4670 τούτοις
788 4613 873 4664 τόν
902 4613 1129 4687 παρόντα
1172 4618 1347 4691 γράφει
1373 4624 1541 4692 νόμον.
1571 4622 1903 4703 ’Δπαγορεύο-

2016 3430 2186 3497 ipsum
2218 3441 2271 3482 et
2326 3431 2376 3482 in
2421 3430 2607 3495 :equali
2636 3430 2832 3485 ducere
2862 3440 2916 3484 et
2941 3435 3339 3495 condemnatus,
3368 3443 3423 3487 et
3453 3449 3582 3486 con-

2012 3519 2372 3573 demnatores.
2409 3518 2539 3573 Nam
2569 3521 2736 3574 semel
2767 3521 2955 3575 alienis
2981 3537 3009 3575 a
3036 3522 3367 3577 sanctissima
3405 3525 3585 3578 Eccle—

2011 3611 2092 3663 sia
2125 3609 2481 3665 intelleetibus
2514 3613 2842 3680 mancipatus
2872 3657 2885 3677 ,
2918 3624 2973 3666 et
2999 3628 3025 3664 a
3059 3616 3218 3667 rectis
3248 3614 3584 3684 dogmatibus

2012 3702 2295 3768 alienatus,
2330 3702 2523 3758 merito
2550 3704 2614 3757 ad
2656 3704 2891 3770 ipsorum
2954 3707 3325 3760 reetizudinem
3385 3711 3581 3761 reverti

2012 3805 2117 3844 non
2147 3791 2332 3855 valuit,
2370 3792 2530 3845 etiam
2561 3793 2623 3844 atl
2658 3793 2771 3846 haec
2818 3794 3071 3848 invitatus
3102 3811 3128 3848 a
3162 3797 3311 3849 nobis
3338 3809 3394 3851 et
3438 3798 3583 3852 dire-

2009 3891 2148 3947 ctus,
2176 3883 2265 3951 qui
2295 3883 2440 3935 omni
2471 3883 2646 3937 smdio
2676 3884 2756 3937 usi
2786 3902 2969 3939 smnus
2991 3887 3056 3939 ad
3090 3886 3252 3956 ipsius
3277 3890 3526 3944 salutem.

2082 4080 2301 4147 Propter
2327 4079 2440 4135 haec
2469 4082 2628 4150 igitur
2654 4085 2851 4149 omnia,
2882 4088 3199 4141 sententiam
3223 4089 3571 4157 depositionis

2007 4170 2058 4225 in
2114 4174 2282 4239 ipsum
2340 4189 2367 4225 a
2424 4184 2613 4227 sancta
2644 4178 2847 4245 synodo
2876 4175 3070 4231 factam
3105 4184 3385 4236 occasione
3472 4201 3574 4238 non

2008 4262 2135 4315 liciti
2165 4302 2178 4325 ,
2212 4278 2386 4331 neque
2414 4279 2443 4316 a
2475 4267 2673 4318 sanctis
2723 4271 3015 4323 canonibus
3066 4274 3339 4339 approbati
3398 4287 3578 4343 raptus

2006 4368 2277 4407 sacrarum
2304 4355 2512 4408 sedium
2548 4357 2704 4426 hujus
2736 4362 2894 4428 regiae
2922 4364 3065 4418 urbis
3090 4404 3103 4427 ,
3145 4378 3197 4419 et
3223 4371 3515 4424 aversionis
3547 4388 3574 4423 a

2006 4444 2165 4496 rectis
2195 4453 2248 4497 et
2274 4447 2413 4499 veris
2455 4446 2789 4516 dogmatibus
2814 4494 2827 4517 ,
2890 4452 3093 4507 firmam
3136 4467 3371 4511 nostrum
3404 4461 3578 4515 reddit

2012 4535 2387 4606 imperiuni,et
2407 4549 2587 4593 contra
2622 4542 2778 4595 istum
2812 4560 3128 4612 prmsentem
3167 4550 3350 4603 scribit
3383 4553 3572 4621 legem.

2008 4628 2379 4683 lntcrdicimns
2425 4643 2598 4686 autvm
2650 4649 2703 4689 et
2746 4638 2794 4691 ei
2844 4644 3162 4695 commorari
3203 4644 3255 4697 in
3302 4645 3398 4697 bac
3430 4644 3572 4699 felici

328 4719 419 4769 μεν
448 4699 500 4753 δέ
529 4704 662 4771 αύτῇ
693 4708 776 4757 καί
805 4714 895 4765 τῆς
926 4708 1057 4761 κατὰ
1097 4713 1185 4766 την
1211 4708 1476 4783 εὐδαίμονα
1519 4720 1704 4777 ταύτην
1741 4723 1899 4785 πόλιν.

2013 4719 2223 4773 civitate
2253 4732 2303 4773 et
2335 4721 2449 4791 ejus
2482 4725 2754 4792 diSIrictn,
2812 4744 2871 4782 ac
2907 4731 2958 4783 in
2999 4748 3310 4802 quacunque
3362 4738 3461 4787 alia
3498 4739 3578 4789 in—

328 4796 524 4854 καὶτῆς
550 4796 850 4870 περιοικίδος
879 4801 1038 4862 αὐτῆς
1082 4799 1365 4876 διατριϐῆς,
1406 4812 1489 4861 καί
1530 4813 1701 4872 πάσης
1727 4815 1901 4890 έτέρας

329 4891 429 4937 τῶν
460 4886 718 4957 ἐπισήμων
766 4889 967 4953 πόλεων,
1016 4892 1333 4956 θεσπίζοντες
1365 4897 1437 4967 ἐφ’
1485 4902 1719 4971 ἡσυχίας
1754 4902 1899 4969 εἶναι,

329 4982 411 5032 καί
456 4982 657 5042 τούτοις
704 4986 951 5057 στέργειν,
1000 4983 1072 5044 οἷς
1114 4987 1295 5041 ἑαυτὸν
1339 4992 1489 5054 ἀξίως
1529 4996 1763 5060 ὑπέθηκε,
1814 5004 1902 5054 καὶ

329 5073 451 5137 μήτε
474 5074 602 5123 τισίν
627 5075 982 5133 ἐπικοινωνεῖν,
1013 5088 1139 5146 μήτε
1172 5079 1448 5145 ἐκϐιϐάζειν
1476 5087 1659 5147 αύτούς
1685 5096 1773 5147 τὴν
1801 5100 1899 5145 τῶν

326 5160 740 5233 ἀπηγορευμένων
782 5164 1045 5237 δογμάτων
1088 5170 1361 5225 ἀπώλειαν.
1408 5177 1478 5228 Ού
1529 5186 1626 5248 μην
1655 5181 1769 5235 οὐδέ
1810 5191 1898 5243 τήν

326 5250 529 5313 δικαίως
558 5255 907 5326 ἐξενεχθεῖσαν
937 5264 1066 5315 κατὰ
1107 5268 1322 5338 Σευήρου
1350 5266 1529 5338 ψῆφον,
1559 5278 1648 5330 τήν
1688 5276 1742 5327 ἐκ
1771 5278 1899 5330 πάν-

325 5360 445 5403 των,
466 5345 532 5402 ὡς
556 5346 730 5412 εἰπεῖν,
757 5355 855 5401 τῶν
882 5350 1258 5426 ἀρχιερατικῶν
1277 5377 1353 5419 τε,
1378 5363 1459 5412 καί
1479 5375 1891 5438 πατριαρχικῶν,

326 5435 454 5501 μετά
483 5442 573 5494 τῆς
615 5449 897 5508 μοναχικῆς
941 5446 1273 5505 συναινέσεως
1316 5452 1658 5523 προελθοῦσαν
1688 5458 1892 5530 θρόνων,

324 5530 417 5584 ’κᾶν
441 5528 524 5581 τόν
554 5530 951 5601 ἀναθεματισμόν
980 5535 1267 5606 ἐπάγουσαν
1314 5544 1473 5615 αύτῷ,
1506 5547 1769 5614 βασιλικῆς
1799 5549 1893 5616 ἔξω

323 5615 767 5688 καταλιμπάνομεν
816 5622 1184 5695 ἐπικυρώσεως,
1239 5625 1292 5688 ὃς
1321 5635 1566 5707 πρότερον
1611 5644 1749 5713 παρὰ
1776 5646 1896 5704 τοὺς

331 5696 341 5713 I
444 5702 454 5713 Ι
541 5705 559 5713 Α
705 5707 714 5713 ·
910 5707 922 5713 ⁸
986 5708 1006 5713 Α

324 5696 492 5770 ἱερούς
537 5705 753 5771 θεσμούς
782 5707 1073 5762 καταλαϐὼν
1102 5712 1187 5764 τόν
1216 5715 1381 5787 θρόνον
1423 5728 1511 5778 τῆς
1553 5696 1896 5783 Θεουπολιτῶν

326 5787 610 5858 ἁγιωτάτης
638 5795 915 5858 ἐκκλησίας,
949 5799 1080 5853 οὕτω
1110 5807 1445 5878 συνετάραξεν
1489 5810 1708 5880 ἅπαντα,
1759 5819 1892 5875 οὕτω

327 5886 697 5939 ιεεταπεποίηκε
746 5896 1005 5960 ταραχῆς,
1057 5893 1123 5949 ὡς
1153 5914 1311 5944 κοινον
1341 5917 1453 5949 τινα
1499 5904 1584 5955 καί
1613 5904 1890 5979 ἀκήρυκτον

647 5988 917 6048 Ρλτιιοιι.
967 5985 1084 6047 Gn.
1129 5987 1476 6053 LXXXVI.

2006 4808 2142 4878 signi
2170 4812 2710 4882 civitate,sancientes
2758 4820 2805 4871 in
2839 4822 3013 4887 quiete
3040 4837 3157 4876 esse
3181 4866 3195 4888 ,
3249 4836 3304 4877 et
3348 4825 3413 4877 iis
3443 4841 3587 4879 con-

2008 4905 2205 4954 tentum
2236 4917 2357 4956 esse
2382 4943 2397 4969 ,
2446 4905 2637 4973 quibus
2666 4908 2896 4975 seipsum
2925 4912 3113 4965 merito
3138 4913 3419 4967 obnoxium
3453 4917 3573 4968 red-

2004 4991 2168 5057 didit;
2198 5000 2253 5046 et
2280 5007 2383 5046 non
2416 4996 2679 5064 aliquibus
2710 5004 3121 5068 communicare,
3151 5019 3321 5073 neque
3345 5022 3439 5061 eos
3470 5008 3569 5061 im-

2005 5080 2169 5135 buere
2200 5083 2251 5135 in
2284 5082 2634 5151 perditionem
2658 5088 3062 5145 interdicturum
3104 5095 3432 5164 dogmatum.
3466 5099 3573 5152 Nec

2006 5170 2187 5239 utique
2212 5184 2358 5226 extra
2384 5175 3187 5241 imperialemconfirmationem
3218 5189 3571 5258 relinquimus

2002 5265 2322 5315 sententiam
2350 5263 2492 5329 juste
2515 5277 2697 5319 contra
2730 5270 2987 5325 Severum
3031 5276 3212 5345 latam,
3246 5295 3306 5332 ac
3347 5296 3411 5333 ex
3462 5296 3576 5334 0m-

2004 5350 2158 5404 nibus
2195 5354 2288 5420 (ut
2312 5355 2384 5406 ita
2415 5357 2685 5427 dicamus)
2721 5365 3110 5428 pontificalibus
3149 5378 3201 5421 et
3243 5372 3565 5437 patriarcha»

2003 5441 2142 5496 libus
2171 5443 2298 5511 (nua
2328 5461 2446 5499 cum
2481 5451 2807 5507 monacbicis
2848 5458 3221 5529 eonsensibus)
3256 5465 3571 5529 provenieb-

2004 5542 2108 5588 tem
2160 5536 2411 5605 sedibus,
2460 5550 2515 5593 et
2546 5543 3045 5602 anathematismum
3080 5552 3176 5619 ipsi
3209 5554 3525 5609 inferentem
3554 5570 3568 5608 :

2002 5629 2092 5696 qui
2122 5628 2268 5697 prius
2298 5641 2480 5684 contra
2511 5647 2689 5687 Sacras
2718 5641 3021 5693 sanctiones
3047 5645 3355 5713 accipiendo
3385 5645 3565 5702 sedem

2001 5722 2353 5775 sanctissima:
2380 5724 2622 5779 ecclesia:
2650 5728 3192 5805 Tbeopolitanorum,
3222 5740 3296 5792 sic
3327 5739 3567 5791 universa

1998 5820 2353 5884 conturbavit,
2388 5825 2571 5890 sicque
2591 5830 2948 5885 accumulatas
2972 5834 3299 5890 turbatiOues
3329 5835 3451 5891 fecit
3472 5882 3487 5905 ,
3513 5846 3568 5891 ut

1999 5928 2280 5967 commune
2309 5914 2573 5983 quoddam
2604 5933 2666 5972 ac
2692 5924 3048 5979 abuminabile
3094 5926 3290 5979 bellum
3336 5929 3562 5984 sanctis-

3203 6011 3281 6071 35
