4088 6540
512 500 647 566 1099

1826 487 2266 553 JUSTINIANI
2306 485 2463 546 IMP.

3642 460 3664 524 1
3679 460 3791 524 iOO

516 615 665 671 simis
693 610 951 669 Ecclesiis
979 610 1044 666 ad
1073 610 1298 665 invicem
1331 608 1662 663 immitteret.
1696 609 1761 663 Et
1788 609 1890 665 hoc
1920 612 2079 664 etiam

2200 611 2302 665 ταῖς
2332 603 2640 674 ἁγιωτάταις
2670 600 2956 660 ἓκκλησίαις
2987 599 3220 668 ἐμϐαλεῖν
3259 598 3387 670 πρὸς
3419 593 3632 654 ἀλλήλας
3673 591 3784 648 πό-

519 721 550 759 a
579 706 804 775 sceptris
841 717 962 775 quae
992 711 1116 757 ante
1144 715 1240 756 nos
1279 699 1483 754 fuerunt
1517 708 1703 756 contra
1745 702 1916 769 ipsum
1953 700 2085 754 scri-

520 807 666 864 pturn
693 804 849 861 erat,
890 795 1052 848 variis
1079 793 1387 861 dogmatum
1418 801 1469 845 et
1507 806 1536 844 a
1583 790 1904 846 rectitudine
1958 790 2086 844 alie-

519 889 654 942 natis
677 885 952 943 fraudibus
980 893 1036 940 et
1062 883 1380 940 commentis
1431 897 1494 936 ac
1541 882 1884 948 blastrhemiis
1931 897 2083 936 usum

521 979 702 1044 fuisse,
721 993 784 1032 ac
802 977 1046 1032 universa
1071 974 1438 1037 conturbasse,
1467 981 1520 1028 et
1545 974 1692 1027 illum
1716 986 2087 1041 quemcunque

520 1086 760 1126 errorem
817 1068 1254 1124 abominabilium
1287 1064 1765 1120 lueresiarcbarnm
1796 1073 1850 1118 et
1878 1065 2087 1132 in‘quo-

520 1178 638 1218 rom
669 1163 971 1233 dogmatnm
1003 1161 1262 1227 recipere,
1295 1158 1523 1212 Nestorii
1553 1158 1783 1212 dicimus
1807 1198 1820 1218 ,
1871 1167 1927 1210 et
1977 1155 2086 1209 Eu-

523 1255 698 1328 tychis
716 1272 731 1318 ;
751 1263 938 1308 etcum
957 1266 1184 1320 uterque
1210 1251 1398 1305 borum
1425 1260 1808 1318 praeceptorum
1836 1244 2087 1300 contrarii

522 1345 913 1418 quodammodo
943 1344 1167 1399 invicem
1201 1357 1321 1397 esse
1348 1340 1644 1407 videantur,
1677 1339 1744 1393 ad
1773 1353 1931 1392 unum
1963 1350 2090 1390 vero

520 1439 809 1508 impietatis
862 1436 1020 1490 ﬁnem
1068 1434 1308 1500 tendant,
1363 1434 1519 1487 etiam
1550 1431 1759 1484 illorum
1789 1427 2090 1496 divulgatos

525 1543 806 1583 sermones
834 1568 846 1590 ,
881 1542 1000 1580 eum
1033 1527 1082 1579 in
1114 1540 1276 1578 unum
1311 1521 1645 1576 formavisse.
1694 1517 1907 1571 Duobus
1944 1516 2088 1570 enim

525 1619 878 1672 existentibus
907 1614 1241 1684 dogmatibus
1286 1612 1350 1665 ad
1401 1611 1624 1665 invicem
1652 1606 2089 1678 repugnantibus,

525 1723 746 1777 quorum
791 1716 1074 1775 utrumque
1119 1703 1362 1758 similiter
1401 1702 1466 1755 ad
1517 1700 1708 1754 animae
1741 1697 2090 1767 perditionem

522 1801 735 1852 adducit
763 1837 782 1866 ,
810 1796 1038 1852 Nestorii
1071 1795 1317 1856 videlicet
1347 1803 1399 1848 et
1429 1792 1681 1862 Eutycbis
1705 1791 1723 1862 (
1748 1793 2094 1861 quemadmo-

523 1891 645 1942 dum
678 1889 904 1942 dit-endo
931 1887 1287 1952 narravimus)
1310 1886 1396 1954 qui
1427 1899 1493 1938 ex
1519 1885 1835 1937 Arianorum
1859 1892 1913 1938 et
1936 1884 2093 1953 Apol-

2186 697 2350 765 λεμον,
2395 697 2477 748 καί
2518 698 2672 749 τοῦτο
2719 695 2805 748 καί
2831 698 2940 750 τοῖς
2987 691 3086 766 πρό
3129 690 3272 761 ὑμῶν
3317 691 3600 759 σκήπτροις
3641 684 3783 758 πρὸς

2188 787 2339 839 αὑτὸν
2384 786 2675 858 γεγράφθαι,
2725 783 2972 859 ποικίλαις
3001 783 3092 852 μὲν
3141 779 3409 852 δογμάτων
3436 781 3519 832 καί
3556 776 3786 834 ἀπηλλο-

2186 876 2486 948 τριωμέναις
2510 883 2601 934 τῆς
2631 873 2892 946 ὀρθότητος
2918 876 3193 946 περινοίαις
3216 891 3292 932 τε,
3319 873 3400 925 καί
3426 871 3783 941 βλασφημίαις

2191 969 2538 1043 χρησάμενον,
2575 966 2779 1021 ἅπαντα
2829 965 2883 1020 δὲ
2922 967 3330 1040 συνταράξαντα,
3378 966 3462 1016 καί
3491 959 3634 1032 μόνον
3670 969 3785 1014 τῶν

2189 1068 2280 1118 τῆς
2329 1058 2566 1128 ἐκατέρου
2614 1063 2714 1112 τῶν
2753 1057 3104 1134 αἶρεσιαρχῶν
3152 1055 3345 1114 πλάνης
3392 1053 3650 1125 βδελυρῶν
3688 1073 3780 1113 τε,

2191 1151 2272 1202 καί
2298 1151 2510 1202 ἀνοσίων
2548 1145 2814 1220 δογμάτων
2857 1146 3213 1217 ἀντεχόμενον.
3244 1147 3519 1215 Νεστορίου
3564 1163 3641 1202 τε,
3691 1144 3783 1194 καί

2190 1239 2480 1308 Εὼυχοῦς,
2528 1240 2612 1290 καί
2655 1244 2752 1292 τῶν
2801 1237 3040 1311 ἐκατέρου
3087 1237 3283 1291 τούτων
3328 1231 3676 1305 καθηγεμόνων
3719 1229 3784 1295 ἐξ

2192 1330 2420 1388 ἐναντίας
2457 1331 2546 1401 μέν
2587 1348 2698 1388 πως
2744 1324 2871 1383 εἶναι
2899 1327 3172 1382 δοκούντων
3200 1325 3442 1390 ἀλλήλοις,
3476 1325 3604 1400 πρός
3639 1321 3688 1375 ἓν
3718 1321 3782 1375 δέ

2191 1419 2330 1479 τέλος
2373 1427 2463 1479 τῆς
2493 1419 2734 1480 ἀσεϐείας
2773 1420 3131 1491 ἐπειγομένων,
3169 1420 3248 1472 καί
3277 1419 3398 1476 τούς
3445 1418 3639 1468 ἐκείνων
3668 1437 3782 1482 χα-

2192 1513 2618 1586 ρακτηριστικούς
2645 1511 3062 1581 ἐντυπωσάμενον
3089 1509 3286 1582 λόγους.
3321 1517 3465 1561 Δυοῐν
3495 1509 3591 1580 γάρ
3618 1505 3783 1561 ὄντων

2192 1600 2422 1655 ἐναντίοιν
2477 1603 2702 1663 ἀλλήλοις
2745 1601 3032 1675 δογμάτων,
3083 1599 3148 1654 ὧν
3197 1601 3428 1675 ἱκάτερςν
3476 1598 3662 1666 ὁμοίως
3701 1601 3781 1656 εἰς

2192 1695 2423 1767 ψυχικήν
2451 1697 2700 1750 ἀπώλειαν
2730 1694 2861 1770 ἄγει,
2911 1704 3000 1751 τοῦ
3044 1697 3345 1768 Νεστορίου,
3391 1699 3482 1748 τοῦ
3513 1712 3566 1746 τι
3613 1692 3781 1744 Exin;-

2194 1793 2347 1857 χ’ὗς,
2375 1788 2597 1844 καθάπερ
2625 1787 2849 1846 εἰπόντες
2876 1784 3100 1856 ἔφθημεν.
3133 1784 3263 1859 ἅπερ
3290 1785 3342 1838 ἐκ
3366 1791 3466 1838 τῶν
3491 1781 3778 1854 ’Δρςιανῶτη

2195 1879 2275 1928 καί
2301 1883 2398 1928 τῶν
2429 1874 2764 1950 ’Δπολιναρίου
2796 1876 3020 1930 συνέστη
3048 1874 3372 1942 μιασμάτων.
3405 1871 3555 1930 αὐτός
3585 1892 3634 1924 τι
3668 1890 3778 1922 πα-

524 1981 698 2035 I'inarii
738 1982 1054 2048 etuttagione
1076 1977 1408 2040 consistunt;
1460 1977 1573 2042 ipse
1613 1975 1934 2042 paradoxum
1961 1975 2086 2044 quid

2200 1965 2398 2040 ράδοξον
2425 1967 2620 2029 παθὼν,
2655 1966 2838 2036 ὁμοίως
2864 1968 2934 2025 εἷς
2963 1966 3192 2039 ἑκάτερον
3223 1965 3539 2034 ἐμπέπτωκε.
3571 1966 3668 2014 Καί
3704 1970 3780 2034 πῇ

523 2086 807 2141 perpessus
836 2073 888 2124 in
923 2080 1206 2138 utrutnque
1236 2068 1485 2122 sunililer
1525 2065 1710 2120 incidit
1739 2082 1752 2118 :
1780 2075 1834 2119 et
1860 2065 1930 2118 ibi
1973 2067 2090 2133 qui-

519 2166 640 2218 dem
667 2163 792 2218 illud
817 2162 1109 2226 mittendo,
1140 2160 1374 2228 seipsum
1409 2169 1462 2213 et
1491 2173 1768 2213 sermones
1789 2173 1916 2211 suos
1944 2159 2090 2212 visus

519 2264 602 2308 est
647 2253 989 2309 constituisse
1036 2264 1320 2306 commune
1370 2250 1766 2320 receptaculum
1819 2255 2088 2302 tantorum

520 2348 854 2402 delictorum.
891 2349 971 2402 Sit
1011 2345 1188 2413 itaque
1215 2351 1268 2398 ct
1294 2346 1405 2412 ipse
1451 2343 1550 2398 sub
1591 2343 1842 2410 prmdicto
1872 2342 2090 2395 anathe-

527 2439 793 2503 matismo,
827 2453 981 2506 quem
1014 2439 1292 2490 universus
1324 2435 1537 2504 patriart
1558 2435 1712 2501 Italis,
1749 2430 2085 2501 pontiﬁcalis,

523 2545 584 2583 ac
617 2528 958 2585 monachicus
1011 2537 1205 2582 nostra:
1229 2572 1244 2596 ,
1297 2538 1350 2579 ut
1393 2526 1463 2578 ita
1491 2525 1750 2589 dicamus,
1784 2521 2090 2592 reipublicae

525 2635 694 2678 curtus
719 2622 861 2691 juste
894 2623 946 2676 in
979 2622 1150 2688 ipsum
1179 2618 1384 2673 induxit
1416 2635 1428 2671 :
1461 2619 1525 2671 de
1553 2616 1937 2682 Theotnolitana
1968 2617 2088 2682 qui—

523 2716 642 2768 dem
692 2712 928 2766 Ecc'esia
974 2711 1208 2780 ejectns,
1247 2710 1446 2762 idcirco
1494 2708 1631 2776 quod
1675 2709 1895 2760 thronus
1951 2706 2090 2758 illius

519 2804 690 2872 ipsum
733 2803 999 2865 removit,
1039 2816 1103 2855 eo
1147 2802 1287 2870 quod
1348 2801 1513 2868 ipsius
1564 2798 1915 2867 principatum
1949 2806 2092 2850 recte

525 2914 630 2953 non
663 2904 966 2965 acceperat,
1000 2894 1095 2949 sed
1127 2893 1300 2946 adhuc
1329 2891 1538 2946 vivente
1563 2905 1628 2944 eo
1652 2931 1666 2954 .
1701 2899 1754 2944 et
1779 2890 1829 2943 in
1859 2889 2089 2942 Sanctis-

522 2989 674 3045 simis
727 2987 978 3043 Ecclesiis
1017 2995 1456 3049 commemorato,
1491 2983 1580 3049 qui
1629 2993 1754 3036 ante
1794 2981 1968 3049 ipsum
2008 2995 2091 3032 Su-

524 3081 821 3137 cerdOtium
857 3081 1104 3146 habebat,
1131 3089 1184 3132 et
1215 3090 1431 3146 propter
1459 3092 1578 3130 eum
1608 3076 1699 3144 qui
1753 3083 1870 3144 post
1917 3075 2090 3141 ipsum

520 3175 659 3240 fuit,
691 3173 758 3228 de
787 3171 1090 3227 sacerdotio
1118 3169 1410 3224 exciderat.
1443 3168 1550 3221 Nec
1597 3181 1724 3220 vero
1779 3179 2092 3236 progressus

525 3270 627 3322 huc
657 3280 824 3334 usque
852 3262 1089 3318 substitit
1112 3305 1127 3328 ,
1154 3261 1246 3316 sed
1275 3269 1329 3315 et
1357 3259 1458 3314 sub
1480 3260 1745 3313 communi
1777 3257 2092 3311 orthodoxa:

2197 2059 2285 2128 μὲν
2315 2065 2480 2117 τοῦτο.
2507 2065 2577 2131 πῇ
2607 2055 2659 2110 δὲ
2690 2059 2846 2110 ἐκεῖνο
2866 2057 3188 2130 πρεσϐεύων,
3221 2054 3380 2108 κοινόν
3407 2052 3538 2115 ἔδοξε
3568 2051 3781 2120 δοχεῑον

2192 2149 2367 2204 ἔαυτόν
2396 2170 2450 2203 τε
2481 2151 2559 2202 γαί
2583 2151 2704 2209 τοὺς
2733 2150 2888 2202 αὐτοῦ
2924 2147 3106 2220 λόγους
3133 2154 3233 2200 τῶν
3267 2146 3576 2203 τηλικούτων
3605 2144 3776 2213 πλημ-

2192 2239 2487 2309 μελημάτων
2518 2245 2863 2296 καταστῆσαι.
2892 2233 3061 2291 ΙΙἘστω
3086 2237 3251 2290 τοίνυν
3273 2238 3354 2288 καί
3381 2235 3532 2293 αὐτὸς
3559 2235 3660 2286 ἐπὸ
3691 2236 3779 2287 τόν

2191 2332 2445 2404 εἰρημένον
2475 2332 2902 2400 ἀναθεματισμόν,
2934 2325 2985 2381 ὃν
3016 2327 3150 2382 ἅπαν
3193 2329 3252 2381 τὸ
3281 2326 3661 2400 πατριαρχικόν
3695 2344 3776 2385 τε,

2191 2427 2278 2476 καί
2318 2423 2591 2495 ἱερατικὸν,
2629 2425 2714 2475 καί
2741 2421 3018 2493 μοναχικόν
3047 2426 3137 2478 τῆς
3175 2418 3440 2492 ἡμετέρας,
3483 2419 3549 2477 ὡς
3590 2418 3771 2476 εἰπεῖν,

2191 2513 2447 2572 πολιτείας
2477 2520 2665 2582 σχῆμα
2691 2509 2894 2571 δικαίως
2918 2512 3166 2582 ἐπήγαγεν
3193 2511 3352 2579 αὐτῷ,
3376 2515 3467 2568 τῆς
3497 2508 3587 2577 μὲν
3615 2515 3775 2560 Θεου·

2190 2605 2403 2659 πολιτῶν
2444 2605 2818 2675 ἐκέίεϐλημένος.
2859 2601 2985 2658 διότι
3029 2623 3126 2680 περ
3189 2602 3338 2655 αὐτὸν
3385 2599 3411 2654 ό
3447 2599 3558 2654 κατ’
3588 2600 3779 2654 ἐκείνην

2191 2697 2508 2750 ἀπεσείσατο
2535 2696 2726 2769 θρόνος,
2759 2692 2840 2749 οἷα
2889 2693 3015 2765 μηδέ
3062 2704 3148 2752 τήν
3196 2696 3369 2767 ἀρχὴν
3418 2693 3576 2766 ὀρθῶς
3615 2690 3778 2747 αὐτῆς

2191 2787 2562 2858 ἐπειλημμένον,
2599 2787 2704 2840 ἀλλ’
2731 2785 2814 2842 ἔτι
2841 2786 3022 2848 ζῶντός
3049 2805 3102 2838 τε
3133 2786 3214 2838 καί
3243 2784 3291 2836 ἐν
3323 2789 3432 2841 ταῖς
3459 2780 3770 2850 ἀγῑωτὰταις

2192 2879 2477 2941 ἐκκλησίαις
2511 2880 3000 2951 ἀνακηρυττομένου,
3032 2885 3121 2931 τοῦ
3162 2878 3262 2952 πρό
3293 2878 3447 2930 αὐτοῦ
3492 2881 3581 2932 τὴν
3622 2874 3776 2946 ἱερω-

2192 2972 2344 3030 σύνην
2374 2971 2683 3041 ἐσχηκότος,
2709 2972 2851 3044 παρά
2881 2967 2931 3023 δὲ
2957 2975 3048 3024 τοῦ
3069 2967 3178 3040 μετ’
3202 2968 3354 3022 «ora»
3379 2974 3470 3024 τῆς
3499 2965 3780 3037 ἱερωσύνης

2194 3059 2588 3122 ἐπιπεπτωκότος·
2621 3063 2679 3115 οὐ
2710 3061 2906 3116 στάντα
2945 3057 2998 3113 δὲ
3043 3059 3204 3134 μέχρι
3243 3059 3424 3110 τούτου
3467 3056 3630 3122 μόνον,
3663 3054 3775 3108 ἀλλ’

2192 3152 2286 3212 ἤδη
2331 3157 2413 3209 καί
2438 3155 2538 3208 ὑπὸ
2584 3154 2740 3208 κοινόν
2782 3153 3185 3220 ἀναθεματισμόν
3239 3157 3329 3208 τῆς
3382 3147 3646 3221 όρθοδιξου
3698 3150 3781 3200 καί

2193 3245 2454 3305 καθολικῆς
2485 3245 2742 3304 ἐκκλησίας
2770 3245 3052 3316 γενόμενον,
3082 3245 3161 3296 καί
3187 3243 3376 3297 πολλῶν
3404 3244 3519 3311 ἡμῖν
3543 3240 3776 3312 βιϐλίων,

526 3375 587 3414 ac
616 3357 894 3414 catholica:
916 3356 1166 3409 Ecclesia:
1189 3352 1637 3406 anathematismo
1666 3351 1888 3416 positus,
1912 3347 2093 3401 multis

2200 3343 2505 3414 βλασφήμων
2533 3362 2607 3401 τε,
2640 3343 2724 3395 καί
2749 3340 3164 3414 ἀπηγορευμένων
3208 3338 3536 3407 ἐμπλήσαντα
3580 3335 3638 3388 τό
3679 3355 3776 3388 πο·

526 3451 695 3516 libris,
721 3447 1170 3519 blaSpbemiisque
1197 3453 1250 3499 et
1278 3441 1760 3498 abominationibus
1784 3442 1934 3494 nobis
1962 3453 2094 3493 rem-

527 3544 789 3612 publicam
845 3538 1102 3609 implerit.
1181 3536 1355 3602 Quare
1409 3532 1670 3588 universis
1732 3531 2094 3587 interdicimus

525 3635 722 3706 aliquid
757 3633 822 3687 de
853 3631 1000 3687 libris
1039 3631 1204 3700 ipsius
1241 3625 1535 3698 possidere.
1571 3627 1636 3679 Et
1666 3625 1800 3678 sicut
1839 3638 1943 3677 non
1973 3623 2097 3675 l’cet

526 3729 754 3785 Nestorii
781 3727 946 3783 libros
974 3726 1231 3789 scribere,
1261 3725 1342 3778 vel
1371 3719 1649 3792 possidere
1677 3719 1696 3787 (
1730 3717 1852 3787 quia
1888 3715 2095 3782 praede-

527 3820 830 3876 cessoribus
879 3817 1072 3872 nostris
1101 3813 1512 3883 imperatoribus
1544 3813 1596 3866 in
1623 3811 1735 3866 suis
1763 3808 2099 3865 constitutio—

530 3914 683 3969 nibus
719 3914 888 3968 visnm
938 3920 1019 3966 est
1061 3919 1295 3964 statuere
1345 3907 1536 3960 similia
1588 3905 1666 3958 his
1711 3919 1831 3974 qure
1871 3901 2013 3955 dicta
2044 3909 2100 3953 ct

529 4006 723 4075 scripta
772 4013 896 4060 sunt
940 4018 969 4056 a
1013 4001 1306 4072 Porplryrio
1337 4001 1388 4052 in
1416 3992 1826 4064 Christianos),
1875 3994 1954 4046 sic
2000 4005 2100 4045 nec

527 4099 667 4154 dicta
694 4107 749 4153 et
777 4098 972 4164 scripta
1005 4095 1186 4150 Severi
1219 4099 1468 4146 maneant
1497 4104 1660 4156 penes
1687 4087 1915 4155 aliquem
1944 4083 2098 4139 Chri-

531 4191 764 4245 stianum
791 4229 805 4252 ,
838 4188 930 4242 sed
958 4188 1064 4241 sint
1100 4185 1316 4255 profana
1351 4193 1405 4236 et
1444 4183 1613 4235 aliena
1646 4181 1712 4233 ab
1742 4177 1978 4232 Ecclesia
2015 4191 2100 4229 ca-

537 4281 729 4336 tholica
757 4321 771 4344 ,
802 4278 1027 4348 igncque
1064 4275 1445 4329 comburantur
1472 4288 1500 4325 a
1531 4269 1928 4340 possidentibus
1956 4309 1969 4330 ,
2003 4266 2100 4320 nisi

535 4374 625 4444 qui
656 4373 769 4443 ipsa
799 4371 1016 4435 habent,
1053 4367 1220 4423 velint
1269 4364 1562 4434 periculum
1613 4361 1739 4428 pati.
1792 4364 1834 4414 A
1889 4359 2104 4412 nemine

535 4483 666 4537 ergo
717 4465 1049 4525 scribantur,
1101 4475 1272 4529 neque
1315 4457 1381 4510 ad
1431 4453 1897 4525 pulchritmlinem,
1933 4464 2105 4517 neque

537 4562 602 4616 ad
640 4559 973 4614 veloc:tatem
1002 4550 1370 4614 scribentium,
1401 4546 1621 4601 sciendo
1649 4543 1768 4613 quia
1818 4538 2106 4608 amputatio

533 4671 725 4719 manus
771 4653 852 4705 his
879 4651 965 4720 qui
1021 4648 1216 4714 scripta
1273 4643 1392 4713 ejus
1427 4640 1758 4708 scripserint,
1792 4649 1944 4704 [unua
1977 4634 2101 4720 erit,

542 4749 724 4818 Neque
757 4748 899 4800 enim
925 4742 1170 4794 volumus
1197 4740 1248 4791 in
1283 4735 1461 4789 futuro
1485 4744 1729 4800 tempore
1751 4743 1814 4783 ex

515 4816 834 4909 ’sphemiam
883 4831 1139 4901 protrahi.
1174 4826 1432 4884 Similiter
1455 4833 1629 4878 autem
1657 4831 1711 4875 et
1735 4819 1857 4873 huic
1888 4816 2109 4870 interdi-

543 4933 714 4986 cimus
765 4928 984 4981 omnino
1024 4921 1224 4992 regiam
1252 4919 1516 4974 civitatem
1550 4915 1777 4982 ingredi,
1806 4919 1894 4964 aut
1926 4909 2112 4962 distri-

544 5033 686 5079 ctum
715 5021 853 5091 ejus,
883 5032 980 5071 nec
1007 5015 1237 5084 aliquam
1270 5012 1426 5063 aliam
1474 5009 1540 5062 de
1589 5007 1907 5074 insignibus,
1937 5003 2028 5058 sed
2063 5002 2114 5054 in

545 5123 723 5194 aliqua
752 5117 1034 5173 solitudine
1059 5120 1114 5169 et
1140 5113 1191 5166 in
1223 5108 1434 5165 silentio
1463 5107 1652 5161 sedere
1672 5145 1687 5168 ,
1738 5113 1792 5157 et
1849 5116 1952 5155 non
1998 5115 2116 5152 cor-

546 5192 797 5283 rumpere
858 5219 1105 5272 cmteros,
1157 5217 1332 5274 neque
1361 5202 1412 5254 in
1436 5196 1819 5266 blasphemiam
1848 5195 1991 5263 ipsos
2023 5192 2117 5244 ad.

548 5310 776 5370 ducere,
809 5313 865 5358 et
909 5316 1015 5356 non
1043 5312 1256 5365 semper
1285 5291 1484 5361 aliquid
1517 5289 1637 5342 novi
1669 5285 1907 5341 invenire
1934 5293 2119 5336 contra

550 5415 674 5456 vera
713 5397 960 5465 dogmata
993 5432 1007 5456 ,
1056 5403 1154 5457 per
1185 5383 1325 5454 quod
1376 5394 1560 5435 rursus
1601 5377 1756 5431 nobis
1799 5372 2120 5429 conturbare

550 5490 914 5550 sanctissimas
945 5483 1216 5539 Ecclesias
1245 5476 1480 5533 festinet.

622 5584 753 5640 CAP.
795 5578 858 5635 ll.
889 5605 962 5618 —-
991 5575 1092 5630 Sed
1119 5586 1218 5626 nec
1243 5569 1456 5624 Petrum
1505 5565 1812 5632 episcopum
1843 5559 2082 5628 Apamia:
2105 5598 2119 5622 ,

551 5685 608 5734 et
631 5672 788 5732 simul
829 5669 896 5724 ab
926 5665 1078 5736 ipsis,
1109 5678 1140 5716 ο
1167 5661 1357 5731 quibus
1412 5657 1643 5712 Severus
1667 5694 1681 5719 ,
1739 5652 1838 5705 sub
1871 5649 2123 5717 praedicto

554 5763 896 5822 anathemate
947 5755 1200 5828 positum,
1253 5747 1533 5818 imperium
1589 5743 1863 5806 admittit,
1893 5741 1986 5795 sed
2021 5741 2128 5794 sint

557 5834 733 5914 valida
758 5867 875 5924 qua;
914 5857 1098 5905 contra
1127 5845 1301 5915 ipsum
1327 5839 1477 5895 fuere
1517 5845 1736 5892 statuta.
1784 5833 1856 5888 Et
1893 5831 1980 5901 qui
2029 5829 2128 5884 sub

558 5943 831 6009 communi
860 5939 1307 6000 anathematismo
1338 5931 1543 6005 positus
1571 5938 1675 5994 est,
1707 5926 1805 5984 sub
1830 5925 1948 5995 ipso
1969 5931 2084 5979 csto
2111 5937 2126 5989 ;

2197 3433 2430 3501 λίτευμα.
2457 3429 2615 3485 Ὠστε
2642 3435 2744 3484 καί
2768 3429 3152 3501 ἀπαγορεύομεν
3191 3427 3360 3480 ἅπασι
3387 3432 3486 3479 τῶν
3529 3426 3689 3477 αὐτοῦ
3726 3445 3779 3478 τι

2199 3522 2468 3579 κεκτῆσθαι
2493 3521 2716 3591 βιϐλίων.
2763 3523 2858 3572 Καὶ
2887 3521 3059 3592 ὥσπερ
3090 3518 3180 3570 οὐκ
3210 3513 3380 3578 ἔξεστι
3408 3516 3472 3568 τά
3499 3515 3776 3586 Νεστορίου

2197 3611 2424 3685 γράφειν,
2455 3610 2485 3669 ἢ
2514 3611 2788 3668 κεκτῆσθαι
2817 3609 3010 3682 βιϐλία,
3041 3606 3167 3663 διότι
3192 3614 3299 3666 τοῖς
3326 3606 3426 3678 πρὸ
3454 3606 3601 3676 ἡμῶν⁸
3619 3605 3781 3657 αύτορ

2198 3702 2487 3779 κράτορσιν,
2517 3702 2566 3754 ἐν
2595 3708 2713 3761 ταῖς
2754 3701 2945 3755 ἑαυτῶν
2971 3699 3278 3762 διατάξεσιν,
3311 3695 3446 3758 ἔδοξε
3491 3701 3596 3754 τοῖς
3637 3697 3782 3768 παρά

2200 3796 2478 3868 Πορφυρίου
2507 3794 2637 3846 κατά
2682 3798 2994 3865 Χριστιανῶν
3033 3791 3307 3865 εἰρημένοις
3348 3785 3496 3856 ὅμοια
3533 3787 3781 3839 καθεστά-

2201 3908 2303 3944 ναι,
2336 3885 2466 3939 οὕτω
2496 3889 2620 3955 μήτε
2646 3886 2713 3940 τά
2735 3889 2934 3959 Σευήρῳ
2964 3884 3178 3956 ρηθέντα
3201 3903 3276 3939 τε.
3306 3884 3390 3945 καί
3413 3881 3663 3956 γραφέντα
3691 3899 3785 3949 με·

2199 3976 2494 4051 νέτω-παρά
2524 3997 2619 4030 τινι
2648 3983 2956 4049 Χριστιανῷ,
2997 3975 3100 4028 ἀλλ’
3135 3973 3269 4028 ἔστω
3297 3971 3506 4042 βέϐηλοι,
3535 3973 3618 4022 καί
3643 3968 3786 4024 ἀλλό-

2202 4092 2320 4143 τρια
2347 4077 2437 4129 τῆς
2480 4070 2738 4127 καθολικῆς
2766 4069 3051 4132 ἐκκλησίας,
3093 4068 3220 4140 πυρί
3257 4086 3311 4119 τε
3355 4063 3603 4136 φλεγίσθω
3646 4063 3788 4136 παρά

2203 4170 2302 4216 τῶν
2330 4163 2658 4232 κεκτημένων.
2692 4163 2734 4212 εί
2773 4165 2845 4228 μὴ
2883 4159 3144 4229 βούλονται
3192 4154 3494 4208 κινδυνεύειν
3533 4153 3576 4205 οἱ
3621 4160 3790 4206 ταίτα

2205 4252 2438 4325 ἔχοντες.
2484 4253 2755 4325 Γραφέσθω
2797 4270 2850 4304 τε
2898 4250 3039 4322 παρὰ
3081 4245 3288 4317 μηδενὸς
3328 4246 3386 4298 τὸ
3429 4243 3619 4306 λοιπὸν,
3663 4241 3790 4312 μηδέ

2204 4356 2301 4402 τῶν
2330 4350 2400 4407 είς
2445 4346 2642 4407 κάλλος,
2677 4341 2804 4412 μηδὲ
2850 4350 2948 4396 τῶν
2995 4343 3066 4401 εἰς
3094 4341 3260 4408 τάχος
3306 4335 3612 4408 γραφόντων,
3663 4333 3793 4404 μηδὲ

2206 4437 2352 4492 ἄλλου
2397 4439 2528 4496 τινδς
2569 4443 2669 4489 τῶν
2716 4436 2944 4492 πάντων,
2993 4429 3184 4489 εἰδότος
3232 4429 3299 4486 ὡς
3343 4428 3578 4482 ἀποκοπὴ
3611 4427 3792 4497 χειρὸς

2206 4530 2353 4586 ἔσται
2381 4539 2490 4591 τοῖς
2514 4531 2582 4584 τά
2609 4531 2798 4583 ἐκείνου
2824 4528 3100 4597 γράφουσιν
3129 4524 3160 4579 ἡ
3186 4524 3350 4577 ποινή.
3385 4517 3514 4573 Οὐδὲ
3539 4518 3637 4592 γάρ
3666 4519 3791 4588 ῥου-

2205 4624 2391 4694 λόμεθα
2419 4625 2500 4676 καί
2527 4628 2601 4693 τῷ
2635 4619 2914 4687 λειπομένῳ
2955 4615 3129 4686 χρόνῳ
3167 4618 3257 4669 τήν
3301 4612 3349 4674 ἐξ
3383 4611 3577 4663 ἰκείνων
3609 4611 3794 4662 ἐπισύ-

1854 4727 1958 4781 illis
1999 4705 2108 4778 hia-
2143 4716 2188 4774 D
2215 4715 2391 4786 ρισθαι
2416 4713 2757 4783 βλασςημίαν.
2791 4707 3002 4775 Ὀμοίως
3033 4703 3086 4758 δὲ
3131 4702 3192 4761 δή
3219 4704 3303 4756 καί
3330 4706 3509 4754 τοῦτον
3539 4699 3795 4756 παντοίως

2216 4805 2595 4873 ἀπαγορεύσειεν
2625 4816 2713 4860 τῆς
2735 4796 2992 4870 βασιλίδος
3021 4794 3292 4849 ἐπιϐαίνειν
3320 4789 3510 4850 πόλεως
3529 4787 3558 4846 ἣ
3592 4808 3793 4860 περιοι-

2214 4896 2348 4956 κίδος
2388 4897 2566 4958 αὐτῆς,
2601 4891 2750 4949 άλλης
2779 4911 2830 4943 τε
2863 4897 2960 4943 τῶν
3006 4888 3384 4959 ἐπίσημοι-ἐρῶν
3423 4886 3574 4951 τινὸς,
3605 4883 3707 4936 ἀλλ’
3747 4887 3797 4936 ἑν

2218 4995 2398 5063 ἐρημίᾳ
2428 4991 2544 5050 τινί,
2587 4988 2672 5039 καί
2714 4986 2914 5055 ἡσυχίᾳ
2963 4981 3230 5040 καθῆσθαι,
3274 4983 3355 5032 καί
3383 4983 3452 5047 μὴ
3494 4975 3794 5047 διαφθείρειν

2216 5083 2440 5152 ἑτέρους,
2485 5075 2609 5147 μηδὶ
2643 5078 2713 5134 εἰς
2759 5074 3074 5143 βλασφημίαν
3125 5071 3308 5128 αὐτοὺς
3354 5068 3617 5142 προάγειν,
3664 5064 3791 5133 μηδὲ

2216 5176 2293 5226 ἀεί
2320 5193 2370 5224 τι
2398 5169 2563 5223 καινόν
2587 5166 2888 5237 ἐξευρίσκειν
2913 5163 3044 5217 κατὰ
3069 5168 3168 5216 τῶν
3191 5160 3382 5216 ἀληθῶν
3405 5157 3692 5228 δογμάτων,
3726 5157 3795 5208 δι’

2219 5261 2277 5318 οὗ
2323 5263 2470 5316 πάλιν
2520 5261 2636 5330 ἡμῖν
2682 5257 2995 5330 συνταράξαι
3044 5253 3135 5311 τὰς
3183 5250 3470 5324 ἁγιωτάτας
3529 5249 3795 5306 ἐκκλησίας

2221 5355 2510 5410 σπεύσειεν.

2297 5554 2368 5606 Οὐ
2411 5556 2506 5621 μήν
2548 5545 2662 5601 οὐδέ
2694 5545 2878 5615 Πέτρον
2901 5539 2985 5593 τόν
3013 5537 3289 5606 Ἀπαμςέας
3313 5531 3570 5605 γενόμενον
3601 5528 3807 5580 ἐπίσκο-

2231 5667 2343 5706 πον,
2373 5644 2459 5697 καί
2500 5639 2606 5709 ἅμα
2637 5640 2724 5706 μὲν
2751 5632 3104 5710 καθῃρημένον,
3137 5626 3244 5699 ἅμα
3273 5624 3326 5679 δὲ
3366 5621 3449 5678 ίπί
3493 5628 3599 5679 τοῖς
3639 5621 3808 5677 αὐτοῖς

2233 5732 2302 5807 ἐφ’
2327 5731 2398 5793 οἷς
2425 5739 2635 5805 Σευῆρος
2675 5726 2775 5780 ὑπὸ
2819 5725 2876 5779 τό
2919 5721 3173 5792 εἰρημένον
3201 5717 3422 5787 ἀνάθεμα
3465 5709 3742 5786 γενόμενον,
3775 5710 3809 5766 ἦ

2233 5827 2470 5898 βασιλεία
2498 5819 2784 5896 προσίεται,
2815 5815 2917 5869 ἀλλ’
2948 5812 3080 5867 ἔστω
3110 5811 3262 5886 κυρία
3287 5810 3370 5862 καί
3395 5808 3461 5860 τά
3502 5803 3617 5858 κατ’
3649 5802 3808 5856 αὐτοῦ

2237 5914 2564 5990 ψηφισθέντα.
2597 5911 2699 5964 Καί
2724 5907 2825 5964 ὑπὸ
2849 5906 2930 5962 τὸν
2954 5903 3110 5960 κοινόν
3133 5901 3348 5971 ταχθείς
3377 5891 3808 5965 ἀναθεματισμίιν,
