  <div class='ocr_page' id='page_1' title='image "/cluster/home/n/w/nwhite01/storage/ocr_20150623/86:1/hvd.32044019208909/558.png"; bbox 0 0 4088 6560; ppageno 0'>
   <div class='ocr_carea' id='block_1_1' title="bbox 376 490 506 559">
    <p class='ocr_par' dir='ltr' id='par_1_1' title="bbox 376 490 506 559">
     <span class='ocr_line' id='line_1_1' title="bbox 376 490 506 559; baseline 0 -2"><span class='ocrx_word' id='word_1_1' title='bbox 376 490 506 559; x_wconf 87' lang='grc'><strong>1101</strong></span> 
     </span>
    </p>
   </div>
   <div class='ocr_carea' id='block_1_2' title="bbox 1595 486 2428 555">
    <p class='ocr_par' dir='ltr' id='par_1_2' title="bbox 1595 486 2428 555">
     <span class='ocr_line' id='line_1_2' title="bbox 1595 486 2428 555; baseline -0.002 -2"><span class='ocrx_word' id='word_1_2' title='bbox 1595 493 1893 554; x_wconf 81' lang='lat' dir='ltr'><strong>CONTRA</strong></span> <span class='ocrx_word' id='word_1_3' title='bbox 1932 486 2428 555; x_wconf 73' lang='lat' dir='ltr'><strong>SEVERIANOS.</strong></span> 
     </span>
    </p>
   </div>
   <div class='ocr_carea' id='block_1_3' title="bbox 3498 484 3630 547">
    <p class='ocr_par' dir='ltr' id='par_1_3' title="bbox 3498 484 3630 547">
     <span class='ocr_line' id='line_1_3' title="bbox 3498 484 3630 547; baseline -0.008 -2"><span class='ocrx_word' id='word_1_4' title='bbox 3498 484 3630 547; x_wconf 73' lang='lat'><strong>110?.</strong></span> 
     </span>
    </p>
   </div>
   <div class='ocr_carea' id='block_1_4' title="bbox 383 606 1982 687">
    <p class='ocr_par' dir='ltr' id='par_1_4' title="bbox 383 610 1957 687">
     <span class='ocr_line' id='line_1_4' title="bbox 383 610 1957 687; baseline -0.01 -12"><span class='ocrx_word' id='word_1_5' title='bbox 383 619 469 675; x_wconf 68' lang='grc' dir='ltr'><strong>ὑπ’</strong></span> <span class='ocrx_word' id='word_1_6' title='bbox 496 619 644 674; x_wconf 75' lang='grc' dir='ltr'><strong>αὐτὸν</strong></span> <span class='ocrx_word' id='word_1_7' title='bbox 685 616 840 680; x_wconf 74' lang='grc' dir='ltr'><strong>ἴστω.</strong></span> <span class='ocrx_word' id='word_1_8' title='bbox 872 624 960 675; x_wconf 70' lang='grc' dir='ltr'><strong>τῆς</strong></span> <span class='ocrx_word' id='word_1_9' title='bbox 1000 622 1099 671; x_wconf 79' lang='grc' dir='ltr'><strong>τῶν</strong></span> <span class='ocrx_word' id='word_1_10' title='bbox 1142 613 1434 687; x_wconf 65' lang='grc' dir='ltr'><strong>ἁγιωτάτων</strong></span> <span class='ocrx_word' id='word_1_11' title='bbox 1461 613 1748 687; x_wconf 77' lang='grc' dir='ltr'><strong>ἀρχιερέων</strong></span> <span class='ocrx_word' id='word_1_12' title='bbox 1775 610 1957 683; x_wconf 81' lang='grc' dir='ltr'><strong>προελ-</strong></span> 
     </span>
    </p>
   </div>
   <div class='ocr_carea' id='block_1_5' title="bbox 2085 606 3623 687">
    <p class='ocr_par' dir='ltr' id='par_1_5' title="bbox 2085 606 3623 674">
     <span class='ocr_line' id='line_1_5' title="bbox 2085 606 3623 674; baseline 0.003 -20"><span class='ocrx_word' id='word_1_13' title='bbox 2085 616 2113 657; x_wconf 75' lang='grc' dir='ltr'><strong>ει</strong></span> <span class='ocrx_word' id='word_1_14' title='bbox 2141 606 2404 662; x_wconf 73' lang='lat' dir='ltr'><strong>sententia</strong></span> <span class='ocrx_word' id='word_1_15' title='bbox 2434 606 2890 661; x_wconf 85' lang='lat' dir='ltr'><strong>sanctissimorum</strong></span> <span class='ocrx_word' id='word_1_16' title='bbox 2922 606 3228 674; x_wconf 82' lang='lat' dir='ltr'><strong>pontiﬁcum</strong></span> <span class='ocrx_word' id='word_1_17' title='bbox 3260 649 3273 671; x_wconf 91' lang='lat'><strong>,</strong></span> <span class='ocrx_word' id='word_1_18' title='bbox 3303 620 3420 674; x_wconf 75' lang='lat' dir='ltr'><strong>qtm</strong></span> <span class='ocrx_word' id='word_1_19' title='bbox 3452 622 3623 672; x_wconf 71' lang='lat' dir='ltr'><strong>usum</strong></span> 
     </span>
    </p>
   </div>
   <div class='ocr_carea' id='block_1_6' title="bbox 384 700 1956 783">
    <p class='ocr_par' dir='ltr' id='par_1_6' title="bbox 384 700 1956 783">
     <span class='ocr_line' id='line_1_6' title="bbox 384 700 1956 783; baseline -0.01 -17"><span class='ocrx_word' id='word_1_20' title='bbox 384 713 567 769; x_wconf 82' lang='grc' dir='ltr'><strong>θούσης</strong></span> <span class='ocrx_word' id='word_1_21' title='bbox 596 707 675 763; x_wconf 77' lang='grc' dir='ltr'><strong>ἐπ’</strong></span> <span class='ocrx_word' id='word_1_22' title='bbox 698 710 871 768; x_wconf 76' lang='grc' dir='ltr'><strong>αὐτοῖς</strong></span> <span class='ocrx_word' id='word_1_23' title='bbox 900 707 1065 778; x_wconf 61' lang='grc' dir='ltr'><strong>ψήφου</strong></span> <span class='ocrx_word' id='word_1_24' title='bbox 1093 707 1269 783; x_wconf 88' lang='grc' dir='ltr'><strong>κυρίας</strong></span> <span class='ocrx_word' id='word_1_25' title='bbox 1304 703 1657 774; x_wconf 78' lang='grc' dir='ltr'><strong>διαμενούσης.</strong></span> <span class='ocrx_word' id='word_1_26' title='bbox 1698 702 1796 754; x_wconf 83' lang='grc' dir='ltr'><strong>Οὐκ</strong></span> <span class='ocrx_word' id='word_1_27' title='bbox 1832 700 1956 770; x_wconf 79' lang='grc' dir='ltr'><strong>ἐφίε-</strong></span> 
     </span>
    </p>
   </div>
   <div class='ocr_carea' id='block_1_7' title="bbox 386 789 1957 874">
    <p class='ocr_par' dir='ltr' id='par_1_7' title="bbox 386 789 1957 874">
     <span class='ocr_line' id='line_1_7' title="bbox 386 789 1957 874; baseline -0.009 -18"><span class='ocrx_word' id='word_1_28' title='bbox 386 825 473 874; x_wconf 75' lang='grc' dir='ltr'><strong>μεν</strong></span> <span class='ocrx_word' id='word_1_29' title='bbox 500 801 551 857; x_wconf 82' lang='grc' dir='ltr'><strong>δέ</strong></span> <span class='ocrx_word' id='word_1_30' title='bbox 595 798 711 856; x_wconf 76' lang='grc' dir='ltr'><strong>οὐδὲ</strong></span> <span class='ocrx_word' id='word_1_31' title='bbox 753 802 916 869; x_wconf 80' lang='grc' dir='ltr'><strong>ἐκείνῳ</strong></span> <span class='ocrx_word' id='word_1_32' title='bbox 958 800 1145 856; x_wconf 86' lang='grc' dir='ltr'><strong>ταύτην</strong></span> <span class='ocrx_word' id='word_1_33' title='bbox 1182 800 1327 852; x_wconf 78' lang='grc' dir='ltr'><strong>οἰκεῖν</strong></span> <span class='ocrx_word' id='word_1_34' title='bbox 1354 801 1442 855; x_wconf 76' lang='grc' dir='ltr'><strong>τήν</strong></span> <span class='ocrx_word' id='word_1_35' title='bbox 1474 792 1713 866; x_wconf 85' lang='grc' dir='ltr'><strong>βασιλίδα</strong></span> <span class='ocrx_word' id='word_1_36' title='bbox 1739 792 1898 850; x_wconf 85' lang='grc' dir='ltr'><strong>πόλιν,</strong></span> <span class='ocrx_word' id='word_1_37' title='bbox 1928 789 1957 848; x_wconf 74' lang='grc' dir='ltr'>ἦ</span> 
     </span>
    </p>
   </div>
   <div class='ocr_carea' id='block_1_8' title="bbox 385 877 1959 967">
    <p class='ocr_par' dir='ltr' id='par_1_8' title="bbox 385 877 1959 967">
     <span class='ocr_line' id='line_1_8' title="bbox 385 877 1959 967; baseline -0.01 -20"><span class='ocrx_word' id='word_1_38' title='bbox 385 900 474 953; x_wconf 76' lang='grc' dir='ltr'><strong>τήν</strong></span> <span class='ocrx_word' id='word_1_39' title='bbox 510 894 669 952; x_wconf 68' lang='grc' dir='ltr'><strong>αὐτῆς</strong></span> <span class='ocrx_word' id='word_1_40' title='bbox 712 887 1013 967; x_wconf 77' lang='grc' dir='ltr'><strong>περιοικίδα,</strong></span> <span class='ocrx_word' id='word_1_41' title='bbox 1057 888 1087 946; x_wconf 75' lang='grc' dir='ltr'><strong><em>ἦ</em></strong></span> <span class='ocrx_word' id='word_1_42' title='bbox 1109 907 1220 943; x_wconf 81' lang='grc' dir='ltr'><strong>τινα</strong></span> <span class='ocrx_word' id='word_1_43' title='bbox 1246 895 1344 941; x_wconf 72' lang='grc' dir='ltr'><strong>τᾶν</strong></span> <span class='ocrx_word' id='word_1_44' title='bbox 1382 886 1718 957; x_wconf 81' lang='grc' dir='ltr'><strong>σεμνοτέρων,</strong></span> <span class='ocrx_word' id='word_1_45' title='bbox 1761 881 1866 936; x_wconf 79' lang='grc' dir='ltr'><strong>ἀλλ’</strong></span> <span class='ocrx_word' id='word_1_46' title='bbox 1894 877 1959 932; x_wconf 86' lang='grc' dir='ltr'><strong>ὦν</strong></span> 
     </span>
    </p>
   </div>
   <div class='ocr_carea' id='block_1_9' title="bbox 387 971 1957 1056">
    <p class='ocr_par' dir='ltr' id='par_1_9' title="bbox 387 971 1957 1056">
     <span class='ocr_line' id='line_1_9' title="bbox 387 971 1957 1056; baseline -0.013 -12"><span class='ocrx_word' id='word_1_47' title='bbox 387 984 689 1044; x_wconf 69' lang='grc' dir='ltr'><strong>ἠκολούθησε</strong></span> <span class='ocrx_word' id='word_1_48' title='bbox 716 990 779 1056; x_wconf 77' lang='grc' dir='ltr'><strong>τῇ</strong></span> <span class='ocrx_word' id='word_1_49' title='bbox 805 980 989 1049; x_wconf 77' lang='grc' dir='ltr'><strong>πλάνῃ,</strong></span> <span class='ocrx_word' id='word_1_50' title='bbox 1025 980 1219 1034; x_wconf 84' lang='grc' dir='ltr'><strong>τούτων</strong></span> <span class='ocrx_word' id='word_1_51' title='bbox 1246 978 1493 1048; x_wconf 77' lang='grc' dir='ltr'><strong>μιμείσθω</strong></span> <span class='ocrx_word' id='word_1_52' title='bbox 1517 978 1600 1029; x_wconf 87' lang='grc' dir='ltr'><strong>καί</strong></span> <span class='ocrx_word' id='word_1_53' title='bbox 1628 978 1715 1031; x_wconf 79' lang='grc' dir='ltr'><strong>την</strong></span> <span class='ocrx_word' id='word_1_54' title='bbox 1741 971 1957 1032; x_wconf 84' lang='grc' dir='ltr'><strong>δίαιταν,</strong></span> 
     </span>
    </p>
   </div>
   <div class='ocr_carea' id='block_1_10' title="bbox 390 1062 1963 1145">
    <p class='ocr_par' dir='ltr' id='par_1_10' title="bbox 390 1062 1963 1145">
     <span class='ocr_line' id='line_1_10' title="bbox 390 1062 1963 1145; baseline -0.011 -16"><span class='ocrx_word' id='word_1_55' title='bbox 390 1075 740 1145; x_wconf 74' lang='grc' dir='ltr'><strong>ἀπῳκισμένος</strong></span> <span class='ocrx_word' id='word_1_56' title='bbox 771 1071 850 1126; x_wconf 82' lang='grc' dir='ltr'><strong>ὅτι</strong></span> <span class='ocrx_word' id='word_1_57' title='bbox 890 1070 1229 1142; x_wconf 73' lang='grc' dir='ltr'><strong>ποὸρῖωτάτω,</strong></span> <span class='ocrx_word' id='word_1_58' title='bbox 1274 1070 1359 1122; x_wconf 82' lang='grc' dir='ltr'><strong>καί</strong></span> <span class='ocrx_word' id='word_1_59' title='bbox 1397 1066 1629 1141; x_wconf 82' lang='grc' dir='ltr'><strong>κρύπτων</strong></span> <span class='ocrx_word' id='word_1_60' title='bbox 1660 1062 1853 1125; x_wconf 84' lang='grc' dir='ltr'><strong>ἑαυτὸν,</strong></span> <span class='ocrx_word' id='word_1_61' title='bbox 1895 1063 1963 1119; x_wconf 81' lang='grc' dir='ltr'><strong>ὡς</strong></span> 
     </span>
    </p>
   </div>
   <div class='ocr_carea' id='block_1_11' title="bbox 392 1156 1965 1237">
    <p class='ocr_par' dir='ltr' id='par_1_11' title="bbox 392 1156 1965 1237">
     <span class='ocr_line' id='line_1_11' title="bbox 392 1156 1965 1237; baseline -0.01 -15"><span class='ocrx_word' id='word_1_62' title='bbox 392 1176 497 1227; x_wconf 83' lang='grc' dir='ltr'><strong>τοῖς</strong></span> <span class='ocrx_word' id='word_1_63' title='bbox 523 1187 582 1237; x_wconf 70' lang='grc' dir='ltr'><strong>γε</strong></span> <span class='ocrx_word' id='word_1_64' title='bbox 620 1166 869 1223; x_wconf 75' lang='grc' dir='ltr'><strong>τοιούτοις</strong></span> <span class='ocrx_word' id='word_1_65' title='bbox 912 1164 970 1219; x_wconf 82' lang='grc' dir='ltr'><strong>τὸ</strong></span> <span class='ocrx_word' id='word_1_66' title='bbox 1010 1161 1324 1236; x_wconf 82' lang='grc' dir='ltr'><strong>κρύπτεσθαι</strong></span> <span class='ocrx_word' id='word_1_67' title='bbox 1372 1158 1552 1230; x_wconf 82' lang='grc' dir='ltr'><strong>μᾶλλον</strong></span> <span class='ocrx_word' id='word_1_68' title='bbox 1578 1163 1667 1211; x_wconf 88' lang='grc' dir='ltr'><strong>τοῦ</strong></span> <span class='ocrx_word' id='word_1_69' title='bbox 1707 1156 1965 1225; x_wconf 76' lang='grc' dir='ltr'><strong>φαίνεσθαι</strong></span> 
     </span>
    </p>
   </div>
   <div class='ocr_carea' id='block_1_12' title="bbox 391 1246 1966 1328">
    <p class='ocr_par' dir='ltr' id='par_1_12' title="bbox 391 1246 1966 1328">
     <span class='ocr_line' id='line_1_12' title="bbox 391 1246 1966 1328; baseline -0.008 -18"><span class='ocrx_word' id='word_1_70' title='bbox 391 1256 828 1328; x_wconf 79' lang='grc' dir='ltr'><strong>λυσιτελέστερον.</strong></span> <span class='ocrx_word' id='word_1_71' title='bbox 860 1251 1086 1323; x_wconf 77' lang='grc' dir='ltr'><strong>’Δφανεῐς</strong></span> <span class='ocrx_word' id='word_1_72' title='bbox 1129 1253 1219 1320; x_wconf 88' lang='grc' dir='ltr'><strong>μὲν</strong></span> <span class='ocrx_word' id='word_1_73' title='bbox 1249 1251 1345 1321; x_wconf 82' lang='grc' dir='ltr'><strong>γὰρ</strong></span> <span class='ocrx_word' id='word_1_74' title='bbox 1377 1246 1513 1308; x_wconf 86' lang='grc' dir='ltr'><strong>ίντες</strong></span> <span class='ocrx_word' id='word_1_75' title='bbox 1554 1248 1763 1307; x_wconf 75' lang='grc' dir='ltr'><strong>ἑαυτοὺς</strong></span> <span class='ocrx_word' id='word_1_76' title='bbox 1809 1266 1966 1299; x_wconf 80' lang='grc' dir='ltr'><strong>κατα-</strong></span> 
     </span>
    </p>
   </div>
   <div class='ocr_carea' id='block_1_13' title="bbox 396 1333 1966 1417">
    <p class='ocr_par' dir='ltr' id='par_1_13' title="bbox 396 1333 1966 1417">
     <span class='ocr_line' id='line_1_13' title="bbox 396 1333 1966 1417; baseline -0.009 -16"><span class='ocrx_word' id='word_1_77' title='bbox 396 1345 653 1417; x_wconf 66' lang='grc' dir='ltr'><strong>ϐλάψουσι</strong></span> <span class='ocrx_word' id='word_1_78' title='bbox 681 1346 859 1413; x_wconf 81' lang='grc' dir='ltr'><strong>μόνους</strong></span> <span class='ocrx_word' id='word_1_79' title='bbox 881 1359 893 1371; x_wconf 90' lang='grc'><strong>·</strong></span> <span class='ocrx_word' id='word_1_80' title='bbox 926 1341 1315 1411; x_wconf 86' lang='grc' dir='ltr'><strong>δημοσιεύοντες</strong></span> <span class='ocrx_word' id='word_1_81' title='bbox 1341 1338 1393 1394; x_wconf 78' lang='grc' dir='ltr'><strong>δὲ</strong></span> <span class='ocrx_word' id='word_1_82' title='bbox 1421 1340 1486 1393; x_wconf 80' lang='grc' dir='ltr'><strong>τὰ</strong></span> <span class='ocrx_word' id='word_1_83' title='bbox 1508 1337 1701 1391; x_wconf 77' lang='grc' dir='ltr'><strong>ἑαυτῶν</strong></span> <span class='ocrx_word' id='word_1_84' title='bbox 1734 1333 1966 1407; x_wconf 75' lang='grc' dir='ltr'><strong>δόγματα</strong></span> 
     </span>
    </p>
   </div>
   <div class='ocr_carea' id='block_1_14' title="bbox 396 1426 1964 1504">
    <p class='ocr_par' dir='ltr' id='par_1_14' title="bbox 396 1426 1964 1504">
     <span class='ocr_line' id='line_1_14' title="bbox 396 1426 1964 1504; baseline -0.01 -14"><span class='ocrx_word' id='word_1_85' title='bbox 396 1436 721 1495; x_wconf 55' lang='grc' dir='ltr'><strong>πολλοῖςιτῶν</strong></span> <span class='ocrx_word' id='word_1_86' title='bbox 749 1433 1089 1504; x_wconf 63' lang='grc' dir='ltr'><strong>άφελεστίρων</strong></span> <span class='ocrx_word' id='word_1_87' title='bbox 1117 1431 1338 1502; x_wconf 65' lang='grc' dir='ltr'><strong>ἀφορμήν</strong></span> <span class='ocrx_word' id='word_1_88' title='bbox 1357 1430 1605 1487; x_wconf 82' lang='grc' dir='ltr'><strong>ἀπωλείας</strong></span> <span class='ocrx_word' id='word_1_89' title='bbox 1626 1426 1964 1502; x_wconf 72' lang='grc' dir='ltr'><strong>παρέχουσιν,</strong></span> 
     </span>
    </p>
   </div>
   <div class='ocr_carea' id='block_1_15' title="bbox 402 1518 1968 1598">
    <p class='ocr_par' dir='ltr' id='par_1_15' title="bbox 402 1518 1968 1598">
     <span class='ocr_line' id='line_1_15' title="bbox 402 1518 1968 1598; baseline -0.011 -14"><span class='ocrx_word' id='word_1_90' title='bbox 402 1528 529 1598; x_wconf 82' lang='grc' dir='ltr'><strong>ὅπερ</strong></span> <span class='ocrx_word' id='word_1_91' title='bbox 560 1525 666 1581; x_wconf 74' lang='grc' dir='ltr'><strong>κατ’</strong></span> <span class='ocrx_word' id='word_1_92' title='bbox 715 1523 895 1580; x_wconf 67' lang='grc' dir='ltr'><strong>οϋδένα</strong></span> <span class='ocrx_word' id='word_1_93' title='bbox 922 1524 1151 1594; x_wconf 85' lang='grc' dir='ltr'><strong>γίνεσθαι</strong></span> <span class='ocrx_word' id='word_1_94' title='bbox 1190 1522 1374 1593; x_wconf 87' lang='grc' dir='ltr'><strong>τρόπον</strong></span> <span class='ocrx_word' id='word_1_95' title='bbox 1439 1518 1487 1569; x_wconf 75' lang='grc' dir='ltr'><strong>ἐν</strong></span> <span class='ocrx_word' id='word_1_96' title='bbox 1532 1526 1593 1587; x_wconf 73' lang='grc' dir='ltr'><strong>τῇ</strong></span> <span class='ocrx_word' id='word_1_97' title='bbox 1641 1522 1968 1590; x_wconf 80' lang='grc' dir='ltr'><strong>Χριστιανικῇ</strong></span> 
     </span>
    </p>
   </div>
   <div class='ocr_carea' id='block_1_16' title="bbox 396 1606 1963 1689">
    <p class='ocr_par' dir='ltr' id='par_1_16' title="bbox 396 1606 1963 1689">
     <span class='ocr_line' id='line_1_16' title="bbox 396 1606 1963 1689; baseline -0.01 -15"><span class='ocrx_word' id='word_1_98' title='bbox 396 1626 487 1675; x_wconf 90' lang='grc' dir='ltr'><strong>τοῦ</strong></span> <span class='ocrx_word' id='word_1_99' title='bbox 518 1623 642 1672; x_wconf 89' lang='grc' dir='ltr'><strong>Θεοῦ</strong></span> <span class='ocrx_word' id='word_1_100' title='bbox 673 1619 883 1689; x_wconf 72' lang='grc' dir='ltr'><strong>ποίμνη,</strong></span> <span class='ocrx_word' id='word_1_101' title='bbox 931 1617 1010 1667; x_wconf 86' lang='grc' dir='ltr'><strong>καί</strong></span> <span class='ocrx_word' id='word_1_102' title='bbox 1052 1620 1124 1681; x_wconf 80' lang='grc' dir='ltr'><strong>τῷ</strong></span> <span class='ocrx_word' id='word_1_103' title='bbox 1169 1607 1413 1684; x_wconf 80' lang='grc' dir='ltr'><strong>ὀρθοδόξῳ</strong></span> <span class='ocrx_word' id='word_1_104' title='bbox 1459 1609 1565 1680; x_wconf 83' lang='grc' dir='ltr'><strong>λαῷ</strong></span> <span class='ocrx_word' id='word_1_105' title='bbox 1593 1606 1782 1663; x_wconf 82' lang='grc' dir='ltr'><strong>δίκαιόν</strong></span> <span class='ocrx_word' id='word_1_106' title='bbox 1811 1607 1963 1671; x_wconf 71' lang='grc' dir='ltr'><strong>ἔστιν,</strong></span> 
     </span>
    </p>
   </div>
   <div class='ocr_carea' id='block_1_17' title="bbox 391 1701 1552 1783">
    <p class='ocr_par' dir='ltr' id='par_1_17' title="bbox 391 1701 1552 1783">
     <span class='ocr_line' id='line_1_17' title="bbox 391 1701 1552 1783; baseline -0.014 -17"><span class='ocrx_word' id='word_1_107' title='bbox 391 1708 507 1766; x_wconf 81' lang='grc' dir='ltr'><strong>οὐδέ</strong></span> <span class='ocrx_word' id='word_1_108' title='bbox 537 1710 677 1783; x_wconf 77' lang='grc' dir='ltr'><strong>παρά</strong></span> <span class='ocrx_word' id='word_1_109' title='bbox 697 1715 787 1767; x_wconf 83' lang='grc' dir='ltr'><strong>τῆς</strong></span> <span class='ocrx_word' id='word_1_110' title='bbox 814 1705 1074 1775; x_wconf 72' lang='grc' dir='ltr'><strong>βασιλείας</strong></span> <span class='ocrx_word' id='word_1_111' title='bbox 1097 1701 1552 1776; x_wconf 76' lang='grc' dir='ltr'><strong>συγχωρούμενον.</strong></span> 
     </span>
    </p>
   </div>
   <div class='ocr_carea' id='block_1_18' title="bbox 463 1809 1971 1891">
    <p class='ocr_par' dir='ltr' id='par_1_18' title="bbox 463 1809 1971 1891">
     <span class='ocr_line' id='line_1_18' title="bbox 463 1809 1971 1891; baseline -0.009 -18"><span class='ocrx_word' id='word_1_112' title='bbox 463 1823 599 1873; x_wconf 75' lang='grc' dir='ltr'><strong>Ἐπεί</strong></span> <span class='ocrx_word' id='word_1_113' title='bbox 625 1818 678 1872; x_wconf 72' lang='grc' dir='ltr'><strong>δὲ</strong></span> <span class='ocrx_word' id='word_1_114' title='bbox 705 1820 789 1871; x_wconf 82' lang='grc' dir='ltr'><strong>καί</strong></span> <span class='ocrx_word' id='word_1_115' title='bbox 818 1816 1015 1891; x_wconf 82' lang='grc' dir='ltr'><strong>Ζωόραν</strong></span> <span class='ocrx_word' id='word_1_116' title='bbox 1045 1816 1265 1877; x_wconf 74' lang='grc' dir='ltr'><strong>ἠξίωσαν</strong></span> <span class='ocrx_word' id='word_1_117' title='bbox 1294 1809 1417 1870; x_wconf 78' lang='grc' dir='ltr'><strong>ὅλως</strong></span> <span class='ocrx_word' id='word_1_118' title='bbox 1442 1810 1541 1864; x_wconf 59' lang='grc' dir='ltr'><strong>ἐπὸ</strong></span> <span class='ocrx_word' id='word_1_119' title='bbox 1562 1809 1971 1880; x_wconf 83' lang='grc' dir='ltr'><strong>άναθεματεσμόν</strong></span> 
     </span>
    </p>
   </div>
   <div class='ocr_carea' id='block_1_19' title="bbox 390 1890 1971 1977">
    <p class='ocr_par' dir='ltr' id='par_1_19' title="bbox 390 1900 1971 1977">
     <span class='ocr_line' id='line_1_19' title="bbox 390 1900 1971 1977; baseline -0.008 -13"><span class='ocrx_word' id='word_1_120' title='bbox 390 1911 441 1965; x_wconf 70' lang='grc' dir='ltr'><strong>οἱ</strong></span> <span class='ocrx_word' id='word_1_121' title='bbox 474 1911 906 1977; x_wconf 59' lang='grc' dir='ltr'><strong>σεϐασμιώτατοι.</strong></span> <span class='ocrx_word' id='word_1_122' title='bbox 957 1908 1042 1959; x_wconf 89' lang='grc' dir='ltr'><strong>καί</strong></span> <span class='ocrx_word' id='word_1_123' title='bbox 1088 1906 1153 1959; x_wconf 86' lang='grc' dir='ltr'><strong>τά</strong></span> <span class='ocrx_word' id='word_1_124' title='bbox 1194 1902 1368 1958; x_wconf 86' lang='grc' dir='ltr'><strong>δίκαια</strong></span> <span class='ocrx_word' id='word_1_125' title='bbox 1406 1904 1662 1975; x_wconf 87' lang='grc' dir='ltr'><strong>κρίναντες</strong></span> <span class='ocrx_word' id='word_1_126' title='bbox 1706 1900 1971 1954; x_wconf 83' lang='grc' dir='ltr'><strong>ἐπίσκοποι</strong></span> 
     </span>
    </p>
   </div>
   <div class='ocr_carea' id='block_1_20' title="bbox 2061 695 3629 766">
    <p class='ocr_par' dir='ltr' id='par_1_20' title="bbox 2061 695 3629 766">
     <span class='ocr_line' id='line_1_20' title="bbox 2061 695 3629 766; baseline 0 -17"><span class='ocrx_word' id='word_1_127' title='bbox 2061 697 2339 764; x_wconf 75' lang='lat' dir='ltr'><strong>praevenit,</strong></span> <span class='ocrx_word' id='word_1_128' title='bbox 2372 696 2521 750; x_wconf 97' lang='lat' dir='ltr'><strong>ﬁrma</strong></span> <span class='ocrx_word' id='word_1_129' title='bbox 2556 706 2884 765; x_wconf 86' lang='lat' dir='ltr'><strong>permaneto.</strong></span> <span class='ocrx_word' id='word_1_130' title='bbox 2915 696 3095 766; x_wconf 81' lang='lat' dir='ltr'><strong>Neque</strong></span> <span class='ocrx_word' id='word_1_131' title='bbox 3125 712 3251 751; x_wconf 88' lang='lat' dir='ltr'><strong>vero</strong></span> <span class='ocrx_word' id='word_1_132' title='bbox 3275 695 3629 766; x_wconf 70' lang='lat' dir='ltr'><strong>permittimus</strong></span> 
     </span>
    </p>
   </div>
   <div class='ocr_carea' id='block_1_21' title="bbox 2061 785 3632 856">
    <p class='ocr_par' dir='ltr' id='par_1_21' title="bbox 2061 785 3632 856">
     <span class='ocr_line' id='line_1_21' title="bbox 2061 785 3632 856; baseline -0.001 -16"><span class='ocrx_word' id='word_1_133' title='bbox 2061 786 2135 840; x_wconf 89' lang='lat' dir='ltr'><strong>illi</strong></span> <span class='ocrx_word' id='word_1_134' title='bbox 2170 786 2305 842; x_wconf 87' lang='lat' dir='ltr'><strong>hanc</strong></span> <span class='ocrx_word' id='word_1_135' title='bbox 2338 785 2534 856; x_wconf 80' lang='lat' dir='ltr'><strong>regiam</strong></span> <span class='ocrx_word' id='word_1_136' title='bbox 2559 787 2743 841; x_wconf 82' lang='lat' dir='ltr'><strong>urbem</strong></span> <span class='ocrx_word' id='word_1_137' title='bbox 2778 786 3019 841; x_wconf 90' lang='lat' dir='ltr'><strong>habitare</strong></span> <span class='ocrx_word' id='word_1_138' title='bbox 3047 827 3062 852; x_wconf 92' lang='lat'><strong>,</strong></span> <span class='ocrx_word' id='word_1_139' title='bbox 3101 798 3190 840; x_wconf 88' lang='lat' dir='ltr'><strong>aut</strong></span> <span class='ocrx_word' id='word_1_140' title='bbox 3247 786 3410 856; x_wconf 85' lang='lat' dir='ltr'><strong>ipsius</strong></span> <span class='ocrx_word' id='word_1_141' title='bbox 3454 786 3632 840; x_wconf 76' lang='grc' dir='ltr'><strong>ὀίειιὶ-</strong></span> 
     </span>
    </p>
   </div>
   <div class='ocr_carea' id='block_1_22' title="bbox 2061 877 3632 947">
    <p class='ocr_par' dir='ltr' id='par_1_22' title="bbox 2061 877 3632 947">
     <span class='ocr_line' id='line_1_22' title="bbox 2061 877 3632 947; baseline 0.001 -18"><span class='ocrx_word' id='word_1_142' title='bbox 2061 884 2203 930; x_wconf 92' lang='lat' dir='ltr'><strong>ctum</strong></span> <span class='ocrx_word' id='word_1_143' title='bbox 2227 920 2242 944; x_wconf 93' lang='lat'><strong>,</strong></span> <span class='ocrx_word' id='word_1_144' title='bbox 2276 878 2361 931; x_wconf 87' lang='lat' dir='ltr'><strong>vel</strong></span> <span class='ocrx_word' id='word_1_145' title='bbox 2387 878 2620 946; x_wconf 84' lang='lat' dir='ltr'><strong>aliquam</strong></span> <span class='ocrx_word' id='word_1_146' title='bbox 2650 877 2718 931; x_wconf 90' lang='lat' dir='ltr'><strong>de</strong></span> <span class='ocrx_word' id='word_1_147' title='bbox 2747 877 3072 946; x_wconf 81' lang='lat' dir='ltr'><strong>insignibus;</strong></span> <span class='ocrx_word' id='word_1_148' title='bbox 3106 878 3198 931; x_wconf 91' lang='lat' dir='ltr'><strong>sed</strong></span> <span class='ocrx_word' id='word_1_149' title='bbox 3223 893 3451 947; x_wconf 86' lang='lat' dir='ltr'><strong>quorum</strong></span> <span class='ocrx_word' id='word_1_150' title='bbox 3475 891 3632 931; x_wconf 89' lang='lat' dir='ltr'><strong>secu-</strong></span> 
     </span>
    </p>
   </div>
   <div class='ocr_carea' id='block_1_23' title="bbox 2064 954 3631 1037">
    <p class='ocr_par' dir='ltr' id='par_1_23' title="bbox 2064 954 3631 1037">
     <span class='ocr_line' id='line_1_23' title="bbox 2064 954 3631 1037; baseline 0.001 -17"><span class='ocrx_word' id='word_1_151' title='bbox 2064 976 2147 1021; x_wconf 89' lang='lat' dir='ltr'><strong>tus</strong></span> <span class='ocrx_word' id='word_1_152' title='bbox 2196 978 2278 1023; x_wconf 89' lang='lat' dir='ltr'><strong>est</strong></span> <span class='ocrx_word' id='word_1_153' title='bbox 2328 983 2589 1037; x_wconf 86' lang='lat' dir='ltr'><strong>errorem,</strong></span> <span class='ocrx_word' id='word_1_154' title='bbox 2634 954 2829 1022; x_wconf 76' lang='lat' dir='ltr'><strong>horuni</strong></span> <span class='ocrx_word' id='word_1_155' title='bbox 2857 970 3091 1023; x_wconf 79' lang='lat' dir='ltr'><strong>imitetur</strong></span> <span class='ocrx_word' id='word_1_156' title='bbox 3122 973 3290 1021; x_wconf 82' lang='lat' dir='ltr'><strong>victus</strong></span> <span class='ocrx_word' id='word_1_157' title='bbox 3324 968 3581 1022; x_wconf 88' lang='lat' dir='ltr'><strong>rationem</strong></span> <span class='ocrx_word' id='word_1_158' title='bbox 3616 1010 3631 1033; x_wconf 92' lang='lat'><strong>,</strong></span> 
     </span>
    </p>
   </div>
   <div class='ocr_carea' id='block_1_24' title="bbox 2064 1058 3633 1128">
    <p class='ocr_par' dir='ltr' id='par_1_24' title="bbox 2064 1058 3633 1128">
     <span class='ocr_line' id='line_1_24' title="bbox 2064 1058 3633 1128; baseline -0.003 -15"><span class='ocrx_word' id='word_1_159' title='bbox 2064 1072 2223 1128; x_wconf 89' lang='lat' dir='ltr'><strong>quam</strong></span> <span class='ocrx_word' id='word_1_160' title='bbox 2251 1060 2563 1127; x_wconf 77' lang='lat' dir='ltr'><strong>longissime</strong></span> <span class='ocrx_word' id='word_1_161' title='bbox 2592 1059 2888 1113; x_wconf 76' lang='lat' dir='ltr'><strong>abscedens</strong></span> <span class='ocrx_word' id='word_1_162' title='bbox 2930 1067 2985 1114; x_wconf 90' lang='lat' dir='ltr'><strong>et</strong></span> <span class='ocrx_word' id='word_1_163' title='bbox 3022 1059 3300 1112; x_wconf 82' lang='lat' dir='ltr'><strong>oecultans</strong></span> <span class='ocrx_word' id='word_1_164' title='bbox 3350 1058 3583 1125; x_wconf 86' lang='lat' dir='ltr'><strong>seipsum</strong></span> <span class='ocrx_word' id='word_1_165' title='bbox 3620 1074 3633 1120; x_wconf 90' lang='lat'><strong>;</strong></span> 
     </span>
    </p>
   </div>
   <div class='ocr_carea' id='block_1_25' title="bbox 2065 1150 3635 1221">
    <p class='ocr_par' dir='ltr' id='par_1_25' title="bbox 2065 1150 3635 1221">
     <span class='ocr_line' id='line_1_25' title="bbox 2065 1150 3635 1221; baseline -0.001 -18"><span class='ocrx_word' id='word_1_166' title='bbox 2065 1165 2189 1204; x_wconf 89' lang='lat' dir='ltr'><strong>nam</strong></span> <span class='ocrx_word' id='word_1_167' title='bbox 2218 1152 2409 1204; x_wconf 87' lang='lat' dir='ltr'><strong>talibus</strong></span> <span class='ocrx_word' id='word_1_168' title='bbox 2438 1150 2718 1215; x_wconf 89' lang='lat' dir='ltr'><strong>occultari,</strong></span> <span class='ocrx_word' id='word_1_169' title='bbox 2740 1167 2897 1221; x_wconf 87' lang='lat' dir='ltr'><strong>quam</strong></span> <span class='ocrx_word' id='word_1_170' title='bbox 2929 1152 3092 1206; x_wconf 82' lang='lat' dir='ltr'><strong>videri</strong></span> <span class='ocrx_word' id='word_1_171' title='bbox 3126 1154 3302 1206; x_wconf 84' lang='lat' dir='ltr'><strong>utilius</strong></span> <span class='ocrx_word' id='word_1_172' title='bbox 3331 1161 3431 1205; x_wconf 85' lang='lat' dir='ltr'><strong>est.</strong></span> <span class='ocrx_word' id='word_1_173' title='bbox 3468 1151 3635 1219; x_wconf 87' lang='lat' dir='ltr'><strong>Ignoti</strong></span> 
     </span>
    </p>
   </div>
   <div class='ocr_carea' id='block_1_26' title="bbox 2065 1241 3635 1311">
    <p class='ocr_par' dir='ltr' id='par_1_26' title="bbox 2065 1241 3635 1311">
     <span class='ocr_line' id='line_1_26' title="bbox 2065 1241 3635 1311; baseline -0.001 -16"><span class='ocrx_word' id='word_1_174' title='bbox 2065 1242 2264 1295; x_wconf 89' lang='lat' dir='ltr'><strong>etenim</strong></span> <span class='ocrx_word' id='word_1_175' title='bbox 2296 1241 2613 1310; x_wconf 81' lang='lat' dir='ltr'><strong>existentes,</strong></span> <span class='ocrx_word' id='word_1_176' title='bbox 2641 1258 2699 1297; x_wconf 90' lang='lat' dir='ltr'><strong>se</strong></span> <span class='ocrx_word' id='word_1_177' title='bbox 2729 1241 2872 1310; x_wconf 88' lang='lat' dir='ltr'><strong>ipsos</strong></span> <span class='ocrx_word' id='word_1_178' title='bbox 2911 1242 3107 1297; x_wconf 69' lang='lat' dir='ltr'><strong>laadunt</strong></span> <span class='ocrx_word' id='word_1_179' title='bbox 3135 1244 3280 1297; x_wconf 82' lang='lat' dir='ltr'><strong>solos</strong></span> <span class='ocrx_word' id='word_1_180' title='bbox 3311 1260 3325 1295; x_wconf 88' lang='lat'><strong>:</strong></span> <span class='ocrx_word' id='word_1_181' title='bbox 3361 1242 3635 1311; x_wconf 83' lang='lat' dir='ltr'><strong>publicau-</strong></span> 
     </span>
    </p>
   </div>
   <div class='ocr_carea' id='block_1_27' title="bbox 2079 1331 3638 1400">
    <p class='ocr_par' dir='ltr' id='par_1_27' title="bbox 2079 1331 3638 1400">
     <span class='ocr_line' id='line_1_27' title="bbox 2079 1331 3638 1400; baseline -0.001 -17"><span class='ocrx_word' id='word_1_182' title='bbox 2079 1338 2158 1384; x_wconf 80' lang='lat' dir='ltr'><strong>tes</strong></span> <span class='ocrx_word' id='word_1_183' title='bbox 2190 1344 2313 1385; x_wconf 87' lang='lat' dir='ltr'><strong>vero</strong></span> <span class='ocrx_word' id='word_1_184' title='bbox 2344 1346 2436 1385; x_wconf 87' lang='lat' dir='ltr'><strong>sua</strong></span> <span class='ocrx_word' id='word_1_185' title='bbox 2469 1331 2746 1400; x_wconf 86' lang='lat' dir='ltr'><strong>dogmata,</strong></span> <span class='ocrx_word' id='word_1_186' title='bbox 2777 1332 2958 1386; x_wconf 88' lang='lat' dir='ltr'><strong>multis</strong></span> <span class='ocrx_word' id='word_1_187' title='bbox 2986 1348 3051 1386; x_wconf 83' lang='lat' dir='ltr'><strong>ex</strong></span> <span class='ocrx_word' id='word_1_188' title='bbox 3095 1332 3508 1400; x_wconf 71' lang='lat' dir='ltr'><strong>simplicioribus</strong></span> <span class='ocrx_word' id='word_1_189' title='bbox 3544 1344 3638 1385; x_wconf 92' lang='lat' dir='ltr'><strong>oc-</strong></span> 
     </span>
    </p>
   </div>
   <div class='ocr_carea' id='block_1_28' title="bbox 2069 1419 3634 1489">
    <p class='ocr_par' dir='ltr' id='par_1_28' title="bbox 2069 1419 3634 1489">
     <span class='ocr_line' id='line_1_28' title="bbox 2069 1419 3634 1489; baseline -0.001 -18"><span class='ocrx_word' id='word_1_190' title='bbox 2069 1419 2336 1473; x_wconf 78' lang='lat' dir='ltr'><strong>casionem</strong></span> <span class='ocrx_word' id='word_1_191' title='bbox 2399 1420 2715 1488; x_wconf 81' lang='lat' dir='ltr'><strong>perditionis</strong></span> <span class='ocrx_word' id='word_1_192' title='bbox 2767 1423 3033 1489; x_wconf 67' lang='lat' dir='ltr'><strong>praebent;</strong></span> <span class='ocrx_word' id='word_1_193' title='bbox 3091 1422 3231 1489; x_wconf 86' lang='lat' dir='ltr'><strong>quod</strong></span> <span class='ocrx_word' id='word_1_194' title='bbox 3280 1422 3425 1475; x_wconf 90' lang='lat' dir='ltr'><strong>nullo</strong></span> <span class='ocrx_word' id='word_1_195' title='bbox 3478 1420 3634 1473; x_wconf 89' lang='lat' dir='ltr'><strong>modo</strong></span> 
     </span>
    </p>
   </div>
   <div class='ocr_carea' id='block_1_29' title="bbox 2072 1510 3638 1583">
    <p class='ocr_par' dir='ltr' id='par_1_29' title="bbox 2072 1510 3638 1583">
     <span class='ocr_line' id='line_1_29' title="bbox 2072 1510 3638 1583; baseline 0.001 -22"><span class='ocrx_word' id='word_1_196' title='bbox 2072 1510 2182 1565; x_wconf 86' lang='lat' dir='ltr'><strong>ﬁeri</strong></span> <span class='ocrx_word' id='word_1_197' title='bbox 2236 1510 2287 1564; x_wconf 93' lang='lat' dir='ltr'><strong>in</strong></span> <span class='ocrx_word' id='word_1_198' title='bbox 2340 1510 2645 1567; x_wconf 87' lang='lat' dir='ltr'><strong>Christiano</strong></span> <span class='ocrx_word' id='word_1_199' title='bbox 2692 1514 2816 1567; x_wconf 90' lang='lat' dir='ltr'><strong>ovili</strong></span> <span class='ocrx_word' id='word_1_200' title='bbox 2874 1514 2964 1567; x_wconf 89' lang='lat' dir='ltr'><strong>Dei</strong></span> <span class='ocrx_word' id='word_1_201' title='bbox 3006 1522 3059 1568; x_wconf 93' lang='lat' dir='ltr'><strong>et</strong></span> <span class='ocrx_word' id='word_1_202' title='bbox 3090 1515 3387 1568; x_wconf 80' lang='lat' dir='ltr'><strong>ortltodoxo</strong></span> <span class='ocrx_word' id='word_1_203' title='bbox 3442 1513 3638 1583; x_wconf 84' lang='lat' dir='ltr'><strong>p0pulo</strong></span> 
     </span>
    </p>
   </div>
   <div class='ocr_carea' id='block_1_30' title="bbox 2070 1600 3424 1670">
    <p class='ocr_par' dir='ltr' id='par_1_30' title="bbox 2070 1600 3424 1670">
     <span class='ocr_line' id='line_1_30' title="bbox 2070 1600 3424 1670; baseline 0.004 -19"><span class='ocrx_word' id='word_1_204' title='bbox 2070 1612 2279 1667; x_wconf 72' lang='lat' dir='ltr'><strong>aequum</strong></span> <span class='ocrx_word' id='word_1_205' title='bbox 2305 1610 2405 1664; x_wconf 87' lang='lat' dir='ltr'><strong>est,</strong></span> <span class='ocrx_word' id='word_1_206' title='bbox 2436 1613 2606 1669; x_wconf 89' lang='lat' dir='ltr'><strong>neque</strong></span> <span class='ocrx_word' id='word_1_207' title='bbox 2630 1600 2697 1656; x_wconf 86' lang='lat' dir='ltr'><strong>ab</strong></span> <span class='ocrx_word' id='word_1_208' title='bbox 2727 1601 2949 1670; x_wconf 86' lang='lat' dir='ltr'><strong>imperio</strong></span> <span class='ocrx_word' id='word_1_209' title='bbox 2976 1603 3294 1670; x_wconf 86' lang='lat' dir='ltr'><strong>permissum</strong></span> <span class='ocrx_word' id='word_1_210' title='bbox 3322 1612 3424 1657; x_wconf 88' lang='lat' dir='ltr'><strong>est.</strong></span> 
     </span>
    </p>
   </div>
   <div class='ocr_carea' id='block_1_31' title="bbox 2144 1788 3632 1867">
    <p class='ocr_par' dir='ltr' id='par_1_31' title="bbox 2144 1788 3632 1867">
     <span class='ocr_line' id='line_1_31' title="bbox 2144 1788 3632 1867; baseline 0.006 -25"><span class='ocrx_word' id='word_1_211' title='bbox 2144 1788 2271 1844; x_wconf 68' lang='lat' dir='ltr'><strong>Cn.</strong></span> <span class='ocrx_word' id='word_1_212' title='bbox 2318 1789 2405 1844; x_wconf 93' lang='lat' dir='ltr'><strong>lll.</strong></span> <span class='ocrx_word' id='word_1_213' title='bbox 2428 1822 2501 1834; x_wconf 94' lang='lat'><strong>—</strong></span> <span class='ocrx_word' id='word_1_214' title='bbox 2523 1791 2786 1860; x_wconf 83' lang='lat' dir='ltr'><strong>Quoniam</strong></span> <span class='ocrx_word' id='word_1_215' title='bbox 2817 1810 2943 1850; x_wconf 91' lang='lat' dir='ltr'><strong>vero</strong></span> <span class='ocrx_word' id='word_1_216' title='bbox 2969 1804 3022 1850; x_wconf 91' lang='lat' dir='ltr'><strong>et</strong></span> <span class='ocrx_word' id='word_1_217' title='bbox 3049 1795 3272 1851; x_wconf 87' lang='lat' dir='ltr'><strong>Zoaram</strong></span> <span class='ocrx_word' id='word_1_218' title='bbox 3296 1796 3510 1867; x_wconf 87' lang='lat' dir='ltr'><strong>dignum</strong></span> <span class='ocrx_word' id='word_1_219' title='bbox 3544 1812 3632 1865; x_wconf 85' lang='lat' dir='ltr'><strong>pe—</strong></span> 
     </span>
    </p>
   </div>
   <div class='ocr_carea' id='block_1_32' title="bbox 2074 1879 3635 1949">
    <p class='ocr_par' dir='ltr' id='par_1_32' title="bbox 2074 1879 3635 1949">
     <span class='ocr_line' id='line_1_32' title="bbox 2074 1879 3635 1949; baseline 0.006 -18"><span class='ocrx_word' id='word_1_220' title='bbox 2074 1879 2221 1934; x_wconf 89' lang='lat' dir='ltr'><strong>nitus</strong></span> <span class='ocrx_word' id='word_1_221' title='bbox 2263 1880 2571 1949; x_wconf 90' lang='lat' dir='ltr'><strong>judicarunt</strong></span> <span class='ocrx_word' id='word_1_222' title='bbox 2621 1885 2721 1937; x_wconf 87' lang='lat' dir='ltr'><strong>sub</strong></span> <span class='ocrx_word' id='word_1_223' title='bbox 2768 1885 3208 1941; x_wconf 87' lang='lat' dir='ltr'><strong>anathematisrno</strong></span> <span class='ocrx_word' id='word_1_224' title='bbox 3240 1903 3359 1942; x_wconf 88' lang='lat' dir='ltr'><strong>esse</strong></span> <span class='ocrx_word' id='word_1_225' title='bbox 3391 1904 3635 1942; x_wconf 80' lang='lat' dir='ltr'><strong>reveren-</strong></span> 
     </span>
    </p>
   </div>
   <div class='ocr_carea' id='block_1_33' title="bbox 397 1967 1982 2071">
    <p class='ocr_par' dir='ltr' id='par_1_33' title="bbox 397 1985 1971 2071">
     <span class='ocr_line' id='line_1_33' title="bbox 397 1985 1971 2071; baseline -0.006 -18"><span class='ocrx_word' id='word_1_226' title='bbox 397 1999 722 2064; x_wconf 72' lang='grc' dir='ltr'><strong>ποιήσασθαι,</strong></span> <span class='ocrx_word' id='word_1_227' title='bbox 763 1996 945 2071; x_wconf 60' lang='lat' dir='ltr'><strong>papam</strong></span> <span class='ocrx_word' id='word_1_228' title='bbox 979 2016 1091 2049; x_wconf 87' lang='grc' dir='ltr'><strong>τινα</strong></span> <span class='ocrx_word' id='word_1_229' title='bbox 1132 1995 1441 2067; x_wconf 70' lang='grc' dir='ltr'><strong>παρενθήκην</strong></span> <span class='ocrx_word' id='word_1_230' title='bbox 1468 1998 1567 2044; x_wconf 81' lang='grc' dir='ltr'><strong>τῶν</strong></span> <span class='ocrx_word' id='word_1_231' title='bbox 1585 1990 1820 2044; x_wconf 73' lang='grc' dir='ltr'><strong>τοιούτων</strong></span> <span class='ocrx_word' id='word_1_232' title='bbox 1849 1985 1971 2044; x_wconf 76' lang='grc' dir='ltr'><strong>ὄντα</strong></span> 
     </span>
    </p>
   </div>
   <div class='ocr_carea' id='block_1_34' title="bbox 2085 1967 3637 2071">
    <p class='ocr_par' dir='ltr' id='par_1_34' title="bbox 2085 1967 3637 2043">
     <span class='ocr_line' id='line_1_34' title="bbox 2085 1967 3637 2043; baseline 0.004 -23"><span class='ocrx_word' id='word_1_233' title='bbox 2085 1967 2279 2022; x_wconf 83' lang='lat' dir='ltr'><strong>iissimi</strong></span> <span class='ocrx_word' id='word_1_234' title='bbox 2306 2012 2322 2034; x_wconf 86' lang='lat'><strong>,</strong></span> <span class='ocrx_word' id='word_1_235' title='bbox 2356 1980 2407 2023; x_wconf 91' lang='lat' dir='ltr'><strong>et</strong></span> <span class='ocrx_word' id='word_1_236' title='bbox 2446 1973 2534 2039; x_wconf 92' lang='lat' dir='ltr'><strong>qui</strong></span> <span class='ocrx_word' id='word_1_237' title='bbox 2573 1969 2719 2038; x_wconf 77' lang='lat' dir='ltr'><strong>juSta</strong></span> <span class='ocrx_word' id='word_1_238' title='bbox 2754 1972 2991 2041; x_wconf 87' lang='lat' dir='ltr'><strong>judicant</strong></span> <span class='ocrx_word' id='word_1_239' title='bbox 3040 1975 3271 2043; x_wconf 87' lang='lat' dir='ltr'><strong>episcopi</strong></span> <span class='ocrx_word' id='word_1_240' title='bbox 3304 1974 3446 2043; x_wconf 90' lang='lat' dir='ltr'><strong>(eum</strong></span> <span class='ocrx_word' id='word_1_241' title='bbox 3480 1990 3637 2042; x_wconf 83' lang='lat' dir='ltr'><strong>parva</strong></span> 
     </span>
    </p>
   </div>
   <div class='ocr_carea' id='block_1_35' title="bbox 401 2079 1976 2160">
    <p class='ocr_par' dir='ltr' id='par_1_35' title="bbox 401 2079 1976 2160">
     <span class='ocr_line' id='line_1_35' title="bbox 401 2079 1976 2160; baseline -0.008 -17"><span class='ocrx_word' id='word_1_242' title='bbox 401 2098 584 2151; x_wconf 85' lang='grc' dir='ltr'><strong>κακῶν.</strong></span> <span class='ocrx_word' id='word_1_243' title='bbox 615 2092 665 2143; x_wconf 71' lang='grc' dir='ltr'><strong>ἐν</strong></span> <span class='ocrx_word' id='word_1_244' title='bbox 694 2086 766 2148; x_wconf 78' lang='grc' dir='ltr'><strong>οἷς</strong></span> <span class='ocrx_word' id='word_1_245' title='bbox 800 2091 1096 2160; x_wconf 61' lang='grc' dir='ltr'><strong>ἠτίρίισται,</strong></span> <span class='ocrx_word' id='word_1_246' title='bbox 1138 2086 1196 2139; x_wconf 80' lang='grc' dir='ltr'><strong>τό</strong></span> <span class='ocrx_word' id='word_1_247' title='bbox 1235 2089 1354 2156; x_wconf 77' lang='grc' dir='ltr'><strong>γοῦν</strong></span> <span class='ocrx_word' id='word_1_248' title='bbox 1381 2079 1506 2144; x_wconf 80' lang='grc' dir='ltr'><strong>ὅλως</strong></span> <span class='ocrx_word' id='word_1_249' title='bbox 1530 2090 1714 2149; x_wconf 91' lang='grc' dir='ltr'><strong>τυχεῖν</strong></span> <span class='ocrx_word' id='word_1_250' title='bbox 1738 2082 1871 2140; x_wconf 84' lang='grc' dir='ltr'><strong>τινός</strong></span> <span class='ocrx_word' id='word_1_251' title='bbox 1897 2082 1976 2133; x_wconf 80' lang='grc' dir='ltr'><strong>εύ-</strong></span> 
     </span>
    </p>
   </div>
   <div class='ocr_carea' id='block_1_36' title="bbox 398 2175 1977 2253">
    <p class='ocr_par' dir='ltr' id='par_1_36' title="bbox 398 2175 1977 2253">
     <span class='ocr_line' id='line_1_36' title="bbox 398 2175 1977 2253; baseline -0.006 -18"><span class='ocrx_word' id='word_1_252' title='bbox 398 2187 700 2253; x_wconf 72' lang='grc' dir='ltr'><strong>πορὴσαντα</strong></span> <span class='ocrx_word' id='word_1_253' title='bbox 728 2184 944 2252; x_wconf 79' lang='grc' dir='ltr'><strong>μνήμης,</strong></span> <span class='ocrx_word' id='word_1_254' title='bbox 977 2177 1110 2233; x_wconf 75' lang='grc' dir='ltr'><strong>ἴστω</strong></span> <span class='ocrx_word' id='word_1_255' title='bbox 1138 2179 1223 2229; x_wconf 87' lang='grc' dir='ltr'><strong>καί</strong></span> <span class='ocrx_word' id='word_1_256' title='bbox 1252 2175 1454 2247; x_wconf 88' lang='grc' dir='ltr'><strong>Ζωόρας</strong></span> <span class='ocrx_word' id='word_1_257' title='bbox 1482 2182 1573 2233; x_wconf 77' lang='grc' dir='ltr'><strong>τῆς</strong></span> <span class='ocrx_word' id='word_1_258' title='bbox 1601 2178 1824 2245; x_wconf 82' lang='grc' dir='ltr'><strong>πονηρᾶς</strong></span> <span class='ocrx_word' id='word_1_259' title='bbox 1851 2176 1977 2228; x_wconf 80' lang='grc' dir='ltr'><strong>ταύ-</strong></span> 
     </span>
    </p>
   </div>
   <div class='ocr_carea' id='block_1_37' title="bbox 401 2264 1978 2343">
    <p class='ocr_par' dir='ltr' id='par_1_37' title="bbox 401 2264 1978 2343">
     <span class='ocr_line' id='line_1_37' title="bbox 401 2264 1978 2343; baseline -0.006 -20"><span class='ocrx_word' id='word_1_260' title='bbox 401 2292 491 2331; x_wconf 88' lang='grc' dir='ltr'><strong>της</strong></span> <span class='ocrx_word' id='word_1_261' title='bbox 520 2266 744 2343; x_wconf 69' lang='grc' dir='ltr'><strong>μερίδος,</strong></span> <span class='ocrx_word' id='word_1_262' title='bbox 771 2271 994 2335; x_wconf 76' lang='grc' dir='ltr'><strong>Ἀνθίμου</strong></span> <span class='ocrx_word' id='word_1_263' title='bbox 1024 2287 1101 2331; x_wconf 90' lang='grc' dir='ltr'><strong>τε,</strong></span> <span class='ocrx_word' id='word_1_264' title='bbox 1126 2267 1205 2319; x_wconf 73' lang='grc' dir='ltr'><strong>καί</strong></span> <span class='ocrx_word' id='word_1_265' title='bbox 1236 2268 1472 2341; x_wconf 81' lang='grc' dir='ltr'><strong>Σευὴρου,</strong></span> <span class='ocrx_word' id='word_1_266' title='bbox 1504 2265 1586 2316; x_wconf 82' lang='grc' dir='ltr'><strong>καί</strong></span> <span class='ocrx_word' id='word_1_267' title='bbox 1613 2264 1800 2337; x_wconf 75' lang='grc' dir='ltr'><strong>Πέτρου</strong></span> <span class='ocrx_word' id='word_1_268' title='bbox 1822 2264 1978 2331; x_wconf 80' lang='grc' dir='ltr'><strong>φαμὲν</strong></span> 
     </span>
    </p>
   </div>
   <div class='ocr_carea' id='block_1_38' title="bbox 400 2354 1977 2432">
    <p class='ocr_par' dir='ltr' id='par_1_38' title="bbox 400 2354 1977 2432">
     <span class='ocr_line' id='line_1_38' title="bbox 400 2354 1977 2432; baseline -0.005 -19"><span class='ocrx_word' id='word_1_269' title='bbox 400 2361 691 2432; x_wconf 76' lang='grc' dir='ltr'><strong>παρενθήκη</strong></span> <span class='ocrx_word' id='word_1_270' title='bbox 730 2379 809 2418; x_wconf 92' lang='grc' dir='ltr'><strong>τις</strong></span> <span class='ocrx_word' id='word_1_271' title='bbox 849 2357 1070 2420; x_wconf 66' lang='grc' dir='ltr'><strong>εὐτελής,</strong></span> <span class='ocrx_word' id='word_1_272' title='bbox 1111 2358 1193 2410; x_wconf 87' lang='grc' dir='ltr'><strong>καί</strong></span> <span class='ocrx_word' id='word_1_273' title='bbox 1226 2357 1276 2408; x_wconf 77' lang='grc' dir='ltr'><strong>ὲν</strong></span> <span class='ocrx_word' id='word_1_274' title='bbox 1305 2363 1412 2414; x_wconf 91' lang='grc' dir='ltr'><strong>τοῖς</strong></span> <span class='ocrx_word' id='word_1_275' title='bbox 1447 2354 1977 2421; x_wconf 80' lang='grc' dir='ltr'><strong>ἀνατεθεματισμένοις</strong></span> 
     </span>
    </p>
   </div>
   <div class='ocr_carea' id='block_1_39' title="bbox 402 2444 1977 2519">
    <p class='ocr_par' dir='ltr' id='par_1_39' title="bbox 402 2444 1977 2519">
     <span class='ocr_line' id='line_1_39' title="bbox 402 2444 1977 2519; baseline -0.004 -18"><span class='ocrx_word' id='word_1_276' title='bbox 402 2452 487 2503; x_wconf 83' lang='grc' dir='ltr'><strong>καί</strong></span> <span class='ocrx_word' id='word_1_277' title='bbox 522 2450 677 2507; x_wconf 74' lang='grc' dir='ltr'><strong>αὐτὸς</strong></span> <span class='ocrx_word' id='word_1_278' title='bbox 719 2449 956 2518; x_wconf 77' lang='grc' dir='ltr'><strong>τετάχθω</strong></span> <span class='ocrx_word' id='word_1_279' title='bbox 987 2455 1078 2506; x_wconf 78' lang='grc' dir='ltr'><strong>τῆς</strong></span> <span class='ocrx_word' id='word_1_280' title='bbox 1123 2447 1374 2519; x_wconf 76' lang='grc' dir='ltr'><strong>ἱερατικῆς</strong></span> <span class='ocrx_word' id='word_1_281' title='bbox 1404 2444 1551 2499; x_wconf 77' lang='grc' dir='ltr'><strong>αὐτὸν</strong></span> <span class='ocrx_word' id='word_1_282' title='bbox 1580 2444 1977 2515; x_wconf 86' lang='grc' dir='ltr'><strong>κατενεγκούσης</strong></span> 
     </span>
    </p>
   </div>
   <div class='ocr_carea' id='block_1_40' title="bbox 404 2527 1978 2612">
    <p class='ocr_par' dir='ltr' id='par_1_40' title="bbox 404 2527 1978 2612">
     <span class='ocr_line' id='line_1_40' title="bbox 404 2527 1978 2612; baseline -0.006 -20"><span class='ocrx_word' id='word_1_283' title='bbox 404 2539 591 2610; x_wconf 70' lang='grc' dir='ltr'><strong>ψήφου,</strong></span> <span class='ocrx_word' id='word_1_284' title='bbox 628 2539 685 2595; x_wconf 69' lang='grc' dir='ltr'><strong>ἣν</strong></span> <span class='ocrx_word' id='word_1_285' title='bbox 712 2540 888 2612; x_wconf 77' lang='grc' dir='ltr'><strong>κυρίαν</strong></span> <span class='ocrx_word' id='word_1_286' title='bbox 916 2540 1002 2591; x_wconf 76' lang='grc' dir='ltr'><strong>καί</strong></span> <span class='ocrx_word' id='word_1_287' title='bbox 1039 2538 1195 2594; x_wconf 77' lang='grc' dir='ltr'><strong>αὐτὴν</strong></span> <span class='ocrx_word' id='word_1_288' title='bbox 1232 2532 1299 2607; x_wconf 73' lang='grc' dir='ltr'><strong>ἐφ’</strong></span> <span class='ocrx_word' id='word_1_289' title='bbox 1323 2534 1505 2592; x_wconf 72' lang='grc' dir='ltr'><strong>ἑαυτῆς</strong></span> <span class='ocrx_word' id='word_1_290' title='bbox 1536 2527 1712 2589; x_wconf 74' lang='grc' dir='ltr'><strong>οὖσαν,</strong></span> <span class='ocrx_word' id='word_1_291' title='bbox 1736 2533 1978 2606; x_wconf 84' lang='grc' dir='ltr'><strong>κυριωτέ-</strong></span> 
     </span>
    </p>
   </div>
   <div class='ocr_carea' id='block_1_41' title="bbox 403 2622 1978 2701">
    <p class='ocr_par' dir='ltr' id='par_1_41' title="bbox 403 2622 1978 2701">
     <span class='ocr_line' id='line_1_41' title="bbox 403 2622 1978 2701; baseline -0.005 -20"><span class='ocrx_word' id='word_1_292' title='bbox 403 2649 496 2701; x_wconf 88' lang='grc' dir='ltr'><strong>ραν</strong></span> <span class='ocrx_word' id='word_1_293' title='bbox 523 2626 604 2682; x_wconf 76' lang='grc' dir='ltr'><strong>ἔτι</strong></span> <span class='ocrx_word' id='word_1_294' title='bbox 628 2629 810 2698; x_wconf 75' lang='grc' dir='ltr'><strong>μᾶλλον</strong></span> <span class='ocrx_word' id='word_1_295' title='bbox 832 2630 861 2686; x_wconf 78' lang='grc' dir='ltr'>ἡ</span> <span class='ocrx_word' id='word_1_296' title='bbox 889 2627 1123 2697; x_wconf 85' lang='grc' dir='ltr'><strong>βασιλεία</strong></span> <span class='ocrx_word' id='word_1_297' title='bbox 1150 2632 1306 2689; x_wconf 87' lang='grc' dir='ltr'><strong>ποιεῖ,</strong></span> <span class='ocrx_word' id='word_1_298' title='bbox 1332 2626 1414 2678; x_wconf 82' lang='grc' dir='ltr'><strong>καί</strong></span> <span class='ocrx_word' id='word_1_299' title='bbox 1439 2630 1611 2678; x_wconf 87' lang='grc' dir='ltr'><strong>τοῦτον</strong></span> <span class='ocrx_word' id='word_1_300' title='bbox 1649 2622 1978 2686; x_wconf 81' lang='grc' dir='ltr'><strong>ἔξελαύνουσα</strong></span> 
     </span>
    </p>
   </div>
   <div class='ocr_carea' id='block_1_42' title="bbox 402 2709 1973 2787">
    <p class='ocr_par' dir='ltr' id='par_1_42' title="bbox 402 2709 1973 2787">
     <span class='ocr_line' id='line_1_42' title="bbox 402 2709 1973 2787; baseline -0.005 -16"><span class='ocrx_word' id='word_1_301' title='bbox 402 2726 487 2777; x_wconf 81' lang='grc' dir='ltr'><strong>τῆς</strong></span> <span class='ocrx_word' id='word_1_302' title='bbox 516 2715 775 2787; x_wconf 76' lang='grc' dir='ltr'><strong>βασιλίδος</strong></span> <span class='ocrx_word' id='word_1_303' title='bbox 797 2715 992 2775; x_wconf 77' lang='grc' dir='ltr'><strong>ταύτης</strong></span> <span class='ocrx_word' id='word_1_304' title='bbox 1017 2716 1230 2777; x_wconf 84' lang='grc' dir='ltr'><strong>πόλεως,</strong></span> <span class='ocrx_word' id='word_1_305' title='bbox 1250 2716 1333 2768; x_wconf 90' lang='grc' dir='ltr'><strong>καί</strong></span> <span class='ocrx_word' id='word_1_306' title='bbox 1359 2719 1450 2771; x_wconf 78' lang='grc' dir='ltr'><strong>τῆς</strong></span> <span class='ocrx_word' id='word_1_307' title='bbox 1475 2713 1628 2771; x_wconf 78' lang='grc' dir='ltr'><strong>αὐτῆς</strong></span> <span class='ocrx_word' id='word_1_308' title='bbox 1648 2709 1973 2785; x_wconf 83' lang='grc' dir='ltr'><strong>περιοικίδος,</strong></span> 
     </span>
    </p>
   </div>
   <div class='ocr_carea' id='block_1_43' title="bbox 403 2798 1977 2868">
    <p class='ocr_par' dir='ltr' id='par_1_43' title="bbox 403 2798 1977 2868">
     <span class='ocr_line' id='line_1_43' title="bbox 403 2798 1977 2868; baseline -0.005 -12"><span class='ocrx_word' id='word_1_309' title='bbox 403 2805 489 2856; x_wconf 81' lang='grc' dir='ltr'><strong>καί</strong></span> <span class='ocrx_word' id='word_1_310' title='bbox 519 2804 601 2855; x_wconf 73' lang='grc' dir='ltr'><strong>ἰπὶ</strong></span> <span class='ocrx_word' id='word_1_311' title='bbox 622 2807 712 2860; x_wconf 75' lang='grc' dir='ltr'><strong>τήν</strong></span> <span class='ocrx_word' id='word_1_312' title='bbox 749 2809 849 2855; x_wconf 87' lang='grc' dir='ltr'><strong>τῶν</strong></span> <span class='ocrx_word' id='word_1_313' title='bbox 889 2801 1075 2856; x_wconf 88' lang='grc' dir='ltr'><strong>πόλεων</strong></span> <span class='ocrx_word' id='word_1_314' title='bbox 1100 2798 1294 2857; x_wconf 80' lang='grc' dir='ltr'><strong>οἴκησιν</strong></span> <span class='ocrx_word' id='word_1_315' title='bbox 1333 2800 1469 2865; x_wconf 66' lang='grc' dir='ltr'><strong>αὐτῷ</strong></span> <span class='ocrx_word' id='word_1_316' title='bbox 1502 2799 1751 2856; x_wconf 81' lang='grc' dir='ltr'><strong>παντοίως</strong></span> <span class='ocrx_word' id='word_1_317' title='bbox 1785 2800 1977 2868; x_wconf 82' lang='grc' dir='ltr'><strong>ἀπαγο-</strong></span> 
     </span>
    </p>
   </div>
   <div class='ocr_carea' id='block_1_44' title="bbox 400 2882 1981 2958">
    <p class='ocr_par' dir='ltr' id='par_1_44' title="bbox 400 2882 1981 2958">
     <span class='ocr_line' id='line_1_44' title="bbox 400 2882 1981 2958; baseline -0.001 -19"><span class='ocrx_word' id='word_1_318' title='bbox 400 2888 647 2958; x_wconf 83' lang='grc' dir='ltr'><strong>ρεύουσα.</strong></span> <span class='ocrx_word' id='word_1_319' title='bbox 673 2888 807 2941; x_wconf 80' lang='grc' dir='ltr'><strong>ὥστε</strong></span> <span class='ocrx_word' id='word_1_320' title='bbox 820 2887 931 2957; x_wconf 83' lang='grc' dir='ltr'><strong>μετ’</strong></span> <span class='ocrx_word' id='word_1_321' title='bbox 952 2888 1144 2940; x_wconf 77' lang='grc' dir='ltr'><strong>ἐκείνων</strong></span> <span class='ocrx_word' id='word_1_322' title='bbox 1167 2885 1327 2956; x_wconf 82' lang='grc' dir='ltr'><strong>μόνων</strong></span> <span class='ocrx_word' id='word_1_323' title='bbox 1351 2885 1496 2937; x_wconf 82' lang='grc' dir='ltr'><strong>οἰκεῖν</strong></span> <span class='ocrx_word' id='word_1_324' title='bbox 1516 2903 1592 2947; x_wconf 87' lang='grc' dir='ltr'><strong>τε,</strong></span> <span class='ocrx_word' id='word_1_325' title='bbox 1617 2884 1699 2935; x_wconf 79' lang='grc' dir='ltr'><strong>καί</strong></span> <span class='ocrx_word' id='word_1_326' title='bbox 1721 2882 1981 2951; x_wconf 82' lang='grc' dir='ltr'><strong>βουλεύεσ-</strong></span> 
     </span>
    </p>
   </div>
   <div class='ocr_carea' id='block_1_45' title="bbox 406 2973 1979 3049">
    <p class='ocr_par' dir='ltr' id='par_1_45' title="bbox 406 2973 1979 3049">
     <span class='ocr_line' id='line_1_45' title="bbox 406 2973 1979 3049; baseline 0.002 -20"><span class='ocrx_word' id='word_1_327' title='bbox 406 2980 487 3029; x_wconf 77' lang='grc' dir='ltr'><strong>θαι</strong></span> <span class='ocrx_word' id='word_1_328' title='bbox 510 2984 610 3030; x_wconf 83' lang='grc' dir='ltr'><strong>τῶν</strong></span> <span class='ocrx_word' id='word_1_329' title='bbox 651 2974 937 3049; x_wconf 75' lang='grc' dir='ltr'><strong>ἔμπροσθεν</strong></span> <span class='ocrx_word' id='word_1_330' title='bbox 962 2977 1077 3045; x_wconf 72' lang='grc' dir='ltr'><strong>ἡμῖν</strong></span> <span class='ocrx_word' id='word_1_331' title='bbox 1118 2976 1407 3049; x_wconf 77' lang='grc' dir='ltr'><strong>εἰρημένων,</strong></span> <span class='ocrx_word' id='word_1_332' title='bbox 1437 2973 1588 3045; x_wconf 83' lang='grc' dir='ltr'><strong>ὅμοια</strong></span> <span class='ocrx_word' id='word_1_333' title='bbox 1627 2976 1717 3046; x_wconf 80' lang='grc' dir='ltr'><strong>μὲν</strong></span> <span class='ocrx_word' id='word_1_334' title='bbox 1753 2975 1979 3046; x_wconf 77' lang='grc' dir='ltr'><strong>βλασφηο</strong></span> 
     </span>
    </p>
   </div>
   <div class='ocr_carea' id='block_1_46' title="bbox 400 3064 1979 3138">
    <p class='ocr_par' dir='ltr' id='par_1_46' title="bbox 400 3064 1979 3138">
     <span class='ocr_line' id='line_1_46' title="bbox 400 3064 1979 3138; baseline -0.002 -18"><span class='ocrx_word' id='word_1_335' title='bbox 400 3070 649 3136; x_wconf 81' lang='grc' dir='ltr'><strong>μούντων,</strong></span> <span class='ocrx_word' id='word_1_336' title='bbox 678 3065 831 3137; x_wconf 84' lang='grc' dir='ltr'><strong>ὅμοια</strong></span> <span class='ocrx_word' id='word_1_337' title='bbox 858 3065 911 3121; x_wconf 79' lang='grc' dir='ltr'><strong>δὲ</strong></span> <span class='ocrx_word' id='word_1_338' title='bbox 954 3069 1037 3120; x_wconf 89' lang='grc' dir='ltr'><strong>καί</strong></span> <span class='ocrx_word' id='word_1_339' title='bbox 1080 3065 1352 3129; x_wconf 82' lang='grc' dir='ltr'><strong>παθόντων,</strong></span> <span class='ocrx_word' id='word_1_340' title='bbox 1377 3064 1559 3136; x_wconf 84' lang='grc' dir='ltr'><strong>ὁμοίως</strong></span> <span class='ocrx_word' id='word_1_341' title='bbox 1588 3064 1640 3120; x_wconf 74' lang='grc' dir='ltr'><strong>δί</strong></span> <span class='ocrx_word' id='word_1_342' title='bbox 1680 3067 1759 3120; x_wconf 76' lang='grc' dir='ltr'><strong>καί</strong></span> <span class='ocrx_word' id='word_1_343' title='bbox 1786 3084 1979 3138; x_wconf 83' lang='grc' dir='ltr'><strong>περιω·</strong></span> 
     </span>
    </p>
   </div>
   <div class='ocr_carea' id='block_1_47' title="bbox 406 3154 1979 3230">
    <p class='ocr_par' dir='ltr' id='par_1_47' title="bbox 406 3154 1979 3230">
     <span class='ocr_line' id='line_1_47' title="bbox 406 3154 1979 3230; baseline -0.001 -21"><span class='ocrx_word' id='word_1_344' title='bbox 406 3159 674 3228; x_wconf 74' lang='grc' dir='ltr'><strong>ρισμίνων.</strong></span> <span class='ocrx_word' id='word_1_345' title='bbox 698 3160 755 3208; x_wconf 77' lang='grc' dir='ltr'><strong>Εἰ</strong></span> <span class='ocrx_word' id='word_1_346' title='bbox 779 3154 831 3210; x_wconf 76' lang='grc' dir='ltr'><strong>δέ</strong></span> <span class='ocrx_word' id='word_1_347' title='bbox 848 3179 897 3213; x_wconf 86' lang='grc' dir='ltr'><strong>τι</strong></span> <span class='ocrx_word' id='word_1_348' title='bbox 922 3158 1004 3210; x_wconf 83' lang='grc' dir='ltr'><strong>καί</strong></span> <span class='ocrx_word' id='word_1_349' title='bbox 1029 3157 1197 3229; x_wconf 78' lang='grc' dir='ltr'><strong>ἕτερον</strong></span> <span class='ocrx_word' id='word_1_350' title='bbox 1227 3164 1288 3230; x_wconf 74' lang='grc' dir='ltr'><strong>τῇ</strong></span> <span class='ocrx_word' id='word_1_351' title='bbox 1320 3164 1417 3210; x_wconf 87' lang='grc' dir='ltr'><strong>τῶν</strong></span> <span class='ocrx_word' id='word_1_352' title='bbox 1447 3155 1742 3226; x_wconf 74' lang='grc' dir='ltr'><strong>ἁγιωτάτων</strong></span> <span class='ocrx_word' id='word_1_353' title='bbox 1773 3156 1979 3209; x_wconf 79' lang='grc' dir='ltr'><strong>ἐπισκό-</strong></span> 
     </span>
    </p>
   </div>
   <div class='ocr_carea' id='block_1_48' title="bbox 406 3246 1980 3322">
    <p class='ocr_par' dir='ltr' id='par_1_48' title="bbox 406 3246 1980 3322">
     <span class='ocr_line' id='line_1_48' title="bbox 406 3246 1980 3322; baseline 0 -22"><span class='ocrx_word' id='word_1_354' title='bbox 406 3267 517 3300; x_wconf 70' lang='grc' dir='ltr'><strong>πων</strong></span> <span class='ocrx_word' id='word_1_355' title='bbox 543 3246 842 3320; x_wconf 79' lang='grc' dir='ltr'><strong>περιέχεται</strong></span> <span class='ocrx_word' id='word_1_356' title='bbox 867 3246 1012 3320; x_wconf 73' lang='grc' dir='ltr'>ψήφῳ</span> <span class='ocrx_word' id='word_1_357' title='bbox 1119 3250 1235 3307; x_wconf 81' lang='grc' dir='ltr'><strong>τοὺς</strong></span> <span class='ocrx_word' id='word_1_358' title='bbox 1254 3248 1647 3322; x_wconf 71' lang='grc' dir='ltr'><strong>προειρημένους</strong></span> <span class='ocrx_word' id='word_1_359' title='bbox 1675 3247 1980 3318; x_wconf 77' lang='grc' dir='ltr'><strong>γαθαιρούσῃ</strong></span> 
     </span>
    </p>
   </div>
   <div class='ocr_carea' id='block_1_49' title="bbox 2078 2060 3641 2139">
    <p class='ocr_par' dir='ltr' id='par_1_49' title="bbox 2078 2060 3641 2139">
     <span class='ocr_line' id='line_1_49' title="bbox 2078 2060 3641 2139; baseline 0.007 -28"><span class='ocrx_word' id='word_1_360' title='bbox 2078 2060 2322 2129; x_wconf 69' lang='lat' dir='ltr'><strong>qumdam</strong></span> <span class='ocrx_word' id='word_1_361' title='bbox 2353 2062 2535 2116; x_wconf 92' lang='lat' dir='ltr'><strong>talium</strong></span> <span class='ocrx_word' id='word_1_362' title='bbox 2565 2064 2823 2118; x_wconf 88' lang='lat' dir='ltr'><strong>malorum</strong></span> <span class='ocrx_word' id='word_1_363' title='bbox 2850 2066 3180 2134; x_wconf 83' lang='lat' dir='ltr'><strong>interpositio</strong></span> <span class='ocrx_word' id='word_1_364' title='bbox 3206 2068 3270 2121; x_wconf 92' lang='lat' dir='ltr'><strong>sit</strong></span> <span class='ocrx_word' id='word_1_365' title='bbox 3290 2072 3335 2139; x_wconf 73' lang='lat'><strong>),</strong></span> <span class='ocrx_word' id='word_1_366' title='bbox 3361 2079 3414 2121; x_wconf 93' lang='lat' dir='ltr'><strong>et</strong></span> <span class='ocrx_word' id='word_1_367' title='bbox 3445 2070 3495 2122; x_wconf 90' lang='lat' dir='ltr'><strong>itt</strong></span> <span class='ocrx_word' id='word_1_368' title='bbox 3527 2068 3641 2137; x_wconf 86' lang='lat' dir='ltr'><strong>qui-</strong></span> 
     </span>
    </p>
   </div>
   <div class='ocr_carea' id='block_1_50' title="bbox 2076 2148 3642 2226">
    <p class='ocr_par' dir='ltr' id='par_1_50' title="bbox 2076 2148 3642 2226">
     <span class='ocr_line' id='line_1_50' title="bbox 2076 2148 3642 2226; baseline 0.005 -23"><span class='ocrx_word' id='word_1_369' title='bbox 2076 2148 2179 2205; x_wconf 88' lang='lat' dir='ltr'><strong>bus</strong></span> <span class='ocrx_word' id='word_1_370' title='bbox 2202 2152 2582 2208; x_wconf 84' lang='lat' dir='ltr'><strong>debouestatus</strong></span> <span class='ocrx_word' id='word_1_371' title='bbox 2622 2162 2735 2221; x_wconf 88' lang='lat' dir='ltr'><strong>est,</strong></span> <span class='ocrx_word' id='word_1_372' title='bbox 2779 2158 2956 2210; x_wconf 86' lang='lat' dir='ltr'><strong>omnia</strong></span> <span class='ocrx_word' id='word_1_373' title='bbox 2986 2156 3228 2211; x_wconf 83' lang='lat' dir='ltr'><strong>videlicet</strong></span> <span class='ocrx_word' id='word_1_374' title='bbox 3249 2157 3642 2226; x_wconf 87' lang='lat' dir='ltr'><strong>comprehendo</strong></span> 
     </span>
    </p>
   </div>
   <div class='ocr_carea' id='block_1_51' title="bbox 2077 2249 3641 2319">
    <p class='ocr_par' dir='ltr' id='par_1_51' title="bbox 2077 2249 3641 2319">
     <span class='ocr_line' id='line_1_51' title="bbox 2077 2249 3641 2319; baseline 0.002 -18"><span class='ocrx_word' id='word_1_375' title='bbox 2077 2260 2142 2301; x_wconf 83' lang='lat' dir='ltr'><strong>ex</strong></span> <span class='ocrx_word' id='word_1_376' title='bbox 2176 2249 2430 2302; x_wconf 83' lang='lat' dir='ltr'><strong>memoria</strong></span> <span class='ocrx_word' id='word_1_377' title='bbox 2462 2250 2690 2319; x_wconf 87' lang='lat' dir='ltr'><strong>quadam</strong></span> <span class='ocrx_word' id='word_1_378' title='bbox 2722 2251 3052 2317; x_wconf 81' lang='lat' dir='ltr'><strong>abundanti;</strong></span> <span class='ocrx_word' id='word_1_379' title='bbox 3085 2254 3153 2306; x_wconf 87' lang='lat' dir='ltr'><strong>sit</strong></span> <span class='ocrx_word' id='word_1_380' title='bbox 3183 2264 3232 2307; x_wconf 91' lang='lat' dir='ltr'><strong>et</strong></span> <span class='ocrx_word' id='word_1_381' title='bbox 3257 2254 3452 2307; x_wconf 81' lang='lat' dir='ltr'><strong>Zoaras</strong></span> <span class='ocrx_word' id='word_1_382' title='bbox 3482 2252 3641 2307; x_wconf 84' lang='lat' dir='ltr'><strong>inter-</strong></span> 
     </span>
    </p>
   </div>
   <div class='ocr_carea' id='block_1_52' title="bbox 2078 2340 3643 2415">
    <p class='ocr_par' dir='ltr' id='par_1_52' title="bbox 2078 2340 3643 2415">
     <span class='ocr_line' id='line_1_52' title="bbox 2078 2340 3643 2415; baseline 0.007 -28"><span class='ocrx_word' id='word_1_383' title='bbox 2078 2340 2272 2407; x_wconf 87' lang='lat' dir='ltr'><strong>positio</strong></span> <span class='ocrx_word' id='word_1_384' title='bbox 2311 2342 2551 2409; x_wconf 69' lang='lat' dir='ltr'><strong>qumdam</strong></span> <span class='ocrx_word' id='word_1_385' title='bbox 2600 2358 2759 2411; x_wconf 90' lang='lat' dir='ltr'><strong>parva</strong></span> <span class='ocrx_word' id='word_1_386' title='bbox 2804 2344 2961 2412; x_wconf 85' lang='lat' dir='ltr'><strong>hujus</strong></span> <span class='ocrx_word' id='word_1_387' title='bbox 3008 2344 3160 2399; x_wconf 64' lang='lat' dir='ltr'><strong>malae</strong></span> <span class='ocrx_word' id='word_1_388' title='bbox 3193 2347 3354 2413; x_wconf 85' lang='lat' dir='ltr'><strong>partis</strong></span> <span class='ocrx_word' id='word_1_389' title='bbox 3382 2344 3643 2415; x_wconf 68' lang='grc' dir='ltr'><strong>(Δηιδἰωὶ</strong></span> 
     </span>
    </p>
   </div>
   <div class='ocr_carea' id='block_1_53' title="bbox 2078 2427 3642 2503">
    <p class='ocr_par' dir='ltr' id='par_1_53' title="bbox 2078 2427 3642 2503">
     <span class='ocr_line' id='line_1_53' title="bbox 2078 2427 3642 2503; baseline 0.004 -23"><span class='ocrx_word' id='word_1_390' title='bbox 2078 2427 2302 2484; x_wconf 83' lang='lat' dir='ltr'><strong>dicimus</strong></span> <span class='ocrx_word' id='word_1_391' title='bbox 2354 2439 2408 2485; x_wconf 83' lang='lat' dir='ltr'><strong>et</strong></span> <span class='ocrx_word' id='word_1_392' title='bbox 2451 2431 2634 2487; x_wconf 89' lang='lat' dir='ltr'><strong>Severi</strong></span> <span class='ocrx_word' id='word_1_393' title='bbox 2688 2447 2751 2487; x_wconf 85' lang='lat' dir='ltr'><strong>ac</strong></span> <span class='ocrx_word' id='word_1_394' title='bbox 2792 2432 3013 2503; x_wconf 81' lang='lat' dir='ltr'><strong>Petri),</strong></span> <span class='ocrx_word' id='word_1_395' title='bbox 3061 2445 3116 2489; x_wconf 78' lang='lat' dir='ltr'><strong>et</strong></span> <span class='ocrx_word' id='word_1_396' title='bbox 3165 2446 3479 2489; x_wconf 84' lang='lat' dir='ltr'><strong>numeretur</strong></span> <span class='ocrx_word' id='word_1_397' title='bbox 3531 2435 3642 2503; x_wconf 90' lang='lat' dir='ltr'><strong>ipse</strong></span> 
     </span>
    </p>
   </div>
   <div class='ocr_carea' id='block_1_54' title="bbox 2077 2520 3644 2592">
    <p class='ocr_par' dir='ltr' id='par_1_54' title="bbox 2077 2520 3644 2592">
     <span class='ocr_line' id='line_1_54' title="bbox 2077 2520 3644 2592; baseline 0.004 -22"><span class='ocrx_word' id='word_1_398' title='bbox 2077 2533 2290 2587; x_wconf 89' lang='lat' dir='ltr'><strong>quoque</strong></span> <span class='ocrx_word' id='word_1_399' title='bbox 2318 2520 2457 2576; x_wconf 90' lang='lat' dir='ltr'><strong>inter</strong></span> <span class='ocrx_word' id='word_1_400' title='bbox 2485 2522 2979 2590; x_wconf 86' lang='lat' dir='ltr'><strong>anathematizatos,</strong></span> <span class='ocrx_word' id='word_1_401' title='bbox 3013 2539 3160 2579; x_wconf 85' lang='lat' dir='ltr'><strong>sacra</strong></span> <span class='ocrx_word' id='word_1_402' title='bbox 3192 2523 3448 2579; x_wconf 65' lang='lat' dir='ltr'><strong>sententia</strong></span> <span class='ocrx_word' id='word_1_403' title='bbox 3476 2526 3644 2592; x_wconf 89' lang='lat' dir='ltr'><strong>ipsum</strong></span> 
     </span>
    </p>
   </div>
   <div class='ocr_carea' id='block_1_55' title="bbox 2078 2609 3645 2685">
    <p class='ocr_par' dir='ltr' id='par_1_55' title="bbox 2078 2609 3645 2685">
     <span class='ocr_line' id='line_1_55' title="bbox 2078 2609 3645 2685; baseline 0.002 -22"><span class='ocrx_word' id='word_1_404' title='bbox 2078 2609 2361 2678; x_wconf 89' lang='lat' dir='ltr'><strong>dejiciente</strong></span> <span class='ocrx_word' id='word_1_405' title='bbox 2394 2630 2405 2662; x_wconf 89' lang='lat'><strong>:</strong></span> <span class='ocrx_word' id='word_1_406' title='bbox 2435 2628 2591 2678; x_wconf 88' lang='lat' dir='ltr'><strong>quam</strong></span> <span class='ocrx_word' id='word_1_407' title='bbox 2641 2613 2846 2668; x_wconf 88' lang='lat' dir='ltr'><strong>ﬁrmam</strong></span> <span class='ocrx_word' id='word_1_408' title='bbox 2903 2625 2957 2671; x_wconf 90' lang='lat' dir='ltr'><strong>et</strong></span> <span class='ocrx_word' id='word_1_409' title='bbox 3008 2616 3174 2685; x_wconf 87' lang='lat' dir='ltr'><strong>ipsam</strong></span> <span class='ocrx_word' id='word_1_410' title='bbox 3226 2632 3288 2669; x_wconf 77' lang='lat' dir='ltr'><strong>ex</strong></span> <span class='ocrx_word' id='word_1_411' title='bbox 3321 2618 3491 2682; x_wconf 86' lang='lat' dir='ltr'><strong>seipsa</strong></span> <span class='ocrx_word' id='word_1_412' title='bbox 3530 2616 3645 2670; x_wconf 83' lang='lat' dir='ltr'><strong>exi-</strong></span> 
     </span>
    </p>
   </div>
   <div class='ocr_carea' id='block_1_56' title="bbox 2080 2702 3650 2774">
    <p class='ocr_par' dir='ltr' id='par_1_56' title="bbox 2080 2702 3650 2774">
     <span class='ocr_line' id='line_1_56' title="bbox 2080 2702 3650 2774; baseline 0.003 -20"><span class='ocrx_word' id='word_1_413' title='bbox 2080 2710 2344 2764; x_wconf 89' lang='lat' dir='ltr'><strong>stentem,</strong></span> <span class='ocrx_word' id='word_1_414' title='bbox 2390 2702 2562 2757; x_wconf 86' lang='lat' dir='ltr'><strong>adhuc</strong></span> <span class='ocrx_word' id='word_1_415' title='bbox 2615 2705 2899 2758; x_wconf 82' lang='lat' dir='ltr'><strong>ﬁrmiorem</strong></span> <span class='ocrx_word' id='word_1_416' title='bbox 2973 2706 3253 2774; x_wconf 89' lang='lat' dir='ltr'><strong>imperium</strong></span> <span class='ocrx_word' id='word_1_417' title='bbox 3300 2707 3474 2760; x_wconf 91' lang='lat' dir='ltr'><strong>reddit</strong></span> <span class='ocrx_word' id='word_1_418' title='bbox 3522 2722 3535 2758; x_wconf 87' lang='lat'><strong>:</strong></span> <span class='ocrx_word' id='word_1_419' title='bbox 3598 2717 3650 2759; x_wconf 89' lang='lat' dir='ltr'><strong>et</strong></span> 
     </span>
    </p>
   </div>
   <div class='ocr_carea' id='block_1_57' title="bbox 2082 2789 3646 2865">
    <p class='ocr_par' dir='ltr' id='par_1_57' title="bbox 2082 2789 3646 2865">
     <span class='ocr_line' id='line_1_57' title="bbox 2082 2789 3646 2865; baseline 0.003 -22"><span class='ocrx_word' id='word_1_420' title='bbox 2082 2789 2223 2844; x_wconf 87' lang='lat' dir='ltr'><strong>hunc</strong></span> <span class='ocrx_word' id='word_1_421' title='bbox 2250 2791 2319 2844; x_wconf 88' lang='lat' dir='ltr'><strong>de</strong></span> <span class='ocrx_word' id='word_1_422' title='bbox 2350 2792 2447 2845; x_wconf 89' lang='lat' dir='ltr'><strong>bac</strong></span> <span class='ocrx_word' id='word_1_423' title='bbox 2476 2794 2618 2858; x_wconf 61' lang='lat' dir='ltr'><strong>regia</strong></span> <span class='ocrx_word' id='word_1_424' title='bbox 2646 2795 2783 2849; x_wconf 85' lang='lat' dir='ltr'><strong>urbe</strong></span> <span class='ocrx_word' id='word_1_425' title='bbox 2811 2805 2865 2849; x_wconf 92' lang='lat' dir='ltr'><strong>et</strong></span> <span class='ocrx_word' id='word_1_426' title='bbox 2895 2795 3013 2863; x_wconf 85' lang='lat' dir='ltr'><strong>ejus</strong></span> <span class='ocrx_word' id='word_1_427' title='bbox 3041 2793 3280 2850; x_wconf 78' lang='lat' dir='ltr'><strong>districto</strong></span> <span class='ocrx_word' id='word_1_428' title='bbox 3327 2796 3509 2865; x_wconf 83' lang='lat' dir='ltr'><strong>abjicit</strong></span> <span class='ocrx_word' id='word_1_429' title='bbox 3536 2837 3551 2859; x_wconf 98' lang='lat'><strong>,</strong></span> <span class='ocrx_word' id='word_1_430' title='bbox 3597 2806 3646 2849; x_wconf 91' lang='lat' dir='ltr'><strong>et</strong></span> 
     </span>
    </p>
   </div>
   <div class='ocr_carea' id='block_1_58' title="bbox 2082 2877 3649 2954">
    <p class='ocr_par' dir='ltr' id='par_1_58' title="bbox 2082 2877 3649 2954">
     <span class='ocr_line' id='line_1_58' title="bbox 2082 2877 3649 2954; baseline 0.006 -24"><span class='ocrx_word' id='word_1_431' title='bbox 2082 2877 2463 2937; x_wconf 81' lang='lat' dir='ltr'><strong>habitationem</strong></span> <span class='ocrx_word' id='word_1_432' title='bbox 2495 2883 2547 2936; x_wconf 89' lang='lat' dir='ltr'><strong>in</strong></span> <span class='ocrx_word' id='word_1_433' title='bbox 2576 2885 2696 2938; x_wconf 87' lang='lat' dir='ltr'><strong>aliis</strong></span> <span class='ocrx_word' id='word_1_434' title='bbox 2735 2887 3037 2940; x_wconf 81' lang='lat' dir='ltr'><strong>civitatibus</strong></span> <span class='ocrx_word' id='word_1_435' title='bbox 3079 2886 3176 2954; x_wconf 84' lang='lat' dir='ltr'><strong>ipsi</strong></span> <span class='ocrx_word' id='word_1_436' title='bbox 3227 2886 3444 2939; x_wconf 89' lang='lat' dir='ltr'><strong>omnino</strong></span> <span class='ocrx_word' id='word_1_437' title='bbox 3486 2886 3649 2940; x_wconf 82' lang='lat' dir='ltr'><strong>inter-</strong></span> 
     </span>
    </p>
   </div>
   <div class='ocr_carea' id='block_1_59' title="bbox 2082 2969 3646 3047">
    <p class='ocr_par' dir='ltr' id='par_1_59' title="bbox 2082 2969 3646 3047">
     <span class='ocr_line' id='line_1_59' title="bbox 2082 2969 3646 3047; baseline 0.001 -22"><span class='ocrx_word' id='word_1_438' title='bbox 2082 2969 2211 3026; x_wconf 88' lang='lat' dir='ltr'><strong>dicit</strong></span> <span class='ocrx_word' id='word_1_439' title='bbox 2236 2988 2252 3037; x_wconf 90' lang='lat'><strong>;</strong></span> <span class='ocrx_word' id='word_1_440' title='bbox 2280 2972 2457 3043; x_wconf 87' lang='lat' dir='ltr'><strong>itaque</strong></span> <span class='ocrx_word' id='word_1_441' title='bbox 2479 2990 2596 3027; x_wconf 87' lang='lat' dir='ltr'><strong>cum</strong></span> <span class='ocrx_word' id='word_1_442' title='bbox 2630 2974 2733 3029; x_wconf 90' lang='lat' dir='ltr'><strong>illis</strong></span> <span class='ocrx_word' id='word_1_443' title='bbox 2761 2976 2889 3029; x_wconf 88' lang='lat' dir='ltr'><strong>solis</strong></span> <span class='ocrx_word' id='word_1_444' title='bbox 2913 2976 3110 3031; x_wconf 84' lang='lat' dir='ltr'><strong>habitet</strong></span> <span class='ocrx_word' id='word_1_445' title='bbox 3138 2986 3191 3032; x_wconf 89' lang='lat' dir='ltr'><strong>et</strong></span> <span class='ocrx_word' id='word_1_446' title='bbox 3216 2978 3482 3031; x_wconf 86' lang='lat' dir='ltr'><strong>consultet</strong></span> <span class='ocrx_word' id='word_1_447' title='bbox 3507 2978 3595 3047; x_wconf 77' lang='lat' dir='ltr'><strong>qui</strong></span> <span class='ocrx_word' id='word_1_448' title='bbox 3622 2994 3646 3027; x_wconf 86' lang='lat' dir='ltr'><strong>a</strong></span> 
     </span>
    </p>
   </div>
   <div class='ocr_carea' id='block_1_60' title="bbox 2082 3065 3643 3138">
    <p class='ocr_par' dir='ltr' id='par_1_60' title="bbox 2082 3065 3643 3138">
     <span class='ocr_line' id='line_1_60' title="bbox 2082 3065 3643 3138; baseline 0.003 -19"><span class='ocrx_word' id='word_1_449' title='bbox 2082 3065 2237 3119; x_wconf 90' lang='lat' dir='ltr'><strong>nobis</strong></span> <span class='ocrx_word' id='word_1_450' title='bbox 2265 3074 2391 3120; x_wconf 89' lang='lat' dir='ltr'><strong>ante</strong></span> <span class='ocrx_word' id='word_1_451' title='bbox 2421 3066 2701 3120; x_wconf 90' lang='lat' dir='ltr'><strong>memorati</strong></span> <span class='ocrx_word' id='word_1_452' title='bbox 2730 3074 2894 3121; x_wconf 88' lang='lat' dir='ltr'><strong>sunt:</strong></span> <span class='ocrx_word' id='word_1_453' title='bbox 2922 3068 3010 3138; x_wconf 89' lang='lat' dir='ltr'><strong>qui</strong></span> <span class='ocrx_word' id='word_1_454' title='bbox 3051 3068 3241 3123; x_wconf 89' lang='lat' dir='ltr'><strong>similia</strong></span> <span class='ocrx_word' id='word_1_455' title='bbox 3290 3069 3501 3138; x_wconf 88' lang='lat' dir='ltr'><strong>quidem</strong></span> <span class='ocrx_word' id='word_1_456' title='bbox 3532 3069 3643 3123; x_wconf 84' lang='lat' dir='ltr'><strong>bla-</strong></span> 
     </span>
    </p>
   </div>
   <div class='ocr_carea' id='block_1_61' title="bbox 2083 3154 3645 3231">
    <p class='ocr_par' dir='ltr' id='par_1_61' title="bbox 2083 3154 3645 3231">
     <span class='ocr_line' id='line_1_61' title="bbox 2083 3154 3645 3231; baseline 0.001 -23"><span class='ocrx_word' id='word_1_457' title='bbox 2083 3155 2364 3223; x_wconf 79' lang='lat' dir='ltr'><strong>sphemattt</strong></span> <span class='ocrx_word' id='word_1_458' title='bbox 2391 3154 2653 3231; x_wconf 9' lang='lat' dir='ltr'><strong>,rsimiiia</strong></span> <span class='ocrx_word' id='word_1_459' title='bbox 2709 3170 2834 3211; x_wconf 89' lang='lat' dir='ltr'><strong>vero</strong></span> <span class='ocrx_word' id='word_1_460' title='bbox 2879 3158 3167 3224; x_wconf 86' lang='lat' dir='ltr'><strong>patiuntur,</strong></span> <span class='ocrx_word' id='word_1_461' title='bbox 3212 3168 3265 3212; x_wconf 89' lang='lat' dir='ltr'><strong>et</strong></span> <span class='ocrx_word' id='word_1_462' title='bbox 3318 3156 3565 3212; x_wconf 87' lang='lat' dir='ltr'><strong>similiter</strong></span> <span class='ocrx_word' id='word_1_463' title='bbox 3594 3158 3645 3211; x_wconf 81' lang='lat' dir='ltr'><strong>in</strong></span> 
     </span>
    </p>
   </div>
   <div class='ocr_carea' id='block_1_62' title="bbox 2080 3244 3648 3317">
    <p class='ocr_par' dir='ltr' id='par_1_62' title="bbox 2080 3244 3648 3317">
     <span class='ocr_line' id='line_1_62' title="bbox 2080 3244 3648 3317; baseline 0.002 -19"><span class='ocrx_word' id='word_1_464' title='bbox 2080 3245 2303 3299; x_wconf 82' lang='lat' dir='ltr'><strong>exilium</strong></span> <span class='ocrx_word' id='word_1_465' title='bbox 2352 3245 2654 3300; x_wconf 88' lang='lat' dir='ltr'><strong>mittuntur.</strong></span> <span class='ocrx_word' id='word_1_466' title='bbox 2700 3244 2757 3301; x_wconf 91' lang='lat' dir='ltr'><strong>Si</strong></span> <span class='ocrx_word' id='word_1_467' title='bbox 2794 3248 2919 3317; x_wconf 88' lang='lat' dir='ltr'><strong>quid</strong></span> <span class='ocrx_word' id='word_1_468' title='bbox 2965 3262 3092 3303; x_wconf 89' lang='lat' dir='ltr'><strong>vero</strong></span> <span class='ocrx_word' id='word_1_469' title='bbox 3132 3246 3275 3302; x_wconf 84' lang='lat' dir='ltr'><strong>aliud</strong></span> <span class='ocrx_word' id='word_1_470' title='bbox 3302 3248 3353 3303; x_wconf 92' lang='lat' dir='ltr'><strong>in</strong></span> <span class='ocrx_word' id='word_1_471' title='bbox 3384 3250 3648 3304; x_wconf 85' lang='lat' dir='ltr'><strong>sententia</strong></span> 
     </span>
    </p>
   </div>
   <div class='ocr_carea' id='block_1_63' title="bbox 400 3334 1982 3415">
    <p class='ocr_par' dir='ltr' id='par_1_63' title="bbox 400 3336 1977 3415">
     <span class='ocr_line' id='line_1_63' title="bbox 400 3336 1977 3415; baseline -0.001 -23"><span class='ocrx_word' id='word_1_472' title='bbox 400 3359 485 3401; x_wconf 74' lang='grc' dir='ltr'><strong>τε,</strong></span> <span class='ocrx_word' id='word_1_473' title='bbox 516 3341 598 3392; x_wconf 88' lang='grc' dir='ltr'><strong>καί</strong></span> <span class='ocrx_word' id='word_1_474' title='bbox 634 3339 1087 3410; x_wconf 76' lang='grc' dir='ltr'><strong>ἆναθεματιζούσῃ,</strong></span> <span class='ocrx_word' id='word_1_475' title='bbox 1123 3339 1290 3415; x_wconf 83' lang='grc' dir='ltr'><strong>κύριον</strong></span> <span class='ocrx_word' id='word_1_476' title='bbox 1334 3336 1387 3392; x_wconf 70' lang='grc' dir='ltr'><strong>δὲ</strong></span> <span class='ocrx_word' id='word_1_477' title='bbox 1426 3340 1695 3392; x_wconf 71' lang='grc' dir='ltr'><strong>καὶτοῦτο</strong></span> <span class='ocrx_word' id='word_1_478' title='bbox 1724 3338 1977 3407; x_wconf 81' lang='grc' dir='ltr'><strong>τιθέμεθα,</strong></span> 
     </span>
    </p>
   </div>
   <div class='ocr_carea' id='block_1_64' title="bbox 2085 3334 3651 3415">
    <p class='ocr_par' dir='ltr' id='par_1_64' title="bbox 2085 3337 3651 3413">
     <span class='ocr_line' id='line_1_64' title="bbox 2085 3337 3651 3413; baseline 0.003 -19"><span class='ocrx_word' id='word_1_479' title='bbox 2085 3337 2542 3394; x_wconf 81' lang='lat' dir='ltr'><strong>sanctissimorum</strong></span> <span class='ocrx_word' id='word_1_480' title='bbox 2597 3339 2968 3409; x_wconf 90' lang='lat' dir='ltr'><strong>episcoporum</strong></span> <span class='ocrx_word' id='word_1_481' title='bbox 3017 3342 3340 3406; x_wconf 84' lang='lat' dir='ltr'><strong>continetur,</strong></span> <span class='ocrx_word' id='word_1_482' title='bbox 3371 3357 3492 3411; x_wconf 70' lang='lat' dir='ltr'><strong>qua:</strong></span> <span class='ocrx_word' id='word_1_483' title='bbox 3515 3358 3651 3413; x_wconf 55' lang='lat' dir='ltr'><strong>prm-</strong></span> 
     </span>
    </p>
   </div>
   <div class='ocr_carea' id='block_1_65' title="bbox 410 3428 1974 3501">
    <p class='ocr_par' dir='ltr' id='par_1_65' title="bbox 410 3428 1974 3501">
     <span class='ocr_line' id='line_1_65' title="bbox 410 3428 1974 3501; baseline -0.003 -18"><span class='ocrx_word' id='word_1_484' title='bbox 410 3432 494 3483; x_wconf 76' lang='grc' dir='ltr'><strong>καί</strong></span> <span class='ocrx_word' id='word_1_485' title='bbox 519 3436 622 3489; x_wconf 88' lang='grc' dir='ltr'><strong>τοῖς</strong></span> <span class='ocrx_word' id='word_1_486' title='bbox 659 3429 827 3494; x_wconf 78' lang='grc' dir='ltr'><strong>θείοις,</strong></span> <span class='ocrx_word' id='word_1_487' title='bbox 858 3431 939 3481; x_wconf 88' lang='grc' dir='ltr'><strong>καί</strong></span> <span class='ocrx_word' id='word_1_488' title='bbox 967 3428 1241 3501; x_wconf 82' lang='grc' dir='ltr'><strong>βασιλικοῖς</strong></span> <span class='ocrx_word' id='word_1_489' title='bbox 1272 3431 1408 3498; x_wconf 72' lang='grc' dir='ltr'><strong>ἡμῶν</strong></span> <span class='ocrx_word' id='word_1_490' title='bbox 1459 3429 1584 3483; x_wconf 81' lang='grc' dir='ltr'><strong>αὐτό</strong></span> <span class='ocrx_word' id='word_1_491' title='bbox 1612 3428 1780 3497; x_wconf 90' lang='grc' dir='ltr'><strong>νόμοις</strong></span> <span class='ocrx_word' id='word_1_492' title='bbox 1810 3429 1974 3482; x_wconf 77' lang='grc' dir='ltr'><strong>ὶπικυ·</strong></span> 
     </span>
    </p>
   </div>
   <div class='ocr_carea' id='block_1_66' title="bbox 410 3514 1980 3597">
    <p class='ocr_par' dir='ltr' id='par_1_66' title="bbox 410 3514 1980 3597">
     <span class='ocr_line' id='line_1_66' title="bbox 410 3514 1980 3597; baseline -0.002 -23"><span class='ocrx_word' id='word_1_493' title='bbox 410 3527 615 3593; x_wconf 80' lang='grc' dir='ltr'><strong>ροῦμεν,</strong></span> <span class='ocrx_word' id='word_1_494' title='bbox 643 3522 709 3580; x_wconf 82' lang='grc' dir='ltr'><strong>ὡς</strong></span> <span class='ocrx_word' id='word_1_495' title='bbox 732 3514 793 3573; x_wconf 77' lang='grc' dir='ltr'><strong>ἂν</strong></span> <span class='ocrx_word' id='word_1_496' title='bbox 836 3522 880 3573; x_wconf 89' lang='grc' dir='ltr'><strong>εί</strong></span> <span class='ocrx_word' id='word_1_497' title='bbox 923 3522 1069 3593; x_wconf 88' lang='grc' dir='ltr'><strong>παρά</strong></span> <span class='ocrx_word' id='word_1_498' title='bbox 1113 3528 1204 3580; x_wconf 79' lang='grc' dir='ltr'><strong>τῆς</strong></span> <span class='ocrx_word' id='word_1_499' title='bbox 1242 3520 1505 3589; x_wconf 87' lang='grc' dir='ltr'><strong>βασιλείας</strong></span> <span class='ocrx_word' id='word_1_500' title='bbox 1549 3522 1710 3579; x_wconf 78' lang='grc' dir='ltr'><strong>αὐτῆς</strong></span> <span class='ocrx_word' id='word_1_501' title='bbox 1743 3520 1980 3597; x_wconf 79' lang='grc' dir='ltr'><strong>προελθὸν</strong></span> 
     </span>
    </p>
   </div>
   <div class='ocr_carea' id='block_1_67' title="bbox 410 3611 1979 3687">
    <p class='ocr_par' dir='ltr' id='par_1_67' title="bbox 410 3611 1979 3687">
     <span class='ocr_line' id='line_1_67' title="bbox 410 3611 1979 3687; baseline -0.001 -22"><span class='ocrx_word' id='word_1_502' title='bbox 410 3614 709 3684; x_wconf 70' lang='grc' dir='ltr'><strong>ἐτύγχανεν.</strong></span> <span class='ocrx_word' id='word_1_503' title='bbox 733 3614 786 3665; x_wconf 70' lang='lat' dir='ltr'><strong>Ei</strong></span> <span class='ocrx_word' id='word_1_504' title='bbox 813 3611 865 3667; x_wconf 74' lang='grc' dir='ltr'><strong>δὲ</strong></span> <span class='ocrx_word' id='word_1_505' title='bbox 887 3613 972 3665; x_wconf 82' lang='grc' dir='ltr'><strong>καί</strong></span> <span class='ocrx_word' id='word_1_506' title='bbox 996 3632 1072 3673; x_wconf 88' lang='grc' dir='ltr'><strong>τις</strong></span> <span class='ocrx_word' id='word_1_507' title='bbox 1102 3614 1263 3667; x_wconf 79' lang='grc' dir='ltr'><strong>αὐτῶν</strong></span> <span class='ocrx_word' id='word_1_508' title='bbox 1297 3614 1433 3669; x_wconf 80' lang='grc' dir='ltr'><strong>ἁλοίη</strong></span> <span class='ocrx_word' id='word_1_509' title='bbox 1458 3614 1511 3667; x_wconf 72' lang='grc' dir='ltr'><strong>τὸ</strong></span> <span class='ocrx_word' id='word_1_510' title='bbox 1539 3612 1716 3667; x_wconf 83' lang='grc' dir='ltr'><strong>λοιπὸν</strong></span> <span class='ocrx_word' id='word_1_511' title='bbox 1742 3614 1979 3687; x_wconf 82' lang='grc' dir='ltr'><strong>πράττων</strong></span> 
     </span>
    </p>
   </div>
   <div class='ocr_carea' id='block_1_68' title="bbox 415 3700 1984 3773">
    <p class='ocr_par' dir='ltr' id='par_1_68' title="bbox 415 3700 1984 3773">
     <span class='ocr_line' id='line_1_68' title="bbox 415 3700 1984 3773; baseline -0.001 -17"><span class='ocrx_word' id='word_1_512' title='bbox 415 3705 625 3772; x_wconf 80' lang='grc' dir='ltr'><strong>τιπαρά</strong></span> <span class='ocrx_word' id='word_1_513' title='bbox 671 3705 737 3756; x_wconf 87' lang='grc' dir='ltr'><strong>τὰ</strong></span> <span class='ocrx_word' id='word_1_514' title='bbox 784 3700 1215 3773; x_wconf 85' lang='grc' dir='ltr'><strong>διατετυπωμένα,</strong></span> <span class='ocrx_word' id='word_1_515' title='bbox 1248 3700 1379 3756; x_wconf 83' lang='grc' dir='ltr'><strong>ἴστω</strong></span> <span class='ocrx_word' id='word_1_516' title='bbox 1424 3705 1508 3755; x_wconf 81' lang='grc' dir='ltr'><strong>καί</strong></span> <span class='ocrx_word' id='word_1_517' title='bbox 1557 3710 1664 3762; x_wconf 88' lang='grc' dir='ltr'><strong>τοῖς</strong></span> <span class='ocrx_word' id='word_1_518' title='bbox 1705 3702 1984 3772; x_wconf 85' lang='grc' dir='ltr'><strong>βασιλικοῖς</strong></span> 
     </span>
    </p>
   </div>
   <div class='ocr_carea' id='block_1_69' title="bbox 412 3787 1983 3864">
    <p class='ocr_par' dir='ltr' id='par_1_69' title="bbox 412 3787 1983 3864">
     <span class='ocr_line' id='line_1_69' title="bbox 412 3787 1983 3864; baseline -0.001 -17"><span class='ocrx_word' id='word_1_519' title='bbox 412 3794 831 3862; x_wconf 63' lang='grc' dir='ltr'><strong>ὑποπεσούμενος</strong></span> <span class='ocrx_word' id='word_1_520' title='bbox 861 3794 1060 3864; x_wconf 80' lang='grc' dir='ltr'><strong>νόμοις,</strong></span> <span class='ocrx_word' id='word_1_521' title='bbox 1093 3793 1139 3847; x_wconf 77' lang='grc' dir='ltr'><strong>οἳ</strong></span> <span class='ocrx_word' id='word_1_522' title='bbox 1166 3787 1259 3853; x_wconf 77' lang='grc' dir='ltr'><strong>τάς</strong></span> <span class='ocrx_word' id='word_1_523' title='bbox 1293 3794 1528 3853; x_wconf 86' lang='grc' dir='ltr'><strong>ἐλάττους</strong></span> <span class='ocrx_word' id='word_1_524' title='bbox 1567 3802 1666 3848; x_wconf 83' lang='grc' dir='ltr'><strong>τῶν</strong></span> <span class='ocrx_word' id='word_1_525' title='bbox 1694 3800 1873 3848; x_wconf 83' lang='grc' dir='ltr'><strong>ποινῶν</strong></span> <span class='ocrx_word' id='word_1_526' title='bbox 1906 3801 1983 3845; x_wconf 80' lang='grc' dir='ltr'><strong>ἱκ-</strong></span> 
     </span>
    </p>
   </div>
   <div class='ocr_carea' id='block_1_70' title="bbox 418 3884 1982 3955">
    <p class='ocr_par' dir='ltr' id='par_1_70' title="bbox 418 3884 1982 3955">
     <span class='ocr_line' id='line_1_70' title="bbox 418 3884 1982 3955; baseline -0.001 -20"><span class='ocrx_word' id='word_1_527' title='bbox 418 3884 680 3948; x_wconf 78' lang='grc' dir='ltr'><strong>κλίνοντες,</strong></span> <span class='ocrx_word' id='word_1_528' title='bbox 723 3886 792 3944; x_wconf 84' lang='grc' dir='ltr'><strong>εἰς</strong></span> <span class='ocrx_word' id='word_1_529' title='bbox 843 3887 1047 3953; x_wconf 86' lang='grc' dir='ltr'><strong>μείζους</strong></span> <span class='ocrx_word' id='word_1_530' title='bbox 1103 3884 1409 3953; x_wconf 75' lang='grc' dir='ltr'><strong>ἐμϐάλλουσι</strong></span> <span class='ocrx_word' id='word_1_531' title='bbox 1454 3885 1549 3941; x_wconf 85' lang='grc' dir='ltr'><strong>τὰς</strong></span> <span class='ocrx_word' id='word_1_532' title='bbox 1588 3884 1982 3955; x_wconf 65' lang='grc' dir='ltr'><strong>ἀγανακτήσεις.</strong></span> 
     </span>
    </p>
   </div>
   <div class='ocr_carea' id='block_1_71' title="bbox 414 3972 1988 4047">
    <p class='ocr_par' dir='ltr' id='par_1_71' title="bbox 414 3972 1988 4047">
     <span class='ocr_line' id='line_1_71' title="bbox 414 3972 1988 4047; baseline -0.002 -16"><span class='ocrx_word' id='word_1_533' title='bbox 414 3973 813 4047; x_wconf 72' lang='grc' dir='ltr'><strong>’Λπαγορεύομεν</strong></span> <span class='ocrx_word' id='word_1_534' title='bbox 840 3974 893 4030; x_wconf 82' lang='grc' dir='ltr'><strong>δὲ</strong></span> <span class='ocrx_word' id='word_1_535' title='bbox 921 3978 1005 4030; x_wconf 84' lang='grc' dir='ltr'><strong>καί</strong></span> <span class='ocrx_word' id='word_1_536' title='bbox 1027 3978 1179 4030; x_wconf 88' lang='grc' dir='ltr'><strong>παντί</strong></span> <span class='ocrx_word' id='word_1_537' title='bbox 1205 3983 1277 4047; x_wconf 80' lang='grc' dir='ltr'><strong>τῷ</strong></span> <span class='ocrx_word' id='word_1_538' title='bbox 1302 3980 1393 4031; x_wconf 71' lang='grc' dir='ltr'><strong>τὸν</strong></span> <span class='ocrx_word' id='word_1_539' title='bbox 1424 3975 1681 4032; x_wconf 69' lang='grc' dir='ltr'><strong>καθολικὴν</strong></span> <span class='ocrx_word' id='word_1_540' title='bbox 1728 3972 1988 4033; x_wconf 71' lang='grc' dir='ltr'><strong>ἐκκλησίαν</strong></span> 
     </span>
    </p>
   </div>
   <div class='ocr_carea' id='block_1_72' title="bbox 413 4065 1983 4141">
    <p class='ocr_par' dir='ltr' id='par_1_72' title="bbox 413 4065 1983 4141">
     <span class='ocr_line' id='line_1_72' title="bbox 413 4065 1983 4141; baseline 0 -20"><span class='ocrx_word' id='word_1_541' title='bbox 413 4074 509 4122; x_wconf 81' lang='grc' dir='ltr'><strong>τοῦ</strong></span> <span class='ocrx_word' id='word_1_542' title='bbox 535 4074 662 4121; x_wconf 85' lang='grc' dir='ltr'><strong>Θεοῦ</strong></span> <span class='ocrx_word' id='word_1_543' title='bbox 691 4066 914 4137; x_wconf 85' lang='grc' dir='ltr'><strong>διασπᾷν</strong></span> <span class='ocrx_word' id='word_1_544' title='bbox 944 4068 1309 4141; x_wconf 78' lang='grc' dir='ltr'><strong>ἐπιχειροῦντι,</strong></span> <span class='ocrx_word' id='word_1_545' title='bbox 1331 4065 1428 4120; x_wconf 83' lang='grc' dir='ltr'><strong>εἴτε</strong></span> <span class='ocrx_word' id='word_1_546' title='bbox 1453 4067 1582 4121; x_wconf 84' lang='grc' dir='ltr'><strong>κατά</strong></span> <span class='ocrx_word' id='word_1_547' title='bbox 1597 4072 1685 4126; x_wconf 79' lang='grc' dir='ltr'><strong>τὴν</strong></span> <span class='ocrx_word' id='word_1_548' title='bbox 1709 4071 1983 4140; x_wconf 80' lang='grc' dir='ltr'><strong>Νεστορίου</strong></span> 
     </span>
    </p>
   </div>
   <div class='ocr_carea' id='block_1_73' title="bbox 421 4156 1990 4231">
    <p class='ocr_par' dir='ltr' id='par_1_73' title="bbox 421 4156 1990 4231">
     <span class='ocr_line' id='line_1_73' title="bbox 421 4156 1990 4231; baseline 0 -21"><span class='ocrx_word' id='word_1_549' title='bbox 421 4164 512 4210; x_wconf 87' lang='grc' dir='ltr'><strong>τοῦ</strong></span> <span class='ocrx_word' id='word_1_550' title='bbox 538 4158 906 4231; x_wconf 72' lang='grc' dir='ltr'><strong>φρινοϐλαϐοῦς</strong></span> <span class='ocrx_word' id='word_1_551' title='bbox 934 4159 1197 4230; x_wconf 71' lang='grc' dir='ltr'><strong>ὑφήγησιν,</strong></span> <span class='ocrx_word' id='word_1_552' title='bbox 1232 4156 1328 4212; x_wconf 81' lang='grc' dir='ltr'><strong>εἴτε</strong></span> <span class='ocrx_word' id='word_1_553' title='bbox 1370 4160 1492 4212; x_wconf 83' lang='grc' dir='ltr'><strong>κατὰ</strong></span> <span class='ocrx_word' id='word_1_554' title='bbox 1527 4163 1615 4215; x_wconf 77' lang='grc' dir='ltr'><strong>την</strong></span> <span class='ocrx_word' id='word_1_555' title='bbox 1641 4158 1849 4215; x_wconf 81' lang='grc' dir='ltr'><strong>ἀνόητον</strong></span> <span class='ocrx_word' id='word_1_556' title='bbox 1889 4156 1990 4210; x_wconf 73' lang='grc' dir='ltr'><strong>Εὔ-</strong></span> 
     </span>
    </p>
   </div>
   <div class='ocr_carea' id='block_1_74' title="bbox 422 4248 1990 4329">
    <p class='ocr_par' dir='ltr' id='par_1_74' title="bbox 422 4248 1990 4329">
     <span class='ocr_line' id='line_1_74' title="bbox 422 4248 1990 4329; baseline 0.002 -26"><span class='ocrx_word' id='word_1_557' title='bbox 422 4257 624 4320; x_wconf 85' lang='grc' dir='ltr'><strong>τυχοῦς</strong></span> <span class='ocrx_word' id='word_1_558' title='bbox 669 4248 965 4324; x_wconf 78' lang='grc' dir='ltr'><strong>παράδοσιν,</strong></span> <span class='ocrx_word' id='word_1_559' title='bbox 994 4249 1093 4305; x_wconf 79' lang='grc' dir='ltr'><strong>εἴτε</strong></span> <span class='ocrx_word' id='word_1_560' title='bbox 1133 4253 1261 4305; x_wconf 80' lang='grc' dir='ltr'><strong>κατὰ</strong></span> <span class='ocrx_word' id='word_1_561' title='bbox 1297 4256 1386 4309; x_wconf 71' lang='grc' dir='ltr'><strong>την</strong></span> <span class='ocrx_word' id='word_1_562' title='bbox 1418 4256 1634 4329; x_wconf 78' lang='grc' dir='ltr'><strong>Σευήρου</strong></span> <span class='ocrx_word' id='word_1_563' title='bbox 1672 4254 1990 4326; x_wconf 83' lang='grc' dir='ltr'><strong>βλασφημίαν</strong></span> 
     </span>
    </p>
   </div>
   <div class='ocr_carea' id='block_1_75' title="bbox 423 4342 1991 4407">
    <p class='ocr_par' dir='ltr' id='par_1_75' title="bbox 423 4342 1991 4407">
     <span class='ocr_line' id='line_1_75' title="bbox 423 4342 1991 4407; baseline 0.004 -12"><span class='ocrx_word' id='word_1_564' title='bbox 423 4343 585 4395; x_wconf 86' lang='grc' dir='ltr'><strong>ταυτά</strong></span> <span class='ocrx_word' id='word_1_565' title='bbox 608 4343 849 4401; x_wconf 82' lang='grc' dir='ltr'><strong>κάκείνοις</strong></span> <span class='ocrx_word' id='word_1_566' title='bbox 876 4346 1162 4407; x_wconf 72' lang='grc' dir='ltr'><strong>νοήσαντος,</strong></span> <span class='ocrx_word' id='word_1_567' title='bbox 1197 4342 1289 4396; x_wconf 78' lang='grc' dir='ltr'><strong>εἴτε</strong></span> <span class='ocrx_word' id='word_1_568' title='bbox 1320 4352 1417 4397; x_wconf 84' lang='grc' dir='ltr'><strong>τῶν</strong></span> <span class='ocrx_word' id='word_1_569' title='bbox 1448 4346 1645 4405; x_wconf 82' lang='grc' dir='ltr'><strong>ἐκείνοις</strong></span> <span class='ocrx_word' id='word_1_570' title='bbox 1666 4347 1991 4401; x_wconf 78' lang='grc' dir='ltr'><strong>ἀκολουθούν-</strong></span> 
     </span>
    </p>
   </div>
   <div class='ocr_carea' id='block_1_76' title="bbox 422 4432 1992 4510">
    <p class='ocr_par' dir='ltr' id='par_1_76' title="bbox 422 4432 1992 4510">
     <span class='ocr_line' id='line_1_76' title="bbox 422 4432 1992 4510; baseline 0.004 -24"><span class='ocrx_word' id='word_1_571' title='bbox 422 4456 521 4486; x_wconf 82' lang='grc' dir='ltr'><strong>των</strong></span> <span class='ocrx_word' id='word_1_572' title='bbox 547 4441 656 4493; x_wconf 91' lang='grc' dir='ltr'><strong>ταῖς</strong></span> <span class='ocrx_word' id='word_1_573' title='bbox 682 4432 989 4505; x_wconf 69' lang='grc' dir='ltr'><strong>ἁγιωτάταις</strong></span> <span class='ocrx_word' id='word_1_574' title='bbox 1008 4435 1318 4494; x_wconf 82' lang='grc' dir='ltr'><strong>Ἐκκλησίαις</strong></span> <span class='ocrx_word' id='word_1_575' title='bbox 1342 4439 1581 4510; x_wconf 83' lang='grc' dir='ltr'><strong>ταραχάς</strong></span> <span class='ocrx_word' id='word_1_576' title='bbox 1604 4440 1877 4509; x_wconf 61' lang='grc' dir='ltr'><strong>ἐμξάλλειν,</strong></span> <span class='ocrx_word' id='word_1_577' title='bbox 1907 4443 1992 4493; x_wconf 89' lang='grc' dir='ltr'><strong>καί</strong></span> 
     </span>
    </p>
   </div>
   <div class='ocr_carea' id='block_1_77' title="bbox 418 4525 1992 4599">
    <p class='ocr_par' dir='ltr' id='par_1_77' title="bbox 418 4525 1992 4599">
     <span class='ocr_line' id='line_1_77' title="bbox 418 4525 1992 4599; baseline 0.006 -26"><span class='ocrx_word' id='word_1_578' title='bbox 418 4525 717 4597; x_wconf 66' lang='grc' dir='ltr'><strong>φθέγγεσθαί</strong></span> <span class='ocrx_word' id='word_1_579' title='bbox 745 4547 792 4579; x_wconf 91' lang='grc' dir='ltr'><strong>τι</strong></span> <span class='ocrx_word' id='word_1_580' title='bbox 821 4528 937 4596; x_wconf 84' lang='grc' dir='ltr'><strong>περὶ</strong></span> <span class='ocrx_word' id='word_1_581' title='bbox 978 4529 1222 4585; x_wconf 83' lang='grc' dir='ltr'><strong>πίστεως·</strong></span> <span class='ocrx_word' id='word_1_582' title='bbox 1272 4528 1393 4581; x_wconf 82' lang='grc' dir='ltr'><strong>ἀλλὰ</strong></span> <span class='ocrx_word' id='word_1_583' title='bbox 1442 4531 1739 4599; x_wconf 82' lang='grc' dir='ltr'><strong>θεσπίζομεν</strong></span> <span class='ocrx_word' id='word_1_584' title='bbox 1781 4532 1992 4585; x_wconf 86' lang='grc' dir='ltr'><strong>ἕκαστον</strong></span> 
     </span>
    </p>
   </div>
   <div class='ocr_carea' id='block_1_78' title="bbox 426 4613 1988 4692">
    <p class='ocr_par' dir='ltr' id='par_1_78' title="bbox 426 4613 1988 4692">
     <span class='ocr_line' id='line_1_78' title="bbox 426 4613 1988 4692; baseline 0.004 -27"><span class='ocrx_word' id='word_1_585' title='bbox 426 4622 524 4668; x_wconf 79' lang='grc' dir='ltr'><strong>τῶν</strong></span> <span class='ocrx_word' id='word_1_586' title='bbox 550 4616 785 4669; x_wconf 76' lang='grc' dir='ltr'><strong>τοιούτων</strong></span> <span class='ocrx_word' id='word_1_587' title='bbox 816 4620 904 4673; x_wconf 73' lang='grc' dir='ltr'><strong>τήν</strong></span> <span class='ocrx_word' id='word_1_588' title='bbox 933 4617 1159 4685; x_wconf 76' lang='grc' dir='ltr'><strong>ἡσυχίαν</strong></span> <span class='ocrx_word' id='word_1_589' title='bbox 1191 4613 1347 4687; x_wconf 79' lang='grc' dir='ltr'><strong>ἄγειν,</strong></span> <span class='ocrx_word' id='word_1_590' title='bbox 1382 4622 1464 4671; x_wconf 88' lang='grc' dir='ltr'><strong>καί</strong></span> <span class='ocrx_word' id='word_1_591' title='bbox 1494 4617 1611 4675; x_wconf 71' lang='grc' dir='ltr'><strong>μηδὲ</strong></span> <span class='ocrx_word' id='word_1_592' title='bbox 1635 4621 1895 4692; x_wconf 70' lang='grc' dir='ltr'><strong>συγκαλεῖν</strong></span> <span class='ocrx_word' id='word_1_593' title='bbox 1920 4624 1988 4681; x_wconf 88' lang='grc' dir='ltr'><strong>είς</strong></span> 
     </span>
    </p>
   </div>
   <div class='ocr_carea' id='block_1_79' title="bbox 2080 3428 3639 3500">
    <p class='ocr_par' dir='ltr' id='par_1_79' title="bbox 2080 3428 3639 3500">
     <span class='ocr_line' id='line_1_79' title="bbox 2080 3428 3639 3500; baseline 0.001 -16"><span class='ocrx_word' id='word_1_594' title='bbox 2080 3429 2251 3485; x_wconf 87' lang='lat' dir='ltr'><strong>dictos</strong></span> <span class='ocrx_word' id='word_1_595' title='bbox 2275 3428 2527 3500; x_wconf 85' lang='lat' dir='ltr'><strong>deponit,</strong></span> <span class='ocrx_word' id='word_1_596' title='bbox 2549 3438 2606 3485; x_wconf 85' lang='lat' dir='ltr'><strong>et</strong></span> <span class='ocrx_word' id='word_1_597' title='bbox 2627 3430 3058 3497; x_wconf 76' lang='lat' dir='ltr'><strong>anathematizat,</strong></span> <span class='ocrx_word' id='word_1_598' title='bbox 3091 3431 3193 3487; x_wconf 88' lang='lat' dir='ltr'><strong>hoc</strong></span> <span class='ocrx_word' id='word_1_599' title='bbox 3221 3431 3427 3487; x_wconf 88' lang='lat' dir='ltr'><strong>ﬁrmius</strong></span> <span class='ocrx_word' id='word_1_600' title='bbox 3460 3433 3639 3488; x_wconf 81' lang='lat' dir='ltr'><strong>reddi-</strong></span> 
     </span>
    </p>
   </div>
   <div class='ocr_carea' id='block_1_80' title="bbox 2083 3521 3650 3595">
    <p class='ocr_par' dir='ltr' id='par_1_80' title="bbox 2083 3521 3650 3595">
     <span class='ocr_line' id='line_1_80' title="bbox 2083 3521 3650 3595; baseline 0.001 -19"><span class='ocrx_word' id='word_1_601' title='bbox 2083 3536 2202 3576; x_wconf 87' lang='lat' dir='ltr'><strong>mus</strong></span> <span class='ocrx_word' id='word_1_602' title='bbox 2222 3529 2276 3576; x_wconf 91' lang='lat' dir='ltr'><strong>et</strong></span> <span class='ocrx_word' id='word_1_603' title='bbox 2303 3521 2519 3587; x_wconf 83' lang='lat' dir='ltr'><strong>divinis,</strong></span> <span class='ocrx_word' id='word_1_604' title='bbox 2553 3536 2616 3575; x_wconf 90' lang='lat' dir='ltr'><strong>ac</strong></span> <span class='ocrx_word' id='word_1_605' title='bbox 2644 3522 3002 3592; x_wconf 88' lang='lat' dir='ltr'><strong>imperialibus</strong></span> <span class='ocrx_word' id='word_1_606' title='bbox 3020 3526 3221 3580; x_wconf 84' lang='lat' dir='ltr'><strong>nostris</strong></span> <span class='ocrx_word' id='word_1_607' title='bbox 3249 3524 3451 3595; x_wconf 87' lang='lat' dir='ltr'><strong>legibus</strong></span> <span class='ocrx_word' id='word_1_608' title='bbox 3482 3524 3650 3593; x_wconf 88' lang='lat' dir='ltr'><strong>ipsum</strong></span> 
     </span>
    </p>
   </div>
   <div class='ocr_carea' id='block_1_81' title="bbox 2093 3612 3653 3685">
    <p class='ocr_par' dir='ltr' id='par_1_81' title="bbox 2093 3612 3653 3685">
     <span class='ocr_line' id='line_1_81' title="bbox 2093 3612 3653 3685; baseline 0.002 -18"><span class='ocrx_word' id='word_1_609' title='bbox 2093 3612 2530 3678; x_wconf 88' lang='lat' dir='ltr'><strong>corroboramus,</strong></span> <span class='ocrx_word' id='word_1_610' title='bbox 2562 3626 2625 3667; x_wconf 86' lang='lat' dir='ltr'><strong>ac</strong></span> <span class='ocrx_word' id='word_1_611' title='bbox 2654 3612 2697 3666; x_wconf 89' lang='lat' dir='ltr'><strong>si</strong></span> <span class='ocrx_word' id='word_1_612' title='bbox 2716 3613 2784 3667; x_wconf 90' lang='lat' dir='ltr'><strong>ab</strong></span> <span class='ocrx_word' id='word_1_613' title='bbox 2813 3615 3036 3683; x_wconf 87' lang='lat' dir='ltr'><strong>imperio</strong></span> <span class='ocrx_word' id='word_1_614' title='bbox 3068 3617 3188 3685; x_wconf 93' lang='lat' dir='ltr'><strong>ipso</strong></span> <span class='ocrx_word' id='word_1_615' title='bbox 3216 3616 3564 3685; x_wconf 81' lang='lat' dir='ltr'><strong>provenisset.</strong></span> <span class='ocrx_word' id='word_1_616' title='bbox 3597 3618 3653 3672; x_wconf 88' lang='lat' dir='ltr'><strong>Si</strong></span> 
     </span>
    </p>
   </div>
   <div class='ocr_carea' id='block_1_82' title="bbox 2088 3700 3654 3774">
    <p class='ocr_par' dir='ltr' id='par_1_82' title="bbox 2088 3700 3654 3774">
     <span class='ocr_line' id='line_1_82' title="bbox 2088 3700 3654 3774; baseline 0.005 -21"><span class='ocrx_word' id='word_1_617' title='bbox 2088 3717 2215 3756; x_wconf 89' lang='lat' dir='ltr'><strong>vero</strong></span> <span class='ocrx_word' id='word_1_618' title='bbox 2237 3700 2429 3771; x_wconf 84' lang='lat' dir='ltr'><strong>aliquis</strong></span> <span class='ocrx_word' id='word_1_619' title='bbox 2455 3702 2689 3773; x_wconf 89' lang='lat' dir='ltr'><strong>ipsorum</strong></span> <span class='ocrx_word' id='word_1_620' title='bbox 2716 3705 3144 3774; x_wconf 85' lang='lat' dir='ltr'><strong>deprehendatur</strong></span> <span class='ocrx_word' id='word_1_621' title='bbox 3165 3706 3232 3763; x_wconf 90' lang='lat' dir='ltr'><strong>de</strong></span> <span class='ocrx_word' id='word_1_622' title='bbox 3261 3717 3455 3762; x_wconf 62' lang='lat' dir='ltr'><strong>cancro</strong></span> <span class='ocrx_word' id='word_1_623' title='bbox 3478 3706 3654 3762; x_wconf 76' lang='lat' dir='ltr'><strong>facere</strong></span> 
     </span>
    </p>
   </div>
   <div class='ocr_carea' id='block_1_83' title="bbox 2088 3794 3648 3870">
    <p class='ocr_par' dir='ltr' id='par_1_83' title="bbox 2088 3794 3648 3870">
     <span class='ocr_line' id='line_1_83' title="bbox 2088 3794 3648 3870; baseline 0.004 -24"><span class='ocrx_word' id='word_1_624' title='bbox 2088 3794 2286 3864; x_wconf 81' lang='lat' dir='ltr'><strong>aliquid</strong></span> <span class='ocrx_word' id='word_1_625' title='bbox 2318 3805 2511 3863; x_wconf 66' lang='lat' dir='ltr'><strong>preter</strong></span> <span class='ocrx_word' id='word_1_626' title='bbox 2539 3798 2844 3863; x_wconf 85' lang='lat' dir='ltr'><strong>constituta,</strong></span> <span class='ocrx_word' id='word_1_627' title='bbox 2891 3798 3025 3852; x_wconf 89' lang='lat' dir='ltr'><strong>sciat</strong></span> <span class='ocrx_word' id='word_1_628' title='bbox 3056 3813 3114 3853; x_wconf 90' lang='lat' dir='ltr'><strong>se</strong></span> <span class='ocrx_word' id='word_1_629' title='bbox 3143 3798 3397 3854; x_wconf 89' lang='lat' dir='ltr'><strong>incidisse</strong></span> <span class='ocrx_word' id='word_1_630' title='bbox 3421 3798 3473 3854; x_wconf 91' lang='lat' dir='ltr'><strong>in</strong></span> <span class='ocrx_word' id='word_1_631' title='bbox 3502 3800 3648 3870; x_wconf 84' lang='lat' dir='ltr'><strong>leges</strong></span> 
     </span>
    </p>
   </div>
   <div class='ocr_carea' id='block_1_84' title="bbox 2090 3887 3653 3957">
    <p class='ocr_par' dir='ltr' id='par_1_84' title="bbox 2090 3887 3653 3957">
     <span class='ocr_line' id='line_1_84' title="bbox 2090 3887 3653 3957; baseline 0.003 -15"><span class='ocrx_word' id='word_1_632' title='bbox 2090 3887 2417 3957; x_wconf 88' lang='lat' dir='ltr'><strong>imperiales,</strong></span> <span class='ocrx_word' id='word_1_633' title='bbox 2442 3901 2562 3957; x_wconf 63' lang='lat' dir='ltr'><strong>quae</strong></span> <span class='ocrx_word' id='word_1_634' title='bbox 2593 3890 2827 3943; x_wconf 88' lang='lat' dir='ltr'><strong>minores</strong></span> <span class='ocrx_word' id='word_1_635' title='bbox 2859 3905 3041 3957; x_wconf 70' lang='lat' dir='ltr'><strong>poenas</strong></span> <span class='ocrx_word' id='word_1_636' title='bbox 3059 3891 3410 3957; x_wconf 87' lang='lat' dir='ltr'><strong>declinantes,</strong></span> <span class='ocrx_word' id='word_1_637' title='bbox 3446 3892 3513 3946; x_wconf 89' lang='lat' dir='ltr'><strong>ad</strong></span> <span class='ocrx_word' id='word_1_638' title='bbox 3544 3908 3653 3946; x_wconf 88' lang='lat' dir='ltr'><strong>ma-</strong></span> 
     </span>
    </p>
   </div>
   <div class='ocr_carea' id='block_1_85' title="bbox 2085 3977 3650 4049">
    <p class='ocr_par' dir='ltr' id='par_1_85' title="bbox 2085 3977 3650 4049">
     <span class='ocr_line' id='line_1_85' title="bbox 2085 3977 3650 4049; baseline 0.003 -18"><span class='ocrx_word' id='word_1_639' title='bbox 2085 3978 2233 4048; x_wconf 87' lang='lat' dir='ltr'><strong>jores</strong></span> <span class='ocrx_word' id='word_1_640' title='bbox 2262 3977 2555 4032; x_wconf 90' lang='lat' dir='ltr'><strong>immittunt</strong></span> <span class='ocrx_word' id='word_1_641' title='bbox 2600 3979 3007 4049; x_wconf 88' lang='lat' dir='ltr'><strong>indignationes.</strong></span> <span class='ocrx_word' id='word_1_642' title='bbox 3057 3982 3428 4039; x_wconf 88' lang='lat' dir='ltr'><strong>lnterdicimus</strong></span> <span class='ocrx_word' id='word_1_643' title='bbox 3475 3994 3650 4038; x_wconf 86' lang='lat' dir='ltr'><strong>autem</strong></span> 
     </span>
    </p>
   </div>
   <div class='ocr_carea' id='block_1_86' title="bbox 2091 4067 3657 4130">
    <p class='ocr_par' dir='ltr' id='par_1_86' title="bbox 2091 4067 3657 4130">
     <span class='ocr_line' id='line_1_86' title="bbox 2091 4067 3657 4130; baseline 0.004 -8"><span class='ocrx_word' id='word_1_644' title='bbox 2091 4078 2145 4122; x_wconf 89' lang='lat' dir='ltr'><strong>et</strong></span> <span class='ocrx_word' id='word_1_645' title='bbox 2168 4067 2414 4123; x_wconf 83' lang='lat' dir='ltr'><strong>omnibus</strong></span> <span class='ocrx_word' id='word_1_646' title='bbox 2436 4070 2755 4125; x_wconf 88' lang='lat' dir='ltr'><strong>conantibus</strong></span> <span class='ocrx_word' id='word_1_647' title='bbox 2781 4073 3095 4127; x_wconf 89' lang='lat' dir='ltr'><strong>catholicam</strong></span> <span class='ocrx_word' id='word_1_648' title='bbox 3122 4075 3211 4129; x_wconf 85' lang='lat' dir='ltr'><strong>Dei</strong></span> <span class='ocrx_word' id='word_1_649' title='bbox 3246 4076 3537 4130; x_wconf 86' lang='lat' dir='ltr'><strong>Ecclesiam</strong></span> <span class='ocrx_word' id='word_1_650' title='bbox 3576 4077 3657 4129; x_wconf 84' lang='lat' dir='ltr'><strong>di-</strong></span> 
     </span>
    </p>
   </div>
   <div class='ocr_carea' id='block_1_87' title="bbox 2094 4160 3652 4232">
    <p class='ocr_par' dir='ltr' id='par_1_87' title="bbox 2094 4160 3652 4232">
     <span class='ocr_line' id='line_1_87' title="bbox 2094 4160 3652 4232; baseline 0.006 -20"><span class='ocrx_word' id='word_1_651' title='bbox 2094 4160 2293 4215; x_wconf 78' lang='lat' dir='ltr'><strong>vellere</strong></span> <span class='ocrx_word' id='word_1_652' title='bbox 2317 4161 2455 4232; x_wconf 83' lang='lat' dir='ltr'><strong>(sive</strong></span> <span class='ocrx_word' id='word_1_653' title='bbox 2478 4163 2766 4217; x_wconf 88' lang='lat' dir='ltr'><strong>secundum</strong></span> <span class='ocrx_word' id='word_1_654' title='bbox 2790 4164 3016 4220; x_wconf 80' lang='lat' dir='ltr'><strong>Nestorii</strong></span> <span class='ocrx_word' id='word_1_655' title='bbox 3058 4167 3293 4222; x_wconf 71' lang='lat' dir='ltr'><strong>haeretici</strong></span> <span class='ocrx_word' id='word_1_656' title='bbox 3333 4168 3652 4231; x_wconf 83' lang='lat' dir='ltr'><strong>doctrinam,</strong></span> 
     </span>
    </p>
   </div>
   <div class='ocr_carea' id='block_1_88' title="bbox 2092 4252 3659 4327">
    <p class='ocr_par' dir='ltr' id='par_1_88' title="bbox 2092 4252 3659 4327">
     <span class='ocr_line' id='line_1_88' title="bbox 2092 4252 3659 4327; baseline 0.008 -26"><span class='ocrx_word' id='word_1_657' title='bbox 2092 4252 2204 4305; x_wconf 89' lang='lat' dir='ltr'><strong>sive</strong></span> <span class='ocrx_word' id='word_1_658' title='bbox 2245 4252 2536 4306; x_wconf 90' lang='lat' dir='ltr'><strong>secundum</strong></span> <span class='ocrx_word' id='word_1_659' title='bbox 2570 4255 2824 4309; x_wconf 86' lang='lat' dir='ltr'><strong>insensati</strong></span> <span class='ocrx_word' id='word_1_660' title='bbox 2858 4258 3109 4327; x_wconf 87' lang='lat' dir='ltr'><strong>Eutychis</strong></span> <span class='ocrx_word' id='word_1_661' title='bbox 3162 4259 3519 4327; x_wconf 85' lang='lat' dir='ltr'><strong>traditionem,</strong></span> <span class='ocrx_word' id='word_1_662' title='bbox 3547 4263 3659 4314; x_wconf 83' lang='lat' dir='ltr'><strong>sive</strong></span> 
     </span>
    </p>
   </div>
   <div class='ocr_carea' id='block_1_89' title="bbox 2094 4343 3661 4419">
    <p class='ocr_par' dir='ltr' id='par_1_89' title="bbox 2094 4343 3661 4419">
     <span class='ocr_line' id='line_1_89' title="bbox 2094 4343 3661 4419; baseline 0.006 -25"><span class='ocrx_word' id='word_1_663' title='bbox 2094 4343 2385 4396; x_wconf 86' lang='lat' dir='ltr'><strong>secundum</strong></span> <span class='ocrx_word' id='word_1_664' title='bbox 2434 4345 2814 4414; x_wconf 70' lang='lat' dir='ltr'><strong>blilSpilellliam</strong></span> <span class='ocrx_word' id='word_1_665' title='bbox 2849 4348 3058 4415; x_wconf 80' lang='lat' dir='ltr'><strong>Severi,</strong></span> <span class='ocrx_word' id='word_1_666' title='bbox 3087 4350 3173 4419; x_wconf 89' lang='lat' dir='ltr'><strong>qui</strong></span> <span class='ocrx_word' id='word_1_667' title='bbox 3217 4363 3271 4407; x_wconf 88' lang='lat' dir='ltr'><strong>et</strong></span> <span class='ocrx_word' id='word_1_668' title='bbox 3320 4352 3515 4407; x_wconf 87' lang='lat' dir='ltr'><strong>similia</strong></span> <span class='ocrx_word' id='word_1_669' title='bbox 3560 4353 3661 4406; x_wconf 78' lang='lat' dir='ltr'><strong>illis;</strong></span> 
     </span>
    </p>
   </div>
   <div class='ocr_carea' id='block_1_90' title="bbox 2094 4431 3655 4509">
    <p class='ocr_par' dir='ltr' id='par_1_90' title="bbox 2094 4431 3655 4509">
     <span class='ocr_line' id='line_1_90' title="bbox 2094 4431 3655 4509; baseline 0.007 -24"><span class='ocrx_word' id='word_1_670' title='bbox 2094 4431 2369 4497; x_wconf 71' lang='lat' dir='ltr'><strong>intellexit,</strong></span> <span class='ocrx_word' id='word_1_671' title='bbox 2397 4446 2484 4487; x_wconf 87' lang='lat' dir='ltr'><strong>aut</strong></span> <span class='ocrx_word' id='word_1_672' title='bbox 2512 4451 2693 4493; x_wconf 90' lang='lat' dir='ltr'><strong>eorum</strong></span> <span class='ocrx_word' id='word_1_673' title='bbox 2718 4441 2804 4506; x_wconf 90' lang='lat' dir='ltr'><strong>qui</strong></span> <span class='ocrx_word' id='word_1_674' title='bbox 2835 4439 2952 4493; x_wconf 91' lang='lat' dir='ltr'><strong>illos</strong></span> <span class='ocrx_word' id='word_1_675' title='bbox 2973 4447 3310 4509; x_wconf 86' lang='lat' dir='ltr'><strong>sequuntur),</strong></span> <span class='ocrx_word' id='word_1_676' title='bbox 3344 4444 3655 4497; x_wconf 76' lang='lat' dir='ltr'><strong>seditionem</strong></span> 
     </span>
    </p>
   </div>
   <div class='ocr_carea' id='block_1_91' title="bbox 2095 4524 3658 4601">
    <p class='ocr_par' dir='ltr' id='par_1_91' title="bbox 2095 4524 3658 4601">
     <span class='ocr_line' id='line_1_91' title="bbox 2095 4524 3658 4601; baseline 0.005 -24"><span class='ocrx_word' id='word_1_677' title='bbox 2095 4524 2379 4579; x_wconf 88' lang='lat' dir='ltr'><strong>immittere</strong></span> <span class='ocrx_word' id='word_1_678' title='bbox 2408 4528 2757 4583; x_wconf 88' lang='lat' dir='ltr'><strong>sanctissimis</strong></span> <span class='ocrx_word' id='word_1_679' title='bbox 2783 4530 3053 4597; x_wconf 72' lang='lat' dir='ltr'><strong>Eccles‘is,</strong></span> <span class='ocrx_word' id='word_1_680' title='bbox 3084 4540 3135 4585; x_wconf 93' lang='lat' dir='ltr'><strong>et</strong></span> <span class='ocrx_word' id='word_1_681' title='bbox 3178 4532 3316 4600; x_wconf 84' lang='lat' dir='ltr'><strong>loqui</strong></span> <span class='ocrx_word' id='word_1_682' title='bbox 3356 4534 3548 4601; x_wconf 88' lang='lat' dir='ltr'><strong>aliquid</strong></span> <span class='ocrx_word' id='word_1_683' title='bbox 3593 4535 3658 4585; x_wconf 78' lang='lat' dir='ltr'><strong>de</strong></span> 
     </span>
    </p>
   </div>
   <div class='ocr_carea' id='block_1_92' title="bbox 2098 4616 3656 4691">
    <p class='ocr_par' dir='ltr' id='par_1_92' title="bbox 2098 4616 3656 4691">
     <span class='ocr_line' id='line_1_92' title="bbox 2098 4616 3656 4691; baseline 0.008 -25"><span class='ocrx_word' id='word_1_684' title='bbox 2098 4617 2230 4679; x_wconf 87' lang='lat' dir='ltr'><strong>lide;</strong></span> <span class='ocrx_word' id='word_1_685' title='bbox 2265 4616 2358 4670; x_wconf 87' lang='lat' dir='ltr'><strong>sed</strong></span> <span class='ocrx_word' id='word_1_686' title='bbox 2384 4619 2650 4673; x_wconf 84' lang='lat' dir='ltr'><strong>sancimus</strong></span> <span class='ocrx_word' id='word_1_687' title='bbox 2681 4621 2973 4686; x_wconf 88' lang='lat' dir='ltr'><strong>quemlibet</strong></span> <span class='ocrx_word' id='word_1_688' title='bbox 3019 4623 3198 4674; x_wconf 89' lang='lat' dir='ltr'><strong>talium</strong></span> <span class='ocrx_word' id='word_1_689' title='bbox 3224 4624 3457 4691; x_wconf 88' lang='lat' dir='ltr'><strong>quietmu</strong></span> <span class='ocrx_word' id='word_1_690' title='bbox 3488 4639 3609 4677; x_wconf 89' lang='lat' dir='ltr'><strong>esse</strong></span> <span class='ocrx_word' id='word_1_691' title='bbox 3642 4665 3656 4687; x_wconf 90' lang='lat'><strong>,</strong></span> 
     </span>
    </p>
   </div>
   <div class='ocr_carea' id='block_1_93' title="bbox 430 4702 1982 4784">
    <p class='ocr_par' dir='ltr' id='par_1_93' title="bbox 430 4702 1982 4784">
     <span class='ocr_line' id='line_1_93' title="bbox 430 4702 1982 4784; baseline 0.003 -26"><span class='ocrx_word' id='word_1_692' title='bbox 430 4702 609 4760; x_wconf 71' lang='grc' dir='ltr'><strong>ἔαυτόν</strong></span> <span class='ocrx_word' id='word_1_693' title='bbox 637 4727 799 4769; x_wconf 85' lang='grc' dir='ltr'><strong>τινας,</strong></span> <span class='ocrx_word' id='word_1_694' title='bbox 828 4710 952 4777; x_wconf 80' lang='grc' dir='ltr'><strong>μήτε</strong></span> <span class='ocrx_word' id='word_1_695' title='bbox 986 4706 1285 4781; x_wconf 82' lang='grc' dir='ltr'><strong>προσιόντας</strong></span> <span class='ocrx_word' id='word_1_696' title='bbox 1315 4706 1583 4776; x_wconf 80' lang='grc' dir='ltr'><strong>δέχεσθαι,</strong></span> <span class='ocrx_word' id='word_1_697' title='bbox 1606 4708 1635 4767; x_wconf 76' lang='grc' dir='ltr'>ἦ</span> <span class='ocrx_word' id='word_1_698' title='bbox 1665 4710 1982 4784; x_wconf 73' lang='grc' dir='ltr'><strong>παραϐαπτί-</strong></span> 
     </span>
    </p>
   </div>
   <div class='ocr_carea' id='block_1_94' title="bbox 2085 4702 3660 4784">
    <p class='ocr_par' dir='ltr' id='par_1_94' title="bbox 2102 4712 3660 4781">
     <span class='ocr_line' id='line_1_94' title="bbox 2102 4712 3660 4781; baseline 0.003 -20"><span class='ocrx_word' id='word_1_699' title='bbox 2102 4718 2155 4761; x_wconf 91' lang='lat' dir='ltr'><strong>et</strong></span> <span class='ocrx_word' id='word_1_700' title='bbox 2182 4722 2285 4761; x_wconf 86' lang='lat' dir='ltr'><strong>non</strong></span> <span class='ocrx_word' id='word_1_701' title='bbox 2317 4724 2612 4764; x_wconf 89' lang='lat' dir='ltr'><strong>convocare</strong></span> <span class='ocrx_word' id='word_1_702' title='bbox 2640 4712 2842 4780; x_wconf 79' lang='lat' dir='ltr'><strong>aliquos</strong></span> <span class='ocrx_word' id='word_1_703' title='bbox 2882 4712 2945 4766; x_wconf 90' lang='lat' dir='ltr'><strong>ad</strong></span> <span class='ocrx_word' id='word_1_704' title='bbox 2978 4729 3035 4767; x_wconf 92' lang='lat' dir='ltr'><strong>se</strong></span> <span class='ocrx_word' id='word_1_705' title='bbox 3060 4753 3076 4778; x_wconf 91' lang='lat'><strong>,</strong></span> <span class='ocrx_word' id='word_1_706' title='bbox 3129 4730 3297 4781; x_wconf 81' lang='lat' dir='ltr'><strong>neque</strong></span> <span class='ocrx_word' id='word_1_707' title='bbox 3347 4714 3660 4769; x_wconf 73' lang='lat' dir='ltr'><strong>accedentes</strong></span> 
     </span>
    </p>
   </div>
   <div class='ocr_carea' id='block_1_95' title="bbox 430 4797 1996 4874">
    <p class='ocr_par' dir='ltr' id='par_1_95' title="bbox 430 4797 1996 4874">
     <span class='ocr_line' id='line_1_95' title="bbox 430 4797 1996 4874; baseline 0.003 -26"><span class='ocrx_word' id='word_1_708' title='bbox 430 4801 529 4860; x_wconf 86' lang='grc' dir='ltr'><strong>ζειν</strong></span> <span class='ocrx_word' id='word_1_709' title='bbox 554 4798 771 4874; x_wconf 71' lang='grc' dir='ltr'><strong>θαῤῥεῖν·</strong></span> <span class='ocrx_word' id='word_1_710' title='bbox 807 4797 837 4854; x_wconf 73' lang='grc' dir='ltr'><em>ἢ</em></span> <span class='ocrx_word' id='word_1_711' title='bbox 872 4802 961 4854; x_wconf 78' lang='grc' dir='ltr'><strong>τὴν</strong></span> <span class='ocrx_word' id='word_1_712' title='bbox 990 4797 1124 4869; x_wconf 77' lang='grc' dir='ltr'><strong>ἱεράν</strong></span> <span class='ocrx_word' id='word_1_713' title='bbox 1160 4802 1415 4853; x_wconf 80' lang='grc' dir='ltr'><strong>κοινωνίαν</strong></span> <span class='ocrx_word' id='word_1_714' title='bbox 1442 4800 1723 4872; x_wconf 75' lang='grc' dir='ltr'><strong>ῥυπαίνειν,</strong></span> <span class='ocrx_word' id='word_1_715' title='bbox 1758 4803 1843 4854; x_wconf 84' lang='grc' dir='ltr'><strong>καί</strong></span> <span class='ocrx_word' id='word_1_716' title='bbox 1869 4803 1996 4855; x_wconf 82' lang='grc' dir='ltr'><strong>ταύ-</strong></span> 
     </span>
    </p>
   </div>
   <div class='ocr_carea' id='block_1_96' title="bbox 431 4889 1999 4966">
    <p class='ocr_par' dir='ltr' id='par_1_96' title="bbox 431 4889 1999 4966">
     <span class='ocr_line' id='line_1_96' title="bbox 431 4889 1999 4966; baseline 0.004 -23"><span class='ocrx_word' id='word_1_717' title='bbox 431 4908 522 4949; x_wconf 84' lang='grc' dir='ltr'><strong>της</strong></span> <span class='ocrx_word' id='word_1_718' title='bbox 551 4889 870 4961; x_wconf 86' lang='grc' dir='ltr'><strong>μεταδιδόναι</strong></span> <span class='ocrx_word' id='word_1_719' title='bbox 900 4893 1052 4954; x_wconf 88' lang='grc' dir='ltr'><strong>τισίν,</strong></span> <span class='ocrx_word' id='word_1_720' title='bbox 1080 4889 1110 4948; x_wconf 76' lang='grc' dir='ltr'>ἦ</span> <span class='ocrx_word' id='word_1_721' title='bbox 1132 4892 1224 4949; x_wconf 82' lang='grc' dir='ltr'><strong>τὰς</strong></span> <span class='ocrx_word' id='word_1_722' title='bbox 1247 4892 1657 4966; x_wconf 80' lang='grc' dir='ltr'><strong>ἁπηγορευμὲνας</strong></span> <span class='ocrx_word' id='word_1_723' title='bbox 1678 4893 1999 4955; x_wconf 68' lang='grc' dir='ltr'><strong>διδασκαλίας</strong></span> 
     </span>
    </p>
   </div>
   <div class='ocr_carea' id='block_1_97' title="bbox 434 4980 1999 5055">
    <p class='ocr_par' dir='ltr' id='par_1_97' title="bbox 434 4980 1999 5055">
     <span class='ocr_line' id='line_1_97' title="bbox 434 4980 1999 5055; baseline 0.004 -21"><span class='ocrx_word' id='word_1_724' title='bbox 434 4984 753 5053; x_wconf 57' lang='grc' dir='ltr'><strong>ὑφηγεῖσθαι,</strong></span> <span class='ocrx_word' id='word_1_725' title='bbox 787 4980 816 5040; x_wconf 74' lang='grc' dir='ltr'><strong>ἦ</strong></span> <span class='ocrx_word' id='word_1_726' title='bbox 846 4984 930 5035; x_wconf 73' lang='grc' dir='ltr'><strong>ἐπὶ</strong></span> <span class='ocrx_word' id='word_1_727' title='bbox 955 4984 1144 5041; x_wconf 83' lang='grc' dir='ltr'><strong>ταύτης</strong></span> <span class='ocrx_word' id='word_1_728' title='bbox 1173 4990 1264 5041; x_wconf 76' lang='grc' dir='ltr'><strong>τῆς</strong></span> <span class='ocrx_word' id='word_1_729' title='bbox 1294 4983 1557 5053; x_wconf 80' lang='grc' dir='ltr'><strong>βασιλίδος</strong></span> <span class='ocrx_word' id='word_1_730' title='bbox 1605 4988 1742 5055; x_wconf 72' lang='grc' dir='ltr'><strong>ἡμῶν</strong></span> <span class='ocrx_word' id='word_1_731' title='bbox 1788 4988 1999 5053; x_wconf 82' lang='grc' dir='ltr'><strong>πόλεως,</strong></span> 
     </span>
    </p>
   </div>
   <div class='ocr_carea' id='block_1_98' title="bbox 433 5070 2005 5145">
    <p class='ocr_par' dir='ltr' id='par_1_98' title="bbox 433 5070 2005 5145">
     <span class='ocr_line' id='line_1_98' title="bbox 433 5070 2005 5145; baseline -0.006 -12"><span class='ocrx_word' id='word_1_732' title='bbox 433 5070 463 5128; x_wconf 74' lang='grc' dir='ltr'><strong>ἦ</strong></span> <span class='ocrx_word' id='word_1_733' title='bbox 490 5072 560 5143; x_wconf 71' lang='grc' dir='ltr'><strong>ἐφ’</strong></span> <span class='ocrx_word' id='word_1_734' title='bbox 592 5072 788 5145; x_wconf 70' lang='grc' dir='ltr'><strong>ἐτέρας,</strong></span> <span class='ocrx_word' id='word_1_735' title='bbox 816 5072 918 5125; x_wconf 76' lang='grc' dir='ltr'><strong>ἀλλ’</strong></span> <span class='ocrx_word' id='word_1_736' title='bbox 946 5072 1224 5143; x_wconf 78' lang='grc' dir='ltr'><strong>ὑφορᾶσθαι</strong></span> <span class='ocrx_word' id='word_1_737' title='bbox 1246 5074 1412 5126; x_wconf 87' lang='grc' dir='ltr'><strong>πάντα</strong></span> <span class='ocrx_word' id='word_1_738' title='bbox 1437 5072 1679 5140; x_wconf 82' lang='grc' dir='ltr'><strong>κίνδυνον,</strong></span> <span class='ocrx_word' id='word_1_739' title='bbox 1711 5075 1761 5129; x_wconf 80' lang='grc' dir='ltr'><strong>εἴ</strong></span> <span class='ocrx_word' id='word_1_740' title='bbox 1773 5098 1823 5131; x_wconf 84' lang='grc' dir='ltr'><strong>τι</strong></span> <span class='ocrx_word' id='word_1_741' title='bbox 1850 5084 2005 5131; x_wconf 75' lang='grc' dir='ltr'><strong>τοιοῦ-</strong></span> 
     </span>
    </p>
   </div>
   <div class='ocr_carea' id='block_1_99' title="bbox 434 5160 2002 5237">
    <p class='ocr_par' dir='ltr' id='par_1_99' title="bbox 434 5160 2002 5237">
     <span class='ocr_line' id='line_1_99' title="bbox 434 5160 2002 5237; baseline 0.004 -22"><span class='ocrx_word' id='word_1_742' title='bbox 434 5182 518 5215; x_wconf 90' lang='grc' dir='ltr'><strong>τον</strong></span> <span class='ocrx_word' id='word_1_743' title='bbox 539 5161 797 5237; x_wconf 76' lang='grc' dir='ltr'><strong>πράξαιεν.</strong></span> <span class='ocrx_word' id='word_1_744' title='bbox 830 5160 1230 5236; x_wconf 80' lang='grc' dir='ltr'><strong>Ἀπαγορεύομεν</strong></span> <span class='ocrx_word' id='word_1_745' title='bbox 1257 5161 1310 5217; x_wconf 75' lang='grc' dir='ltr'><strong>δέ</strong></span> <span class='ocrx_word' id='word_1_746' title='bbox 1355 5167 1438 5218; x_wconf 82' lang='grc' dir='ltr'><strong>καί</strong></span> <span class='ocrx_word' id='word_1_747' title='bbox 1475 5170 1609 5220; x_wconf 77' lang='grc' dir='ltr'><strong>πᾶσι</strong></span> <span class='ocrx_word' id='word_1_748' title='bbox 1636 5168 1848 5228; x_wconf 86' lang='grc' dir='ltr'><strong>τούτους</strong></span> <span class='ocrx_word' id='word_1_749' title='bbox 1874 5171 2002 5222; x_wconf 76' lang='grc' dir='ltr'><strong>ύποο</strong></span> 
     </span>
    </p>
   </div>
   <div class='ocr_carea' id='block_1_100' title="bbox 430 5250 2000 5327">
    <p class='ocr_par' dir='ltr' id='par_1_100' title="bbox 430 5250 2000 5327">
     <span class='ocr_line' id='line_1_100' title="bbox 430 5250 2000 5327; baseline 0.005 -22"><span class='ocrx_word' id='word_1_750' title='bbox 430 5251 700 5323; x_wconf 76' lang='grc' dir='ltr'><strong>δέχεσθαι.</strong></span> <span class='ocrx_word' id='word_1_751' title='bbox 729 5254 1042 5309; x_wconf 81' lang='grc' dir='ltr'><strong>’Δπελαύνειν</strong></span> <span class='ocrx_word' id='word_1_752' title='bbox 1083 5260 1171 5325; x_wconf 74' lang='grc' dir='ltr'><strong>μέν</strong></span> <span class='ocrx_word' id='word_1_753' title='bbox 1216 5250 1303 5309; x_wconf 73' lang='grc' dir='ltr'><strong>οὖν</strong></span> <span class='ocrx_word' id='word_1_754' title='bbox 1342 5258 1637 5327; x_wconf 82' lang='grc' dir='ltr'><strong>θεσπίζομεν</strong></span> <span class='ocrx_word' id='word_1_755' title='bbox 1680 5261 1866 5320; x_wconf 77' lang='grc' dir='ltr'><strong>αὐτούς</strong></span> <span class='ocrx_word' id='word_1_756' title='bbox 1903 5268 2000 5313; x_wconf 82' lang='grc' dir='ltr'><strong>τῶν</strong></span> 
     </span>
    </p>
   </div>
   <div class='ocr_carea' id='block_1_101' title="bbox 437 5345 1999 5418">
    <p class='ocr_par' dir='ltr' id='par_1_101' title="bbox 437 5345 1999 5418">
     <span class='ocr_line' id='line_1_101' title="bbox 437 5345 1999 5418; baseline 0.003 -20"><span class='ocrx_word' id='word_1_757' title='bbox 437 5345 525 5398; x_wconf 79' lang='grc' dir='ltr'><strong>ὑπ’</strong></span> <span class='ocrx_word' id='word_1_758' title='bbox 553 5348 719 5400; x_wconf 80' lang='grc' dir='ltr'><strong>αὐτῶν</strong></span> <span class='ocrx_word' id='word_1_759' title='bbox 760 5348 1143 5418; x_wconf 78' lang='grc' dir='ltr'><strong>ταραττομένων</strong></span> <span class='ocrx_word' id='word_1_760' title='bbox 1178 5346 1383 5412; x_wconf 85' lang='grc' dir='ltr'><strong>πόλεων,</strong></span> <span class='ocrx_word' id='word_1_761' title='bbox 1427 5348 1623 5411; x_wconf 86' lang='grc' dir='ltr'><strong>εἰδότας</strong></span> <span class='ocrx_word' id='word_1_762' title='bbox 1669 5353 1762 5410; x_wconf 83' lang='grc' dir='ltr'><strong>τὰς</strong></span> <span class='ocrx_word' id='word_1_763' title='bbox 1805 5354 1999 5414; x_wconf 83' lang='grc' dir='ltr'><strong>ποινάς,</strong></span> 
     </span>
    </p>
   </div>
   <div class='ocr_carea' id='block_1_102' title="bbox 435 5436 2002 5515">
    <p class='ocr_par' dir='ltr' id='par_1_102' title="bbox 435 5436 2002 5515">
     <span class='ocr_line' id='line_1_102' title="bbox 435 5436 2002 5515; baseline 0.003 -25"><span class='ocrx_word' id='word_1_764' title='bbox 435 5441 527 5496; x_wconf 81' lang='grc' dir='ltr'><strong>τὰς</strong></span> <span class='ocrx_word' id='word_1_765' title='bbox 548 5445 665 5497; x_wconf 85' lang='grc' dir='ltr'><strong>ταῖς</strong></span> <span class='ocrx_word' id='word_1_766' title='bbox 687 5440 837 5497; x_wconf 88' lang='grc' dir='ltr'><strong>θείαις</strong></span> <span class='ocrx_word' id='word_1_767' title='bbox 861 5439 999 5504; x_wconf 80' lang='grc' dir='ltr'><strong>ἡμῶν</strong></span> <span class='ocrx_word' id='word_1_768' title='bbox 1018 5436 1111 5494; x_wconf 70' lang='grc' dir='ltr'><strong>ἤδη</strong></span> <span class='ocrx_word' id='word_1_769' title='bbox 1132 5440 1498 5512; x_wconf 83' lang='grc' dir='ltr'><strong>περιεχομένας</strong></span> <span class='ocrx_word' id='word_1_770' title='bbox 1521 5438 1826 5503; x_wconf 73' lang='grc' dir='ltr'><strong>διατάξεων,</strong></span> <span class='ocrx_word' id='word_1_771' title='bbox 1851 5444 2002 5515; x_wconf 79' lang='grc' dir='ltr'><strong>αἴπερ</strong></span> 
     </span>
    </p>
   </div>
   <div class='ocr_carea' id='block_1_103' title="bbox 436 5520 2003 5600">
    <p class='ocr_par' dir='ltr' id='par_1_103' title="bbox 436 5520 2003 5600">
     <span class='ocr_line' id='line_1_103' title="bbox 436 5520 2003 5600; baseline 0.003 -21"><span class='ocrx_word' id='word_1_772' title='bbox 436 5530 521 5581; x_wconf 69' lang='grc' dir='ltr'><strong>καί</strong></span> <span class='ocrx_word' id='word_1_773' title='bbox 549 5530 642 5587; x_wconf 87' lang='grc' dir='ltr'><strong>τάς</strong></span> <span class='ocrx_word' id='word_1_774' title='bbox 669 5530 825 5586; x_wconf 77' lang='grc' dir='ltr'><strong>οἰκίας</strong></span> <span class='ocrx_word' id='word_1_775' title='bbox 855 5520 1029 5599; x_wconf 72' lang='grc' dir='ltr'><strong>αὐτάς,</strong></span> <span class='ocrx_word' id='word_1_776' title='bbox 1069 5527 1116 5578; x_wconf 77' lang='grc' dir='ltr'><strong>ἐν</strong></span> <span class='ocrx_word' id='word_1_777' title='bbox 1146 5524 1223 5587; x_wconf 74' lang='grc' dir='ltr'><strong>αἷς</strong></span> <span class='ocrx_word' id='word_1_778' title='bbox 1251 5528 1475 5582; x_wconf 84' lang='grc' dir='ltr'><strong>τοιοῦτόν</strong></span> <span class='ocrx_word' id='word_1_779' title='bbox 1509 5549 1557 5581; x_wconf 90' lang='grc' dir='ltr'><strong>τι</strong></span> <span class='ocrx_word' id='word_1_780' title='bbox 1586 5531 1889 5600; x_wconf 81' lang='grc' dir='ltr'><strong>πράττεται,</strong></span> <span class='ocrx_word' id='word_1_781' title='bbox 1920 5535 2003 5584; x_wconf 86' lang='grc' dir='ltr'><strong>καί</strong></span> 
     </span>
    </p>
   </div>
   <div class='ocr_carea' id='block_1_104' title="bbox 438 5615 2005 5692">
    <p class='ocr_par' dir='ltr' id='par_1_104' title="bbox 438 5615 2005 5692">
     <span class='ocr_line' id='line_1_104' title="bbox 438 5615 2005 5692; baseline 0.001 -18"><span class='ocrx_word' id='word_1_782' title='bbox 438 5624 504 5674; x_wconf 75' lang='grc' dir='ltr'><strong>τά</strong></span> <span class='ocrx_word' id='word_1_783' title='bbox 534 5623 704 5692; x_wconf 89' lang='grc' dir='ltr'><strong>χωρία</strong></span> <span class='ocrx_word' id='word_1_784' title='bbox 725 5619 775 5680; x_wconf 83' lang='grc' dir='ltr'><strong>ἐξ</strong></span> <span class='ocrx_word' id='word_1_785' title='bbox 801 5615 866 5670; x_wconf 87' lang='grc' dir='ltr'><strong>ὦν</strong></span> <span class='ocrx_word' id='word_1_786' title='bbox 892 5619 984 5676; x_wconf 87' lang='grc' dir='ltr'><strong>τάς</strong></span> <span class='ocrx_word' id='word_1_787' title='bbox 1006 5618 1291 5691; x_wconf 77' lang='grc' dir='ltr'><strong>άποτροφάς</strong></span> <span class='ocrx_word' id='word_1_788' title='bbox 1321 5626 1683 5691; x_wconf 81' lang='grc' dir='ltr'><strong>χορηγοῦνται,</strong></span> <span class='ocrx_word' id='word_1_789' title='bbox 1707 5629 1823 5680; x_wconf 87' lang='grc' dir='ltr'><strong>ταῖς</strong></span> <span class='ocrx_word' id='word_1_790' title='bbox 1852 5621 2005 5691; x_wconf 79' lang='grc' dir='ltr'><strong>ἁγιω-</strong></span> 
     </span>
    </p>
   </div>
   <div class='ocr_carea' id='block_1_105' title="bbox 436 5708 2004 5783">
    <p class='ocr_par' dir='ltr' id='par_1_105' title="bbox 436 5708 2004 5783">
     <span class='ocr_line' id='line_1_105' title="bbox 436 5708 2004 5783; baseline 0.002 -21"><span class='ocrx_word' id='word_1_791' title='bbox 436 5711 617 5767; x_wconf 78' lang='grc' dir='ltr'><strong>τάταις</strong></span> <span class='ocrx_word' id='word_1_792' title='bbox 644 5708 958 5766; x_wconf 77' lang='grc' dir='ltr'><strong>Ἐκκλησίαις</strong></span> <span class='ocrx_word' id='word_1_793' title='bbox 1000 5714 1368 5783; x_wconf 87' lang='grc' dir='ltr'><strong>προσκυροῦσι,</strong></span> <span class='ocrx_word' id='word_1_794' title='bbox 1421 5717 1520 5764; x_wconf 82' lang='grc' dir='ltr'><strong>τῶν</strong></span> <span class='ocrx_word' id='word_1_795' title='bbox 1561 5712 1651 5778; x_wconf 80' lang='grc' dir='ltr'><strong>μέν</strong></span> <span class='ocrx_word' id='word_1_796' title='bbox 1698 5714 2004 5780; x_wconf 84' lang='grc' dir='ltr'><strong>κεκτημένων</strong></span> 
     </span>
    </p>
   </div>
   <div class='ocr_carea' id='block_1_106' title="bbox 438 5797 2004 5877">
    <p class='ocr_par' dir='ltr' id='par_1_106' title="bbox 438 5797 2004 5877">
     <span class='ocr_line' id='line_1_106' title="bbox 438 5797 2004 5877; baseline 0.004 -26"><span class='ocrx_word' id='word_1_797' title='bbox 438 5800 818 5872; x_wconf 70' lang='grc' dir='ltr'><strong>ἀφαιρούμεναι,</strong></span> <span class='ocrx_word' id='word_1_798' title='bbox 849 5797 977 5853; x_wconf 73' lang='grc' dir='ltr'><strong>διότι</strong></span> <span class='ocrx_word' id='word_1_799' title='bbox 1019 5799 1207 5869; x_wconf 66' lang='grc' dir='ltr'><strong>βλάϐης</strong></span> <span class='ocrx_word' id='word_1_800' title='bbox 1238 5802 1374 5854; x_wconf 79' lang='grc' dir='ltr'><strong>αἰτία</strong></span> <span class='ocrx_word' id='word_1_801' title='bbox 1411 5810 1516 5861; x_wconf 87' lang='grc' dir='ltr'><strong>τοῖς</strong></span> <span class='ocrx_word' id='word_1_802' title='bbox 1543 5800 1908 5877; x_wconf 80' lang='grc' dir='ltr'><strong>ἁπλουστέροις</strong></span> <span class='ocrx_word' id='word_1_803' title='bbox 1932 5806 2004 5873; x_wconf 84' lang='grc' dir='ltr'><strong>γί-</strong></span> 
     </span>
    </p>
   </div>
   <div class='ocr_carea' id='block_1_107' title="bbox 440 5889 2003 5963">
    <p class='ocr_par' dir='ltr' id='par_1_107' title="bbox 440 5889 2003 5963">
     <span class='ocr_line' id='line_1_107' title="bbox 440 5889 2003 5963; baseline 0.003 -18"><span class='ocrx_word' id='word_1_804' title='bbox 440 5911 597 5954; x_wconf 83' lang='grc' dir='ltr'><strong>εεταε,</strong></span> <span class='ocrx_word' id='word_1_805' title='bbox 631 5892 730 5944; x_wconf 79' lang='grc' dir='ltr'><strong>ὑπὸ</strong></span> <span class='ocrx_word' id='word_1_806' title='bbox 760 5889 810 5943; x_wconf 73' lang='grc' dir='ltr'><strong>δέ</strong></span> <span class='ocrx_word' id='word_1_807' title='bbox 839 5892 928 5950; x_wconf 83' lang='grc' dir='ltr'><strong>τὰς</strong></span> <span class='ocrx_word' id='word_1_808' title='bbox 952 5889 1235 5963; x_wconf 74' lang='grc' dir='ltr'><strong>ἁγιωτάτας</strong></span> <span class='ocrx_word' id='word_1_809' title='bbox 1277 5895 1361 5946; x_wconf 88' lang='grc' dir='ltr'><strong>καί</strong></span> <span class='ocrx_word' id='word_1_810' title='bbox 1400 5892 1686 5962; x_wconf 78' lang='grc' dir='ltr'><strong>όρθοδόξους</strong></span> <span class='ocrx_word' id='word_1_811' title='bbox 1712 5894 2003 5955; x_wconf 74' lang='grc' dir='ltr'><strong>Ἐκκλησίας</strong></span> 
     </span>
    </p>
   </div>
   <div class='ocr_carea' id='block_1_108' title="bbox 2099 4799 3659 4871">
    <p class='ocr_par' dir='ltr' id='par_1_108' title="bbox 2099 4799 3659 4871">
     <span class='ocr_line' id='line_1_108' title="bbox 2099 4799 3659 4871; baseline 0.002 -18"><span class='ocrx_word' id='word_1_812' title='bbox 2099 4799 2357 4868; x_wconf 87' lang='lat' dir='ltr'><strong>recipere,</strong></span> <span class='ocrx_word' id='word_1_813' title='bbox 2389 4807 2480 4851; x_wconf 89' lang='lat' dir='ltr'><strong>aut</strong></span> <span class='ocrx_word' id='word_1_814' title='bbox 2506 4815 2783 4869; x_wconf 86' lang='lat' dir='ltr'><strong>perperam</strong></span> <span class='ocrx_word' id='word_1_815' title='bbox 2812 4801 3079 4871; x_wconf 85' lang='lat' dir='ltr'><strong>baptizare</strong></span> <span class='ocrx_word' id='word_1_816' title='bbox 3103 4804 3317 4867; x_wconf 88' lang='lat' dir='ltr'><strong>audere,</strong></span> <span class='ocrx_word' id='word_1_817' title='bbox 3344 4814 3433 4857; x_wconf 89' lang='lat' dir='ltr'><strong>aut</strong></span> <span class='ocrx_word' id='word_1_818' title='bbox 3458 4819 3659 4860; x_wconf 85' lang='lat' dir='ltr'><strong>sacrant</strong></span> 
     </span>
    </p>
   </div>
   <div class='ocr_carea' id='block_1_109' title="bbox 2100 4888 3661 4962">
    <p class='ocr_par' dir='ltr' id='par_1_109' title="bbox 2100 4888 3661 4962">
     <span class='ocr_line' id='line_1_109' title="bbox 2100 4888 3661 4962; baseline 0.006 -20"><span class='ocrx_word' id='word_1_819' title='bbox 2100 4888 2531 4943; x_wconf 87' lang='lat' dir='ltr'><strong>communionem</strong></span> <span class='ocrx_word' id='word_1_820' title='bbox 2559 4891 2853 4957; x_wconf 80' lang='lat' dir='ltr'><strong>sordidare,</strong></span> <span class='ocrx_word' id='word_1_821' title='bbox 2873 4902 2926 4946; x_wconf 89' lang='lat' dir='ltr'><strong>et</strong></span> <span class='ocrx_word' id='word_1_822' title='bbox 2954 4894 3119 4961; x_wconf 88' lang='lat' dir='ltr'><strong>ipsam</strong></span> <span class='ocrx_word' id='word_1_823' title='bbox 3141 4894 3408 4962; x_wconf 87' lang='lat' dir='ltr'><strong>aliquibus</strong></span> <span class='ocrx_word' id='word_1_824' title='bbox 3430 4896 3661 4961; x_wconf 86' lang='lat' dir='ltr'><strong>tradere,</strong></span> 
     </span>
    </p>
   </div>
   <div class='ocr_carea' id='block_1_110' title="bbox 2104 4978 3657 5051">
    <p class='ocr_par' dir='ltr' id='par_1_110' title="bbox 2104 4978 3657 5051">
     <span class='ocr_line' id='line_1_110' title="bbox 2104 4978 3657 5051; baseline 0.007 -23"><span class='ocrx_word' id='word_1_825' title='bbox 2104 4988 2191 5031; x_wconf 88' lang='lat' dir='ltr'><strong>aut</strong></span> <span class='ocrx_word' id='word_1_826' title='bbox 2222 4978 2533 5032; x_wconf 89' lang='lat' dir='ltr'><strong>interdictas</strong></span> <span class='ocrx_word' id='word_1_827' title='bbox 2570 4979 2838 5037; x_wconf 88' lang='lat' dir='ltr'><strong>doctrinas</strong></span> <span class='ocrx_word' id='word_1_828' title='bbox 2867 4998 3133 5051; x_wconf 77' lang='lat' dir='ltr'><strong>exponere</strong></span> <span class='ocrx_word' id='word_1_829' title='bbox 3153 4986 3264 5037; x_wconf 90' lang='lat' dir='ltr'><strong>sive</strong></span> <span class='ocrx_word' id='word_1_830' title='bbox 3289 4988 3341 5039; x_wconf 95' lang='lat' dir='ltr'><strong>in</strong></span> <span class='ocrx_word' id='word_1_831' title='bbox 3364 4986 3462 5041; x_wconf 88' lang='lat' dir='ltr'><strong>hac</strong></span> <span class='ocrx_word' id='word_1_832' title='bbox 3482 4997 3657 5041; x_wconf 85' lang='lat' dir='ltr'><strong>nostra</strong></span> 
     </span>
    </p>
   </div>
   <div class='ocr_carea' id='block_1_111' title="bbox 2104 5068 3660 5144">
    <p class='ocr_par' dir='ltr' id='par_1_111' title="bbox 2104 5068 3660 5144">
     <span class='ocr_line' id='line_1_111' title="bbox 2104 5068 3660 5144; baseline 0.006 -23"><span class='ocrx_word' id='word_1_833' title='bbox 2104 5068 2270 5138; x_wconf 79' lang='lat' dir='ltr'><strong>regia,</strong></span> <span class='ocrx_word' id='word_1_834' title='bbox 2324 5068 2435 5122; x_wconf 83' lang='lat' dir='ltr'><strong>sive</strong></span> <span class='ocrx_word' id='word_1_835' title='bbox 2482 5069 2533 5123; x_wconf 94' lang='lat' dir='ltr'><strong>iu</strong></span> <span class='ocrx_word' id='word_1_836' title='bbox 2581 5072 2683 5124; x_wconf 91' lang='lat' dir='ltr'><strong>alia</strong></span> <span class='ocrx_word' id='word_1_837' title='bbox 2723 5072 2974 5138; x_wconf 87' lang='lat' dir='ltr'><strong>civitate;</strong></span> <span class='ocrx_word' id='word_1_838' title='bbox 3026 5075 3119 5128; x_wconf 89' lang='lat' dir='ltr'><strong>sed</strong></span> <span class='ocrx_word' id='word_1_839' title='bbox 3162 5090 3321 5129; x_wconf 89' lang='lat' dir='ltr'><strong>omne</strong></span> <span class='ocrx_word' id='word_1_840' title='bbox 3373 5078 3660 5144; x_wconf 83' lang='lat' dir='ltr'><strong>periculum</strong></span> 
     </span>
    </p>
   </div>
   <div class='ocr_carea' id='block_1_112' title="bbox 2106 5158 3659 5230">
    <p class='ocr_par' dir='ltr' id='par_1_112' title="bbox 2106 5158 3659 5230">
     <span class='ocr_line' id='line_1_112' title="bbox 2106 5158 3659 5230; baseline 0.008 -19"><span class='ocrx_word' id='word_1_841' title='bbox 2106 5158 2457 5213; x_wconf 77' lang='lat' dir='ltr'><strong>reformidare</strong></span> <span class='ocrx_word' id='word_1_842' title='bbox 2482 5200 2496 5220; x_wconf 90' lang='lat'><strong>,</strong></span> <span class='ocrx_word' id='word_1_843' title='bbox 2529 5160 2573 5214; x_wconf 87' lang='lat' dir='ltr'><strong>si</strong></span> <span class='ocrx_word' id='word_1_844' title='bbox 2606 5161 2729 5230; x_wconf 90' lang='lat' dir='ltr'><strong>quid</strong></span> <span class='ocrx_word' id='word_1_845' title='bbox 2762 5163 2864 5217; x_wconf 78' lang='lat' dir='ltr'><strong>tale</strong></span> <span class='ocrx_word' id='word_1_846' title='bbox 2891 5162 3066 5217; x_wconf 82' lang='lat' dir='ltr'><strong>faciat.</strong></span> <span class='ocrx_word' id='word_1_847' title='bbox 3111 5160 3477 5221; x_wconf 79' lang='lat' dir='ltr'><strong>lnterdicimus</strong></span> <span class='ocrx_word' id='word_1_848' title='bbox 3502 5171 3659 5223; x_wconf 85' lang='lat' dir='ltr'><strong>etiam</strong></span> 
     </span>
    </p>
   </div>
   <div class='ocr_carea' id='block_1_113' title="bbox 2103 5248 3668 5326">
    <p class='ocr_par' dir='ltr' id='par_1_113' title="bbox 2103 5248 3668 5326">
     <span class='ocr_line' id='line_1_113' title="bbox 2103 5248 3668 5326; baseline 0.008 -25"><span class='ocrx_word' id='word_1_849' title='bbox 2103 5248 2372 5313; x_wconf 88' lang='lat' dir='ltr'><strong>oumibus,</strong></span> <span class='ocrx_word' id='word_1_850' title='bbox 2408 5264 2474 5304; x_wconf 93' lang='lat' dir='ltr'><strong>ne</strong></span> <span class='ocrx_word' id='word_1_851' title='bbox 2502 5252 2630 5305; x_wconf 91' lang='lat' dir='ltr'><strong>istos</strong></span> <span class='ocrx_word' id='word_1_852' title='bbox 2661 5253 2974 5321; x_wconf 86' lang='lat' dir='ltr'><strong>suscipiant.</strong></span> <span class='ocrx_word' id='word_1_853' title='bbox 3005 5255 3179 5324; x_wconf 86' lang='lat' dir='ltr'><strong>Abjici</strong></span> <span class='ocrx_word' id='word_1_854' title='bbox 3217 5271 3343 5326; x_wconf 84' lang='lat' dir='ltr'><strong>ergo</strong></span> <span class='ocrx_word' id='word_1_855' title='bbox 3374 5258 3515 5325; x_wconf 86' lang='lat' dir='ltr'><strong>ipsos</strong></span> <span class='ocrx_word' id='word_1_856' title='bbox 3544 5275 3668 5313; x_wconf 86' lang='lat' dir='ltr'><strong>san-</strong></span> 
     </span>
    </p>
   </div>
   <div class='ocr_carea' id='block_1_114' title="bbox 2103 5339 3665 5412">
    <p class='ocr_par' dir='ltr' id='par_1_114' title="bbox 2103 5339 3665 5412">
     <span class='ocr_line' id='line_1_114' title="bbox 2103 5339 3665 5412; baseline 0.007 -21"><span class='ocrx_word' id='word_1_857' title='bbox 2103 5340 2272 5391; x_wconf 87' lang='lat' dir='ltr'><strong>cimus</strong></span> <span class='ocrx_word' id='word_1_858' title='bbox 2315 5339 2382 5392; x_wconf 92' lang='lat' dir='ltr'><strong>de</strong></span> <span class='ocrx_word' id='word_1_859' title='bbox 2435 5340 2737 5394; x_wconf 88' lang='lat' dir='ltr'><strong>civitatibus</strong></span> <span class='ocrx_word' id='word_1_860' title='bbox 2775 5342 2841 5396; x_wconf 89' lang='lat' dir='ltr'><strong>ab</strong></span> <span class='ocrx_word' id='word_1_861' title='bbox 2895 5344 3022 5412; x_wconf 90' lang='lat' dir='ltr'><strong>ipsis</strong></span> <span class='ocrx_word' id='word_1_862' title='bbox 3057 5346 3334 5400; x_wconf 88' lang='lat' dir='ltr'><strong>concitatis</strong></span> <span class='ocrx_word' id='word_1_863' title='bbox 3367 5387 3383 5411; x_wconf 93' lang='lat'><strong>,</strong></span> <span class='ocrx_word' id='word_1_864' title='bbox 3433 5352 3665 5405; x_wconf 86' lang='lat' dir='ltr'><strong>scientes</strong></span> 
     </span>
    </p>
   </div>
   <div class='ocr_carea' id='block_1_115' title="bbox 2108 5428 3665 5497">
    <p class='ocr_par' dir='ltr' id='par_1_115' title="bbox 2108 5428 3665 5497">
     <span class='ocr_line' id='line_1_115' title="bbox 2108 5428 3665 5497; baseline 0.011 -17"><span class='ocrx_word' id='word_1_865' title='bbox 2108 5442 2290 5494; x_wconf 63' lang='lat' dir='ltr'><strong>metuas</strong></span> <span class='ocrx_word' id='word_1_866' title='bbox 2317 5428 2425 5496; x_wconf 80' lang='lat' dir='ltr'><strong>jam</strong></span> <span class='ocrx_word' id='word_1_867' title='bbox 2456 5440 2733 5486; x_wconf 89' lang='lat' dir='ltr'><strong>contentas</strong></span> <span class='ocrx_word' id='word_1_868' title='bbox 2763 5433 2815 5486; x_wconf 90' lang='lat' dir='ltr'><strong>iu</strong></span> <span class='ocrx_word' id='word_1_869' title='bbox 2850 5435 3047 5489; x_wconf 87' lang='lat' dir='ltr'><strong>nostris</strong></span> <span class='ocrx_word' id='word_1_870' title='bbox 3083 5435 3276 5491; x_wconf 89' lang='lat' dir='ltr'><strong>divinis</strong></span> <span class='ocrx_word' id='word_1_871' title='bbox 3329 5441 3665 5497; x_wconf 59' lang='lat' dir='ltr'><strong>constitutio-</strong></span> 
     </span>
    </p>
   </div>
   <div class='ocr_carea' id='block_1_116' title="bbox 2107 5518 3665 5600">
    <p class='ocr_par' dir='ltr' id='par_1_116' title="bbox 2107 5518 3665 5600">
     <span class='ocr_line' id='line_1_116' title="bbox 2107 5518 3665 5600; baseline 0.012 -32"><span class='ocrx_word' id='word_1_872' title='bbox 2107 5518 2280 5581; x_wconf 88' lang='lat' dir='ltr'><strong>uibus,</strong></span> <span class='ocrx_word' id='word_1_873' title='bbox 2312 5534 2429 5587; x_wconf 71' lang='lat' dir='ltr'><strong>qua:</strong></span> <span class='ocrx_word' id='word_1_874' title='bbox 2455 5528 2509 5573; x_wconf 90' lang='lat' dir='ltr'><strong>et</strong></span> <span class='ocrx_word' id='word_1_875' title='bbox 2537 5520 2725 5575; x_wconf 90' lang='lat' dir='ltr'><strong>domos</strong></span> <span class='ocrx_word' id='word_1_876' title='bbox 2776 5523 2935 5591; x_wconf 86' lang='lat' dir='ltr'><strong>ipsas,</strong></span> <span class='ocrx_word' id='word_1_877' title='bbox 2986 5525 3038 5578; x_wconf 84' lang='lat' dir='ltr'><strong>in</strong></span> <span class='ocrx_word' id='word_1_878' title='bbox 3084 5527 3275 5593; x_wconf 86' lang='lat' dir='ltr'><strong>quibus</strong></span> <span class='ocrx_word' id='word_1_879' title='bbox 3306 5529 3410 5583; x_wconf 84' lang='lat' dir='ltr'><strong>tale</strong></span> <span class='ocrx_word' id='word_1_880' title='bbox 3435 5531 3558 5600; x_wconf 90' lang='lat' dir='ltr'><strong>quid</strong></span> <span class='ocrx_word' id='word_1_881' title='bbox 3588 5532 3665 5596; x_wconf 83' lang='lat' dir='ltr'><strong>ﬁt,</strong></span> 
     </span>
    </p>
   </div>
   <div class='ocr_carea' id='block_1_117' title="bbox 2105 5610 3669 5685">
    <p class='ocr_par' dir='ltr' id='par_1_117' title="bbox 2105 5610 3669 5685">
     <span class='ocr_line' id='line_1_117' title="bbox 2105 5610 3669 5685; baseline 0.012 -26"><span class='ocrx_word' id='word_1_882' title='bbox 2105 5617 2158 5660; x_wconf 89' lang='lat' dir='ltr'><strong>et</strong></span> <span class='ocrx_word' id='word_1_883' title='bbox 2195 5621 2411 5675; x_wconf 84' lang='lat' dir='ltr'><strong>campos</strong></span> <span class='ocrx_word' id='word_1_884' title='bbox 2439 5624 2505 5662; x_wconf 83' lang='lat' dir='ltr'><strong>ex</strong></span> <span class='ocrx_word' id='word_1_885' title='bbox 2533 5610 2726 5678; x_wconf 90' lang='lat' dir='ltr'><strong>quibus</strong></span> <span class='ocrx_word' id='word_1_886' title='bbox 2753 5612 3074 5668; x_wconf 89' lang='lat' dir='ltr'><strong>nutrimenta</strong></span> <span class='ocrx_word' id='word_1_887' title='bbox 3100 5618 3418 5685; x_wconf 68' lang='lat' dir='ltr'><strong>praebentur,</strong></span> <span class='ocrx_word' id='word_1_888' title='bbox 3445 5623 3669 5677; x_wconf 80' lang='lat' dir='ltr'><strong>sanctis-</strong></span> 
     </span>
    </p>
   </div>
   <div class='ocr_carea' id='block_1_118' title="bbox 2105 5709 3661 5787">
    <p class='ocr_par' dir='ltr' id='par_1_118' title="bbox 2105 5709 3661 5787">
     <span class='ocr_line' id='line_1_118' title="bbox 2105 5709 3661 5787; baseline 0.01 -26"><span class='ocrx_word' id='word_1_889' title='bbox 2105 5709 2249 5761; x_wconf 87' lang='lat' dir='ltr'><strong>simis</strong></span> <span class='ocrx_word' id='word_1_890' title='bbox 2266 5709 2516 5763; x_wconf 86' lang='lat' dir='ltr'><strong>Ecclesiis</strong></span> <span class='ocrx_word' id='word_1_891' title='bbox 2540 5712 2826 5781; x_wconf 83' lang='lat' dir='ltr'><strong>assignant,</strong></span> <span class='ocrx_word' id='word_1_892' title='bbox 2850 5722 2903 5769; x_wconf 92' lang='lat' dir='ltr'><strong>et</strong></span> <span class='ocrx_word' id='word_1_893' title='bbox 2919 5729 2946 5768; x_wconf 87' lang='lat' dir='ltr'><strong>a</strong></span> <span class='ocrx_word' id='word_1_894' title='bbox 2978 5718 3366 5785; x_wconf 81' lang='lat' dir='ltr'><strong>possidentibus</strong></span> <span class='ocrx_word' id='word_1_895' title='bbox 3392 5720 3661 5787; x_wconf 83' lang='lat' dir='ltr'><strong>auferunt,</strong></span> 
     </span>
    </p>
   </div>
   <div class='ocr_carea' id='block_1_119' title="bbox 2106 5802 3666 5876">
    <p class='ocr_par' dir='ltr' id='par_1_119' title="bbox 2106 5802 3666 5876">
     <span class='ocr_line' id='line_1_119' title="bbox 2106 5802 3666 5876; baseline 0.013 -26"><span class='ocrx_word' id='word_1_896' title='bbox 2106 5803 2223 5872; x_wconf 73' lang='lat' dir='ltr'><strong>quia</strong></span> <span class='ocrx_word' id='word_1_897' title='bbox 2248 5802 2551 5857; x_wconf 87' lang='lat' dir='ltr'><strong>detrimenti</strong></span> <span class='ocrx_word' id='word_1_898' title='bbox 2576 5819 2733 5860; x_wconf 83' lang='lat' dir='ltr'><strong>causa</strong></span> <span class='ocrx_word' id='word_1_899' title='bbox 2764 5807 2820 5860; x_wconf 89' lang='lat' dir='ltr'><strong>ﬁt</strong></span> <span class='ocrx_word' id='word_1_900' title='bbox 2846 5809 3287 5876; x_wconf 89' lang='lat' dir='ltr'><strong>simplicioribus;</strong></span> <span class='ocrx_word' id='word_1_901' title='bbox 3314 5816 3666 5871; x_wconf 85' lang='lat' dir='ltr'><strong>sanctissimis</strong></span> 
     </span>
    </p>
   </div>
   <div class='ocr_carea' id='block_1_120' title="bbox 2107 5894 3645 5975">
    <p class='ocr_par' dir='ltr' id='par_1_120' title="bbox 2107 5894 3645 5975">
     <span class='ocr_line' id='line_1_120' title="bbox 2107 5894 3645 5975; baseline 0.011 -29"><span class='ocrx_word' id='word_1_902' title='bbox 2107 5908 2233 5947; x_wconf 88' lang='lat' dir='ltr'><strong>vero</strong></span> <span class='ocrx_word' id='word_1_903' title='bbox 2286 5902 2339 5948; x_wconf 91' lang='lat' dir='ltr'><strong>et</strong></span> <span class='ocrx_word' id='word_1_904' title='bbox 2384 5894 2694 5953; x_wconf 82' lang='lat' dir='ltr'><strong>orthodoxis</strong></span> <span class='ocrx_word' id='word_1_905' title='bbox 2729 5898 2978 5956; x_wconf 87' lang='lat' dir='ltr'><strong>Ecclesiis</strong></span> <span class='ocrx_word' id='word_1_906' title='bbox 3025 5901 3140 5957; x_wconf 68' lang='lat' dir='ltr'><strong>haec</strong></span> <span class='ocrx_word' id='word_1_907' title='bbox 3182 5903 3325 5973; x_wconf 86' lang='lat' dir='ltr'><strong>juste</strong></span> <span class='ocrx_word' id='word_1_908' title='bbox 3359 5906 3645 5975; x_wconf 85' lang='lat' dir='ltr'><strong>subjiciunt</strong></span> 
     </span>
    </p>
   </div>
  </div>
