4088 6526
446 469 581 535 1103

1535 469 1971 530 JUSTINIANI
2015 471 2550 534 IMPERATORIS.

3541 473 3670 538 1104

445 596 571 652 Πίος
594 610 692 665 pro
712 600 977 652 communi
1007 613 1133 667 pace
1161 601 1611 654 sanctissimarum
1638 601 1990 654 Ecclesiarum

2106 606 2262 652 ταῦτα
2289 597 2489 657 δικαίως
2531 595 2756 668 ἄγονται.
2788 603 2963 651 Ταῦτα
3000 597 3128 670 ύπέρ
3154 603 3241 656 τῆς
3273 603 3432 654 κοινῆς
3474 595 3672 669 εἰρήνης

441 687 746 752 statuimus,
765 687 876 740 iure
893 690 1242 756 decernimus,
1267 705 1548 759 sequentes
1578 701 1878 744 sanctorum
1904 689 2001 743 Pa-

444 787 582 832 trum
609 779 878 848 dogmata,
909 793 956 832 ttt
986 797 1143 836 omne
1174 782 1524 836 sacerdotium
1566 781 2001 848 imperturbatum

443 872 511 926 de
540 880 734 928 caetero
757 873 910 928 nobis
933 885 1254 942 permaneat.
1285 875 1400 940 Qut)
1430 876 1478 927 in
1507 889 1634 943 pace
1663 883 1893 935 servato,
1922 889 2004 926 re-

444 962 584 1030 liqua
633 963 786 1018 nobis
838 964 1150 1019 exu‘berabit
1194 964 1489 1032 respublica
1539 961 1776 1029 desuper
1823 976 2002 1028 pacem

443 1056 646 1110 habens
677 1073 690 1107 ε
723 1071 880 1124 quam
910 1057 1156 1113 omnibus
1201 1071 1422 1125 magnus
1472 1056 1611 1110 Deus
1661 1066 1713 1109 et
1761 1055 2006 1110 Salvator

445 1153 631 1198 noster
654 1143 809 1199 Jesus
836 1145 1080 1201 Christus
1096 1146 1374 1200 Trinitatis
1404 1159 1557 1210 unus,
1590 1145 1887 1212 unigenitus
1912 1145 2008 1198 Dei

445 1234 607 1288 Filius
637 1235 889 1303 praedicat
922 1279 937 1301 ,
983 1250 1045 1288 ac
1089 1237 1249 1290 donat
1301 1234 1439 1310 [ΑΙ.,
1474 1235 1699 1303 ριίειιοειι
1723 1249 1785 1288 ac
1824 1233 2002 1305 donet]

442 1323 527 1377 Itis
550 1325 637 1393 qui
671 1324 878 1380 sincere
908 1325 1078 1394 ipsum
1106 1335 1161 1380 et
1198 1341 1321 1382 vere
1375 1325 1664 1397 gloriﬁcare
1691 1339 1753 1380 ac
1781 1325 2004 1380 adorare

442 1414 584 1484 digni
609 1416 770 1470 habiti
796 1429 937 1472 sunt.

511 1505 788 1560 Custodiat
820 1507 996 1576 itaque
1027 1506 1296 1561 beatitudo
1319 1517 1426 1572 tua,
1449 1521 1569 1574 qua:
1593 1514 1737 1560 recte
1759 1505 2003 1560 adnotata

446 1606 604 1662 sunt;
632 1610 691 1652 et
721 1599 891 1650 mittat
933 1598 1042 1665 ipsa
1084 1613 1179 1664 per
1220 1611 1342 1650 suas
1396 1597 1503 1650 Deo
1540 1595 1762 1649 dilectas
1807 1597 2006 1650 litteras

443 1685 686 1738 omnibus
712 1684 1058 1738 sanctissimis
1081 1685 1433 1752 metropolitis
1463 1685 1563 1738 sub
1589 1683 1699 1753 ipsa
1732 1685 2007 1738 existenti-

443 1779 540 1833 bus
566 1797 578 1830 :
603 1793 829 1848 quorum
854 1778 1071 1832 cuilibet
1099 1792 1223 1831 cura
1254 1778 1356 1832 erit
1383 1780 1493 1845 ipsa
1523 1779 1798 1830 manifesta
1833 1777 2006 1831 facete

438 1868 788 1923 sanctissimis
829 1868 1078 1921 Ecclesiis
1116 1867 1214 1922 sibi
1253 1866 1526 1936 subjectis,
1566 1877 1621 1920 ut
1648 1867 1911 1921 neminem
1939 1883 2002 1921 ex

441 1963 685 2016 omnibus
711 1963 908 2015 lateant
934 1977 1052 2030 quae
1084 1959 1382 2016 sacerdotio
1413 1961 1523 2013 visa
1557 1969 1679 2013 sunt
1706 1969 1758 2014 et
1798 1960 1864 2014 ab
1904 1960 2000 2013 int-

437 2055 583 2122 perio
609 2055 945 2109 conﬁrmata.
968 2074 975 2082 ·

952 2223 1133 2278 Divina
1157 2225 1482 2294 subscriptio.

2105 697 2203 742 τῶν
2233 689 2524 759 ἁγιωτάτων
2566 689 2843 747 Balnea?”
2866 689 3245 756 νομοθετοῦμεν,
3270 690 3438 739 ταῦτα
3461 685 3670 757 ψηφιζό-

2105 779 2232 846 μεθα
2259 786 2364 839 τοῖς
2393 786 2491 832 τῶν
2536 779 2689 850 ἁγίων
2724 780 2953 846 [πατέρων
2981 774 3461 834 κατακολουθοῦντες
3488 773 3673 846 367'ch-

2105 890 2208 932 σιν,
2239 869 2375 930 ὅπως
2399 866 2456 923 ἂν
2485 873 2542 926 τὸ
2573 871 2815 941 ἱερατικὸν
2848 869 2979 922 ἅπαν
3007 869 3275 937 ἀτάραχον
3314 868 3427 936 ἡμῖν
3456 872 3547 920 τοῦ
3576 869 3674 920 λοι-

2105 965 2204 1013 ποῦ
2227 957 2467 1028 διαμένοι.
2502 957 2677 1028 Ούπερ
2716 961 2763 1012 ἐν
2792 962 2958 1032 εἶρήνῃ
2997 958 3361 1028 φυλαττομένου
3389 959 3471 1008 καὶ
3492 959 3550 1010 τὸ
3578 957 3676 1009 λοε-

2107 1053 2198 1105 πὸν
2232 1053 2348 1120 ἡμῖν
2379 1053 2633 1110 εὐθηνήσει
2672 1051 2952 1119 πολίτευμα
2973 1055 3062 1107 τήν
3091 1047 3275 1102 ἄνωθεν
3304 1047 3429 1118 ἔχον
3459 1049 3672 1119 εἰρήνην.

2107 1141 2164 1198 ἣν
2189 1147 2347 1194 πᾶσιν
2377 1139 2402 1194 ὁ
2424 1142 2580 1212 μέγας
2600 1141 2724 1200 Θεὸς
2745 1143 2827 1194 καὶ
2857 1145 3024 1215 Σωτήρ
3055 1142 3192 1208 ἡμῶν
3219 1136 3408 1197 Ἰησοῦς
3435 1141 3675 1212 Χριστὸς,

2108 1231 2244 1293 ὁτῆς
2266 1232 2478 1308 Τριάδος
2509 1231 2600 1300 εἷς,
2628 1233 2653 1287 ὁ
2682 1237 2949 1304 μονογενὴς
2971 1239 3060 1285 τοῦ
3089 1238 3214 1286 Θεοῦ
3245 1231 3426 1304 Aer/0;;
3445 1234 3677 1305 κηρύττει

2108 1343 2188 1386 τε,
2217 1327 2301 1377 καὶ
2324 1334 2544 1398 χορηγεῖ
2565 1332 2677 1385 τοῖς
2695 1330 2916 1395 γνησίως
2941 1325 3110 1387 αύτόν,
3141 1326 3222 1378 καὶ
3247 1324 3434 1383 άληθῶς
3459 1321 3678 1388 δοξάζειν

2105 1432 2185 1476 τε,
2225 1417 2309 1467 καὶ
2327 1423 2631 1488 προσκυνεῖν
2651 1417 2962 1484 ἠξιωμένοις.

2177 1513 2227 1556 Ἦ
2254 1507 2420 1558 τοίνυν
2452 1510 2516 1563 σή
2543 1506 2877 1581 μακαριότης,
2911 1507 2976 1559 τά
3017 1505 3173 1577 ὀρθῶς
3213 1507 3552 1578 παραστάντα
3595 1528 3680 1578 φν-

2106 1591 2345 1656 λαττέτω,
2369 1596 2776 1663 καταπέμπουσα
2801 1601 2969 1650 ταῦτα
2990 1593 3073 1648 διά
3093 1595 3320 1664 θεοῖιλῶν
3345 1598 3498 1655 αύτῆς
3517 1617 3681 1669 γραμ-

2107 1682 2282 1748 μάτων
2311 1688 2443 1737 πᾶσι
2465 1691 2569 1744 τοῖς
2598 1685 2687 1738 ὐπ’
2713 1686 2864 1743 αὐτὴν
2902 1686 3222 1756 τεταγῴνοις
3257 1684 3556 1747 ὁσιωτάτοις
3585 1709 3682 1757 μη·

2107 1773 2451 1848 τροπολίταις,
2502 1771 2567 1827 ὧν
2620 1775 2816 1844 ἑκάστῳ
2864 1781 3128 1846 γενήσεται
3179 1782 3377 1848 φροντές
3429 1788 3543 1841 ταῖς
3589 1781 3681 1834 ὑπ’

2109 1846 2291 1922 αύτούς
2319 1866 2642 1935 τεταγμέναις
2671 1863 2974 1924 ὁσιωτάταις
2993 1863 3322 1927 Ἐκκλησίαες.
3350 1875 3515 1922 ταῦτα
3540 1879 3684 1929 nati-

2107 1976 2195 2010 σαι
2217 1957 2424 2029 φανερά.
2456 1957 2584 2010 ὥστε
2630 1953 2816 2026 μηδένα
2849 1962 2950 2009 τῶν
2983 1957 3182 2010 πάντων
3216 1956 3459 2012 διαλαθεῖν
3479 2000 3493 2018 ,
3527 1962 3590 2011 τά
3626 1979 3681 2013 τε

2107 2054 2168 2118 τῇ
2194 2047 2556 2121 ἀρχιερωσύνῃ
2583 2045 2816 2110 δόξαντα,
2835 2039 2963 2101 τρίτα
2984 2047 3088 2101 ύπὸ
3115 2055 3205 2106 τῆς
3235 2047 3495 2117 βασιλείας
3529 2068 3679 2101 κεκυο

2107 2139 2329 2212 ρωμένα.

2641 2239 2693 2283 Ἦ
2719 2230 2822 2285 θεία
2849 2229 3138 2302 ύπογραφή.

506 2331 762 2385 Divinitas
786 2342 836 2388 te
865 2341 1044 2388 servet
1076 2349 1170 2402 per
1199 2335 1393 2388 multos
1415 2348 1584 2387 annos
1609 2374 1625 2398 ,
1657 2345 1842 2390 sancte
1868 2347 1922 2390 et
1946 2335 2141 2404 religio
2161 2352 2191 2388 e
2225 2337 2397 2392 Pater.

511 2421 638 2476 Data
668 2435 855 2478 octavo
876 2423 996 2479 ldus
1029 2427 1314 2495 Augustas,
1351 2423 1834 2494 ConstantinOpoli,
1867 2438 1985 2496 post
2013 2429 2347 2484 consulatum
2380 2429 2782 2498 Belissarii,viri
2803 2431 3080 2487 clarissimi
3098 2431 3260 2503 [anno
3283 2431 3488 2487 Domini
3511 2431 3658 2504 556].

437 2557 3687 2590 W

1137 2734 1950 2852 JUSTlNlANI
2032 2734 2998 2850 IMPERATORIS

1730 2972 2260 3066 TRACTAT
2277 2973 2412 3064 US

663 3193 1507 3356 CONTRA
1662 3192 3464 3355 MONOPH'YSITAS.

1297 3465 1452 3536 (Asc.
1488 3463 1588 3520 Mat
1621 3464 1730 3519 Vet.
1768 3462 2192 3536 Script.collect.
2222 3480 2340 3518 nov.
2378 3471 2418 3517 t.
2444 3461 2558 3529 VII,
2586 3479 2639 3535 p.
2668 3463 2817 3536 292.)

419 3795 753 3850 Justinianus
779 3791 1070 3859 imperator
1098 3793 1272 3839 noster
1294 3783 1466 3853 factus
1483 3790 1771 3836 tractatum
1793 3782 2003 3854 dogma-

2119 3786 2549 3840 Ἰουστινιανου
2599 3785 2706 3839 τοῦ
2758 3787 3086 3858 γενομένου
3139 3785 3309 3858 ἡμῶν
3351 3788 3692 3857 βασιλέως.

493 3887 653 3940 ticum
701 3898 821 3936 cum
849 3875 1218 3947 conscripserit
1269 3888 1333 3926 ea:
1391 3872 1682 3943 Scripturis
1724 3874 1894 3927 sacris
1942 3892 2004 3927 ac

490 3976 688 4032 sanctis
739 3971 988 4026 Patribus
1045 3968 1114 4021 ad
1168 3966 1451 4020 monachos
1497 3966 1584 4035 qui
1618 3975 1741 4019 sunt
1779 3966 1834 4020 in
1865 3982 2004 4019 nono

493 4068 855 4130 Alexandriw,
884 4066 1076 4118 bonum
1095 4062 1392 4115 censuimus
1414 4059 1727 4115 beatitudini
1751 4071 1866 4121 tute
1881 4063 2004 4114 mit-

493 4172 634 4227 tere;
666 4163 774 4214 hwc
798 4167 976 4211 autem
1011 4155 1162 4210 habet
1188 4171 1206 4208 :

491 4369 647 4423 Verre
671 4363 800 4420 ﬁdei
832 4361 1242 4418 confessionem
1273 4362 1508 4430 primam
1535 4359 1733 4414 salutis
1759 4374 1881 4415 esse
1920 4376 2007 4415 ra-

423 4460 630 4514 tionem
659 4456 925 4512 omnibus
962 4454 1310 4519 hominibus,
1343 4451 1584 4507 maxime
1622 4452 1710 4506 his
1746 4451 1842 4522 qui
1884 4468 2006 4506 mo-

421 4553 690 4609 nasticam
740 4549 909 4604 vitam
964 4547 1274 4618 elegerunt,
1323 4545 1726 4601 existimamus.
1760 4545 1816 4600 Si
1857 4545 2004 4600 enim

422 4660 627 4715 corpus
657 4642 927 4714 castigare
956 4639 1206 4704 student,
1245 4640 1422 4694 multo
1458 4638 1632 4710 magis
1663 4639 1905 4694 animam
1937 4638 2006 4693 ad

423 4736 585 4792 ﬁdem
612 4737 666 4791 in
696 4736 869 4790 Deum
902 4733 1202 4788 informare
1230 4732 1458 4796 debent,
1489 4747 1589 4802 per
1617 4741 2006 4802 quamcelerna

420 4830 533 4885 vita
564 4829 673 4883 frui
698 4843 1007 4898 speramus.
1037 4825 1173 4879 Nam
1213 4840 1382 4894 opere
1413 4822 1566 4888 ﬁdei,
1595 4825 1742 4893 quod
1772 4832 1858 4878 est
1881 4841 2008 4896 per-

419 4922 645 4985 fectius,
671 4935 795 4975 cum
835 4918 1055 4972 ratione
1091 4915 1292 4986 agendi
1322 4932 1434 4970 non
1470 4915 1868 4980 conveniente,
1903 4931 2005 4970 ne-

420 5030 574 5072 cesse
606 5021 689 5068 est
733 5021 792 5067 ut
815 5052 829 5074 ,
857 5012 1016 5082 juxta
1051 5008 1400 5078 Scripturam
1424 5048 1439 5074 ,
1469 5007 1720 5078 operatio
1745 5007 1866 5062 sine
1899 5006 2006 5062 ﬁde

419 5115 642 5162 mortua
675 5105 747 5160 sit
775 5123 787 5158 :
813 5103 1001 5168 Nemo,
1036 5103 1210 5166 enim,
1237 5100 1439 5171 inquit,
1470 5110 1778 5166 coronatur,
1798 5101 1898 5154 nisi
1932 5100 2007 5154 le-

419 5201 601 5272 gitime
635 5197 973 5251 certaverit‘.
1007 5194 1300 5266 ,λΕετοιοεε
1339 5193 1654 5248 communis
1683 5202 1897 5248 naturae
1921 5204 2005 5250 est

2181 3878 2370 3945 λόγον
2421 3879 2880 3946 συντεθεικότος
2935 3879 3300 3950 δογματικὸν
3347 3881 3417 3935 ἐκ
3460 3899 3524 3936 τε
3574 3882 3697 3936 τῶν

2181 3970 2353 4024 θείων
2399 3970 2660 4040 Γραφῶν
2706 3971 2805 4025 καὶ
2847 3971 2967 4027 τῶν
3009 3974 3194 4044 ἁγίων
3228 3974 3507 4042 Πατέρων
3545 3977 3696 4044 πρὸς

2178 4062 2320 4127 τοὺς
2343 4063 2414 4116 ἐν
2439 4060 2518 4127 τῷ
2543 4062 2736 4129 ἐνάτῳ
2761 4062 2872 4132 τῆς
2897 4066 3344 4135 Ἀλεξανδρέων
3363 4069 3696 4138 μοναχοὺς,

2179 4153 2511 4222 ἀναγκαῖον
2539 4154 2891 4224 ἡγησάμεθα
2921 4156 3132 4211 τοῦτον
3168 4157 3364 4226 δῆλον
3389 4158 3693 4227 καταστῆο

2177 4261 2282 4299 σαι
2312 4243 2386 4314 τῇ
2414 4243 2499 4312 σῇ
2521 4247 2910 4314 μακαριότητι
2930 4265 2944 4280 ·
2980 4249 3106 4320 ἔχει
3135 4248 3204 4302 δὲ
3232 4249 3444 4318 οὕτως*

2179 4359 2413 4432 Πρώτην
2452 4354 2593 4415 εἶναι
2638 4361 2913 4431 σωτηρίαν
2946 4363 3156 4417 ἅπασιν
3185 4363 3501 4433 ἀνθρώποις
3529 4363 3699 4434 ἠγούο

2112 4453 2256 4526 μεθα
2285 4453 2382 4524 τὴν
2410 4451 2512 4520 τῆς
2538 4452 2708 4524 ὀρθῆς
2729 4451 2967 4516 πίστεως
2987 4454 3306 4524 ὁμολογίαν,
3327 4455 3560 4524 μάλιστα
3579 4457 3699 4519 τοῖς

2108 4548 2200 4601 τὸν
2226 4547 2440 4619 μονήρη
2489 4546 2604 4616 βίον
2651 4545 3026 4615 ἀνελομένοις.
3050 4548 3112 4599 Ei
3147 4546 3259 4618 γὰρ
3290 4547 3350 4600 τὸ
3388 4547 3548 4618 σῶμα
3575 4564 3700 4599 παι-

2107 4641 2286 4694 δεύειν
2315 4639 2703 4705 σπουδάζουσι,
2725 4639 2906 4712 πολλῷ
2933 4640 3135 4711 μᾶλλον
3152 4638 3252 4711 τὴν
3280 4639 3460 4711 ψυχὴν
3487 4642 3567 4703 εἰς
3594 4639 3698 4711 τὴν

2111 4733 2240 4802 περὶ
2267 4731 2401 4786 Θεὸν
2430 4732 2616 4785 πίστιν
2645 4732 3020 4803 παιδαγωγεῖν
3054 4733 3365 4803 ὀφείλουσι,
3401 4735 3468 4788 δι’
3497 4730 3566 4806 ἦς
3597 4735 3698 4804 τῆς

2109 4825 2334 4888 atomis;
2358 4824 2504 4895 ζωῆς
2528 4824 2822 4880 ἀπολαύειν
2845 4825 3278 4898 ὲλπίζομεν.Τοῦ
3303 4828 3414 4898 γὰρ
3437 4827 3699 4881 τελειοτέ-

2110 4937 2205 4989 pou
2235 4919 2334 4988 τῆς
2363 4918 2602 4984 πίστεως
2631 4919 2794 4990 ἔργου
2839 4920 2915 4992 μὴ
2947 4919 3432 4993 συναρμοζομένου
3461 4924 3528 4992 τῇ
3556 4921 3698 4992 πρᾶο

2111 5009 2210 5076 ξει,
2227 5011 2478 5066 λείπεται
2500 5013 2705 5083 νεκρὰν
2724 5009 2887 5080 εἶναι,
2910 5017 3055 5068 κατὰ
3073 5016 3134 5067 τὸ
3159 5014 3576 5085 γεγραμμένον,
3597 5013 3697 5085 τὴν

2109 5103 2280 5174 χωρὶς
2316 5102 2558 5167 πίστεως
2590 5105 2858 5176 ἐργασίαν
2888 5121 2900 5134 ο
2969 5104 3180 5172 οὐδεὶς
3206 5105 3340 5177 γὰρ,
3373 5107 3527 5176 φησὶ,
3561 5121 3700 5159 ars-

2110 5195 2438 5264 φανοῦται,
2461 5193 2465 5197 ’
2486 5195 2596 5251 ἐὰν
2623 5196 2710 5267 μὴ
2743 5199 3004 5268 νομίμως
3037 5197 3305 5267 ἀθλήσῃ.
3366 5199 3478 5252 Καὶ
3505 5202 3566 5250 τὸ
3597 5198 3700 5266 μὲν

420 5270 869 5358 inﬁrmitatisque
926 5288 1183 5341 humanae
1215 5327 1229 5352 ,
1288 5287 1379 5340 cui
1423 5302 1620 5341 ontnes
1657 5285 1999 5352 subduntur,

2111 5289 2473 5360 ἀρῤωστῆσαι
2494 5290 2596 5358 τῆς
2626 5293 2815 5362 κοινῆς
2846 5289 3064 5361 φύσεώς
3097 5293 3213 5345 ἐστι
3265 5291 3362 5344 καὶ
3396 5289 3497 5360 τῆς
3529 5290 3699 5344 ἀσθε-

419 5375 791 5454 potentissimi
829 5380 998 5436 etiam
1029 5379 1254 5450 ingenio
1275 5396 1290 5445 ;
1315 5379 1500 5434 sanari
1520 5395 1677 5445 vero,
1703 5395 2001 5449 veramque

421 5474 585 5530 ﬁdem
615 5488 943 5544 agnoscere,
988 5471 1369 5541 unitatemque
1399 5487 1463 5526 ac
1503 5487 1695 5542 pacem
1734 5472 2000 5526 Ecclesia:

419 5566 652 5638 diligere
688 5562 924 5616 rationis
958 5568 1046 5616 est
1082 5575 1148 5614 ac
1183 5560 1496 5615 cltaritatis.
1528 5561 1676 5616 Deus
1723 5561 1874 5615 enim
1916 5569 2000 5616 est

417 5668 473 5715 et
494 5664 727 5715 vocatur
746 5655 885 5710 Deus
913 5655 1092 5725 pacis;
1127 5655 1204 5708 ita
1231 5662 1292 5709 ut
1328 5655 1424 5724 qui
1453 5654 1580 5710 ﬁdei
1612 5653 1876 5725 pacisque
1903 5653 2002 5708 bo-

416 5767 551 5807 num
586 5749 821 5819 diligere
854 5745 1120 5802 videntur
1142 5786 1156 5811 ,
1187 5747 1255 5800 ad
1289 5747 1462 5802 Deum
1499 5748 1819 5816 pertineant
1853 5747 2003 5802 fere-

418 5863 527 5915 que
573 5841 752 5900 divini
797 5839 931 5896 sint.
979 5839 1106 5896 Haec
1133 5850 1322 5897 autem
1362 5839 1431 5896 ad
1458 5839 1726 5911 pietatem
1753 5846 2000 5895 vestram

541 6002 584 6057 il
614 6001 757 6055 Tim.
790 6015 848 6068 ιι,
880 5999 934 6056 5.

2107 5377 2258 5442 νείας
2307 5379 2406 5448 τῆς
2461 5379 2838 5451 ἀνθρωπίνης,
2870 5381 2905 5449 ἢ
2936 5381 3160 5434 πάντων
3197 5381 3438 5434 ἅπτεται
3466 5382 3562 5434 καὶ
3589 5381 3699 5433 τῶν

2107 5469 2227 5525 λίαν
2280 5471 2520 5544 ἰσχυρῶν
2568 5473 2670 5545 τὴν
2716 5474 3000 5528 διάνοιανο
3053 5473 3114 5526 τὸ
3155 5472 3210 5527 δὲ
3257 5472 3694 5548 θεραπευθῆναι,

2101 5564 2196 5617 καὶ
2226 5563 2325 5634 τὴν
2353 5564 2520 5636 ὀρθὴν
2553 5567 2856 5647 ξπιγνῶναι
2889 5566 3078 5620 πίστιν
3099 5605 3115 5630 ,
3171 5567 3264 5620 καὶ
3299 5567 3400 5636 τὴν
3429 5565 3531 5637 τῆς
3564 5564 3662 5616 Ἐκ

2101 5655 2336 5728 κλησίας
2365 5656 2559 5711 ἕνωσίν
2587 5677 2647 5712 τε
2681 5659 2777 5712 καὶ
2807 5660 3035 5730 εἰρήνην
3061 5659 3442 5723 ἀσπάσασθαι,
3476 5657 3570 5712 τοῦ
3599 5659 3692 5710 λο-

2102 5747 2304 5818 γισμοῦ
2342 5749 2437 5802 καὶ
2468 5750 2570 5821 τῆς
2599 5751 2848 5822 χάριτος.
2905 5751 3113 5821 Εἰρήνη
3159 5751 3269 5821 γὰρ
3313 5750 3341 5802 ὁ
3370 5749 3505 5812 Θεὸς
3538 5748 3696 5802 ἐστιν

2101 5857 2160 5894 τε
2195 5841 2290 5895 καὶ
2318 5841 2678 5913 ὀνομάζεται·
2734 5843 2876 5898 ὥστε
2909 5843 3048 5898 Θεοῦ
3077 5843 3238 5898 τοῦτο
3267 5843 3363 5899 καὶ
3389 5842 3498 5897 τῶν
3529 5841 3693 5896 θείων
