4112 6536
428 438 563 505 1105

1349 443 1792 504 TRACTATUS
1829 444 2124 506 CONTRA
2165 446 2770 508 MONOPIIYSITAS.

3555 442 3689 510 1106

422 557 616 624 ἐγγὺς,
681 555 796 607 ὅσοι
847 554 908 606 τὸ
955 553 1052 623 τῆς
1097 553 1337 618 πίστεως
1385 557 1482 608 καὶ
1525 558 1753 628 εἰρήνης
1800 558 2008 626 ἀγαθον

2115 561 2464 626 mandamus,
2500 560 2694 614 audito
2721 575 2788 613 ex
2826 556 2916 612 his
2940 573 3061 627 quae
3086 558 3156 613 ad
3187 573 3291 613 nos
3325 559 3530 630 scripta
3562 573 3690 617 sunt

421 646 797 718 ἀσπαζόμενοι
845 645 1150 713 φαίνονται.
1211 647 1398 701 Ταῦτα
1433 649 1490 702 δέ
1527 666 1710 720 φαμεν
1742 652 1878 721 πρὸς
1913 653 2004 720 τὴν

421 737 701 809 ὑμετέραν
735 737 1014 806 Θεοφιλίαν
1035 778 1050 802 ,
1111 739 1498 811 μεμαθηκότες
1530 741 1596 794 ὲκ
1627 742 1736 795 τῶν
1766 744 2006 813 γραφέν-

420 849 530 886 των
575 833 707 901 ήμῖν
759 834 911 903 παρὰ
957 832 1054 886 τοῦ
1101 835 1528 906 μακαριωτάτου
1571 836 2004 906 ἁρχιεπισκόπου

419 924 524 994 τῆς
559 923 958 995 Ἀλεξανδρέων
1001 925 1098 978 καὶ
1131 927 1475 998 πατριάρχου
1506 927 1734 994 Ζωΐλου,
1785 929 1867 982 ὃτι
1907 930 2007 1000 τὴν

420 1018 498 1087 τῷ
531 1016 650 1087 Θεῷ
693 1015 856 1086 φίλην
897 1018 1126 1088 εἰρήνην
1162 1019 1552 1090 ἀσπασάμενοι
1589 1020 2006 1092 προσεδράμετε

421 1112 486 1180 τῇ
527 1108 660 1181 ἁγίᾳ
706 1109 802 1164 τοῦ
842 1109 979 1164 Θεοῦ
1018 1110 1339 1183 Ἐκκλησία,
1375 1102 1674 1184 εὑρηκότες
1704 1114 1843 1186 ὀρθὰ
1869 1110 2008 1168 εἶναι

420 1203 490 1254 τὰ
522 1203 580 1255 ὲν
607 1203 742 1274 αὐτῇ
775 1203 1160 1276 κηρυττόμενα
1190 1204 1438 1275 δόγματα
1460 1244 1477 1272 ,
1528 1205 1595 1260 δι’
1619 1200 1694 1261 ὧν
1729 1209 1880 1261 πᾶσα
1911 1208 2010 1278 μὲν

422 1295 634 1367 αἵρεσις
695 1297 1076 1369 ἀπελήλαται,
1140 1301 1542 1371 κατακέκριται
1587 1299 1644 1353 δὲ
1704 1300 1800 1354 καὶ
1850 1300 2010 1372 ὲικϐέ-

422 1389 618 1460 ὄληται
634 1391 668 1461 ἦ
689 1407 746 1443 τε
777 1390 991 1444 Παύλου
1019 1393 1112 1445 καὶ
1135 1392 1438 1464 Νεστορίου
1460 1392 1745 1464 διαίρεσις,
1771 1393 1879 1447 τῶν
1902 1397 2011 1458 τοῖς

423 1482 521 1551 τῆς
567 1482 749 1554 ψυχῆς
794 1483 1010 1555 ὄμμασι
1061 1485 1532 1554 τυφλωττόντων,
1586 1485 1680 1538 καὶ
1733 1485 1874 1540 κατὰ
1914 1487 2012 1558 τὴν

422 1575 531 1627 τῶν
555 1576 826 1631 Ἰουδαίων
855 1578 1056 1649 μανίαν
1084 1579 1183 1650 τὴν
1209 1577 1440 1650 θεότητα
1462 1578 1558 1633 τοῦ
1579 1579 1820 1651 Χριστοῦ
1843 1581 2015 1650 ἀπαρο

423 1667 702 1736 νουμένων
723 1684 739 1701 ⁸
795 1669 1001 1739 ὁμοίως
1033 1670 1088 1724 δὲ
1127 1671 1526 1741 κατακέκριται
1559 1672 1654 1725 καὶ
1684 1671 2014 1740 ὲκὸέδληται

422 1761 455 1828 ὴ
493 1760 908 1832 Ἀπολλιναρίου
953 1781 1012 1816 τε
1058 1763 1154 1817 καὶ
1189 1765 1465 1835 Εὐτυχοῦς
1496 1765 1811 1835 συναίρεσις
1845 1766 2015 1834 ἤγουν

424 1850 689 1922 σύγχυσις
721 1854 828 1907 τῶν
860 1854 1200 1910 ἀθετοῦντων
1228 1856 1330 1927 τὴν
1356 1856 1450 1910 τοῦ
1478 1856 1717 1927 Χριστοῦ
1749 1855 2015 1928 ἀληθινὴν

2107 670 2136 707 a
2155 652 2479 708 beatissimo
2494 651 2920 722 archiepiscopo
2934 651 3277 706 Alexandria:
3294 667 3359 707 ac
3373 653 3689 723 patriarcha

2108 745 2282 810 Zoilo,
2313 744 2463 814 quod
2490 745 2606 800 Deo
2637 744 2862 799 charam
2890 760 3079 814 pacem
3115 746 3430 817 diligentes,
3463 747 3530 802 ad
3559 764 3678 802 san-

2108 849 2252 891 ctam
2281 838 2380 892 Dei
2422 837 2726 892 Ecclesium
2758 837 3144 893 accurrissetis
3171 878 3186 904 ,
3227 837 3482 910 dogmata
3534 839 3590 894 in
3624 856 3691 896 ea

2109 932 2407 1000 praedicata
2433 947 2564 985 vera
2591 931 2908 1001 judicantes
2940 972 2954 996 ,
2991 931 3198 1002 quibus
3240 933 3421 987 omnis
3461 934 3692 988 hzeresis

2109 1025 2354 1088 exclusa,
2385 1022 2642 1078 damnata
2672 1032 2839 1092 atque
2869 1024 3100 1094 expulsa
3122 1033 3210 1079 est
3225 1025 3342 1079 sive
3361 1025 3542 1090 Pauli,
3575 1026 3692 1080 sive

2109 1113 2376 1178 Nestorii,
2397 1114 2590 1168 oculos
2615 1114 2818 1168 mentis
2848 1129 2961 1169 suae
2985 1113 3692 1184 obczecatorum,juxtaque

2108 1208 2424 1264 Judaaorum
2445 1209 2713 1263 insaniam
2729 1207 2940 1264 Christi
2965 1207 3316 1263 divinitatem
3335 1207 3689 1278 negantium;

2111 1299 2427 1374 quibusque
2461 1301 2722 1356 similiter
2748 1301 3010 1356 damnata
3039 1302 3382 1372 expulsaque
3423 1309 3509 1356 est
3535 1300 3698 1370 Apol-

2112 1392 2294 1446 linarii
2322 1408 2386 1446 ac
2411 1393 2673 1464 Eutychis
2688 1393 3008 1465 coniunctio
3031 1410 3128 1449 seu
3164 1394 3476 1450 commistio
3501 1408 3694 1448 eorum

2114 1485 2318 1555 quibus
2360 1501 2490 1540 vera
2539 1485 2746 1540 Christi
2794 1487 3112 1542 humanitas
3151 1487 3406 1542 solvitur.
3441 1487 3694 1542 Vestram

2115 1577 2284 1648 igitur
2311 1578 2600 1632 hortamur
2631 1579 2896 1649 pietatem
2927 1589 2989 1634 ut
3031 1579 3159 1634 lidei
3195 1596 3307 1635 sua:
3335 1579 3552 1634 fructus
3587 1594 3694 1633 ca:-

2116 1677 2298 1723 terum
2320 1671 2564 1740 colligat,
2584 1670 2820 1741 illosque
2837 1671 2930 1741 qui
2957 1670 3140 1725 adhuc
3160 1687 3352 1727 errore
3373 1671 3695 1726 detinentur

2117 1761 2284 1816 ducat
2337 1762 2402 1816 ad
2446 1762 2737 1818 veritatem
2792 1773 3206 1834 congregetque
3259 1762 3327 1817 ad
3363 1761 3692 1822 Ecclesiam.

2118 1855 2276 1924 cujus
2310 1870 2496 1909 veram
2551 1871 2615 1910 ac
2663 1855 2962 1910 salutarem
3016 1855 3464 1925 praedicationem
3524 1853 3696 1908 sacris

419 1915 843 2017 dtdp‘wnétnta.
913 1946 1076 2001 Ὅθεν
1140 1915 1542 2020 προτρέπομεν.
1587 1949 1689 2018 τὴν
1737 1915 2011 2020 ὑμετέραν

2119 1947 2422 2017 Scripturis
2451 1948 2959 2019 traditionibusque
2986 1950 3211 2004 Patrum
3241 1949 3418 2018 primo
3448 1947 3571 2001 loco
3601 1944 3697 1998 de-
3784 1995 3792 2010 .,

419 2034 696 2101 θεοφιλίαν
747 2040 874 2100 τοὺς
907 2041 1004 2111 τῆς
1042 2039 1282 2104 πίστεως
1311 2040 1496 2094 λοιπὸν
1524 2042 1776 2112 καρποὺς
1807 2040 2009 2093 ἐπιδεί-

420 2123 634 2190 ξασθαι,
674 2127 770 2180 καὶ
801 2129 929 2193 τοὺς
957 2129 1037 2182 ἔτι
1068 2132 1134 2201 τῇ
1165 2129 1348 2202 πλάνη
1373 2131 1781 2202 κρατουμένους
1808 2130 2010 2202 ὁδηγῆ-

2115 2039 2553 2096 monstrabimus
2577 2078 2610 2106 .
2638 2049 2693 2096 ct
2725 2041 2898 2105 falsa,
2941 2057 3064 2111 qua:
3102 2041 3271 2110 impie
3314 2040 3384 2094 ab
3417 2037 3698 2094 liazreticis

2117 2143 2465 2197 asseruntur,
2507 2132 2941 2188 confutabimus.

421 2233 509 2270 σαι
552 2218 691 2289 πρὸς
726 2218 824 2291 τὴν
858 2219 1120 2292 ἀλήθειαν
1145 2261 1160 2284 ,
1217 2222 1311 2275 καὶ
1358 2225 1736 2294 προσαγαγεῖν
1802 2224 1868 2293 τῇ
1941 2222 2073 2292 ἁγίᾳ
2111 2222 2204 2275 τοῦ
2232 2221 2368 2275 Θεοῦ
2400 2223 2722 2295 Ἐκκλησία,
2757 2218 2824 2297 ἧς
2854 2224 2913 2276 τὸ
2947 2223 3143 2295 ἀληθὲς
3179 2224 3273 2276 καὶ
3304 2223 3572 2294 σωτήριον
3599 2221 3697 2288 κή-

421 2327 608 2382 ρυγμα
680 2313 964 2382 προϊόντες
1032 2314 1396 2385 ἀποδείξομεν
1452 2317 1542 2371 διά
1589 2334 1648 2369 τε
1703 2317 1814 2370 τῶν
1868 2316 2027 2369 θείων
2066 2315 2302 2386 Γραφῶν
2355 2316 2451 2369 καὶ
2498 2317 2613 2371 τῶν
2693 2317 2985 2389 Πατρικῶν
3032 2316 3418 2384 παραδόσεων,
3470 2316 3564 2368 καὶ
3597 2313 3697 2380 τὴν

417 2403 524 2455 τῶν
559 2403 870 2474 εἰρημένων
905 2405 1122 2461 ἀσεϐῶν
1146 2407 1444 2477 αἱρετικῶν
1479 2409 1776 2462 κακόνοιαν
1801 2407 2175 2479 διελέγξομεν.

490 2494 763 2565 Κηρύττει
794 2497 904 2568 γάρ
930 2498 963 2568 ἡ
989 2498 1129 2571 ῥιγία
1160 2499 1253 2553 τοῦ
1281 2500 1415 2554 Θεοῦ
1463 2500 1760 2573 Ἐκκλησία
1799 2501 2003 2572 μονάδα

419 2585 477 2636 ἐν
504 2583 696 2654 Τριάδι
725 2585 821 2638 καὶ
851 2586 1058 2658 Τριάδα
1081 2590 1137 2641 ὲν
1165 2589 1350 2659 μονάδι
1376 2606 1390 2620 °
1424 2584 1503 2652 εἷς
1529 2590 1637 2661 γὰρ
1667 2591 1797 2656 Θεὸς
1825 2593 1852 2644 ὁ
1887 2593 2005 2646 Πα-

417 2678 524 2748 τὴρ
550 2718 565 2742 ,
602 2676 661 2741 ἐξ
686 2671 748 2730 οῦ
777 2677 848 2731 τὰ
873 2679 1088 2733 πάνταο
1121 2682 1217 2734 καὶ
1253 2675 1334 2745 εἷς
1374 2681 1576 2753 Κύριος
1614 2684 1822 2754 Ἰησοῦς
1868 2685 2004 2758 Χρι-

421 2768 542 2831 στὸς
574 2767 639 2821 δι’
669 2761 731 2822 οῦ
759 2770 828 2823 τά
852 2770 1031 2825 πάντα
1056 2783 1071 2802 ⁸
1104 2773 1198 2828 καὶ
1230 2772 1289 2826 ἓν
1319 2773 1544 2846 Πνεῦμα
1585 2776 1740 2845 ἆγιον
1775 2779 1832 2830 ὲν
1861 2770 1904 2845 ᾦ
1939 2777 2006 2831 τά

420 2861 601 2914 πάντα
631 2876 645 2892 ’
704 2861 766 2915 τὸ
813 2863 872 2931 ἐξ
918 2859 977 2920 οὗ
1025 2866 1122 2919 καὶ
1167 2867 1233 2919 δι’
1262 2859 1323 2920 οῦ
1369 2868 1465 2921 καὶ¹
1494 2870 1550 2921 ὲν
1585 2863 1650 2937 ᾧ.
1685 2870 1776 2942 Μὴ
1810 2870 2004 2940 φύσεσι

419 2954 732 3023 τεμνόντων
765 2955 900 3010 ἀλλά
939 2959 1457 3030 χαρακτηριζόντων
1492 2964 1620 3031 μιᾶς
1656 2962 1748 3016 καὶ
1776 2962 2008 3033 ἀσυγχύ-

418 3061 514 3097 του
562 3045 778 3115 φύσεως
834 3047 1152 3121 ίδιότηταςζ
1185 3050 1315 3120 μίαν
1359 3050 1468 3122 γὰρ
1494 3051 1680 3105 οὐσίαν
1715 3053 1773 3105 ὲν
1829 3055 2009 3123 τρισὶν

423 3136 756 3191 ὑποστάσεσι
784 3139 1218 3210 προσκυνοῦμεν,
1252 3142 1310 3194 ὲν
1352 3142 1559 3214 ἑκάστῃ
1589 3143 1883 3196 ὑποστάσει
1911 3142 2011 3208 τὴν

424 3229 596 3300 αὐτὴν
649 3229 1078 3301 ὲπιθεωροῦντες
1102 3232 1312 3288 οὐσίαν.
1359 3233 1469 3287 Καὶ
1484 3234 1742 3304 εκάστην
1775 3235 1872 3304 μὲν
1901 3233 2010 3286 τῶν
2039 3259 2082 3318 C

427 3322 782 3377 ὐποστάσεων
854 3324 1105 3395 μοναχῶς
1157 3324 1592 3396 ἐξαγγέλλομεν·
1650 3327 1872 3381 ἐπειδὰν
1952 3327 2010 3380 δὲ

427 3415 834 3486 συναριθμῆσαι
870 3417 964 3492 δέῃ
989 3457 1004 3482 ,
1032 3418 1153 3487 οὐχὶ
1183 3419 1493 3488 ἀπαιδεύτῳ
1544 3419 1841 3492 ἀριθμήσει
1878 3420 2014 3492 πρὸς

425 3509 720 3574 πολυθεῖας
750 3509 961 3565 ἔννοιαν
993 3511 1342 3581 ὲκφερόμεθα
1367 3529 1379 3542 ³
1435 3511 1554 3566 οὐδὲ
1584 3512 1693 3584 γὰρ
1725 3512 1864 3567 κατὰ
1893 3513 2014 3567 σύν-

426 3602 576 3654 θεσιν
605 3603 949 3674 ἀριθμοῦμεν
971 3605 1066 3674 ἀφ’
1091 3604 1207 3668 ἑνὸς
1236 3606 1315 3668 εἰς
1339 3603 1543 3673 πλῆθος
1573 3605 1888 3676 ποιούμενοι
1918 3608 2015 3676 τὴν

427 3694 795 3765 παραύξησιν,
825 3695 960 3749 ἀλλὰ
988 3697 1049 3749 τὸ
1081 3696 1280 3760 ἰδιάζον
1313 3695 1420 3750 τῶν
1442 3696 1799 3750 ὑποστάσεων
1827 3697 2017 3767 ὁμολο-

427 3786 652 3856 γοῦντες
710 3787 945 3858 μένομεν
999 3789 1091 3843 ἐπὶ
1147 3789 1245 3858 τῆς
1301 3789 1621 3858 μοναρχίας,
1676 3790 1756 3852 εἰς
1811 3789 2015 3858 πλῆθος

428 3879 831 3951 ἀπεσχισμένον
853 3880 953 3951 τὴν
980 3879 1262 3948 θεολογίαν
1288 3880 1363 3950 μὴ
1401 3879 1803 3945 σκεδαννύντες,
1842 3880 2018 3934 διατο-

431 3972 558 4043 μίαν
603 3973 660 4024 έν
700 3971 873 4043 [lat-cpi.
917 3972 1014 4024 καὶ
1081 3970 1196 4042 Υίῷ
1245 3972 1340 4024 καὶ
1391 3971 1532 4041 ἁγίῳ
1583 3970 1881 4040 Πνεύματι,
1918 3971 2016 4041 τὴν

427 4065 589 4118 οἱονεὶ
622 4064 834 4136 μορφὴν
867 4063 1212 4134 θεωρεῖσθαι,
1247 4063 1325 4134 τῷ
1354 4063 1760 4134 ἁπαραλλάκτῳ
1786 4063 1885 4132 τῆς
1912 4064 2015 4131 φύ-

430 4175 566 4220 σεως
595 4155 909 4226 ἑνιζομένην
933 4170 948 4185 ·
974 4156 1068 4209 καλ⁹
1091 4157 1222 4209 Θεὸν
1243 4155 1338 4209 οῦν
1361 4156 1591 4208 ἕκαστον
1615 4154 2012 4226 ὁμολογοῦμεν,

427 4249 493 4303 ἂν
516 4247 802 4320 θεωρῆται,
832 4251 991 4319 μόνον
1012 4248 1106 4302 τοῦ
1137 4248 1228 4302 νοῦ
1253 4248 1579 4319 χωρίζοντος
1608 4248 1675 4299 τὰ
1698 4245 1980 4317 ἀχώριστα
1997 4289 2011 4312 ,

429 4342 524 4395 καὶ
551 4342 682 4396 Θεὸν
712 4343 779 4396 τὰ
810 4343 935 4415 τρία
975 4343 1091 4413 μετ’
1125 4342 1370 4415 ἀλλήλων
1404 4341 1671 4410 νοοῦμεν,
1720 4339 1798 4411 τῷ
1830 4341 2015 4411 ταυτῷ

429 4433 528 4501 τῆς
586 4435 856 4504 κινήσεως
923 4436 1018 4489 καὶ
1089 4435 1188 4506 τῆς
1242 4433 1496 4503 φύσεως’
1564 4432 1734 4504 Τριὰς
1778 4427 1870 4487 οῦν
1941 4433 2016 4497 ὡς

431 4521 645 4592 ἀληθῶς
697 4524 730 4593 ἡ
779 4523 983 4594 Tpto'tg'
1034 4524 1163 4595 τρία
1202 4524 1260 4576 δὲ
1305 4525 1364 4576 ού
1416 4523 1760 4593 πραγμάτων
1813 4523 2015 4577 ἀνίσων

2174 2501 2271 2556 Dei
2313 2510 2500 2557 autem
2529 2504 2776 2558 Ecclesia
2810 2503 3077 2558 unitatem
3103 2502 3161 2556 in
3195 2501 3466 2556 Trinitate
3493 2516 3557 2555 ac
3578 2499 3700 2554 Tri-

2103 2593 2332 2649 nitatem
2371 2595 2425 2650 in
2466 2597 2679 2652 unitate
2713 2597 2878 2652 docet
2905 2615 2918 2662 ;
2946 2613 3090 2651 unus
3121 2605 3208 2652 est
3234 2596 3382 2650 enim
3419 2595 3564 2649 Deus
3594 2595 3697 2648 Pa-

2107 2691 2210 2746 ter,
2231 2701 2296 2739 ex
2314 2701 2425 2755 quo
2459 2687 2668 2750 omnia,
2693 2689 2836 2742 unus
2855 2688 3124 2742 Dominus
3145 2688 3308 2742 Jesus
3327 2686 3582 2740 Christus
3602 2700 3696 2754 per

2105 2789 2270 2842 quem
2307 2776 2514 2841 omnia,
2559 2785 2726 2846 atque
2765 2793 2908 2832 unus
2954 2777 3195 2847 Spiritus
3239 2784 3463 2830 sanctus
3499 2777 3552 2829 in
3588 2791 3694 2844 quo

2104 2866 2323 2938 omnia;
2355 2882 2424 2920 ex
2457 2883 2589 2937 quo,
2615 2884 2713 2938 per
2735 2883 2897 2938 quem
2929 2878 2984 2922 et
3015 2869 3070 2922 in
3103 2884 3234 2939 quo.
3267 2869 3396 2923 Ideo
3429 2885 3563 2924 vero
3587 2886 3694 2923 nou

2115 2959 2172 3012 in
2196 2966 2426 3015 naturas
2441 2960 2767 3022 dividimus.
2792 2961 2890 3016 sed
2917 2961 3085 3016 unius
3103 2977 3165 3016 ac
3191 2961 3464 3031 simplicis
3489 2971 3690 3017 natura

2117 3054 2491 3122 proprietates
2516 3053 2856 3109 indicamus:
2883 3069 3051 3108 unam
3077 3057 3224 3108 enim
3250 3055 3616 3110 substantiam
3643 3054 3690 3107 in

2121 3143 2302 3197 tribus
2339 3144 2596 3214 personis
2633 3145 2962 3212 adoramus,
3003 3145 3057 3200 in
3099 3162 3429 3216 unaquaque
3463 3161 3689 3215 persona

2115 3233 2367 3288 eamdem
2391 3235 2758 3289 substantiam
2772 3233 3212 3291 considerantes.
3240 3223 3689 3306 Unamquamque

2116 3335 2302 3381 autem
2331 3342 2694 3397 personarum
2731 3328 3016 3400 sigillatim
3065 3327 3428 3394 conﬁtemur,
3461 3344 3691 3400 cumque

2117 3419 2523 3474 numerandum
2558 3429 2678 3484 est,
2719 3421 2826 3475 hoc
2877 3437 3113 3476 numero
3162 3421 3230 3475 ad
3265 3421 3692 3492 polytheismum

2117 3507 2312 3562 rudem
2330 3524 2441 3563 non
2463 3509 2802 3574 inducimus,
2830 3527 2942 3565 non
2968 3510 3117 3566 enim
3149 3527 3249 3581 per
3275 3512 3578 3584 synthesim
3597 3529 3691 3566 nu-

2118 3617 2400 3655 meramus
2455 3601 2524 3656 ab
2559 3617 2670 3656 uno
2717 3602 2785 3656 ad
2823 3602 3200 3672 pluralitatem
3261 3603 3580 3658 auctionem
3624 3603 3692 3657 fa-

2117 3691 2349 3758 cient—es,
2367 3693 2464 3746 sed
2490 3692 2885 3763 proprietatem
2911 3708 3276 3762 personarum
3294 3692 3622 3748 conﬁtentes
3643 3693 3700 3748 in

2119 3782 2329 3838 unitate
2357 3785 2661 3854 majestatis
2691 3800 3104 3855 permanemus,
3126 3799 3316 3839 vocem
3354 3801 3564 3839 sacram
3587 3801 3703 3840 non.

2116 3874 2479 3930 extendentes
2510 3889 2747 3929 numero
2792 3883 3005 3928 remoto
3029 3914 3043 3939 ,
3088 3875 3160 3928 ita
3200 3884 3262 3928 ut
3284 3874 3709 3929 distinctionem

2119 3963 2174 4018 in
2207 3965 2368 4019 Patre
2407 3974 2463 4019 et
2494 3965 2636 4019 Filio
2674 3973 2730 4018 et
2783 3963 2994 4034 Spiritu
3045 3973 3237 4019 sancto
3285 3965 3702 4019 consideremus

2119 4059 2270 4112 velut
2305 4057 2535 4135 formam
2569 4057 2860 4111 identitate
2891 4065 3105 4112 natura:
3143 4056 3390 4122 unitam;
3417 4057 3700 4126 Deumque

2120 4149 2288 4218 igitur
2328 4165 2784 4220 unumquemque
2829 4150 3179 4212 conlitemur,
3218 4147 3264 4202 si
3311 4146 3700 4202 consideretur

2119 4248 2301 4293 mente
2343 4245 2554 4292 tantum
2587 4246 2878 4308 separante
2926 4253 3049 4307 quae
3092 4238 3338 4306 separari
3387 4247 3695 4307 nequeunt,

2119 4332 2405 4402 Deumque
2457 4331 2560 4386 tria
2604 4332 2722 4387 haec
2767 4347 2938 4385 unum
2976 4339 3099 4401 post
3146 4331 3381 4384 alterum
3416 4339 3697 4401 putamus,

2116 4423 2309 4478 eadem
2338 4423 2698 4479 distinctione
2728 4432 2784 4478 et
2807 4434 3026 4480 natura.
3056 4423 3301 4477 Trinitas
3324 4423 3491 4494 igitur
3522 4423 3696 4478 veris-

2118 4514 2256 4568 sime
2289 4524 2374 4570 est
2396 4515 2658 4569 Trinitas.
2685 4514 2815 4569 Tria
2842 4525 3026 4571 autem
3049 4532 3157 4570 non
3199 4515 3549 4585 inaequalium
3590 4531 3696 4568 nu-

431 4612 826 4684 ἀπαρίθμησις,
887 4614 1002 4667 ἀλλ’
1060 4614 1189 4668 ἴσων
1242 4614 1336 4666 καὶ
1381 4613 1662 4684 ὁμοτίμων
1722 4612 2007 4684 σύλληψις,

2121 4621 2326 4670 merus,
2377 4605 2476 4660 sed
2522 4604 2822 4674 aequalium
2875 4613 2933 4660 et
2977 4605 3193 4675 parium
3247 4604 3694 4674 comprehensio,

431 4703 654 4775 ἐνούσης
675 4704 775 4775 τῆς
802 4705 1174 4777 προσηγορίας
1193 4703 1262 4756 τὰ
1287 4696 1543 4774 ἡνωμένα
1570 4708 1634 4758 ἐκ
1665 4704 1900 4773 φύσεως,
1921 4710 2013 4758 καὶ

429 4797 528 4848 οὐκ
557 4795 731 4867 ἐώσης
761 4793 1118 4867 σκεδασθῆναι
1151 4795 1371 4867 ἀριθμῷ
1394 4795 1671 4867 λελυμένῳ
1702 4795 1771 4849 τά
1795 4795 1872 4866 μὴ
1900 4795 2014 4848 λυό-

435 4907 591 4959 μενα.

512 4981 913 5053 Ὀμολογοῦμεν
944 4983 1001 5036 δὲ
1039 4984 1122 5037 ὅτι
1153 4984 1182 5037 ό
1213 4981 1512 5054 μονογενὴς
1541 4981 1668 5044 Υἱὸς
1709 4979 1802 5033 καὶ
1840 4981 2013 5049 Λόγος

430 5072 524 5124 τοῦ
558 5073 692 5126 Θεοῦ
718 5116 732 5141 ,
760 5076 789 5126 ὁ
845 5076 942 5128 σὺν
978 5075 1154 5144 “atth
1186 5075 1279 5129 καὶ
1315 5074 1455 5144 ἁγίῳ
1488 5071 1766 5142 Πνεῦματι
1792 5071 2012 5137 δοξαζό-

435 5162 594 5228 μενός
637 5181 695 5216 τε
748 5166 841 5218 καὶ
890 5166 1400 5237 προσκυνούμενος,
1434 5165 1462 5218 ό
1496 5163 1778 5234 γεννηθεὶς
1812 5165 1877 5216 ὲκ
1916 5161 2011 5216 τοῦ

433 5254 642 5323 Πατρὸς
693 5256 936 5328 ἀχρόνους
988 5260 1083 5313 καὶ
1118 5258 1449 5329 ἀσωμάτως,
1499 5257 1560 5310 τὸ
1589 5259 1655 5310 ὲκ
1694 5255 1786 5309 τοῦ
1833 5255 2012 5326 φωτὸς

431 5343 570 5411 φῶς.
610 5346 643 5415 ἡ
681 5349 830 5418 πηγὴ
857 5351 956 5420 τῆς
989 5349 1132 5421 ζωῆς
1180 5351 1400 5420 καὶτῆς
1451 5349 1752 5412 ἀθανασίας
1779 5388 1794 5412 ,
1830 5348 1890 5400 τὸ
1919 5351 2012 5400 ὲκα

432 5439 656 5506 μαγεῖον
683 5439 778 5493 τοῦ
817 5441 1172 5511 Ἀρχετύπου,
1202 5445 1234 5512 ἡ
1266 5442 1339 5513 μὴ
1369 5441 1662 5513 κινουμένη
1700 5439 2010 5511 σφραγὶς,ἠ

429 5529 848 5599 ἀπαράλλακτος
883 5532 1066 5598 εἰκὼν,
1094 5536 1122 5587 ὁ
1150 5532 1243 5586 τοῦ
1277 5533 1496 5604 Πατρος
1527 5533 1652 5604 ὅρος
1678 5532 1774 5584 καὶ
1817 5519 2008 5600 Λόγος,

428 5622 489 5673 οὐ
513 5623 764 5692 ηπεριίῦεν
793 5624 882 5676 τὸν
907 5625 1190 5697 ἄνθρωπον
1226 5625 1406 5697 φθόνῳ
1437 5625 1689 5680 διαϐόλου
1715 5624 1807 5679 καὶ
1839 5625 2013 5696 πικρᾷ

429 5711 616 5780 γεύσει
648 5714 747 5784 τῆς
779 5715 1047 5786 ἁμαρτίας
1073 5758 1088 5784 ,
1115 5719 1250 5773 Θεοῦ
1277 5717 1372 5772 τοῦ
1406 5720 1767 5790 πεποιηκότος
1794 5718 2012 5780 ἐλεῖνῶς

431 5805 818 5875 χωριζόμενον.
861 5808 1020 5862 Ἀλλὰ
1053 5809 1150 5881 τὴν
1189 5811 1466 5882 ἡμετέραν
1510 5811 1877 5883 ἐργαζόμενος
1903 5828 2009 5862 σωο

419 5897 657 5968 πηρίαν,
692 5901 783 5954 ἐπὶ
815 5899 912 5972 τὴν
946 5901 1079 5957 ίδίαν
1109 5905 1291 5958 εἰκόνα
1323 5907 1493 5976 χωρεῖ
1520 5944 1532 5969 ,
1567 5904 1661 5958 καὶ
1712 5901 2010 5974 σαρκοῦται

2013 5987 2048 6018 0

2117 4701 2488 4771 appellatione
2528 4701 2754 4755 uniente
2794 4708 2992 4755 natura
3047 4699 3159 4769 jam
3202 4696 3390 4761 unita,
3438 4695 3699 4764 haudque

2116 4794 2333 4848 sinente
2384 4786 2632 4864 separari
2675 4806 2912 4846 numero
2965 4789 3149 4844 soluto
3199 4803 3320 4858 quae
3361 4786 3541 4842 soluta
3583 4801 3700 4840 non

2115 4893 2266 4940 ευιιι.

2185 4975 2530 5032 Conlitemur
2551 4986 2736 5031 autem
2759 4975 2956 5030 Filium
2977 4971 3326 5043 unigenitum
3343 4969 3697 5040 Verbumquc

2114 5069 2235 5133 Dci,
2265 5086 2392 5124 cum
2419 5071 2583 5125 Patre
2627 5085 2691 5125 ac
2731 5068 2942 5139 Spiritu
2993 5073 3187 5121 sancto
3227 5062 3596 5134 gloriﬁcatum
3642 5068 3698 5117 ct

2114 5159 2404 5214 adoratum
2431 5200 2446 5224 ,
2490 5160 2559 5214 ab
2592 5169 2800 5215 aeterno
2829 5154 3369 5227 incorporaliterque
3426 5168 3493 5208 ex
3535 5152 3696 5208 Patre

2114 5253 2386 5324 genitum,
2415 5254 2602 5309 lumen
2632 5252 2700 5306 de
2737 5250 2971 5316 lumine,
3001 5248 3212 5303 fontem
3245 5246 3373 5301 vita:
3398 5253 3563 5317 atque
3591 5246 3694 5300 im-

2115 5347 2492 5410 mortalitatis,
2521 5344 2806 5417 archctypi
2841 5342 3288 5413 impressionem,
3322 5339 3560 5411 sigillum
3605 5338 3690 5392 in-

2117 5449 2468 5505 temeratum,
2489 5437 2784 5508 imaginem
2803 5436 2957 5489 nullo
2972 5433 3140 5489 modo
3154 5431 3500 5492 dissimilem,
3516 5427 3694 5483 Patris

2119 5533 2414 5588 terminum
2431 5543 2594 5600 atque
2605 5529 2872 5591 Verbum,
2891 5543 2999 5582 non
3026 5525 3388 5594 d‘ereliquisse
3410 5520 3691 5575 hominem

2116 5623 2319 5679 diaboli
2351 5622 2593 5687 invidite,
2627 5617 3098 5686 amaritudinique
3125 5612 3360 5684 peccati,
3392 5611 3504 5666 Deo
3536 5608 3693 5662 illum

2115 5711 2553 5772 misericorditer
2592 5709 2890 5763 liberante.
2944 5705 3049 5760 Sed
3081 5711 3142 5758 ut
3173 5710 3417 5756 nostram
3457 5699 3693 5752 salutent

2114 5813 2417 5875 Operetur,
2465 5801 2532 5856 ad
2573 5800 2867 5871 imaginem
2899 5812 3055 5853 suam
3108 5794 3300 5857 venit,
3352 5791 3423 5846 ob
3468 5804 3693 5845 carnem

2116 5906 2360 5954 nostram
2395 5896 2738 5962 incarnatur,
2761 5894 2941 5964 obquc
2959 5888 3199 5944 animam
3218 5893 3463 5940 nostram
3495 5881 3693 5936 animae
