4112 6534
434 467 566 531 1107

1563 467 2004 530 JUSTINIANI
2043 468 2566 530 IMPERATORIS

3572 455 3708 522 1108

429 574 705 646 spintuali
732 574 1146 640 commiscetur,
1167 575 1346 631 simile
1375 577 1540 632 simili
1568 576 1885 646 puriﬁcans,
1921 593 2017 641 per

2122 583 2209 636 διά
2234 582 2332 653 τὴν
2365 580 2506 651 ἐμὴν
2537 578 2716 650 σάρκα
2745 617 2758 640 ,
2797 576 2890 628 καὶ
2928 574 3074 645 ψυχῇ
3115 572 3279 643 νοερᾷ
3315 568 3406 624 διὰ
3446 567 3546 640 τὴν
3572 569 3710 641 ἐμὴν

429 665 616 720 omnia
643 665 812 720 homo
851 667 912 720 ﬁt
947 666 1156 737 absque
1193 677 1444 738 peccato.
1483 668 1780 738 Postquam
1817 681 2013 724 ascen-

429 756 606 812 disset
653 772 822 828 super
874 757 1078 813 coalum
1129 759 1258 814 coeli
1304 758 1372 813 ad
1421 773 1583 813 orum
1643 759 1832 829 gloria:
1876 775 2010 826 sum,

430 864 597 919 super
622 864 880 904 occasum
905 849 1243 906 infirmitatis
1265 858 1470 906 nostrae
1495 851 1869 922 gloriticatur;
1901 867 2013 907 non

429 939 577 994 cnim
617 947 724 994 tam
751 940 996 996 divinam
1023 957 1087 998 ac
1126 945 1654 1014 superexcellentem
1686 947 2018 1016 potentiam,

433 1033 781 1090 immensitas
804 1035 952 1101 caeli,
979 1043 1256 1091 astrorum
1286 1038 1573 1108 splendor,
1605 1040 1852 1096 universi
1877 1041 2015 1095 ordo

431 1129 516 1182 vel
552 1128 764 1183 entimn
795 1128 1102 1184 meonomia
1134 1130 1392 1199 perennis
1420 1130 1824 1199 demonstrant,
1851 1149 2013 1204 quam

431 1219 500 1275 ad
554 1220 932 1276 infirmitatem
987 1231 1202 1278 naturae
1243 1232 1450 1278 nostra:
1487 1223 1637 1280 illius
1679 1224 2010 1284 descensio:

431 1314 712 1384 quomodo
747 1314 895 1370 enim
940 1315 1194 1371 excelsus
1239 1314 1420 1371 factus
1451 1316 1676 1371 humilis
1701 1316 1756 1372 in
1795 1317 2017 1372 humili-

432 1416 545 1461 tate
582 1406 994 1476 contemplatur
1022 1421 1127 1461 nec
1153 1421 1182 1461 e
1206 1407 1496 1477 majestate
1515 1405 1826 1462 descendit.
1860 1407 2012 1460 Divi-

431 1499 578 1554 nitas
607 1514 740 1569 ergo
771 1499 1027 1554 humanae
1057 1507 1271 1554 natura:
1308 1499 1511 1574 infusa,
1546 1503 1650 1554 hoc
1674 1499 1736 1553 ﬁt
1772 1515 1836 1554 ac
1877 1499 2014 1554 illud

429 1595 536 1652 est,
569 1588 695 1642 ideo
743 1588 1051 1658 perfectum
1084 1589 1260 1643 Deum
1291 1598 1458 1659 atque
1494 1589 1799 1660 perfectum
1831 1590 2014 1644 homi-

431 1696 555 1733 nem
585 1679 842 1734 eumdem
882 1677 1214 1734 conﬁtemur
1243 1695 1411 1750 super
1433 1695 1597 1735 omne
1619 1680 1766 1750 quod
1794 1695 2014 1751 passum

427 1782 534 1835 est,
565 1770 778 1825 utmihi
816 1771 914 1825 toti
946 1771 1183 1825 salutem
1221 1770 1478 1836 donaret,
1514 1780 1626 1827 tota
1659 1773 2014 1828 damnatione

429 1864 641 1934 peccati
664 1864 863 1918 soluta.
887 1864 1203 1920 Evacuatur
1222 1881 1353 1937 ergo
1377 1866 1688 1937 plenitudo,
1714 1876 2016 1922 evacuatur

2113 675 2292 746 ψυχὴν
2326 674 2619 746 μίγνυται,
2650 669 2728 741 τῷ
2772 668 2945 740 ὁμοίῳ
2971 667 3031 720 τὸ
3061 666 3248 736 ὅμοιον
3283 661 3672 734 ἀνακαθαίρων
3691 702 3706 725 ,

2115 770 2210 822 καὶ
2259 768 2436 823 πάντα
2487 768 2697 835 γίνεται
2739 765 2880 836 πλὴν
2925 763 3022 833 τῆς
3063 760 3343 833 ἁμαρτίας
3396 757 3706 829 ἄνθρωπος.

2116 863 2224 917 Καὶ
2250 864 2276 916 6
2307 859 2654 930 ἐπιϐεϐηκὼς
2687 858 2780 911 ἐπὶ
2804 858 2895 911 τὸν
2924 856 3160 928 οὐρανὸν
3189 854 3286 908 τοῦ
3310 849 3546 925 οὐρανοῦ
3583 850 3706 905 κατ’

2115 953 2381 1018 ἀνατολὰς
2410 953 2508 1024 τῆς
2544 952 2686 1015 ἰδίας
2717 950 2896 1021 δόξης,
2930 947 3024 1001 ἐπὶ
3054 945 3281 1017 δυσμῶν
3303 945 3406 1014 τῆς
3435 941 3713 1015 ἡμετέρας

2116 1045 2400 1110 ἀσθενείας
2423 1044 2704 1110 δοξάζεται
2727 1058 2743 1073 ·
2765 1041 2864 1115 τὴν
2883 1040 2994 1110 γάρ
3019 1039 3172 1094 θείαν
3205 1038 3300 1092 καὶ
3327 1037 3712 1108 ὑπερέχουσαν

2113 1140 2365 1211 δύναμιν,
2395 1137 2498 1191 οὑκ
2525 1135 2772 1209 οὐρανῶν
2813 1133 3021 1205 μεγέθη
3052 1132 3147 1186 καὶ
3181 1129 3490 1200 φωστήρων
3521 1126 3709 1197 αὑγαὶ,

2115 1233 2207 1286 καὶ
2239 1233 2272 1301 ἡ
2303 1229 2400 1284 τοῦ
2435 1229 2636 1293 παντὸς
2682 1227 3073 1297 διακόσμησις,
3113 1223 3208 1277 καὶ
3246 1223 3281 1291 ἠ
3312 1219 3572 1292 διηνεκὴς
3599 1217 3714 1271 τῶν

2113 1325 2282 1378 ὅντων
2311 1321 2610 1392 οἰκονομία,
2639 1318 2896 1374 τοσοῦτον
2924 1318 3050 1372 ὅσον
3090 1318 3124 1388 ή
3153 1315 3249 1368 ἐπὶ
3277 1313 3338 1367 τὸ
3367 1310 3596 1376 ἀσθενὲς
3613 1311 3713 1382 τῆς

2115 1417 2331 1486 φύσεως
2353 1415 2509 1486 ἡμῶν
2535 1412 2947 1483 συγκατάϐασις
2978 1409 3244 1463 δείκνυσιο
3279 1405 3400 1469 πῶς
3418 1405 3480 1460 τὸ
3509 1403 3714 1475 ὑψηλὸν

2115 1513 2174 1564 ἐν
2199 1490 2276 1579 τῷ
2305 1508 2545 1578 ταπεινῷ
2580 1506 2908 1576 γενόμενον,
2972 1502 3068 1556 καὶ
3101 1504 3160 1554 ἐν
3190 1499 3268 1570 τῷ
3296 1497 3540 1568 ταπεινῷ
3573 1494 3711 1550 καθ-

2115 1605 2330 1672 opimi,
2349 1601 2441 1653 καὶ
2454 1599 2513 1652 οὑ
2538 1597 2860 1652 καταϐαίνει
2882 1593 2976 1648 τοῦ
2998 1593 3193 1664 ὕψους
3215 1591 3421 1660 Θεότης
3442 1605 3456 1652 ;
3477 1588 3587 1658 γάρ
3613 1587 3710 1640 ἀν·

2117 1691 2364 1762 θρωπίνῃ
2399 1685 2973 1760 συμπλακεῖσαὶρὺσει
3000 1727 3015 1750 ,
3049 1684 3145 1737 καὶ
3174 1682 3334 1737 τοῦτο
3364 1681 3576 1749 γίνεται
3611 1681 3714 1732 κά-

2114 1779 2263 1831 κεῖνό
2297 1781 2446 1832 ἐστιν
2469 1793 2484 1808 ⁶
2532 1778 2616 1831 διὸ
2647 1776 2856 1830 τέλειον
2877 1775 3012 1828 Θεὸν
3044 1775 3138 1828 καὶ
3176 1774 3386 1826 τέλειον
3420 1770 3716 1841 ἄνθρωπον

2115 1871 2207 1922 τὸν
2234 1871 2394 1923 αὑτὸν
2437 1867 2809 1938 ὁμολογοῦμεν
2849 1865 2992 1934 ὑπὲρ
3035 1866 3156 1918 ὅλου
3197 1864 3294 1917 τοῦ
3340 1861 3672 1922 πεπονθότος
3697 1900 3714 1924 ,

428 1965 612 2013 autem
643 1959 764 2030 ejus
796 1957 971 2028 gloria
1017 1957 1237 2013 modico
1268 1967 1536 2030 tempore,
1566 1968 1626 2013 ut
1658 1959 1726 2015 de
1774 1959 2019 2030 plenitud

2127 1961 2213 2016 ἵνα
2253 1962 2362 2033 ὅλῳ
2399 1980 2487 2032 μοι
2518 1963 2619 2034 τὴν
2652 1963 2930 2033 σωτηρίαν
2964 1957 3420 2032 χαρίσηται.ὃλον
3444 1957 3503 2009 τὸ
3537 1955 3712 2008 κατά-

428 2050 555 2104 dine
587 2051 708 2121 eius
738 2049 1041 2120 accipiam,
1075 2050 1342 2122 divesque
1382 2052 1440 2105 ﬁt
1462 2065 1691 2121 panper.
1723 2051 2013 2118 Quomodo

427 2151 614 2197 autem
641 2157 850 2213 pauper
883 2141 976 2196 tiat
1004 2142 1102 2213 qui
1127 2144 1282 2198 dives
1310 2153 1415 2206 est,
1441 2144 1577 2198 dicit
1599 2153 1824 2199 sanctus
1840 2145 2012 2198 Atha-

429 2233 620 2288 nasius
669 2234 723 2288 in
763 2248 1018 2288 sermone
1049 2234 1117 2288 de
1163 2234 1360 2288 salutis
1400 2234 1738 2288 revelatione
1773 2251 1784 2287 :
1823 2252 1840 2284 ι
1868 2235 2011 2287 Pau-

428 2341 617 2395 percm
648 2335 899 2380 naturam
934 2326 989 2380 in
1021 2327 1320 2396 semetipso
1353 2327 1721 2397 assumpsisse
1745 2369 1760 2392 ,
1812 2327 1866 2381 in
1916 2343 2014 2382 sua

425 2419 664 2488 justitia,
695 2419 842 2474 illam
876 2427 1001 2490 post
1027 2421 1344 2491 passionem
1377 2436 1543 2491 supra
1577 2422 1834 2477 homines
1865 2423 2017 2477 exal-

433 2521 706 2578 taturum,
757 2521 817 2568 ut
849 2529 914 2568 ex
944 2515 1265 2570 hominibus
1307 2531 1370 2570 ac
1405 2531 1570 2586 supra
1602 2515 1860 2571 homines
1893 2531 2016 2571 esse

432 2605 749 2671 videretur,
784 2614 953 2660 totam
1003 2606 1102 2661 Dei
1155 2607 1354 2662 factam
1405 2621 1527 2661 esse
1565 2615 1625 2661 ut
1676 2606 1845 2661 homo
1885 2621 2015 2661 vere

430 2695 580 2750 Deus
607 2706 755 2752 esset
779 2712 842 2751 ac
871 2697 1018 2752 Deus
1053 2713 1181 2753 vere
1214 2707 1366 2754 esset
1400 2699 1567 2754 homo
1597 2717 1609 2751 :
1641 2715 1708 2754 cx
1749 2698 2014 2769 benepla-

429 2789 542 2843 cito
574 2789 670 2843 Dei
698 2790 1001 2862 Unigeniti,
1044 2791 1112 2846 de
1144 2801 1318 2848 matre
1361 2792 1605 2862 Virgine,
1658 2791 2017 2862 generatione

432 2883 670 2938 naturali
700 2884 1189 2954 indissolubilique
1219 2886 1457 2951 unitate,
1499 2885 1566 2939 ad
1610 2900 1692 2948 se,
1729 2883 1802 2938 ob
1839 2883 2016 2953 pleni-

433 2973 682 3028 tudinem
701 2989 815 3030 θυοδ
829 2975 1154 3042 divinitatis,
1174 2975 1454 3030 hominem
1469 2973 1768 3046 Archetypi
1787 2973 2016 3044 plasma,

433 3075 495 3120 ut
526 3083 666 3123 nova
695 3080 845 3126 esset
874 3080 1126 3126 creatura
1148 3071 1415 3126 erexisse.
1459 3090 1477 3123 ι

2121 2073 2297 2128 κριμα
2331 2056 2499 2120 λύσας
2523 2056 2620 2126 τῆς
2645 2054 2918 2126 ἁμαρτίας
2940 2071 2955 2085 ο
2989 2052 3243 2107 κενοῦται
3269 2052 3378 2120 γὰρ
3412 2052 3442 2104 6
3474 2049 3712 2118 πλήρης,

2122 2148 2370 2200 κενοῦτσιι
2400 2147 2457 2200 δὲ
2497 2149 2596 2218 τῆς
2637 2145 2831 2201 ἑαυτοῦ
2863 2145 3024 2216 δόξης
3073 2145 3165 2198 ἐπὶ
3203 2143 3420 2214 μικρὸν,
3485 2142 3570 2195 ἵνα
3598 2141 3715 2208 ἐγὼ

2124 2239 2412 2308 μεταλάϐω
2444 2240 2542 2309 τῆς
2571 2239 2778 2292 ἐκείνου
2812 2238 3154 2310 πληρότητος
3176 2253 3190 2266 ·
3220 2236 3315 2290 καὶ
3340 2237 3368 2288 6
3401 2233 3715 2296 πλουτίζων

2121 2331 2414 2403 πτωχεύει.
2438 2333 2563 2396 Πῶς
2593 2332 2650 2386 δὲ
2686 2331 2956 2403 πτωχεύει
3002 2331 3258 2393 πλούσιος
3288 2327 3385 2388 ὢν,
3419 2327 3570 2395 λέγει
3601 2326 3631 2378 6
3653 2327 3714 2379 ὲν

2116 2425 2292 2493 ἁγίοις
2362 2425 2683 2490 Ἀθανάσιος
2739 2428 2796 2479 ὲν
2845 2425 2923 2496 τῷ
2983 2423 3110 2496 περὶ
3171 2423 3274 2493 τῆς
3329 2417 3715 2490 σωτηριώδους

2117 2517 2438 2586 ἐπιφανείας
2469 2519 2614 2590 λόγῳ
2634 2561 2648 2584 ,
2701 2519 2784 2572 ὅτι
2818 2536 2837 2570 ι
2869 2517 2980 2589 Τὴν
3009 2516 3406 2588 πτωχεὺσασαν
3447 2512 3615 2584 φύσιν
3645 2515 3704 2566 ὲν

2120 2609 2297 2681 ἑαυτῷ
2320 2610 2633 2674 ἀνελάϐετο,
2678 2613 2736 2664 ὲν
2771 2611 2876 2682 ἰδίᾳ
2913 2609 3230 2681 δικαιοσύνῃ
3265 2609 3469 2678 ταύτην
3506 2605 3714 2675 προϐα⁴
3805 2686 3812 2692 ν

2121 2703 2348 2774 λόμενος
2387 2703 2528 2777 ὑπὲρ
2569 2703 2876 2777 ἀνθρώπων
2900 2705 3218 2775 πάσχουσαν
3241 2744 3256 2768 ,
3295 2703 3391 2755 καὶ
3415 2701 3474 2767 ἐξ
3499 2699 3712 2770 ἀνθρὼ-

2125 2814 2242 2850 πων
2270 2792 2463 2865 οὑσαν,
2488 2799 2582 2852 καὶ
2609 2799 2752 2869 ὑπὲρ
2780 2797 3104 2869 ἀνθρώπους
3132 2794 3544 2866 φανερωθεῖσαν
3573 2834 3588 2856 ,
3618 2790 3714 2844 καὶ

2115 2885 2250 2939 Θεοῦ
2293 2889 2423 2959 ὃλην
2481 2890 2781 2960 γενομένην
2805 2929 2819 2954 ,
2862 2889 2953 2942 ἵνα
2997 2889 3092 2942 καὶ
3120 2887 3410 2957 ἄνθρωπος
3520 2885 3548 2936 6
3581 2882 3714 2945 Θεὸς

2114 2974 2354 3047 άληθῶς,
2385 2977 2476 3030 καὶ
2499 2977 2632 3040 Θεὸς
2664 2977 2951 3050 ἄνθρωπος
2977 2977 3196 3048 άληθῶς
3215 2993 3228 3007 ³
3259 2974 3394 3029 Θεοῦ
3423 2972 3517 3027 τοῦ
3557 2989 3714 3042 μονο-

2113 3065 2306 3134 γενοῦς
2352 3068 2780 3139 εὑδοκήσαντος,
2829 3069 2909 3139 τῷ
2959 3067 3286 3140 πληρώματι
3320 3068 3422 3136 τῆς
3459 3064 3716 3130 θεότητος

431 3161 597 3215 αὑτοῦ
651 3162 750 3234 τὴν
799 3163 892 3217 τοῦ
957 3163 1292 3236 Ἀρχετὺπου
1353 3164 1554 3217 πλάσιν
1594 3143 1884 3234 ἀνθρώπου
1934 3157 2029 3212 καὶ
2067 3161 2290 3232 ποίησιν
2347 3161 2563 3234 καινὴν,
2615 3165 2697 3250 ἐκ
2733 3163 2947 3235 μήτρας
2985 3162 3266 3236 Παρθένου
3301 3156 3716 3232 ἀναστήσασθαι

432 3254 608 3324 ἑαυτῷ
636 3258 839 3327 φυσικῇ
870 3257 1123 3329 γεννήσει
1153 3259 1246 3312 καὶ
1276 3257 1459 3330 ἀλύτῳ
1483 3256 1698 3312 ένώσει.
1744 3273 1765 3308 ι
1801 3277 1810 3284 ·

503 3347 582 3401 Ex
611 3347 700 3401 his
736 3348 1073 3416 praemissis,
1121 3350 1369 3422 ejusdem
1413 3351 1681 3406 miracula
1715 3361 2019 3422 primasque

2195 3346 2418 3411 Τούτοις
2441 3341 2532 3402 οῦν
2570 3345 3019 3411 ἀκολουθοῦντες,
3045 3345 3140 3400 τοῦ
3173 3342 3341 3400 αὑτοῦ
3368 3344 3437 3398 τά
3463 3341 3716 3416 Θαὺματα

431 3453 570 3507 quas
603 3438 842 3492 libenter
869 3441 1156 3504 sustinuit,
1188 3457 1255 3496 ex
1275 3457 1440 3498 carne
1469 3443 1708 3498 dicimus
1725 3457 2023 3514 cognosce-

434 3545 514 3585 re.
553 3528 708 3597 Quod
741 3541 927 3588 autem
970 3549 1115 3588 unus
1145 3532 1389 3590 Trinitas
1417 3577 1431 3601 ,
1464 3535 1561 3590 Dei
1614 3535 1882 3598 Verbum,
1932 3534 2019 3588 in-

433 3632 694 3680 carnatus
725 3632 809 3680 est
851 3624 1138 3697 factusque
1166 3635 1250 3681 est
1281 3627 1471 3694 homo,
1498 3643 1611 3682 non
1645 3629 1771 3683 ideo
1811 3636 2022 3698 quartae

435 3731 685 3787 persona:
714 3717 1090 3773 accessionem
1123 3726 1313 3774 sancta
1339 3719 1632 3776 Trinitatis
1660 3721 1892 3792 recipit;
1925 3735 2022 3775 nc-

434 3825 544 3880 quc
569 3811 807 3866 alterum
839 3826 961 3866 esse
998 3812 1169 3867 Deum
1206 3812 1446 3868 Verbum
1480 3814 1828 3886 alterumque
1855 3813 2020 3870 Chri-

435 3910 581 3956 stum
613 3906 918 3968 noscimus,
945 3905 1042 3960 sed
1080 3921 1252 3960 unum
1282 3907 1654 3979 eumdemque
1694 3924 1816 3965 esse
1845 3909 2019 3964 Deum

434 3995 680 4050 Verbum
708 3996 1002 4051 Dominum
1041 3995 1229 4053 Iesum
1252 3998 1542 4055 Christum
1573 3999 1927 4056 conﬁtemur.
1962 3999 2019 4054 Si

435 4085 831 4155 compendiose
857 4085 1155 4140 dicendum
1175 4097 1280 4150 est,
1301 4088 1536 4143 alterum
1559 4097 1614 4144 et
1636 4087 1873 4143 alterum
1893 4095 2022 4142 sunt

435 4193 502 4232 ex
526 4177 731 4248 quibus
767 4176 1120 4243 ﬁtSalvator,
1161 4179 1270 4235 nisi
1301 4179 1520 4235 dicatur
1543 4179 1799 4235 eumdem
1827 4180 2022 4236 visibi-

437 4271 544 4325 lem
578 4285 700 4326 esse
727 4286 791 4325 ac
825 4271 1183 4336 invisibilcm,
1221 4273 1590 4344 eumdemque
1636 4283 1906 4329 aeternum
1958 4288 2022 4328 ac

439 4365 495 4420 in
528 4374 778 4436 tempore
811 4367 1038 4422 factum.
1084 4367 1203 4422 Non
1235 4377 1319 4423 est
1357 4379 1541 4423 autem
1573 4368 1714 4423 alter
1755 4377 1812 4424 et
1846 4367 2018 4433 alter;

437 4457 585 4511 absit
611 4476 623 4512 :
653 4473 797 4514 unus
832 4460 980 4515 enim
1003 4475 1069 4515 ex
1100 4459 1370 4515 ambobus
1393 4461 1452 4514 tit
1483 4460 1760 4532 amboque
1781 4475 1846 4516 ex
1873 4476 2018 4526 uno;

439 4566 565 4605 cum
620 4567 753 4623 ergo
802 4551 871 4608 dc
905 4552 1203 4624 Unigenito
1239 4553 1378 4607 Filio
1418 4553 1515 4608 Dei
1553 4553 1788 4608 Domino
1827 4561 2048 4608 nostro.

436 4643 567 4700 Jesu
598 4643 820 4700 Christo
847 4646 1082 4701 alterum
1107 4653 1162 4703 et
1187 4646 1426 4703 alterum
1469 4647 1539 4701 de
1572 4661 1684 4701 uno
1709 4645 2022 4716 eodemque

439 4737 713 4804 dicimus;
746 4739 887 4794 duos
923 4738 1065 4796 ﬁlios
1108 4740 1193 4794 vel
1232 4738 1369 4796 duas
1406 4739 1731 4811 hypostases
1763 4755 1859 4794 seu
1887 4738 2028 4794 duas

441 4845 705 4900 personas
737 4847 850 4886 non
878 4831 1211 4896 inducimus,
1245 4832 1342 4887 sed
1381 4847 1448 4887 ex
1487 4832 1692 4902 quibus
1729 4839 1817 4886 est
1849 4831 1904 4887 in
1939 4831 2028 4886 his

439 4938 567 4977 eum
586 4938 708 4978 csse
727 4924 1108 4994 agnoscimus;
1133 4924 1212 4980 sic
1232 4925 1379 4979 enim
1396 4923 1753 4981 Divini‘tatem
1777 4939 2028 4979 carnem-

440 5031 548 5082 que
582 5014 730 5069 illius
769 5014 997 5071 diﬂ‘errc
1030 5015 1331 5086 probamus
1354 5056 1368 5079 ,
1401 5015 1731 5071 damnantes
1757 5013 2026 5086 Eutychis

441 5105 1112 5172 consubstantialitatem,
1178 5121 1456 5177 unamque
1513 5108 1635 5177 ejus
1686 5106 2025 5178 hypostasim

443 5197 795 5261 conﬁtemur,
826 5198 1066 5254 Nestorii
1103 5199 1520 5254 distinctionem
1537 5207 1906 5255 exsecrantes.
1948 5197 2026 5252 De

445 5290 551 5345 hoc
583 5297 768 5345 autem
807 5290 1032 5345 disserit
1061 5299 1284 5345 sanctus
1313 5291 1557 5362 Cyrillus
1594 5291 1651 5347 in
1682 5289 1827 5345 libro
1863 5289 2026 5346 tertio

443 5380 710 5436 adversus
730 5381 1066 5437 Nestorium.
1103 5402 1120 5434 ι
1150 5384 1270 5438 Non
1304 5383 1452 5454 quod
1484 5384 1629 5438 inter
1659 5399 1760 5438 nos
1791 5399 2027 5439 convero

443 5483 598 5528 satus
620 5483 727 5538 est,
778 5475 1077 5544 aliquando
1108 5476 1325 5531 desinet
1354 5492 1474 5531 esse
1523 5477 1665 5530 Deus
1691 5493 1705 5542 ;
1745 5491 1851 5530 nec
1879 5474 2026 5544 quod

444 5577 642 5622 natura
670 5579 754 5622 est
785 5569 931 5623 Deus
959 5611 973 5631 ,
1020 5570 1310 5626 nobiscum
1355 5570 1776 5626 similitudinem
1810 5569 2030 5623 inaccc-

446 5668 595 5730 ptam
629 5661 875 5726 habebit,
895 5660 1171 5732 homoque
1193 5679 1314 5718 esse
1336 5663 1634 5718 recusabit.
1654 5660 2028 5728 Quemadmo-

445 5753 577 5806 dum
604 5762 787 5808 autem
815 5754 869 5808 in
900 5754 1247 5809 humanitate
1280 5756 1582 5826 permansit
1609 5757 1778 5818 Deus,
1806 5754 1879 5809 ita
1901 5770 2028 5808 cum

446 5845 499 5900 in
536 5855 730 5902 natura
769 5855 853 5902 est
877 5856 1043 5917 atque
1088 5847 1142 5902 in
1185 5849 1510 5903 excellentia
1541 5848 1852 5904 divinitatis
1880 5848 2032 5901 nullo

451 5937 616 5992 modo
673 5937 903 5993 inferius
973 5947 1075 5993 cst.
1127 5937 1302 5992 Ambo
1338 5937 1506 6008 igitur
1550 5945 1681 5990 sunt
1713 5937 1768 5990 in
1807 5936 2027 6002 eodem,

453 6046 702 6102 ultusque
724 6031 870 6106 Deus
893 6030 1056 6088 simul
1079 6047 1144 6086 ac
1172 6032 1357 6098 homo,
1380 6033 1472 6103 qui
1507 6041 1587 6086 est
1623 6030 1964 6088 Ennnanuel.
2003 6051 2020 6082 ι

2124 3439 2218 3490 καὶ
2248 3439 2316 3491 τά
2340 3438 2484 3509 πάθη
2515 3439 2660 3510 ἅπερ
2699 3439 2966 3504 ἑκουσίως
3000 3439 3315 3508 ὑπέμεινεν,
3355 3439 3522 3510 σαρκὶ
3551 3438 3716 3507 γινώ-

2127 3545 2350 3597 σκομεν.
2403 3529 2541 3583 Οὑτε
2590 3531 2699 3601 γὰρ
2736 3532 3002 3603 τετάρτου
3047 3530 3344 3602 προσώπου
3391 3529 3719 3602 προσθήκην

2123 3623 2432 3692 ἐπιδέχεται
2461 3625 2492 3693 ἡ
2532 3625 2662 3693 ἁγία
2689 3624 2878 3695 Τριὰς,
2911 3623 3005 3678 τοῦ
3039 3624 3157 3687 ἑνὸς
3179 3623 3282 3694 τῆς
3310 3621 3541 3695 Τριάδος
3578 3623 3716 3678 Θεοῦ

2123 3715 2298 3781 Λόγου
2335 3716 2717 3786 σαρκωθέντος
2750 3719 2848 3771 καὶ
2887 3717 3448 3789 ὲνανθρωπήσαντος’
3491 3717 3588 3770 καὶ
3615 3717 3719 3771 οὑκ

2122 3807 2278 3860 ἄλλον
2300 3809 2392 3860 τὸν
2421 3807 2553 3861 Θεὸν
2577 3808 2748 3878 Λόγον
2783 3809 2877 3862 καὶ
2908 3808 3066 3862 ἄλλον
3097 3809 3189 3862 τὸν
3217 3807 3456 3878 Χριστὸν
3481 3809 3714 3862 ἐπιστά-

2126 3899 2286 3971 μεθα,
2341 3901 2457 3954 ἀλλ’
2515 3901 2611 3954 ἕνα
2661 3903 2756 3955 καὶ
2797 3901 2890 3956 τὸν
2931 3901 3095 3956 αὑτὸν
3137 3900 3271 3955 Θεὸν
3309 3900 3483 3971 Λόγον
3509 3898 3720 3972 Κύριον

2136 3994 2347 4064 Ἰησοῦν
2378 3995 2614 4067 Χριστὸν
2649 3995 3046 4067 ὁμολογοῦμεν.
3082 3995 3193 4049 Καὶ
3229 3995 3278 4047 εί
3323 3995 3407 4048 δεῖ
3432 3994 3719 4064 συντόμως

2123 4090 2318 4149 εἰπεῖν,
2353 4088 2478 4142 ἄλλο
2504 4088 2603 4160 μὲν
2640 4090 2736 4142 καὶ
2782 4088 2910 4142 ἄλλο
2935 4087 3006 4141 τὰ
3031 4088 3088 4156 ἐξ
3125 4081 3201 4142 ὧν
3228 4087 3257 4140 6
3299 4087 3513 4158 Σωτὴρ,
3555 4088 3718 4156 είπερ

2127 4181 2202 4252 μή
2233 4183 2431 4236 ταυτὸν
2481 4182 2542 4234 τὸ
2580 4181 2776 4252 ὁρατὸν
2816 4180 2894 4251 τῷ
2933 4182 3152 4252 ἀοράτῳ
3177 4221 3193 4245 ,
3250 4180 3348 4234 καὶ
3387 4181 3450 4233 τὸ
3491 4179 3722 4251 ἄχρονον

2123 4277 2201 4344 τῷ
2237 4275 2342 4328 ὑπὸ
2377 4275 2595 4347 χρόνον·
2620 4274 2720 4328 οὑκ
2747 4274 2905 4339 ἄλλος
2939 4275 2995 4328 δὲ
3021 4274 3116 4328 καὶ⁵
3143 4274 3325 4339 ἄλλος,
3361 4272 3437 4344 μὴ
3467 4273 3679 4342 γένοιτο
3713 4292 3716 4293 ν

2124 4362 2204 4432 εἷς
2220 4369 2325 4440 γὰρ
2347 4368 2406 4434 ἐξ
2427 4371 2650 4439 ἀμφοῖν,
2672 4369 2766 4422 καὶ
2786 4369 2854 4422 δι’
2879 4369 2996 4431 ἐνὸς
3013 4369 3302 4438 ἀμφότερα
3321 4383 3335 4398 ο
3361 4365 3486 4420 ὅθεν
3505 4367 3599 4418 ἐπὶ
3621 4363 3718 4419 τοῦ

2127 4461 2450 4531 μονογενοῦς
2498 4461 2625 4529 Υίοῦ
2667 4460 2763 4516 τοῦ
2786 4459 2921 4514 Θεοῦ
2973 4459 3068 4514 τοῦ
3111 4460 3317 4530 Κυρίου
3367 4457 3718 4530 ήμῶνΊησοῦ

2125 4553 2363 4624 Χριστοῦ
2395 4551 2522 4607 ἄλλο
2541 4553 2637 4606 καὶ
2655 4551 2784 4606 ἄλλο
2806 4552 2890 4620 ἐφ’
2917 4552 3034 4616 ἑνὸς
3069 4553 3166 4605 καὶ
3193 4549 3289 4603 τοῦ
3325 4548 3491 4604 αὑτοῦ
3525 4549 3718 4618 λέγον·

2127 4661 2238 4710 τες,
2273 4645 2333 4698 οὑ
2365 4644 2460 4699 δύο
2504 4645 2653 4708 υἱοὺς
2683 4645 2716 4715 ἦ
2757 4643 2851 4697 δύο
2875 4643 3203 4707 ὑποστάσεις
3235 4643 3268 4714 ἦ
3308 4641 3402 4696 δύο
3451 4643 3721 4713 πρόσωπα

2131 4737 2446 4807 εἰσάγομεν,
2482 4735 2598 4790 ἀλλ’
2649 4735 2710 4800 ἐξ
2748 4729 2822 4790 ὧν
2871 4737 3021 4789 ἐστιν
3069 4736 3127 4788 ὲν
3152 4734 3335 4797 αὑτοῖς
3372 4733 3536 4788 αὑτὸν
3581 4727 3722 4786 εἶναι

2088 4891 2092 4894 _
2129 4829 2472 4903 γνωρίζομεν
2497 4849 2511 4862 ο
2541 4830 2684 4884 οὑτω
2704 4831 2813 4901 γὰρ
2842 4831 2937 4884 καὶ
2964 4828 3026 4883 τὸ
3055 4828 3310 4900 διάφορον
3335 4827 3438 4898 τῆς
3466 4826 3721 4896 θεότητος

2129 4922 2296 4976 αὑτοῦ
2323 4924 2419 4978 καὶ
2450 4923 2550 4992 τῆς
2576 4923 2778 4995 σαρκὸς
2804 4923 3160 4995 παριστῶμεν
3185 4961 3201 4986 ,
3241 4920 3590 4992 ἀναιροῦντες
3621 4918 3726 4990 τὴν

2134 5015 2409 5085 Εὑτυχοῦς
2442 5016 2820 5081 συνουσίωσιν,
2849 5017 2944 5070 καὶ
2976 5015 3108 5087 μίαν
3143 5013 3310 5067 αὑτοῦ
3343 5013 3442 5082 τήν
3476 5011 3719 5066 ὑπόστα-

2136 5119 2223 5157 σιν
2266 5103 2641 5176 όμολογοῦμεν
2681 5103 3094 5176 βδελυττόμενοι
3123 5103 3222 5175 τὴν
3250 5102 3547 5173 Νεστορίου
3579 5099 3721 5154 διαί-

2139 5213 2311 5268 ρεσιν.
2343 5196 2516 5250 Τοῦτο
2548 5197 2657 5269 γὰρ
2695 5198 2790 5251 καὶ
2811 5199 2839 5250 6
2867 5197 2925 5250 έν
2960 5197 3136 5266 ἁγίοις
3177 5195 3328 5265 λέγει
3363 5195 3629 5265 Κύριλλος
3663 5195 3722 5248 ἐν

2135 5288 2212 5360 τῷ
2240 5289 2409 5360 τρίτῳ
2436 5291 2589 5364 τὸμῳ
2617 5289 2692 5360 τῷ
2727 5291 2862 5360 πρὸς
2889 5290 3203 5362 Νεστόριον.
3241 5309 3259 5340 ι
3289 5289 3363 5342 Οὑ
3392 5289 3501 5358 γὰρ
3525 5288 3608 5341 ὅτι
3631 5287 3696 5355 γέ
3719 5302 3724 5317 ί

2137 5399 2295 5451 γονεν
2327 5380 2448 5434 καθ’
2480 5383 2628 5453 ἡμᾶς
2649 5421 2664 5445 ,
2701 5381 2764 5434 τὸ
2789 5375 2928 5436 εἶναι
2960 5379 3092 5445 Θεὸς
3115 5379 3373 5435 ἀπολέσει
3400 5377 3531 5430 ποτέ
3553 5389 3571 5408 ⁶
3596 5375 3722 5430 οὔτε

2141 5477 2248 5550 μὴν
2265 5477 2346 5530 ὅτι
2372 5475 2503 5541 Θεὸς
2527 5475 2670 5531 κατά
2695 5474 2858 5546 φύσιν
2891 5475 3059 5535 ἐστὶν,
3078 5475 3178 5544 τὴν
3195 5472 3330 5544 πρὸς
3358 5472 3507 5541 ἡμᾶς
3525 5467 3724 5539 ομοίω-

2141 5588 2227 5624 σιν
2255 5569 2634 5642 ἀπαράδεκτον
2660 5569 2793 5640 ἔχει,
2827 5569 2920 5624 καὶ
2945 5569 3006 5622 τὸ
3045 5567 3140 5624 ἄνθ
3151 5584 3332 5640 ρωπος
3356 5561 3496 5619 εἶναι
3517 5580 3723 5635 παραι-

2126 5664 2374 5733 τήσεται.
2403 5662 2728 5732 Μεμένηκεν
2762 5663 2816 5717 δὲ
2844 5661 3033 5732 ὥσπερ
3052 5661 3110 5713 ἐν
3141 5657 3520 5728 ἀνθρωπότητι
3547 5654 3679 5718 Θεός
3704 5670 3720 5686 ο

2127 5753 2272 5806 οὑτω
2306 5752 2399 5806 καὶ
2448 5753 2506 5806 ὲν
2543 5752 2703 5822 φύσει
2732 5770 2791 5808 τε
2822 5753 2917 5806 καὶ
2951 5753 3194 5825 ὑπεροχῇ
3229 5749 3484 5819 θεότητος
3521 5745 3598 5800 ὢν
3625 5746 3687 5798 οὑ
3708 5779 3725 5789 ο

2128 5845 2217 5900 δὲν
2253 5839 2418 5919 ἧττόν
2476 5845 2644 5899 ἐστιν.
2687 5846 2890 5916 ’Λμφω
2922 5845 2986 5916 δὴ
3019 5839 3113 5898 οὖν
3157 5843 3217 5896 έν
3250 5841 3459 5912 τούτῳ·
3497 5837 3592 5893 καὶ
3639 5829 3721 5896 εἷς

2105 5936 2264 6001 ,Θεός
2291 5951 2348 5989 τε
2381 5934 2519 6008 ὁμοῦ
2554 5937 2647 5990 καὶ
2674 5936 2956 6008 ἄνθρωπος
2987 5935 3017 5989 6
3066 5932 3436 6008 Ἐμμανουήλ.
3477 5947 3498 5984 ι
