4112 6534
379 377 517 446 1109
1300 379 1740 441 rnscrarus
1776 383 2072 446 comm
2108 383 2716 453 MONOPHYSITAS.
3512 384 3651 452 1110
3737 367 3740 372 ’

454 496 545 548 Δεῖ
583 489 864 545 κάνταῦθα
905 491 1016 554 τοῖς
1074 490 1225 560 παρὰ
1256 490 1350 543 τοῦ
1392 491 1608 561 Πατρὶς
1651 493 1997 565 εέρημένοις,

2138 492 2240 548 llic
2269 493 2322 547 in
2352 494 2434 550 eis
2471 511 2594 566 quae
2635 513 2667 552 a
2697 498 2860 554 Patre
2898 497 3045 553 dicta
3083 505 3213 552 sunt
3244 495 3654 555 immorandum

380 585 680 655 ἐπισκέψαι
702 600 715 614 ο
756 583 856 655 τὴν
903 582 1013 653 γάρ
1051 583 1121 636 ἐν
1189 583 1446 654 πρόθεσιν
1482 585 1573 638 ἐπὶ
1609 587 1719 640 τῶν
1743 587 1835 640 δύο
1862 585 1966 655 φύ-

2100 594 2201 652 :st;
2262 603 2388 642 nam
2444 591 2892 659 prazpositionem
2939 583 3002 645 in
3049 590 3118 646 de
3156 571 3375 646 duabus
3440 593 3658 648 naturis

383 695 522 732 σεων
548 675 647 758 τῆς
673 673 825 736 θείας
860 690 919 726 τε
946 673 1043 726 καὶ
1074 673 1446 745 ἀνθρωπίνης,
1472 677 1528 729 ὲν
1555 670 1645 739 αἷς
1668 671 1748 738 εἷς
1779 679 1806 730 ὁ
1837 677 1970 747 Χρι-

2100 676 2384 733 livinitatis
2433 687 2601 749 atque
2653 679 3055 746 humanitatis,
3128 680 3186 735 in
3253 681 3458 752 quibus
3516 698 3659 736 unus

384 768 506 829 στὸς
532 765 879 836 γνωρίζεται,
899 764 1181 834 ὁμολογεῖν
1203 765 1348 834 ἡμᾶς
1371 765 1678 820 ἐκδιδάσκει
1706 783 1719 797 ’
1750 768 1816 839 ἣν
1838 767 1972 838 πρό-

2100 771 2330 826 lhristus
2383 773 2724 842 agnoscitur,
2777 773 3034 828 conﬁteri
3090 788 3194 828 nos
3231 773 3438 839 docet;
3494 789 3659 844 quam

383 860 534 914 θεσιν
687 857 954 927 αἱρετικοὶ
997 856 1288 926 ἀρνοῦνται
1319 858 1412 911 ἐπὶ
1452 859 1553 929 τῆς
1584 859 1837 930 θεότητος
1879 863 1974 916 καὶ

2100 865 2524 934 praepositionem
2562 867 2807 922 haeretici
2840 873 3044 937 negant
3070 865 3139 920 de
3172 864 3466 920 divinitate
3495 875 3659 935 atque

383 953 482 1021 τῆς
520 949 944 1024 ἀνθρωπότητος
991 949 1086 1003 τοῦ
1114 951 1352 1022 Χριστοῦ
1383 951 1668 1023 ἁρμόζειν,
1709 953 1976 1026 διαίρεσιν

2100 958 2422 1014 inmanitate
2451 957 2658 1014 Christi
2689 959 3011 1024 convenire,
3049 959 3200 1014 ill.us
3229 973 3392 1014 causa
3427 959 3662 1014 divisio-

382 1045 548 1115 δῆθεν
571 1043 1034 1114 προφασιζόμενοι
1056 1043 1146 1098 διά
1169 1043 1375 1114 ταύτης
1404 1044 1650 1114 γίνεσθαι
1674 1064 1687 1080 ο
1718 1046 1979 1116 ἀγνοοῦν-

385 1155 476 1202 τες
504 1139 586 1191 ὃτι
620 1135 758 1207 αῦτη
808 1136 841 1206 ἡ
876 1135 1136 1208 πρόθεσις
1181 1136 1281 1208 τὴν
1310 1137 1504 1191 ἕνωσιν
1549 1139 1855 1209 ἀσύγχυτον
1885 1142 1979 1195 καλ⁸

388 1230 697 1301 ἀδιαίρετον
758 1227 1038 1297 φυλάττει.
1076 1228 1241 1282 ’Ὀθεν
1297 1230 1456 1302 καὶὴ
1503 1231 1624 1285 θεία
1667 1232 1860 1304 Γραφὴ
1912 1235 1977 1304 τῇ

387 1321 612 1392 τοιαύτῃ
639 1319 904 1391 κέχρηται
931 1320 1186 1392 προθέσει
1214 1321 1307 1374 ἐπὶ
1341 1323 1440 1391 τῆς
1473 1321 1727 1393 θεότητος
1759 1326 1852 1378 καὶ
1884 1325 1982 1395 τῆς

389 1410 813 1481 ἁνθρωπότητος
843 1409 936 1463 τοῦ
978 1409 1216 1480 μεγάλου
1248 1409 1383 1464 Θεοῦ
1413 1412 1508 1465 καὶ
1537 1412 1791 1484 Σωτῆρος
1826 1413 1983 1485 ἡμῶν

389 1502 566 1572 Ἰησοῦ
614 1501 878 1572 Χριστοῦ.
908 1503 1073 1569 Λέγει
1132 1504 1264 1571 γοῧν
1297 1507 1325 1556 ό
1366 1502 1654 1568 θεσπέσιος
1687 1505 1985 1571 ἀπόστολος

393 1597 625 1661 Παῦλος·
657 1595 839 1651 Τοῦτο
877 1598 1214 1666 sapor-sian
1255 1599 1325 1652 ἐν
1364 1599 1511 1669 ὑμῖν
1543 1599 1574 1653 ὃ
1619 1601 1718 1654 καὶ
1759 1603 1827 1655 ἐν
1856 1604 1990 1672 Χριο

393 1689 520 1755 στῷ
560 1691 758 1757 Ἰησοῦ
782 1732 797 1757 ,
821 1689 888 1757 ὃς
914 1692 983 1745 ἐν
1009 1692 1214 1762 μορφῇ
1238 1693 1386 1747 Θεοῦ
1409 1693 1720 1762 ὑπάρχων,
1745 1698 1856 1764 οὐχ
1886 1697 1984 1765 ἁρ-

370 1781 634 1857 ,παγγλῶν
679 1783 954 1852 ἡγήσατο
990 1783 1055 1836 τὸ
1088 1779 1242 1838 εἶναι
1273 1779 1379 1838 ἶσα
1411 1784 1563 1850 Θεῷ,
1598 1786 1735 1840 ἀλλ’
1767 1786 1989 1841 ἑαυτὸν

394 1873 697 1928 ἐκένωσεν
731 1874 976 1944 μορφὴν
1003 1875 1230 1930 δούλου
1276 1876 1510 1940 λαϐὼν,
1556 1878 1623 1931 ἐν
1671 1879 1985 1948 ὁμοιώματι

397 1968 724 2036 ἀνθρώπων
764 1969 1108 2038 γενόμενος,
1160 1970 1258 2023 καὶ
1297 1970 1561 2038 σχήματι
1597 1971 1858 2039 εὑρεθείς
1905 1973 1986 2040 ὡς

397 2061 731 2127 ἄνθρωπος.
790 2060 974 2113 Εἰπὼν
1022 2060 1080 2113 δὲ
1125 2063 1152 2114 6
1189 2061 1513 2124 ’Λπόστολος
1544 2063 1602 2114 ὲν
1641 2065 1822 2134 μορφῇ
1850 2063 1986 2116 Θεοῦ

402 2154 670 2224 ὑπάρχειν
708 2153 802 2206 τὸν
832 2152 1098 2224 μονογενῆ
1133 2152 1264 2206 Υίὸν
1303 2152 1398 2206 τοῦ
1443 2153 1604 2217 Θεοῦ,
1636 2157 1731 2207 καὶ
1778 2157 1989 2223 ἐπαγα-

401 2246 514 2313 γὼν
575 2243 792 2317 μορφὴν
830 2244 1018 2298 δούλου
1065 2243 1302 2298 λαϐόντα
1350 2245 1517 2299 αὐτὸν
1569 2247 1629 2298 ὲν
1675 2245 1988 2317 ὁμοιώματι

403 2335 658 2405 γενέσθαι
684 2334 1012 2404 ἀνθρώπων,
1044 2335 1140 2388 καὶ
1179 2339 1422 2408 σχήματι
1452 2336 1748 2408 εὑρεθῆναι
1789 2337 1866 2402 ὡς
1897 2339 1991 2394 ἁν-

405 2429 646 2498 θρωπον,
684 2427 836 2482 οὐδὲν
866 2426 1054 2498 ἓτερον
1086 2429 1234 2500 ἡμᾶς
1274 2428 1579 2483 ἐκδιδάσκει
1607 2431 1641 2500 ἢ
1673 2430 1733 2484 τὸ
1760 2432 1817 2483 ὲν
1856 2431 1988 2485 ἐκα-

405 2523 542 2594 τέρᾳ
587 2523 771 2594 μορφῇ
802 2521 917 2576 τὸν⁵
937 2521 1145 2593 Κύριον
1173 2518 1336 2589 εἶναι,
1360 2523 1642 2577 τουτέστιν
1685 2525 1744 2578 ὲν
1776 2523 1992 2596 θεότητι

405 2614 501 2668 καὶ
538 2613 940 2686 ἀνθρωπότητι.
982 2613 1201 2684 Ἀμέλει
1241 2632 1323 2667 τοι
1350 2615 1446 2669 καὶ
1466 2616 1494 2668 6
1516 2618 1574 2668 ὲν
1594 2615 1770 2685 ἁγίοις
1787 2615 1993 2689 Κύριλ-

405 2708 496 2772 λος
549 2707 706 2761 τοῦτο
745 2707 805 2761 τὸ
855 2707 1020 2779 ῥητὸν
1059 2706 1384 2779 ἑρμηνεύων
1421 2709 1480 2761 ὲν
1519 2707 1597 2778 τῷ
1631 2709 1765 2780 πρὸς
1801 2709 1993 2762 Θεοδό-

408 2817 524 2853 σιον
543 2800 689 2872 λόγῳ
721 2800 928 2871 γράφει
961 2800 1090 2853 τάδε
1121 2816 1134 2829 ·
1184 2819 1202 2853 ι
1254 2801 1313 2854 '0
1347 2802 1620 2864 συναῒδιος
1648 2801 1726 2872 τῷ
1755 2801 1875 2872 Θεῷ
1901 2804 1994 2856 καὶ

407 2895 583 2964 Πατρὶ
603 2893 736 2958 Θεὸς
751 2894 940 2966 Λόγος,
959 2894 1173 2966 μορφὴν
1196 2895 1380 2948 δούλου
1402 2896 1606 2962 λαϐὼν,
1635 2896 1782 2951 ἔστιν
1807 2896 1996 2970 ὥσπερ

408 2989 465 3040 ὲν
495 2986 712 3057 θεότητι
731 2987 958 3052 τέλειος,
984 2987 1128 3042 οὕτω
1151 2990 1244 3044 καλ⁸
1269 2990 1328 3043 ὲν
1357 2988 1740 3060 ἀνθρωπότητι
1765 2989 1992 3057 τέλειος,

406 3082 506 3134 οὐκ
528 3082 590 3134 ὲκ
617 3082 787 3152 μόνης
810 3081 1067 3152 θεότητος
1089 3087 1185 3137 καὶ⁴
1204 3084 1407 3154 σαρκὸς
1432 3086 1512 3148 είς
1532 3085 1628 3138 ἕνα
1649 3085 1886 3157 Χριστὸν
1904 3087 1998 3140 καὶ

2079 1064 2206 1103 nem
2244 1048 2364 1105 ﬁeri
2398 1061 2801 1121 prtetexentes;
2849 1051 3168 1122 ignorantes
3213 1051 3360 1106 hanc
3401 1051 3663 1121 praeposi-

2084 1142 2291 1198 tionem
2338 1144 2609 1199 unitatem
2663 1144 3038 1200 inconcretam
3095 1153 3261 1213 atque
3319 1143 3664 1198 individuam

2084 1250 2327 1291 servare.
2356 1234 2513 1292 Unde
2552 1251 2708 1292 sacra
2735 1235 3023 1306 Scriptura
3049 1234 3241 1290 eadem
3270 1233 3666 1304 praepositione

2085 1328 2264 1383 utitur
2285 1328 2354 1384 de
2383 1328 2674 1384 divinitate
2702 1336 2868 1399 atque
2899 1328 3245 1384 humanitate
3268 1327 3450 1398 magni
3481 1325 3578 1381 Dei
3611 1335 3670 1381 et

2088 1421 2394 1478 Salvator-is
2430 1423 2600 1478 nostri
2636 1424 2766 1478 Jesu
2799 1423 3030 1478 Christi.
3077 1422 3226 1477 Dixit
3279 1420 3508 1492 quidem
3542 1435 3670 1475 san-

2090 1520 2214 1566 ctus
2250 1512 2451 1566 Paulus
2485 1514 2766 1581 apostolus
2794 1531 2807 1567 :
2843 1532 2860 1564 ι
2906 1513 3016 1567 Hoc
3043 1515 3232 1566 sentite
3273 1518 3328 1566 in
3361 1511 3501 1565 vobis
3532 1509 3670 1580 quod

2091 1614 2138 1658 et
2172 1606 2225 1658 in
2252 1603 2459 1659 Christo
2481 1604 2628 1669 Jesu,
2669 1606 2780 1675 qui,
2825 1622 2943 1658 cum
2983 1606 3035 1659 in
3065 1605 3239 1675 forma
3265 1603 3359 1658 Dei
3382 1613 3533 1667 esset,
3565 1619 3670 1656 non

2094 1700 2342 1768 rapinam
2395 1698 2685 1752 arbitratus
2733 1707 2940 1752 estesse
2969 1714 3022 1752 se
3071 1695 3333 1767 (equalem
3379 1695 3525 1760 Deo,
3581 1693 3671 1748 sed

2091 1793 2429 1860 semetipsum
2464 1792 2750 1845 exinanivit
2787 1792 3013 1861 formam
3039 1790 3174 1844 servi
3215 1789 3495 1859 accipiens,
3519 1787 3575 1841 in
3600 1786 3673 1840 si-

2090 1883 2441 1937 militudinem
2482 1884 2755 1936 hominum
2804 1883 3001 1952 factus,
3051 1880 3315 1958 etlhabitu
3343 1880 3584 1932 inventus
3614 1885 3673 1929 ut
3747 1887 3749 1890 ‘

2089 1977 2238 2029 homo
2263 1974 2311 2028 δ.
2352 1994 2368 2026 ι
2402 1976 2698 2045 Apostolus
2765 1983 2950 2030 autem
3015 1989 3138 2029 cum
3197 1973 3332 2028 dicit
3384 1971 3438 2025 in
3494 1970 3672 2024 forma

2089 2068 2182 2124 Dei
2255 2084 2376 2124 esse
2449 2069 2649 2124 Filium
2716 2067 2816 2123 Dei
2903 2067 3289 2138 unigenitum,
3379 2065 3674 2135 ipsumque

2088 2160 2244 2215 addit
2293 2160 2525 2215 formam
2584 2159 2728 2214 servi
2779 2160 3060 2229 accepisse
3115 2166 3177 2212 ut
3234 2156 3428 2212 similis
3495 2154 3676 2212 homi-

2089 2253 2254 2309 nibus
2318 2254 2513 2317 ﬁeret,
2569 2253 2878 2324 habituque
2936 2252 3226 2307 inventum
3273 2265 3396 2305 esse
3458 2258 3520 2304 ut
3574 2248 3676 2304 bo-

2090 2348 2330 2412 minem,
2382 2345 2527 2402 nihil
2561 2345 2712 2401 aliud
2767 2360 2872 2399 nos
2904 2343 3068 2398 docet
3117 2356 3285 2414 quam
3331 2341 3388 2394 in
3438 2348 3674 2409 utraque

2091 2441 2265 2495 forma
2317 2455 2439 2495 esse
2470 2439 2818 2498 'Dominum.
2846 2437 2900 2492 id
2933 2448 3039 2503 est,
3083 2435 3139 2490 in
3169 2434 3484 2495 divinitate
3510 2441 3674 2501 atque

2094 2531 2457 2587 humanitate.
2504 2531 2742 2587 Sanctus
2787 2544 3010 2600 quoque
3053 2527 3315 2599 Cyrillus,
3352 2526 3468 2580 haec
3505 2524 3675 2579 verba
3716 2554 3718 2556 τ

2095 2625 2482 2694 interpretans,
2520 2623 2638 2677 haec
2679 2621 2747 2676 ad
2779 2619 3154 2676 Theodosium
3186 2617 3420 2674 scribit:
3471 2635 3488 2668 ι
3532 2616 3677 2670 Deus

2095 2718 2358 2779 Verbum,
2399 2722 2737 2771 comternum
2783 2713 2896 2768 Leo
2936 2727 3000 2766 ac
3048 2709 3220 2774 Patri,
3267 2709 3500 2764 formam
3531 2707 3676 2761 servi

2095 2810 2393 2880 accipiens,
2445 2805 2913 2878 quemadmodum
2971 2803 3026 2858 in
3069 2801 3361 2858 divinitate
3399 2799 3679 2870 perfectus

2096 2911 2199 2963 est,
2243 2901 2316 2955 ita
2347 2911 2402 2955 et
2434 2900 2489 2954 in
2524 2898 2910 2962 humanitate;
2947 2910 3060 2950 non
3107 2910 3175 2949 cx
3226 2894 3341 2949 sola
3390 2891 3679 2946 divinitate

2097 3009 2160 3049 ac
2194 3008 2358 3048 carne
2393 2992 2448 3046 in
2481 3005 2650 3045 unum
2681 2988 2997 3052 Christum,
3051 2985 3344 3041 Dominum
3394 2992 3450 3038 et
3478 2982 3678 3037 Filium

2099 3077 2467 3156 compositus,
2523 3082 2618 3138 sed
2665 3097 2732 3138 ex
2762 3079 2982 3135 duobus
3031 3075 3328 3148 perfectis,
3357 3073 3411 3128 id
3448 3082 3533 3127 est
3569 3072 3676 3124 hu-

408 3174 614 3247 Κύριον
633 3177 728 3230 καὶ
752 3174 884 3228 Υίὸν
918 3175 1303 3249 συγκείμενος,
1330 3177 1445 3231 ἀλλ’
1472 3178 1537 3252 ὲκ
1565 3177 1712 3231 δυοῖν
1743 3178 1994 3241 τελείοιν,

2101 3178 2362 3234 manitate
2392 3192 2454 3231 ac
2497 3173 2783 3230 divinitate
2805 3173 2863 3226 in
2897 3184 3068 3226 unum
3109 3166 3479 3235 eumdemquc
3515 3165 3682 3219 mira-

409 3270 837 3344 ἁνθρωπότητος
887 3272 1032 3342 λέγω
1072 3273 1138 3345 δὴ
1187 3275 1286 3327 καὶ
1325 3273 1604 3344 θεότητος,
1657 3276 1739 3336 είς
1766 3275 1862 3328 ’ένα
1904 3274 2000 3329 καὶ

407 3362 498 3415 τὸν
522 3364 684 3417 αὐτὸν
707 3365 1023 3437 παραδόξως
1058 3366 1438 3436 συνδούμενος.
1466 3385 1485 3417 ι
1540 3367 1670 3420 Ἰδοὺ
1709 3367 1767 3420 δὲ
1813 3368 2002 3438 σαφῶς

411 3457 540 3510 πάλι
555 3477 572 3510 δ
587 3460 612 3511 6
625 3459 815 3530 Πατὴρ
828 3461 885 3513 ὲν
902 3459 1118 3528 θεότητι
1134 3461 1229 3512 καὶ
1239 3459 1336 3513 άνθ
1345 3459 1622 3530 ρωπότητι
1639 3460 1730 3513 τὸν
1741 3460 1997 3531 Χριστὸν,

411 3550 682 3621 ὑπάρχειν
719 3552 996 3624 ὁμολογεῖ,
1029 3553 1242 3623 Ὥσπερ
1286 3553 1342 3606 δὲ
1374 3553 1434 3607 τὸ
1473 3554 1543 3607 ἐκ
1586 3555 1862 3621 θεότητος
1903 3553 2002 3607 καὶ

411 3644 870 3713 ἀνθρωπότητος
900 3646 964 3699 ἐκ
1009 3644 1102 3698 δύο
1140 3645 1360 3714 φύσεων
1411 3645 1693 3716 σημαίνει,
1733 3643 1876 3699 οῦτω
1905 3647 2001 3699 καὶ

411 3735 473 3787 τὸ
517 3736 587 3788 ἐν
634 3737 868 3804 θεότητι
898 3736 998 3790 καὶ
1046 3737 1484 3804 ἀνθρωπότητι,
1512 3738 1571 3789 ἐν
1622 3736 1714 3788 δύο
1773 3736 2002 3804 φύσεσιν

414 3825 554 3882 εἷναί
579 3847 637 3883 τε
678 3833 772 3883 καὶ
806 3821 1175 3900 γνωρίζεσθαι
1205 3830 1296 3882 τὸν
1326 3829 1562 3901 Χριστὸν
1587 3829 1757 3899 δηλοῖ.
1795 3830 1917 3883 Ὅτι
1945 3829 2002 3882 δὲ

413 3922 474 3974 τὶ)
503 3921 566 3974 ἔκ
603 3938 766 3975 τινων
799 3923 1128 3977 συνεστᾶναι
1162 3921 1600 3993 λεγόμενον,ὲάν
1639 3923 1712 3994 μὴ
1737 3924 1795 3976 ἐν
1818 3924 2004 3986 αὐτοῖς

415 4016 742 4084 γνωρίζεται
780 4015 840 4080 ἐξ
872 4008 947 4070 ὧν
971 4015 1070 4069 καὶ
1105 4015 1364 4085 συνέστη,
1385 4014 1648 4085 σύγχυσιν
1677 4016 1771 4068 καὶ
1808 4017 2005 4085 ἀφανι-

418 4108 553 4174 σμὸν
574 4105 684 4158 τῶν
707 4105 1072 4160 συνελθόντων
1097 4107 1241 4158 ποιεῖ
1266 4104 1611 4176 πραγμάτων
1627 4145 1641 4168 ,
1662 4106 1833 4174 σαφὲς
1869 4106 2004 4159 καθ-

419 4195 685 4268 έστηκεν·
725 4199 783 4264 ἐξ
819 4191 894 4251 ὧν
944 4198 1111 4253 πάλιν
1135 4201 1163 4251 6
1202 4197 1364 4260 αὐτὸς
1395 4199 1463 4260 ⁸ὲν
1509 4198 1686 4265 ἁγίοις
1737 4198 2006 4269 Κύριλλος

419 4293 558 4345 κατὰ
601 4292 710 4346 τῶν
747 4293 1161 4348 Συνουσιαστῶν
1198 4293 1348 4363 λέγει
1377 4294 1507 4348 τάδε
1529 4311 1542 4324 ο
1586 4312 1604 4345 ι
1646 4294 1708 4346 Ei
1738 4293 1794 4347 δὲ
1829 4292 1905 4353 ὡς
1947 4295 2006 4346 ἐν

418 4387 570 4451 τάξει
615 4385 800 4458 ύγρῶν
834 4386 1212 4458 ἀναμεμίχθαι
1247 4387 1412 4457 φασιν
1443 4387 1695 4458 ἀλλήλοις
1740 4388 1919 4458 σάρκα
1947 4405 2005 4440 τε

421 4479 514 4530 καὶ
545 4480 744 4547 Λόγον,
777 4479 892 4543 πῶς
914 4481 1192 4551 ἠγνόησαν
1218 4480 1302 4534 ὅτι
1328 4481 1397 4535 τὰ
1427 4481 1682 4551 ἀλλήλοις
1713 4481 2010 4551 ἀνακιρνά-

2103 3272 2289 3326 bililer
2318 3270 2668 3340 conjunctus.
2702 3286 2719 3318 ι
2758 3266 2849 3321 Sic
2889 3279 3030 3336 ergo.
3052 3263 3253 3317 iterum
3297 3259 3355 3312 in
3380 3256 3684 3311 divinitate

2101 3380 2166 3418 ac
2221 3362 2563 3419 humanitate
2619 3375 2743 3415 esse
2794 3356 3086 3413 Christum
3144 3359 3338 3423 aperte
3389 3348 3685 3420 profitetur

2101 3457 2281 3512 Pater.
2327 3452 2804 3521 Quemadmodum
2835 3465 2898 3504 ea:
2937 3447 3221 3502 divinitate
3245 3460 3307 3497 ac
3347 3442 3686 3496 humanitate

2102 3565 2169 3604 ex
2218 3547 2434 3602 duabus
2490 3544 2705 3600 naturis
2754 3541 3051 3613 signiﬁcat,
3101 3539 3177 3593 ita
3205 3537 3261 3591 in
3312 3534 3586 3588 divinitate
3623 3548 3687 3585 ac

2102 3641 2430 3695 humanitate
2487 3637 2543 3691 in
2615 3635 2836 3690 duabus
2903 3631 3117 3688 naturis
3171 3643 3294 3684 esse
3351 3625 3687 3696 agnoscique

2101 3735 2384 3792 Christum
2414 3733 2779 3788 demonstrat.
2828 3727 2986 3794 Quod
3014 3733 3202 3780 autem
3249 3723 3454 3778 dicitur
3490 3737 3559 3775 ex
3587 3720 3687 3774 ali-

2103 3837 2238 3900 quot
2281 3826 2648 3882 constitutum
2679 3837 2822 3886 esse,
2854 3818 2963 3874 nisi
2996 3818 3054 3871 in
3093 3817 3203 3871 illis
3247 3821 3579 3884 agnoscatur
3617 3826 3687 3866 ex

2102 3921 2308 3991 quibus
2352 3917 2715 3972 constitutum
2774 3920 2880 3978 est,
2943 3909 3201 3967 confusas
3253 3906 3686 3973 obscuratasque

2104 4015 2288 4069 facere
2314 4026 2402 4065 res
2430 4009 2857 4070 constituentes,
2893 4005 3044 4059 clare
3076 4000 3300 4070 reponit
3325 4016 3338 4065 ;
3394 3997 3540 4051 inter
3567 4010 3690 4064 qua:

2107 4108 2222 4161 lucc
2251 4105 2452 4159 iterum
2486 4102 2632 4156 idem
2673 4106 2898 4154 sanctus
2939 4094 3180 4167 Cyrillus
3221 4100 3415 4147 contra
3440 4086 3693 4143 Consub-

2107 4197 2469 4255 slantialistas
2507 4193 2682 4248 dicit:
2727 4210 2745 4242 ι
2779 4189 2836 4245 Si
2871 4203 3003 4242 vero
3047 4186 3280 4249 dicunt,
3325 4196 3479 4235 more
3527 4179 3694 4248 liqui-

2107 4293 2327 4354 dornm,
2361 4301 2582 4351 carnem
2614 4292 2670 4338 et
2701 4282 2946 4338 Verbum
2973 4279 3078 4334 sibi
3114 4277 3352 4331 invicem
3403 4270 3693 4328 commista

2108 4383 2304 4446 fuisse,
2336 4377 2615 4450 quomodo
2648 4375 2972 4430 nescierunt
3000 4369 3211 4440 liquida
3251 4367 3368 4420 haac
3395 4363 3503 4419 sibi
3547 4361 3692 4417 invi-

2110 4491 2230 4532 cem
2269 4472 2594 4533 commista,
2647 4467 2806 4523 verbi
2849 4463 3022 4536 gratia
3076 4462 3267 4517 vinum
3302 4466 3359 4513 et
3409 4456 3538 4518 mel,
3581 4455 3692 4524 jam

433 4591 570 4640 μενα
590 4546 698 4627 τῶν
733 4546 1102 4643 ὑγρῶνξοῖνος
1131 4574 1268 4646 φέρε
1315 4577 1492 4629 εἰπεῖν
1529 4546 1624 4628 καὶ
1663 4574 1811 4644 μέλι,
1843 4546 1997 4646 ὃμὲν

2113 4584 2223 4623 ηοη
2282 4581 2407 4621 esse
2471 4577 2625 4617 mere
2691 4559 2838 4631 quod
2891 4565 3052 4611 erant
3087 4595 3102 4621 ,
3166 4550 3263 4606 sed
3333 4546 3696 4616 assumpsisse

419 4661 580 4735 ἦσαν,
607 4667 714 4720 εἰσὶ
740 4666 996 4737 καθαρῶς
1019 4667 1228 4734 ούκέτι,
1251 4666 1557 4738 προσλήψει
1586 4668 1643 4721 δὲ
1673 4655 1874 4737 μᾶλλον
1906 4668 2005 4739 τῆς

422 4759 762 4829 ἐτεροειδοῦς
817 4758 1134 4831 ποιότητος,
1186 4759 1266 4822 είς
1321 4759 1508 4829 ἕτερόν
1533 4778 1586 4813 τι
1635 4760 2003 4829 μεθίσταται;

423 4852 637 4906 Οὐκοῦν
665 4854 714 4905 εί
743 4850 1160 4922 συγκεκρᾶσθαι
1207 4868 1341 4919 φασι
1374 4851 1453 4922 τῷ
1474 4851 1633 4922 Λόγῳ
1661 4851 1761 4923 τὴν
1803 4851 2003 4923 σάρκα,
2040 4901 2046 4907 .

425 4944 575 4996 τιᾶσὰ
619 4961 737 5008 πως
779 4942 996 5011 ἀνάγκη
1031 4942 1213 5012 λέγειν
1244 4941 1510 5012 ἑκάτερον
1539 4941 1648 4994 τῶν
1679 4942 2006 5012 ὠνομασμέ-

425 5055 552 5098 νων,
579 5037 888 5108 ἁποστῆναι
936 5036 1033 5106 μὲν
1082 5035 1177 5090 τοῦ
1227 5031 1368 5088 εἶναι
1417 5034 1447 5088 ὃ
1483 5032 1573 5106 ἦν,
1601 5034 1660 5088 ἓν
1692 5034 1749 5088 δέ
1777 5053 1830 5088 τι
1860 5035 1922 5088 τὸ
1949 5035 2009 5100 ἐξ

427 5129 631 5196 ἀμφοῖν
672 5127 1003 5182 ἀποτελέσαι
1038 5131 1205 5198 μέσον
1239 5127 1531 5198 ὲτεροφυές
1559 5144 1662 5181 που
1697 5129 1936 5194 πάντως,
1973 5128 2006 5200 ἦ

426 5220 562 5290 ὅπερ
603 5214 671 5291 ἧν
707 5220 971 5290 ἑκάτερον
995 5220 1099 5274 ἀνὰ
1133 5220 1320 5291 μέρος.
1360 5239 1378 5269 ι

511 5314 994 5385 Ἀποδεδειγμένου
1033 5315 1214 5368 τοίνυν
1253 5315 1335 5367 ὅτι
1369 5312 1464 5366 ἐπὶ
1500 5311 1609 5366 τῶν
1648 5312 1722 5382 μὴ
1763 5308 2008 5381 σωζομέ-

429 5421 535 5458 νων
560 5405 700 5474 μετά
725 5405 978 5460 σύνθεσιν
1021 5405 1289 5476 σύγχυσις
1337 5404 1590 5473 γίνεται,
1622 5401 1782 5473 δῆλον
1814 5403 1895 5456 ὃτι
1923 5405 2008 5471 ἐφ’

427 5490 504 5550 ὧν
537 5497 612 5570 μὴ
647 5495 913 5568 σύγχυσις
961 5497 1095 5568 μηδὲ
1136 5493 1450 5565 ἀφανισμὸς
1483 5493 1594 5548 τῶν
1637 5493 2008 5547 συνελθόντων

431 5589 776 5659 πραγμάτων
807 5589 954 5642 ἐστὶν
980 5588 1041 5640 τὸ
1061 5587 1122 5640 ἔκ
1144 5604 1288 5650 τινος
1319 5585 1594 5651 συντεθὲν,
1624 5583 1717 5637 καὶ
1746 5585 1803 5635 ἐν
1831 5583 2015 5646 αὐτοῖς

431 5681 782 5754 γνωρίζεται,
818 5681 914 5735 καὶ
956 5678 1222 5751 πρόδηλον
1270 5680 1352 5732 ὅτι
1413 5681 1460 5734 οἱ
1509 5680 1572 5732 ἐκ
1626 5675 1719 5729 δύο
1776 5674 2012 5744 φύσεων,

516 5861 541 5902 δ
568 5857 806 5929 Philipp.
840 5874 897 5924 ιι,
925 5858 976 5922 5,
1015 5856 1070 5910 7.

2115 4658 2415 4730 plurimum
2459 4653 2706 4709 materiae
2732 4652 2945 4714 alienae,
2984 4649 3058 4702 ita
3087 4653 3149 4700 ut
3174 4643 3229 4697 in
3255 4640 3532 4711 quoddam
3567 4637 3697 4692 alie-

2116 4767 2247 4807 num
2288 4754 2722 4805 commutentur.
2777 4744 2832 4800 Si
2880 4757 3012 4812 ergo
3061 4738 3245 4794 Verbo
3283 4748 3507 4791 carnem
3541 4745 3697 4786 com--

2117 4843 2334 4899 mistam
2367 4841 2538 4895 fuisse
2574 4839 2788 4903 dicunt,
2838 4847 3066 4890 necesse
3111 4828 3338 4885 omnino
3381 4825 3489 4884 erit
3512 4823 3699 4877 dicere

2116 4932 2554 5005 unumquodque
2605 4929 3014 4985 nominatorum
3035 4965 3051 4989 ,
3110 4922 3186 4976 ita
3209 4934 3333 4975 esse
3358 4916 3602 4971 alienum
3629 4911 3698 4966 ab

2117 5047 2184 5086 eo
2227 5028 2376 5100 quod
2402 5036 2561 5090 erat,
2613 5033 2674 5080 ut
2713 5021 2975 5094 quiddam
3014 5031 3187 5073 unum
3223 5029 3293 5070 ex
3343 5008 3562 5066 duobus
3609 5004 3702 5059 ﬁat

2120 5121 2401 5185 medium,
2434 5118 2661 5174 omnino
2705 5115 2876 5170 ferme
2918 5109 3070 5166 aliud
3094 5121 3259 5178 quam
3304 5101 3456 5174 quod
3502 5113 3701 5157 unum-

2121 5215 2379 5286 quodque
2413 5219 2535 5268 erat
2562 5225 2661 5282 per
2694 5215 2897 5279 partes.
2940 5224 2958 5257 ι

2193 5307 2431 5362 Probato
2445 5304 2612 5374 igitur
2633 5302 2688 5356 in
2709 5316 2816 5355 non
2839 5297 3064 5354 salvatis
3083 5299 3208 5366 post
3219 5287 3701 5360 compositionem,

2122 5397 2502 5453 confusionem
2531 5393 2673 5459 ﬁeri,
2707 5391 2936 5447 evidens
2955 5390 3057 5443 'est
3106 5386 3162 5440 in
3192 5383 3398 5454 quibus
3432 5393 3534 5432 nec
3572 5390 3704 5428 con-

2117 5489 2262 5542 fusio
2291 5503 2394 5542 ncc.
2439 5483 2753 5542 obscuratio
2803 5496 2990 5536 rerum
3038 5472 3490 5533 constituentium
3526 5466 3702 5532 adest,

2123 5595 2189 5633 cx
2214 5577 2460 5649 quodam
2512 5590 2634 5630 csse
2673 5571 2978 5642 composita
3003 5609 3017 5636 ,
3051 5575 3216 5636 atque
3247 5564 3304 5618 in
3331 5561 3438 5626 ilb's
3461 5556 3706 5629 agnosci,

2133 5689 2194 5727 ac
2223 5669 2574 5725 manifestum
2627 5676 2708 5720 cst
2753 5663 3080 5720 confitcntes
3112 5675 3181 5716 ex
3210 5656 3426 5714 duabus
3471 5651 3705 5712 naturis:
