4112 6538
526 397 655 461 iiii

1650 399 2091 463 JUSTINIANI
2130 399 2653 467 IMPERATORIS

3653 404 3810 471 1112

520 509 575 565 i‘d
602 517 686 564 est
717 525 784 565 ex
808 506 1097 565 divinitate
1130 517 1185 564 et
1219 508 1564 566 humanitate
1592 492 1899 580 perfectum
1928 510 2074 565 fuiss

2202 514 2484 567 τουτέστιν
2534 516 2599 569 ὲκ
2640 512 2895 585 θεότητος
2933 515 3027 569 καὶ
3070 515 3495 589 ἀνθρωπότητος
3524 518 3809 572 ἀποτελεο

521 618 689 656 unum
732 601 1022 657 Dominum
1066 610 1319 657 nostrum
1351 603 1539 659 Jesum
1568 602 1876 668 Christum,
1912 619 2015 659 nec
2042 603 2096 657 in

515 706 585 746 eo
650 691 1031 747 confusionem
1107 692 1352 749 adfuisse
1434 710 1599 750 causa
1663 696 2099 751 substantiarum

519 783 997 850 eonstituentium,
1046 784 1362 839 necessario
1399 801 1620 855 quoque
1666 785 1722 840 in
1750 786 1852 841 ‘his
1882 786 2100 842 duabus

518 873 735 928 naturis
766 874 944 942 ipsum
978 875 1200 946 agnosci
1230 875 1347 931 fore
1379 876 1754 942 confessurus,
1790 893 1859 933 ex
1894 878 2099 948 quibus

518 966 683 1021 etiam
716 967 1051 1024 constitutus
1078 978 1162 1023 est
1190 969 1284 1039 qui
1319 979 1403 1025 est
1444 968 1500 1024 in
1548 970 1753 1025 deitate
1799 978 1964 1042 atque
1990 971 2097 1025 hu-

516 1061 800 1117 manitate.
842 1061 935 1117 Sic
973 1066 1122 1117 enim
1178 1078 1281 1118 nec
1308 1062 1622 1119 differentia
1663 1072 1987 1119 naturarum
2038 1064 2097 1119 in

515 1152 740 1208 Christo
784 1154 1031 1220 tollitur,
1078 1154 1375 1224 unitasque
1400 1170 1590 1209 earum
1644 1154 1939 1209 individuo
1978 1168 2098 1210 ser-

515 1254 698 1300 vatur.
734 1244 873 1302 Cum
921 1246 1287 1316 quorumdam
1315 1245 1687 1301 diﬁerentiam
1730 1246 1938 1310 dicant,
1989 1245 2095 1301 nisi

514 1355 637 1408 quae
664 1340 961 1410 perﬁciunt
988 1339 1294 1404 Christum,
1336 1339 1390 1394 in
1430 1338 1596 1393 illone
1623 1339 1833 1392 servari
1862 1339 2095 1409 permit—

518 1432 681 1486 tent?
733 1431 886 1487 Licet
944 1439 1135 1488 sancto
1184 1430 1392 1503 Cyrillo
1437 1430 1493 1484 in
1550 1430 1818 1485 vicesimo
1894 1437 2096 1500 quarto

515 1540 768 1579 sermone
796 1524 1064 1580 Thesauri
1093 1525 1211 1580 haec
1231 1524 1515 1580 scribente
1542 1541 1555 1577 :
1624 1542 1643 1574 ι
1671 1522 1798 1579 Haec
1843 1522 2097 1593 loquitur

514 1627 575 1672 ut
600 1618 786 1684 homo,
819 1617 1067 1688 loquitur
1088 1625 1271 1673 autem
1297 1618 1465 1672 etiam
1502 1624 1565 1671 ut
1600 1616 1768 1680 Deus,
1805 1615 1861 1670 in
1896 1617 2093 1672 ambo-

513 1709 616 1761 bus
656 1716 982 1778 potestatem
1025 1709 1255 1764 habens.
1293 1708 1363 1765 Ut
1406 1708 1574 1763 homo
1626 1722 1761 1763 vero
1802 1707 2089 1779 loquitur:

510 1801 661 1856 Num;
731 1803 914 1856 anima
977 1819 1095 1857 mea
1143 1803 1357 1856 turbata
1400 1812 1545 1856 este.
1605 1802 1677 1859 Ut
1712 1802 1856 1857 Deus
1904 1811 2089 1857 autem

2204 606 2398 677 σθῆναι
2423 606 2516 660 τὸν
2540 607 2637 661 ἕνα
2671 606 2876 678 Κύριον
2902 607 3058 679 ἡμῶν
3093 606 3303 678 Ἰησοῦν
3337 609 3574 679 Χριστὸν
3595 609 3807 680 ὁμολο-

2201 699 2444 766 γοῦντες,
2474 701 2569 753 καὶ
2597 698 2671 771 μὴ
2694 699 2956 770 σύγχυσιν
2980 701 3037 753 έν
3060 700 3210 771 αὐτῷ
3237 702 3569 773 γεγενῆσθαι
3595 703 3802 771 λέγον-

2199 809 2293 854 τες
2312 792 2422 844 τῶν
2451 792 2826 845 συνελθουσῶν
2854 792 3076 857 οὐσιῶν,
3106 794 3360 864 ἀνάγκην
3385 794 3569 859 ἕξουσι
3596 797 3696 851 καὶ
3737 797 3804 847 ὲν

2200 885 2390 947 αὐταῖς
2421 887 2544 947 ταῖς
2572 884 2667 938 δύο
2710 883 2938 954 φύσεσιν
2982 884 3146 939 αὑτὸν
3190 883 3482 955 ὁμολογεῖν
3516 887 3802 958 γνωρίζε-

2202 975 2349 1039 σθαι,
2384 976 2444 1042 ὲξ
2473 970 2550 1032 ὧν
2572 978 2665 1030 καὶ
2696 976 2956 1046 συνετέθη
2985 978 3125 1049 ὅπερ
3157 978 3308 1031 ἐστὶν
3341 979 3399 1030 ὲν
3433 978 3653 1049 θεότητι
3690 980 3801 1031 καὶ

2201 1067 2793 1140 ἀνθρωπότητι.υῦτω
2842 1068 2953 1139 γὰρ
2999 1068 3123 1123 οὔτε
3181 1071 3215 1141 ἡ
3264 1069 3501 1139 διαφορὰ
3556 1071 3665 1122 τῶν
3734 1073 3799 1124 ἐν

2199 1160 2422 1231 Χριστῷ
2471 1160 2690 1229 φύσεων
2736 1161 3064 1230 ἀναιρεῖται,
3091 1162 3184 1215 καὶ
3240 1164 3274 1233 ἡ
3333 1161 3541 1214 τούτων
3586 1162 3797 1229 ἓνωσις

2199 1252 2568 1317 ἀδιάσπαστος
2625 1252 2983 1322 φυλάττεται.
3020 1254 3171 1307 Ἐπεὶ
3220 1252 3383 1306 τίνων
3423 1253 3640 1322 λέγουσι
3668 1255 3799 1308 δια-

2200 1344 2397 1415 φοράν,
2423 1345 2520 1397 ἐὰν
2556 1344 2632 1415 μὴ
2672 1343 2742 1398 τά
2790 1343 3025 1415 Χριστὸν
3066 1345 3501 1409 ἀποτελέσαντα,
3536 1347 3595 1400 ὲν
3634 1347 3796 1419 αὐτῷ

2201 1436 2570 1505 φυλάττεσθαι
2599 1436 2852 1502 δὼσωσις
2888 1437 3066 1491 καίτοι
3110 1437 3206 1491 τοῦ
3247 1440 3304 1491 ὲν
3364 1438 3543 1507 ἁγίοις
3576 1440 3793 1511 K096).-

2197 1528 2291 1581 λου
2318 1530 2376 1582 ὲν
2399 1528 2476 1601 τῷ
2505 1527 2737 1599 εἰκοστῷ
2763 1529 3016 1600 τετάρτῳ
3042 1528 3187 1601 λόγῳ
3207 1528 3301 1583 τοῦ
3326 1529 3618 1601 Θησαυροῦ
3646 1532 3793 1603 γρά-

2198 1641 2420 1694 φοντοςο
2456 1642 2475 1675 ι
2507 1622 2693 1676 Ταῦτα
2726 1620 2878 1675 λαλεῖ
2908 1622 2984 1687 ὡς
3037 1622 3349 1693 ἄνθρωπος,
3382 1624 3538 1677 λαλεῖ
3579 1624 3637 1677 δὲ
3690 1627 3792 1679 καὶ

2194 1717 2270 1780 ὡς
2301 1715 2437 1778 Θεὸς
2460 1756 2474 1780 ,
2501 1714 2641 1786 ἔχων
2669 1716 2727 1768 ὲν
2753 1713 3091 1786 ἀμφοτέροις
3115 1717 3216 1785 τὴν
3244 1713 3498 1780 ἐξουσίαν
3520 1734 3537 1751 ο
3572 1716 3790 1788 ἀνθρω-

2196 1810 2368 1873 πίνως
2409 1809 2510 1879 μὲν
2539 1809 2650 1880 γὰρ
2684 1807 2894 1876 ἔλεγεν,
2926 1807 3058 1863 Νῦν
3098 1811 3136 1879 ἡ
3168 1810 3338 1879 ψυχή
3367 1828 3489 1880 μου
3545 1811 3791 1880 τετάρα-

508 1894 710 1949 iterum
762 1894 939 1950 dicit:
980 1894 1302 1950 Potestatem
1349 1896 1515 1950 habeo
1561 1896 1792 1967 ponendi
1834 1897 1993 1960 eam',
2040 1911 2074 1948 et

2194 1920 2349 1957 κται.
2383 1900 2593 1964 Θεῖκῶς
2623 1900 2680 1953 δὲ
2713 1899 2910 1965 πάλιν,
2959 1899 3288 1965 Ἰἰξουσίαν
3308 1901 3428 1971 ἔχω
3461 1902 3651 1957 θεῖναι
3668 1905 3783 1958 αὐ-

506 1994 816 2056 potestatem
863 1986 1027 2041 habeo
1082 1987 1275 2041 iterum
1323 1987 1568 2040 sumendi
1602 2002 1723 2040 eam
1742 1985 1794 2040 ἀ.
1842 1984 2087 2051 Turbari,

506 2078 693 2133 carnis
740 2079 964 2149 propria
1005 2094 1167 2148 poena
1212 2087 1341 2146 est;
1398 2088 1715 2149 potestatem
1771 2085 1950 2132 autem
1991 2080 2091 2133 ha-

503 2173 623 2226 bere
652 2173 879 2243 ponendi
916 2180 1074 2243 atque
1121 2173 1314 2227 iterum
1356 2172 1596 2227 sumendi
1626 2175 1885 2236 animant,
1924 2171 2085 2227 Verbi

504 2266 763 2336 potentia:
810 2281 952 2336 opus
1017 2275 1121 2320 est.
1187 2284 1208 2317 ι
1270 2264 1420 2320 idem
1484 2275 1709 2320 sanctus
1749 2264 1987 2336 Cyrillus
2030 2265 2084 2319 in

500 2359 910 2414 Commentario
946 2356 1230 2429 Evangelii
1267 2358 1573 2413 secundum
1606 2357 1894 2423 Joannem,
1930 2365 2086 2411 sexto

502 2464 755 2506 sermone
784 2450 1014 2507 secundi
1039 2450 1166 2505 libri
1201 2447 1402 2505 iterum
1431 2449 1566 2505 dicit
1602 2467 1616 2503 :
1681 2469 1699 2500 ι
1729 2448 1865 2504 Cum
1912 2449 2082 2513 enim,

503 2544 668 2599 homo
705 2545 816 2616 jam
870 2543 1079 2608 factus,
1134 2542 1367 2599 formam
1404 2542 1549 2597 servi
1575 2541 1866 2605 induisset,
1895 2555 2085 2595 sermo

499 2637 621 2707 ejus
660 2651 763 2691 nec
787 2636 930 2691 liber
962 2652 1067 2691 nec
1097 2635 1324 2690 omnino
1373 2638 1639 2690 remissus
1666 2645 1786 2689 erat
1834 2633 1906 2688 ob
1938 2632 2082 2687 ﬁdu-

499 2730 639 2784 ciam
694 2746 817 2799 qtue
865 2729 1038 2784 Deum
1084 2728 1315 2783 decebat
1358 2744 1373 2782 :
1430 2728 1525 2783 tali
1575 2734 1761 2782 autem
1820 2726 2083 2781 utebatur

500 2822 772 2893 imprimis
803 2863 820 2887 ,
874 2821 967 2892 qui
1020 2828 1246 2891 propter
1299 2821 1644 2875 meonomiam
1709 2817 2082 2890 (incarnatio-

498 2914 692 2986 nem),
752 2915 919 2970 simui
976 2915 1147 2970 Deum
1202 2923 1259 2969 ct
1319 2913 1599 2968 hominem
1676 2912 1938 2975 deceret,
2001 2910 2080 2966 si-

477 3011 718 3081 quidem
789 3010 857 3066 de
923 3010 1118 3066 eodem
1173 3019 1470 3079 utrumque
1517 3023 1648 3063 vere
1709 3007 2022 3063 dicebatur.
2052 3026 2071 3059 ι

492 3104 628 3160 Cum
659 3112 842 3161 autem
872 3105 1038 3160 Pater
1068 3103 1137 3159 de
1177 3103 1374 3159 eodem
1424 3112 1722 3172 utrumque
1775 3100 1919 3156 dicat
1955 3115 2077 3155 esse

492 3193 774 3249 Christum
812 3208 876 3249 ac
900 3194 955 3248 in
989 3201 1227 3263 utroque
1278 3200 1610 3263 potestatem
1656 3190 1883 3256 habere,
1934 3190 2073 3243 nihil
2101 3230 2144 3289 ο

490 3286 641 3343 aliud
658 3303 824 3359 quam
847 3287 902 3341 in
916 3286 1135 3343 duabus
1152 3286 1371 3341 naturis
1389 3285 1568 3356 ipsum
1588 3291 1805 3339 exstare
1819 3280 2075 3353 agnosci-

488 3395 598 3450 que
638 3378 938 3450 patefacit;
993 3394 1120 3434 cum
1154 3379 1300 3435 enim
1337 3393 1501 3434 voces
1541 3377 1681 3432 Deus
1726 3383 1782 3431 et
1818 3378 1972 3430 homo
2003 3375 2074 3431 de

488 3469 711 3526 Christo
741 3479 1087 3537 asseruntur,
1117 3468 1556 3526 substantiarum
1585 3467 1791 3523 indicia
1822 3475 1972 3523 sunt.

553 3743 811 3799 Attamen
859 3743 1112 3801 veritatis
1139 3743 1350 3808 hostes,
1386 3741 1571 3797 omnia
1612 3741 1944 3796 documenta
1966 3740 2069 3795 Pa-

484 3842 632 3888 trum
661 3843 1086 3891 contemnentes
1128 3834 1475 3905 maximeque
1505 3849 1629 3904 quze
1670 3849 1701 3888 a
1726 3841 1919 3888 sancto
1957 3831 2064 3904 Cy-

480 3925 608 3980 rillo
633 3925 701 3981 de
735 3925 1198 3983 condemnatione
1232 3926 1475 3983 Nestorii
1520 3925 1735 3995 prolata
1770 3933 2065 3979 sunt‘con-

481 4016 723 4087 cilioque
770 4016 1117 4082 conﬁrmata,
1154 4016 1405 4087 quaedam
1436 4031 1503 4070 ex
1550 4014 1685 4070 solis
1717 4022 2061 4070 commenta-

479 4108 579 4165 riis
609 4108 784 4165 sancti
829 4107 1023 4181 Cyrilli
1053 4109 1120 4165 ad
1167 4108 1476 4165 Sucensum
1509 4107 1744 4162 arbitrio
1790 4121 1893 4162 suo
1924 4106 2062 4161 false

478 4201 938 4271 interpretantur,
988 4201 1205 4257 scilicet
1238 4200 1412 4257 solam
1456 4208 1712 4254 naturam
1757 4200 1855 4255 Dei
1894 4198 2060 4255 Verbi

478 4295 816 4349 incarnatam
851 4291 1044 4358 fuisse,
1080 4293 1474 4363 hominemque
1532 4293 1819 4363 exemplar
1846 4292 2057 4359 fuisse;

474 4401 561 4463 ac,
596 4385 744 4455 quod
795 4385 975 4441 solent
1024 4385 1296 4450 haeretici,
1332 4384 1543 4440 scilicet
1570 4386 1741 4441 verba
1774 4400 2057 4443 sacrarum

475 4478 889 4549 Scripturarum
910 4480 1065 4550 juxta
1090 4479 1380 4550 proprium
1400 4493 1648 4533 errorem
1668 4479 2053 4550 interpretari,

2192 1994 2327 2063 τὴν,
2359 1993 2458 2048 καί
2503 1992 2690 2048 πάλιν
2722 1993 3019 2058 ἐξουσίαν
3050 1995 3169 2064 ἔχω
3205 1995 3423 2050 λαϐεῖν
3459 1997 3676 2063 αὐτήν.
3707 1998 3782 2052 Τὸ

2190 2088 2306 2154 οὖν,
2352 2086 2770 2156 ταράττεσθαι,
2798 2087 2898 2159 τῆς
2941 2087 3146 2159 σαρκὸς
3189 2088 3325 2142 ἴδιον
3359 2089 3562 2151 πάθος·
3603 2090 3665 2143 τὸ
3695 2090 3778 2154 δὲ,

2188 2166 2482 2246 ἐξουσίαι)
2524 2179 2692 2249 ἔχειν
2734 2179 2925 2234 θεῖναί
2960 2197 3024 2233 τε
3065 2179 3165 2234 καί
3199 2180 3388 2235 πάλιν
3422 2182 3633 2236 λαϐεῖν
3664 2184 3781 2251 τὴν

2186 2274 2424 2347 ψυχὴν,
2447 2276 2547 2346 τῆς
2588 2274 2683 2329 τοῦ
2740 2274 2916 2343 Λόγου
2982 2274 3270 2345 δυνάμεως
3328 2274 3491 2345 ἔργον
3536 2275 3708 2330 ἐστίν.
3750 2296 3770 2329 ι

2187 2369 2299 2423 Καὶ
2333 2368 2538 2423 πάλινό
2559 2366 2721 2430 αὐτὸς
2746 2368 2804 2419 ὲν
2835 2367 3011 2434 ἁγίοις
3042 2364 3310 2436 Κύριλλος
3336 2368 3393 2419 ὲν
3419 2366 3495 2437 τῷ
3528 2368 3775 2438 ὑπομνήο

2190 2478 2322 2531 ματι
2366 2459 2463 2513 τοῦ
2502 2459 2645 2513 κατά
2693 2457 2949 2528 Ἰωάννην
3002 2456 3365 2527 Εὐαγγελίου,
3391 2459 3448 2511 ὲν
3496 2458 3575 2529 τῷ
3627 2460 3773 2531 ἕκτῳ

2184 2554 2328 2625 λόγῳ
2374 2552 2469 2606 τοῦ
2513 2552 2773 2624 δευτέρου
2830 2550 3039 2624 βιϐλίου
3080 2551 3232 2620 λέγει
3262 2566 3276 2582 ’
3312 2571 3330 2604 ι
3379 2552 3468 2616 Ὦς
3508 2551 3621 2625 γάρ
3669 2553 3768 2624 ἤδη

2183 2644 2282 2715 τὴν
2337 2643 2433 2698 τοῦ
2489 2644 2679 2698 δούλου
2741 2643 2959 2715 μορφὴν
3028 2642 3423 2715 περικείμενος
3480 2645 3769 2717 ἅνθρωπος

2181 2739 2498 2809 γενόμενος,
2524 2739 2614 2792 διὰ
2671 2738 2733 2792 τὸ
2787 2738 3061 2808 ένωθῆναι
3112 2738 3302 2810 σαρκὶ,
3335 2737 3440 2793 οὐκ
3470 2738 3770 2809 ἐλευθέραν

2181 2828 2301 2881 οὐδὲ
2359 2829 2652 2900 ἀνιεμένην
2687 2827 2973 2893 παντελῶς
3001 2830 3083 2891 είς
3112 2826 3397 2900 θεοπρεπῆ
3449 2830 3768 2901 παρρησίαν

2181 2921 2419 2975 ἐποιεῖτο
2447 2922 2547 2993 τὴν
2572 2921 2809 2989 διάλεξιν
2834 2937 2849 2952 ·
2888 2921 3095 2993 ἐχρῆτο
3123 2922 3181 2975 δὲ
3216 2922 3423 2992 μᾶλλον
3441 2923 3669 2994 τοιαύτῃ
3697 2922 3767 2975 δι’

2179 3014 2492 3084 οἰκονομίαν
2542 3013 2655 3067 ἔσθ’
2682 3014 2793 3077 ὅτε,
2826 3006 2972 3087 ᾗπερ
3012 3013 3079 3068 ἂν
3114 3012 3318 3086 πρέποι
3357 3012 3477 3085 Θεῷ
3520 3032 3578 3067 τε
3626 3015 3767 3084 ὁμοῦ

2179 3105 2275 3157 καὶ
2332 3101 2639 3174 ἀνθρὼπῳο
2702 3102 2797 3157 καὶ
2846 3102 2956 3173 γὰρ
3013 3099 3081 3171 ἦν
3138 3102 3307 3168 ὅντως
3359 3104 3504 3159 κατὰ
3567 3104 3769 3157 ταυτὸν

2178 3194 2484 3266 ἀμφότερα.
2528 3213 2546 3246 ι
2594 3194 2906 3266 Ἀμφότερα
2961 3194 3018 3249 δὲ
3069 3196 3243 3257 λέγων
3295 3197 3324 3250 ὁ
3379 3195 3572 3268 Πατὴρ
3620 3198 3766 3252 κατὰ

2177 3286 2375 3341 ταυτὸν
2417 3281 2558 3340 εἶναι
2609 3287 2699 3340 τὸν
2726 3287 2986 3358 Χριστὸν,
3020 3290 3113 3342 καὶ
3145 3290 3206 3342 ὲν
3236 3288 3573 3359 ἀμφοτέροις
3616 3289 3766 3358 ἔχειν

2175 3377 2274 3449 τὴν
2304 3376 2577 3445 ἐξουσίαν,
2610 3378 2764 3432 οὐδὲν
2794 3377 3034 3451 ἓτερονῆ
3067 3380 3125 3432 ὲν
3165 3379 3288 3433 δυσὶ
3328 3379 3557 3449 φύσεσιν
3597 3381 3762 3435 αὐτὸν

2176 3470 2447 3542 ὑπάρχειν
2483 3487 2543 3524 τε
2580 3474 2675 3525 καὶ
2716 3472 3086 3544 γνωρίζεσθαι
3133 3472 3319 3544 δηλοίο
3365 3471 3434 3525 τὰ
3475 3471 3587 3544 γὰρ
3612 3472 3761 3539 Θεὸς

2172 3564 2268 3618 καὶ
2306 3563 2618 3633 ἅνθρωπος
2671 3566 2765 3620 ἐπὶ
2814 3565 2911 3621 τοῦ
2950 3565 3191 3639 Χριστοῦ
3225 3564 3494 3636 λεγόμενα
3518 3606 3535 3631 ,
3560 3564 3761 3619 οὐσιῶν

2171 3658 2289 3711 ἐστι
2320 3659 2655 3729 σημαντικά.

2193 3752 2355 3807 ,Καὶ
2410 3751 2564 3822 ὅμως
2612 3754 2662 3806 οἰ
2708 3751 2813 3823 τῆς
2870 3752 3134 3824 ἀληθείας
3186 3753 3374 3826 ἐχθροί⁵
3420 3751 3605 3817 πάσας
3646 3750 3757 3804 τῶν

2169 3848 2433 3920 ῐῐατέρων
2455 3848 2879 3920 ὑπερϐαίνοντες
2907 3850 3007 3914 τὰς
3049 3849 3423 3915 διδασκαλίας,
3454 3849 3549 3904 καὶ
3594 3847 3755 3921 μάλι-

2170 3958 2270 3995 στα
2304 3939 2406 4005 τὰς
2451 3942 2547 3996 ἐπὶ
2586 3944 2653 4015 τῇ
2684 3942 3008 4014 κατακρίσει
3041 3942 3340 4015 Νεστορίου
3380 3940 3474 3996 τοῦ
3504 3941 3752 4012 βλασφή-

2170 4050 2273 4102 μου
2312 4033 2464 4107 παρὰ
2494 4035 2588 4089 τοῦ
2625 4037 2682 4089 ὲν
2713 4036 2891 4105 ἁγίοις
2932 4036 3204 4107 Κυρίλλου
3232 4035 3710 4107 προενηνεγμένας
3732 4073 3749 4095 .

2166 4126 2261 4179 καὶ
2300 4126 2596 4192 συνοδικῶς
2628 4127 3045 4199 βεόαιωθείσας,
3077 4127 3256 4198 μόνων
3289 4128 3398 4182 τῶν
3428 4127 3565 4199 πρδς
3616 4128 3753 4181 Σού-

2163 4235 2357 4275 κενσον
2415 4221 2842 4293 ὑπομνηστικῶν
2888 4221 2984 4276 τοῦ
3024 4222 3085 4275 ὲν
3117 4221 3294 4291 ἁγίοις
3323 4220 3599 4292 Κυρίλλου
3629 4218 3752 4273 τινὰ

2163 4312 2303 4383 πρὸς
2334 4313 2395 4367 τδ
2428 4313 2621 4369 δοκοῦν
2659 4315 2844 4380 αὐτοῖς
2869 4315 3378 4388 παρερμηνεύουσι,
3417 4313 3667 4379 τουτέστι
3690 4312 3751 4366 ea

2167 4406 2296 4474 μίαν
2330 4403 2492 4474 φύσιν
2540 4406 2635 4460 τοῦ
2666 4406 2801 4460 Θεοῦ
2828 4407 3004 4477 Λόγου
3050 4405 3516 4478 σεσαρκωμένην,
3550 4406 3647 4460 καὶ
3688 4406 3751 4459 τὸ

2163 4495 2306 4548 κατὰ
2337 4495 2428 4549 τὸν
2460 4495 2746 4568 ἄνθρωπον
2774 4496 3099 4569 ὑπόδειγμα,
3125 4499 3218 4552 καὶ
3250 4497 3390 4570 ὅπερ
3422 4499 3590 4550 πᾶσιν
3615 4495 3752 4550 εἴθισ-

474 4570 581 4626 hoc
609 4579 666 4625 et
704 4570 809 4640 ipsi
836 4569 1068 4625 faciunt.
1106 4568 1215 4625 Sed
1256 4584 1323 4625 ex
1363 4568 1450 4624 his
1477 4583 1600 4639 qua:
1633 4568 1783 4624 dicta
1823 4580 1956 4625 sunt
1985 4570 2057 4625 ab

2177 4603 2285 4640 ιται
2314 4589 2426 4650 τοῖς
2451 4589 2753 4659 αἰρετικοῖς
2782 4588 2845 4643 τὸ
2870 4568 3094 4661 ῥήματά
3124 4606 3248 4643 τινα
3278 4568 3388 4642 τῶν
3414 4588 3587 4658 ἁγίων
3607 4588 3750 4657 Γρα-

470 4663 578 4720 hoc
635 4662 796 4718 Patre
850 4661 1122 4717 insaniam
1175 4676 1536 4732 erroremque
1586 4660 1807 4716 illorum
1857 4661 1927 4718 de
1968 4662 2057 4719 his

468 4754 992 4811 demonstrabimus.
1047 4752 1176 4809 iiaac
1219 4754 1388 4810 verba
1439 4763 1868 4825 praecurrentes,
1915 4772 2051 4813 con-

468 4856 789 4919 textumque
815 4862 1009 4903 eorum
1048 4847 1543 4917 interrumpentes,
1605 4863 1766 4902 suum
1800 4863 2048 4905 errorem

465 4943 803 4998 constituere
852 4950 1155 5012 satagunt;
1215 4955 1343 4996 cum
1397 4942 1577 5014 reipsa
1611 4942 1815 4999 dixerit
1840 4943 2004 4999 Pater
2026 4962 2045 4998 σε

472 5054 494 5087 ι
519 5036 648 5090 Post
678 5036 941 5089 unioan
972 5049 1083 5089 non
1112 5049 1214 5090 nos
1243 5034 1492 5090 dividere
1528 5043 1757 5090 naturas
1798 5035 1868 5090 ab
1898 5034 2046 5090 invi-

462 5142 609 5193 cem,
636 5142 745 5183 nec
775 5127 831 5182 in
863 5127 1007 5183 duos
1042 5127 1214 5183 Filios
1245 5143 1416 5182 unum
1471 5136 1638 5199 atque
1693 5128 2042 5184 individuum

461 5235 672 5285 secare,
720 5220 816 5275 sed
854 5236 1026 5275 unum
1060 5221 1263 5277 Filium
1304 5221 1531 5289 dicere;
1566 5242 1584 5275 ι
1639 5238 1704 5278 ac
1749 5232 2042 5294 postquam

458 5310 987 5367 demonstraverunt
1034 5312 1481 5398 postounionem
1543 5327 1655 5367 non
1715 5312 2043 5369 dividendus

455 5418 579 5459 esse
612 5411 862 5465 naturas,
894 5403 989 5459 sed
1030 5402 1153 5458 iilas
1182 5403 1369 5457 unitas
1414 5404 1470 5457 in
1504 5403 1732 5460 Christo
1773 5406 2045 5461 conﬁten-

393 5493 411 5506 ‘
453 5496 575 5558 das,
605 5494 735 5566 ipsi,
769 5495 887 5563 hac
926 5495 1151 5550 silentio
1176 5495 1685 5566 prmtermittentes,
1720 5513 1885 5553 unam
1920 5514 2042 5554 car-

452 5586 541 5641 nis
589 5594 644 5641 et
700 5581 1014 5644 divinitatis
1063 5594 1320 5643 naturam
1377 5585 1613 5659 ﬁngunt.
1684 5589 1757 5644 At
1814 5599 2038 5646 sanctus

454 5677 637 5744 Pater,
667 5692 803 5743 non,
835 5677 984 5736 sicut
1021 5678 1100 5733 illi
1125 5677 1521 5749 imaginantur,
1567 5697 1732 5737 unam
1768 5683 1955 5741 carnis
1981 5694 2037 5742 et

526 5865 545 5893 ι
583 5856 740 5912 Joan.
775 5873 904 5925 χχιι,
932 5859 1024 5914 27.
1099 5858 1126 5900 δ
1152 5859 1312 5917 Joan.
1345 5878 1398 5930 χ,
1446 5864 1531 5918 l8.

2157 4679 2275 4748 φῶν
2307 4680 2445 4750 πρὸς
2476 4679 2576 4751 τὴν
2609 4681 2819 4735 οἰκείαν
2849 4681 3178 4753 ἑρμηνεύειν
3207 4679 3619 4752 πλάνην,τοῦτο
3648 4679 3744 4733 καὶ

2153 4771 2310 4825 αὐτοὶ
2350 4770 2586 4828 ποιοῦσι.
2618 4771 2765 4845 Πλὴν
2798 4774 2960 4844 ἡμεῖς
3004 4773 3065 4839 ἐξ
3101 4774 3284 4828 αὐτῶν
3312 4773 3422 4828 τῶν
3458 4773 3610 4844 παρά
3648 4771 3743 4826 τοῦ

2153 4860 2369 4931 Πατρὸς
2415 4862 2747 4933 εἰρημένων,
2804 4863 3038 4934 ματαίαν
3091 4863 3270 4918 αὐτῶν
3324 4865 3420 4919 καὶ
3463 4863 3565 4936 τὴν
3615 4865 3745 4934 περὶ

2154 4952 2330 5008 ταῦτα
2356 4954 2569 5027 πλάνην
2600 4955 2984 5027 ἀποδείξομεν.
3018 4957 3102 5012 Τὰ
3143 4957 3255 5028 γάρ
3288 4957 3599 5030 ἔμπροσθεν
3633 4957 3744 5011 τῶν

2151 5046 2412 5101 τοιούτων
2471 5048 2668 5118 φωνῶν
2723 5049 3203 5121 παρατρέχοντες,
3254 5052 3351 5104 καὶ
3404 5050 3476 5105 τὰ
3538 5048 3742 5120 ἑφεξῆς

2151 5139 2606 5212 ἀποτεμνόμενοι,
2639 5141 3003 5207 σπουδάζουσι
3050 5143 3153 5215 τὴν
3211 5142 3419 5197 οἰκείαν
3482 5143 3739 5214 συνιστᾷν

2152 5230 2362 5301 πλάνην
2393 5247 2408 5263 ο
2440 5233 2729 5303 εἰρηκότος
2763 5235 2871 5306 γάρ
2905 5233 3000 5288 τοῦ
3028 5236 3264 5308 Πατρὸς,
3288 5236 3369 5290 ὅτι
3403 5255 3423 5287 ι
3456 5235 3615 5291 Μετά
3638 5235 3737 5306 τὴν

2153 5320 2351 5377 ἕνωσιν
2380 5323 2443 5377 οὐ
2477 5322 2797 5396 διαιροῦμεν
2825 5325 2928 5390 τὰς
2966 5325 3165 5397 φύσεις
3187 5327 3285 5381 ἀπ’
3310 5327 3582 5398 ἀλλήλων,
3613 5325 3736 5379 οὐδὲ

2153 5414 2234 5476 εἰς
2287 5412 2382 5467 δύο
2431 5414 2704 5487 τέμνομεν
2746 5415 2911 5480 Υἰοὺς
2981 5418 3078 5471 τὸν
3117 5417 3214 5472 ἕνα
3254 5418 3349 5473 καὶ
3411 5418 3732 5488 ἀμέριστον,

2148 5505 2264 5561 ἀλλ’
2296 5507 2392 5562 ἕνα
2423 5508 2607 5579 φαμὲν
2637 5508 2769 5562 Υἱόν
2791 5525 2807 5542 ο
2843 5529 2862 5561 ι
2906 5509 3002 5565 καὶ
3039 5510 3317 5578 δείξαντες
3339 5512 3424 5565 ὅτι
3467 5509 3609 5580 μετά
3632 5509 3735 5579 τὴν

2145 5598 2341 5653 ἕνωσιν
2364 5599 2429 5652 οὐ
2469 5598 2577 5671 χρὴ
2631 5599 2867 5673 διαιρεῖν
2901 5602 3003 5667 τάς
3043 5600 3260 5671 φύσεις,
3291 5599 3409 5656 ἀλλ’
3442 5598 3734 5672 ήνωμένας

2145 5690 2320 5756 αὐτάς
2341 5692 2401 5745 ἐν
2426 5693 2650 5767 Χριστῴ
2684 5695 2997 5766 ὁμολογεῖν,
3037 5695 3195 5750 αὐτοὶ
3222 5695 3399 5751 ταῦτα
3438 5709 3730 5766 παρασιω-
