4112 6560
340 412 476 477 illi.)

1259 421 1704 483 TRACTATUS
1742 423 2041 485 CONTRA
2076 426 2683 492 MONUPHYSITAS.

3455 441 3474 492 l
3495 434 3548 496 ΓΙ
3564 441 3596 495 ι

338 526 571 590 πῶντες,
607 525 738 595 μίαν
780 528 1191 582 ἀναπλάττουσι
1260 530 1464 599 σαρκὸς
1517 532 1615 584 καὶ
1667 530 1921 600 θεότητος

2025 534 2333 593 divinitatis
2367 549 2618 594 naturam
2651 540 2807 606 dicit,
2844 542 2939 597 scd
2969 552 3258 614 postquam
3289 544 3596 616 incorporei

339 621 520 690 φύσιν.
571 620 628 674 '0
697 625 881 693 μέντοι
933 625 993 676 ὲν
1035 624 1216 690 ἁγίοις
1267 625 1496 694 Πατὴρ,
1523 625 1623 694 οὐχ
1661 625 1736 688 ὡς
1766 625 1923 678 οιύτολ⁵

340 715 708 784 φαντάζονται
742 717 869 786 μίαν
902 718 1106 787 σαρκὸς
1138 719 1232 770 καὶ
1263 716 1520 788 θεότητος
1551 718 1701 787 λέγει
1734 718 1920 787 φύσιν,

338 811 456 866 ἀλλ’
484 809 564 873 ὡς
610 810 855 881 ἀσάρκου
883 809 978 864 τοῦ
1009 809 1188 877 Λόγου
1222 809 1352 880 μίαν
1392 809 1564 864 εἰπὼν
1605 810 1706 882 τὴν
1735 810 1918 878 φύσιν,

337 904 439 958 οὐκ
472 904 606 975 ἔστη
635 905 796 975 μέχρι
827 904 1040 969 τούτου,
1063 903 1201 957 άλλὰ
1221 903 1567 976 προσέθηκεν
1588 904 1671 969 τὸ,
1699 920 1924 972 σεσαρ-

339 999 640 1069 κωμένην,
670 1000 756 1054 ἴνα
779 999 870 1053 διὰ
915 997 1036 1060 τοῦ,
1069 997 1562 1066 σεσαρκωμένην,
1596 997 1698 1066 τὴν
1726 997 1922 1068 ἑτέραν

339 1095 475 1163 ἡμῖν
521 1093 770 1146 τουτέστι
810 1094 910 1161 τὴν
960 1090 1313 1160 ἀνθρωπίνην
1358 1091 1691 1161 παραστήσῃ
1736 1091 1918 1160 φύσιν.

353 1187 574 1257 Ἀμέλει
601 1185 675 1256 μὴ
707 1183 1000 1256 ἀρκεσθεὶς
1031 1186 1100 1255 τῇ
1129 1181 1357 1254 τοιαύτῃ
1388 1181 1554 1247 λέξει,
1580 1182 1718 1237 ἀλλὰ
1753 1183 1922 1252 σαφέο

341 1297 534 1350 στερον
566 1281 666 1351 τὴν
699 1277 894 1331 ἑαυτοῦ
920 1277 1159 1330 διάνοιαν
1185 1274 1536 1345 παραστῆσαι
1569 1272 1919 1345 βουλόμενος,

339 1378 620 1445 ἐπήγαγεν
675 1373 835 1437 εὐθὺς
883 1372 919 1426 ἃ
965 1371 1126 1425 πάλιν
1175 1369 1332 1423 αὐτοὶ
1383 1368 1920 1441 παραλιμπάνουσινο

343 1489 362 1521 ι
410 1468 620 1522 Οὐκοῦν
659 1469 785 1521 ὅσον
819 1467 917 1537 μὲν
964 1463 1100 1538 ἧκεν
1145 1465 1223 1526 είς
1267 1463 1479 1514 ἔννοιαν
1522 1463 1619 1514 καὶ
1647 1463 1726 1524 εἰς
1760 1461 1922 1532 μόνον

335 1562 398 1614 τὸ
435 1563 568 1632 ὁρᾷν
593 1565 704 1625 τοῖς
730 1561 830 1629 τῆς
864 1561 1041 1631 ψυχῆς
1070 1560 1285 1630 ὁμμασι
1308 1601 1324 1625 ,
1355 1559 1484 1612 τίνα
1525 1556 1728 1627 τρόπον
1769 1556 1923 1624 ἐνην-

337 1653 630 1725 θρώπησεν
659 1654 688 1706 ὁ
718 1654 1049 1722 Μονογενὴς,
1074 1652 1169 1706 δύο
1196 1651 1294 1715 τὰς
1322 1649 1514 1722 φύσεις
1545 1643 1683 1702 εἷναί
1715 1663 1919 1717 φαμεν,

337 1749 434 1801 ἕνα
459 1747 517 1800 δὲ
539 1747 778 1819 Χριστὸν
805 1747 902 1800 καὶ
934 1745 1062 1800 Υἱδν
1092 1746 1186 1800 καὶ
1215 1744 1423 1813 Κύριον
1447 1740 1544 1796 τοῦ
1582 1740 1719 1794 Θεοῦ
1745 1739 1920 1806 Λόγον

338 1840 846 1911 ὲνανθρωπὴσαντα
899 1839 994 1892 κα)⁸
1049 1837 1490 1908 σεσαρκωμένον.
1528 1853 1545 1886 ι
1584 1833 1651 1886 Τί
1711 1831 1918 1886 τούτων

2034 628 2198 683 Verbi
2225 646 2386 685 unam
2418 640 2674 686 naturam
2707 633 2866 698 dixit,
2903 651 3013 689 non
3041 636 3132 691 hic
3161 637 3336 703 stetit,
3391 635 3605 693 addidit

2023 725 2392 791 ineat-natam,
2446 733 2508 779 nt
2562 741 2664 795 per
2713 726 3086 792 incantatam,
3137 729 3368 783 alteram
3419 729 3604 796 nobis,

2024 817 2234 872 scilicet
2262 817 2582 882 humanam,
2609 825 2862 871 naturam
2890 827 3245 888 proponeret.
3270 819 3388 874 Non
3416 829 3603 876 autem
3650 857 3653 859 -

2025 909 2129 966 hac
2173 910 2491 966 elocutione
2533 917 2850 974 contentus,
2908 908 3006 964 sed
3053 908 3402 965 manifestius
3447 926 3602 966 suam

2023 1005 2216 1059 volens
2247 1002 2463 1073 aperire
2494 1002 2824 1056 sententiam
2851 1042 2866 1064 ,
2922 1001 3188 1056 continuo
3219 1001 3432 1056 addidit
3475 1018 3607 1057 rur-

2023 1113 2118 1152 sus
2144 1113 2266 1166 qute
2302 1095 2380 1150 illi
2417 1094 2884 1165 praetermittunt:
2918 1113 2934 1144 ι
2969 1093 3202 1147 Tantum
3237 1093 3403 1164 igitur
3433 1110 3608 1163 quan-

2024 1197 2139 1243 tum
2189 1188 2380 1242 datum
2436 1195 2522 1242 est
2573 1187 2736 1240 nobis
2799 1185 3107 1256 intelligere
3155 1184 3398 1255 solisque
3447 1185 3605 1239 vide-

2025 1296 2082 1336 re
2129 1281 2307 1335 oculis
2349 1279 2544 1333 anima:
2586 1287 2817 1340 nostne,
2881 1277 3158 1346 quomodo
3213 1277 3379 1332 homo
3430 1276 3608 1334 factus

2024 1373 2194 1428 fuerit
2249 1373 2607 1442 Unigenitus,
2661 1371 2801 1425 duas
2859 1378 3091 1426 naturas
3148 1386 3270 1426 esse
3330 1370 3604 1437 dicimus,

2024 1482 2194 1520 unum
2238 1481 2373 1520 vero
2419 1464 2732 1528 Christum,
2771 1463 2969 1517 Filium
3018 1472 3075 1518 et
3109 1464 3436 1528 Dominum,
3469 1465 3607 1519 Ver-

2023 1559 2156 1614 hum
2209 1559 2304 1613 Dei
2355 1559 2450 1630 qui
2513 1559 2679 1612 homo
2727 1557 2904 1613 factus
2949 1567 3036 1613 est
3088 1567 3144 1612 et
3191 1558 3530 1612 incarnatus.
3583 1578 3600 1609 ο

2022 1653 2165 1719 Quid
2189 1652 2276 1707 his
2305 1653 2492 1708 verbis
2522 1652 2729 1706 clarius
2753 1667 2874 1707 esse
2907 1652 3130 1722 potest?
3153 1651 3242 1706 Vel
3283 1651 3430 1721 quod
3457 1653 3609 1707 sanis

2021 1755 2207 1801 mente
2251 1745 2483 1800 dubium
2530 1744 2864 1814 relinquitur
2915 1744 3097 1799 adhuc
3139 1744 3209 1800 de
3257 1743 3606 1799 confessione

2023 1838 2256 1892 duarum
2303 1839 2357 1892 in
2396 1836 2620 1892 Christo
2670 1845 3025 1902 naturarum,
3077 1835 3192 1891 hmc
3225 1836 3389 1892 Patre
3445 1836 3608 1892 nobis

335 1932 454 1986 ἐστὶ
519 1931 858 2002 σαφέστερον
891 1947 906 1996 ;
937 1931 970 2001 ἢ
1001 1931 1086 1994 τίς
1126 1929 1314 1983 λοιπὸν
1367 1929 1482 1991 τοῖς
1517 1926 1580 1980 εὖ
1623 1924 1917 1997 φρονοῦσιν

2023 1929 2312 1986 tradente?
2355 1929 2462 1984 Sed
2509 1929 2586 1983 illi
2639 1929 2789 1983 omni
2839 1928 3000 1982 modo
3049 1929 3340 1983 veritatem
3397 1927 3605 1983 distor-

334 2027 748 2096 ἀμφισϐήτησις
775 2024 1128 2079 ὑπολείπεται
1157 2025 1289 2095 περὶ
1334 2022 1435 2094 τὴν
1485 2021 1778 2092 ὁμολογίαν
1806 2018 1916 2072 τῶν

334 2121 394 2172 ἐν
433 2118 655 2189 Χριστῷ
700 2118 796 2172 δύο
846 2118 1088 2187 φύσεων,
1119 2117 1346 2171 τοιαῦτα
1393 2115 1492 2170 τοῦ
1537 2116 1750 2188 Πατρὸς
1783 2115 1918 2182 ἡμῖν

334 2211 818 2282 παραδεδωκότος;
873 2212 1013 2264 Ἀλλ’
1051 2213 1255 2264 ἐκεῖνοι
1301 2210 1393 2263 διὰ
1424 2211 1644 2263 πάντων
1672 2207 1740 2260 τὰ
1782 2206 1919 2278 ὀρθὰ

331 2300 680 2370 διαστρέφειν
728 2300 1160 2365 σπουδάζοντες,
1191 2303 1288 2353 καὶ
1326 2299 1486 2353 τοῦτο
1515 2301 1638 2362 ταῖς
1685 2297 1918 2361 οἰκείαις

335 2390 694 2460 προστιθέασι
750 2391 1182 2461 ματαιολογίαις,
1217 2390 1467 2458 λέγοντες
1512 2388 1586 2461 μὴ
1627 2389 1738 2442 δεῖν
1781 2390 1918 2459 ὁμου

335 2482 610 2552 λογείσθαι
640 2485 868 2554 στόματι
896 2484 965 2536 τὰ
995 2483 1136 2537 κατὰ
1167 2483 1268 2554 τὴν
1289 2482 1501 2536 ἔννοιαν
1539 2483 1635 2536 καὶ
1661 2484 1775 2546 τοῖς
1819 2482 1920 2551 τῆς

334 2578 514 2649 ψυχῆς
547 2578 760 2650 ὄμμασι
797 2577 1170 2651 θεωρούμενα.
1202 2579 1314 2648 Τῆς
1363 2578 1420 2630 δὲ
1451 2576 1709 2645 τοιαύτης
1740 2574 1920 2628 αὐτῶν

338 2673 675 2743 κακουργίας
703 2671 858 2725 οὐδέν
891 2673 1042 2725 ἐστιν
1077 2670 1418 2742 ἀλογώτερον
1451 2687 1465 2702 ·
1507 2669 1648 2724 κατὰ
1679 2668 1788 2739 γὰρ
1819 2669 1921 2741 τὴν

336 2763 516 2817 αὐτῶν
554 2768 774 2834 μανίαν,
806 2763 929 2818 οὐδὲ
987 2763 1122 2817 Θεὸν
1181 2763 1410 2834 στόματι
1465 2764 1918 2834 ὁμολογήσουσιν,

335 2853 522 2924 ἐπειδὴ
553 2854 696 2908 κατὰ
727 2855 898 2926 μόνην
935 2854 1166 2920 ἔννοιαν,
1199 2854 1295 2908 καὶ
1328 2856 1438 2918 τοῖς
1471 2855 1570 2926 τῆς
1597 2853 1778 2925 ψυχῆς
1815 2855 1918 2925 ὁμο

341 2964 508 3018 μασιν
529 2948 694 3001 αὐτὸν
717 2947 1064 3018 ἐπιστάμεθα
1088 2965 1104 2980 ο
1134 2947 1268 3001 ὅπου
1302 2963 1366 3015 γε
1399 2947 1496 3000 καὶ
1541 2947 1702 3010 αὐτὸς
1734 2949 1763 3000 ό
1803 2949 1919 3001 Πα-

333 3042 482 3111 τὴρ,
530 3041 676 3113 ᾶπερ
729 3045 844 3106 τοῖς
895 3041 1000 3112 τῆς
1041 3041 1222 3112 ψυχῆς
1265 3040 1512 3110 ὄμμασιν
1562 3040 1876 3113 ἐθεώρησεν
1903 3080 1918 3104 ,

335 3132 514 3186 ταῦτα
579 3134 675 3186 καὶ
733 3128 889 3187 εἶπεν
944 3134 1039 3186 καὶ
1095 3134 1392 3204 ἐγγράφως
1470 3132 1725 3199 ἐξέθετοο
1795 3134 1921 3188 οὐδὲ

337 3227 446 3297 γὰρ
490 3224 668 3289 ἄλλως
713 3228 1061 3296 ἐπιστάμεθα
1098 3228 1166 3282 τά
1210 3229 1405 3296 ἐκεινῳ
1454 3227 1838 3300 θεωρηθέντα,
1867 3231 1918 3283 εί

339 3322 414 3390 μὴ
449 3319 538 3373 διὰ
587 3319 698 3374 τῶν
740 3320 906 3373 αὑτοῦ
936 3321 1110 3390 λόγων
1150 3339 1209 3375 τε
1235 3325 1328 3376 καὶ
1369 3324 1738 3394 γραμμάτων.
1777 3325 1839 3377 Et
1863 3324 1919 3377 δὲ

337 3412 480 3466 κατὰ
506 3413 608 3484 τὴν
643 3413 936 3483 αἱρετικῶν
969 3415 1158 3468 ἄνοιαν
1191 3415 1262 3469 τὰ
1293 3417 1440 3487 μόνῳ
1467 3417 1547 3488 τῷ
1575 3417 1652 3488 νῷ
1682 3415 1921 3488 θεωρού-

341 3525 479 3579 μενα
515 3509 805 3579 ὁμολογεῖν
840 3511 903 3562 03
949 3512 1238 3583 προσήκει,
1273 3510 1391 3574 πῶς
1435 3511 1832 3582 ὁμολογήσουσι
1859 3511 1921 3564 τὺ

337 3600 617 3672 ἐξαίρετον
665 3601 767 3671 τῆς
818 3602 1070 3673 θεότητος
1124 3601 1220 3655 τοῦ
1271 3601 1480 3674 Κυρίου
1535 3603 1696 3674 ἡμῶν
1740 3601 1917 3673 Ἰησοῦ

339 3696 597 3765 Χριστοῦ,
622 3693 721 3765 τῆς
754 3693 853 3764 μὲν
887 3694 1218 3765 σαρκώσεως
1245 3694 1410 3749 αὑτοῦ
1436 3696 1790 3766 φαινομένης,
1820 3696 1920 3764 τῆς

337 3789 394 3842 δὲ
418 3789 672 3858 θεότητος
692 3787 860 3842 αὑτοῦ
883 3789 1030 3859 μόνῳ
1053 3788 1131 3859 τῷ
1159 3787 1235 3858 νῷ
1255 3787 1670 3859 θεωρουμένηςς
1703 3789 1766 3841 Ei
1792 3789 1926 3858 μέν·

339 3882 578 3936 τοικατά
603 3882 694 3935 τὸν
722 3881 864 3935 θεῖον
893 3881 1236 3948 Ἀπόστολον,
1271 3881 1490 3950 Καρδίᾳ
1511 3883 1630 3950 μὲν
1648 3885 1924 3937 πιστεύε-

345 3992 440 4030 ται
469 3978 558 4041 εἰς
599 3975 1022 4046 δικαιοσύνην,
1057 3978 1310 4045 στόματι
1333 3977 1401 4030 δὲ
1416 3977 1792 4047 ὁμολογεῖται
1834 3980 1924 4044 εἰς

341 4068 664 4136 σωτηρίαν,
709 4067 978 4138 πρόδηλον
1025 4068 1108 4121 ὅτι
1156 4069 1222 4121 τὰ
1275 4070 1352 4138 νῷ
1407 4069 1780 4140 θεωρούμενα,
1827 4071 1922 4124 καὶ

344 4160 572 4230 στόματι
617 4161 961 4232 ὁμολογεῖται
987 4178 1002 4194 ·
1035 4161 1158 4216 καθ’
1189 4161 1224 4216 ἃ
1250 4163 1360 4234 γὰρ
1406 4164 1434 4215 ὁ
1463 4163 1723 4232 Θεολόγος
1769 4165 1918 4232 λέγει

343 4252 662 4325 Γρηγόριος,
712 4273 732 4306 ι
769 4255 991 4325 Κίνημα
1018 4255 1352 4326 ναρκὼντων
1381 4258 1498 4309 ἐστὶ
1536 4256 1662 4321 νοῦς
1691 4257 1921 4312 ἀνεκλά-

2021 2037 2195 2092 quere
2233 2021 2544 2085 studentes,
2584 2020 2730 2075 inter
2767 2020 2982 2075 somnia
3020 2035 3119 2074 sua
3155 2020 3260 2075 hoc
3286 2030 3606 2090 proponunt

2020 2113 2269 2168 dicentes
2318 2127 2428 2166 non
2461 2127 2584 2167 esse
2626 2111 2940 2166 conﬁtenda
2986 2127 3083 2166 ore
3126 2127 3250 2180 qua:
3297 2112 3601 2166 secundum

2018 2205 2363 2261 intellectum
2394 2204 2684 2275 oculisque
2721 2203 2919 2258 animat
2969 2211 3231 2274 percepta
3259 2212 3408 2258 sunt.
3454 2203 3602 2258 Nihil

2019 2317 2204 2363 autem
2279 2306 2453 2376 magis
2521 2306 2848 2360 adversatur
2907 2304 3109 2359 rationi
3171 2321 3335 2375 quam
3407 2320 3600 2358 eorum

2020 2399 2332 2454 istiusmodi
2371 2397 2744 2463 machinatio;
2777 2396 3084 2451 secundum
3129 2396 3274 2450 enim
3309 2394 3602 2450 stultitiam

2019 2508 2232 2556 eorum,
2270 2506 2340 2546 ne
2368 2491 2538 2545 Deum
2561 2489 2786 2559 quidem
2818 2505 2916 2544 ore
2957 2488 3392 2550 conﬁtebuntur,
3427 2489 3604 2558 siqui-

2020 2585 2145 2640 dem
2173 2583 2479 2638 secundum
2511 2583 2690 2637 solum
2731 2582 3075 2636 intellectum
3114 2582 3419 2651 animaeque
3470 2597 3606 2636 ocu-

2019 2677 2090 2732 lis
2115 2677 2269 2730 illum
2291 2676 2711 2746 cognoscimus;
2737 2675 2818 2729 sic
2837 2684 2893 2729 et
2921 2674 3036 2744 ipse
3059 2675 3242 2739 Pater,
3265 2691 3386 2744 qua:
3408 2677 3608 2730 mentis

2021 2768 2200 2824 oculis
2235 2777 2590 2839 perceperat,
2636 2767 2753 2822 haec
2781 2766 2919 2822 dixit
2951 2766 3286 2836 scriptisque
3317 2766 3604 2836 exposuit;

2023 2879 2204 2933 neque
2237 2864 2400 2918 aliter
2431 2879 2554 2934 qua:
2596 2863 2664 2918 ab
2718 2863 2813 2918 illo
2856 2870 3114 2933 percepta
3159 2871 3290 2916 sunt
3323 2861 3610 2931 cognosci-

2024 2973 2148 3012 mus
2193 2957 2298 3012 nisi
2335 2958 2690 3014 sermonibus
2735 2957 3070 3028 scriptisque
3115 2956 3282 3010 illius.
3322 2955 3377 3010 Si
3423 2965 3608 3009 autem

2017 3052 2173 3122 juxta
2214 3051 2608 3107 haereticorum
2638 3051 2933 3106 stultitiam
2983 3065 3071 3105 res
3113 3049 3229 3104 sola
3263 3055 3447 3104 mente
3479 3063 3606 3117 per-

2021 3154 2210 3215 ceptas
2248 3144 2501 3200 confiteri
2539 3160 2646 3198 non
2699 3144 2899 3209 refert,
2945 3143 3224 3214 quomodo
3270 3141 3606 3197 ineffabilem

1950 3244 2440 3340 Cconﬁtebuntur
2516 3244 2862 3299 divinitatem
2944 3244 3161 3299 Domini
3239 3242 3414 3299 nostri
3479 3243 3607 3299 Jesu

2023 3337 2253 3399 Christi.
2299 3338 2679 3394 incarnatione
2727 3338 2948 3409 quidem
3001 3337 3247 3393 exterius
3295 3335 3607 3399 manifesta,

2021 3431 2313 3486 divinitate
2359 3439 2542 3486 autem
2595 3430 2707 3485 sola
2770 3439 2952 3485 mente
3007 3428 3308 3500 percepta?
3351 3427 3406 3482 Si
3455 3442 3607 3490 vero,

2017 3525 2170 3594 juxta
2212 3523 2401 3577 divum
2443 3524 2802 3594 Apostolum,
2843 3522 2998 3576 corde
3036 3521 3246 3592 quidem
3279 3520 3515 3574 creditur
3541 3519 3612 3571 ad

2013 3617 2305 3687 justitiam,
2351 3632 2442 3670 ore
2471 3633 2592 3670 vero
2627 3617 2885 3686 confessio
2927 3615 2988 3682 ﬁt
3032 3613 3103 3667 ad
3136 3612 3366 3667 salutem
3403 3623 3448 3674 θ,
3481 3627 3608 3680 per-

2025 3709 2278 3777 spicuum
2305 3718 2390 3764 est
2417 3725 2505 3763 res
2545 3717 2729 3763 mente
2760 3718 3070 3778 perceptas,
3101 3723 3199 3762 ore
3231 3721 3452 3776 quoque
3479 3718 3613 3758 con-

2031 3798 2263 3854 ﬁtendas
2308 3815 2449 3854 esse.
2500 3799 2576 3853 De
2607 3799 2695 3854 his
2724 3798 2928 3853 etenim
2969 3797 3270 3868 Gregorius
3297 3796 3611 3864 Thcologus

2029 3888 2203 3943 dicit:
2237 3908 2253 3939 ι
2291 3889 2443 3942 Mens
2469 3896 2620 3942 muta
2651 3886 3096 3958 consepientium
3138 3885 3309 3950 ratio;
3346 3891 3505 3952 turpe
3526 3889 3611 3936 est

2025 3983 2198 4048 enim,
2245 3993 2404 4054 turpe
2451 3992 2562 4047 cst,
2614 3981 2962 4051 maximeque
3013 3977 3392 4035 irrationabile
3438 3975 3612 4030 fortes

2025 4077 2212 4131 animo
2243 4093 2410 4132 voces
2437 4086 2632 4132 tenues
2664 4075 2948 4147 proferre,
2994 4073 3446 4142 abscondereque
3485 4069 3610 4124 the-

2025 4185 2247 4224 saurum
2282 4171 2436 4240 quasi
2479 4169 2616 4225 alios
2646 4169 3077 4230 calumniantes,
3118 4166 3224 4222 nisi
3257 4181 3370 4236 pra:
3408 4164 3612 4219 timore

2023 4263 2265 4333 linguam
2291 4263 2795 4319 sanctiﬁcaveritis.
2834 4281 2855 4314 ιι

343 4346 505 4417 λητος
531 4364 544 4379 ο
577 4347 802 4418 αἰσχρὸν
829 4350 960 4418 γάρ,
1001 4347 1248 4417 αἰσχρὸν,
1279 4350 1373 4402 καὶ
1401 4346 1601 4410 ἱκανῶς
1631 4347 1826 4416 ἄλογον
1884 4350 2026 4404 κατὰ
2060 4353 2237 4424 ψυχὴν
2283 4355 2634 4428 ἐρρωμένους
2679 4352 3165 4424 σμικρολογεῖσοαι
3187 4352 3317 4423 περὶ
3337 4352 3428 4406 τὸν
3451 4347 3606 4423 ἦχον⁹

344 4445 440 4496 καὶ
461 4442 729 4513 κρύπτειν
749 4442 839 4496 τὸν
863 4441 1159 4515 θησαυρὸν,
1181 4443 1374 4514 ὥσπερ
1421 4443 1602 4506 ἄλλοις
1655 4443 2075 4513 βασκαίνοντας,
2127 4450 2176 4502 εί
2229 4450 2304 4522 μὴ
2350 4451 2445 4504 καὶ
2485 4450 2584 4520 τὴν
2637 4449 2892 4517 γλῶσσαν
2924 4448 3189 4518 ἀγιάσητε
3217 4447 3540 4510 δεδοικότες.
3584 4467 3603 4497 ι

415 4537 633 4591 Τούτων
681 4535 866 4589 τοίνυν
930 4536 1104 4600 οὕτως
1156 4537 1411 4606 ἐχόντων,
1442 4536 1549 4608 χρὴ
1590 4538 1801 4601 πάντας
1830 4538 1921 4594 άν-

2107 4544 2200 4598 His
2229 4560 2362 4614 ergo
2389 4558 2447 4598 se
2473 4541 2827 4606 habentibus,
2856 4548 3074 4611 oportet
3103 4547 3161 4593 ut
3204 4555 3398 4594 omnes
3428 4539 3609 4593 homi-

345 4630 596 4702 θρὼπους
627 4630 690 4684 τὸ
722 4630 865 4701 μέγα
895 4631 992 4700 τῆς
1022 4630 1304 4694 εὐσεϐείας
1335 4631 1808 4701 προσδεχομένους
1833 4649 1930 4702 μυ-

345 4729 567 4796 στήριον
595 4723 687 4778 τοῦ
724 4723 965 4795 μεγάλου
999 4724 1136 4778 Θεοῦ
1171 4725 1266 4779 καὶ
1293 4725 1544 4794 Σωτῆρος
1566 4725 1722 4796 ἡμῶν
1752 4726 1928 4796 Ἰησοῦ

346 4817 602 4885 Χςιστοῦ,
635 4819 728 4872 καὶ
763 4819 994 4889 στόματι
1017 4818 1301 4886 ὁμολογεῖν
1331 4817 1432 4882 τὰς
1469 4817 1565 4872 δύο
1603 4817 1796 4887 φύσεις
1835 4817 1928 4872 τοῦ

344 4912 609 4980 Χριστοῦ,
643 4913 745 4983 τήν
769 4929 829 4965 τε
876 4911 1028 4966 θείαν
1061 4912 1157 4966 καὶ
1193 4910 1294 4982 τὴν
1331 4911 1702 4983 ἀνθρωπίνην.
1733 4912 1846 4966 Καὶ
1869 4913 1928 4966 ἐν

345 5006 423 5075 τῷ
443 5007 681 5077 δευτέρῳ
713 5007 823 5076 γὰρ
856 5008 993 5075 πρὸς
1033 5005 1125 5059 τὸν
1157 5006 1321 5060 αὐτον
1350 5005 1653 5059 Σοῦκενσον
1681 5006 1928 5079 ὑπομνη-

352 5098 566 5168 ματικῷ
603 5101 630 5152 ὁ
678 5101 736 5152 ὲν
767 5099 944 5168 ἁγίοις
976 5097 1262 5169 Κύριλλος,
1289 5097 1406 5166 ἃμα
1446 5097 1546 5168 μὲν
1574 5097 1675 5168 τὴν
1713 5099 1927 5152 ἐκείνου

347 5187 478 5257 περὶ
537 5187 634 5257 τὴν
697 5187 1113 5260 ὲνανθρὼπησιν
1183 5187 1464 5260 ὀρθόδοξον
1527 5188 1930 5260 ἀποδεχόμενος

349 5279 555 5344 πίστιν,
580 5280 696 5350 ἅμα
719 5281 777 5334 δὲ
806 5281 906 5352 τὴν
927 5273 1150 5335 οἰκείαν
1165 5281 1392 5352 γνώμην
1418 5281 1764 5354 τρανώτερον
1792 5284 1925 5337 ἁπο-

347 5374 584 5438 δεικνὺς,
613 5374 786 5428 ταῦτα
817 5375 1156 5447 παραδίδωσι
1187 5375 1364 5439 λέγων
1389 5391 1401 5404 ·
1434 5393 1452 5425 ι
1506 5374 1807 5446 Ὀρθότατα
1833 5376 1930 5430 καὶ

353 5469 492 5522 πάνυ
525 5468 761 5532 συνετῶς
789 5471 822 5541 ὴ
849 5471 915 5540 σὴ
948 5471 1222 5540 τελειότης
1246 5472 1338 5526 τὸν
1367 5471 1495 5542 περὶ
1525 5472 1620 5525 τοῦ
1648 5471 1920 5542 σωτηρίου

349 5564 557 5628 πάθους
574 5564 846 5618 ἐκτίθεται
866 5565 1044 5634 λόγον,
1067 5566 1166 5619 οὐκ
1191 5567 1356 5620 αὐτὸν
1379 5566 1642 5637 μονογενῆ
1665 5565 1760 5619 τοῦ
1789 5564 1924 5618 Θεοῦ

351 5657 477 5710 Υἱὸν
501 5657 624 5710 καθ’
650 5656 680 5710 ὃ
701 5660 904 5711 νοεῖται
924 5658 1013 5710 καὶ
1048 5657 1161 5712 ἐστι
1184 5657 1317 5722 Θεδς
1335 5658 1530 5712 παθεῖν
1546 5660 1628 5722 εἰς
1657 5656 1795 5710 ἰδίαν
1827 5654 1931 5726 φύ-

349 5767 433 5802 σιν
464 5749 533 5803 τὰ
559 5749 814 5820 σώματος
859 5750 1272 5823 ίσγυριζομένη,
1297 5749 1493 5805 παθεῖν
1529 5749 1585 5804 δὲ
1616 5748 1819 5822 μᾶλλον
1859 5750 1926 5818 τῇ

427 5941 450 5968 ο
480 5927 638 5986 ltum.
676 5950 728 5999 ιι,
758 5933 843 5990 ιο.

2024 4651 2144 4698 nes,
2195 4633 2290 4703 qui
2345 4640 2672 4704 receperunt
2716 4648 2972 4702 magnum
3022 4630 3244 4700 pietatis
3287 4630 3606 4700 mysterium

2024 4728 2123 4783 Dei
2183 4727 2362 4797 magni
2404 4734 2460 4781 et
2510 4725 2814 4780 Salvatoris
2855 4722 3031 4777 nostri
3071 4722 3198 4778 Jesn
3229 4721 3466 4786 Christi,
3511 4738 3608 4776 ore

2025 4820 2191 4876 etiam
2237 4817 2606 4873 conﬁteantur
2639 4816 2779 4871 duas
2821 4827 3051 4870 naturas
3092 4813 3323 4876 Christi,
3365 4812 3609 4866 divinam

2027 4923 2193 4983 atque
2220 4912 2538 4966 humanam.
2569 4910 2626 4963 In
2653 4908 2899 4964 secundo
2924 4907 2991 4962 ad
3018 4905 3272 4962 eumdem
3303 4905 3608 4960 Sucensum

2032 5002 2433 5060 commentario
2470 5009 2698 5057 sanctus
2737 4999 3005 5070 Cyrillus,
3034 4997 3196 5051 ﬁdem
3237 4996 3387 5051 illius
3423 4995 3613 5050 ortho-

2025 5097 2225 5154 doxam
2246 5095 2316 5151 de
2338 5093 2723 5150 incarnatione
2751 5091 3003 5156 laudans,
3034 5089 3426 5160 propriamque
3446 5087 3610 5142 simul

2025 5191 2360 5246 sententiam
2413 5186 2762 5243 manifestius
2811 5185 3234 5247 demonstrans,
3281 5183 3398 5237 haec
3447 5183 3615 5236 tradit

2029 5285 2222 5340 dicens
2253 5302 2267 5338 :
2300 5302 2318 5335 ι
2350 5281 2651 5338 Verissime
2677 5291 2840 5350 atque
2880 5276 3314 5348 prudentissime
3345 5275 3616 5346 perfectio

2036 5389 2130 5434 tua
2157 5393 2467 5435 sermonem
2495 5376 2562 5430 de
2585 5375 2840 5446 passione
2859 5371 3164 5427 Salvatoris
3194 5369 3444 5440 exponit,
3472 5368 3615 5424 διητ-

2037 5487 2194 5527 mans
2239 5470 2418 5541 ipsum
2457 5468 2816 5538 Unigenitum
2869 5463 2966 5520 Dei
3025 5462 3258 5528 Filium,
3309 5461 3614 5517 secundum

2034 5560 2182 5632 quod
2232 5568 2459 5630 putatur
2491 5565 2656 5628 atque
2702 5556 2850 5611 Deus
2889 5562 2994 5617 est,
3035 5568 3147 5607 non
3180 5551 3235 5606 in
3276 5567 3374 5607 sua
3420 5559 3615 5604 natura

2035 5667 2256 5724 passmn
2303 5666 2426 5706 esse
2478 5666 2600 5719 qua:
2651 5656 2778 5704 sunt
2829 5645 3116 5717 corporis,
3170 5643 3266 5700 sed
3324 5642 3512 5714 potius
3561 5642 3614 5696 in

2040 5744 2290 5802 terrestri
2352 5753 2544 5798 natura
2601 5756 2820 5813 passum
2877 5755 3038 5804 csse;
3096 5736 3412 5794 necessarie
3465 5736 3616 5792 enim
