  <div class='ocr_page' id='page_1' title='image "/cluster/home/n/w/nwhite01/storage/ocr_20150623/86:1/hvd.32044019208909/565.png"; bbox 0 0 4088 6532; ppageno 0'>
   <div class='ocr_carea' id='block_1_1' title="bbox 527 389 670 459">
    <p class='ocr_par' dir='ltr' id='par_1_1' title="bbox 527 389 670 459">
     <span class='ocr_line' id='line_1_1' title="bbox 527 389 670 459; baseline 0.007 -1"><span class='ocrx_word' id='word_1_1' title='bbox 527 389 670 459; x_wconf 78' lang='grc'><strong>1115</strong></span> 
     </span>
    </p>
   </div>
   <div class='ocr_carea' id='block_1_2' title="bbox 1660 396 2664 468">
    <p class='ocr_par' dir='ltr' id='par_1_2' title="bbox 1660 396 2664 468">
     <span class='ocr_line' id='line_1_2' title="bbox 1660 396 2664 468; baseline 0.01 -10"><span class='ocrx_word' id='word_1_2' title='bbox 1660 396 2103 460; x_wconf 71' lang='lat' dir='ltr'><strong>JUSTINIANI</strong></span> <span class='ocrx_word' id='word_1_3' title='bbox 2143 396 2664 468; x_wconf 69' lang='lat' dir='ltr'><strong>IMPERATORIS</strong></span> 
     </span>
    </p>
   </div>
   <div class='ocr_carea' id='block_1_3' title="bbox 3668 401 3818 468">
    <p class='ocr_par' dir='ltr' id='par_1_3' title="bbox 3668 401 3818 468">
     <span class='ocr_line' id='line_1_3' title="bbox 3668 401 3818 468; baseline 0.013 -3"><span class='ocrx_word' id='word_1_4' title='bbox 3668 401 3818 468; x_wconf 81' lang='grc'><strong>1116</strong></span> 
     </span>
    </p>
   </div>
   <div class='ocr_carea' id='block_1_4' title="bbox 524 505 2114 591">
    <p class='ocr_par' dir='ltr' id='par_1_4' title="bbox 524 505 2108 580">
     <span class='ocr_line' id='line_1_4' title="bbox 524 505 2108 580; baseline 0.002 -19"><span class='ocrx_word' id='word_1_5' title='bbox 524 516 749 579; x_wconf 81' lang='lat' dir='ltr'><strong>oportet</strong></span> <span class='ocrx_word' id='word_1_6' title='bbox 773 512 836 562; x_wconf 85' lang='lat' dir='ltr'><strong>ut</strong></span> <span class='ocrx_word' id='word_1_7' title='bbox 859 505 1110 562; x_wconf 70' lang='lat' dir='ltr'><strong>salvetur</strong></span> <span class='ocrx_word' id='word_1_8' title='bbox 1141 515 1441 578; x_wconf 87' lang='lat' dir='ltr'><strong>utrumque</strong></span> <span class='ocrx_word' id='word_1_9' title='bbox 1472 507 1568 562; x_wconf 92' lang='lat' dir='ltr'><strong>uni</strong></span> <span class='ocrx_word' id='word_1_10' title='bbox 1598 516 1766 580; x_wconf 90' lang='lat' dir='ltr'><strong>atque</strong></span> <span class='ocrx_word' id='word_1_11' title='bbox 1799 511 2108 566; x_wconf 87' lang='lat' dir='ltr'><strong>secundum</strong></span> 
     </span>
    </p>
   </div>
   <div class='ocr_carea' id='block_1_5' title="bbox 2218 505 3815 591">
    <p class='ocr_par' dir='ltr' id='par_1_5' title="bbox 2218 517 3815 591">
     <span class='ocr_line' id='line_1_5' title="bbox 2218 517 3815 591; baseline 0.005 -22"><span class='ocrx_word' id='word_1_12' title='bbox 2218 519 2371 589; x_wconf 83' lang='grc' dir='ltr'><strong>χοῖκῇ</strong></span> <span class='ocrx_word' id='word_1_13' title='bbox 2418 517 2615 588; x_wconf 88' lang='grc' dir='ltr'>φύσει·</span> <span class='ocrx_word' id='word_1_14' title='bbox 2671 520 2754 573; x_wconf 86' lang='grc' dir='ltr'><strong>δεῖ</strong></span> <span class='ocrx_word' id='word_1_15' title='bbox 2792 520 2902 590; x_wconf 86' lang='grc' dir='ltr'><strong>γὰρ</strong></span> <span class='ocrx_word' id='word_1_16' title='bbox 2942 519 3258 588; x_wconf 77' lang='grc' dir='ltr'><strong>ἀναγκαίως</strong></span> <span class='ocrx_word' id='word_1_17' title='bbox 3303 521 3591 591; x_wconf 74' lang='grc' dir='ltr'>ἀμφότερα</span> <span class='ocrx_word' id='word_1_18' title='bbox 3634 523 3815 588; x_wconf 70' lang='grc' dir='ltr'>σώζε-</span> 
     </span>
    </p>
   </div>
   <div class='ocr_carea' id='block_1_6' title="bbox 523 600 2112 676">
    <p class='ocr_par' dir='ltr' id='par_1_6' title="bbox 523 600 2112 676">
     <span class='ocr_line' id='line_1_6' title="bbox 523 600 2112 676; baseline 0.005 -22"><span class='ocrx_word' id='word_1_19' title='bbox 523 600 816 656; x_wconf 81' lang='lat' dir='ltr'><strong>veritatem</strong></span> <span class='ocrx_word' id='word_1_20' title='bbox 853 600 1014 666; x_wconf 89' lang='lat' dir='ltr'><strong>Filio,</strong></span> <span class='ocrx_word' id='word_1_21' title='bbox 1057 616 1168 655; x_wconf 92' lang='lat' dir='ltr'><strong>non</strong></span> <span class='ocrx_word' id='word_1_22' title='bbox 1204 601 1314 656; x_wconf 90' lang='lat' dir='ltr'><strong>dici</strong></span> <span class='ocrx_word' id='word_1_23' title='bbox 1361 601 1475 672; x_wconf 90' lang='lat' dir='ltr'><strong>pati</strong></span> <span class='ocrx_word' id='word_1_24' title='bbox 1516 610 1578 657; x_wconf 91' lang='lat' dir='ltr'><strong>ut</strong></span> <span class='ocrx_word' id='word_1_25' title='bbox 1609 602 1786 659; x_wconf 88' lang='lat' dir='ltr'><strong>Deum</strong></span> <span class='ocrx_word' id='word_1_26' title='bbox 1837 605 1932 660; x_wconf 88' lang='lat' dir='ltr'><strong>sed</strong></span> <span class='ocrx_word' id='word_1_27' title='bbox 1982 621 2112 676; x_wconf 84' lang='lat' dir='ltr'><strong>pas-</strong></span> 
     </span>
    </p>
   </div>
   <div class='ocr_carea' id='block_1_7' title="bbox 523 694 2113 766">
    <p class='ocr_par' dir='ltr' id='par_1_7' title="bbox 523 694 2113 766">
     <span class='ocr_line' id='line_1_7' title="bbox 523 694 2113 766; baseline 0.004 -18"><span class='ocrx_word' id='word_1_28' title='bbox 523 709 646 748; x_wconf 84' lang='lat' dir='ltr'><strong>sum</strong></span> <span class='ocrx_word' id='word_1_29' title='bbox 697 703 761 748; x_wconf 90' lang='lat' dir='ltr'><strong>ut</strong></span> <span class='ocrx_word' id='word_1_30' title='bbox 808 694 1124 762; x_wconf 85' lang='lat' dir='ltr'><strong>hominem;</strong></span> <span class='ocrx_word' id='word_1_31' title='bbox 1168 709 1296 750; x_wconf 88' lang='lat' dir='ltr'><strong>caro</strong></span> <span class='ocrx_word' id='word_1_32' title='bbox 1340 696 1490 751; x_wconf 89' lang='lat' dir='ltr'><strong>enim</strong></span> <span class='ocrx_word' id='word_1_33' title='bbox 1533 712 1690 766; x_wconf 87' lang='lat' dir='ltr'><strong>passa</strong></span> <span class='ocrx_word' id='word_1_34' title='bbox 1742 706 1847 752; x_wconf 89' lang='lat' dir='ltr'><strong>est.</strong></span> <span class='ocrx_word' id='word_1_35' title='bbox 1886 717 1904 750; x_wconf 75' lang='lat' dir='ltr'><strong>I</strong></span> <span class='ocrx_word' id='word_1_36' title='bbox 1936 698 2113 754; x_wconf 83' lang='lat' dir='ltr'><strong>Mani-</strong></span> 
     </span>
    </p>
   </div>
   <div class='ocr_carea' id='block_1_8' title="bbox 523 786 2112 858">
    <p class='ocr_par' dir='ltr' id='par_1_8' title="bbox 523 786 2112 858">
     <span class='ocr_line' id='line_1_8' title="bbox 523 786 2112 858; baseline 0.003 -17"><span class='ocrx_word' id='word_1_37' title='bbox 523 786 728 842; x_wconf 78' lang='lat' dir='ltr'><strong>festum</strong></span> <span class='ocrx_word' id='word_1_38' title='bbox 757 796 843 842; x_wconf 88' lang='lat' dir='ltr'><strong>est</strong></span> <span class='ocrx_word' id='word_1_39' title='bbox 867 802 998 858; x_wconf 78' lang='lat' dir='ltr'><strong>ergo</strong></span> <span class='ocrx_word' id='word_1_40' title='bbox 1018 802 1086 843; x_wconf 81' lang='lat' dir='ltr'><strong>ex</strong></span> <span class='ocrx_word' id='word_1_41' title='bbox 1111 787 1297 852; x_wconf 87' lang='lat' dir='ltr'><strong>dictis,</strong></span> <span class='ocrx_word' id='word_1_42' title='bbox 1327 787 1465 843; x_wconf 85' lang='lat' dir='ltr'><strong>duas</strong></span> <span class='ocrx_word' id='word_1_43' title='bbox 1488 797 1736 856; x_wconf 86' lang='lat' dir='ltr'><strong>naturas,</strong></span> <span class='ocrx_word' id='word_1_44' title='bbox 1772 789 1826 845; x_wconf 89' lang='lat' dir='ltr'><strong>id</strong></span> <span class='ocrx_word' id='word_1_45' title='bbox 1853 798 1939 845; x_wconf 90' lang='lat' dir='ltr'><strong>est</strong></span> <span class='ocrx_word' id='word_1_46' title='bbox 1967 790 2112 845; x_wconf 84' lang='lat' dir='ltr'><strong>divi-</strong></span> 
     </span>
    </p>
   </div>
   <div class='ocr_carea' id='block_1_9' title="bbox 522 878 2112 953">
    <p class='ocr_par' dir='ltr' id='par_1_9' title="bbox 522 878 2112 953">
     <span class='ocr_line' id='line_1_9' title="bbox 522 878 2112 953; baseline 0.004 -21"><span class='ocrx_word' id='word_1_47' title='bbox 522 894 652 933; x_wconf 85' lang='lat' dir='ltr'><strong>nam</strong></span> <span class='ocrx_word' id='word_1_48' title='bbox 682 894 748 934; x_wconf 89' lang='lat' dir='ltr'><strong>ac</strong></span> <span class='ocrx_word' id='word_1_49' title='bbox 783 878 1079 934; x_wconf 85' lang='lat' dir='ltr'><strong>humanam</strong></span> <span class='ocrx_word' id='word_1_50' title='bbox 1134 881 1190 934; x_wconf 90' lang='lat' dir='ltr'><strong>in</strong></span> <span class='ocrx_word' id='word_1_51' title='bbox 1236 895 1346 935; x_wconf 90' lang='lat' dir='ltr'><strong>una</strong></span> <span class='ocrx_word' id='word_1_52' title='bbox 1391 880 1696 953; x_wconf 87' lang='lat' dir='ltr'><strong>hypostasi,</strong></span> <span class='ocrx_word' id='word_1_53' title='bbox 1748 882 1897 952; x_wconf 91' lang='lat' dir='ltr'><strong>quod</strong></span> <span class='ocrx_word' id='word_1_54' title='bbox 1936 891 2022 938; x_wconf 88' lang='lat' dir='ltr'><strong>est</strong></span> <span class='ocrx_word' id='word_1_55' title='bbox 2054 883 2112 938; x_wconf 90' lang='lat' dir='ltr'><strong>in</strong></span> 
     </span>
    </p>
   </div>
   <div class='ocr_carea' id='block_1_10' title="bbox 525 969 2110 1041">
    <p class='ocr_par' dir='ltr' id='par_1_10' title="bbox 525 969 2110 1041">
     <span class='ocr_line' id='line_1_10' title="bbox 525 969 2110 1041; baseline 0.004 -18"><span class='ocrx_word' id='word_1_56' title='bbox 525 985 632 1025; x_wconf 88' lang='lat' dir='ltr'><strong>una</strong></span> <span class='ocrx_word' id='word_1_57' title='bbox 662 986 898 1041; x_wconf 86' lang='lat' dir='ltr'><strong>persona</strong></span> <span class='ocrx_word' id='word_1_58' title='bbox 939 969 1214 1041; x_wconf 81' lang='lat' dir='ltr'><strong>Unigeniti</strong></span> <span class='ocrx_word' id='word_1_59' title='bbox 1247 972 1367 1026; x_wconf 84' lang='lat' dir='ltr'><strong>Filii</strong></span> <span class='ocrx_word' id='word_1_60' title='bbox 1403 973 1503 1028; x_wconf 87' lang='lat' dir='ltr'><strong>Dei</strong></span> <span class='ocrx_word' id='word_1_61' title='bbox 1535 973 1753 1028; x_wconf 90' lang='lat' dir='ltr'><strong>Domini</strong></span> <span class='ocrx_word' id='word_1_62' title='bbox 1779 974 1952 1029; x_wconf 78' lang='lat' dir='ltr'><strong>nostri</strong></span> <span class='ocrx_word' id='word_1_63' title='bbox 1980 974 2110 1030; x_wconf 84' lang='lat' dir='ltr'><strong>Jesu</strong></span> 
     </span>
    </p>
   </div>
   <div class='ocr_carea' id='block_1_11' title="bbox 523 1062 2112 1139">
    <p class='ocr_par' dir='ltr' id='par_1_11' title="bbox 523 1062 2112 1139">
     <span class='ocr_line' id='line_1_11' title="bbox 523 1062 2112 1139; baseline 0.003 -21"><span class='ocrx_word' id='word_1_64' title='bbox 523 1062 730 1118; x_wconf 84' lang='lat' dir='ltr'><strong>Christi</strong></span> <span class='ocrx_word' id='word_1_65' title='bbox 780 1064 1018 1130; x_wconf 86' lang='lat' dir='ltr'><strong>salvari;</strong></span> <span class='ocrx_word' id='word_1_66' title='bbox 1055 1065 1195 1120; x_wconf 89' lang='lat' dir='ltr'><strong>dicit</strong></span> <span class='ocrx_word' id='word_1_67' title='bbox 1235 1066 1386 1120; x_wconf 89' lang='lat' dir='ltr'><strong>enim</strong></span> <span class='ocrx_word' id='word_1_68' title='bbox 1428 1075 1672 1137; x_wconf 86' lang='lat' dir='ltr'><strong>aportere</strong></span> <span class='ocrx_word' id='word_1_69' title='bbox 1720 1076 1779 1121; x_wconf 83' lang='lat' dir='ltr'><strong>ut</strong></span> <span class='ocrx_word' id='word_1_70' title='bbox 1827 1077 2112 1139; x_wconf 80' lang='lat' dir='ltr'><strong>utrumque</strong></span> 
     </span>
    </p>
   </div>
   <div class='ocr_carea' id='block_1_12' title="bbox 522 1153 2113 1228">
    <p class='ocr_par' dir='ltr' id='par_1_12' title="bbox 522 1153 2113 1228">
     <span class='ocr_line' id='line_1_12' title="bbox 522 1153 2113 1228; baseline 0.005 -20"><span class='ocrx_word' id='word_1_71' title='bbox 522 1153 764 1209; x_wconf 9' lang='lat' dir='ltr'><strong>salvetur;</strong></span> <span class='ocrx_word' id='word_1_72' title='bbox 804 1157 901 1210; x_wconf 80' lang='lat' dir='ltr'><strong>uni</strong></span> <span class='ocrx_word' id='word_1_73' title='bbox 947 1163 1105 1228; x_wconf 82' lang='lat' dir='ltr'><strong>atque</strong></span> <span class='ocrx_word' id='word_1_74' title='bbox 1133 1157 1298 1228; x_wconf 71' lang='lat' dir='ltr'><strong>juxta</strong></span> <span class='ocrx_word' id='word_1_75' title='bbox 1349 1159 1626 1214; x_wconf 77' lang='lat' dir='ltr'><strong>veritatem</strong></span> <span class='ocrx_word' id='word_1_76' title='bbox 1665 1158 1822 1215; x_wconf 80' lang='lat' dir='ltr'><strong>Filio.</strong></span> <span class='ocrx_word' id='word_1_77' title='bbox 1874 1160 2113 1216; x_wconf 83' lang='lat' dir='ltr'><strong>Additur</strong></span> 
     </span>
    </p>
   </div>
   <div class='ocr_carea' id='block_1_13' title="bbox 526 1251 2112 1320">
    <p class='ocr_par' dir='ltr' id='par_1_13' title="bbox 526 1251 2112 1320">
     <span class='ocr_line' id='line_1_13' title="bbox 526 1251 2112 1320; baseline 0.005 -19"><span class='ocrx_word' id='word_1_78' title='bbox 526 1256 712 1302; x_wconf 89' lang='lat' dir='ltr'><strong>autem</strong></span> <span class='ocrx_word' id='word_1_79' title='bbox 775 1258 1016 1320; x_wconf 86' lang='lat' dir='ltr'><strong>aportere</strong></span> <span class='ocrx_word' id='word_1_80' title='bbox 1081 1251 1150 1306; x_wconf 89' lang='lat' dir='ltr'><strong>ad</strong></span> <span class='ocrx_word' id='word_1_81' title='bbox 1209 1251 1673 1307; x_wconf 84' lang='lat' dir='ltr'><strong>manifestandam</strong></span> <span class='ocrx_word' id='word_1_82' title='bbox 1731 1253 1894 1309; x_wconf 90' lang='lat' dir='ltr'><strong>nobis</strong></span> <span class='ocrx_word' id='word_1_83' title='bbox 1945 1253 2112 1309; x_wconf 87' lang='lat' dir='ltr'><strong>ﬁdem</strong></span> 
     </span>
    </p>
   </div>
   <div class='ocr_carea' id='block_1_14' title="bbox 527 1345 2110 1424">
    <p class='ocr_par' dir='ltr' id='par_1_14' title="bbox 527 1345 2110 1424">
     <span class='ocr_line' id='line_1_14' title="bbox 527 1345 2110 1424; baseline 0.003 -27"><span class='ocrx_word' id='word_1_84' title='bbox 527 1351 682 1397; x_wconf 77' lang='lat' dir='ltr'><strong>extra</strong></span> <span class='ocrx_word' id='word_1_85' title='bbox 750 1359 970 1400; x_wconf 91' lang='lat' dir='ltr'><strong>omnem</strong></span> <span class='ocrx_word' id='word_1_86' title='bbox 1031 1346 1468 1424; x_wconf 88' lang='lat' dir='ltr'><strong>controversiam</strong></span> <span class='ocrx_word' id='word_1_87' title='bbox 1527 1345 1598 1402; x_wconf 92' lang='lat' dir='ltr'><strong>de</strong></span> <span class='ocrx_word' id='word_1_88' title='bbox 1656 1346 1763 1402; x_wconf 91' lang='lat' dir='ltr'><strong>hoc</strong></span> <span class='ocrx_word' id='word_1_89' title='bbox 1818 1346 2110 1418; x_wconf 77' lang='lat' dir='ltr'><strong>dogmate;</strong></span> 
     </span>
    </p>
   </div>
   <div class='ocr_carea' id='block_1_15' title="bbox 528 1440 2114 1508">
    <p class='ocr_par' dir='ltr' id='par_1_15' title="bbox 528 1440 2114 1508">
     <span class='ocr_line' id='line_1_15' title="bbox 528 1440 2114 1508; baseline 0.003 -18"><span class='ocrx_word' id='word_1_90' title='bbox 528 1447 810 1508; x_wconf 82' lang='lat' dir='ltr'><strong>utrumque</strong></span> <span class='ocrx_word' id='word_1_91' title='bbox 847 1454 982 1495; x_wconf 86' lang='lat' dir='ltr'><strong>vero</strong></span> <span class='ocrx_word' id='word_1_92' title='bbox 1012 1456 1122 1495; x_wconf 90' lang='lat' dir='ltr'><strong>non</strong></span> <span class='ocrx_word' id='word_1_93' title='bbox 1167 1440 1335 1497; x_wconf 91' lang='lat' dir='ltr'><strong>unius</strong></span> <span class='ocrx_word' id='word_1_94' title='bbox 1375 1451 1590 1498; x_wconf 62' lang='lat' dir='ltr'><strong>natura</strong></span> <span class='ocrx_word' id='word_1_95' title='bbox 1615 1441 1712 1498; x_wconf 86' lang='lat' dir='ltr'><strong>sed</strong></span> <span class='ocrx_word' id='word_1_96' title='bbox 1752 1441 1986 1498; x_wconf 92' lang='lat' dir='ltr'><strong>duarum</strong></span> <span class='ocrx_word' id='word_1_97' title='bbox 2024 1441 2114 1495; x_wconf 85' lang='lat' dir='ltr'><strong>in-</strong></span> 
     </span>
    </p>
   </div>
   <div class='ocr_carea' id='block_1_16' title="bbox 527 1533 2115 1604">
    <p class='ocr_par' dir='ltr' id='par_1_16' title="bbox 527 1533 2115 1604">
     <span class='ocr_line' id='line_1_16' title="bbox 527 1533 2115 1604; baseline 0 -17"><span class='ocrx_word' id='word_1_98' title='bbox 527 1534 736 1590; x_wconf 68' lang='lat' dir='ltr'><strong>ilicium</strong></span> <span class='ocrx_word' id='word_1_99' title='bbox 775 1542 896 1600; x_wconf 89' lang='lat' dir='ltr'><strong>est;</strong></span> <span class='ocrx_word' id='word_1_100' title='bbox 929 1548 1056 1589; x_wconf 92' lang='lat' dir='ltr'><strong>cum</strong></span> <span class='ocrx_word' id='word_1_101' title='bbox 1086 1533 1238 1589; x_wconf 90' lang='lat' dir='ltr'><strong>enim</strong></span> <span class='ocrx_word' id='word_1_102' title='bbox 1268 1533 1390 1604; x_wconf 90' lang='lat' dir='ltr'><strong>ipse</strong></span> <span class='ocrx_word' id='word_1_103' title='bbox 1418 1534 1584 1590; x_wconf 90' lang='lat' dir='ltr'><strong>Pater</strong></span> <span class='ocrx_word' id='word_1_104' title='bbox 1606 1533 1804 1590; x_wconf 87' lang='lat' dir='ltr'><strong>doceat</strong></span> <span class='ocrx_word' id='word_1_105' title='bbox 1832 1549 1944 1589; x_wconf 92' lang='lat' dir='ltr'><strong>non</strong></span> <span class='ocrx_word' id='word_1_106' title='bbox 1971 1533 2115 1589; x_wconf 86' lang='lat' dir='ltr'><strong>divi—</strong></span> 
     </span>
    </p>
   </div>
   <div class='ocr_carea' id='block_1_17' title="bbox 527 1626 2111 1698">
    <p class='ocr_par' dir='ltr' id='par_1_17' title="bbox 527 1626 2111 1698">
     <span class='ocr_line' id='line_1_17' title="bbox 527 1626 2111 1698; baseline -0.001 -15"><span class='ocrx_word' id='word_1_107' title='bbox 527 1644 596 1683; x_wconf 89' lang='lat' dir='ltr'><strong>na</strong></span> <span class='ocrx_word' id='word_1_108' title='bbox 633 1635 826 1682; x_wconf 90' lang='lat' dir='ltr'><strong>natura</strong></span> <span class='ocrx_word' id='word_1_109' title='bbox 851 1641 1073 1698; x_wconf 87' lang='lat' dir='ltr'><strong>passum</strong></span> <span class='ocrx_word' id='word_1_110' title='bbox 1094 1642 1238 1692; x_wconf 88' lang='lat' dir='ltr'><strong>esse,</strong></span> <span class='ocrx_word' id='word_1_111' title='bbox 1271 1626 1368 1682; x_wconf 90' lang='lat' dir='ltr'><strong>sed</strong></span> <span class='ocrx_word' id='word_1_112' title='bbox 1394 1637 1592 1683; x_wconf 91' lang='lat' dir='ltr'><strong>natura</strong></span> <span class='ocrx_word' id='word_1_113' title='bbox 1617 1627 1866 1684; x_wconf 87' lang='lat' dir='ltr'><strong>terrestri</strong></span> <span class='ocrx_word' id='word_1_114' title='bbox 1890 1643 2111 1698; x_wconf 88' lang='lat' dir='ltr'><strong>passum</strong></span> 
     </span>
    </p>
   </div>
   <div class='ocr_carea' id='block_1_18' title="bbox 527 1718 2111 1788">
    <p class='ocr_par' dir='ltr' id='par_1_18' title="bbox 527 1718 2111 1788">
     <span class='ocr_line' id='line_1_18' title="bbox 527 1718 2111 1788; baseline -0.001 -14"><span class='ocrx_word' id='word_1_115' title='bbox 527 1720 718 1785; x_wconf 81' lang='lat' dir='ltr'><strong>fuisse,</strong></span> <span class='ocrx_word' id='word_1_116' title='bbox 749 1733 914 1773; x_wconf 91' lang='lat' dir='ltr'><strong>nemo</strong></span> <span class='ocrx_word' id='word_1_117' title='bbox 959 1719 1041 1774; x_wconf 91' lang='lat' dir='ltr'><strong>sic</strong></span> <span class='ocrx_word' id='word_1_118' title='bbox 1076 1718 1345 1774; x_wconf 82' lang='lat' dir='ltr'><strong>insaniret</strong></span> <span class='ocrx_word' id='word_1_119' title='bbox 1375 1727 1435 1774; x_wconf 89' lang='lat' dir='ltr'><strong>ut</strong></span> <span class='ocrx_word' id='word_1_120' title='bbox 1478 1718 1645 1774; x_wconf 89' lang='lat' dir='ltr'><strong>unius</strong></span> <span class='ocrx_word' id='word_1_121' title='bbox 1687 1728 1898 1773; x_wconf 68' lang='lat' dir='ltr'><strong>natum:</strong></span> <span class='ocrx_word' id='word_1_122' title='bbox 1931 1719 2111 1788; x_wconf 89' lang='lat' dir='ltr'><strong>ipsum</strong></span> 
     </span>
    </p>
   </div>
   <div class='ocr_carea' id='block_1_19' title="bbox 527 1810 2112 1884">
    <p class='ocr_par' dir='ltr' id='par_1_19' title="bbox 527 1810 2112 1884">
     <span class='ocr_line' id='line_1_19' title="bbox 527 1810 2112 1884; baseline 0.002 -20"><span class='ocrx_word' id='word_1_123' title='bbox 527 1827 648 1866; x_wconf 79' lang='lat' dir='ltr'><strong>esse</strong></span> <span class='ocrx_word' id='word_1_124' title='bbox 679 1811 1094 1880; x_wconf 77' lang='lat' dir='ltr'><strong>suspicaretur;</strong></span> <span class='ocrx_word' id='word_1_125' title='bbox 1133 1811 1301 1865; x_wconf 90' lang='lat' dir='ltr'><strong>unius</strong></span> <span class='ocrx_word' id='word_1_126' title='bbox 1341 1810 1489 1864; x_wconf 89' lang='lat' dir='ltr'><strong>enim</strong></span> <span class='ocrx_word' id='word_1_127' title='bbox 1532 1821 1698 1879; x_wconf 86' lang='lat' dir='ltr'><strong>atque</strong></span> <span class='ocrx_word' id='word_1_128' title='bbox 1729 1811 1978 1877; x_wconf 72' lang='lat' dir='ltr'><strong>eiusde-tn</strong></span> <span class='ocrx_word' id='word_1_129' title='bbox 2009 1812 2112 1884; x_wconf 86' lang='lat' dir='ltr'><strong>hy-</strong></span> 
     </span>
    </p>
   </div>
   <div class='ocr_carea' id='block_1_20' title="bbox 528 1903 2110 1976">
    <p class='ocr_par' dir='ltr' id='par_1_20' title="bbox 528 1903 2110 1976">
     <span class='ocr_line' id='line_1_20' title="bbox 528 1903 2110 1976; baseline 0.002 -17"><span class='ocrx_word' id='word_1_130' title='bbox 528 1905 762 1976; x_wconf 86' lang='lat' dir='ltr'><strong>postasis</strong></span> <span class='ocrx_word' id='word_1_131' title='bbox 794 1903 1013 1961; x_wconf 91' lang='lat' dir='ltr'><strong>Domini</strong></span> <span class='ocrx_word' id='word_1_132' title='bbox 1061 1903 1240 1960; x_wconf 83' lang='lat' dir='ltr'><strong>nostri</strong></span> <span class='ocrx_word' id='word_1_133' title='bbox 1269 1904 1400 1962; x_wconf 87' lang='lat' dir='ltr'><strong>Jesu</strong></span> <span class='ocrx_word' id='word_1_134' title='bbox 1444 1904 1652 1962; x_wconf 85' lang='lat' dir='ltr'><strong>Christi</strong></span> <span class='ocrx_word' id='word_1_135' title='bbox 1699 1904 2014 1976; x_wconf 89' lang='lat' dir='ltr'><strong>passionem</strong></span> <span class='ocrx_word' id='word_1_136' title='bbox 2053 1915 2110 1962; x_wconf 88' lang='lat' dir='ltr'><strong>et</strong></span> 
     </span>
    </p>
   </div>
   <div class='ocr_carea' id='block_1_21' title="bbox 529 1998 2111 2070">
    <p class='ocr_par' dir='ltr' id='par_1_21' title="bbox 529 1998 2111 2070">
     <span class='ocr_line' id='line_1_21' title="bbox 529 1998 2111 2070; baseline 0.001 -17"><span class='ocrx_word' id='word_1_137' title='bbox 529 1999 1028 2070; x_wconf 80' lang='lat' dir='ltr'><strong>impassibilitatem</strong></span> <span class='ocrx_word' id='word_1_138' title='bbox 1067 1998 1321 2054; x_wconf 80' lang='lat' dir='ltr'><strong>conﬁteri</strong></span> <span class='ocrx_word' id='word_1_139' title='bbox 1364 1998 1547 2054; x_wconf 90' lang='lat' dir='ltr'><strong>edocti</strong></span> <span class='ocrx_word' id='word_1_140' title='bbox 1598 2015 1820 2066; x_wconf 88' lang='lat' dir='ltr'><strong>sumus,</strong></span> <span class='ocrx_word' id='word_1_141' title='bbox 1857 1999 1956 2054; x_wconf 91' lang='lat' dir='ltr'><strong>sed</strong></span> <span class='ocrx_word' id='word_1_142' title='bbox 1998 2015 2111 2056; x_wconf 90' lang='lat' dir='ltr'><strong>non</strong></span> 
     </span>
    </p>
   </div>
   <div class='ocr_carea' id='block_1_22' title="bbox 527 2091 2109 2164">
    <p class='ocr_par' dir='ltr' id='par_1_22' title="bbox 527 2091 2109 2164">
     <span class='ocr_line' id='line_1_22' title="bbox 527 2091 2109 2164; baseline 0 -16"><span class='ocrx_word' id='word_1_143' title='bbox 527 2092 832 2149; x_wconf 84' lang='lat' dir='ltr'><strong>secundum</strong></span> <span class='ocrx_word' id='word_1_144' title='bbox 863 2091 1118 2149; x_wconf 87' lang='lat' dir='ltr'><strong>eamdem</strong></span> <span class='ocrx_word' id='word_1_145' title='bbox 1157 2103 1449 2160; x_wconf 89' lang='lat' dir='ltr'><strong>naturam;</strong></span> <span class='ocrx_word' id='word_1_146' title='bbox 1486 2092 1825 2164; x_wconf 87' lang='lat' dir='ltr'><strong>impossibile</strong></span> <span class='ocrx_word' id='word_1_147' title='bbox 1849 2102 1936 2149; x_wconf 90' lang='lat' dir='ltr'><strong>est</strong></span> <span class='ocrx_word' id='word_1_148' title='bbox 1959 2093 2109 2148; x_wconf 91' lang='lat' dir='ltr'><strong>enim</strong></span> 
     </span>
    </p>
   </div>
   <div class='ocr_carea' id='block_1_23' title="bbox 530 2184 2112 2257">
    <p class='ocr_par' dir='ltr' id='par_1_23' title="bbox 530 2184 2112 2257">
     <span class='ocr_line' id='line_1_23' title="bbox 530 2184 2112 2257; baseline 0 -17"><span class='ocrx_word' id='word_1_149' title='bbox 530 2188 583 2240; x_wconf 93' lang='lat' dir='ltr'><strong>in</strong></span> <span class='ocrx_word' id='word_1_150' title='bbox 626 2202 736 2241; x_wconf 87' lang='lat' dir='ltr'><strong>una</strong></span> <span class='ocrx_word' id='word_1_151' title='bbox 766 2186 1075 2256; x_wconf 89' lang='lat' dir='ltr'><strong>eademque</strong></span> <span class='ocrx_word' id='word_1_152' title='bbox 1141 2191 1338 2239; x_wconf 89' lang='lat' dir='ltr'><strong>natura</strong></span> <span class='ocrx_word' id='word_1_153' title='bbox 1366 2184 1473 2240; x_wconf 91' lang='lat' dir='ltr'><strong>sibi</strong></span> <span class='ocrx_word' id='word_1_154' title='bbox 1501 2185 1656 2257; x_wconf 82' lang='lat' dir='ltr'><strong>juxta</strong></span> <span class='ocrx_word' id='word_1_155' title='bbox 1696 2185 1840 2240; x_wconf 91' lang='lat' dir='ltr'><strong>idem</strong></span> <span class='ocrx_word' id='word_1_156' title='bbox 1874 2185 2112 2242; x_wconf 80' lang='lat' dir='ltr'><strong>invicem</strong></span> 
     </span>
    </p>
   </div>
   <div class='ocr_carea' id='block_1_24' title="bbox 528 2278 1348 2348">
    <p class='ocr_par' dir='ltr' id='par_1_24' title="bbox 528 2278 1348 2348">
     <span class='ocr_line' id='line_1_24' title="bbox 528 2278 1348 2348; baseline 0 -16"><span class='ocrx_word' id='word_1_157' title='bbox 528 2279 876 2334; x_wconf 83' lang='lat' dir='ltr'><strong>adversantia</strong></span> <span class='ocrx_word' id='word_1_158' title='bbox 905 2278 1348 2348; x_wconf 85' lang='lat' dir='ltr'><strong>deprehendere.</strong></span> 
     </span>
    </p>
   </div>
   <div class='ocr_carea' id='block_1_25' title="bbox 600 2369 2113 2441">
    <p class='ocr_par' dir='ltr' id='par_1_25' title="bbox 600 2369 2113 2441">
     <span class='ocr_line' id='line_1_25' title="bbox 600 2369 2113 2441; baseline 0.001 -19"><span class='ocrx_word' id='word_1_159' title='bbox 600 2371 705 2424; x_wconf 61' lang='lat' dir='ltr'><strong>Sed</strong></span> <span class='ocrx_word' id='word_1_160' title='bbox 732 2369 984 2426; x_wconf 87' lang='lat' dir='ltr'><strong>veritatis</strong></span> <span class='ocrx_word' id='word_1_161' title='bbox 1013 2371 1221 2434; x_wconf 88' lang='lat' dir='ltr'><strong>hostes,</strong></span> <span class='ocrx_word' id='word_1_162' title='bbox 1252 2369 1629 2441; x_wconf 51' lang='lat' dir='ltr'><strong>doctrinaque</strong></span> <span class='ocrx_word' id='word_1_163' title='bbox 1654 2371 1880 2426; x_wconf 85' lang='lat' dir='ltr'><strong>Patrum</strong></span> <span class='ocrx_word' id='word_1_164' title='bbox 1911 2369 2113 2425; x_wconf 89' lang='lat' dir='ltr'><strong>adver-</strong></span> 
     </span>
    </p>
   </div>
   <div class='ocr_carea' id='block_1_26' title="bbox 528 2463 2113 2528">
    <p class='ocr_par' dir='ltr' id='par_1_26' title="bbox 528 2463 2113 2528">
     <span class='ocr_line' id='line_1_26' title="bbox 528 2463 2113 2528; baseline 0 -7"><span class='ocrx_word' id='word_1_165' title='bbox 528 2465 683 2526; x_wconf 87' lang='lat' dir='ltr'><strong>sarii,</strong></span> <span class='ocrx_word' id='word_1_166' title='bbox 729 2465 836 2519; x_wconf 89' lang='lat' dir='ltr'><strong>hoc</strong></span> <span class='ocrx_word' id='word_1_167' title='bbox 881 2479 990 2518; x_wconf 88' lang='lat' dir='ltr'><strong>non</strong></span> <span class='ocrx_word' id='word_1_168' title='bbox 1036 2463 1447 2528; x_wconf 88' lang='lat' dir='ltr'><strong>discernentes,</strong></span> <span class='ocrx_word' id='word_1_169' title='bbox 1501 2463 1554 2517; x_wconf 91' lang='lat' dir='ltr'><strong>in</strong></span> <span class='ocrx_word' id='word_1_170' title='bbox 1610 2463 1772 2518; x_wconf 90' lang='lat' dir='ltr'><strong>aliam</strong></span> <span class='ocrx_word' id='word_1_171' title='bbox 1822 2464 2113 2521; x_wconf 84' lang='lat' dir='ltr'><strong>stultitiam</strong></span> 
     </span>
    </p>
   </div>
   <div class='ocr_carea' id='block_1_27' title="bbox 530 2555 2114 2629">
    <p class='ocr_par' dir='ltr' id='par_1_27' title="bbox 530 2555 2114 2629">
     <span class='ocr_line' id='line_1_27' title="bbox 530 2555 2114 2629; baseline 0 -16"><span class='ocrx_word' id='word_1_172' title='bbox 530 2557 816 2625; x_wconf 88' lang='lat' dir='ltr'><strong>incidunt,</strong></span> <span class='ocrx_word' id='word_1_173' title='bbox 862 2556 1113 2614; x_wconf 88' lang='lat' dir='ltr'><strong>dicentes</strong></span> <span class='ocrx_word' id='word_1_174' title='bbox 1164 2570 1265 2613; x_wconf 86' lang='lat' dir='ltr'><strong>eos</strong></span> <span class='ocrx_word' id='word_1_175' title='bbox 1310 2556 1408 2629; x_wconf 87' lang='lat' dir='ltr'><strong>qui</strong></span> <span class='ocrx_word' id='word_1_176' title='bbox 1453 2555 1792 2613; x_wconf 90' lang='lat' dir='ltr'><strong>conﬁtentur</strong></span> <span class='ocrx_word' id='word_1_177' title='bbox 1833 2557 2114 2614; x_wconf 88' lang='lat' dir='ltr'><strong>Christum</strong></span> 
     </span>
    </p>
   </div>
   <div class='ocr_carea' id='block_1_28' title="bbox 529 2650 2117 2716">
    <p class='ocr_par' dir='ltr' id='par_1_28' title="bbox 529 2650 2117 2716">
     <span class='ocr_line' id='line_1_28' title="bbox 529 2650 2117 2716; baseline 0.002 -12"><span class='ocrx_word' id='word_1_178' title='bbox 529 2670 650 2716; x_wconf 65' lang='lat' dir='ltr'><strong>esse</strong></span> <span class='ocrx_word' id='word_1_179' title='bbox 683 2654 853 2706; x_wconf 84' lang='lat' dir='ltr'><strong>Deum</strong></span> <span class='ocrx_word' id='word_1_180' title='bbox 893 2661 950 2706; x_wconf 89' lang='lat' dir='ltr'><strong>et</strong></span> <span class='ocrx_word' id='word_1_181' title='bbox 984 2651 1288 2715; x_wconf 86' lang='lat' dir='ltr'><strong>hominem,</strong></span> <span class='ocrx_word' id='word_1_182' title='bbox 1325 2668 1427 2706; x_wconf 88' lang='lat' dir='ltr'><strong>nec</strong></span> <span class='ocrx_word' id='word_1_183' title='bbox 1471 2650 1624 2705; x_wconf 88' lang='lat' dir='ltr'><strong>illum</strong></span> <span class='ocrx_word' id='word_1_184' title='bbox 1657 2666 1780 2707; x_wconf 88' lang='lat' dir='ltr'><strong>esse</strong></span> <span class='ocrx_word' id='word_1_185' title='bbox 1818 2651 1987 2707; x_wconf 89' lang='lat' dir='ltr'><strong>unius</strong></span> <span class='ocrx_word' id='word_1_186' title='bbox 2019 2668 2117 2708; x_wconf 79' lang='lat' dir='ltr'><strong>na-</strong></span> 
     </span>
    </p>
   </div>
   <div class='ocr_carea' id='block_1_29' title="bbox 532 2741 2114 2816">
    <p class='ocr_par' dir='ltr' id='par_1_29' title="bbox 532 2741 2114 2816">
     <span class='ocr_line' id='line_1_29' title="bbox 532 2741 2114 2816; baseline 0 -18"><span class='ocrx_word' id='word_1_187' title='bbox 532 2756 692 2809; x_wconf 61' lang='grc' dir='ltr'>ιιιεκ,</span> <span class='ocrx_word' id='word_1_188' title='bbox 735 2752 798 2798; x_wconf 91' lang='lat' dir='ltr'><strong>ut</strong></span> <span class='ocrx_word' id='word_1_189' title='bbox 838 2743 1145 2808; x_wconf 88' lang='lat' dir='ltr'><strong>hominem,</strong></span> <span class='ocrx_word' id='word_1_190' title='bbox 1172 2759 1284 2798; x_wconf 92' lang='lat' dir='ltr'><strong>non</strong></span> <span class='ocrx_word' id='word_1_191' title='bbox 1311 2742 1490 2816; x_wconf 77' lang='lat' dir='ltr'><strong>solum</strong></span> <span class='ocrx_word' id='word_1_192' title='bbox 1532 2741 1672 2798; x_wconf 86' lang='lat' dir='ltr'><strong>duas</strong></span> <span class='ocrx_word' id='word_1_193' title='bbox 1715 2750 1946 2798; x_wconf 91' lang='lat' dir='ltr'><strong>naturas</strong></span> <span class='ocrx_word' id='word_1_194' title='bbox 1991 2758 2114 2799; x_wconf 85' lang='lat' dir='ltr'><strong>esse</strong></span> 
     </span>
    </p>
   </div>
   <div class='ocr_carea' id='block_1_30' title="bbox 531 2834 2117 2902">
    <p class='ocr_par' dir='ltr' id='par_1_30' title="bbox 531 2834 2117 2902">
     <span class='ocr_line' id='line_1_30' title="bbox 531 2834 2117 2902; baseline 0 -11"><span class='ocrx_word' id='word_1_195' title='bbox 531 2834 585 2886; x_wconf 84' lang='lat' dir='ltr'><strong>in</strong></span> <span class='ocrx_word' id='word_1_196' title='bbox 614 2837 838 2892; x_wconf 87' lang='lat' dir='ltr'><strong>Christo</strong></span> <span class='ocrx_word' id='word_1_197' title='bbox 867 2837 964 2893; x_wconf 88' lang='lat' dir='ltr'><strong>sed</strong></span> <span class='ocrx_word' id='word_1_198' title='bbox 997 2845 1108 2892; x_wconf 89' lang='lat' dir='ltr'><strong>tres</strong></span> <span class='ocrx_word' id='word_1_199' title='bbox 1152 2836 1340 2892; x_wconf 89' lang='lat' dir='ltr'><strong>dicere</strong></span> <span class='ocrx_word' id='word_1_200' title='bbox 1370 2835 1611 2902; x_wconf 89' lang='lat' dir='ltr'><strong>debere;</strong></span> <span class='ocrx_word' id='word_1_201' title='bbox 1647 2835 1855 2891; x_wconf 90' lang='lat' dir='ltr'><strong>etenim</strong></span> <span class='ocrx_word' id='word_1_202' title='bbox 1891 2851 2002 2891; x_wconf 90' lang='lat' dir='ltr'><strong>una</strong></span> <span class='ocrx_word' id='word_1_203' title='bbox 2031 2843 2117 2891; x_wconf 77' lang='lat' dir='ltr'><strong>est</strong></span> 
     </span>
    </p>
   </div>
   <div class='ocr_carea' id='block_1_31' title="bbox 530 2927 2115 2998">
    <p class='ocr_par' dir='ltr' id='par_1_31' title="bbox 530 2927 2115 2998">
     <span class='ocr_line' id='line_1_31' title="bbox 530 2927 2115 2998; baseline -0.001 -14"><span class='ocrx_word' id='word_1_204' title='bbox 530 2931 734 2990; x_wconf 74' lang='lat' dir='ltr'><strong>Verbi.</strong></span> <span class='ocrx_word' id='word_1_205' title='bbox 791 2932 963 2986; x_wconf 88' lang='lat' dir='ltr'><strong>altera</strong></span> <span class='ocrx_word' id='word_1_206' title='bbox 1021 2929 1217 2984; x_wconf 79' lang='lat' dir='ltr'><strong>anima:</strong></span> <span class='ocrx_word' id='word_1_207' title='bbox 1261 2928 1542 2998; x_wconf 87' lang='lat' dir='ltr'><strong>alteraque</strong></span> <span class='ocrx_word' id='word_1_208' title='bbox 1597 2935 1791 2982; x_wconf 90' lang='lat' dir='ltr'><strong>natura</strong></span> <span class='ocrx_word' id='word_1_209' title='bbox 1836 2927 2115 2997; x_wconf 90' lang='lat' dir='ltr'><strong>corporis.</strong></span> 
     </span>
    </p>
   </div>
   <div class='ocr_carea' id='block_1_32' title="bbox 533 3017 2121 3090">
    <p class='ocr_par' dir='ltr' id='par_1_32' title="bbox 533 3017 2121 3090">
     <span class='ocr_line' id='line_1_32' title="bbox 533 3017 2121 3090; baseline -0.002 -15"><span class='ocrx_word' id='word_1_210' title='bbox 533 3021 594 3076; x_wconf 85' lang='lat' dir='ltr'><strong>lli</strong></span> <span class='ocrx_word' id='word_1_211' title='bbox 627 3021 756 3078; x_wconf 87' lang='lat' dir='ltr'><strong>novi</strong></span> <span class='ocrx_word' id='word_1_212' title='bbox 786 3021 1058 3076; x_wconf 90' lang='lat' dir='ltr'><strong>malorum</strong></span> <span class='ocrx_word' id='word_1_213' title='bbox 1087 3019 1406 3075; x_wconf 88' lang='lat' dir='ltr'><strong>inventores</strong></span> <span class='ocrx_word' id='word_1_214' title='bbox 1447 3019 1542 3090; x_wconf 87' lang='lat' dir='ltr'><strong>qui</strong></span> <span class='ocrx_word' id='word_1_215' title='bbox 1573 3018 1688 3073; x_wconf 70' lang='lat' dir='ltr'><strong>haec</strong></span> <span class='ocrx_word' id='word_1_216' title='bbox 1726 3027 2003 3079; x_wconf 87' lang='lat' dir='ltr'><strong>asserunt,</strong></span> <span class='ocrx_word' id='word_1_217' title='bbox 2037 3017 2121 3073; x_wconf 91' lang='lat' dir='ltr'><strong>di-</strong></span> 
     </span>
    </p>
   </div>
   <div class='ocr_carea' id='block_1_33' title="bbox 2217 608 3814 686">
    <p class='ocr_par' dir='ltr' id='par_1_33' title="bbox 2217 608 3814 686">
     <span class='ocr_line' id='line_1_33' title="bbox 2217 608 3814 686; baseline 0.006 -25"><span class='ocrx_word' id='word_1_218' title='bbox 2217 608 2344 662; x_wconf 90' lang='grc' dir='ltr'>σθαι</span> <span class='ocrx_word' id='word_1_219' title='bbox 2387 610 2466 681; x_wconf 82' lang='grc' dir='ltr'>τῷ</span> <span class='ocrx_word' id='word_1_220' title='bbox 2499 611 2579 664; x_wconf 80' lang='grc' dir='ltr'>ἑνὶ</span> <span class='ocrx_word' id='word_1_221' title='bbox 2623 611 2716 664; x_wconf 79' lang='grc' dir='ltr'>καὶ</span> <span class='ocrx_word' id='word_1_222' title='bbox 2768 612 2889 666; x_wconf 88' lang='grc' dir='ltr'>κατ’</span> <span class='ocrx_word' id='word_1_223' title='bbox 2922 611 3182 681; x_wconf 84' lang='grc' dir='ltr'>ἀλήθειαν</span> <span class='ocrx_word' id='word_1_224' title='bbox 3235 610 3391 682; x_wconf 83' lang='grc' dir='ltr'>Υίῷ,</span> <span class='ocrx_word' id='word_1_225' title='bbox 3436 613 3533 669; x_wconf 73' lang='grc' dir='ltr'><strong>καὶ</strong></span> <span class='ocrx_word' id='word_1_226' title='bbox 3593 615 3659 668; x_wconf 78' lang='grc' dir='ltr'>τὸ</span> <span class='ocrx_word' id='word_1_227' title='bbox 3726 618 3814 686; x_wconf 82' lang='grc' dir='ltr'>μὴ</span> 
     </span>
    </p>
   </div>
   <div class='ocr_carea' id='block_1_34' title="bbox 2216 703 3808 779">
    <p class='ocr_par' dir='ltr' id='par_1_34' title="bbox 2216 703 3808 779">
     <span class='ocr_line' id='line_1_34' title="bbox 2216 703 3808 779; baseline 0.003 -23"><span class='ocrx_word' id='word_1_228' title='bbox 2216 703 2450 774; x_wconf 81' lang='grc' dir='ltr'><strong>πάσχειν</strong></span> <span class='ocrx_word' id='word_1_229' title='bbox 2469 705 2686 770; x_wconf 86' lang='grc' dir='ltr'>θεῖκῶς,</span> <span class='ocrx_word' id='word_1_230' title='bbox 2705 708 2799 759; x_wconf 73' lang='grc' dir='ltr'>καὶ</span> <span class='ocrx_word' id='word_1_231' title='bbox 2815 705 2875 758; x_wconf 86' lang='grc' dir='ltr'>τὸ</span> <span class='ocrx_word' id='word_1_232' title='bbox 2886 706 3138 773; x_wconf 87' lang='grc' dir='ltr'>λέγεσθαι</span> <span class='ocrx_word' id='word_1_233' title='bbox 3158 705 3350 759; x_wconf 79' lang='grc' dir='ltr'>παθεῖν</span> <span class='ocrx_word' id='word_1_234' title='bbox 3367 706 3746 778; x_wconf 72' lang='grc' dir='ltr'>ἀνθρωπίνωςο</span> <span class='ocrx_word' id='word_1_235' title='bbox 3765 711 3808 779; x_wconf 79' lang='grc' dir='ltr'><strong>ἡ</strong></span> 
     </span>
    </p>
   </div>
   <div class='ocr_carea' id='block_1_35' title="bbox 2215 796 3813 871">
    <p class='ocr_par' dir='ltr' id='par_1_35' title="bbox 2215 796 3813 871">
     <span class='ocr_line' id='line_1_35' title="bbox 2215 796 3813 871; baseline 0.003 -23"><span class='ocrx_word' id='word_1_236' title='bbox 2215 796 2382 849; x_wconf 86' lang='grc' dir='ltr'>αὑτοῦ</span> <span class='ocrx_word' id='word_1_237' title='bbox 2401 797 2509 868; x_wconf 82' lang='grc' dir='ltr'>γὰρ</span> <span class='ocrx_word' id='word_1_238' title='bbox 2523 797 2761 852; x_wconf 80' lang='grc' dir='ltr'>πέπονθε</span> <span class='ocrx_word' id='word_1_239' title='bbox 2779 798 2936 870; x_wconf 82' lang='grc' dir='ltr'>σάρξ.</span> <span class='ocrx_word' id='word_1_240' title='bbox 2961 817 2980 850; x_wconf 77' lang='lat' dir='ltr'><strong>s</strong></span> <span class='ocrx_word' id='word_1_241' title='bbox 2997 799 3168 868; x_wconf 79' lang='grc' dir='ltr'>Δῆλον</span> <span class='ocrx_word' id='word_1_242' title='bbox 3179 798 3361 852; x_wconf 83' lang='grc' dir='ltr'>τοίνυν</span> <span class='ocrx_word' id='word_1_243' title='bbox 3375 801 3440 853; x_wconf 83' lang='grc' dir='ltr'>ὲκ</span> <span class='ocrx_word' id='word_1_244' title='bbox 3454 799 3813 871; x_wconf 72' lang='grc' dir='ltr'>τῶνείρημέο</span> 
     </span>
    </p>
   </div>
   <div class='ocr_carea' id='block_1_36' title="bbox 2215 890 3812 962">
    <p class='ocr_par' dir='ltr' id='par_1_36' title="bbox 2215 890 3812 962">
     <span class='ocr_line' id='line_1_36' title="bbox 2215 890 3812 962; baseline 0.003 -20"><span class='ocrx_word' id='word_1_245' title='bbox 2215 907 2343 954; x_wconf 90' lang='grc' dir='ltr'>νων,</span> <span class='ocrx_word' id='word_1_246' title='bbox 2367 890 2451 944; x_wconf 77' lang='grc' dir='ltr'><strong>ὅτι</strong></span> <span class='ocrx_word' id='word_1_247' title='bbox 2478 891 2536 944; x_wconf 80' lang='lat' dir='ltr'><strong>ai</strong></span> <span class='ocrx_word' id='word_1_248' title='bbox 2553 890 2648 944; x_wconf 89' lang='grc' dir='ltr'><strong>δύο</strong></span> <span class='ocrx_word' id='word_1_249' title='bbox 2675 890 2868 961; x_wconf 85' lang='grc' dir='ltr'>φύσεις</span> <span class='ocrx_word' id='word_1_250' title='bbox 2895 893 3181 946; x_wconf 79' lang='grc' dir='ltr'><strong>τουτέστιν</strong></span> <span class='ocrx_word' id='word_1_251' title='bbox 3203 893 3236 962; x_wconf 80' lang='grc' dir='ltr'><strong>ἡ</strong></span> <span class='ocrx_word' id='word_1_252' title='bbox 3259 890 3381 947; x_wconf 89' lang='grc' dir='ltr'>θεία</span> <span class='ocrx_word' id='word_1_253' title='bbox 3395 910 3454 945; x_wconf 92' lang='grc' dir='ltr'><strong>τε</strong></span> <span class='ocrx_word' id='word_1_254' title='bbox 3477 893 3574 946; x_wconf 72' lang='grc' dir='ltr'>καὶ</span> <span class='ocrx_word' id='word_1_255' title='bbox 3592 893 3812 962; x_wconf 72' lang='grc' dir='ltr'>ἀνθρωο</span> 
     </span>
    </p>
   </div>
   <div class='ocr_carea' id='block_1_37' title="bbox 2214 983 3810 1056">
    <p class='ocr_par' dir='ltr' id='par_1_37' title="bbox 2214 983 3810 1056">
     <span class='ocr_line' id='line_1_37' title="bbox 2214 983 3810 1056; baseline 0.002 -21"><span class='ocrx_word' id='word_1_256' title='bbox 2214 983 2370 1052; x_wconf 84' lang='grc' dir='ltr'>πίνη,</span> <span class='ocrx_word' id='word_1_257' title='bbox 2394 984 2452 1035; x_wconf 86' lang='grc' dir='ltr'>ὲν</span> <span class='ocrx_word' id='word_1_258' title='bbox 2472 985 2539 1054; x_wconf 82' lang='grc' dir='ltr'>τῇ</span> <span class='ocrx_word' id='word_1_259' title='bbox 2563 985 2663 1054; x_wconf 80' lang='grc' dir='ltr'>μιᾷ</span> <span class='ocrx_word' id='word_1_260' title='bbox 2689 984 3012 1049; x_wconf 81' lang='grc' dir='ltr'><strong>ὑποστάσει,</strong></span> <span class='ocrx_word' id='word_1_261' title='bbox 3037 985 3174 1054; x_wconf 83' lang='grc' dir='ltr'>ὅπερ</span> <span class='ocrx_word' id='word_1_262' title='bbox 3201 986 3348 1038; x_wconf 77' lang='grc' dir='ltr'>ἐστὶν</span> <span class='ocrx_word' id='word_1_263' title='bbox 3365 987 3422 1038; x_wconf 86' lang='grc' dir='ltr'>ὲν</span> <span class='ocrx_word' id='word_1_264' title='bbox 3445 985 3524 1054; x_wconf 85' lang='grc' dir='ltr'><strong>τῷ</strong></span> <span class='ocrx_word' id='word_1_265' title='bbox 3545 985 3624 1038; x_wconf 74' lang='grc' dir='ltr'><strong>ἐνὶ</strong></span> <span class='ocrx_word' id='word_1_266' title='bbox 3642 1002 3810 1056; x_wconf 86' lang='grc' dir='ltr'>προσ-</span> 
     </span>
    </p>
   </div>
   <div class='ocr_carea' id='block_1_38' title="bbox 2213 1073 3806 1149">
    <p class='ocr_par' dir='ltr' id='par_1_38' title="bbox 2213 1073 3806 1149">
     <span class='ocr_line' id='line_1_38' title="bbox 2213 1073 3806 1149; baseline 0.003 -24"><span class='ocrx_word' id='word_1_267' title='bbox 2213 1073 2348 1144; x_wconf 78' lang='grc' dir='ltr'><strong>ώπῳ</strong></span> <span class='ocrx_word' id='word_1_268' title='bbox 2377 1075 2468 1128; x_wconf 86' lang='grc' dir='ltr'><strong>τοῦ</strong></span> <span class='ocrx_word' id='word_1_269' title='bbox 2501 1075 2826 1146; x_wconf 78' lang='grc' dir='ltr'>μονογενοῦς</span> <span class='ocrx_word' id='word_1_270' title='bbox 2846 1075 2976 1129; x_wconf 79' lang='grc' dir='ltr'>Υίοῦ</span> <span class='ocrx_word' id='word_1_271' title='bbox 3001 1077 3096 1130; x_wconf 91' lang='grc' dir='ltr'><strong>τοῦ</strong></span> <span class='ocrx_word' id='word_1_272' title='bbox 3123 1076 3258 1131; x_wconf 84' lang='grc' dir='ltr'>Θεοῦ</span> <span class='ocrx_word' id='word_1_273' title='bbox 3277 1075 3374 1131; x_wconf 86' lang='grc' dir='ltr'><strong>τοῦ</strong></span> <span class='ocrx_word' id='word_1_274' title='bbox 3401 1077 3607 1146; x_wconf 86' lang='grc' dir='ltr'>Κυρίου</span> <span class='ocrx_word' id='word_1_275' title='bbox 3641 1076 3806 1149; x_wconf 78' lang='grc' dir='ltr'>ἡμῶν</span> 
     </span>
    </p>
   </div>
   <div class='ocr_carea' id='block_1_39' title="bbox 2225 1165 3805 1239">
    <p class='ocr_par' dir='ltr' id='par_1_39' title="bbox 2225 1165 3805 1239">
     <span class='ocr_line' id='line_1_39' title="bbox 2225 1165 3805 1239; baseline 0.003 -20"><span class='ocrx_word' id='word_1_276' title='bbox 2225 1165 2401 1236; x_wconf 84' lang='grc' dir='ltr'>Ἰησοῦ</span> <span class='ocrx_word' id='word_1_277' title='bbox 2427 1165 2667 1237; x_wconf 83' lang='grc' dir='ltr'>Χριστοῦ</span> <span class='ocrx_word' id='word_1_278' title='bbox 2691 1165 2959 1230; x_wconf 79' lang='grc' dir='ltr'>σώζονται</span> <span class='ocrx_word' id='word_1_279' title='bbox 2987 1185 3003 1199; x_wconf 71' lang='grc' dir='ltr'><strong>ο</strong></span> <span class='ocrx_word' id='word_1_280' title='bbox 3035 1169 3188 1236; x_wconf 83' lang='grc' dir='ltr'>λέγει</span> <span class='ocrx_word' id='word_1_281' title='bbox 3217 1171 3350 1238; x_wconf 76' lang='grc' dir='ltr'>γάρ,</span> <span class='ocrx_word' id='word_1_282' title='bbox 3383 1169 3515 1223; x_wconf 80' lang='grc' dir='ltr'>δεῖν</span> <span class='ocrx_word' id='word_1_283' title='bbox 3541 1171 3805 1239; x_wconf 65' lang='grc' dir='ltr'>ἀμφότε-</span> 
     </span>
    </p>
   </div>
   <div class='ocr_carea' id='block_1_40' title="bbox 2181 1256 3804 1332">
    <p class='ocr_par' dir='ltr' id='par_1_40' title="bbox 2181 1256 3804 1332">
     <span class='ocr_line' id='line_1_40' title="bbox 2181 1256 3804 1332; baseline 0.002 -22"><span class='ocrx_word' id='word_1_284' title='bbox 2181 1301 2184 1304; x_wconf 90' lang='grc'><strong>.</strong></span> <span class='ocrx_word' id='word_1_285' title='bbox 2204 1274 2288 1324; x_wconf 84' lang='lat' dir='ltr'><strong>pa</strong></span> <span class='ocrx_word' id='word_1_286' title='bbox 2315 1256 2605 1317; x_wconf 62' lang='lat' dir='ltr'><strong>adite-aaut</strong></span> <span class='ocrx_word' id='word_1_287' title='bbox 2633 1257 2712 1323; x_wconf 77' lang='grc' dir='ltr'>τῷ</span> <span class='ocrx_word' id='word_1_288' title='bbox 2737 1258 2828 1311; x_wconf 78' lang='grc' dir='ltr'><strong>ἐνὶ</strong></span> <span class='ocrx_word' id='word_1_289' title='bbox 2857 1259 2956 1313; x_wconf 77' lang='grc' dir='ltr'>καὶ</span> <span class='ocrx_word' id='word_1_290' title='bbox 2982 1259 3132 1314; x_wconf 82' lang='grc' dir='ltr'>κατὰ</span> <span class='ocrx_word' id='word_1_291' title='bbox 3155 1261 3446 1328; x_wconf 75' lang='grc' dir='ltr'>ἀλήθειαν</span> <span class='ocrx_word' id='word_1_292' title='bbox 3472 1261 3602 1326; x_wconf 78' lang='grc' dir='ltr'><strong>Υιῷ.</strong></span> <span class='ocrx_word' id='word_1_293' title='bbox 3623 1261 3804 1332; x_wconf 79' lang='grc' dir='ltr'>Προσο</span> 
     </span>
    </p>
   </div>
   <div class='ocr_carea' id='block_1_41' title="bbox 2143 1870 2186 1924">
    <p class='ocr_par' dir='ltr' id='par_1_41' title="bbox 2143 1870 2186 1924">
     <span class='ocr_line' id='line_1_41' title="bbox 2143 1870 2186 1924; baseline 0 0"><span class='ocrx_word' id='word_1_294' title='bbox 2143 1870 2186 1924; x_wconf 83' lang='grc' dir='ltr'><strong>Β</strong></span> 
     </span>
    </p>
   </div>
   <div class='ocr_carea' id='block_1_42' title="bbox 529 3110 2186 3199">
    <p class='ocr_par' dir='ltr' id='par_1_42' title="bbox 529 3110 2186 3199">
     <span class='ocr_line' id='line_1_42' title="bbox 529 3110 2186 3199; baseline -0.002 -31"><span class='ocrx_word' id='word_1_295' title='bbox 529 3121 660 3168; x_wconf 93' lang='lat' dir='ltr'><strong>cant</strong></span> <span class='ocrx_word' id='word_1_296' title='bbox 708 3113 998 3168; x_wconf 90' lang='lat' dir='ltr'><strong>nobiscum</strong></span> <span class='ocrx_word' id='word_1_297' title='bbox 1051 3110 1484 3176; x_wconf 89' lang='lat' dir='ltr'><strong>consentiendo,</strong></span> <span class='ocrx_word' id='word_1_298' title='bbox 1534 3125 1601 3165; x_wconf 77' lang='lat' dir='ltr'><strong>ex</strong></span> <span class='ocrx_word' id='word_1_299' title='bbox 1634 3110 1850 3165; x_wconf 89' lang='lat' dir='ltr'><strong>duabus</strong></span> <span class='ocrx_word' id='word_1_300' title='bbox 1896 3110 2116 3165; x_wconf 89' lang='lat' dir='ltr'><strong>naturis</strong></span> <span class='ocrx_word' id='word_1_301' title='bbox 2143 3140 2186 3199; x_wconf 66' lang='grc' dir='ltr'>α</span> 
     </span>
    </p>
   </div>
   <div class='ocr_carea' id='block_1_43' title="bbox 529 3202 2113 3274">
    <p class='ocr_par' dir='ltr' id='par_1_43' title="bbox 529 3202 2113 3274">
     <span class='ocr_line' id='line_1_43' title="bbox 529 3202 2113 3274; baseline -0.002 -14"><span class='ocrx_word' id='word_1_302' title='bbox 529 3213 782 3261; x_wconf 84' lang='lat' dir='ltr'><strong>constare</strong></span> <span class='ocrx_word' id='word_1_303' title='bbox 840 3203 1159 3268; x_wconf 86' lang='lat' dir='ltr'><strong>Christum,</strong></span> <span class='ocrx_word' id='word_1_304' title='bbox 1223 3203 1504 3274; x_wconf 91' lang='lat' dir='ltr'><strong>quomodo</strong></span> <span class='ocrx_word' id='word_1_305' title='bbox 1561 3202 1707 3258; x_wconf 91' lang='lat' dir='ltr'><strong>istud</strong></span> <span class='ocrx_word' id='word_1_306' title='bbox 1765 3203 2113 3274; x_wconf 81' lang='lat' dir='ltr'><strong>intelligant?</strong></span> 
     </span>
    </p>
   </div>
   <div class='ocr_carea' id='block_1_44' title="bbox 529 3296 2110 3370">
    <p class='ocr_par' dir='ltr' id='par_1_44' title="bbox 529 3296 2110 3370">
     <span class='ocr_line' id='line_1_44' title="bbox 529 3296 2110 3370; baseline -0.003 -16"><span class='ocrx_word' id='word_1_307' title='bbox 529 3297 817 3366; x_wconf 84' lang='lat' dir='ltr'><strong>Quomodo</strong></span> <span class='ocrx_word' id='word_1_308' title='bbox 839 3296 1005 3370; x_wconf 79' lang='lat' dir='ltr'><strong>igitur</strong></span> <span class='ocrx_word' id='word_1_309' title='bbox 1031 3305 1186 3353; x_wconf 86' lang='lat' dir='ltr'><strong>extra</strong></span> <span class='ocrx_word' id='word_1_310' title='bbox 1223 3312 1426 3369; x_wconf 84' lang='lat' dir='ltr'><strong>corpus</strong></span> <span class='ocrx_word' id='word_1_311' title='bbox 1462 3297 1703 3351; x_wconf 89' lang='lat' dir='ltr'><strong>animam</strong></span> <span class='ocrx_word' id='word_1_312' title='bbox 1739 3305 1977 3368; x_wconf 87' lang='lat' dir='ltr'><strong>raptam,</strong></span> <span class='ocrx_word' id='word_1_313' title='bbox 2013 3312 2110 3351; x_wconf 87' lang='lat' dir='ltr'><strong>seu</strong></span> 
     </span>
    </p>
   </div>
   <div class='ocr_carea' id='block_1_45' title="bbox 527 3389 2112 3463">
    <p class='ocr_par' dir='ltr' id='par_1_45' title="bbox 527 3389 2112 3463">
     <span class='ocr_line' id='line_1_45' title="bbox 527 3389 2112 3463; baseline -0.004 -14"><span class='ocrx_word' id='word_1_314' title='bbox 527 3407 733 3463; x_wconf 89' lang='lat' dir='ltr'><strong>corpus</strong></span> <span class='ocrx_word' id='word_1_315' title='bbox 781 3391 988 3461; x_wconf 86' lang='lat' dir='ltr'><strong>absque</strong></span> <span class='ocrx_word' id='word_1_316' title='bbox 1033 3389 1218 3446; x_wconf 88' lang='lat' dir='ltr'><strong>anima</strong></span> <span class='ocrx_word' id='word_1_317' title='bbox 1249 3389 1598 3461; x_wconf 84' lang='lat' dir='ltr'><strong>intelligunt?</strong></span> <span class='ocrx_word' id='word_1_318' title='bbox 1635 3389 1809 3446; x_wconf 87' lang='lat' dir='ltr'><strong>Unam</strong></span> <span class='ocrx_word' id='word_1_319' title='bbox 1853 3389 2002 3445; x_wconf 90' lang='lat' dir='ltr'><strong>enim</strong></span> <span class='ocrx_word' id='word_1_320' title='bbox 2045 3404 2112 3444; x_wconf 82' lang='lat' dir='ltr'><strong>ex</strong></span> 
     </span>
    </p>
   </div>
   <div class='ocr_carea' id='block_1_46' title="bbox 529 3480 2111 3540">
    <p class='ocr_par' dir='ltr' id='par_1_46' title="bbox 529 3480 2111 3540">
     <span class='ocr_line' id='line_1_46' title="bbox 529 3480 2111 3540; baseline -0.003 0"><span class='ocrx_word' id='word_1_321' title='bbox 529 3485 617 3540; x_wconf 91' lang='lat' dir='ltr'><strong>his</strong></span> <span class='ocrx_word' id='word_1_322' title='bbox 644 3483 897 3540; x_wconf 88' lang='lat' dir='ltr'><strong>stultitiis</strong></span> <span class='ocrx_word' id='word_1_323' title='bbox 932 3490 1082 3538; x_wconf 87' lang='lat' dir='ltr'><strong>certe</strong></span> <span class='ocrx_word' id='word_1_324' title='bbox 1112 3480 1366 3538; x_wconf 77' lang='lat' dir='ltr'><strong>aﬁ‘erent.</strong></span> <span class='ocrx_word' id='word_1_325' title='bbox 1403 3481 1460 3538; x_wconf 90' lang='lat' dir='ltr'><strong>Si</strong></span> <span class='ocrx_word' id='word_1_326' title='bbox 1489 3497 1620 3536; x_wconf 86' lang='lat' dir='ltr'><strong>vero</strong></span> <span class='ocrx_word' id='word_1_327' title='bbox 1654 3482 1796 3536; x_wconf 89' lang='lat' dir='ltr'><strong>hanc</strong></span> <span class='ocrx_word' id='word_1_328' title='bbox 1822 3481 2111 3536; x_wconf 80' lang='lat' dir='ltr'><strong>stultitiam</strong></span> 
     </span>
    </p>
   </div>
   <div class='ocr_carea' id='block_1_47' title="bbox 527 3571 2112 3642">
    <p class='ocr_par' dir='ltr' id='par_1_47' title="bbox 527 3571 2112 3642">
     <span class='ocr_line' id='line_1_47' title="bbox 527 3571 2112 3642; baseline 0 -14"><span class='ocrx_word' id='word_1_329' title='bbox 527 3573 888 3635; x_wconf 74' lang='lat' dir='ltr'><strong>declinantes,</strong></span> <span class='ocrx_word' id='word_1_330' title='bbox 915 3571 1158 3626; x_wconf 91' lang='lat' dir='ltr'><strong>animam</strong></span> <span class='ocrx_word' id='word_1_331' title='bbox 1190 3587 1255 3627; x_wconf 90' lang='lat' dir='ltr'><strong>ac</strong></span> <span class='ocrx_word' id='word_1_332' title='bbox 1286 3586 1490 3642; x_wconf 91' lang='lat' dir='ltr'><strong>corpus</strong></span> <span class='ocrx_word' id='word_1_333' title='bbox 1521 3571 1626 3627; x_wconf 88' lang='lat' dir='ltr'><strong>sibi</strong></span> <span class='ocrx_word' id='word_1_334' title='bbox 1656 3572 1902 3642; x_wconf 89' lang='lat' dir='ltr'><strong>rapuisse</strong></span> <span class='ocrx_word' id='word_1_335' title='bbox 1927 3572 2112 3628; x_wconf 52' lang='lat' dir='ltr'><strong>Domi.</strong></span> 
     </span>
    </p>
   </div>
   <div class='ocr_carea' id='block_1_48' title="bbox 528 3664 2113 3735">
    <p class='ocr_par' dir='ltr' id='par_1_48' title="bbox 528 3664 2113 3735">
     <span class='ocr_line' id='line_1_48' title="bbox 528 3664 2113 3735; baseline 0 -16"><span class='ocrx_word' id='word_1_336' title='bbox 528 3681 660 3720; x_wconf 90' lang='lat' dir='ltr'><strong>num</strong></span> <span class='ocrx_word' id='word_1_337' title='bbox 704 3665 933 3730; x_wconf 90' lang='lat' dir='ltr'><strong>dicunt,</strong></span> <span class='ocrx_word' id='word_1_338' title='bbox 988 3665 1089 3735; x_wconf 91' lang='lat' dir='ltr'><strong>ipsi</strong></span> <span class='ocrx_word' id='word_1_339' title='bbox 1142 3665 1384 3735; x_wconf 90' lang='lat' dir='ltr'><strong>propriis</strong></span> <span class='ocrx_word' id='word_1_340' title='bbox 1436 3665 1651 3720; x_wconf 88' lang='lat' dir='ltr'><strong>retibus</strong></span> <span class='ocrx_word' id='word_1_341' title='bbox 1709 3664 1993 3734; x_wconf 87' lang='lat' dir='ltr'><strong>impediti,</strong></span> <span class='ocrx_word' id='word_1_342' title='bbox 2045 3681 2113 3722; x_wconf 80' lang='lat' dir='ltr'><strong>ex</strong></span> 
     </span>
    </p>
   </div>
   <div class='ocr_carea' id='block_1_49' title="bbox 528 3755 2115 3814">
    <p class='ocr_par' dir='ltr' id='par_1_49' title="bbox 528 3755 2115 3814">
     <span class='ocr_line' id='line_1_49' title="bbox 528 3755 2115 3814; baseline -0.001 -1"><span class='ocrx_word' id='word_1_343' title='bbox 528 3759 709 3813; x_wconf 91' lang='lat' dir='ltr'><strong>tribus</strong></span> <span class='ocrx_word' id='word_1_344' title='bbox 731 3757 947 3813; x_wconf 91' lang='lat' dir='ltr'><strong>naturis</strong></span> <span class='ocrx_word' id='word_1_345' title='bbox 972 3768 1229 3814; x_wconf 85' lang='lat' dir='ltr'><strong>constare</strong></span> <span class='ocrx_word' id='word_1_346' title='bbox 1249 3756 1530 3813; x_wconf 89' lang='lat' dir='ltr'><strong>Christum</strong></span> <span class='ocrx_word' id='word_1_347' title='bbox 1555 3757 1738 3813; x_wconf 88' lang='lat' dir='ltr'><strong>dicere</strong></span> <span class='ocrx_word' id='word_1_348' title='bbox 1762 3757 1938 3813; x_wconf 91' lang='lat' dir='ltr'><strong>coacti</strong></span> <span class='ocrx_word' id='word_1_349' title='bbox 1961 3755 2115 3812; x_wconf 85' lang='lat' dir='ltr'><strong>vide-</strong></span> 
     </span>
    </p>
   </div>
   <div class='ocr_carea' id='block_1_50' title="bbox 527 3850 2115 3921">
    <p class='ocr_par' dir='ltr' id='par_1_50' title="bbox 527 3850 2115 3921">
     <span class='ocr_line' id='line_1_50' title="bbox 527 3850 2115 3921; baseline 0 -15"><span class='ocrx_word' id='word_1_350' title='bbox 527 3851 755 3906; x_wconf 90' lang='lat' dir='ltr'><strong>buntur.</strong></span> <span class='ocrx_word' id='word_1_351' title='bbox 786 3850 1256 3921; x_wconf 81' lang='lat' dir='ltr'><strong>lgnorantautem</strong></span> <span class='ocrx_word' id='word_1_352' title='bbox 1287 3866 1487 3906; x_wconf 89' lang='lat' dir='ltr'><strong>nomen</strong></span> <span class='ocrx_word' id='word_1_353' title='bbox 1521 3851 1696 3916; x_wconf 85' lang='lat' dir='ltr'><strong>homo,</strong></span> <span class='ocrx_word' id='word_1_354' title='bbox 1734 3851 1946 3920; x_wconf 82' lang='lat' dir='ltr'><strong>absque</strong></span> <span class='ocrx_word' id='word_1_355' title='bbox 1985 3866 2115 3921; x_wconf 81' lang='lat' dir='ltr'><strong>pro-</strong></span> 
     </span>
    </p>
   </div>
   <div class='ocr_carea' id='block_1_51' title="bbox 530 3942 2112 4013">
    <p class='ocr_par' dir='ltr' id='par_1_51' title="bbox 530 3942 2112 4013">
     <span class='ocr_line' id='line_1_51' title="bbox 530 3942 2112 4013; baseline 0.002 -17"><span class='ocrx_word' id='word_1_356' title='bbox 530 3942 860 4012; x_wconf 89' lang='lat' dir='ltr'><strong>prietatibus</strong></span> <span class='ocrx_word' id='word_1_357' title='bbox 911 3949 1196 4013; x_wconf 89' lang='lat' dir='ltr'><strong>sumptum</strong></span> <span class='ocrx_word' id='word_1_358' title='bbox 1223 3983 1240 4009; x_wconf 91' lang='lat'><strong>,</strong></span> <span class='ocrx_word' id='word_1_359' title='bbox 1281 3943 1336 3997; x_wconf 90' lang='lat' dir='ltr'><strong>in</strong></span> <span class='ocrx_word' id='word_1_360' title='bbox 1389 3942 1669 3998; x_wconf 88' lang='lat' dir='ltr'><strong>communi</strong></span> <span class='ocrx_word' id='word_1_361' title='bbox 1710 3942 2112 4013; x_wconf 75' lang='lat' dir='ltr'><strong>signiﬁcatione</strong></span> 
     </span>
    </p>
   </div>
   <div class='ocr_carea' id='block_1_52' title="bbox 529 4032 2110 4105">
    <p class='ocr_par' dir='ltr' id='par_1_52' title="bbox 529 4032 2110 4105">
     <span class='ocr_line' id='line_1_52' title="bbox 529 4032 2110 4105; baseline 0.001 -18"><span class='ocrx_word' id='word_1_362' title='bbox 529 4033 696 4098; x_wconf 90' lang='lat' dir='ltr'><strong>sumi,</strong></span> <span class='ocrx_word' id='word_1_363' title='bbox 731 4033 1057 4088; x_wconf 68' lang='lat' dir='ltr'><strong>substantiae</strong></span> <span class='ocrx_word' id='word_1_364' title='bbox 1094 4032 1213 4088; x_wconf 86' lang='lat' dir='ltr'><strong>sive</strong></span> <span class='ocrx_word' id='word_1_365' title='bbox 1253 4042 1466 4088; x_wconf 66' lang='lat' dir='ltr'><strong>naturae</strong></span> <span class='ocrx_word' id='word_1_366' title='bbox 1497 4048 1618 4088; x_wconf 86' lang='lat' dir='ltr'><strong>esse</strong></span> <span class='ocrx_word' id='word_1_367' title='bbox 1659 4033 2110 4105; x_wconf 80' lang='lat' dir='ltr'><strong>signiﬁcativum,</strong></span> 
     </span>
    </p>
   </div>
   <div class='ocr_carea' id='block_1_53' title="bbox 528 4124 2112 4197">
    <p class='ocr_par' dir='ltr' id='par_1_53' title="bbox 528 4124 2112 4197">
     <span class='ocr_line' id='line_1_53' title="bbox 528 4124 2112 4197; baseline 0.001 -18"><span class='ocrx_word' id='word_1_368' title='bbox 528 4140 593 4179; x_wconf 90' lang='lat' dir='ltr'><strong>ac</strong></span> <span class='ocrx_word' id='word_1_369' title='bbox 623 4124 692 4180; x_wconf 90' lang='lat' dir='ltr'><strong>de</strong></span> <span class='ocrx_word' id='word_1_370' title='bbox 721 4125 911 4180; x_wconf 89' lang='lat' dir='ltr'><strong>multis</strong></span> <span class='ocrx_word' id='word_1_371' title='bbox 934 4125 1327 4197; x_wconf 87' lang='lat' dir='ltr'><strong>hypostasibus</strong></span> <span class='ocrx_word' id='word_1_372' title='bbox 1357 4124 1503 4190; x_wconf 91' lang='lat' dir='ltr'><strong>dici;</strong></span> <span class='ocrx_word' id='word_1_373' title='bbox 1533 4140 1658 4180; x_wconf 91' lang='lat' dir='ltr'><strong>cum</strong></span> <span class='ocrx_word' id='word_1_374' title='bbox 1685 4141 1816 4180; x_wconf 89' lang='lat' dir='ltr'><strong>vero</strong></span> <span class='ocrx_word' id='word_1_375' title='bbox 1831 4125 2112 4181; x_wconf 90' lang='lat' dir='ltr'><strong>communi</strong></span> 
     </span>
    </p>
   </div>
   <div class='ocr_carea' id='block_1_54' title="bbox 527 4213 2112 4284">
    <p class='ocr_par' dir='ltr' id='par_1_54' title="bbox 527 4213 2112 4284">
     <span class='ocr_line' id='line_1_54' title="bbox 527 4213 2112 4284; baseline 0.003 -16"><span class='ocrx_word' id='word_1_376' title='bbox 527 4213 921 4284; x_wconf 80' lang='lat' dir='ltr'><strong>signiﬁcationi</strong></span> <span class='ocrx_word' id='word_1_377' title='bbox 968 4214 1335 4284; x_wconf 89' lang='lat' dir='ltr'><strong>proprietates</strong></span> <span class='ocrx_word' id='word_1_378' title='bbox 1368 4214 1568 4271; x_wconf 63' lang='lat' dir='ltr'><strong>additae</strong></span> <span class='ocrx_word' id='word_1_379' title='bbox 1605 4225 1755 4281; x_wconf 88' lang='lat' dir='ltr'><strong>sunt,</strong></span> <span class='ocrx_word' id='word_1_380' title='bbox 1804 4225 1935 4272; x_wconf 92' lang='lat' dir='ltr'><strong>tunc</strong></span> <span class='ocrx_word' id='word_1_381' title='bbox 1971 4216 2112 4273; x_wconf 80' lang='lat' dir='ltr'><strong>eliici</strong></span> 
     </span>
    </p>
   </div>
   <div class='ocr_carea' id='block_1_55' title="bbox 529 4302 2115 4374">
    <p class='ocr_par' dir='ltr' id='par_1_55' title="bbox 529 4302 2115 4374">
     <span class='ocr_line' id='line_1_55' title="bbox 529 4302 2115 4374; baseline 0.004 -18"><span class='ocrx_word' id='word_1_382' title='bbox 529 4302 894 4374; x_wconf 85' lang='lat' dir='ltr'><strong>hypostasim,</strong></span> <span class='ocrx_word' id='word_1_383' title='bbox 924 4303 1341 4358; x_wconf 89' lang='lat' dir='ltr'><strong>distinctionem</strong></span> <span class='ocrx_word' id='word_1_384' title='bbox 1389 4319 1624 4374; x_wconf 83' lang='lat' dir='ltr'><strong>quoque</strong></span> <span class='ocrx_word' id='word_1_385' title='bbox 1651 4305 1848 4362; x_wconf 76' lang='lat' dir='ltr'><strong>animae</strong></span> <span class='ocrx_word' id='word_1_386' title='bbox 1886 4314 1943 4362; x_wconf 90' lang='lat' dir='ltr'><strong>et</strong></span> <span class='ocrx_word' id='word_1_387' title='bbox 1987 4323 2115 4363; x_wconf 87' lang='lat' dir='ltr'><strong>cor-</strong></span> 
     </span>
    </p>
   </div>
   <div class='ocr_carea' id='block_1_56' title="bbox 531 4393 2113 4471">
    <p class='ocr_par' dir='ltr' id='par_1_56' title="bbox 531 4393 2113 4471">
     <span class='ocr_line' id='line_1_56' title="bbox 531 4393 2113 4471; baseline 0.003 -21"><span class='ocrx_word' id='word_1_388' title='bbox 531 4395 681 4464; x_wconf 89' lang='lat' dir='ltr'><strong>poris</strong></span> <span class='ocrx_word' id='word_1_389' title='bbox 726 4395 986 4466; x_wconf 80' lang='lat' dir='ltr'><strong>agnosci;</strong></span> <span class='ocrx_word' id='word_1_390' title='bbox 1021 4393 1248 4450; x_wconf 86' lang='lat' dir='ltr'><strong>traditio</strong></span> <span class='ocrx_word' id='word_1_391' title='bbox 1285 4395 1432 4450; x_wconf 90' lang='lat' dir='ltr'><strong>enim</strong></span> <span class='ocrx_word' id='word_1_392' title='bbox 1475 4397 1776 4466; x_wconf 89' lang='lat' dir='ltr'><strong>apostolica</strong></span> <span class='ocrx_word' id='word_1_393' title='bbox 1812 4407 2113 4471; x_wconf 91' lang='lat' dir='ltr'><strong>utrumque</strong></span> 
     </span>
    </p>
   </div>
   <div class='ocr_carea' id='block_1_57' title="bbox 2215 1350 3802 1426">
    <p class='ocr_par' dir='ltr' id='par_1_57' title="bbox 2215 1350 3802 1426">
     <span class='ocr_line' id='line_1_57' title="bbox 2215 1350 3802 1426; baseline 0.002 -24"><span class='ocrx_word' id='word_1_394' title='bbox 2215 1350 2468 1420; x_wconf 85' lang='grc' dir='ltr'>κείμενον</span> <span class='ocrx_word' id='word_1_395' title='bbox 2522 1350 2580 1404; x_wconf 82' lang='grc' dir='ltr'>δὲ</span> <span class='ocrx_word' id='word_1_396' title='bbox 2615 1350 2676 1404; x_wconf 80' lang='grc' dir='ltr'><strong>τὸ</strong></span> <span class='ocrx_word' id='word_1_397' title='bbox 2720 1351 2830 1405; x_wconf 87' lang='grc' dir='ltr'>δεῖν</span> <span class='ocrx_word' id='word_1_398' title='bbox 2861 1353 2963 1423; x_wconf 81' lang='grc' dir='ltr'>τὴν</span> <span class='ocrx_word' id='word_1_399' title='bbox 3010 1354 3402 1426; x_wconf 68' lang='grc' dir='ltr'>ἀναντίρρητον</span> <span class='ocrx_word' id='word_1_400' title='bbox 3451 1353 3619 1408; x_wconf 87' lang='grc' dir='ltr'>αὑτοῦ</span> <span class='ocrx_word' id='word_1_401' title='bbox 3667 1352 3802 1424; x_wconf 62' lang='grc' dir='ltr'><strong>περὶ⁸</strong></span> 
     </span>
    </p>
   </div>
   <div class='ocr_carea' id='block_1_58' title="bbox 2214 1441 3801 1516">
    <p class='ocr_par' dir='ltr' id='par_1_58' title="bbox 2214 1441 3801 1516">
     <span class='ocr_line' id='line_1_58' title="bbox 2214 1441 3801 1516; baseline 0.004 -22"><span class='ocrx_word' id='word_1_402' title='bbox 2214 1441 2309 1494; x_wconf 85' lang='grc' dir='ltr'><strong>τοῦ</strong></span> <span class='ocrx_word' id='word_1_403' title='bbox 2339 1442 2606 1513; x_wconf 76' lang='grc' dir='ltr'>δόγματος</span> <span class='ocrx_word' id='word_1_404' title='bbox 2641 1445 2778 1514; x_wconf 82' lang='grc' dir='ltr'>ἡμῖν</span> <span class='ocrx_word' id='word_1_405' title='bbox 2812 1445 3131 1516; x_wconf 76' lang='grc' dir='ltr'>σαφηνίζειν</span> <span class='ocrx_word' id='word_1_406' title='bbox 3146 1445 3353 1514; x_wconf 85' lang='grc' dir='ltr'>γνῶσιν</span> <span class='ocrx_word' id='word_1_407' title='bbox 3381 1461 3396 1478; x_wconf 90' lang='grc'><strong>·</strong></span> <span class='ocrx_word' id='word_1_408' title='bbox 3429 1446 3527 1499; x_wconf 78' lang='grc' dir='ltr'><strong>καὶ</strong></span> <span class='ocrx_word' id='word_1_409' title='bbox 3573 1446 3637 1499; x_wconf 79' lang='grc' dir='ltr'>τὸ</span> <span class='ocrx_word' id='word_1_410' title='bbox 3685 1446 3801 1514; x_wconf 82' lang='grc' dir='ltr'><strong>ἀμ·-</strong></span> 
     </span>
    </p>
   </div>
   <div class='ocr_carea' id='block_1_59' title="bbox 2217 1534 3803 1622">
    <p class='ocr_par' dir='ltr' id='par_1_59' title="bbox 2217 1534 3803 1622">
     <span class='ocr_line' id='line_1_59' title="bbox 2217 1534 3803 1622; baseline 0.003 -36"><span class='ocrx_word' id='word_1_411' title='bbox 2217 1535 2441 1602; x_wconf 77' lang='grc' dir='ltr'>φότερα</span> <span class='ocrx_word' id='word_1_412' title='bbox 2477 1534 2533 1587; x_wconf 85' lang='grc' dir='ltr'>δὲ</span> <span class='ocrx_word' id='word_1_413' title='bbox 2567 1536 2629 1589; x_wconf 94' lang='grc' dir='ltr'>οὑ</span> <span class='ocrx_word' id='word_1_414' title='bbox 2665 1537 2796 1605; x_wconf 81' lang='grc' dir='ltr'>μιᾶς</span> <span class='ocrx_word' id='word_1_415' title='bbox 2840 1538 2962 1590; x_wconf 77' lang='grc' dir='ltr'>ἐστι</span> <span class='ocrx_word' id='word_1_416' title='bbox 3013 1537 3231 1607; x_wconf 85' lang='grc' dir='ltr'>φύσεως</span> <span class='ocrx_word' id='word_1_417' title='bbox 3258 1538 3617 1622; x_wconf 72' lang='grc' dir='ltr'>σημαντικὸν,</span> <span class='ocrx_word' id='word_1_418' title='bbox 3660 1537 3803 1592; x_wconf 85' lang='grc' dir='ltr'><strong>ἀλλά</strong></span> 
     </span>
    </p>
   </div>
   <div class='ocr_carea' id='block_1_60' title="bbox 2215 1626 3802 1701">
    <p class='ocr_par' dir='ltr' id='par_1_60' title="bbox 2215 1626 3802 1701">
     <span class='ocr_line' id='line_1_60' title="bbox 2215 1626 3802 1701; baseline 0.002 -22"><span class='ocrx_word' id='word_1_419' title='bbox 2215 1626 2338 1679; x_wconf 73' lang='grc' dir='ltr'>δύοο</span> <span class='ocrx_word' id='word_1_420' title='bbox 2375 1626 2627 1699; x_wconf 89' lang='grc' dir='ltr'>καθάπερ</span> <span class='ocrx_word' id='word_1_421' title='bbox 2679 1631 2790 1700; x_wconf 72' lang='grc' dir='ltr'>γὰρ</span> <span class='ocrx_word' id='word_1_422' title='bbox 2825 1629 2855 1682; x_wconf 82' lang='grc' dir='ltr'><strong>ὑ</strong></span> <span class='ocrx_word' id='word_1_423' title='bbox 2883 1629 3046 1693; x_wconf 73' lang='grc' dir='ltr'>αὑτὸς</span> <span class='ocrx_word' id='word_1_424' title='bbox 3111 1629 3302 1701; x_wconf 82' lang='grc' dir='ltr'>Πατὴρ</span> <span class='ocrx_word' id='word_1_425' title='bbox 3351 1630 3594 1684; x_wconf 83' lang='grc' dir='ltr'>διδάσκει</span> <span class='ocrx_word' id='word_1_426' title='bbox 3632 1629 3694 1682; x_wconf 72' lang='grc' dir='ltr'>τὸ</span> <span class='ocrx_word' id='word_1_427' title='bbox 3723 1631 3802 1700; x_wconf 80' lang='grc' dir='ltr'>μὴ</span> 
     </span>
    </p>
   </div>
   <div class='ocr_carea' id='block_1_61' title="bbox 2216 1717 3799 1794">
    <p class='ocr_par' dir='ltr' id='par_1_61' title="bbox 2216 1717 3799 1794">
     <span class='ocr_line' id='line_1_61' title="bbox 2216 1717 3799 1794; baseline 0.003 -24"><span class='ocrx_word' id='word_1_428' title='bbox 2216 1717 2410 1771; x_wconf 80' lang='grc' dir='ltr'>παθεῖν</span> <span class='ocrx_word' id='word_1_429' title='bbox 2447 1718 2610 1772; x_wconf 81' lang='grc' dir='ltr'>αὑτὸν</span> <span class='ocrx_word' id='word_1_430' title='bbox 2654 1722 2720 1792; x_wconf 76' lang='grc' dir='ltr'>τῇ</span> <span class='ocrx_word' id='word_1_431' title='bbox 2761 1719 2883 1791; x_wconf 70' lang='grc' dir='ltr'><strong>θείεμ⁵</strong></span> <span class='ocrx_word' id='word_1_432' title='bbox 2920 1721 3105 1789; x_wconf 83' lang='grc' dir='ltr'>φύσει,</span> <span class='ocrx_word' id='word_1_433' title='bbox 3133 1721 3270 1775; x_wconf 86' lang='grc' dir='ltr'><strong>ἀλλά</strong></span> <span class='ocrx_word' id='word_1_434' title='bbox 3306 1721 3501 1774; x_wconf 80' lang='grc' dir='ltr'>παθεῖν</span> <span class='ocrx_word' id='word_1_435' title='bbox 3529 1724 3596 1791; x_wconf 79' lang='grc' dir='ltr'>τῇ</span> <span class='ocrx_word' id='word_1_436' title='bbox 3637 1725 3799 1794; x_wconf 83' lang='grc' dir='ltr'>χοῖκῇ</span> 
     </span>
    </p>
   </div>
   <div class='ocr_carea' id='block_1_62' title="bbox 2219 1809 3802 1884">
    <p class='ocr_par' dir='ltr' id='par_1_62' title="bbox 2219 1809 3802 1884">
     <span class='ocr_line' id='line_1_62' title="bbox 2219 1809 3802 1884; baseline 0.004 -22"><span class='ocrx_word' id='word_1_437' title='bbox 2219 1810 2399 1876; x_wconf 82' lang='grc' dir='ltr'>φύσει,</span> <span class='ocrx_word' id='word_1_438' title='bbox 2424 1810 2524 1863; x_wconf 86' lang='grc' dir='ltr'><strong>οὑκ</strong></span> <span class='ocrx_word' id='word_1_439' title='bbox 2551 1811 2617 1866; x_wconf 83' lang='grc' dir='ltr'><strong>άν</strong></span> <span class='ocrx_word' id='word_1_440' title='bbox 2635 1829 2720 1875; x_wconf 89' lang='grc' dir='ltr'><strong>τις</strong></span> <span class='ocrx_word' id='word_1_441' title='bbox 2746 1812 2890 1866; x_wconf 79' lang='grc' dir='ltr'>οὑτω</span> <span class='ocrx_word' id='word_1_442' title='bbox 2922 1813 3140 1883; x_wconf 89' lang='grc' dir='ltr'>μανείη,</span> <span class='ocrx_word' id='word_1_443' title='bbox 3157 1815 3233 1876; x_wconf 81' lang='grc' dir='ltr'><strong>ὡς</strong></span> <span class='ocrx_word' id='word_1_444' title='bbox 3261 1815 3391 1884; x_wconf 80' lang='grc' dir='ltr'>μιᾶς</span> <span class='ocrx_word' id='word_1_445' title='bbox 3415 1809 3555 1867; x_wconf 78' lang='grc' dir='ltr'>εἶναι</span> <span class='ocrx_word' id='word_1_446' title='bbox 3581 1814 3802 1883; x_wconf 84' lang='grc' dir='ltr'>φύσεως</span> 
     </span>
    </p>
   </div>
   <div class='ocr_carea' id='block_1_63' title="bbox 2211 1902 3804 1976">
    <p class='ocr_par' dir='ltr' id='par_1_63' title="bbox 2211 1902 3804 1976">
     <span class='ocr_line' id='line_1_63' title="bbox 2211 1902 3804 1976; baseline 0.002 -20"><span class='ocrx_word' id='word_1_447' title='bbox 2211 1902 2522 1958; x_wconf 76' lang='grc' dir='ltr'>ὑπολαϐεῖν.</span> <span class='ocrx_word' id='word_1_448' title='bbox 2548 1904 2695 1966; x_wconf 78' lang='grc' dir='ltr'>Μιᾶς</span> <span class='ocrx_word' id='word_1_449' title='bbox 2730 1903 2828 1975; x_wconf 79' lang='grc' dir='ltr'><strong>μὲν</strong></span> <span class='ocrx_word' id='word_1_450' title='bbox 2853 1903 2963 1975; x_wconf 75' lang='grc' dir='ltr'><strong>γάρ</strong></span> <span class='ocrx_word' id='word_1_451' title='bbox 2991 1905 3086 1959; x_wconf 78' lang='grc' dir='ltr'><strong>καὶ</strong></span> <span class='ocrx_word' id='word_1_452' title='bbox 3121 1905 3220 1974; x_wconf 83' lang='grc' dir='ltr'>τῆς</span> <span class='ocrx_word' id='word_1_453' title='bbox 3247 1905 3421 1976; x_wconf 83' lang='grc' dir='ltr'>αὑτῆς</span> <span class='ocrx_word' id='word_1_454' title='bbox 3447 1905 3804 1971; x_wconf 76' lang='grc' dir='ltr'>ὑποστάσεως</span> 
     </span>
    </p>
   </div>
   <div class='ocr_carea' id='block_1_64' title="bbox 2210 1995 3804 2068">
    <p class='ocr_par' dir='ltr' id='par_1_64' title="bbox 2210 1995 3804 2068">
     <span class='ocr_line' id='line_1_64' title="bbox 2210 1995 3804 2068; baseline -0.001 -16"><span class='ocrx_word' id='word_1_455' title='bbox 2210 1995 2305 2052; x_wconf 84' lang='grc' dir='ltr'><strong>τοῦ</strong></span> <span class='ocrx_word' id='word_1_456' title='bbox 2332 1996 2539 2067; x_wconf 81' lang='grc' dir='ltr'><strong>Κυρίου</strong></span> <span class='ocrx_word' id='word_1_457' title='bbox 2571 1996 2730 2068; x_wconf 83' lang='grc' dir='ltr'>ἡμῶν</span> <span class='ocrx_word' id='word_1_458' title='bbox 2771 1996 2950 2067; x_wconf 88' lang='grc' dir='ltr'>Ἰησοῦ</span> <span class='ocrx_word' id='word_1_459' title='bbox 2990 1996 3231 2068; x_wconf 79' lang='grc' dir='ltr'>Χριστοῦ</span> <span class='ocrx_word' id='word_1_460' title='bbox 3265 1998 3326 2052; x_wconf 81' lang='grc' dir='ltr'>τὺ</span> <span class='ocrx_word' id='word_1_461' title='bbox 3359 1998 3534 2063; x_wconf 84' lang='grc' dir='ltr'>πάθος</span> <span class='ocrx_word' id='word_1_462' title='bbox 3572 1999 3669 2053; x_wconf 72' lang='grc' dir='ltr'>καὶ</span> <span class='ocrx_word' id='word_1_463' title='bbox 3700 2000 3804 2067; x_wconf 82' lang='grc' dir='ltr'>τὴν</span> 
     </span>
    </p>
   </div>
   <div class='ocr_carea' id='block_1_65' title="bbox 2211 2089 3804 2162">
    <p class='ocr_par' dir='ltr' id='par_1_65' title="bbox 2211 2089 3804 2162">
     <span class='ocr_line' id='line_1_65' title="bbox 2211 2089 3804 2162; baseline -0.001 -17"><span class='ocrx_word' id='word_1_464' title='bbox 2211 2089 2484 2145; x_wconf 85' lang='grc' dir='ltr'>ἀπάθειαν</span> <span class='ocrx_word' id='word_1_465' title='bbox 2515 2090 2798 2161; x_wconf 79' lang='grc' dir='ltr'>ὁμολογεῖν</span> <span class='ocrx_word' id='word_1_466' title='bbox 2828 2089 3078 2160; x_wconf 75' lang='grc' dir='ltr'>ἐδιδάχθη</span> <span class='ocrx_word' id='word_1_467' title='bbox 3091 2106 3211 2160; x_wconf 85' lang='grc' dir='ltr'>μεν,</span> <span class='ocrx_word' id='word_1_468' title='bbox 3247 2090 3310 2144; x_wconf 86' lang='grc' dir='ltr'>οὑ</span> <span class='ocrx_word' id='word_1_469' title='bbox 3365 2090 3472 2162; x_wconf 74' lang='grc' dir='ltr'>μὴν</span> <span class='ocrx_word' id='word_1_470' title='bbox 3517 2090 3666 2144; x_wconf 85' lang='grc' dir='ltr'><strong>κατά</strong></span> <span class='ocrx_word' id='word_1_471' title='bbox 3699 2091 3804 2160; x_wconf 84' lang='grc' dir='ltr'>τὴν</span> 
     </span>
    </p>
   </div>
   <div class='ocr_carea' id='block_1_66' title="bbox 2212 2182 3802 2254">
    <p class='ocr_par' dir='ltr' id='par_1_66' title="bbox 2212 2182 3802 2254">
     <span class='ocr_line' id='line_1_66' title="bbox 2212 2182 3802 2254; baseline 0.002 -18"><span class='ocrx_word' id='word_1_472' title='bbox 2212 2183 2384 2252; x_wconf 77' lang='grc' dir='ltr'>αὑτὴν</span> <span class='ocrx_word' id='word_1_473' title='bbox 2412 2182 2600 2252; x_wconf 76' lang='grc' dir='ltr'>φύσινο</span> <span class='ocrx_word' id='word_1_474' title='bbox 2624 2183 2716 2236; x_wconf 74' lang='grc' dir='ltr'>ἐπὶ</span> <span class='ocrx_word' id='word_1_475' title='bbox 2749 2183 2879 2253; x_wconf 83' lang='grc' dir='ltr'>μιᾶς</span> <span class='ocrx_word' id='word_1_476' title='bbox 2900 2183 3010 2253; x_wconf 82' lang='grc' dir='ltr'>γὰρ</span> <span class='ocrx_word' id='word_1_477' title='bbox 3046 2183 3265 2254; x_wconf 78' lang='grc' dir='ltr'>καὶτῆς</span> <span class='ocrx_word' id='word_1_478' title='bbox 3286 2183 3461 2254; x_wconf 82' lang='grc' dir='ltr'>αὑτῆς</span> <span class='ocrx_word' id='word_1_479' title='bbox 3487 2185 3708 2253; x_wconf 85' lang='grc' dir='ltr'>φύσεως</span> <span class='ocrx_word' id='word_1_480' title='bbox 3732 2186 3802 2240; x_wconf 71' lang='grc' dir='ltr'>τὰ</span> 
     </span>
    </p>
   </div>
   <div class='ocr_carea' id='block_1_67' title="bbox 2213 2273 3729 2346">
    <p class='ocr_par' dir='ltr' id='par_1_67' title="bbox 2213 2273 3729 2346">
     <span class='ocr_line' id='line_1_67' title="bbox 2213 2273 3729 2346; baseline 0.001 -16"><span class='ocrx_word' id='word_1_481' title='bbox 2213 2275 2464 2346; x_wconf 83' lang='grc' dir='ltr'>ἀλλήλοις</span> <span class='ocrx_word' id='word_1_482' title='bbox 2492 2273 2708 2328; x_wconf 76' lang='grc' dir='ltr'>ἐναντία</span> <span class='ocrx_word' id='word_1_483' title='bbox 2730 2275 2873 2328; x_wconf 79' lang='grc' dir='ltr'><strong>κατά</strong></span> <span class='ocrx_word' id='word_1_484' title='bbox 2901 2273 3098 2327; x_wconf 79' lang='grc' dir='ltr'>ταυτὸν</span> <span class='ocrx_word' id='word_1_485' title='bbox 3128 2275 3417 2346; x_wconf 87' lang='grc' dir='ltr'>σημαίνειν</span> <span class='ocrx_word' id='word_1_486' title='bbox 3442 2275 3729 2332; x_wconf 84' lang='grc' dir='ltr'>ἀδύνατον.</span> 
     </span>
    </p>
   </div>
   <div class='ocr_carea' id='block_1_68' title="bbox 2295 2366 3806 2438">
    <p class='ocr_par' dir='ltr' id='par_1_68' title="bbox 2295 2366 3806 2438">
     <span class='ocr_line' id='line_1_68' title="bbox 2295 2366 3806 2438; baseline 0.001 -17"><span class='ocrx_word' id='word_1_487' title='bbox 2295 2367 2436 2422; x_wconf 78' lang='grc' dir='ltr'>Ἀλλ’</span> <span class='ocrx_word' id='word_1_488' title='bbox 2469 2369 2516 2429; x_wconf 71' lang='grc' dir='ltr'><strong>οἱ</strong></span> <span class='ocrx_word' id='word_1_489' title='bbox 2561 2367 2658 2435; x_wconf 75' lang='grc' dir='ltr'>τῆς</span> <span class='ocrx_word' id='word_1_490' title='bbox 2699 2366 2960 2436; x_wconf 85' lang='grc' dir='ltr'>ἀληθείας</span> <span class='ocrx_word' id='word_1_491' title='bbox 3001 2366 3188 2438; x_wconf 77' lang='grc' dir='ltr'>ἐχθροὶ</span> <span class='ocrx_word' id='word_1_492' title='bbox 3224 2368 3451 2432; x_wconf 77' lang='grc' dir='ltr'>καὶτοῖς</span> <span class='ocrx_word' id='word_1_493' title='bbox 3481 2369 3590 2421; x_wconf 87' lang='grc' dir='ltr'><strong>τῶν</strong></span> <span class='ocrx_word' id='word_1_494' title='bbox 3624 2369 3806 2423; x_wconf 78' lang='grc' dir='ltr'>Πατέ-</span> 
     </span>
    </p>
   </div>
   <div class='ocr_carea' id='block_1_69' title="bbox 2217 2458 3802 2533">
    <p class='ocr_par' dir='ltr' id='par_1_69' title="bbox 2217 2458 3802 2533">
     <span class='ocr_line' id='line_1_69' title="bbox 2217 2458 3802 2533; baseline 0 -19"><span class='ocrx_word' id='word_1_495' title='bbox 2217 2478 2327 2533; x_wconf 92' lang='grc' dir='ltr'><strong>ρων</strong></span> <span class='ocrx_word' id='word_1_496' title='bbox 2353 2458 2752 2530; x_wconf 77' lang='grc' dir='ltr'>ἐναντιούμενοι</span> <span class='ocrx_word' id='word_1_497' title='bbox 2778 2459 3030 2530; x_wconf 70' lang='grc' dir='ltr'>δόγμασι,</span> <span class='ocrx_word' id='word_1_498' title='bbox 3065 2459 3240 2514; x_wconf 88' lang='grc' dir='ltr'>ταῦτα</span> <span class='ocrx_word' id='word_1_499' title='bbox 3275 2459 3350 2532; x_wconf 84' lang='grc' dir='ltr'>μὴ</span> <span class='ocrx_word' id='word_1_500' title='bbox 3389 2460 3802 2533; x_wconf 81' lang='grc' dir='ltr'>διακρίνοντες,</span> 
     </span>
    </p>
   </div>
   <div class='ocr_carea' id='block_1_70' title="bbox 2215 2550 3804 2623">
    <p class='ocr_par' dir='ltr' id='par_1_70' title="bbox 2215 2550 3804 2623">
     <span class='ocr_line' id='line_1_70' title="bbox 2215 2550 3804 2623; baseline -0.001 -15"><span class='ocrx_word' id='word_1_501' title='bbox 2215 2555 2296 2617; x_wconf 85' lang='grc' dir='ltr'>εἰς</span> <span class='ocrx_word' id='word_1_502' title='bbox 2337 2551 2530 2623; x_wconf 81' lang='grc' dir='ltr'>ἑτέραν</span> <span class='ocrx_word' id='word_1_503' title='bbox 2564 2552 2728 2606; x_wconf 85' lang='grc' dir='ltr'>πάλιν</span> <span class='ocrx_word' id='word_1_504' title='bbox 2794 2551 3232 2621; x_wconf 87' lang='grc' dir='ltr'>μεταπίπτουσιν</span> <span class='ocrx_word' id='word_1_505' title='bbox 3285 2551 3512 2619; x_wconf 77' lang='grc' dir='ltr'>ἄνοιαν,</span> <span class='ocrx_word' id='word_1_506' title='bbox 3545 2550 3804 2619; x_wconf 85' lang='grc' dir='ltr'>λέγοντες</span> 
     </span>
    </p>
   </div>
   <div class='ocr_carea' id='block_1_71' title="bbox 2215 2641 3799 2716">
    <p class='ocr_par' dir='ltr' id='par_1_71' title="bbox 2215 2641 3799 2716">
     <span class='ocr_line' id='line_1_71' title="bbox 2215 2641 3799 2716; baseline -0.003 -14"><span class='ocrx_word' id='word_1_507' title='bbox 2215 2647 2297 2702; x_wconf 79' lang='grc' dir='ltr'>ὅτι</span> <span class='ocrx_word' id='word_1_508' title='bbox 2326 2647 2378 2700; x_wconf 81' lang='grc' dir='ltr'>οἱ</span> <span class='ocrx_word' id='word_1_509' title='bbox 2405 2645 2539 2699; x_wconf 79' lang='grc' dir='ltr'>Θεὸν</span> <span class='ocrx_word' id='word_1_510' title='bbox 2573 2644 2668 2699; x_wconf 78' lang='grc' dir='ltr'>καὶ</span> <span class='ocrx_word' id='word_1_511' title='bbox 2691 2644 2980 2715; x_wconf 79' lang='grc' dir='ltr'>ἄνθρωπον</span> <span class='ocrx_word' id='word_1_512' title='bbox 3007 2641 3402 2715; x_wconf 79' lang='grc' dir='ltr'>ὁμολογοῦντες</span> <span class='ocrx_word' id='word_1_513' title='bbox 3423 2645 3515 2698; x_wconf 81' lang='grc' dir='ltr'><strong>τὸν</strong></span> <span class='ocrx_word' id='word_1_514' title='bbox 3536 2643 3799 2716; x_wconf 81' lang='grc' dir='ltr'>Χριστὸν,</span> 
     </span>
    </p>
   </div>
   <div class='ocr_carea' id='block_1_72' title="bbox 2216 2732 3803 2809">
    <p class='ocr_par' dir='ltr' id='par_1_72' title="bbox 2216 2732 3803 2809">
     <span class='ocr_line' id='line_1_72' title="bbox 2216 2732 3803 2809; baseline -0.004 -15"><span class='ocrx_word' id='word_1_515' title='bbox 2216 2738 2312 2794; x_wconf 77' lang='grc' dir='ltr'><strong>καὶ</strong></span> <span class='ocrx_word' id='word_1_516' title='bbox 2354 2737 2428 2809; x_wconf 85' lang='grc' dir='ltr'>μὴ</span> <span class='ocrx_word' id='word_1_517' title='bbox 2464 2737 2717 2806; x_wconf 85' lang='grc' dir='ltr'>λέγοντες</span> <span class='ocrx_word' id='word_1_518' title='bbox 2767 2736 2933 2792; x_wconf 81' lang='grc' dir='ltr'>αὑτὸν</span> <span class='ocrx_word' id='word_1_519' title='bbox 2973 2737 3105 2808; x_wconf 83' lang='grc' dir='ltr'>μιᾶς</span> <span class='ocrx_word' id='word_1_520' title='bbox 3143 2732 3286 2789; x_wconf 72' lang='grc' dir='ltr'>εἶναι</span> <span class='ocrx_word' id='word_1_521' title='bbox 3333 2734 3573 2805; x_wconf 82' lang='grc' dir='ltr'>φύσεως,</span> <span class='ocrx_word' id='word_1_522' title='bbox 3605 2735 3803 2806; x_wconf 83' lang='grc' dir='ltr'>ὥσπερ</span> 
     </span>
    </p>
   </div>
   <div class='ocr_carea' id='block_1_73' title="bbox 2215 2826 3807 2902">
    <p class='ocr_par' dir='ltr' id='par_1_73' title="bbox 2215 2826 3807 2902">
     <span class='ocr_line' id='line_1_73' title="bbox 2215 2826 3807 2902; baseline -0.004 -17"><span class='ocrx_word' id='word_1_523' title='bbox 2215 2830 2307 2885; x_wconf 73' lang='grc' dir='ltr'>τὸν</span> <span class='ocrx_word' id='word_1_524' title='bbox 2363 2829 2674 2902; x_wconf 73' lang='grc' dir='ltr'>ἄνθρωπον,</span> <span class='ocrx_word' id='word_1_525' title='bbox 2709 2830 2770 2883; x_wconf 80' lang='grc' dir='ltr'><strong>οὑ</strong></span> <span class='ocrx_word' id='word_1_526' title='bbox 2815 2829 2911 2884; x_wconf 85' lang='grc' dir='ltr'><strong>δύο</strong></span> <span class='ocrx_word' id='word_1_527' title='bbox 2966 2827 3130 2900; x_wconf 85' lang='grc' dir='ltr'>μόνον</span> <span class='ocrx_word' id='word_1_528' title='bbox 3195 2829 3290 2882; x_wconf 73' lang='grc' dir='ltr'><strong>ἐπὶ</strong></span> <span class='ocrx_word' id='word_1_529' title='bbox 3325 2826 3572 2897; x_wconf 81' lang='grc' dir='ltr'>Χριστοῦ</span> <span class='ocrx_word' id='word_1_530' title='bbox 3617 2827 3807 2896; x_wconf 80' lang='grc' dir='ltr'>λέγειν</span> 
     </span>
    </p>
   </div>
   <div class='ocr_carea' id='block_1_74' title="bbox 2218 2917 3804 2993">
    <p class='ocr_par' dir='ltr' id='par_1_74' title="bbox 2218 2917 3804 2993">
     <span class='ocr_line' id='line_1_74' title="bbox 2218 2917 3804 2993; baseline -0.004 -15"><span class='ocrx_word' id='word_1_531' title='bbox 2218 2921 2451 2993; x_wconf 79' lang='grc' dir='ltr'>ὤφειλον</span> <span class='ocrx_word' id='word_1_532' title='bbox 2473 2923 2690 2992; x_wconf 86' lang='grc' dir='ltr'>φύσεις,</span> <span class='ocrx_word' id='word_1_533' title='bbox 2725 2921 2862 2976; x_wconf 84' lang='grc' dir='ltr'>ἀλλὰ</span> <span class='ocrx_word' id='word_1_534' title='bbox 2881 2923 3035 2993; x_wconf 81' lang='grc' dir='ltr'>τρεῖς</span> <span class='ocrx_word' id='word_1_535' title='bbox 3054 2935 3069 2950; x_wconf 86' lang='grc'>⁶</span> <span class='ocrx_word' id='word_1_536' title='bbox 3099 2919 3262 2990; x_wconf 78' lang='grc' dir='ltr'>ἑτέρα</span> <span class='ocrx_word' id='word_1_537' title='bbox 3285 2919 3396 2991; x_wconf 79' lang='grc' dir='ltr'>γὰρ</span> <span class='ocrx_word' id='word_1_538' title='bbox 3418 2921 3452 2989; x_wconf 80' lang='grc' dir='ltr'><strong>ἡ</strong></span> <span class='ocrx_word' id='word_1_539' title='bbox 3479 2917 3576 2972; x_wconf 89' lang='grc' dir='ltr'><strong>τοῦ</strong></span> <span class='ocrx_word' id='word_1_540' title='bbox 3603 2918 3804 2986; x_wconf 77' lang='grc' dir='ltr'>Λόγου,</span> 
     </span>
    </p>
   </div>
   <div class='ocr_carea' id='block_1_75' title="bbox 2219 3009 3807 3084">
    <p class='ocr_par' dir='ltr' id='par_1_75' title="bbox 2219 3009 3807 3084">
     <span class='ocr_line' id='line_1_75' title="bbox 2219 3009 3807 3084; baseline -0.004 -14"><span class='ocrx_word' id='word_1_541' title='bbox 2219 3015 2314 3070; x_wconf 77' lang='grc' dir='ltr'><strong>καὶ</strong></span> <span class='ocrx_word' id='word_1_542' title='bbox 2368 3013 2531 3084; x_wconf 80' lang='grc' dir='ltr'>ἑτέρα</span> <span class='ocrx_word' id='word_1_543' title='bbox 2574 3016 2607 3084; x_wconf 86' lang='grc' dir='ltr'>ἠ</span> <span class='ocrx_word' id='word_1_544' title='bbox 2640 3014 2740 3084; x_wconf 85' lang='grc' dir='ltr'>τῆς</span> <span class='ocrx_word' id='word_1_545' title='bbox 2797 3013 2998 3084; x_wconf 79' lang='grc' dir='ltr'>ψυχῆς,</span> <span class='ocrx_word' id='word_1_546' title='bbox 3029 3013 3126 3066; x_wconf 75' lang='grc' dir='ltr'>καὶ</span> <span class='ocrx_word' id='word_1_547' title='bbox 3162 3011 3298 3082; x_wconf 79' lang='grc' dir='ltr'>άλλη</span> <span class='ocrx_word' id='word_1_548' title='bbox 3337 3010 3430 3065; x_wconf 88' lang='grc' dir='ltr'><strong>τοῦ</strong></span> <span class='ocrx_word' id='word_1_549' title='bbox 3481 3009 3738 3080; x_wconf 78' lang='grc' dir='ltr'>σώματος</span> <span class='ocrx_word' id='word_1_550' title='bbox 3770 3013 3807 3082; x_wconf 78' lang='grc' dir='ltr'><strong>ἡ</strong></span> 
     </span>
    </p>
   </div>
   <div class='ocr_carea' id='block_1_76' title="bbox 2220 3099 3806 3177">
    <p class='ocr_par' dir='ltr' id='par_1_76' title="bbox 2220 3099 3806 3177">
     <span class='ocr_line' id='line_1_76' title="bbox 2220 3099 3806 3177; baseline -0.005 -17"><span class='ocrx_word' id='word_1_551' title='bbox 2220 3106 2402 3177; x_wconf 84' lang='grc' dir='ltr'>φύσις.</span> <span class='ocrx_word' id='word_1_552' title='bbox 2433 3103 2620 3159; x_wconf 88' lang='grc' dir='ltr'>Ταῦτα</span> <span class='ocrx_word' id='word_1_553' title='bbox 2644 3104 2700 3157; x_wconf 79' lang='grc' dir='ltr'>δὲ</span> <span class='ocrx_word' id='word_1_554' title='bbox 2725 3103 2978 3171; x_wconf 85' lang='grc' dir='ltr'>λέγοντες</span> <span class='ocrx_word' id='word_1_555' title='bbox 3002 3103 3055 3162; x_wconf 83' lang='grc' dir='ltr'>οι</span> <span class='ocrx_word' id='word_1_556' title='bbox 3079 3102 3258 3156; x_wconf 74' lang='grc' dir='ltr'>καινοὶ</span> <span class='ocrx_word' id='word_1_557' title='bbox 3288 3099 3399 3154; x_wconf 88' lang='grc' dir='ltr'><strong>τῶν</strong></span> <span class='ocrx_word' id='word_1_558' title='bbox 3421 3100 3613 3154; x_wconf 83' lang='grc' dir='ltr'>κακῶν</span> <span class='ocrx_word' id='word_1_559' title='bbox 3639 3101 3806 3169; x_wconf 73' lang='grc' dir='ltr'>ἐφευ-</span> 
     </span>
    </p>
   </div>
   <div class='ocr_carea' id='block_1_77' title="bbox 2223 3193 3809 3272">
    <p class='ocr_par' dir='ltr' id='par_1_77' title="bbox 2223 3193 3809 3272">
     <span class='ocr_line' id='line_1_77' title="bbox 2223 3193 3809 3272; baseline -0.004 -18"><span class='ocrx_word' id='word_1_560' title='bbox 2223 3199 2393 3272; x_wconf 69' lang='grc' dir='ltr'>ρεταὶ,</span> <span class='ocrx_word' id='word_1_561' title='bbox 2414 3198 2725 3253; x_wconf 73' lang='grc' dir='ltr'>εἰπάτωσαν</span> <span class='ocrx_word' id='word_1_562' title='bbox 2750 3197 2902 3250; x_wconf 76' lang='grc' dir='ltr'>αὑτοὶ</span> <span class='ocrx_word' id='word_1_563' title='bbox 2927 3194 3421 3265; x_wconf 82' lang='grc' dir='ltr'>συνομολογοῦντες</span> <span class='ocrx_word' id='word_1_564' title='bbox 3441 3195 3596 3266; x_wconf 83' lang='grc' dir='ltr'>ἡμῖν,</span> <span class='ocrx_word' id='word_1_565' title='bbox 3623 3194 3691 3246; x_wconf 81' lang='grc' dir='ltr'>ὲκ</span> <span class='ocrx_word' id='word_1_566' title='bbox 3711 3193 3809 3248; x_wconf 88' lang='grc' dir='ltr'><strong>δύο</strong></span> 
     </span>
    </p>
   </div>
   <div class='ocr_carea' id='block_1_78' title="bbox 2219 3281 3808 3362">
    <p class='ocr_par' dir='ltr' id='par_1_78' title="bbox 2219 3281 3808 3362">
     <span class='ocr_line' id='line_1_78' title="bbox 2219 3281 3808 3362; baseline -0.004 -16"><span class='ocrx_word' id='word_1_567' title='bbox 2219 3293 2435 3362; x_wconf 82' lang='grc' dir='ltr'>φύσεων</span> <span class='ocrx_word' id='word_1_568' title='bbox 2464 3287 2604 3346; x_wconf 77' lang='grc' dir='ltr'>εἶναι</span> <span class='ocrx_word' id='word_1_569' title='bbox 2645 3290 2736 3343; x_wconf 71' lang='grc' dir='ltr'><strong>τὸν</strong></span> <span class='ocrx_word' id='word_1_570' title='bbox 2765 3288 3024 3360; x_wconf 82' lang='grc' dir='ltr'>Χριστὸν,</span> <span class='ocrx_word' id='word_1_571' title='bbox 3055 3287 3174 3352; x_wconf 83' lang='grc' dir='ltr'><strong>πῶς</strong></span> <span class='ocrx_word' id='word_1_572' title='bbox 3196 3287 3358 3341; x_wconf 88' lang='grc' dir='ltr'>τοῦτο</span> <span class='ocrx_word' id='word_1_573' title='bbox 3373 3285 3618 3352; x_wconf 73' lang='grc' dir='ltr'>νοοῦσινς</span> <span class='ocrx_word' id='word_1_574' title='bbox 3652 3281 3808 3356; x_wconf 72' lang='grc' dir='ltr'>’Δρα</span> 
     </span>
    </p>
   </div>
   <div class='ocr_carea' id='block_1_79' title="bbox 2219 3379 3808 3455">
    <p class='ocr_par' dir='ltr' id='par_1_79' title="bbox 2219 3379 3808 3455">
     <span class='ocr_line' id='line_1_79' title="bbox 2219 3379 3808 3455; baseline -0.006 -16"><span class='ocrx_word' id='word_1_575' title='bbox 2219 3385 2295 3449; x_wconf 83' lang='grc' dir='ltr'>ὡς</span> <span class='ocrx_word' id='word_1_576' title='bbox 2329 3384 2506 3455; x_wconf 77' lang='grc' dir='ltr'>ψυχὴν</span> <span class='ocrx_word' id='word_1_577' title='bbox 2527 3383 2687 3446; x_wconf 76' lang='grc' dir='ltr'>ἐκτὸς</span> <span class='ocrx_word' id='word_1_578' title='bbox 2717 3380 2969 3454; x_wconf 85' lang='grc' dir='ltr'>σώματος</span> <span class='ocrx_word' id='word_1_579' title='bbox 3000 3380 3360 3452; x_wconf 80' lang='grc' dir='ltr'>ἀνειληφότα,</span> <span class='ocrx_word' id='word_1_580' title='bbox 3389 3381 3424 3452; x_wconf 79' lang='grc' dir='ltr'>ἦ</span> <span class='ocrx_word' id='word_1_581' title='bbox 3450 3379 3612 3451; x_wconf 88' lang='grc' dir='ltr'>σῶμα</span> <span class='ocrx_word' id='word_1_582' title='bbox 3633 3379 3808 3450; x_wconf 80' lang='grc' dir='ltr'>χωρὶς</span> 
     </span>
    </p>
   </div>
   <div class='ocr_carea' id='block_1_80' title="bbox 2217 3471 3806 3548">
    <p class='ocr_par' dir='ltr' id='par_1_80' title="bbox 2217 3471 3806 3548">
     <span class='ocr_line' id='line_1_80' title="bbox 2217 3471 3806 3548; baseline -0.001 -22"><span class='ocrx_word' id='word_1_583' title='bbox 2217 3477 2432 3548; x_wconf 74' lang='grc' dir='ltr'>ψυχῆςς</span> <span class='ocrx_word' id='word_1_584' title='bbox 2474 3476 2570 3530; x_wconf 89' lang='grc' dir='ltr'>Ἓν</span> <span class='ocrx_word' id='word_1_585' title='bbox 2601 3474 2711 3546; x_wconf 77' lang='grc' dir='ltr'>γὰρ</span> <span class='ocrx_word' id='word_1_586' title='bbox 2757 3475 2868 3529; x_wconf 91' lang='grc' dir='ltr'><strong>τῶν</strong></span> <span class='ocrx_word' id='word_1_587' title='bbox 2909 3475 3128 3528; x_wconf 83' lang='grc' dir='ltr'>ἀτόπων</span> <span class='ocrx_word' id='word_1_588' title='bbox 3174 3475 3394 3534; x_wconf 82' lang='grc' dir='ltr'>πάντως</span> <span class='ocrx_word' id='word_1_589' title='bbox 3449 3471 3806 3542; x_wconf 80' lang='grc' dir='ltr'>παρέξουσιν.</span> 
     </span>
    </p>
   </div>
   <div class='ocr_carea' id='block_1_81' title="bbox 2220 3563 3808 3640">
    <p class='ocr_par' dir='ltr' id='par_1_81' title="bbox 2220 3563 3808 3640">
     <span class='ocr_line' id='line_1_81' title="bbox 2220 3563 3808 3640; baseline -0.006 -16"><span class='ocrx_word' id='word_1_590' title='bbox 2220 3571 2284 3624; x_wconf 73' lang='lat' dir='ltr'><strong>Et</strong></span> <span class='ocrx_word' id='word_1_591' title='bbox 2311 3569 2369 3624; x_wconf 79' lang='grc' dir='ltr'>δὲ</span> <span class='ocrx_word' id='word_1_592' title='bbox 2403 3568 2613 3640; x_wconf 90' lang='grc' dir='ltr'>ταύτην</span> <span class='ocrx_word' id='word_1_593' title='bbox 2647 3568 2750 3639; x_wconf 81' lang='grc' dir='ltr'>τὴν</span> <span class='ocrx_word' id='word_1_594' title='bbox 2801 3568 3040 3622; x_wconf 86' lang='grc' dir='ltr'>ἀτοπίαν</span> <span class='ocrx_word' id='word_1_595' title='bbox 3072 3566 3442 3628; x_wconf 80' lang='grc' dir='ltr'>ἐκκλίνοντες,</span> <span class='ocrx_word' id='word_1_596' title='bbox 3487 3564 3582 3618; x_wconf 74' lang='grc' dir='ltr'><strong>καὶ</strong></span> <span class='ocrx_word' id='word_1_597' title='bbox 3621 3563 3808 3634; x_wconf 75' lang='grc' dir='ltr'>ψυχὴν</span> 
     </span>
    </p>
   </div>
   <div class='ocr_carea' id='block_1_82' title="bbox 2219 3659 3808 3736">
    <p class='ocr_par' dir='ltr' id='par_1_82' title="bbox 2219 3659 3808 3736">
     <span class='ocr_line' id='line_1_82' title="bbox 2219 3659 3808 3736; baseline -0.006 -19"><span class='ocrx_word' id='word_1_598' title='bbox 2219 3661 2507 3733; x_wconf 73' lang='grc' dir='ltr'>καὶσῶμα</span> <span class='ocrx_word' id='word_1_599' title='bbox 2552 3661 2805 3730; x_wconf 85' lang='grc' dir='ltr'>λέγουσιν</span> <span class='ocrx_word' id='word_1_600' title='bbox 2858 3659 3214 3732; x_wconf 78' lang='grc' dir='ltr'>ἀνειληφέναι</span> <span class='ocrx_word' id='word_1_601' title='bbox 3242 3660 3333 3714; x_wconf 74' lang='grc' dir='ltr'>τὸν</span> <span class='ocrx_word' id='word_1_602' title='bbox 3383 3659 3611 3736; x_wconf 82' lang='grc' dir='ltr'>Κύριον,</span> <span class='ocrx_word' id='word_1_603' title='bbox 3646 3660 3808 3712; x_wconf 83' lang='grc' dir='ltr'>αὑτοὶ</span> 
     </span>
    </p>
   </div>
   <div class='ocr_carea' id='block_1_83' title="bbox 2218 3753 3807 3824">
    <p class='ocr_par' dir='ltr' id='par_1_83' title="bbox 2218 3753 3807 3824">
     <span class='ocr_line' id='line_1_83' title="bbox 2218 3753 3807 3824; baseline -0.004 -14"><span class='ocrx_word' id='word_1_604' title='bbox 2218 3758 2339 3820; x_wconf 84' lang='grc' dir='ltr'>ταῖς</span> <span class='ocrx_word' id='word_1_605' title='bbox 2367 3753 2602 3820; x_wconf 78' lang='grc' dir='ltr'>οἰκείαις</span> <span class='ocrx_word' id='word_1_606' title='bbox 2634 3755 2863 3824; x_wconf 85' lang='grc' dir='ltr'>παγίσιν</span> <span class='ocrx_word' id='word_1_607' title='bbox 2899 3753 3302 3824; x_wconf 71' lang='grc' dir='ltr'>ἐμπλεκόμενοι</span> <span class='ocrx_word' id='word_1_608' title='bbox 3325 3789 3341 3814; x_wconf 89' lang='grc'><strong>,</strong></span> <span class='ocrx_word' id='word_1_609' title='bbox 3367 3753 3706 3822; x_wconf 86' lang='grc' dir='ltr'>φανήσονται</span> <span class='ocrx_word' id='word_1_610' title='bbox 3742 3753 3807 3805; x_wconf 75' lang='grc' dir='ltr'>ὲκ</span> 
     </span>
    </p>
   </div>
   <div class='ocr_carea' id='block_1_84' title="bbox 2218 3842 3804 3924">
    <p class='ocr_par' dir='ltr' id='par_1_84' title="bbox 2218 3842 3804 3924">
     <span class='ocr_line' id='line_1_84' title="bbox 2218 3842 3804 3924; baseline -0.004 -20"><span class='ocrx_word' id='word_1_611' title='bbox 2218 3849 2388 3924; x_wconf 86' lang='grc' dir='ltr'>τριῶν</span> <span class='ocrx_word' id='word_1_612' title='bbox 2440 3848 2658 3917; x_wconf 81' lang='grc' dir='ltr'>φύσεων</span> <span class='ocrx_word' id='word_1_613' title='bbox 2705 3847 2885 3916; x_wconf 84' lang='grc' dir='ltr'>λέγειν</span> <span class='ocrx_word' id='word_1_614' title='bbox 2925 3847 3018 3901; x_wconf 82' lang='grc' dir='ltr'><strong>τὸν</strong></span> <span class='ocrx_word' id='word_1_615' title='bbox 3063 3845 3302 3918; x_wconf 80' lang='grc' dir='ltr'>Χριστὸν</span> <span class='ocrx_word' id='word_1_616' title='bbox 3341 3842 3804 3914; x_wconf 73' lang='grc' dir='ltr'>ἀναγκαζόμενοι.</span> 
     </span>
    </p>
   </div>
   <div class='ocr_carea' id='block_1_85' title="bbox 2234 3937 3807 4011">
    <p class='ocr_par' dir='ltr' id='par_1_85' title="bbox 2234 3937 3807 4011">
     <span class='ocr_line' id='line_1_85' title="bbox 2234 3937 3807 4011; baseline -0.004 -16"><span class='ocrx_word' id='word_1_617' title='bbox 2234 3942 2512 4011; x_wconf 81' lang='grc' dir='ltr'>Ἀγνοοῦσι</span> <span class='ocrx_word' id='word_1_618' title='bbox 2534 3941 2590 3994; x_wconf 83' lang='grc' dir='ltr'><strong>δὲ</strong></span> <span class='ocrx_word' id='word_1_619' title='bbox 2621 3942 2701 3994; x_wconf 76' lang='grc' dir='ltr'><strong>ὅτι</strong></span> <span class='ocrx_word' id='word_1_620' title='bbox 2733 3939 2795 3993; x_wconf 75' lang='grc' dir='ltr'>τὸ</span> <span class='ocrx_word' id='word_1_621' title='bbox 2824 3939 3137 4009; x_wconf 77' lang='grc' dir='ltr'>ἅνθρωπος</span> <span class='ocrx_word' id='word_1_622' title='bbox 3169 3938 3343 4009; x_wconf 73' lang='grc' dir='ltr'>ὄνομα</span> <span class='ocrx_word' id='word_1_623' title='bbox 3381 3938 3512 3993; x_wconf 77' lang='grc' dir='ltr'>ἄνευ</span> <span class='ocrx_word' id='word_1_624' title='bbox 3557 3937 3660 4006; x_wconf 82' lang='grc' dir='ltr'>μὲν</span> <span class='ocrx_word' id='word_1_625' title='bbox 3695 3937 3807 3990; x_wconf 86' lang='grc' dir='ltr'><strong>τῶν</strong></span> 
     </span>
    </p>
   </div>
   <div class='ocr_carea' id='block_1_86' title="bbox 2223 4029 3808 4106">
    <p class='ocr_par' dir='ltr' id='par_1_86' title="bbox 2223 4029 3808 4106">
     <span class='ocr_line' id='line_1_86' title="bbox 2223 4029 3808 4106; baseline -0.006 -15"><span class='ocrx_word' id='word_1_626' title='bbox 2223 4036 2536 4106; x_wconf 73' lang='grc' dir='ltr'>ἰδιωμάτων</span> <span class='ocrx_word' id='word_1_627' title='bbox 2562 4034 2875 4104; x_wconf 86' lang='grc' dir='ltr'>λεγόμενον,</span> <span class='ocrx_word' id='word_1_628' title='bbox 2900 4033 2994 4086; x_wconf 74' lang='grc' dir='ltr'><strong>ἐπὶ</strong></span> <span class='ocrx_word' id='word_1_629' title='bbox 3014 4032 3196 4088; x_wconf 87' lang='grc' dir='ltr'>κοινοῦ</span> <span class='ocrx_word' id='word_1_630' title='bbox 3223 4030 3630 4103; x_wconf 81' lang='grc' dir='ltr'>σημαινομένου</span> <span class='ocrx_word' id='word_1_631' title='bbox 3662 4029 3808 4099; x_wconf 85' lang='grc' dir='ltr'>λαμ-</span> 
     </span>
    </p>
   </div>
   <div class='ocr_carea' id='block_1_87' title="bbox 2221 4121 3808 4196">
    <p class='ocr_par' dir='ltr' id='par_1_87' title="bbox 2221 4121 3808 4196">
     <span class='ocr_line' id='line_1_87' title="bbox 2221 4121 3808 4196; baseline -0.005 -14"><span class='ocrx_word' id='word_1_632' title='bbox 2221 4131 2468 4190; x_wconf 78' lang='grc' dir='ltr'>ϐάνεται,</span> <span class='ocrx_word' id='word_1_633' title='bbox 2499 4129 2595 4180; x_wconf 81' lang='grc' dir='ltr'>καὶ</span> <span class='ocrx_word' id='word_1_634' title='bbox 2624 4126 2811 4189; x_wconf 79' lang='grc' dir='ltr'>οὐσίας</span> <span class='ocrx_word' id='word_1_635' title='bbox 2846 4126 2970 4196; x_wconf 73' lang='grc' dir='ltr'>ἦτοι</span> <span class='ocrx_word' id='word_1_636' title='bbox 3004 4124 3219 4193; x_wconf 80' lang='grc' dir='ltr'>φύσεώς</span> <span class='ocrx_word' id='word_1_637' title='bbox 3270 4124 3392 4177; x_wconf 74' lang='grc' dir='ltr'>ἐστι</span> <span class='ocrx_word' id='word_1_638' title='bbox 3443 4121 3808 4192; x_wconf 84' lang='grc' dir='ltr'>σημαντικὸν,</span> 
     </span>
    </p>
   </div>
   <div class='ocr_carea' id='block_1_88' title="bbox 2221 4211 3807 4285">
    <p class='ocr_par' dir='ltr' id='par_1_88' title="bbox 2221 4211 3807 4285">
     <span class='ocr_line' id='line_1_88' title="bbox 2221 4211 3807 4285; baseline -0.009 -6"><span class='ocrx_word' id='word_1_639' title='bbox 2221 4223 2317 4279; x_wconf 78' lang='grc' dir='ltr'>καὶ</span> <span class='ocrx_word' id='word_1_640' title='bbox 2351 4221 2495 4278; x_wconf 75' lang='grc' dir='ltr'>κατὰ</span> <span class='ocrx_word' id='word_1_641' title='bbox 2539 4219 2752 4275; x_wconf 84' lang='grc' dir='ltr'>πολλῶν</span> <span class='ocrx_word' id='word_1_642' title='bbox 2807 4218 3162 4273; x_wconf 71' lang='grc' dir='ltr'>ὑποστάσειιςν</span> <span class='ocrx_word' id='word_1_643' title='bbox 3191 4215 3415 4285; x_wconf 78' lang='grc' dir='ltr'>λέγεται</span> <span class='ocrx_word' id='word_1_644' title='bbox 3437 4230 3452 4245; x_wconf 77' lang='grc' dir='ltr'><strong>ο</strong></span> <span class='ocrx_word' id='word_1_645' title='bbox 3485 4211 3708 4266; x_wconf 75' lang='grc' dir='ltr'>ἐπειδάν</span> <span class='ocrx_word' id='word_1_646' title='bbox 3747 4212 3807 4265; x_wconf 80' lang='grc' dir='ltr'>δὲ</span> 
     </span>
    </p>
   </div>
   <div class='ocr_carea' id='block_1_89' title="bbox 2221 4305 3809 4384">
    <p class='ocr_par' dir='ltr' id='par_1_89' title="bbox 2221 4305 3809 4384">
     <span class='ocr_line' id='line_1_89' title="bbox 2221 4305 3809 4384; baseline -0.008 -15"><span class='ocrx_word' id='word_1_647' title='bbox 2221 4317 2297 4384; x_wconf 80' lang='grc' dir='ltr'>τῷ</span> <span class='ocrx_word' id='word_1_648' title='bbox 2323 4315 2488 4383; x_wconf 82' lang='grc' dir='ltr'>κοινῷ</span> <span class='ocrx_word' id='word_1_649' title='bbox 2516 4314 2586 4368; x_wconf 83' lang='grc' dir='ltr'>τὰ</span> <span class='ocrx_word' id='word_1_650' title='bbox 2618 4312 2887 4382; x_wconf 74' lang='grc' dir='ltr'>ἰδιώματα</span> <span class='ocrx_word' id='word_1_651' title='bbox 2918 4310 3218 4381; x_wconf 71' lang='grc' dir='ltr'>προστεθῇ,</span> <span class='ocrx_word' id='word_1_652' title='bbox 3247 4307 3559 4380; x_wconf 81' lang='grc' dir='ltr'>τηνικαῦτα</span> <span class='ocrx_word' id='word_1_653' title='bbox 3603 4307 3638 4375; x_wconf 84' lang='grc' dir='ltr'>ἡ</span> <span class='ocrx_word' id='word_1_654' title='bbox 3671 4305 3809 4359; x_wconf 78' lang='grc' dir='ltr'>ὑπό-</span> 
     </span>
    </p>
   </div>
   <div class='ocr_carea' id='block_1_90' title="bbox 2223 4395 3808 4474">
    <p class='ocr_par' dir='ltr' id='par_1_90' title="bbox 2223 4395 3808 4474">
     <span class='ocr_line' id='line_1_90' title="bbox 2223 4395 3808 4474; baseline -0.009 -12"><span class='ocrx_word' id='word_1_655' title='bbox 2223 4425 2413 4472; x_wconf 91' lang='grc' dir='ltr'>στασις</span> <span class='ocrx_word' id='word_1_656' title='bbox 2443 4403 2802 4474; x_wconf 83' lang='grc' dir='ltr'>ἀναφαίνεται</span> <span class='ocrx_word' id='word_1_657' title='bbox 2825 4418 2840 4434; x_wconf 86' lang='grc'><strong>·</strong></span> <span class='ocrx_word' id='word_1_658' title='bbox 2871 4404 2952 4458; x_wconf 82' lang='grc' dir='ltr'><strong>ὅτι</strong></span> <span class='ocrx_word' id='word_1_659' title='bbox 2979 4403 3076 4457; x_wconf 74' lang='grc' dir='ltr'>καὶ</span> <span class='ocrx_word' id='word_1_660' title='bbox 3105 4401 3344 4473; x_wconf 86' lang='grc' dir='ltr'>διαφορά</span> <span class='ocrx_word' id='word_1_661' title='bbox 3372 4400 3553 4470; x_wconf 79' lang='grc' dir='ltr'>ψυχῆς</span> <span class='ocrx_word' id='word_1_662' title='bbox 3580 4397 3676 4450; x_wconf 77' lang='grc' dir='ltr'>καὶ</span> <span class='ocrx_word' id='word_1_663' title='bbox 3695 4395 3808 4448; x_wconf 81' lang='grc' dir='ltr'><strong>σώ-</strong></span> 
     </span>
    </p>
   </div>
   <div class='ocr_carea' id='block_1_91' title="bbox 531 4485 2114 4572">
    <p class='ocr_par' dir='ltr' id='par_1_91' title="bbox 531 4485 2112 4562">
     <span class='ocr_line' id='line_1_91' title="bbox 531 4485 2112 4562; baseline 0.005 -22"><span class='ocrx_word' id='word_1_664' title='bbox 531 4502 631 4542; x_wconf 89' lang='lat' dir='ltr'><strong>nos</strong></span> <span class='ocrx_word' id='word_1_665' title='bbox 667 4485 854 4543; x_wconf 89' lang='lat' dir='ltr'><strong>dicere</strong></span> <span class='ocrx_word' id='word_1_666' title='bbox 897 4487 1076 4543; x_wconf 89' lang='lat' dir='ltr'><strong>docet.</strong></span> <span class='ocrx_word' id='word_1_667' title='bbox 1110 4487 1280 4543; x_wconf 89' lang='lat' dir='ltr'><strong>Divus</strong></span> <span class='ocrx_word' id='word_1_668' title='bbox 1314 4487 1518 4543; x_wconf 85' lang='lat' dir='ltr'><strong>Paulus</strong></span> <span class='ocrx_word' id='word_1_669' title='bbox 1558 4488 1626 4543; x_wconf 89' lang='lat' dir='ltr'><strong>de</strong></span> <span class='ocrx_word' id='word_1_670' title='bbox 1656 4489 1768 4545; x_wconf 88' lang='lat' dir='ltr'><strong>illis</strong></span> <span class='ocrx_word' id='word_1_671' title='bbox 1794 4491 2112 4562; x_wconf 79' lang='lat' dir='ltr'><strong>singulatim</strong></span> 
     </span>
    </p>
   </div>
   <div class='ocr_carea' id='block_1_92' title="bbox 2218 4485 3807 4572">
    <p class='ocr_par' dir='ltr' id='par_1_92' title="bbox 2222 4489 3807 4572">
     <span class='ocr_line' id='line_1_92' title="bbox 2222 4489 3807 4572; baseline -0.01 -16"><span class='ocrx_word' id='word_1_672' title='bbox 2222 4498 2391 4572; x_wconf 87' lang='grc' dir='ltr'>ματος</span> <span class='ocrx_word' id='word_1_673' title='bbox 2415 4498 2740 4570; x_wconf 78' lang='grc' dir='ltr'>γνωρίζεται</span> <span class='ocrx_word' id='word_1_674' title='bbox 2767 4510 2782 4525; x_wconf 80' lang='lat'><strong><em>°</em></strong></span> <span class='ocrx_word' id='word_1_675' title='bbox 2813 4495 3105 4566; x_wconf 84' lang='grc' dir='ltr'>ἀμφότερα</span> <span class='ocrx_word' id='word_1_676' title='bbox 3131 4495 3240 4564; x_wconf 83' lang='grc' dir='ltr'><strong>γὰρ</strong></span> <span class='ocrx_word' id='word_1_677' title='bbox 3269 4494 3420 4563; x_wconf 80' lang='grc' dir='ltr'>ἡμᾶς</span> <span class='ocrx_word' id='word_1_678' title='bbox 3445 4491 3626 4559; x_wconf 84' lang='grc' dir='ltr'>λέγειν</span> <span class='ocrx_word' id='word_1_679' title='bbox 3655 4489 3751 4542; x_wconf 74' lang='grc' dir='ltr'><strong>καὶ</strong></span> <span class='ocrx_word' id='word_1_680' title='bbox 3775 4490 3807 4557; x_wconf 79' lang='grc' dir='ltr'><strong>η</strong></span> 
     </span>
    </p>
   </div>
   <div class='ocr_carea' id='block_1_93' title="bbox 529 4579 2114 4662">
    <p class='ocr_par' dir='ltr' id='par_1_93' title="bbox 529 4579 2110 4653">
     <span class='ocr_line' id='line_1_93' title="bbox 529 4579 2110 4653; baseline 0.006 -21"><span class='ocrx_word' id='word_1_681' title='bbox 529 4579 783 4650; x_wconf 89' lang='lat' dir='ltr'><strong>loquens,</strong></span> <span class='ocrx_word' id='word_1_682' title='bbox 831 4581 1070 4635; x_wconf 87' lang='lat' dir='ltr'><strong>animam</strong></span> <span class='ocrx_word' id='word_1_683' title='bbox 1109 4595 1418 4652; x_wconf 89' lang='lat' dir='ltr'><strong>corpusque</strong></span> <span class='ocrx_word' id='word_1_684' title='bbox 1450 4580 1762 4653; x_wconf 80' lang='lat' dir='ltr'><strong>signiﬁcare</strong></span> <span class='ocrx_word' id='word_1_685' title='bbox 1794 4585 2006 4650; x_wconf 81' lang='lat' dir='ltr'><strong>volens,</strong></span> <span class='ocrx_word' id='word_1_686' title='bbox 2041 4585 2110 4642; x_wconf 90' lang='lat' dir='ltr'><strong>de</strong></span> 
     </span>
    </p>
   </div>
   <div class='ocr_carea' id='block_1_94' title="bbox 2218 4579 3810 4662">
    <p class='ocr_par' dir='ltr' id='par_1_94' title="bbox 2218 4581 3810 4662">
     <span class='ocr_line' id='line_1_94' title="bbox 2218 4581 3810 4662; baseline -0.008 -15"><span class='ocrx_word' id='word_1_687' title='bbox 2218 4592 2548 4661; x_wconf 76' lang='grc' dir='ltr'>ἀποστολικὴ</span> <span class='ocrx_word' id='word_1_688' title='bbox 2571 4591 2814 4646; x_wconf 86' lang='grc' dir='ltr'>διδάσκει</span> <span class='ocrx_word' id='word_1_689' title='bbox 2835 4589 3154 4662; x_wconf 88' lang='grc' dir='ltr'>παράδοσις.</span> <span class='ocrx_word' id='word_1_690' title='bbox 3171 4588 3230 4641; x_wconf 88' lang='lat'><strong>&#39;0</strong></span> <span class='ocrx_word' id='word_1_691' title='bbox 3250 4587 3348 4658; x_wconf 80' lang='grc' dir='ltr'><strong>μὲν</strong></span> <span class='ocrx_word' id='word_1_692' title='bbox 3363 4587 3472 4657; x_wconf 83' lang='grc' dir='ltr'>γὰρ</span> <span class='ocrx_word' id='word_1_693' title='bbox 3498 4584 3642 4646; x_wconf 83' lang='grc' dir='ltr'>θεῖος</span> <span class='ocrx_word' id='word_1_694' title='bbox 3668 4581 3810 4636; x_wconf 84' lang='grc' dir='ltr'><strong>Παῦ⁸</strong></span> 
     </span>
    </p>
   </div>
   <div class='ocr_carea' id='block_1_95' title="bbox 531 4671 2114 4746">
    <p class='ocr_par' dir='ltr' id='par_1_95' title="bbox 531 4671 2114 4746">
     <span class='ocr_line' id='line_1_95' title="bbox 531 4671 2114 4746; baseline 0.005 -20"><span class='ocrx_word' id='word_1_695' title='bbox 531 4671 754 4728; x_wconf 90' lang='lat' dir='ltr'><strong>homine</strong></span> <span class='ocrx_word' id='word_1_696' title='bbox 780 4672 1046 4728; x_wconf 90' lang='lat' dir='ltr'><strong>interiore</strong></span> <span class='ocrx_word' id='word_1_697' title='bbox 1079 4688 1142 4729; x_wconf 89' lang='lat' dir='ltr'><strong>ac</strong></span> <span class='ocrx_word' id='word_1_698' title='bbox 1171 4673 1239 4728; x_wconf 92' lang='lat' dir='ltr'><strong>de</strong></span> <span class='ocrx_word' id='word_1_699' title='bbox 1262 4675 1536 4730; x_wconf 80' lang='lat' dir='ltr'><strong>exteriore</strong></span> <span class='ocrx_word' id='word_1_700' title='bbox 1570 4675 1840 4746; x_wconf 88' lang='lat' dir='ltr'><strong>loquitur.</strong></span> <span class='ocrx_word' id='word_1_701' title='bbox 1871 4677 2114 4734; x_wconf 70' lang='lat' dir='ltr'><strong>Iacobus</strong></span> 
     </span>
    </p>
   </div>
   <div class='ocr_carea' id='block_1_96' title="bbox 530 4767 2114 4828">
    <p class='ocr_par' dir='ltr' id='par_1_96' title="bbox 530 4767 2114 4828">
     <span class='ocr_line' id='line_1_96' title="bbox 530 4767 2114 4828; baseline 0.005 -10"><span class='ocrx_word' id='word_1_702' title='bbox 530 4780 664 4820; x_wconf 92' lang='lat' dir='ltr'><strong>vero</strong></span> <span class='ocrx_word' id='word_1_703' title='bbox 709 4781 1058 4821; x_wconf 88' lang='lat' dir='ltr'><strong>communem</strong></span> <span class='ocrx_word' id='word_1_704' title='bbox 1085 4767 1453 4824; x_wconf 85' lang='lat' dir='ltr'><strong>substantiam</strong></span> <span class='ocrx_word' id='word_1_705' title='bbox 1497 4768 1857 4828; x_wconf 88' lang='lat' dir='ltr'><strong>humanitatis</strong></span> <span class='ocrx_word' id='word_1_706' title='bbox 1885 4771 2114 4826; x_wconf 90' lang='lat' dir='ltr'><strong>demon-</strong></span> 
     </span>
    </p>
   </div>
   <div class='ocr_carea' id='block_1_97' title="bbox 530 4860 2114 4922">
    <p class='ocr_par' dir='ltr' id='par_1_97' title="bbox 530 4860 2114 4922">
     <span class='ocr_line' id='line_1_97' title="bbox 530 4860 2114 4922; baseline 0.006 -9"><span class='ocrx_word' id='word_1_707' title='bbox 530 4867 716 4916; x_wconf 88' lang='lat' dir='ltr'><strong>strans</strong></span> <span class='ocrx_word' id='word_1_708' title='bbox 751 4860 925 4915; x_wconf 84' lang='lat' dir='ltr'><strong>dicit:</strong></span> <span class='ocrx_word' id='word_1_709' title='bbox 956 4860 1138 4916; x_wconf 83' lang='lat' dir='ltr'><strong>Omnis</strong></span> <span class='ocrx_word' id='word_1_710' title='bbox 1186 4871 1384 4917; x_wconf 82' lang='lat' dir='ltr'><strong>natura</strong></span> <span class='ocrx_word' id='word_1_711' title='bbox 1423 4864 1710 4919; x_wconf 73' lang='lat' dir='ltr'><strong>bestiarum</strong></span> <span class='ocrx_word' id='word_1_712' title='bbox 1746 4873 1794 4918; x_wconf 84' lang='lat' dir='ltr'><strong>et</strong></span> <span class='ocrx_word' id='word_1_713' title='bbox 1842 4865 2114 4922; x_wconf 75' lang='lat' dir='ltr'><strong>volucrum</strong></span> 
     </span>
    </p>
   </div>
   <div class='ocr_carea' id='block_1_98' title="bbox 532 4955 2115 5024">
    <p class='ocr_par' dir='ltr' id='par_1_98' title="bbox 532 4955 2115 5024">
     <span class='ocr_line' id='line_1_98' title="bbox 532 4955 2115 5024; baseline 0.005 -19"><span class='ocrx_word' id='word_1_714' title='bbox 532 4961 581 5006; x_wconf 83' lang='lat' dir='ltr'><strong>ct</strong></span> <span class='ocrx_word' id='word_1_715' title='bbox 609 4955 928 5024; x_wconf 77' lang='lat' dir='ltr'><strong>serpentium</strong></span> <span class='ocrx_word' id='word_1_716' title='bbox 959 4962 1009 5007; x_wconf 86' lang='lat' dir='ltr'><strong>et</strong></span> <span class='ocrx_word' id='word_1_717' title='bbox 1041 4963 1351 5010; x_wconf 68' lang='lat' dir='ltr'><strong>cancrorum</strong></span> <span class='ocrx_word' id='word_1_718' title='bbox 1379 4956 1667 5012; x_wconf 85' lang='lat' dir='ltr'><strong>domantur</strong></span> <span class='ocrx_word' id='word_1_719' title='bbox 1696 4965 1744 5012; x_wconf 88' lang='lat' dir='ltr'><strong>et</strong></span> <span class='ocrx_word' id='word_1_720' title='bbox 1768 4959 1970 5014; x_wconf 83' lang='lat' dir='ltr'><strong>domita</strong></span> <span class='ocrx_word' id='word_1_721' title='bbox 1991 4971 2115 5015; x_wconf 81' lang='lat' dir='ltr'><strong>sunt</strong></span> 
     </span>
    </p>
   </div>
   <div class='ocr_carea' id='block_1_99' title="bbox 536 5043 2114 5106">
    <p class='ocr_par' dir='ltr' id='par_1_99' title="bbox 536 5043 2114 5106">
     <span class='ocr_line' id='line_1_99' title="bbox 536 5043 2114 5106; baseline 0.007 -11"><span class='ocrx_word' id='word_1_722' title='bbox 536 5059 569 5096; x_wconf 76' lang='grc' dir='ltr'>(ι</span> <span class='ocrx_word' id='word_1_723' title='bbox 608 5051 805 5097; x_wconf 86' lang='lat' dir='ltr'><strong>natura</strong></span> <span class='ocrx_word' id='word_1_724' title='bbox 846 5045 1082 5103; x_wconf 84' lang='lat' dir='ltr'><strong>humana</strong></span> <span class='ocrx_word' id='word_1_725' title='bbox 1124 5043 1168 5098; x_wconf 70' lang='grc' dir='ltr'>τ.</span> <span class='ocrx_word' id='word_1_726' title='bbox 1209 5044 1418 5100; x_wconf 89' lang='lat' dir='ltr'><strong>Nomen</strong></span> <span class='ocrx_word' id='word_1_727' title='bbox 1467 5055 1652 5102; x_wconf 91' lang='lat' dir='ltr'><strong>autem</strong></span> <span class='ocrx_word' id='word_1_728' title='bbox 1704 5047 1941 5105; x_wconf 77' lang='lat' dir='ltr'><strong>Christus</strong></span> <span class='ocrx_word' id='word_1_729' title='bbox 1978 5051 2114 5106; x_wconf 88' lang='lat' dir='ltr'><strong>sub-</strong></span> 
     </span>
    </p>
   </div>
   <div class='ocr_carea' id='block_1_100' title="bbox 536 5134 2114 5209">
    <p class='ocr_par' dir='ltr' id='par_1_100' title="bbox 536 5134 2114 5209">
     <span class='ocr_line' id='line_1_100' title="bbox 536 5134 2114 5209; baseline 0.006 -21"><span class='ocrx_word' id='word_1_730' title='bbox 536 5134 753 5189; x_wconf 75' lang='lat' dir='ltr'><strong>stantia:</strong></span> <span class='ocrx_word' id='word_1_731' title='bbox 795 5149 905 5190; x_wconf 90' lang='lat' dir='ltr'><strong>non</strong></span> <span class='ocrx_word' id='word_1_732' title='bbox 956 5145 1041 5191; x_wconf 86' lang='lat' dir='ltr'><strong>est</strong></span> <span class='ocrx_word' id='word_1_733' title='bbox 1087 5136 1547 5208; x_wconf 81' lang='lat' dir='ltr'><strong>signiﬁcativum,</strong></span> <span class='ocrx_word' id='word_1_734' title='bbox 1596 5139 1867 5209; x_wconf 86' lang='lat' dir='ltr'><strong>siquidem</strong></span> <span class='ocrx_word' id='word_1_735' title='bbox 1915 5157 2018 5196; x_wconf 92' lang='lat' dir='ltr'><strong>nec</strong></span> <span class='ocrx_word' id='word_1_736' title='bbox 2060 5143 2114 5197; x_wconf 93' lang='lat' dir='ltr'><strong>in</strong></span> 
     </span>
    </p>
   </div>
   <div class='ocr_carea' id='block_1_101' title="bbox 533 5226 2117 5297">
    <p class='ocr_par' dir='ltr' id='par_1_101' title="bbox 533 5226 2117 5297">
     <span class='ocr_line' id='line_1_101' title="bbox 533 5226 2117 5297; baseline 0.009 -20"><span class='ocrx_word' id='word_1_737' title='bbox 533 5226 812 5280; x_wconf 85' lang='lat' dir='ltr'><strong>communi</strong></span> <span class='ocrx_word' id='word_1_738' title='bbox 867 5226 1272 5297; x_wconf 80' lang='lat' dir='ltr'><strong>signiﬁcatione</strong></span> <span class='ocrx_word' id='word_1_739' title='bbox 1333 5231 1600 5293; x_wconf 91' lang='lat' dir='ltr'><strong>sumitur,</strong></span> <span class='ocrx_word' id='word_1_740' title='bbox 1652 5248 1756 5287; x_wconf 88' lang='lat' dir='ltr'><strong>nec</strong></span> <span class='ocrx_word' id='word_1_741' title='bbox 1807 5235 1876 5289; x_wconf 90' lang='lat' dir='ltr'><strong>de</strong></span> <span class='ocrx_word' id='word_1_742' title='bbox 1926 5236 2117 5292; x_wconf 91' lang='lat' dir='ltr'><strong>multis</strong></span> 
     </span>
    </p>
   </div>
   <div class='ocr_carea' id='block_1_102' title="bbox 537 5317 2120 5398">
    <p class='ocr_par' dir='ltr' id='par_1_102' title="bbox 537 5317 2120 5398">
     <span class='ocr_line' id='line_1_102' title="bbox 537 5317 2120 5398; baseline 0.011 -29"><span class='ocrx_word' id='word_1_743' title='bbox 537 5317 927 5388; x_wconf 81' lang='lat' dir='ltr'><strong>hypostasihus</strong></span> <span class='ocrx_word' id='word_1_744' title='bbox 960 5321 1197 5386; x_wconf 89' lang='lat' dir='ltr'><strong>dicitur,</strong></span> <span class='ocrx_word' id='word_1_745' title='bbox 1226 5337 1330 5378; x_wconf 89' lang='lat' dir='ltr'><strong>nec</strong></span> <span class='ocrx_word' id='word_1_746' title='bbox 1357 5323 1534 5394; x_wconf 88' lang='lat' dir='ltr'><strong>ipsum</strong></span> <span class='ocrx_word' id='word_1_747' title='bbox 1572 5325 1780 5397; x_wconf 89' lang='lat' dir='ltr'><strong>absque</strong></span> <span class='ocrx_word' id='word_1_748' title='bbox 1812 5330 2120 5398; x_wconf 82' lang='lat' dir='ltr'><strong>proprieta-</strong></span> 
     </span>
    </p>
   </div>
   <div class='ocr_carea' id='block_1_103' title="bbox 539 5409 2118 5492">
    <p class='ocr_par' dir='ltr' id='par_1_103' title="bbox 539 5409 2118 5492">
     <span class='ocr_line' id='line_1_103' title="bbox 539 5409 2118 5492; baseline 0.01 -30"><span class='ocrx_word' id='word_1_749' title='bbox 539 5409 688 5465; x_wconf 88' lang='lat' dir='ltr'><strong>tibus</strong></span> <span class='ocrx_word' id='word_1_750' title='bbox 730 5412 1101 5480; x_wconf 87' lang='lat' dir='ltr'><strong>conlitentur;</strong></span> <span class='ocrx_word' id='word_1_751' title='bbox 1152 5413 1285 5469; x_wconf 90' lang='lat' dir='ltr'><strong>illud</strong></span> <span class='ocrx_word' id='word_1_752' title='bbox 1337 5415 1484 5470; x_wconf 89' lang='lat' dir='ltr'><strong>enim</strong></span> <span class='ocrx_word' id='word_1_753' title='bbox 1534 5431 1636 5474; x_wconf 89' lang='lat' dir='ltr'><strong>nos</strong></span> <span class='ocrx_word' id='word_1_754' title='bbox 1688 5418 1851 5475; x_wconf 89' lang='lat' dir='ltr'><strong>docet</strong></span> <span class='ocrx_word' id='word_1_755' title='bbox 1895 5437 2118 5492; x_wconf 90' lang='lat' dir='ltr'><strong>quoque</strong></span> 
     </span>
    </p>
   </div>
   <div class='ocr_carea' id='block_1_104' title="bbox 538 5503 2118 5580">
    <p class='ocr_par' dir='ltr' id='par_1_104' title="bbox 538 5503 2118 5580">
     <span class='ocr_line' id='line_1_104' title="bbox 538 5503 2118 5580; baseline 0.008 -24"><span class='ocrx_word' id='word_1_756' title='bbox 538 5512 762 5559; x_wconf 86' lang='lat' dir='ltr'><strong>sanctus</strong></span> <span class='ocrx_word' id='word_1_757' title='bbox 787 5503 1025 5576; x_wconf 88' lang='lat' dir='ltr'><strong>Cyrillus</strong></span> <span class='ocrx_word' id='word_1_758' title='bbox 1062 5506 1114 5560; x_wconf 88' lang='lat' dir='ltr'><strong>in</strong></span> <span class='ocrx_word' id='word_1_759' title='bbox 1155 5508 1383 5564; x_wconf 86' lang='lat' dir='ltr'><strong>seholiis</strong></span> <span class='ocrx_word' id='word_1_760' title='bbox 1423 5509 1601 5580; x_wconf 90' lang='lat' dir='ltr'><strong>ipsius</strong></span> <span class='ocrx_word' id='word_1_761' title='bbox 1636 5511 1704 5566; x_wconf 92' lang='lat' dir='ltr'><strong>de</strong></span> <span class='ocrx_word' id='word_1_762' title='bbox 1737 5513 2118 5571; x_wconf 89' lang='lat' dir='ltr'><strong>incarnatione</strong></span> 
     </span>
    </p>
   </div>
   <div class='ocr_carea' id='block_1_105' title="bbox 537 5596 2117 5663">
    <p class='ocr_par' dir='ltr' id='par_1_105' title="bbox 537 5596 2117 5663">
     <span class='ocr_line' id='line_1_105' title="bbox 537 5596 2117 5663; baseline 0.006 -13"><span class='ocrx_word' id='word_1_763' title='bbox 537 5596 764 5652; x_wconf 82' lang='lat' dir='ltr'><strong>(licens:</strong></span> <span class='ocrx_word' id='word_1_764' title='bbox 798 5617 817 5652; x_wconf 80' lang='grc' dir='ltr'><strong>ι</strong></span> <span class='ocrx_word' id='word_1_765' title='bbox 844 5598 1056 5655; x_wconf 89' lang='lat' dir='ltr'><strong>Nomen</strong></span> <span class='ocrx_word' id='word_1_766' title='bbox 1090 5598 1325 5657; x_wconf 76' lang='lat' dir='ltr'><strong>Christus</strong></span> <span class='ocrx_word' id='word_1_767' title='bbox 1354 5617 1457 5658; x_wconf 90' lang='lat' dir='ltr'><strong>nec</strong></span> <span class='ocrx_word' id='word_1_768' title='bbox 1493 5602 1699 5660; x_wconf 87' lang='lat' dir='ltr'><strong>habere</strong></span> <span class='ocrx_word' id='word_1_769' title='bbox 1738 5605 2117 5663; x_wconf 87' lang='lat' dir='ltr'><strong>determinati-</strong></span> 
     </span>
    </p>
   </div>
   <div class='ocr_carea' id='block_1_106' title="bbox 541 5690 2115 5769">
    <p class='ocr_par' dir='ltr' id='par_1_106' title="bbox 541 5690 2115 5769">
     <span class='ocr_line' id='line_1_106' title="bbox 541 5690 2115 5769; baseline 0.009 -28"><span class='ocrx_word' id='word_1_770' title='bbox 541 5703 665 5744; x_wconf 77' lang='lat' dir='ltr'><strong>vam</strong></span> <span class='ocrx_word' id='word_1_771' title='bbox 717 5690 1009 5759; x_wconf 84' lang='lat' dir='ltr'><strong>virtutem,</strong></span> <span class='ocrx_word' id='word_1_772' title='bbox 1043 5708 1147 5749; x_wconf 90' lang='lat' dir='ltr'><strong>nec</strong></span> <span class='ocrx_word' id='word_1_773' title='bbox 1199 5695 1422 5766; x_wconf 91' lang='lat' dir='ltr'><strong>quidem</strong></span> <span class='ocrx_word' id='word_1_774' title='bbox 1475 5697 1712 5769; x_wconf 85' lang='lat' dir='ltr'><strong>alicujus</strong></span> <span class='ocrx_word' id='word_1_775' title='bbox 1750 5700 2115 5756; x_wconf 89' lang='lat' dir='ltr'><strong>substantiam</strong></span> 
     </span>
    </p>
   </div>
   <div class='ocr_carea' id='block_1_107' title="bbox 616 5867 980 5936">
    <p class='ocr_par' dir='ltr' id='par_1_107' title="bbox 616 5867 980 5936">
     <span class='ocr_line' id='line_1_107' title="bbox 616 5867 980 5936; baseline -0.014 -8"><span class='ocrx_word' id='word_1_776' title='bbox 616 5867 634 5907; x_wconf 68' lang='grc' dir='ltr'>τ</span> <span class='ocrx_word' id='word_1_777' title='bbox 667 5869 782 5928; x_wconf 75' lang='lat' dir='ltr'><strong>Jac.</strong></span> <span class='ocrx_word' id='word_1_778' title='bbox 815 5887 890 5936; x_wconf 83' lang='lat' dir='ltr'><strong>ut,</strong></span> <span class='ocrx_word' id='word_1_779' title='bbox 929 5870 980 5925; x_wconf 88' lang='lat'><strong>7.</strong></span> 
     </span>
    </p>
   </div>
   <div class='ocr_carea' id='block_1_108' title="bbox 2216 4675 3810 4757">
    <p class='ocr_par' dir='ltr' id='par_1_108' title="bbox 2216 4675 3810 4757">
     <span class='ocr_line' id='line_1_108' title="bbox 2216 4675 3810 4757; baseline -0.007 -18"><span class='ocrx_word' id='word_1_780' title='bbox 2216 4685 2307 4750; x_wconf 78' lang='grc' dir='ltr'><strong>λος</strong></span> <span class='ocrx_word' id='word_1_781' title='bbox 2332 4684 2584 4757; x_wconf 77' lang='grc' dir='ltr'>περὶτῶν</span> <span class='ocrx_word' id='word_1_782' title='bbox 2608 4682 2972 4738; x_wconf 75' lang='grc' dir='ltr'>καθ’ἒκαστον</span> <span class='ocrx_word' id='word_1_783' title='bbox 2994 4680 3187 4751; x_wconf 87' lang='grc' dir='ltr'>λέγων,</span> <span class='ocrx_word' id='word_1_784' title='bbox 3210 4682 3304 4734; x_wconf 69' lang='grc' dir='ltr'><strong>καὶ</strong></span> <span class='ocrx_word' id='word_1_785' title='bbox 3326 4679 3506 4751; x_wconf 80' lang='grc' dir='ltr'>ψυχὴν</span> <span class='ocrx_word' id='word_1_786' title='bbox 3523 4676 3618 4732; x_wconf 69' lang='grc' dir='ltr'><strong>καὶ</strong></span> <span class='ocrx_word' id='word_1_787' title='bbox 3646 4675 3810 4746; x_wconf 83' lang='grc' dir='ltr'>σῶμα</span> 
     </span>
    </p>
   </div>
   <div class='ocr_carea' id='block_1_109' title="bbox 2220 4771 3809 4850">
    <p class='ocr_par' dir='ltr' id='par_1_109' title="bbox 2220 4771 3809 4850">
     <span class='ocr_line' id='line_1_109' title="bbox 2220 4771 3809 4850; baseline -0.006 -17"><span class='ocrx_word' id='word_1_788' title='bbox 2220 4779 2392 4833; x_wconf 86' lang='grc' dir='ltr'>θέλων</span> <span class='ocrx_word' id='word_1_789' title='bbox 2435 4778 2702 4850; x_wconf 84' lang='grc' dir='ltr'>σημᾶναι,</span> <span class='ocrx_word' id='word_1_790' title='bbox 2735 4776 2827 4830; x_wconf 77' lang='grc' dir='ltr'>τὸν</span> <span class='ocrx_word' id='word_1_791' title='bbox 2874 4777 3031 4839; x_wconf 78' lang='grc' dir='ltr'>ἐντὸς</span> <span class='ocrx_word' id='word_1_792' title='bbox 3064 4775 3359 4844; x_wconf 81' lang='grc' dir='ltr'>ἄνθρωπον</span> <span class='ocrx_word' id='word_1_793' title='bbox 3403 4772 3498 4827; x_wconf 73' lang='grc' dir='ltr'>καὶ</span> <span class='ocrx_word' id='word_1_794' title='bbox 3529 4771 3622 4825; x_wconf 83' lang='grc' dir='ltr'><strong>τὸν</strong></span> <span class='ocrx_word' id='word_1_795' title='bbox 3651 4771 3809 4832; x_wconf 75' lang='grc' dir='ltr'>ἐκτὸς</span> 
     </span>
    </p>
   </div>
   <div class='ocr_carea' id='block_1_110' title="bbox 2222 4863 3810 4942">
    <p class='ocr_par' dir='ltr' id='par_1_110' title="bbox 2222 4863 3810 4942">
     <span class='ocr_line' id='line_1_110' title="bbox 2222 4863 3810 4942; baseline -0.007 -17"><span class='ocrx_word' id='word_1_796' title='bbox 2222 4871 2510 4942; x_wconf 75' lang='grc' dir='ltr'>ἄνθρωπον</span> <span class='ocrx_word' id='word_1_797' title='bbox 2563 4869 2845 4938; x_wconf 84' lang='grc' dir='ltr'>ὀνομάζει.</span> <span class='ocrx_word' id='word_1_798' title='bbox 2905 4869 2965 4922; x_wconf 84' lang='grc'><strong>’0</strong></span> <span class='ocrx_word' id='word_1_799' title='bbox 3013 4869 3071 4923; x_wconf 83' lang='grc' dir='ltr'><strong>δὲ</strong></span> <span class='ocrx_word' id='word_1_800' title='bbox 3143 4867 3406 4929; x_wconf 77' lang='grc' dir='ltr'>Ἰάκωϐος</span> <span class='ocrx_word' id='word_1_801' title='bbox 3451 4864 3554 4933; x_wconf 80' lang='grc' dir='ltr'><strong>τὴν</strong></span> <span class='ocrx_word' id='word_1_802' title='bbox 3621 4863 3810 4934; x_wconf 79' lang='grc' dir='ltr'>κοινὴν</span> 
     </span>
    </p>
   </div>
   <div class='ocr_carea' id='block_1_111' title="bbox 2223 4955 3812 5032">
    <p class='ocr_par' dir='ltr' id='par_1_111' title="bbox 2223 4955 3812 5032">
     <span class='ocr_line' id='line_1_111' title="bbox 2223 4955 3812 5032; baseline -0.005 -17"><span class='ocrx_word' id='word_1_803' title='bbox 2223 4962 2411 5016; x_wconf 89' lang='grc' dir='ltr'>οὑσίαν</span> <span class='ocrx_word' id='word_1_804' title='bbox 2440 4962 2541 5030; x_wconf 77' lang='grc' dir='ltr'>τῆς</span> <span class='ocrx_word' id='word_1_805' title='bbox 2565 4959 2989 5032; x_wconf 82' lang='grc' dir='ltr'>ἀνθρωπὸτητος</span> <span class='ocrx_word' id='word_1_806' title='bbox 3015 4958 3191 5031; x_wconf 90' lang='grc' dir='ltr'>δηλῶν</span> <span class='ocrx_word' id='word_1_807' title='bbox 3221 4958 3406 5027; x_wconf 83' lang='grc' dir='ltr'>λέγει’</span> <span class='ocrx_word' id='word_1_808' title='bbox 3426 4955 3602 5012; x_wconf 81' lang='grc' dir='ltr'>Πᾶσα</span> <span class='ocrx_word' id='word_1_809' title='bbox 3619 4955 3812 5024; x_wconf 69' lang='grc' dir='ltr'>φύσις</span> 
     </span>
    </p>
   </div>
   <div class='ocr_carea' id='block_1_112' title="bbox 2223 5047 3814 5122">
    <p class='ocr_par' dir='ltr' id='par_1_112' title="bbox 2223 5047 3814 5122">
     <span class='ocr_line' id='line_1_112' title="bbox 2223 5047 3814 5122; baseline -0.004 -14"><span class='ocrx_word' id='word_1_810' title='bbox 2223 5053 2444 5122; x_wconf 81' lang='grc' dir='ltr'>θηρίων</span> <span class='ocrx_word' id='word_1_811' title='bbox 2470 5070 2534 5107; x_wconf 89' lang='grc' dir='ltr'><strong>τε</strong></span> <span class='ocrx_word' id='word_1_812' title='bbox 2566 5055 2659 5106; x_wconf 72' lang='grc' dir='ltr'><strong>κη’</strong></span> <span class='ocrx_word' id='word_1_813' title='bbox 2695 5051 2990 5106; x_wconf 80' lang='grc' dir='ltr'>πετεινῶν</span> <span class='ocrx_word' id='word_1_814' title='bbox 3013 5049 3280 5119; x_wconf 80' lang='grc' dir='ltr'>ἑρπετῶν</span> <span class='ocrx_word' id='word_1_815' title='bbox 3319 5067 3385 5104; x_wconf 85' lang='grc' dir='ltr'><strong>τε</strong></span> <span class='ocrx_word' id='word_1_816' title='bbox 3415 5050 3514 5103; x_wconf 76' lang='grc' dir='ltr'><strong>καί</strong></span> <span class='ocrx_word' id='word_1_817' title='bbox 3548 5047 3814 5102; x_wconf 76' lang='grc' dir='ltr'>ἐναλίων</span> 
     </span>
    </p>
   </div>
   <div class='ocr_carea' id='block_1_113' title="bbox 2221 5140 3810 5215">
    <p class='ocr_par' dir='ltr' id='par_1_113' title="bbox 2221 5140 3810 5215">
     <span class='ocr_line' id='line_1_113' title="bbox 2221 5140 3810 5215; baseline -0.004 -17"><span class='ocrx_word' id='word_1_818' title='bbox 2221 5143 2534 5215; x_wconf 80' lang='grc' dir='ltr'>δαμάζεται</span> <span class='ocrx_word' id='word_1_819' title='bbox 2559 5144 2660 5199; x_wconf 77' lang='grc' dir='ltr'>καὶ</span> <span class='ocrx_word' id='word_1_820' title='bbox 2682 5143 3051 5214; x_wconf 81' lang='grc' dir='ltr'>δεδάμασται</span> <span class='ocrx_word' id='word_1_821' title='bbox 3081 5142 3158 5212; x_wconf 78' lang='grc' dir='ltr'>τῇ</span> <span class='ocrx_word' id='word_1_822' title='bbox 3186 5144 3370 5214; x_wconf 75' lang='grc' dir='ltr'>φύσει</span> <span class='ocrx_word' id='word_1_823' title='bbox 3414 5140 3490 5209; x_wconf 83' lang='grc' dir='ltr'>τῆ</span> <span class='ocrx_word' id='word_1_824' title='bbox 3512 5140 3810 5208; x_wconf 76' lang='grc' dir='ltr'>ἀνθρωπί-</span> 
     </span>
    </p>
   </div>
   <div class='ocr_carea' id='block_1_114' title="bbox 2221 5233 3807 5309">
    <p class='ocr_par' dir='ltr' id='par_1_114' title="bbox 2221 5233 3807 5309">
     <span class='ocr_line' id='line_1_114' title="bbox 2221 5233 3807 5309; baseline -0.004 -17"><span class='ocrx_word' id='word_1_825' title='bbox 2221 5256 2319 5307; x_wconf 80' lang='grc' dir='ltr'>νῃ.</span> <span class='ocrx_word' id='word_1_826' title='bbox 2343 5238 2416 5291; x_wconf 84' lang='grc' dir='ltr'>Τὸ</span> <span class='ocrx_word' id='word_1_827' title='bbox 2460 5239 2641 5309; x_wconf 88' lang='grc' dir='ltr'>μέντοι</span> <span class='ocrx_word' id='word_1_828' title='bbox 2683 5236 2938 5306; x_wconf 82' lang='grc' dir='ltr'>Χριστὸς</span> <span class='ocrx_word' id='word_1_829' title='bbox 2978 5237 3152 5306; x_wconf 74' lang='grc' dir='ltr'>ὄνομα</span> <span class='ocrx_word' id='word_1_830' title='bbox 3181 5236 3282 5290; x_wconf 85' lang='grc' dir='ltr'><strong>οὑκ</strong></span> <span class='ocrx_word' id='word_1_831' title='bbox 3326 5234 3519 5299; x_wconf 85' lang='grc' dir='ltr'>οὐσίας</span> <span class='ocrx_word' id='word_1_832' title='bbox 3556 5233 3674 5287; x_wconf 72' lang='grc' dir='ltr'>ἐστὶ</span> <span class='ocrx_word' id='word_1_833' title='bbox 3707 5249 3807 5302; x_wconf 85' lang='grc' dir='ltr'>ση-</span> 
     </span>
    </p>
   </div>
   <div class='ocr_carea' id='block_1_115' title="bbox 2229 5323 3811 5398">
    <p class='ocr_par' dir='ltr' id='par_1_115' title="bbox 2229 5323 3811 5398">
     <span class='ocr_line' id='line_1_115' title="bbox 2229 5323 3811 5398; baseline -0.003 -18"><span class='ocrx_word' id='word_1_834' title='bbox 2229 5327 2508 5397; x_wconf 69' lang='grc' dir='ltr'>μαντικδν,</span> <span class='ocrx_word' id='word_1_835' title='bbox 2533 5327 2721 5398; x_wconf 76' lang='grc' dir='ltr'>ἐπειδὴ</span> <span class='ocrx_word' id='word_1_836' title='bbox 2743 5325 2866 5380; x_wconf 73' lang='grc' dir='ltr'>οὔτε</span> <span class='ocrx_word' id='word_1_837' title='bbox 2896 5327 2991 5380; x_wconf 73' lang='grc' dir='ltr'>ἐπὶ</span> <span class='ocrx_word' id='word_1_838' title='bbox 3021 5325 3205 5380; x_wconf 84' lang='grc' dir='ltr'>κοινοῦ</span> <span class='ocrx_word' id='word_1_839' title='bbox 3239 5323 3642 5397; x_wconf 77' lang='grc' dir='ltr'>σημαινομένου</span> <span class='ocrx_word' id='word_1_840' title='bbox 3666 5323 3811 5394; x_wconf 89' lang='grc' dir='ltr'>λαμ-</span> 
     </span>
    </p>
   </div>
   <div class='ocr_carea' id='block_1_116' title="bbox 2226 5416 3806 5484">
    <p class='ocr_par' dir='ltr' id='par_1_116' title="bbox 2226 5416 3806 5484">
     <span class='ocr_line' id='line_1_116' title="bbox 2226 5416 3806 5484; baseline -0.001 -14"><span class='ocrx_word' id='word_1_841' title='bbox 2226 5419 2468 5483; x_wconf 87' lang='grc' dir='ltr'>6άνεται,</span> <span class='ocrx_word' id='word_1_842' title='bbox 2504 5418 2631 5472; x_wconf 77' lang='grc' dir='ltr'>οὔτε</span> <span class='ocrx_word' id='word_1_843' title='bbox 2685 5418 2828 5473; x_wconf 81' lang='grc' dir='ltr'>κατὰ</span> <span class='ocrx_word' id='word_1_844' title='bbox 2885 5419 3098 5472; x_wconf 85' lang='grc' dir='ltr'>πολλῶν</span> <span class='ocrx_word' id='word_1_845' title='bbox 3146 5418 3504 5473; x_wconf 86' lang='grc' dir='ltr'>ὑποστάσεων</span> <span class='ocrx_word' id='word_1_846' title='bbox 3558 5416 3806 5484; x_wconf 80' lang='grc' dir='ltr'>λέγεται,</span> 
     </span>
    </p>
   </div>
   <div class='ocr_carea' id='block_1_117' title="bbox 2225 5509 3813 5583">
    <p class='ocr_par' dir='ltr' id='par_1_117' title="bbox 2225 5509 3813 5583">
     <span class='ocr_line' id='line_1_117' title="bbox 2225 5509 3813 5583; baseline -0.003 -17"><span class='ocrx_word' id='word_1_847' title='bbox 2225 5512 2350 5566; x_wconf 75' lang='grc' dir='ltr'>οὔτε</span> <span class='ocrx_word' id='word_1_848' title='bbox 2391 5512 2496 5582; x_wconf 78' lang='grc' dir='ltr'>μὴν</span> <span class='ocrx_word' id='word_1_849' title='bbox 2542 5511 2674 5566; x_wconf 84' lang='grc' dir='ltr'>ἄνευ</span> <span class='ocrx_word' id='word_1_850' title='bbox 2723 5512 2834 5565; x_wconf 89' lang='grc' dir='ltr'><strong>τῶν</strong></span> <span class='ocrx_word' id='word_1_851' title='bbox 2877 5511 3189 5583; x_wconf 74' lang='grc' dir='ltr'>ἰδιωμάτων</span> <span class='ocrx_word' id='word_1_852' title='bbox 3230 5511 3600 5582; x_wconf 86' lang='grc' dir='ltr'>ὁμολογεῖται.</span> <span class='ocrx_word' id='word_1_853' title='bbox 3638 5509 3813 5562; x_wconf 82' lang='grc' dir='ltr'>Τοῦτο</span> 
     </span>
    </p>
   </div>
   <div class='ocr_carea' id='block_1_118' title="bbox 2225 5603 3809 5676">
    <p class='ocr_par' dir='ltr' id='par_1_118' title="bbox 2225 5603 3809 5676">
     <span class='ocr_line' id='line_1_118' title="bbox 2225 5603 3809 5676; baseline -0.001 -19"><span class='ocrx_word' id='word_1_854' title='bbox 2225 5605 2335 5674; x_wconf 82' lang='grc' dir='ltr'><strong>γὰρ</strong></span> <span class='ocrx_word' id='word_1_855' title='bbox 2375 5607 2526 5676; x_wconf 82' lang='grc' dir='ltr'>ἡμᾶς</span> <span class='ocrx_word' id='word_1_856' title='bbox 2551 5606 2644 5659; x_wconf 72' lang='grc' dir='ltr'><strong>καὶ</strong></span> <span class='ocrx_word' id='word_1_857' title='bbox 2671 5607 2698 5659; x_wconf 87' lang='grc' dir='ltr'>ὁ</span> <span class='ocrx_word' id='word_1_858' title='bbox 2720 5607 2778 5658; x_wconf 79' lang='grc' dir='ltr'>ἐν</span> <span class='ocrx_word' id='word_1_859' title='bbox 2818 5604 2992 5674; x_wconf 86' lang='grc' dir='ltr'>ἁγίοις</span> <span class='ocrx_word' id='word_1_860' title='bbox 3021 5604 3270 5658; x_wconf 88' lang='grc' dir='ltr'>διδάσκει</span> <span class='ocrx_word' id='word_1_861' title='bbox 3300 5603 3574 5676; x_wconf 84' lang='grc' dir='ltr'>Κύριλλος</span> <span class='ocrx_word' id='word_1_862' title='bbox 3609 5605 3669 5658; x_wconf 82' lang='grc' dir='ltr'>ὲν</span> <span class='ocrx_word' id='word_1_863' title='bbox 3696 5606 3809 5666; x_wconf 82' lang='grc' dir='ltr'>τοῖς</span> 
     </span>
    </p>
   </div>
   <div class='ocr_carea' id='block_1_119' title="bbox 2228 5695 3805 5773">
    <p class='ocr_par' dir='ltr' id='par_1_119' title="bbox 2228 5695 3805 5773">
     <span class='ocr_line' id='line_1_119' title="bbox 2228 5695 3805 5773; baseline -0.004 -20"><span class='ocrx_word' id='word_1_864' title='bbox 2228 5700 2460 5773; x_wconf 77' lang='grc' dir='ltr'>σχολίοις</span> <span class='ocrx_word' id='word_1_865' title='bbox 2489 5699 2656 5756; x_wconf 85' lang='grc' dir='ltr'>αὑτοῦ</span> <span class='ocrx_word' id='word_1_866' title='bbox 2686 5702 2799 5765; x_wconf 87' lang='grc' dir='ltr'>τοῖς</span> <span class='ocrx_word' id='word_1_867' title='bbox 2831 5700 2962 5772; x_wconf 72' lang='grc' dir='ltr'>περὶ</span> <span class='ocrx_word' id='word_1_868' title='bbox 2986 5699 3086 5771; x_wconf 76' lang='grc' dir='ltr'>τῆς</span> <span class='ocrx_word' id='word_1_869' title='bbox 3107 5699 3582 5770; x_wconf 79' lang='grc' dir='ltr'>ὲνανθρωπήσεως</span> <span class='ocrx_word' id='word_1_870' title='bbox 3601 5695 3805 5765; x_wconf 79' lang='grc' dir='ltr'>λέγων,</span> 
     </span>
    </p>
   </div>
  </div>
