4112 6556
267 450 402 516 ill?

1191 460 1634 522 TRACTATUS
1672 459 1972 520 CONTRA
2014 459 2624 522 MONOPl-IYSITAS.

3412 457 3548 526 1118

267 569 348 621 ὅτι
400 565 477 618 Τὸ
535 567 793 636 Χριστὸς
845 569 1018 642 ὄνομα
1068 569 1190 622 οὗτε
1239 571 1365 638 ὅρου
1428 569 1662 638 δύναμιν
1710 568 1845 638 ἔχει,

1980 566 2253 637 ιιίᾳυιιηάο
2287 583 2410 624 esse
2443 568 2780 640 signiﬁcare,
2806 568 2949 624 sicut
2975 566 3225 639 profecto
3259 566 3548 640 (nomina)

264 656 389 711 οὗτε
421 657 530 728 μὴν
561 658 662 730 τήν
691 676 837 724 τινος
862 661 1052 714 οὐσίαν
1075 662 1103 714 ὅ
1132 677 1186 713 τι
1221 660 1350 713 ποτέ
1377 663 1528 712 ἐστιν
1559 660 1854 730 σημαίνει·

266 748 518 821 καθάπερ
563 748 757 819 ἀμέλει
803 749 1092 821 ἄνθρωπος
1135 749 1168 821 ἢ
1205 750 1373 813 ῖππος
1403 749 1438 821 ἢ
1471 749 1622 821 βοῦς.
1656 770 1674 802 ι
1709 751 1772 805 Et
1801 752 1886 804 δὲ.

267 841 411 894 κατὰ
448 840 546 912 τὴν
578 841 686 895 τῶν
717 842 1018 913 αἱρετικῶν
1063 841 1417 914 βλασφημίαν
1457 842 1645 906 οὐσίας
1679 843 1859 915 ὑπῆρ-

267 953 362 1004 χεν
408 933 712 1003 δηλωτικδν
747 935 810 988 τὸ
840 934 1096 1001 Χριστὸς
1125 934 1297 1006 ὑνομα
1321 934 1513 1005 ὥσπερ
1541 936 1604 1000 τὸ
1632 937 1854 1004 ἀνθρω-

266 1044 402 1092 πος,
424 1027 613 1080 πολλοὶ
640 1028 870 1098 Χριστοὶ
910 1028 1034 1079 κατ’
1053 1028 1253 1090 αὐτοὺς
1289 1029 1698 1099 εὑρεθήσονται,
1727 1029 1849 1081 καθ’

267 1117 343 1177 ὧν
371 1121 432 1174 τὸ
473 1121 651 1174 κοινὸν
695 1121 795 1190 τῆς
833 1120 1022 1185 οὐσίας
1049 1121 1164 1173 τοῦ
1195 1120 1435 1192 Χριστοῦ
1485 1121 1738 1190 λέγουσιν
1762 1137 1776 1152 ο
1805 1123 1853 1174 εἰ

268 1216 324 1268 δὲ
347 1213 505 1267 τοῦτο
542 1212 750 1276 ἀσεϐὲς
784 1212 880 1265 καὶ
931 1212 1219 1284 ἀλλότριον
1275 1213 1560 1276 παντελῶς
1593 1215 1636 1266 Χ
1648 1230 1860 1284 ριστια-

269 1306 464 1377 νισμοῦ
493 1301 595 1376 (εἷς
651 1307 760 1377 γὰρ
816 1304 1022 1376 Κύριος
1055 1306 1262 1378 Ἰησοῦς
1297 1308 1575 1379 Χριστὸς),
1617 1308 1863 1378 δηλονότι

269 1404 369 1458 οὑκ
421 1405 514 1456 ἐπὶ
570 1401 863 1474 προσώπου
917 1403 1080 1474 ἦτουν
1114 1404 1470 1468 ὑποστάσεως
1519 1406 1582 1458 τὸ
1611 1405 1864 1474 Χριστι¹ς

267 1495 632 1568 ὁμολογεῖται.

339 1589 714 1659 Σκοπήσωμεν
758 1589 814 1640 δὲ
859 1588 956 1640 καὶ
1005 1589 1181 1652 ἄλλως
1220 1590 1286 1660 ἢν
1345 1587 1457 1658 ἕλει
1498 1589 1767 1660 διαφορέιν
1798 1586 1858 1642 τὸ

269 1681 371 1750 τῆς
397 1680 712 1751 οἰκονομίας
740 1681 1046 1750 μυστήριον
1081 1682 1217 1751 πρὸς
1245 1681 1305 1733 τὸ
1339 1681 1481 1734 κατὰ
1520 1680 1612 1732 τὸν
1640 1679 1858 1751 ἄνθρω-

272 1789 374 1825 πον
405 1772 732 1852 ὑπόδειγμα.
773 1773 830 1824 Ὀ
857 1773 955 1844 μὲν
977 1773 1086 1844 γὰρ
1121 1774 1406 1844 ἄνθρωπος
1428 1776 1526 1843 τῆς
1555 1773 1734 1844 ψυχῆς
1765 1774 1859 1827 καὶ

275 1863 526 1936 σώματος
558 1865 864 1935 σύγκειται,
893 1867 1220 1936 ἀμφοτέρων
1250 1867 1486 1920 κτιστῶν
1504 1883 1518 1896 ·
1541 1869 1569 1920 6
1585 1867 1642 1920 δὲ
1659 1868 1858 1937 Κύριος

276 1957 430 2026 ἡμῶν
478 1957 686 2027 Ἰησοῦς
726 1958 964 2028 Χριστὸς
1008 1957 1142 2022 Θεὸς
1189 1959 1285 2010 καὶ
1331 1957 1618 2029 ἄνθρωπος
1645 1959 1673 2010 6
1703 1958 1863 2020 αὐτος

275 2048 559 2118 ὑπάρχων,
581 2047 723 2101 κατὰ
757 2048 856 2115 μὲν
885 2051 983 2118 τὴν
1017 2049 1252 2119 θεότητα
1280 2050 1376 2102 καὶ
1415 2049 1745 2120 προαιώνιος
1779 2049 1874 2104 καὶ

275 2142 532 2205 ἄκτιστός
557 2144 728 2206 ἐστιν,
764 2142 904 2195 κατὰ
952 2143 1009 2195 δὲ
1055 2143 1154 2213 τὴν
1205 2144 1604 2214 ἀνθρωπότητα
1643 2145 1734 2198 καὶ
1758 2163 1877 2197 κτι-

279 2236 402 2299 στὸς
426 2235 522 2288 καὶ
552 2238 610 2288 ἐν
638 2236 834 2307 χρόνῳ·
863 2235 985 2289 ὅθεν
1008 2236 1262 2301 ἄκτιστος
1287 2236 1489 2300 ὁαὺτὸς
1516 2238 1610 2290 καὶ
1637 2239 1872 2304 κτιστὺς,

279 2328 504 2399 ἄχρονςς
525 2328 617 2383 καί
635 2331 692 2382 ἐν
723 2328 922 2400 χρόνῳ.
947 2330 1054 2382 Καὶ
1078 2329 1165 2383 διὰ
1195 2329 1352 2383 τοῦτο
1376 2333 1539 2400 ἡμεῖς
1564 2331 1742 2386 πάντα
1758 2332 1876 2394 ἐνὸς

282 2420 376 2472 καὶ
397 2422 492 2472 τοῦ
519 2418 683 2473 αὑτοῦ
705 2420 1112 2490 ὁμολογοῦντες,
1130 2422 1198 2475 τὰ
1226 2421 1322 2491 μὲν
1348 2425 1414 2492 τῇ
1442 2422 1588 2492 θείᾳ,
1619 2423 1690 2476 τά
1721 2422 1778 2475 δὲ
1805 2425 1871 2493 τῇ

281 2507 598 2580 ἀνθρωπίνῃ
617 2508 779 2561 αὑτοῦ
798 2509 1128 2580 λογιζόμεθα
1161 2510 1342 2580 φύσει.
1378 2513 1730 2582 ’Λκούσωμεν
1768 2513 1877 2582 γὰρ

284 2601 482 2654 καὶτοῦ
506 2603 563 2653 ἐν
580 2602 756 2670 ἁγίοις
785 2603 1028 2674 Πρόκλου
1053 2605 1110 2656 ἐν
1133 2604 1212 2676 τῷ
1228 2607 1306 2668 εἰς
1323 2605 1422 2677 τὴν
1441 2607 1704 2659 Θεοτόκον
1734 2606 1876 2676 λόγῳ

283 2694 351 2746 τὰ
371 2694 726 2764 παραπλήσια
745 2694 951 2757 τούτοις
972 2697 1120 2767 ἡμᾶς
1141 2697 1570 2762 ἐκδιδάσκοντος’
1596 2697 1748 2767 λέγει
1768 2701 1877 2771 γὰρ

284 2788 478 2852 οὕτως·
506 2808 524 2839 ι
550 2789 718 2853 Τόκος
743 2791 1062 2862 παράδοξος,
1080 2793 1223 2864 ἁρχὴ
1244 2793 1340 2846 καὶ
1357 2794 1456 2847 οὑκ
1471 2792 1614 2865 ἀρχὴ
1637 2793 1731 2848 τοῦ
1749 2810 1876 2863 τεχ-

287 2877 469 2941 θέντος
493 2878 620 2946 ’τῆς
639 2879 738 2949 μὲν
759 2881 868 2950 γὰρ
887 2880 983 2934 ἀνθ
993 2881 1306 2952 ρωπότητος
1326 2884 1551 2952 γέγονεν
1571 2882 1715 2955 ἀρχὴ
1734 2924 1748 2947 ,
1772 2882 1877 2954 ἡδὲ

287 2969 479 3041 θεότης
531 2971 748 3040 ἔμεινεν
776 2973 1029 3044 ἄναρχος.
1071 2993 1088 3024 ι
1139 2975 1230 3044 Μὴ
1263 2975 1669 3029 άπατάσθωσαν
1689 2975 1873 3030 τοίνυν

288 3062 337 3114 οἱ
364 3061 662 3131 ἄνθρωποι,
701 3062 837 3132 μηδὲ
866 3063 1257 3126 άπατάτωσαν,
1283 3064 1346 3115 ὲκ
1379 3061 1470 3115 τοῦ
1502 3063 1644 3117 κατὰ
1667 3063 1757 3116 τὸν
1781 3063 1876 3118 ἄν-

289 3154 506 3225 θρωπον
533 3154 957 3224 ὑποδείγματος,
988 3158 1123 3227 μιᾶς,
1148 3158 1335 3220 οὐσίας
1363 3152 1503 3210 εἶναι
1525 3156 1616 3210 τὸν
1643 3155 1878 3227 Χριστὸν

1957 660 2147 728 homo,
2177 675 2276 716 seu
2305 676 2508 731 equus,
2535 675 2636 716 seu
2661 661 2784 716 bos.
2823 679 2843 712 ι
2878 660 2934 716 Si
2972 668 3154 716 autem
3189 660 3345 732 juxta
3373 660 3550 715 inere-

1959 756 2196 811 ticorum
2265 754 2668 825 blasphemiam
2728 770 2931 809 nomen
2991 754 3228 810 Christus
3287 762 3348 816 ut
3399 756 3552 808 homo

1957 847 2284 904 substantia:
2331 847 2762 919 signiﬁcativum
2815 847 2939 912 fuit,
2973 847 3134 902 multi
3167 846 3369 902 Christi
3397 846 3552 916 juxta

1954 941 2079 996 illos
2129 940 2502 1005 invenientur,
2554 940 2759 1010 quibus
2791 953 3139 995 communem
3187 938 3552 994 substantiam

1957 1036 2164 1092 Christi
2195 1036 2422 1102 dicunt;
2452 1037 2496 1091 si
2535 1051 2668 1091 vero
2701 1037 2808 1091 hoc
2843 1035 3076 1106 impium
3112 1033 3278 1090 fuerit
3303 1031 3556 1088 omnino-

1963 1145 2071 1200 que
2099 1130 2339 1186 alienum
2368 1146 2397 1183 a
2425 1128 2878 1194 Christianismo,
2914 1142 3058 1183 unus
3093 1127 3240 1182 enim
3275 1133 3359 1180 est
3394 1123 3555 1179 Jesus

1965 1218 2242 1285 Christus,
2267 1219 2558 1275 evidenter
2581 1234 2694 1274 non
2720 1220 2776 1274 in
2799 1234 3034 1292 persona
3064 1226 3164 1273 aut
3187 1215 3242 1270 in
3271 1213 3552 1287 hypostasi

1931 1375 1943 1390 ι
1968 1310 2252 1368 Christum
2277 1311 2630 1367 conﬁtentur.

2034 1585 2422 1656 Expendemus
2449 1594 2633 1642 autem
2665 1585 2826 1642 aliter
2855 1601 3018 1656 quam
3051 1579 3421 1639 differentiam
3449 1577 3550 1632 ha-

1963 1680 2093 1736 beat
2114 1680 2438 1736 oeconomia:
2467 1679 2790 1751 mysterium
2813 1678 2880 1731 ad
2915 1675 3196 1745 exemplar
3222 1688 3291 1728 ex
3327 1669 3551 1725 homine

1963 1782 2268 1844 sumptum.
2333 1773 2507 1827 Homo
2553 1769 2776 1841 quidem
2834 1784 2899 1823 ex
2950 1769 3131 1822 anima
3199 1775 3256 1819 et
3319 1775 3552 1832 corpore

1957 1879 2050 1924 est
2106 1867 2478 1938 compositus,
2537 1874 2773 1935 utroque
2823 1873 3042 1928 creato;
3098 1859 3362 1914 Domi-nus
3422 1870 3556 1911 vero

1977 1970 2166 2015 noster
2193 1960 2352 2015 Jcsus
2388 1959 2642 2014 Christus
2685 1958 2832 2012 Deus
2872 1956 3129 2023 idemque
3169 1953 3356 2015 homo,
3401 1949 3555 2019 juxta

1975 2053 2198 2123 quidem
2247 2051 2628 2116 divinitatem,
2675 2057 2918 2104 aeternus
2989 2047 3375 2113 increatusque
3447 2048 3554 2105 est,

1971 2145 2125 2216 juxta
2153 2158 2284 2198 vero
2315 2143 2714 2197 humanitatem
2737 2147 2989 2195 creatura
3021 2145 3106 2193 est
3135 2145 3298 2206 atque
3329 2136 3384 2188 in
3411 2141 3556 2187 tem-

1975 2251 2111 2306 pore
2147 2236 2384 2307 genitus.
2421 2234 2576 2291 Unde
2623 2233 2768 2288 idem
2809 2241 2895 2288 est
2925 2231 3202 2286 increatus
3227 2236 3284 2283 et
3315 2235 3554 2291 creatus,

1977 2338 2104 2383 ante
2148 2337 2395 2397 tempora
2438 2341 2502 2382 ac
2532 2327 2586 2380 in
2630 2333 2911 2396 tempore;
2943 2331 3345 2394 proptereaque
3371 2317 3557 2372 omnia

1975 2420 2044 2476 de
2096 2435 2207 2475 uno
2249 2418 2556 2488 eodemque
2613 2431 2716 2472 nos
2761 2415 3117 2479 conﬁtentes,
3166 2412 3272 2467 alia
3323 2409 3556 2472 divinae,

1975 2514 2082 2568 alia
2130 2527 2261 2567 vero
2315 2511 2568 2566 humana:
2621 2511 2743 2577 ejus
2793 2518 3004 2563 natura:
3059 2506 3380 2560 tribuimus.
3431 2503 3560 2558 Au-

1977 2606 2194 2660 diamus
2236 2605 2383 2659 enim
2423 2605 2590 2658 etiam
2623 2609 2875 2657 sanetum
2923 2599 3172 2653 Proclum
3209 2597 3262 2651 in
3304 2607 3560 2651 sermone

1977 2699 2063 2759 de,
2110 2697 2282 2751 Matre
2362 2696 2491 2759 Dei,
2545 2695 2744 2750 similia
2797 2693 2884 2747 his
2936 2692 3262 2755 docentem;
3321 2687 3402 2743 sic
3457 2703 3558 2742 au-

1979 2803 2088 2849 tem
2138 2792 2434 2862 loquitur:
2483 2809 2502 2842 ι
2550 2789 2816 2844 Mirabilis
2871 2797 3084 2858 partus,
3123 2784 3454 2856 principium
3495 2796 3561 2838 ac

1976 2902 2086 2940 non
2133 2884 2468 2956 principium
2514 2884 2632 2954 ejus
2677 2883 2770 2952 qui
2819 2881 2920 2935 fuit
2970 2880 3189 2945 editus;
3243 2876 3560 2931 humanita-

1979 2979 2050 3035 tis
2095 2979 2242 3034 enim
2295 2978 2476 3032 factus
2524 2985 2609 3031 est
2661 2975 3017 3046 principium,
3061 2971 3327 3027 divinitas
3375 2977 3559 3024 autem

1978 3072 2242 3127 remansit
2286 3070 2406 3127 sine
2460 3069 2757 3140 principio.
2797 3087 2815 3120 ι
2867 3067 2946 3122 Ne
3000 3065 3168 3136 igitur
3213 3062 3562 3131 decipiantur

1979 3165 2068 3220 isti
2104 3165 2358 3219 homines
2402 3177 2581 3234 neque
2625 3161 2936 3231 decipiant,
2981 3174 3047 3214 ex
3078 3155 3331 3226 exemplo
3364 3169 3564 3209 secun-

288 3245 703 3316 τερατευόμενοι
724 3262 739 3276 ·
772 3247 840 3300 τὰ
884 3247 993 3316 γὰρ
1042 3247 1420 3315 ὑποδείγματα
1442 3247 1502 3299 οὐ
1534 3246 1622 3299 διὰ
1658 3245 1874 3298 πάντων

1980 3255 2111 3309 dum
2170 3256 2450 3310 hominem
2513 3261 2771 3323 sumpto,
2833 3250 2998 3304 unius
3065 3264 3186 3304 esse
3243 3245 3564 3302 substantias

289 3339 452 3409 ὅμοιά
483 3339 630 3391 ἐστιν
657 3337 886 3401 ἐκείνοις
907 3376 922 3400 ,
953 3333 1026 3391 ὧν
1060 3340 1139 3400 εἰς
1162 3337 1465 3406 ὑπόδειγμα
1491 3335 1831 3405 λαμϐάνεται
1849 3351 1872 3373 υ

291 3438 340 3488 εἰ
383 3434 489 3505 γὰρ
522 3434 608 3488 διὰ
633 3432 850 3495 πάντως
897 3432 1060 3500 ὃμοια
1089 3430 1286 3500 εὑρεθῇ
1315 3467 1332 3491 ,
1363 3429 1430 3480 τά
1466 3427 1607 3480 αὐτὰ
1654 3428 1872 3489 πάντως

291 3529 445 3582 ἔσται
467 3527 562 3582 καὶ
581 3527 641 3579 οὑ
669 3525 1112 3595 παραδείγματα.
1146 3523 1254 3575 Kal.
1289 3523 1317 3574 6
1345 3522 1404 3574 ὲν
1426 3521 1602 3589 ἁγίοις
1632 3521 1736 3590 γὰρ
1762 3517 1873 3572 Κύ-

296 3619 472 3689 ριλλος
501 3620 624 3671 κατ’
657 3617 810 3671 οὐδὲν
836 3617 1022 3687 ἕτερον
1062 3614 1140 3685 τῷ
1163 3612 1256 3667 τοῦ
1281 3611 1570 3679 ἀνθρώπου
1606 3611 1873 3682 κέχρηται

293 3709 724 3780 παραδείγματι,
762 3706 900 3778 πλὴν
927 3706 1016 3759 διὰ
1049 3706 1209 3776 μόνον
1238 3705 1297 3756 το
1321 3692 1571 3756 ἐκϐαλεῖν
1602 3702 1701 3771 τὴν
1725 3700 1874 3754 Παύ-

293 3803 385 3855 λου
415 3803 508 3856 καὶ
538 3799 834 3871 Νεστορίου
868 3797 1240 3869 βλασφημίαν,
1271 3795 1377 3850 τῶν
1399 3794 1750 3866 διαιρούντων
1776 3795 1875 3855 τὰς

296 3896 489 3964 φύσεις
509 3895 604 3948 ἀπ’
633 3893 898 3965 ἀλλήλων,
929 3893 1022 3946 καὶ
1051 3893 1131 3954 είς
1160 3890 1253 3944 δύο
1273 3889 1538 3961 πρόσωπα
1561 3889 1726 3959 ἤγουν
1752 3887 1878 3940 ὑπο⁴

277 3989 514 4066 στάσεις
542 3987 744 4050 ταύτας
761 3985 1168 4056 λαμϐανόντων,
1197 3984 1292 4038 καὶ
1312 3983 1566 4037 ἐντεῦθεν
1593 3983 1686 4036 δύο
1712 3982 1876 4044 Υἱοὺς

293 4082 390 4135 καὶ
419 4080 514 4132 δύο
530 4080 801 4150 Χριστοὺς
827 4077 1114 4145 λεγόντων,
1155 4075 1250 4130 ἕνα
1280 4076 1378 4146 μὲν
1405 4074 1497 4127 τὸν
1526 4075 1592 4128 ὲκ
1621 4072 1714 4126 τοῦ
1739 4071 1874 4126 Θεοῦ

293 4175 390 4228 καὶ
415 4173 627 4242 Πατρὸς
657 4171 819 4235 Υἱὸν,
851 4170 1038 4242 ἓτερον
1075 4169 1132 4222 δὲ
1179 4169 1269 4222 τὸν
1302 4170 1366 4221 ἐκ
1402 4170 1498 4239 τῆς
1542 4166 1700 4236 άγίας
1729 4167 1877 4236 Παρ-

295 4266 450 4320 θένου
475 4267 570 4320 καὶ
597 4265 862 4319 Θεοτόκου
900 4264 1120 4335 Μαρίας
1149 4263 1622 4318 ἀναπλαττόντων.
1670 4262 1757 4325 Ὦς
1791 4261 1878 4315 διὰ

293 4360 456 4414 τοῦτο
480 4360 615 4432 μηδὲ
640 4359 903 4414 Θεοτόκον
923 4359 1092 4430 αὐτὴν
1114 4358 1242 4430 παρ’
1267 4359 1446 4413 αὑτᾶιν
1471 4357 1876 4429 ὁμολ-γεῖσθαι,

294 4453 434 4508 ἀλλὰ
461 4454 552 4506 τον
597 4452 659 4518 ἐξ
685 4453 856 4523 αὐτῆς
891 4452 1221 4523 γεννηθέντα
1241 4491 1256 4517 ,
1288 4451 1444 4522 ψιλὸν
1473 4451 1761 4522 ἄνθρωπον
1789 4450 1878 4502 λέ-

295 4547 510 4615 γεσθαι,
559 4546 743 4617 χάριτι
785 4545 842 4598 δὲ
883 4544 976 4600 καὶ
1013 4543 1285 4598 οἰκειώσει
1307 4544 1401 4598 καὶ
1448 4544 1630 4615 σχέσει
1653 4546 1718 4614 τῇ
1744 4543 1881 4615 πρὸς

1978 3346 2261 3402 Christum
2297 3346 2663 3411 mentientes;
2701 3341 3034 3412 exemplaria
3081 3339 3228 3395 enim
3275 3352 3385 3392 non
3433 3344 3565 3391 sunt.

1981 3442 2034 3496 in
2062 3442 2320 3496 omnibus
2350 3441 2548 3496 similia
2576 3440 2684 3495 illis
2707 3453 2945 3509 quorum
2973 3445 3268 3491 sumuntur
3291 3433 3346 3487 in
3375 3447 3559 3487 exem-

1980 3536 2132 3608 plar;
2160 3535 2205 3590 si
2249 3535 2395 3589 enim
2427 3533 2654 3588 omnino
2699 3530 2900 3586 similia
2936 3523 3337 3587 invenirentur,
3371 3523 3562 3580 eadem

1982 3628 2208 3684 omnino
2256 3634 2464 3688 essent,
2488 3641 2599 3679 non
2639 3622 2994 3693 exemplaria.
3048 3619 3282 3675 Sanetus
3328 3616 3566 3689 Cyrillus

1982 3729 2166 3775 autem
2203 3718 2458 3786 exemplo
2503 3717 2744 3770 hominis
2773 3715 2840 3769 ad
2890 3713 3030 3767 nihil
3057 3710 3206 3766 aliud
3241 3709 3416 3764 utitur
3459 3706 3562 3761 nisi

1983 3812 2050 3866 ad
2099 3808 2496 3880 proﬂigandam
2546 3806 2696 3862 Pauli
2749 3793 2813 3860 ac
2863 3802 3101 3878 Nestorii
3145 3798 3562 3870 blasphemiam,

1983 3902 2350 3957 dividentium
2410 3909 2637 3954 naturas
2680 3898 2748 3952 ah
2776 3897 3015 3953 invicem
3042 3894 3273 3962 illasque
3325 3891 3381 3945 in
3427 3889 3567 3944 duas

1985 4009 2250 4066 personas
2288 3994 2372 4048 vel
2403 3994 2726 4064 hypostases
2757 3985 3371 4059 comprehendentium,
3408 3982 3569 4036 indeo

1985 4102 2091 4157 que
2114 4087 2255 4140 duos
2286 4085 2449 4139 Filios
2472 4084 2722 4152 duosque
2744 4080 2996 4135 Christus
3019 4077 3342 4142 dicentium,
3396 4087 3568 4128 unum

1985 4176 2207 4247 quidem
2248 4192 2314 4230 ex
2346 4176 2458 4230 Deo
2497 4184 2552 4230 et
2603 4174 2762 4229 Patre
2794 4171 3014 4235 Filium,
3045 4171 3277 4225 alterum
3327 4183 3454 4222 vero
3499 4180 3568 4220 ex

1985 4270 2158 4324 Matre
2213 4267 2280 4322 de
2324 4267 2491 4323 Maria
2541 4267 2887 4338 ﬁngentium.
2919 4265 3156 4333 Propter
3197 4262 3302 4315 hoc
3343 4260 3567 4315 Matrem

1986 4366 2082 4420 Dei
2114 4366 2260 4420 illam
2291 4381 2398 4418 non
2433 4361 2788 4425 conﬁtentur,
2814 4357 2909 4414 sed
2936 4358 3030 4428 qui
3055 4356 3124 4413 de
3156 4355 3247 4410 illa
3281 4365 3441 4408 natus
3461 4359 3566 4416 est,

1987 4474 2198 4514 merum
2231 4457 2510 4512 hominem
2535 4455 2767 4519 dicunt;
2803 4450 3072 4507 charitate
3099 4464 3253 4513 vero,
3285 4443 3568 4501 familiari-

1987 4557 2123 4614 tate,
2178 4548 2658 4616 relationibusque
2699 4545 2816 4600 suis
2857 4559 2986 4615 erga
3022 4541 3220 4597 Filium
3265 4537 3567 4594 secundum

297 4639 390 4692 τὸν
412 4638 551 4692 κατὰ
576 4637 737 4708 φύσιν
769 4637 918 4705 Υίὺν,
941 4638 1041 4708 τῆς
1062 4638 1309 4707 υίότητος
1331 4638 1397 4690 ἐκ
1419 4637 1700 4709 προκοπῆς
1721 4637 1874 4708 ἠξιῶ-

1987 4651 2242 4697 naturam
2264 4680 2280 4706 ,
2319 4639 2374 4694 in
2415 4651 2699 4712 posterum
2735 4635 3146 4692 materuitatem
3180 4633 3423 4688 divinam
3455 4647 3572 4686 me-

299 4732 453 4790 σθαι.

370 4820 510 4891 Πρδς
528 4817 802 4886 ἀπόδειξιν
817 4819 874 4873 δὲ
896 4816 992 4873 τοῦ
1018 4818 1100 4872 ὅτι
1117 4817 1291 4873 ταῦτα
1313 4817 1486 4884 οὕτως
1521 4819 1764 4890 ὲὸλασφή
1774 4837 1884 4891 μη-

301 4932 400 4967 σαν
435 4913 646 4978 Παῦλος
675 4931 734 4967 τε
765 4915 860 4967 καὶ
887 4910 1220 4986 Νεστόριος,
1250 4915 1315 4967 ὲκ
1342 4915 1451 4967 τῶν
1481 4914 1885 4986 γεγραμμένων

301 5008 486 5070 αὐτοῖς
509 5007 778 5061 ἀσεϐειῶν
807 5007 996 5074 ὀλίγας
1021 5005 1394 5078 παρεθέμεθα,
1422 5005 1522 5079 τὴν
1543 5007 1749 5061 τούτων
1783 5023 1889 5076 μα·

305 5098 422 5151 νίαν
465 5101 602 5152 πᾶσι
650 5102 996 5172 Χριστιανοῖς
1043 5097 1474 5170 στηλιτεὺοντες.
1507 5099 1671 5166 Λέγει
1701 5097 1831 5168 γοῦν
1858 5099 1887 5152 6

304 5190 508 5262 ἀσεϐὴς
557 5193 766 5254 Παῦλος
810 5194 869 5246 ὲν
919 5194 1032 5256 τοῖς
1077 5194 1206 5266 περὶ
1243 5191 1408 5246 αὑτοῦ
1453 5191 1885 5263 πεπραγμένοις

312 5302 330 5333 ι
374 5282 644 5352 Συνῆλθεν
693 5287 720 5337 6
771 5285 943 5354 Λόγος
975 5284 1052 5356 τῷ
1094 5286 1160 5338 ὲκ
1198 5284 1365 5340 Δαδὶδ
1407 5287 1782 5355 γεγενημένῳ,
1829 5285 1888 5348 ὃς

307 5379 456 5429 ἐστιν
518 5376 725 5448 Ἰησοῦς
779 5379 1012 5448 Χριστὸς
1055 5382 1084 5433 6
1132 5380 1412 5450 γεννηθεὶς
1466 5381 1531 5432 ἐκ
1579 5379 1890 5450 Πνεύματος

308 5468 487 5534 ἁγίου.
515 5468 626 5522 Καὶ
643 5467 833 5521 τοῦτον
863 5469 961 5538 μὲν
984 5470 1218 5540 ἤνεγκεν
1241 5472 1275 5542 ἡ
1302 5471 1577 5542 Παρθένος
1599 5469 1686 5523 διὰ
1716 5469 1890 5524 Πνεύ-

313 5577 481 5632 ματος
512 5559 692 5627 ἁγίου,
734 5559 940 5612 ἐκεῖνον
969 5558 1024 5611 δὲ
1053 5560 1142 5614 τὸν
1179 5561 1352 5629 Λόγον
1382 5560 1672 5630 ἐγέννησεν
1701 5561 1728 5612 6
1759 5560 1892 5624 Θεὸς

309 5655 440 5710 ἄνευ
489 5653 768 5726 Παρθένου
822 5654 918 5706 καὶ
976 5654 1103 5708 ἄνευ
1149 5656 1294 5719 τινος
1333 5655 1567 5721 οὐδενὸς,
1617 5654 1758 5725 πλὴν
1798 5653 1891 5708 τοῦ

311 5748 452 5802 Θεοῦ
473 5764 485 5778 ³
513 5749 612 5802 καὶ
644 5747 817 5811 οὕτως
848 5747 1054 5818 ὑπέστη
1082 5751 1110 5801 6
1134 5749 1325 5814 Λόγος.
1361 5767 1379 5800 ι
1408 5750 1514 5803 Καὶ
1546 5749 1709 5801 πάλιν
1742 5749 1771 5801 6
1798 5747 1890 5802 αὑ-

313 5842 404 5904 τὸς
427 5841 628 5913 ἀσεϐὴς
659 5840 871 5904 Παῦλος
895 5839 1041 5909 λέγει
1068 5857 1081 5871 ⁸
1117 5859 1134 5893 ι
1188 5841 1246 5892 '0
1277 5841 1448 5909 Λόγος
1479 5840 1679 5912 μείζων
1708 5837 1776 5914 ἦν
1800 5841 1894 5896 τοῦ

318 5932 588 6006 Χριστοῦ·
641 5933 874 6005 Χριστὸς
918 5932 1004 5987 διὰ
1045 5931 1237 6003 σοφίαν
1285 5933 1485 6004 μείζων
1533 5933 1784 6003 ἐγένετο·
1837 5935 1897 5989 τὸ

1989 4734 2121 4789 ruit.

2059 4826 2142 4881 Ad
2174 4824 2522 4897 probandum
2578 4823 2806 4878 Paulum
2861 4836 2925 4876 ac
2960 4819 3276 4875 Nestorium
3333 4817 3414 4873 sic
3446 4816 3566 4872 bla-

1992 4917 2337 4988 sphemasse,
2371 4915 2624 4987 quaedam
2672 4931 2740 4969 ex
2780 4929 2974 4969 eorum
3007 4911 3230 4981 scriptis
3257 4909 3442 4979 impiis
3489 4917 3571 4963 at-

1993 5010 2246 5070 tulimus,
2277 5009 2539 5064 omnibus
2557 5007 2890 5063 Christianis
2928 5004 3197 5061 insaniam
3242 5017 3437 5057 eorum
3477 5001 3574 5056 de-

1993 5102 2329 5158 nuntiantia.
2363 5102 2490 5157 Hzec
2512 5101 2736 5171 quidem
2766 5100 2903 5155 dicit
2940 5098 3144 5169 impius
3175 5095 3376 5151 Paulus
3403 5093 3459 5147 in
3486 5093 3574 5148 his

1995 5211 2119 5266 qua:
2173 5195 2242 5250 de
2285 5194 2392 5250 hoc
2431 5193 2692 5263 scripsit:
2731 5213 2748 5244 ι
2779 5193 3019 5248 Verbum
3069 5207 3128 5246 se
3177 5187 3463 5257 conjunxit
3503 5185 3573 5240 ad

1997 5289 2164 5343 illum
2187 5286 2283 5357 qui
2316 5303 2384 5342 ex
2434 5286 2605 5341 David
2645 5285 2829 5341 fuerat
2871 5285 3113 5356 genitus,
3152 5283 3246 5353 qui
3285 5291 3371 5336 est
3418 5281 3578 5338 Jesus

1995 5378 2251 5436 Christus
2279 5387 2582 5448 conceptus
2623 5376 2692 5432 de
2739 5375 2945 5447 Spiritu
2984 5383 3198 5431 sancto.
3251 5375 3409 5429 llunc
3454 5373 3578 5442 qui-

1997 5472 2123 5527 dem
2152 5470 2355 5526 virtute
2381 5469 2625 5540 Spiritus
2669 5469 2845 5524 sancti
2880 5469 3046 5541 Virgo
3097 5467 3382 5539 portavit,
3438 5465 3575 5521 illud

1999 5579 2132 5620 vero
2173 5562 2412 5618 Verbum
2443 5564 2564 5618 sine
2605 5560 2830 5632 Virgine
2868 5563 3100 5631 sineque
3144 5561 3313 5616 ullius
3345 5559 3574 5621 auxilio,

2000 5667 2233 5729 excepto
2271 5657 2404 5722 Deo,
2455 5657 2646 5728 genuit
2672 5658 2851 5726 Deus,
2915 5658 3105 5727 sicque
3151 5655 3401 5712 substitit
3439 5653 3576 5708 Vero

2003 5752 2156 5808 bum.
2201 5769 2219 5801 ι
2263 5750 2410 5806 Idem
2441 5760 2624 5805 autent
2668 5751 2873 5821 impius
2901 5751 3101 5806 Paulus
3119 5749 3254 5804 dicit
3292 5747 3576 5802 :Verhum

2004 5845 2181 5917 majus
2209 5852 2328 5898 erat
2348 5843 2602 5909 Christo;
2627 5843 2883 5900 Christus
2911 5841 3192 5914 sapienti:e
3206 5839 3381 5913 gratia
3404 5837 3579 5906 major

2005 5937 2186 5992 factus
2219 5943 2336 5991 est:
2361 5935 2702 6006 majestatem
2730 5935 3012 6008 sapientiae
3037 5952 3104 5991 ne
3128 5931 3572 5991 subtrahamusa
