4088 6530
595 392 735 460 1H9

1718 384 2172 475 'JUSTINIANI
2210 414 2736 483 IMPERATORIS

3758 420 3914 490 1120

589 506 740 561 ldem
782 507 969 564 adhuc
997 509 1297 570 lnereticus
1351 516 1555 574 Paulus
1591 519 1797 577 iterum
1828 523 1966 580 dicit
1996 542 2011 580 :
2051 544 2069 577 ι
2096 525 2189 581 Ει-

2290 529 2508 604 ἀξίωμα
2556 534 2657 603 τῆς
2689 532 2885 602 σοφίας
2926 532 3003 603 μὴ
3044 530 3387 603 καθέλωμεν.
3440 551 3459 584 ι
3496 531 3605 587 Kal
3654 534 3838 589 πάλιν
3884 540 3915 591 6

589 597 741 651 enim
762 605 884 654 erat
915 600 1082 657 etiam
1108 602 1165 658 in
1198 606 1509 677 prophetis,
1542 609 1785 667 maxime
1802 610 1858 666 in
1888 611 2073 682 Moyse
2109 623 2194 668 at-

590 706 700 760 que
732 690 787 746 in
811 693 1003 749 multis
1046 694 1337 763 Dominus,
1376 701 1615 765 maxime
1644 712 1834 759 autem
1864 704 1922 759 in
1943 703 2188 767 Christo;

591 785 750 855 quasi
782 785 840 841 in
866 788 1105 860 templo;
1125 793 1273 847 alter
1299 792 1448 849 enim
1495 804 1581 851 est
1607 795 1772 852 .lesus
1809 798 2087 862 Christus,
2108 800 2191 855 al-

594 888 791 950 terque
833 880 1101 939 Verbum.
1130 904 1148 937 ι
1183 886 1321 942 Dein
1366 903 1562 944 rursus
1596 890 1731 947 dicit
1757 890 1964 962 impius
1992 892 2190 948 Nesto-

595 972 714 1028 rius
744 989 759 1025 τ
798 991 816 1026 ι
848 971 1123 1031 Caeterum
1153 979 1353 1035 nullibi
1382 981 1556 1037 Deum
1598 982 1669 1039 de
1718 984 1940 1055 Virgine
1979 984 2189 1042 Christi

592 1066 769 1124 Matre
825 1076 1018 1125 natum
1065 1087 1190 1130 esse
1226 1089 1382 1131 sacra
1412 1075 1698 1149 Scriptura
1738 1079 1898 1136 dicit.
1934 1099 1954 1133 ι
1986 1080 2189 1136 lterum

595 1156 742 1213 idem
774 1161 1195 1233 anthropolatra
1242 1166 1536 1226 Nestorius
1570 1188 1583 1224 :
1612 1169 1950 1244 Consurgens
1992 1175 2193 1244 accepit

594 1266 821 1319 puerum
850 1260 901 1306 et
934 1260 1163 1311 matrem
1183 1257 1297 1328 ejus
1319 1260 1374 1325 ll;
1420 1274 1533 1314 non
1556 1260 1695 1316 dicit
1727 1279 1743 1320 :
1782 1282 1801 1315 ι
1829 1261 2192 1334 Consurgens

594 1340 811 1409 accepit
845 1343 1018 1399 Deum
1043 1353 1102 1400 et
1128 1345 1356 1403 Matrem
1385 1349 1527 1419 ejus,
1558 1369 1578 1403 ι
1605 1351 1812 1408 lterum
1835 1353 2021 1410 adhuc
2041 1340 2207 1411 idem.

596 1429 801 1500 impius
848 1434 1178 1493 Nestorius:
1214 1457 1233 1489 ι
1269 1439 1438 1496 Aliud
1496 1451 1736 1500 estesse
1784 1461 1912 1502 cum
1962 1455 2093 1503 nato
2127 1464 2192 1505 ac

595 1523 746 1578 aliud
771 1534 963 1582 natum
1000 1544 1123 1585 esse
1151 1548 1164 1584 :
1196 1530 1348 1598 Quod
1390 1535 1446 1588 in
1490 1552 1577 1600 ea,
1609 1537 1794 1608 inquit
1829 1538 2191 1611 (Scriptura),

601 1624 790 1671 natum
820 1625 920 1680 est,
948 1618 1012 1673 de
1043 1617 1248 1694 Spiritu
1270 1634 1458 1685 sancto
1508 1629 1628 1683 esth
1661 1646 1675 1683 :
1707 1628 1763 1685 id
1793 1638 1899 1696 est,
1949 1631 2193 1702 Spiritus

593 1724 822 1774 sanctus
861 1720 1009 1777 hunc
1037 1722 1092 1778 in
1125 1740 1191 1780 ea
1223 1727 1455 1783 creavit.
1493 1728 1898 1789 lntellexerunt
1930 1748 2065 1806 ergo
2090 1735 2197 1790 Pa-

598 1817 711 1866 tres
749 1827 1036 1870 sacrarum
1080 1815 1495 1890 Seripturarum
1524 1824 1725 1893 periti;
1754 1826 1801 1881 si
1848 1826 1972 1882 loco
2004 1827 2191 1883 incar-

596 1910 783 1958 natum
823 1914 1061 1976 genitam
1092 1910 1466 1981 posuerimus,
1510 1913 1712 1971 Filium
1753 1915 1999 1988 Spiritus
2032 1919 2189 1975 inve-
2227 1893 2268 1950 Β

594 1997 704 2051 niri
741 1999 915 2056 Deum
951 2001 1215 2069 Verbum,
1254 2005 1507 2077 duosque
1541 2017 1728 2079 patres
1781 2010 2109 2079 habentem;
2144 2014 2190 2069 si

593 2105 728 2144 vero
769 2107 915 2149 unus
945 2093 1118 2150 Filius
1156 2095 1347 2160 fuerit,
1383 2098 1629 2170 Spiritus
1680 2109 1989 2159 creaturam
2038 2105 2195 2163 inve-

595 2180 861 2238 niendum
888 2200 1012 2241 esse
1040 2188 1213 2244 Deum
1260 2191 1526 2248 Verbum.
1567 2214 1585 2247 ι
1621 2195 1839 2252 Rursus
1859 2206 2049 2253 autem
2085 2198 2191 2255 im-

597 2286 725 2341 pius
771 2274 1062 2334 Nestorius
1092 2279 1270 2336 dicit:
1307 2302 1326 2335 ι
1359 2282 1431 2338 At
1452 2285 1924 2354 quemadmodum
1965 2289 2193 2346 diceba-

596 2381 721 2421 mus
750 2367 922 2424 Deum
962 2372 1212 2427 omnium
1254 2373 1546 2441 factorem,
1578 2377 1820 2436 dicimus
1868 2390 1927 2437 et
1965 2382 2190 2455 Moysen

595 2456 771 2512 Deum
805 2480 820 2512 ι
848 2458 1005 2525 Ecce,
1039 2462 1243 2532 inquit,
1265 2467 1518 2522 constitui
1543 2476 1593 2522 te
1617 2467 1786 2525 Deum
1810 2469 2121 2528 Pharaonis
2145 2475 2188 2539 i;

596 2546 909 2619 Filiumque
941 2550 1038 2606 Dei
1070 2552 1239 2610 Israel
1273 2572 1287 2609 :
1326 2554 1494 2611 Filius
1547 2575 1718 2624 meus,
1756 2560 1962 2632 inquit,
1990 2564 2193 2634 primo-

594 2639 800 2707 genita:
828 2639 1064 2711 Isracli;
1097 2647 1568 2713 quemadmodum
1599 2668 1825 2723 quoque
1860 2654 2192 2713 dicebamus

592 2727 874 2787 Christum
913 2749 1037 2791 esse
1078 2736 1208 2792 Saul
1238 2738 1396 2795 :Non
1431 2743 1677 2811 mittam,
1722 2746 1925 2818 inquit,
1970 2766 2190 2805 manum

595 2839 769 2878 meum
815 2826 871 2879 in
922 2843 1042 2882 eum
1084 2831 1211 2900 quia
1272 2833 1502 2889 cliristus
1542 2836 1755 2894 Domini
1790 2838 1942 2906 est“;
1984 2839 2189 2913 Cyrum

593 2928 815 2984 quoque
860 2918 1069 2987 pariter
1101 2937 1114 2974 :
1152 2920 1276 2976 Ilwc
1309 2924 1457 2990 dicit,
1489 2927 1712 2995 inquit,
1749 2928 2012 2986 Dominus
2046 2935 2190 2989 chri-

591 3015 675 3059 sto
710 3024 824 3098 meo
852 3010 1061 3081 (λιιι-οἱς
1092 3013 1424 3087 Babylonem
1463 3036 1686 3091 quoque
1724 3034 1971 3078 sanctam
2002 3042 2015 3079 :
2054 3025 2187 3098 Ego,

597 3094 798 3166 inquit,
837 3102 1102 3158 mandabo
1152 3106 1227 3159 eis
1275 3123 1295 3162 :
1328 3110 1659 3179 sanctiﬁcati
1700 3122 1848 3178 sunt,
1882 3123 1934 3168 et
1968 3131 2063 3187 ego
2088 3094 2191 3171 ad-

594 3188 726 3241 duco
738 3205 822 3243 eos
841 3200 913 3254 ηις
942 3191 1017 3247 ita
1038 3209 1262 3266 quoque
1304 3197 1546 3255 dicimus
1563 3200 1858 3258 Dominum
1875 3203 2184 3275 Christum,

596 3274 793 3343 Demn,
823 3279 1047 3349 Filium,
1076 3296 1331 3343 sanctum
1366 3297 1533 3362 atque
1555 3290 1862 3352 Christum.
1899 3315 1921 3350 ι

668 3557 908 3617 Rursum
963 3562 1149 3620 adhuc
1202 3565 1342 3624 dicit
1383 3568 1530 3625 idem
1578 3572 1784 3645 impius
1839 3576 2132 3636 Nestorius
2173 3598 2187 3636 :

602 3666 621 3699 ι
654 3649 887 3722 Propter
920 3665 1231 3725 portantem
1267 3671 1547 3731 portatum
1568 3666 1726 3734 colo;
1754 3678 1985 3740 propter
2013 3672 2192 3729 laten-

596 3760 705 3817 ‘em
748 3747 927 3804 visum
957 3751 1131 3808 adoro
1163 3771 1177 3808 :
1206 3770 1333 3840 cuin
1368 3773 1399 3813 a
1430 3760 1549 3815 viso
1586 3778 1697 3819 non
1728 3767 1903 3836 possit
1940 3769 2188 3840 separari

594 3837 759 3903 Deus,
786 3840 913 3897 ideo
952 3843 1220 3902 honorem
1265 3830 1375 3906 non
1410 3856 1653 3923 separati
1694 3874 1804 3913 non
1830 3876 2060 3931 separo;
2088 3879 2189 3919 na-

596 3935 748 4026 turas
767 3947 965 4026 separo
997 3936 1094 3992 sed
1120 3937 1506 4000 adorationem
1537 3949 1836 4024 conjungo.
1883 3972 1902 4005 ι
1928 3954 2190 4026 Alibique

594 4020 741 4076 idem
781 4024 966 4081 adhuc
996 4028 1200 4099 impius
1227 4032 1365 4090 dicit
1397 4053 1412 4089 :
1450 4055 1467 4088 ι
1501 4020 2014 4100 ϐιιι-ἱςιυεννοοειιυι·
2047 4020 2189 4117 quo-

593 4127 700 4181 que
730 4114 876 4171 Deus
896 4117 1158 4186 Verbum,
1183 4140 1252 4179 eo
1276 4126 1424 4195 quod
1452 4130 1776 4187 continuam
1800 4133 1871 4189 ad
1895 4114 2189 4194 Christum

591 4218 1039 4287 conjunctionem
1077 4225 1265 4283 habet.
1297 4247 1316 4280 ι
1341 4229 1482 4284 Tum
1526 4248 1722 4289 rursus
1751 4252 1765 4289 :
1809 4237 2004 4295 «Beata
2021 4241 2191 4314 Virgo

593 4323 705 4364 non
758 4310 959 4369 Filium
1009 4316 1106 4373 Dei
1146 4321 1360 4391 genuit,
1389 4324 1487 4379 sed
1530 4328 1724 4396 genuit
1761 4310 2188 4401 humanitatem,

591 4418 715 4473 qua:
751 4415 838 4461 est
876 4407 1068 4476 Filius,
1091 4422 1320 4484 propter
1350 4416 1551 4473 Filium
1575 4420 1818 4476 unitum.
1850 4442 1869 4474 ι
1915 4423 2044 4481 Haec
2060 4440 2190 4484 sunt

591 4510 728 4566 ergo
761 4513 886 4568 qua:
912 4514 1170 4561 asserunt
1208 4507 1411 4566 Paulus
1443 4526 1508 4566 ac
1551 4512 1845 4571 Nestorius
1879 4515 2034 4588 impii
2079 4521 2180 4591 qui

2293 622 2457 686 αὐτὸς
2483 623 2761 695 αἱρετικὸς
2792 622 3006 687 Παῦλος
3038 622 3187 691 λέγει
3212 640 3226 654 ·
3264 644 3282 675 ι
3324 622 3436 677 Καὶ
3458 622 3565 695 γάρ
3589 624 3651 677 ὲν
3679 628 3914 696 προφή-

2292 732 2413 781 ταις
2436 712 2526 788 ἦν,
2561 716 2765 789 μᾶλλον
2800 716 2858 771 δὲ
2892 720 2988 771 καὶ
3017 718 3076 770 ὲν
3102 718 3274 789 Μωσῇ
3311 715 3407 770 καὶ
3430 717 3491 769 ἐν
3523 717 3754 782 πολλοῖς
3790 719 3915 772 Κῦ-

2297 825 2431 880 ριος,
2460 808 2664 879 μᾶλλον
2693 808 2751 864 δὲ
2782 809 2878 863 καὶ
2906 809 2966 863 έν
2986 807 3209 881 Χριστῷ
3235 808 3312 872 ὡς
3336 809 3398 863 ὲν
3423 808 3539 880 ναῷ
3559 825 3573 840 ν
3602 809 3773 875 ἄλλος
3794 810 3913 882 γάρ

2292 906 2444 959 ἐστιν
2483 905 2693 977 Ἰησοῦς
2738 907 2999 978 Χριστὸς,
3051 906 3148 961 καὶ
3187 904 3407 970 ἀλλοςὸ
3445 906 3639 976 Λόγος.
3693 928 3715 961 ι
3764 903 3914 962 Εἶτα

2293 999 2460 1051 πάλιν
2494 997 2790 1070 Νεστόριος
2814 1001 2843 1053 6
2872 998 3082 1070 ἀσεϐὴς
3107 997 3281 1068 λέγει’
3313 1016 3333 1050 ι
3368 999 3624 1069 Οὐδαμοῦ
3657 1000 3856 1055 τοίνυν
3878 1001 3911 1069 ἡ

2294 1084 2413 1138 θεία
2444 1086 2636 1157 ι’ραφὴ
2667 1087 2801 1141 Θεὸν
2840 1088 2906 1141 ὲκ
2941 1088 3042 1159 τῆς
3076 1088 3445 1160 Χριστοτόκου
3482 1089 3769 1161 Παρθένου
3815 1091 3911 1145 λέ-

2291 1195 2381 1249 γει
2408 1179 2794 1251 γεγεννῆσθαι.
2835 1180 2947 1235 Kal
2978 1180 3142 1236 πάλιν
3169 1182 3199 1235 6
3230 1180 3394 1244 αὐτὸς
3420 1181 3912 1256 ἀνθρωπολάτρης

2292 1271 2592 1344 Νεστόριος
2616 1272 2767 1342 λέγει
2787 1288 2803 1303 ⁸
2837 1291 2856 1325 ι
2899 1273 3192 1343 Ἐγερθεὶς
3216 1273 3527 1342 παράλαϐε
3556 1275 3622 1328 τὸ
3648 1275 3914 1330 παιδίον

2292 1363 2394 1419 καί
2412 1363 2528 1431 τὴν
2543 1364 2775 1435 μητέρα
2799 1365 2988 1420 αὐτοῦ
3018 1382 3034 1398 ο
3064 1366 3165 1419 οὒκ
3188 1361 3364 1432 εἶπεν,
3397 1366 3682 1439 Ἐγερθεὶς
3708 1369 3911 1439 παρά-

2292 1456 2427 1513 λαϐε
2466 1458 2559 1511 τὸν
2603 1456 2741 1513 Θεὸν
2767 1457 2861 1512 καὶ
2888 1458 2991 1527 τὴν
3037 1457 3270 1529 Μητέρα
3296 1457 3488 1513 αὐτοῦ.
3528 1459 3639 1512 Kal
3671 1460 3850 1514 πάλιν
3881 1463 3913 1514 6

2291 1551 2454 1617 αὐτὸς
2508 1550 2717 1623 ἀσεϐὴς
2766 1551 3062 1621 Νεστόριος
3115 1549 3308 1619 λέγει’
3359 1570 3379 1603 ι
3436 1550 3599 1604 Ἀλλο
3647 1552 3774 1605 ἐστὶ
3843 1551 3913 1605 τὸ

2294 1646 2533 1699 συνεῖναι
2551 1644 2631 1715 τῷ
2654 1660 2885 1713 γεγεννη
2895 1644 3065 1715 μένῳ,
3087 1645 3181 1698 καὶ
3209 1644 3342 1699 ἄλλο
3366 1644 3429 1700 τὸ
3454 1645 3755 1715 γεννᾶσθαι
3787 1663 3802 1678 ·
3839 1647 3911 1700 τὸ

2292 1737 2402 1809 γὰρ
2426 1738 2498 1791 ἐν
2522 1735 2700 1806 αὐτῇ,
2727 1736 2883 1808 φησι,
2916 1736 3229 1807 γεννηθὲν,
3251 1737 3322 1794 ἐκ
3342 1739 3692 1808 Πνεύματός
3721 1739 3912 1793 ἐστιν

2293 1828 2468 1897 ἁγίου
2499 1844 2514 1860 ο
2555 1828 2803 1882 τουτέστι
2827 1828 2890 1882 τὸ
2917 1826 3145 1900 Πνεῦμα
3169 1829 3232 1884 τὸ
3261 1828 3419 1900 ἅγιον
3453 1829 3674 1884 ἔκτισεν
3713 1830 3809 1885 τὸν
3841 1830 3908 1882 ἑν

2292 1922 2452 1992 αὐτῇ.
2511 1915 2667 1976 Εἶδον
2706 1917 2801 1977 οὖν
2843 1921 2894 1975 oi
2951 1921 3198 1994 Πατέρες
3243 1921 3321 1984 ὡς
3371 1923 3741 1994 ἐπιστήμονες
3784 1922 3906 1976 τῶν

2291 2012 2456 2068 θείων
2499 2013 2740 2086 Γραφῶν
2764 2054 2780 2078 ,
2811 2014 2895 2069 ὅτι
2926 2015 3024 2069 εάν
3066 2014 3188 2070 ἀντὶ
3218 2030 3316 2069 του
3359 2016 3754 2081 σαρκωθέντα
3788 2015 3905 2069 θῶ-

2294 2127 2394 2181 μεν
2421 2110 2482 2164 τὸ
2515 2109 2883 2181 γεννηθέντα
2939 2110 3256 2183 εὑρίσκεται
3282 2111 3412 2176 Υἱὸς
3442 2112 3539 2167 τοῦ
3568 2112 3903 2183 Πνεῦματος

2289 2204 2319 2257 6
2340 2201 2478 2266 Θεὸς
2516 2202 2714 2271 Λόγος.
2746 2203 2841 2257 καὶ
2871 2201 2965 2258 δύο
2990 2202 3239 2275 πατέρας
3264 2204 3406 2275 ἔχων
3428 2220 3443 2234 ·
3494 2206 3545 2259 εἰ
3581 2204 3641 2258 δὲ
3672 2204 3767 2259 διά
3789 2204 3898 2258 τοῦ

2290 2294 2411 2359 ἐνὸς
2438 2294 2597 2360 Υίοῦ,
2643 2295 3001 2368 εὑρεθήσεται
3050 2297 3079 2349 6
3131 2296 3266 2360 Θεὸς
3305 2298 3482 2365 Λόγος
3533 2298 3748 2367 κτίσμα
3793 2297 3895 2351 τοῦ

2291 2387 2608 2459 Πνεῦματος
2645 2387 2741 2443 ῶν.
2777 2407 2796 2441 ι
2833 2389 2944 2442 Καὶ
2984 2389 3147 2444 πάλιν
3172 2391 3202 2443 6
3248 2390 3414 2455 αὐτὸς
3446 2391 3653 2460 ἀσεϐὴς
3676 2390 3893 2445 Νεστό-

2295 2498 2410 2549 ριος
2428 2481 2578 2552 λέγει
2610 2497 2625 2512 ο
2662 2501 2683 2534 ι
2728 2482 2869 2535 Ἀλλ’
2892 2481 3086 2553 ὥσπερ
3114 2482 3375 2553 ἐλέγομεν
3397 2483 3532 2538 Θεὸν
3552 2483 3647 2539 τὸν
3666 2484 3895 2539 πάντων

2291 2574 2647 2645 δημιουργὸν,
2678 2575 2775 2627 καὶ
2803 2573 2922 2628 θεὸν
2950 2574 3045 2629 τὸν
3073 2575 3313 2630 Μωῦσέα
3369 2577 3547 2645 (Θεὸν
3571 2576 3700 2648 γὰρ,
3726 2578 3889 2647 φησὶ,

2292 2663 2525 2721 τέθεικὰ
2570 2680 2646 2720 σε
2695 2664 2804 2721 τοῦ
2854 2665 3109 2735 Φαραὼ),
3144 2666 3239 2721 xal
3276 2665 3404 2721 Υίὸν
3471 2666 3567 2722 τοῦ
3612 2666 3750 2722 Θεοῦ
3795 2668 3893 2721 τὸν

2292 2756 2511 2828 Ἰσραὴλ
2529 2755 2692 2827 (Υἱὸς
2713 2756 2845 2828 γὰρ.
2862 2759 3018 2828 φησι,
3040 2756 3419 2826 πρωτότοκός
3441 2774 3564 2827 μου
3579 2757 3889 2828 Ἰσραὴλ),

2291 2849 2385 2903 καὶ
2406 2848 2596 2921 ὥσπερ
2625 2850 2884 2922 ἐλέγομεν
2912 2850 3132 2922 χριστὸν
3161 2849 3252 2904 τὸν
3280 2850 3456 2905 Σαοὺλ
3508 2851 3617 2925 (Οὐ
3635 2851 3725 2922 μὴ
3752 2852 3886 2926 γὰρ.

2291 2949 2479 3019 φησιν,
2523 2945 2787 3002 ἐπιϐαλῶ
2834 2946 2953 3016 τὴν
2993 2945 3167 3017 χεῖρὰ
3220 2964 3337 3017 μου
3385 2948 3481 3002 ἐπ’
3536 2948 3751 3012 αὐτὸν,
3800 2949 3891 3004 ὅτι

2291 3038 2541 3108 χριστὸς
2590 3039 2815 3108 Κυρίου
2867 3037 3086 3111 ἐστὶν),
3148 3038 3368 3093 καὶτὸν
3403 3040 3587 3111 Κῦρον
3624 3040 3889 3105 ὡσαύτως

2293 3130 2464 3201 (Τάδε
2486 3130 2672 3203 λέγει,
2705 3130 2861 3202 φησὶ,
2894 3130 3110 3200 Κύριος
3142 3129 3225 3197 τῷ
3259 3129 3486 3201 χριστῷ
3515 3150 3634 3203 μου
3666 3135 3887 3205 Κύρῳ),

2291 3225 2385 3280 καὶ
2412 3225 2503 3279 τὸν
2530 3223 2868 3280 Βαϐυλώνιον
2893 3223 3049 3294 ᾶγιον
3074 3223 3241 3295 (Ἐγὼ
3260 3224 3393 3296 γάρ,
3419 3226 3572 3297 φησὶ,
3599 3224 3891 3290 συντάξει

2291 3316 2524 3384 αὐτοῖς·
2581 3317 2936 3389 ἡγιασμένοι
2970 3317 3113 3380 εἰσὶ,
3162 3317 3262 3371 καί
3292 3317 3408 3388 ἐγὼ
3451 3317 3573 3388 ἄγω
3606 3318 3887 3387 αὐτούς>·

2291 3409 2436 3464 οὕτω
2483 3409 2717 3481 λέγομεν
2754 3411 2851 3464 καὶ
2894 3409 2988 3463 τὸν
3018 3410 3299 3482 Δεσπότην
3337 3411 3576 3484 Χριστὸν
3612 3411 3712 3465 καὶ
3752 3411 3892 3466 Θεὸν

2292 3505 2389 3556 καὶ
2415 3501 2544 3556 my
2571 3501 2667 3555 καὶ
2693 3500 2850 3570 ἅγιον
2885 3502 2980 3554 καὶ
3003 3499 3262 3571 Χριστόν.
3307 3518 3326 3552 ι

2362 3596 2472 3650 Kal
2504 3595 2669 3648 πάλιν
2697 3596 2725 3648 6
2759 3594 2919 3659 αὐτὸς
2951 3593 3156 3665 ἀσεϐὴς
3194 3593 3491 3665 Νεστόριος
3519 3592 3691 3663 λέγει·
3733 3614 3753 3647 ι
3786 3594 3887 3647 Διά

2290 3688 2383 3742 τὸν
2413 3687 2686 3760 φοροῦντα
2710 3688 2799 3741 τὸν
2830 3687 3168 3758 φορούμενον
3194 3685 3367 3740 σέϐω·
3401 3685 3492 3740 διά
3518 3685 3609 3741 τὸν
3636 3704 3885 3760 κεκρυμ-

2295 3784 2456 3856 μένον
2518 3782 2813 3854 προσκυνῶ
2865 3782 2957 3836 τὸν
3011 3781 3340 3853 φαινόμενον
3372 3796 3389 3811 ’
3429 3780 3737 3852 ἀχώριστος
3788 3781 3883 3836 τοῦ

2292 3876 2616 3949 φαινομένου
2643 3875 2804 3939 Θεὸς·
2834 3874 2925 3929 διὰ
2956 3874 3117 3928 τοῦτο
3156 3873 3252 3929 τοῦ
3278 3874 3354 3945 μὴ
3381 3873 3756 3945 χωριζομένου
3784 3874 3882 3944 τὴν

2290 3964 2456 4037 τιμὴν
2485 3966 2546 4019 οὐ
2581 3965 2833 4038 χωρίζωο
2865 3963 3083 4037 χωρίζω
3112 3965 3212 4029 τὰς
3244 3964 3454 4034 φύσεις,
3489 3963 3606 4019 ἀλλ’
3647 3963 3755 4020 ένῶ
3783 3965 3883 4033 τὴν

2290 4057 2684 4128 προσκύνησιν.
2712 4076 2731 4110 ι
2768 4058 2879 4111 Kal
2908 4056 3071 4111 πάλιν
3104 4057 3133 4110 6
3158 4057 3322 4121 αὐτὸς
3351 4055 3555 4127 ἀσεϐὴς
3585 4057 3885 4130 Νεστόριος

2289 4146 2438 4216 λέγει
2459 4165 2473 4179 ·
2495 4166 2513 4198 ι
2538 4149 2648 4202 Kal
2664 4146 2899 4215 Χριστὸς
2919 4149 2947 4201 ὁ
2969 4149 3101 4211 Θεὸς
3134 4147 3312 4216 Λόγος
3345 4148 3701 4218 ὀνομάζεται,
3726 4149 3877 4202 ἐπει·

2289 4240 2466 4311 δήπερ
2525 4239 2639 4312 ἔχει
2689 4240 2792 4311 τὴν
2848 4240 3146 4309 συνάφειαν
3194 4238 3294 4312 τὴν
3324 4239 3463 4311 πρὸς
3499 4239 3594 4293 τὸν
3643 4239 3882 4311 Χριστὸν

2287 4333 2532 4405 διηνεκῆ.
2572 4352 2591 4385 ι
2629 4333 2739 4387 Kal
2781 4332 2944 4388 πάλιν
2971 4333 3000 4385 6
3030 4332 3193 4396 αὐτὸς
3236 4332 3440 4402 ἀσεϐὴς
3464 4332 3760 4403 Neo-topia;
3791 4331 3883 4387 λέ·

2289 4440 2397 4493 γει.
2456 4443 2474 4476 ι
2551 4424 2614 4478 'H
2670 4424 2921 4496 μακαρία
2977 4422 3255 4496 Παρθένος
3301 4424 3403 4477 οὐκ
3448 4423 3741 4495 ἐγέννησεν
3786 4426 3883 4477 τὸν

2291 4517 2420 4571 Υίὸν
2468 4508 2564 4571 τοῦ
2618 4517 2780 4581 Θεοῦ,
2830 4517 2945 4572 ἀλλ’
3002 4519 3261 4588 ἐγέννησε
3305 4517 3405 4590 τὴν
3459 4515 3876 4587 ἀνθρωπιὴητα,

592 4587 932 4659 impietatem
990 4597 1284 4666 gentilium
1340 4600 1776 4676 Judmorumque
1826 4587 2183 4678 superarunt.

2291 4612 2414 4683 ἥτις
2456 4611 2607 4665 ἔστὶν
2661 4611 2827 4678 Υἱὸς,
2864 4610 2954 4666 διὰ
2991 4611 3085 4665 τὸν
3134 4587 3486 4682 συνημμένον
3519 4609 3669 4665 Υίόν.
3712 4629 3733 4663 ι
3769 4610 3880 4665 Kal

589 4679 767 4738 Causa
793 4694 978 4741 autem
1003 4689 1329 4759 perditionis
1348 4709 1542 4749 eorum
1568 4695 1674 4752 fuit
1710 4713 1821 4754 non
1857 4701 2005 4770 quod
2040 4717 2182 4758 con-

590 4772 893 4831 titehantur
939 4778 1080 4836 duas
1128 4786 1516 4853 generationes
1589 4790 1758 4845 unius
1823 4792 2183 4865 ejusdemque

591 4867 807 4924 Domini
860 4872 1037 4927 nostri
1062 4873 1193 4929 Jesu
1224 4874 1429 4934 Christi
1461 4878 1577 4933 veri
1618 4880 1713 4935 Dei
1744 4883 1944 4948 nostri,
1983 4883 2038 4938 id
2070 4894 2177 4953 est,

591 4977 756 5016 unam
775 4972 1040 5020 aeternam
1064 4982 1134 5022 ex
1167 4967 1331 5024 Patre
1364 4972 1672 5028 secundum
1696 4973 2071 5042 divinitatem,
2097 4977 2179 5032 al-

591 5061 881 5125 teramque
915 5057 1164 5128 ejusdem
1207 5060 1266 5116 in
1300 5063 1604 5120 novissimo
1640 5065 1858 5121 dierum
1891 5083 1961 5122 ex
1990 5080 2181 5124 sancta

589 5155 649 5199 et
691 5147 929 5216 gloriosa
976 5150 1204 5223 Virgine
1236 5154 1523 5227 Matreque
1548 5157 1644 5214 Dei
1675 5158 1842 5214 Maria
1873 5161 2178 5217 secundum

593 5237 1015 5304 humanitatem.
1052 5245 1150 5300 sed
1188 5248 1338 5318 quod
1366 5248 1631 5305 dicebant
1666 5250 1809 5307 duos
1835 5266 1962 5307 esse
1989 5253 2180 5318 Filios,

595 5352 768 5392 unum
790 5340 1016 5409 quidem
1042 5343 1212 5398 Deum
1250 5345 1494 5409 Verbum
1522 5364 1589 5402 ex
1611 5348 1774 5404 Patre
1804 5349 2075 5420 genitum.
2103 5351 2182 5406 al-

595 5437 778 5484 terum
831 5447 969 5487 vero
1014 5449 1231 5493 merum
1271 5437 1554 5494 hominem
1599 5456 1667 5495 ex
1712 5451 1902 5497 sancta
1929 5442 2177 5514 Virgine.

592 5521 833 5594 Ideoque
856 5535 1101 5583 sanctam
1136 5529 1417 5602 Virginem
1450 5534 1546 5588 Dei
1582 5533 1810 5590 Matrem
1856 5551 1966 5590 non
2007 5538 2178 5591 conli-

594 5623 802 5683 tentur,
837 5619 1073 5691 ideoque
1101 5637 1205 5678 nec
1228 5625 1624 5696 prophetarum
1672 5643 1777 5684 nec
1816 5629 2183 5699 evangelista-

592 5718 717 5758 rum
770 5720 874 5762 nec
917 5710 1295 5777 apostolorum
1342 5713 1614 5771 doctrinae
1661 5716 2062 5788 obsequuntur.
2099 5718 2181 5774 Ad

664 5818 903 5903 fMatth.
935 5839 992 5903 ιι,
1028 5826 1111 5880 Η.
1198 5828 1222 5869 1·
1269 5828 1460 5885 Matth.
1495 5847 1532 5899 ι,
1563 5831 1654 5888 20.
1734 5831 1751 5873 ⁸
1785 5833 1958 5891 Exod.
1984 5852 2079 5903 vn,
2117 5836 2168 5891 i.

590 5896 631 5928 ³³
667 5888 775 5948 ιω.
804 5909 919 5960 xm,
945 5894 1000 5951 5.

2281 5832 2296 5888 i
2334 5835 2506 5892 Exod.
2548 5852 2620 5899 Iv.
2646 5834 2741 5891 22.

2289 4702 2464 4758 ταῦτα.
2520 4703 2618 4776 μὲν
2676 4703 2889 4767 Παῦλος
2936 4703 3032 4757 καὶ
3074 4702 3372 4773 Νεστόριος
3417 4703 3468 4756 οἱ
3512 4702 3731 4765 ἀσεϐεῖς
3778 4702 3880 4773 τὴν

2298 4797 2570 4868 Ἑλλήνων
2620 4796 2714 4851 καὶ
2751 4796 3022 4850 Ἰουδαίων
3076 4794 3336 4850 ἀσέϐειαν
3387 4792 3875 4865 ὑπερϐαλλόμενοι.

2286 4890 2468 4944 Δῐτιον
2493 4889 2549 4943 δὲ
2578 4889 2808 4959 γέγονεν
2843 4889 2943 4959 τῆς
2974 4888 3156 4944 αὐτῶν
3179 4887 3463 4952 ἀπωλείας
3489 4886 3551 4941 τὸ
3579 4886 3655 4959 μὴ
3683 4888 3879 4958 ὁμολο-

2285 4982 2404 5049 γεῖν
2452 4981 2553 5044 τὰς
2579 4979 2675 5033 δύο
2702 4981 2988 5052 γεννήσεις
3031 4979 3150 5045 ἑνὸς
3201 4978 3417 5033 καὶτοῦ
3460 4978 3624 5033 αὐτοῦ
3670 4978 3879 5052 Κυρίου

2286 5075 2319 5144 ἠ
2329 5072 2445 5144 μῶν
2477 5070 2655 5144 ’ῐησοῦ
2679 5071 2918 5142 Χριστοῦ
2932 5070 3029 5126 τοῦ
3054 5071 3308 5143 ἀληθινοῦ
3335 5071 3495 5142 ἡμῶν
3523 5068 3684 5134 Θεοῦ.
3719 5087 3879 5124 τουτ-

2287 5166 2403 5219 έστι
2445 5167 2548 5237 τήν
2587 5182 2649 5219 τε
2716 5166 2826 5237 πρὸ
2859 5167 3075 5221 αἰώνων
3122 5167 3188 5219 ἐκ
3224 5164 3328 5219 τοῦ
3358 5165 3573 5237 Πατρὸς
3597 5165 3741 5219 κα.τά
3776 5164 3878 5234 τὴν

2289 5256 2544 5327 θεότητα,
2572 5257 2669 5310 καὶ
2686 5256 2787 5327 τὴν
2812 5257 2903 5310 ἐπ’
2936 5256 3168 5327 ἐσχάτου
3198 5256 3308 5310 τῶν
3331 5256 3557 5328 ἡμερῶν
3585 5255 3682 5310 τοῦ
3708 5257 3873 5310 αὑτοῦ

2287 5349 2352 5402 ὲκ
2370 5351 2469 5420 τῆς
2503 5349 2663 5418 ἁγίας
2687 5348 2901 5413 ἐνδόξου
2920 5338 3213 5420 Παρθένου
3240 5351 3335 5404 καὶ
3358 5349 3623 5404 Θεοτόκου
3652 5350 3876 5421 Μαρίας

2287 5442 2430 5494 κατά
2473 5441 2574 5511 τὴν
2621 5438 3042 5512 ἀνθρωπότητα.
3092 5440 3232 5495 ἀλλά
3272 5439 3369 5496 δύο
3415 5442 3566 5506 υἱοὺς
3591 5441 3873 5509 λέγοντας.

2287 5533 2447 5588 ἀλλον
2482 5536 2583 5607 μὲν
2612 5535 2705 5591 τὸν
2732 5537 2798 5589 ἐκ
2843 5535 2939 5589 τοῦ
2979 5535 3192 5606 Πατρὸς
3223 5534 3555 5608 γεννηθέντα
3587 5536 3722 5590 Θεὸν
3768 5535 3875 5589 A6-

2286 5643 2403 5695 γον,
2438 5626 2597 5681 ἄλλον
2625 5626 2681 5680 δὲ
2721 5627 2814 5680 τὸν
2857 5628 2922 5681 ἐκ
2948 5627 3051 5698 τῆς
3083 5625 3246 5696 ἁγίας
3291 5627 3573 5698 Παρθένου
3603 5627 3757 5698 ψιλὸν
3779 5628 3873 5682 ἀν-

2288 5718 2508 5789 θρωπον
2532 5734 2547 5748 ·
2585 5719 2680 5773 καὶ
2708 5718 2795 5773 διὰ
2832 5718 2993 5774 τοῦτο
3015 5718 3217 5783 αὐτοὺς
3259 5719 3361 5791 τὴν
3393 5719 3557 5789 ἁγίαν
3599 5721 3873 5794 Παρθένον

2858 5836 2883 5875 κ
2917 5833 3103 5908 IReg.
3134 5851 3281 5904 xxxv,
3310 5834 3365 5890 7.
3488 5832 3503 5874 ¹
3537 5835 3641 5891 lsa.
3664 5854 3785 5899 nr,
3820 5837 3869 5891 l.
