4112 6538
261 452 389 515 ll?!

1182 454 1628 516 TRACTATUS
1666 453 1965 514 CONTRA
2006 452 2602 513 MONOPHYSITAS.

3393 453 3528 517 1122

253 570 518 623 Θεοτόκον
546 567 620 639 μὴ
662 568 941 637 ὁμολογεῖν
969 585 981 598 ⁸
1014 569 1109 620 καὶ
1162 572 1297 639 μήτε
1346 570 1656 639 προφήταις
1710 570 1836 637 μήτε

1953 566 2385 619 confutationem
2435 576 2617 620 autem
2671 564 2890 620 illorum
2935 565 3233 637 impietatis
3268 583 3441 637 pauca
3465 585 3532 625 ex

255 661 613 729 Εὑαγγελίοις
669 662 807 732 μήτε
868 664 981 725 τοῖς
1046 662 1422 725 ἀποστολικοῖς
1489 661 1838 732 κηρύγμασιν

256 751 597 805 ἀκολουθεῖν.
662 751 807 820 Πρὸς
840 751 1063 819 ἔλεγχον
1101 750 1157 802 δὲ
1195 749 1297 819 τῆς
1339 749 1520 803 αὐτῶν
1560 750 1837 812 ἀσεὸείας,

253 845 443 913 ὀλίγας
474 845 539 897 ἐκ
578 842 787 895 πολλῶν
814 842 1095 912 Γραφικὰς
1125 842 1474 912 παρεθέμεθα
1510 844 1834 913 μαρτυρίας.

268 936 543 1007 Ἱερεμίας
578 934 708 1006 γὰρ,
745 951 800 989 κ.
827 954 877 988 τ.
903 935 953 989 λ,
993 935 1073 1001 (Ι)
1116 933 1266 1006 [ϐοά.
1297 952 1350 1005 p.
1374 934 1529 1007 222.]
1556 938 1646 988 Δεῖ
1664 935 1719 988 δὲ
1749 936 1840 989 τὸν

255 1028 701 1097 ἀναγινώσκοντα
730 1027 1019 1097 προσέχειν
1048 1029 1160 1089 τοῖς
1193 1024 1289 1078 τοῦ
1319 1026 1588 1097 Κυρίλλου
1615 1025 1793 1095 λόγοις
1821 1043 1837 1058 σ

256 1120 429 1174 εἰπὼν
462 1118 570 1189 γάρ
617 1118 718 1172 οὐκ
751 1118 1016 1187 ἀνάχυσίν
1060 1136 1181 1172 τινα
1202 1121 1302 1187 τὴν
1325 1121 1405 1182 είς
1435 1118 1699 1188 ἀλλήλους
1732 1118 1840 1171 τῶν

255 1216 473 1281 φύσεων
495 1211 832 1281 πεπράχθαι,
867 1211 1051 1281 μένειν
1084 1211 1138 1264 δὲ
1171 1210 1370 1281 μᾶλλον
1393 1211 1663 1282 ἑκατέραν
1694 1213 1750 1264 ὲν
1772 1214 1837 1283 τῇ

257 1309 473 1368 ἑνώσει,
508 1304 666 1358 τοῦτο
700 1306 837 1376 ὅπερ
860 1305 976 1357 ἐστὶ
1011 1304 1195 1373 σαφῶς
1232 1304 1476 1358 διδάσκει
1504 1305 1599 1367 τὰς
1625 1304 1720 1357 δύο
1750 1307 1841 1373 φύο

259 1418 372 1464 σεις
396 1400 496 1469 τῆς
537 1398 792 1468 θεότητος
821 1398 913 1449 καὶ
952 1396 1051 1465 τῆς
1082 1396 1505 1467 ἀνθρωπότητος
1528 1436 1541 1459 ,
1577 1398 1635 1449 ὲν
1655 1395 1731 1466 τῷ
1761 1395 1841 1448 ἑνὶ

257 1491 535 1563 προσώπῳ
559 1490 652 1544 τοῦ
679 1489 884 1560 Κυρίου
907 1491 939 1558 ή
950 1488 1069 1559 μῶν
1106 1487 1279 1557 Ἰησοῦ
1307 1488 1544 1559 Χριστοῦ
1572 1488 1840 1553 σώζεσθαί

254 1604 317 1639 τε
349 1586 443 1639 καὶ
470 1582 873 1655 ὁμολογεῖσθαι.
927 1580 1018 1645 Ἐξ
1062 1573 1136 1633 ὧν
1176 1579 1576 1651 συνωθούμενοι
1612 1580 1661 1633 οἱ
1692 1581 1841 1651 αίρε-

254 1682 420 1744 τικοὶ,
465 1678 657 1749 ἑτέραν
708 1676 870 1729 πάλιν
921 1674 1228 1727 ἐπινοοῦσιν
1283 1674 1577 1726 ἀσέϐειαν·
1619 1672 1715 1726 καὶ
1752 1672 1842 1725 διὰ

256 1771 461 1840 ταύτης
495 1770 593 1841 τὴν
634 1769 907 1839 προτέραν
957 1768 1276 1820 ὲπισκιάσαι
1310 1765 1647 1836 βουλόμενοι.
1684 1766 1840 1818 Ἐστι

258 1866 367 1934 γὰρ
400 1863 489 1916 ὅτε
550 1862 645 1915 καὶ
699 1861 827 1929 μίαν
877 1858 1129 1911 σύνθετον
1183 1858 1586 1912 ἀναπλάττουσι
1637 1856 1837 1925 φύσιν·

1943 658 2199 728 plurimis
2224 657 2540 713 testimonia
2568 657 2979 727 Scripturarum
3016 658 3311 729 selegimus
3358 658 3539 729 Oporo

1945 758 2022 804 tet
2056 760 2239 805 autem
2287 759 2347 804 ut
2408 750 2583 803 lector
2613 750 2892 805 adhaereat
2924 750 3113 821 Cyrilli
3143 752 3495 806 sermonibus
3525 770 3542 806 :

1941 852 2230 912 postquam
2266 841 2413 895 enim
2446 841 2584 895 dixit
2616 842 2824 895 nullam
2870 840 3195 897 effusionem
3221 855 3540 898 naturarum

1944 933 2000 986 in
2025 948 2084 987 se
2112 933 2583 987 invicem‘factam
2606 932 2801 997 fuisse,
2821 932 3129 987 subsistere
3150 942 3334 988 autem
3360 936 3545 1004 potius

1942 1036 2390 1091 unamquamque
2413 1022 2467 1075 in
2493 1021 2724 1088 unitate,
2757 1024 2863 1076 hoc
2881 1023 3026 1092 quod
3053 1039 3245 1078 verum
3269 1035 3374 1089 est,
3394 1026 3544 1082 clare

1942 1113 2125 1177 docet,
2164 1114 2382 1169 scilicet
2401 1113 2539 1169 duas
2562 1123 2792 1168 naturas
2817 1113 3127 1169 divinitatis
3150 1124 3315 1184 atque
3349 1116 3545 1171 huma-

1942 1207 2136 1262 nitatis
2180 1207 2234 1261 in
2267 1223 2371 1261 una
2408 1222 2644 1277 persona
2687 1206 2906 1260 Domini
2957 1207 3134 1261 nostri
3170 1207 3299 1262 Jesu
3329 1207 3541 1273 Christi

1943 1299 2143 1354 salvari
2167 1314 2231 1354 ac
2248 1298 2422 1353 credi.
2450 1299 2529 1353 Ex
2556 1298 2645 1353 bis
2666 1298 3085 1369 progredientes
3106 1299 3377 1365 hreretici,
3401 1301 3543 1355 alte-

1944 1408 2061 1447 ram
2114 1393 2313 1447 iterum
2347 1392 2703 1462 exeogitant,
2735 1392 3100 1462 impietatem,
3146 1394 3389 1463 priorem
3449 1394 3540 1448 illa

1943 1494 2234 1555 protegere
2288 1485 2565 1539 volentes.
2621 1484 2845 1539 Scilicet
2890 1494 3140 1540 naturam
3177 1486 3539 1556 compositam

1944 1575 2332 1645 imaginantur,
2359 1576 2697 1645 ignorantes,
2737 1576 2881 1630 sicut
2919 1576 3270 1632 documentis
3311 1578 3541 1633 Patrum

1943 1664 2050 1719 fuit
2074 1665 2541 1732 demonstratum,
2574 1664 2823 1736 itemque
2857 1658 2955 1722 nos
2991 1669 3251 1737 superius
3276 1668 3540 1728 diximus.

1944 1764 2153 1811 natura:
2179 1773 2380 1812 nomen
2425 1758 2493 1813 de
2518 1774 2579 1813 re
2609 1760 2891 1813 communi
2922 1759 3054 1818 dici.
3096 1759 3321 1829 aliquod
3346 1759 3545 1814 indeﬁ-

1944 1849 2123 1902 nitum
2184 1848 2500 1920 signiﬁcare
2557 1851 2857 1920 multisque
2910 1853 3167 1920 personis
3220 1852 3541 1906 convenire.

257 1920 583 2023 ἀγνοοῦντες
600 1955 681 2007 ὃτι
700 1920 966 2020 ’καθάπερ
992 1952 1079 2005 διὰ
1106 1950 1214 2003 τῶν
1240 1950 1499 2020 Πατέρων
1520 1920 1836 2003 ἀποδείκνυ-

1950 1939 2117 2009 Atqui
2154 1940 2200 1995 si
2251 1940 2375 1995 dua:
2425 1951 2639 1997 natura:
2694 1942 3001 1996 divinitatis
3050 1957 3115 1997 ac
3180 1942 3545 1998 humanitatis

257 2061 349 2098 ται
376 2042 743 2106 διδασκαλίας,
779 2043 876 2094 καὶ
926 2042 1085 2111 ἡμεῖς
1113 2041 1169 2093 δὲ
1210 2040 1471 2110 ἀνωτέρω
1518 2040 1843 2110 εἰρήκαμεν,

258 2139 334 2190 Τὸ
356 2139 454 2207 τῆς
478 2137 717 2205 φύσεως
742 2134 911 2205 ὄνομα
934 2134 1025 2185 ἐπὶ
1053 2131 1234 2186 κοινοῦ
1257 2131 1472 2200 λέγεται
1501 2132 1845 2202 πράγματος,

258 2232 353 2285 καὶ
382 2231 631 2301 ἀόριστόν
662 2246 717 2281 τι
748 2227 1005 2296 σημαίνει
1048 2228 1143 2278 καὶ
1175 2226 1317 2279 κατὰ
1365 2224 1580 2277 πολλῶν
1608 2224 1845 2277 ὑποστά-

258 2342 397 2377 σεων
456 2324 867 2394 κατηγορεῖται.
904 2321 965 2373 Εί
1036 2318 1215 2373 τοίνυν
1266 2320 1321 2371 αἱ
1377 2317 1470 2371 δύο
1527 2316 1717 2386 φύσεις
1748 2320 1845 2385 τῆς

259 2418 510 2488 θεότητος
556 2418 651 2468 καὶ
690 2414 789 2485 τῆς
830 2412 1249 2485 ἀνθρωπότητος
1274 2452 1288 2475 ,
1334 2411 1431 2481 μία
1480 2413 1603 2463 κατ’
1646 2411 1845 2475 αὐτοὺς

258 2508 449 2577 γέγονε
480 2506 734 2568 σύνθετος
763 2504 945 2574 φύσις,
981 2503 1142 2573 δῆλον
1174 2503 1256 2555 ὅτι
1294 2501 1471 2555 κοινόν
1493 2519 1547 2555 τι
1570 2504 1665 2555 καὶ
1691 2503 1845 2574 ἀόρι-

261 2617 386 2654 στον
430 2596 797 2669 ἀπετελέσθη·
831 2596 927 2650 καὶ
962 2596 1147 2665 ζητεῖν
1170 2594 1503 2661 ἐπάναγκες,
1543 2594 1703 2657 ποίας
1730 2611 1844 2647 xci-

259 2690 535 2762 νότητοςῆ
574 2689 715 2744 κατά
736 2688 912 2741 ποίων
940 2686 1292 2739 ύποστάσεων
1327 2687 1424 2755 τὴν
1451 2685 1709 2755 τοιαύτην
1738 2686 1839 2755 φύ-

262 2802 346 2836 σιν
381 2782 599 2851 λέγουσι
644 2779 1090 2850 κατηγορεῖσθαι,
1137 2779 1270 2847 ὅπερ
1306 2778 1549 2831 ἐναντίον
1594 2777 1712 2830 ἐστὶ
1746 2777 1842 2831 τοῦ

259 2874 403 2927 κατὰ
428 2871 660 2945 Χριστὸν
686 2868 982 2941 μυστηρίου
1010 2884 1023 2896 ο
1068 2868 1095 2920 ὁ
1131 2868 1237 2936 γὰρ
1258 2864 1491 2935 Χριστὸς
1513 2866 1611 2935 οὐχ
1640 2864 1714 2928 ὼς
1741 2882 1845 2917 κοι-

260 2965 349 3018 νὸν
381 2981 433 3015 τι
484 2961 579 3016 καὶ
611 2961 751 3015 κατά
782 2958 993 3012 πολλῶν
1034 2957 1388 3009 ύποστάσεων
1428 2956 1839 3025 κατηγορεῖται,

258 3055 375 3110 ἀλλ’
401 3055 492 3108 ἐπὶ
524 3053 653 3124 μιᾶς
679 3050 1057 3111 ὑποστάσεως,
1098 3048 1260 3118 ἡτουν
1291 3045 1409 3108 ἐνὸς
1437 3043 1729 3113 προσώπου
1757 3043 1844 3096 λέ-

258 3163 414 3215 γεται
438 3147 496 3196 ὲν
526 3141 804 3212 διαφόροις
848 3139 1057 3201 οὐσίαις
1092 3136 1346 3206 θεότητος
1369 3134 1463 3187 καὶ
1491 3133 1844 3205 ἀνθρωπότη-

1948 2033 2103 2087 facta:
2129 2041 2259 2087 sunt
2276 2048 2385 2087 una
2414 2044 2612 2088 natura
2632 2032 2959 2102 composita,
2989 2032 3200 2102 aliquid
3226 2034 3545 2088 communis

1950 2134 2116 2195 atque
2166 2124 2437 2179 indeiiniti
2490 2124 2629 2180 eﬂici
2682 2132 2863 2194 patet;
2897 2140 3144 2193 quaerere
3178 2140 3400 2195 quoque
3447 2141 3545 2180 ne-

1948 2232 2101 2271 cesse
2124 2217 2291 2271 estde
2309 2232 2419 2286 quo
2448 2216 2726 2271 communi
2771 2215 2903 2280 dici,
2946 2216 3261 2287 quibusque
3289 2220 3544 2288 personis

1948 2307 2248 2361 convenire
2300 2308 2465 2362 talem
2512 2315 2766 2361 naturam
2821 2306 3030 2369 dicant,
3080 2310 3227 2377 quod
3276 2312 3543 2381 mysterio

1947 2396 2150 2451 Christi
2178 2396 2536 2461 adversatur;
2558 2394 2813 2451 Christus
2831 2397 2980 2450 enim
3004 2412 3113 2451 non
3135 2398 3293 2467 quasi
3316 2399 3541 2469 aliquod

1946 2474 2264 2552 commune,
2308 2496 2363 2542 et
2410 2489 2599 2543 multis
2652 2490 2905 2557 personis
2936 2490 3307 2555 conveniens,
3345 2492 3441 2546 sed
3485 2493 3539 2546 in

1948 2596 2057 2634 una
2078 2580 2361 2651 hypostasi
2388 2580 2502 2635 sive
2523 2580 2578 2634 in
2601 2596 2709 2633 una
2740 2595 2973 2650 persona
2992 2581 3198 2636 dicitur
3226 2582 3280 2636 in
3302 2582 3541 2637 diversis

1947 2672 2275 2727 substantiis
2300 2672 2609 2726 divinitatis
2637 2683 2695 2727 et
2718 2673 3079 2729 humanitatis
3099 2675 3370 2745 cognitus.
3396 2676 3538 2730 Nos-

1944 2766 2167 2835 metipsi
2221 2766 2359 2821 duas
2399 2765 2739 2821 substantias
2778 2767 2833 2821 in
2866 2767 3088 2823 Christo
3112 2785 3234 2824 esse
3264 2770 3535 2835 dicentes,

1946 2858 2250 2911 secundum
2275 2857 2621 2913 divinitatem
2648 2859 2858 2914 scimus
2880 2861 3060 2929 ipsum
3084 2876 3205 2915 esse
3232 2862 3379 2915 Patri
3413 2878 3537 2916 san-

1945 2960 2147 3020 ctoque
2178 2949 2408 3019 Spiritui
2443 2950 2989 3016 consubstantialem,
3022 2952 3329 3006 secundum
3350 2960 3537 3006 autem

1945 3042 2345 3097 humanitatem
2370 3042 2628 3098 omnibus
2655 3044 2975 3098 hominibus
3004 3044 3535 3099 consubstantialem

1943 3135 2349 3205 eognoscimus.
2388 3134 2490 3202 Qui
2526 3151 2660 3190 vero
2700 3136 3050 3192 dicuntduas
3079 3137 3419 3192 substantias
3439 3152 3537 3191 na-

256 3256 349 3301 τος
406 3233 829 3306 γνωριζόμενος.’
881 3230 992 3285 Καὶ
1032 3231 1191 3300 ἡμεῖς
1237 3228 1334 3298 μὲν
1387 3226 1480 3280 δύο
1521 3226 1708 3290 οὐσίας
1751 3228 1836 3280 ἐπὶ

1948 3236 2124 3282 turam
2147 3230 2508 3299 compositam
2532 3228 2776 3296 ellicere,
2807 3231 2957 3300 quod
2985 3240 3071 3285 est
3097 3246 3266 3285 unum
3297 3246 3419 3285 esse
3439 3231 3537 3284 ali-

256 3328 495 3402 Χριστοῦ
543 3328 816 3396 λέγοντες,
849 3324 990 3377 κατὰ
1023 3322 1122 3392 μὲν
1145 3323 1243 3391 τὴν
1282 3320 1512 3391 θεότητα
1557 3322 1713 3391 ἴσμεν
1744 3322 1840 3374 αὐ-

256 3420 349 3475 τὸν
369 3420 446 3489 τῷ
471 3418 643 3488 Πατρὶ
673 3418 767 3469 καὶ
797 3414 875 3485 τῷ
905 3413 1044 3481 ἁγίῳ
1071 3411 1348 3481 ΙΙνεύματι
1370 3411 1676 3479 όμοούσιον,
1695 3414 1834 3465 κατὰ

256 3510 315 3563 δὲ
349 3510 447 3582 τὴν
476 3507 866 3579 ἀνθρωπότητα
893 3506 1059 3557 πᾶσιν
1086 3502 1391 3574 ἀνθρώποις
1431 3502 1521 3555 τὸν
1554 3502 1717 3555 αὐτὸν
1756 3519 1833 3571 γι-

256 3603 539 3671 νώσκομεν
576 3598 879 3670 ὁμοούσιον.
912 3596 972 3649 Οί
1012 3594 1069 3647 δὲ
1099 3593 1351 3662 λέγοντες
1390 3593 1490 3656 τὰς
1519 3592 1612 3645 δύο
1640 3593 1828 3658 ούσίας

1943 3336 2180 3390 quorum
2223 3323 2627 3388 communium,
2659 3324 3110 3378 communitatem
3137 3323 3387 3379 eamdem
3421 3333 3534 3377 tra-

1942 3411 2113 3478 dunt;
2148 3428 2375 3469 necesse
2424 3423 2508 3469 est
2549 3414 2695 3469 enim
2720 3416 2875 3485 juxta
2917 3416 3137 3470 illorum
3160 3416 3328 3470 verba
3351 3415 3533 3486 quod-

1934 3504 2060 3558 dam
2088 3504 2332 3559 medium
2362 3504 2502 3560 efiici
2535 3506 2769 3561 alterius
2806 3516 3017 3561 natura:
3049 3522 3215 3577 quam
3237 3507 3386 3578 quod
3416 3524 3535 3574 era;

1936 3598 2378 3668 unumquodque
2414 3613 2514 3669 per
2536 3609 2743 3669 partes.

259 3697 388 3767 μίαν
423 3693 749 3748 ἀποτελέσαι
781 3690 1031 3743 σύνθετον
1071 3687 1254 3757 φύσιν,
1308 3687 1445 3758 ὅπερ
1515 3686 1665 3739 ἐστὶν
1736 3686 1794 3740 ἓν
1860 3689 2053 3741 κοινῶν
2105 3707 2270 3744 τινων
2324 3686 2487 3755 εἶναι,
2522 3690 2635 3761 ,τὴν
2688 3691 2977 3763 κοινότητα
3038 3691 3245 3762 ταύτην
3273 3694 3530 3747 διδόασινο

255 3787 467 3856 ἀνάγκη
498 3785 607 3855 γὰρ
637 3783 777 3836 κατὰ
801 3784 925 3845 τοὺς
954 3780 1177 3834 ἐκείνων
1211 3778 1402 3847 λόγους
1435 3778 1864 3851 ἀποτελεσθῆναί
1904 3798 1957 3834 τι
1985 3782 2151 3853 μέσον
2194 3783 2519 3853 ὲτεροφυὲς,
2554 3784 2586 3851 ἢ
2636 3784 2785 3854 ὅπερ
2811 3780 2880 3857 ἦν
2909 3785 3171 3854 ἑκάτερον
3205 3785 3311 3839 ἀνά
3340 3787 3532 3858 μέρος,

328 3878 593 3933 Κάκεῖθεν
622 3876 678 3930 δὲ
715 3875 892 3928 αὐτῶν
919 3874 988 3927 τὰ
1013 3874 1114 3943 τῆς
1147 3873 1377 3935 ἀτοπίας
1417 3872 1701 3942 ἐλέγχεται
1740 3890 1753 3903 ⁸
1786 3875 1835 3927 εἰ

255 3972 366 4041 γὰρ
405 3970 501 4024 διὰ
542 3968 760 4021 πάντων
790 3966 1137 4037 ὡμολόγηται
1167 3964 1346 4035 ἁπλῆν
1377 3960 1515 4018 εἶναι
1547 3966 1639 4017 καὶ
1669 3963 1834 4018 ἀσύν-

257 4067 412 4120 θετον
440 4064 537 4133 τὴν
568 4062 727 4133 φύσιν
756 4062 855 4130 τῆς
884 4060 1043 4128 ἁγίας
1073 4060 1322 4129 Τριάδος,
1346 4058 1500 4111 αὐτοὶ
1528 4058 1583 4110 δὲ
1643 4059 1833 4112 σύνθε-

255 4179 346 4213 τον
379 4158 656 4226 εἰσάγουσι
683 4157 780 4224 τὴν
818 4154 912 4208 τοῦ
938 4154 1067 4207 Υἱοῦ
1099 4153 1261 4223 φύσιν
1282 4193 1297 4215 ,
1330 4150 1685 4223 εὑρεθήσεται
1717 4152 1837 4205 κατ’

256 4254 450 4314 αὐτοὺς
482 4250 641 4320 ἑτέρα
669 4248 830 4317 φύσις
854 4250 886 4319 ἡ
916 4247 1007 4301 τοῦ
1041 4246 1169 4299 Υίοῦ
1192 4246 1341 4317 παρὰ
1370 4246 1469 4317 τὴν
1491 4245 1584 4299 τοῦ
1621 4246 1835 4316 Πατρὸς

256 4346 351 4397 καὶ
380 4344 476 4396 τοῦ
510 4343 666 4411 ἀγίου
705 4340 1041 4410 Πνεύματος.
1074 4338 1219 4407 Πλὴν
1244 4339 1337 4391 καὶ
1370 4338 1403 4406 ἠ
1440 4336 1687 4409 περὶτῆς
1709 4353 1834 4389 συν-

256 4437 411 4491 θέτου
445 4436 659 4507 φύσεως
695 4434 913 4505 εὕρεσις
943 4432 1155 4495 οὐδενὸς
1178 4430 1364 4501 ἑτέρου
1395 4427 1542 4499 ἢτοῦ
1575 4427 1833 4481 διδασκά-

2013 3874 2147 3930 Inde
2202 3875 2435 3930 stultitia
2472 3891 2663 3931 eorum
2700 3877 3057 3943 confutatur;
3093 3878 3139 3932 si
3166 3879 3316 3933 enim
3339 3894 3535 3937 omnes

1942 3965 2281 4021 confitentur
2314 3966 2618 4037 simplicem
2644 3983 2767 4023 esse
2800 3977 2965 4038 atque
2983 3969 3405 4039 incompositam
3430 3986 3531 4025 na-

1948 4066 2127 4112 turam
2154 4067 2358 4112 sanctaa
2380 4057 2689 4124 Trinitatis,
2711 4058 2788 4112 illi
2813 4067 2997 4113 autem
3020 4060 3386 4130 compositam
3406 4061 3530 4116 Filii

1944 4159 2195 4204 naturam
2220 4136 2509 4214 inducant,
2542 4150 2611 4205 ab
2643 4151 2778 4219 ipsis
2811 4160 3008 4206 natura
3036 4152 3207 4207 altera
3230 4153 3349 4208 Filii
3377 4154 3533 4210 inve—

1944 4242 2132 4297 nietur
2180 4252 2381 4312 praeter
2428 4254 2685 4299 naturam
2726 4243 2904 4299 Patris
2944 4244 3229 4314 sanctique
3266 4246 3527 4316 Spiritus.

1941 4332 2211 4388 Creterum
2244 4344 2454 4389 natura:
2479 4336 2796 4405 composita:
2816 4336 3135 4392 adinventio
3164 4338 3373 4393 nullius
3393 4338 3531 4393 alte-

1940 4426 2060 4480 rius
2078 4435 2338 4496 estquam
2359 4427 2603 4497 magistri
2623 4428 2832 4482 erroris
2852 4444 3042 4482 eorum
3062 4429 3391 4499 Apolinarii,
3412 4446 3529 4485 mo-

254 4529 347 4582 λου
381 4528 483 4597 τῆς
515 4527 721 4596 πλάνης
750 4524 928 4577 αὐτῶν
957 4523 1101 4576 ἐστιν
1148 4520 1544 4591 Ἀπολιναρίου,
1575 4518 1668 4571 τοῦ
1699 4518 1830 4571 ποτὲ

1942 4519 2011 4573 do
2036 4535 2199 4574 unam
2225 4530 2474 4575 naturam
2494 4523 2853 4591 compositam
2882 4522 3138 4587 dicentis,
3166 4523 3330 4577 modo
3358 4539 3523 4578 unam

258 4621 354 4691 μὲν
415 4620 543 4690 μίαν
596 4616 848 4670 σύνθετον
910 4616 1071 4683 φύσιν
1120 4612 1392 4679 λέγοντος,
1427 4612 1555 4664 ποτὲ
1589 4610 1647 4663 δὲ
1700 4612 1828 4681 μίαν

254 4714 507 4785 θεότητος
557 4712 651 4764 καὶ
701 4709 1119 4780 ἀνθρωπότητος
1173 4705 1627 4767 ἀναπλάττοντος.
1652 4704 1830 4776 Ὅπερ

253 4807 433 4877 εὑρεῖν
456 4805 664 4872 ἔξεστιν
689 4806 750 4856 ὲκ
780 4802 890 4855 τῶν
918 4800 1012 4854 τοῦ
1039 4800 1201 4855 αὑτοῦ
1233 4796 1511 4869 αἱρετικοῦ
1543 4814 1832 4869 συγγραμ-

256 4896 461 4966 μάτων·
494 4898 551 4949 ὲν
578 4896 685 4966 γὰρ
716 4893 794 4965 τῷ
828 4892 971 4963 λόγῳ
992 4891 1051 4944 δν
1084 4891 1380 4960 ἐπιγράφει
1408 4890 1543 4961 πρὸς
1578 4890 1701 4952 τοὺς
1735 4889 1829 4942 ἇν-

253 4988 469 5057 θρωπον
490 4988 595 5040 ὑπὸ
624 4987 717 5040 τοῦ
748 4987 922 5054 Λόγου
951 4983 1348 5055 προσειλῆφθαι
1376 4982 1652 5050 λέγοντας,
1686 4982 1830 5051 λέγει

250 5081 400 5134 τάδε.
436 5099 453 5130 ι
497 5079 815 5147 Ἄνθρωπος
846 5074 926 5141 εἷς
964 5080 991 5131 ό
1019 5075 1251 5148 Χριστὸς
1279 5075 1355 5140 ὡς
1397 5071 1477 5139 εἷς
1507 5075 1639 5139 Θεὸς
1663 5079 1691 5129 ὁ
1718 5077 1827 5129 Πα-

249 5170 355 5243 τὴρ
387 5170 416 5222 ὂ
440 5170 556 5222 ἐστι
587 5170 821 5237 φύσεως,
847 5169 986 5223 ῶστε
1027 5168 1122 5221 καὶ
1148 5168 1303 5222 τοῦτο
1327 5166 1541 5238 φύσεως
1573 5166 1826 5220 συνθέτου

253 5262 461 5334 μεταξὺ
517 5261 682 5330 οῠσης
726 5262 863 5315 Θεοῦ
906 5262 1001 5315 καὶ
1036 5259 1358 5333 ἀνθρώπιον.
1396 5278 1416 5312 ι
1465 5259 1572 5312 Καὶ
1613 5258 1774 5312 πάλιν
1807 5259 1835 5311 ὁ

249 5355 417 5418 αὐτὸς
453 5353 656 5425 ἀσεΰὴς
712 5353 1083 5424 Ἀπολινάριος
1131 5354 1189 5404 ἐν
1240 5350 1317 5421 τῷ
1363 5351 1493 5422 περὶ
1534 5350 1633 5421 τῆς
1680 5349 1829 5414 θείας

248 5448 584 5519 σαρκώσεως
667 5446 846 5516 λόγῳ,
924 5448 981 5499 ἐν
1050 5444 1330 5513 κεφαλαίῳ
1395 5442 1827 5513 τρισκαιδεκάτῳ

250 5540 398 5609 Λέγει
446 5539 613 5593 τάδε’
662 5558 679 5590 ι
735 5538 795 5590 Ἢ
878 5537 1015 5607 σὰρξ
1071 5537 1448 5607 ἑτεροκίνητος
1502 5531 1636 5589 οὖσα
1688 5535 1829 5587 πάνο

248 5645 360 5693 τως
426 5629 685 5683 ὑπὸ·τοῦ
760 5628 1041 5691 κινοῦντος
1126 5630 1221 5680 καὶ
1289 5629 1557 5695 ἄγοντος,
1642 5628 1826 5680 ὁποῖόν

249 5738 384 5774 ποτε
419 5723 486 5774 ἂν
526 5723 611 5791 εἴη
658 5718 815 5773 τοῦτο
860 5721 954 5773 καὶ
992 5720 1091 5773 οὐκ
1130 5719 1345 5783 ἐντελὲς
1379 5715 1516 5773 οῦσα
1556 5719 1695 5783 ζῶον
1730 5720 1824 5789 ἀφ’

1936 4611 2242 4667 divinitatis
2260 4628 2324 4667 ac
2343 4614 2703 4668 humanitatis
2720 4615 3087 4684 imaginantis.
3106 4614 3218 4670 Hoc
3234 4616 3525 4685 exquirere

1937 4705 2069 4759 licet
2110 4721 2178 4760 ex
2220 4704 2397 4775 ipsius
2453 4705 2696 4760 ltmrctici
2738 4707 2927 4771 libris;
2962 4708 3015 4761 in
3070 4723 3323 4762 sermone
3372 4708 3522 4763 enim

1938 4811 2103 4866 quem
2128 4797 2325 4851 scribit
2346 4796 2414 4850 ad
2443 4798 2565 4851 illos
2589 4798 2681 4867 qui
2717 4798 2995 4852 hominem
3026 4814 3054 4853 a
3093 4799 3274 4853 Verbo
3303 4814 3522 4853 assum-

1938 4896 2091 4956 ptum
2125 4887 2297 4941 fuisse
2324 4887 2603 4951 dicebant,
2637 4887 2752 4943 haec
2783 4889 2958 4942 dicit:
2995 4908 3013 4938 ι
3050 4889 3225 4943 Homo
3258 4906 3403 4944 unus
3436 4900 3522 4946 est

1935 4979 2210 5043 Christus,
2248 4979 2392 5034 sicut
2422 4996 2566 5035 unus
2597 4981 2742 5035 Deus
2773 4981 2939 5034 Pater
2956 4981 3050 5050 qui
3081 4989 3166 5035 est
3196 4991 3425 5046 naturae,
3445 4983 3521 5038 ita

1937 5083 1997 5127 ut
2051 5073 2155 5127 hoc
2184 5076 2255 5127 sit
2292 5088 2514 5142 quoque
2544 5081 2756 5127 natura:
2779 5073 3119 5142 compositae,
3154 5074 3352 5128 mediae
3378 5076 3522 5130 inter

1935 5166 2105 5220 Deum
2124 5175 2181 5219 et
2202 5164 2700 5219 homincmaldem
2722 5164 2925 5235 impius
2947 5164 3366 5234 Apolinariusin
3394 5166 3521 5221 Ser-

1939 5274 2101 5313 mone
2129 5257 2199 5312 de
2237 5257 2616 5312 incarnatione
2645 5256 2973 5323 divinitatis,
2993 5258 3170 5328 capite
3192 5258 3519 5324 tredecimo,

1940 5350 2059 5405 hazc
2110 5350 2311 5404 iterum
2366 5348 2535 5402 dicit:
2568 5348 2748 5404 «Caro
2800 5365 2921 5418 qua)
2953 5349 3162 5403 moveri
3198 5351 3522 5405 nullomodo

1938 5452 2125 5513 potest
2151 5442 2257 5496 nisi
2290 5458 2319 5496 a
2348 5450 2605 5496 movente
2633 5451 2937 5511 agenteque
2967 5451 3216 5505 externo,
3238 5444 3523 5512 quomodo

1943 5550 2187 5604 unquam
2220 5534 2353 5587 illud
2376 5550 2497 5588 esse
2518 5534 2738 5604 posset?
2762 5534 2878 5588 Non
2920 5544 3003 5587 est
3028 5549 3056 5587 a
3080 5535 3375 5605 semetipsa
3394 5534 3520 5589 ani-

1935 5629 2041 5682 mal
2084 5628 2412 5697 perfectum,
2467 5627 2561 5682 sed
2612 5642 2735 5680 cum
2790 5627 2898 5680 hoc
2949 5626 3254 5696 perfectum
3312 5629 3517 5683 animal

1937 5721 2112 5790 ipsam
2144 5720 2261 5773 ﬁeri
2286 5728 2553 5787 statutum
2577 5720 2795 5783 fuisset,
2834 5733 2893 5774 se
2917 5734 3040 5773 cum
3074 5718 3213 5774 duce
3240 5735 3341 5775 suo
3377 5735 3515 5774 con-

322 5857 399 5927 (l)
428 5857 560 5910 Exin
588 5872 653 5911 ex
686 5856 789 5910 hac
816 5856 1027 5926 prolixa
1058 5856 1355 5911 Iustiniani
1386 5857 1619 5927 epistola
1658 5858 1878 5913 nonnisi
1912 5857 2026 5914 fere
2090 5857 2327 5912 incditos
2358 5858 2577 5913 Patrum
2636 5857 2808 5921 locos,
2864 5865 2920 5911 et
2947 5856 3278 5928 praecipuam
3307 5855 3515 5910 doctri-

248 5944 375 5983 nam
401 5928 696 5997 descripsi,
733 5927 965 5998 reliquis
996 5929 1401 5999 praetermissis.
