4088 6544
591 452 728 518 1123

1729 446 2165 510 JUSTINIANI
2208 440 2736 508 IMPERATORIS

3747 444 3904 513 ilQi

588 562 768 634 iniexit
802 572 864 615 ut
891 554 1081 614 unitas
1106 555 1683 627 fleret,destinataque
1715 555 1822 611 fuit
1848 556 1917 611 ad
1942 570 2170 627 regnum

2286 559 2506 630 ἑαυτῆς,
2531 559 2649 615 ἀλλ’
2678 562 2759 623 είς
2790 559 2852 614 τὸ
2896 560 3152 627 γενέσθαι
3183 560 3324 628 ζῶον
3358 561 3570 628 ἐντελὲς
3600 565 3909 621 συντεθει-

586 656 852 721 υωιοειες
884 661 1176 723 postquam
1215 649 1294 704 illi
1327 647 1653 704 adhaesisset
1684 647 1841 720 juxta
1887 648 2180 718 passibili-

590 756 755 802 tatem
798 760 955 801 suam
1001 750 1409 814 postquamque
1438 739 1498 793 in
1554 754 1615 795 se
1645 741 1950 810 recepisset
1977 740 2181 794 divini—

587 846 755 893 tatem
772 837 927 906 juxta
946 850 1101 889 suam
1132 830 1538 903 operationem;
1575 829 1656 886 sic
1681 830 1830 885 enim
1853 846 1918 884 ex
1946 839 2099 885 moto
2118 838 2183 887 ac

588 939 805 985 motore
851 929 907 984 in
933 926 1140 982 animal
1176 925 1370 981 vivens
1416 922 1562 980 facta
1606 931 1730 986 est,
1763 935 1867 975 nec
1903 918 2051 984 duo,
2087 924 2183 971 aut

587 1037 659 1077 ex
717 1019 942 1075 duobus
1006 1016 1273 1088 perfectis
1331 1031 1503 1086 seque
1557 1012 1931 1070 moventibus.
1990 1011 2181 1080 Itaque

595 1114 763 1168 homo
792 1109 1074 1182 quoddam
1107 1106 1260 1163 aliud
1290 1115 1377 1162 est
1414 1105 1620 1160 animal
1655 1102 1801 1175 apud
1840 1103 2036 1168 Deum,
2068 1115 2180 1155 non

566 1204 740 1260 Deus
768 1201 864 1258 sed
898 1201 994 1255 Dei
1027 1214 1246 1264 servus,
1274 1214 1339 1254 ac
1369 1211 1715 1269 quaecunque
1742 1195 1815 1249 sit
1839 1209 1870 1250 e
1895 1194 2038 1251 caelo
2066 1194 2182 1247 vir-

592 1306 702 1360 tus,
733 1294 901 1349 habet
932 1292 1177 1364 pariter;
1209 1306 1339 1347 caro
1365 1306 1522 1356 vero,
1552 1289 1697 1345 facta
1735 1288 1834 1344 Dei
1871 1302 2024 1353 caro,
2062 1285 2184 1341 ani-

591 1389 697 1444 mal
740 1396 826 1444 est
869 1395 997 1457 post
1029 1385 1124 1440 illa
1192 1385 1247 1439 in
1301 1398 1467 1439 unam
1503 1391 1759 1437 naturam
1792 1380 2117 1451 composita.
2158 1399 2178 1432 ι

594 1482 671 1536 lix
702 1479 891 1535 verbis
907 1478 1155 1551 ejusdem
1196 1475 1503 1548 Apolinarii
1528 1474 1772 1530 haeretici
1796 1473 1868 1528 de
1896 1472 2141 1528 Diodoro
2168 1488 2182 1525 :

595 1592 616 1624 ι
665 1572 736 1629 Ut
789 1571 1223 1626 instrumentum
1301 1577 1470 1638 atque
1529 1565 1597 1621 ad
1660 1563 2183 1621 communicandum

594 1678 760 1718 unam
813 1661 989 1717 voluit
1016 1659 1236 1716 efﬁcere
1270 1658 1676 1731 operationem.
1712 1656 1771 1713 Si
1798 1672 1935 1712 vero
1965 1671 2072 1711 una
2102 1663 2188 1711 est

593 1752 868 1823 operatio,
894 1766 1003 1806 una
1035 1759 1126 1806 est
1151 1758 1209 1805 et
1232 1746 1564 1811 substantia,
1587 1760 1698 1801 una
1726 1760 1860 1816 ergo
1875 1743 2187 1799 substantia

591 1846 759 1903 Verbi
791 1844 1089 1915 carnisque
1120 1844 1266 1900 facta
1296 1853 1436 1898 est.»
1471 1841 1553 1896 Ex
1568 1839 1817 1911 ejusdem
1836 1839 1906 1894 de
1938 1838 2186 1894 incarna-

592 1939 745 1994 tione
777 1952 1069 1993 sermone:
1099 1955 1118 1987 ι
1144 1934 1189 1991 0
1208 1950 1350 1989 nova
1371 1931 1605 1997 creatio,
1636 1930 1825 1987 divina
1851 1930 2185 1995 commistio,

2290 1955 2392 2028 τῆς
2435 1958 2658 2030 σαρκός.
2705 1979 2723 2011 ι
2771 1960 2880 2014 Τοῦ
2937 1963 3105 2017 αὑτοῦ
3149 1967 3209 2020 ἐν

592 2032 739 2087 Deus
765 2040 822 2086 et
846 2043 998 2094 caro,
1042 2042 1208 2083 unam
1237 2025 1606 2096 eamdemque
1654 2024 1964 2079 effecerunt
2021 2029 2185 2077 natu-

594 2125 750 2179 ram!
782 2144 799 2175 ι
841 2122 1101 2195 Ejusdem
1148 2120 1218 2177 ad
1270 2120 1497 2175 Petrum
1532 2137 1546 2173 :
1577 2135 1596 2170 ι
1640 2116 1849 2172 Natura
1869 2117 2045 2172 Deum
2087 2130 2187 2170 na-

596 2221 831 2280 turaque
890 2209 1171 2265 hominem
1223 2208 1521 2263 Dominum
1585 2205 1846 2271 dicimus,
1882 2220 1992 2261 una
2049 2219 2183 2260 vero

595 2302 1001 2371 commistaque
1035 2307 1234 2355 natura
1282 2297 1491 2354 carnali
1516 2311 1584 2353 ac
1618 2295 1823 2351 divina.

666 2570 773 2639 Qui
806 2578 993 2626 autem
1043 2567 1239 2624 dicunt
1277 2574 1532 2623 naturam
1565 2565 1957 2638 compositam,
1979 2581 2181 2622 unam-

595 2680 706 2737 que
741 2663 929 2720 carnis
959 2677 1027 2717 ac
1059 2659 1285 2717 deitatis
1305 2668 1563 2715 naturam
1596 2662 1939 2731 excogitant,
1995 2674 2027 2713 a
2050 2674 2182 2714 san-

595 2766 689 2812 cto
725 2754 931 2830 Cyrillo
953 2752 1255 2818 confutari,
1297 2768 1365 2808 ex
1409 2751 1546 2823 ipsis
1572 2751 1740 2823 hujus
1767 2751 1947 2808 Patris
1996 2750 2183 2806 verbis

596 2849 710 2905 cito
773 2844 1315 2911 demonstrabimus;
1356 2845 1437 2900 sic
1489 2843 1642 2900 enim
1699 2844 1757 2899 in
1790 2843 2061 2900 Sermone
2112 2842 2183 2898 de

596 2938 1167 2996 consubstantialistis
1204 2937 1486 3008 loquitur:
1537 2956 1557 2989 ι
1585 2936 1658 2993 Ut
1681 2937 1997 3001 credamus,
2049 2936 2184 2992 licet

596 3042 852 3089 sanctum
900 3020 1449 3100 mundissimumque
1511 3044 1718 3101 corpus
1781 3031 1907 3102 ejus
1975 3029 2183 3086 nostris

596 3125 930 3198 corporibus
955 3124 1136 3180 simile
1170 3132 1371 3179 natura
1403 3130 1573 3189 esset,
1612 3123 1934 3179 venerabile
2000 3131 2182 3179 tamen

596 3234 720 3275 esse
772 3233 838 3273 ac
884 3216 1162 3279 divinum,
1194 3215 1542 3285 multumque
1596 3230 1767 3284 supra
1814 3229 1919 3270 nos
1946 3214 2181 3269 excelsa:
2222 3258 2227 3263 .

598 3307 1024 3381 magnitudinis,
1061 3322 1186 3377 quae
1220 3304 1398 3376 ipsius
1427 3304 1573 3361 facta
1607 3288 1695 3361 est
1721 3305 1892 3360 etiam
1922 3305 2178 3376 proprie-
2204 3307 2247 3365 C

599 3415 720 3469 tas;
752 3416 853 3472 per
877 3400 1059 3471 ipsum
1085 3397 1235 3454 enim
1279 3407 1544 3469 Operatus
1567 3406 1675 3454 est.
1700 3397 1832 3453 Ideo
1875 3397 2035 3468 panis
2055 3398 2181 3453 vitae

597 3494 936 3566 appellatum
957 3499 1076 3558 est,
1124 3490 1195 3546 de
1229 3490 1372 3547 coelo
1397 3504 1624 3561 quoque
1652 3489 2011 3546 descendisse
2039 3489 2183 3546 dici-

600 3599 713 3652 tur,
741 3586 985 3656 dareqne
1024 3583 1195 3640 vitam
1221 3582 1428 3648 mundo
1468 3599 1569 3653 per
1617 3582 1865 3638 Verbum
1892 3582 2042 3654 quod
2082 3581 2184 3639 de-

586 3692 769 3749 super
800 3692 865 3733 ac
892 3675 962 3732 de
991 3675 1132 3732 caelo
1177 3673 1569 3738 descenderat.
1591 3675 1753 3745 cujus
1780 3690 2004 3746 quoque
2055 3690 2188 3746 pro-

600 3770 720 3842 pria
751 3786 883 3825 caro
915 3768 1122 3825 factum
1140 3775 1246 3824 est.
1272 3767 1575 3824 Divinaest
1601 3766 1795 3839 igitur,
1829 3778 1996 3839 prout
2024 3767 2182 3832 dicit,

584 3879 733 3919 raro
761 3863 918 3934 ejus;
937 3876 1048 3916 non
1072 3859 1151 3915 ita
1176 3867 1361 3915 tamen
1383 3868 1445 3915 ut
1479 3859 1653 3931 ipsam
1678 3859 1733 3915 in
1759 3868 2015 3916 naturam
2037 3861 2184 3916 divi-

600 3954 796 4011 nitatis
813 3954 1099 4011 transiisse
1113 3940 1378 4026 conjiciat
1392 3954 1649 4024 quisquis
1677 3954 1962 4025 ingenium
1985 3955 2186 4010 habeat

603 4047 825 4100 firmum
848 4047 1207 4117 peritumque
1227 4044 1561 4115 dogmaticae
1581 4042 1866 4109 scientiw;
1888 4043 2021 4099 huic
2035 4043 2183 4099 enim

598 4152 727 4207 quae
778 4151 948 4207 supra
981 4136 1172 4191 omnia
1211 4144 1299 4191 est
1333 4150 1399 4191 ac
1424 4135 1642 4191 caelesti
1667 4144 1903 4201 naturae,
1952 4135 2186 4191 omnino

590 4228 867 4284 salvanda
918 4237 1007 4285 est
1063 4228 1391 4299 simplicitas
1423 4243 1605 4298 neque
1653 4242 1781 4283 cum
1826 4228 2002 4283 altero
2033 4243 2185 4284 com-

600 4320 814 4387 mistio,
849 4335 953 4376 nec
985 4319 1297 4392 putandum
1344 4328 1431 4375 est
1465 4334 1592 4376 eam
1643 4319 2011 4390 compositam
2064 4336 2186 4377 esse

602 4413 695 4469 his
713 4429 837 4485 quae
857 4412 967 4469 sibi
986 4413 1248 4474 aderant.
1271 4421 1369 4467 aut
1384 4411 1573 4482 aliquo
1591 4411 1977 4468 additamento
1997 4414 2186 4485 eguis-

598 4522 687 4571 se,
716 4523 891 4578 reque
906 4506 1311 4579 ipsidissimili,
1329 4506 1403 4561 ita
1435 4512 1496 4560 ut
1527 4504 1584 4560 in
1605 4506 1956 4563 identitatem
1975 4519 2188 4564 natura:

599 4599 724 4653 sive
770 4596 1415 4653 eonsnbstantialitatem
1456 4595 1842 4654 descenderet.
1875 4617 1893 4649 ι
1933 4598 2040 4653 Per
2071 4598 2188 4654 haec

2284 654 2425 725 μένη
2477 659 2617 728 πρὸς
2667 658 2897 730 ἑνότητα
2947 660 3027 732 τῷ
3071 663 3390 735 ἡγεμονικῷ
3445 664 3769 736 συνῆλθεν(
3801 667 3907 721 καὶ

2284 750 2550 821 συνετέθη
2576 751 2714 823 πρὸς
2734 752 2795 806 τὸ
2813 753 3067 822 οὐράνιον
3094 757 3447 828 ἡγεμονικὸν,
3472 759 3909 825 ἐξοικειωθεῖσα

2282 838 2434 910 αὐτῷ
2476 842 2616 895 κατά
2664 842 2727 895 τὸ
2773 841 3077 915 παθητικὸν
3115 847 3344 917 ἑαυτῆς,
3390 851 3487 904 καὶ
3518 851 3794 907 ’λαϐοῦσα
3843 855 3911 906 τὸ

2285 930 2426 985 θεῖον
2467 935 2751 988 οίκειωθὲν
2795 938 2933 1009 αὐτῇ
2983 938 3125 993 κατά
3184 940 3245 994 τὸ
3287 944 3651 1015 ἐνεργητικόν
3676 963 3692 979 ·
3740 947 3911 1001 οὕτω

2282 1025 2395 1096 γὰρ
2424 1023 2484 1078 ἓν
2516 1024 2653 1089 ζῶον
2687 1027 2750 1080 ἐκ
2781 1028 3102 1100 κινουμένου
3128 1032 3222 1086 καὶ
3253 1034 3533 1104 κινητικοῦ
3565 1037 3906 1102 συνίστατο,

2285 1116 2380 1169 καὶ
2407 1116 2467 1170 ού
2492 1117 2588 1172 δύο
2609 1159 2624 1183 ,
2667 1120 2700 1191 ἢ
2733 1122 2798 1174 ὲκ
2821 1120 2916 1176 δύο
2940 1122 3163 1178 τελείων
3192 1127 3288 1180 καὶ
3318 1129 3717 1203 αύτοκινήτων.
3768 1134 3908 1186 Διό-

2285 1224 2394 1280 περ
2441 1208 2728 1281 ἄνθρωπος
2780 1210 2880 1283 μὲν
2916 1214 3105 1287 ἕτερόν
3151 1235 3202 1271 τι
3241 1218 3382 1282 ζῶον
3412 1221 3551 1291 πρὸς
3593 1222 3759 1291 Θεὸν,
3799 1227 3909 1279 καὶ

2284 1302 2348 1355 οὐ
2375 1303 2530 1367 Θεὸς,
2554 1302 2691 1359 ἀλλά
2720 1306 2910 1371 δοῦλος
2940 1309 3099 1374 Θεοῦ,
3132 1311 3233 1366 κάν
3259 1314 3579 1391 οὐρανίωνῇ
3605 1336 3693 1384 τις
3718 1319 3906 1373 δύνα-

2290 1415 2382 1468 μις
2405 1436 2422 1462 ,
2452 1397 2717 1464 ὡσαύτως
2742 1400 2855 1472 ἔχει
2879 1418 2894 1434 ⁸
2931 1404 3068 1474 σὰρξ
3107 1405 3185 1472 δὲ,
3218 1407 3353 1461 Θεοῦ
3386 1408 3525 1479 σὰρξ
3576 1415 3901 1484 γενομένη.

2287 1489 2426 1555 ζῷόν
2447 1493 2565 1545 ἐστι
2595 1492 2733 1563 μετά
2756 1492 2932 1550 ταῦτα
2954 1499 3270 1553 συντεθεῖσα
3293 1504 3374 1566 εἰς
3400 1504 3529 1571 μίαν
3551 1506 3740 1575 φύσιν.
3776 1509 3902 1562 Τοῦ

2287 1582 2453 1637 αὑτοῦ
2492 1584 2867 1658 ’Δπολιναρίου
2893 1590 3175 1660 αίρετικοῦ
3202 1595 3267 1647 ὲκ
3294 1595 3405 1651 τῶν
3431 1598 3575 1651 κατά
3603 1601 3903 1671 Διοδώρου

2286 1675 2492 1746 λόγων·
2553 1696 2572 1727 ι
2613 1681 2883 1752 Ὄργανον
2927 1685 3021 1736 καὶ
3064 1683 3129 1737 τὸ
3184 1686 3399 1741 κοινοῦν
3448 1690 3580 1760 μίαν
3631 1696 3907 1761 πέφυκεν

2288 1770 2576 1824 ἀποτελεῖν
2618 1771 2718 1844 τὴν
2764 1774 3081 1846 ἐνέργειανο
3112 1777 3162 1830 εί
3193 1778 3250 1831 δὲ
3279 1780 3376 1851 μία
3407 1776 3441 1853 ἦ
3473 1783 3750 1854 ἐνέργεια,
3786 1787 3905 1856 μέα

2289 1863 2447 1936 καὶὴ
2492 1865 2671 1929 οὐσία,
2707 1865 2806 1937 μία
2830 1867 2939 1940 ἄρα
2965 1871 3122 1924 οὐσία
3163 1872 3388 1941 γέγονεν
3430 1877 3527 1929 τοῦ
3567 1878 3746 1945 Λόγου
3789 1881 3904 1934 καὶ

3251 1966 3329 2039 τῷ
3369 1986 3436 2022 πε
3445 1971 3499 2041 ρὶ
3545 1971 3905 2041 σαρκώσεως

2286 2048 2428 2123 λόγῳ
2454 2069 2468 2084 ο
2511 2070 2530 2104 ι
2569 2049 2640 2107 Ὦ
2664 2055 2827 2123 καινὴ
2853 2057 3053 2123 κτίσις,
3088 2058 3234 2130 μίξις
3267 2060 3532 2118 θεσπεσία
3558 2105 3576 2128 ,
3607 2066 3739 2129 Θεὸς
3790 2068 3902 2119 καὶ

2287 2141 2445 2215 σὰρξ,
2480 2145 2610 2214 μίαν
2637 2146 2732 2200 καὶ
2767 2145 2864 2220 τὴν
2890 2150 3063 2220 αὐτὴν
3104 2152 3438 2210 ἀπετέλεσαν
3474 2156 3669 2225 φύσινί
3717 2179 3737 2211 ι
3771 2160 3898 2213 Τοῦ

2285 2238 2453 2294 αὐτοῦ
2482 2241 2622 2312 πρὸς
2648 2241 2873 2315 Πέτρον.
2912 2264 2931 2297 ι
2961 2246 3125 2301 Φύσει
3160 2249 3259 2320 μὲν
3286 2250 3419 2305 Θεὸν
3450 2253 3544 2306 καὶ
3577 2253 3744 2323 φύσει
3789 2258 3899 2311 ἇν-

2284 2330 2504 2401 θρωττον
2528 2334 2619 2387 τὸν
2653 2334 2855 2406 Κύριον
2875 2338 3128 2411 λέγομεν,
3157 2345 3256 2416 μιᾷ
3274 2344 3331 2399 δὲ
3364 2346 3457 2400 καὶ
3489 2349 3787 2421 συγκράτῳ
3816 2351 3890 2420 τῇ

2283 2424 2447 2495 φύσει
2485 2431 2722 2500 σαρκικῇ
2752 2447 2811 2484 τε
2842 2433 2939 2486 καὶ
2974 2432 3156 2507 θεῖκῇ.
3199 2455 3219 2489 ι

2355 2519 2438 2592 [P.
2477 2521 2632 2596 224.]
2666 2525 2789 2579 Ὀτι
2828 2527 2885 2582 δὲ
2911 2529 3040 2593 τοὺς
3084 2530 3344 2601 λέγοντας
3391 2535 3650 2592 σύνθετον
3693 2541 3885 2609 φύσιν,

2283 2613 2378 2667 καὶ
2411 2614 2541 2684 μίαν
2566 2619 2770 2688 σαρκὸς
2798 2622 2893 2675 καὶ
2923 2621 3175 2695 θεότητος
3201 2626 3365 2697 φύσιν
3408 2632 3886 2703 ἀναπλάττοντας.

2282 2708 2310 2759 ὀ
2342 2708 2401 2761 ὲν
2426 2709 2606 2777 ἁγίοις
2629 2710 2897 2783 Κύριλλος
2922 2716 3314 2788 ἀποϐάλλεται,
3341 2724 3399 2791 ἐξ
3430 2726 3610 2780 αὐτῶν
3643 2730 3755 2784 τῶν
3783 2734 3885 2786 τοῦ

2283 2801 2516 2901 [ἰατρὸς.
2536 2803 2709 2901 λόγων
2746 2808 2908 2874 εὐθὺς
2935 2812 3292 2888 ἀποδείξομεν
3319 2836 3335 2852 ο
3366 2821 3515 2891 λέγει
3559 2823 3671 2895 γὰρ
3706 2829 3768 2879 ὲν
3795 2830 3882 2901 τῷ

2282 2893 2424 2947 κατά
2446 2894 2556 2948 τῶν
2576 2897 2984 2956 Συνουσιαστῶν
3012 2905 3156 2979 λόγῳ
3176 2909 3370 2965 ταῦτα’
3403 2932 3422 2967 ι
3458 2914 3577 2969 Ἵνα
3601 2893 3890 2973 πιστεύω-

2285 3000 2406 3082 usu.
2421 2985 2503 3039 ὃτι
2538 2986 2639 3082 κᾶν
2675 2990 2743 3082 εί,
2765 2993 2880 3056 τοῖς
2914 2996 3205 3069 ἡμετέροις
3239 3000 3490 3073 σώμασιν
3521 3005 3778 3077 ὀμοφυὲς
3817 3006 3889 3082 ἦν

2280 3075 2343 3129 τὸ
2379 3075 2535 3145 ἅγιον
2580 3079 2748 3134 αὐτοῦ
2793 3084 2888 3137 καὶ
2920 3086 3196 3156 πάναγνον
3236 3091 3413 3162 σῶμα,
3469 3075 3570 3148 ἀλλ
3619 3093 3716 3151 οὖν
3764 3075 3889 3154 ἐστι

2283 3169 2481 3224 σεπτόν
2509 3187 2569 3224 τε
2612 3173 2708 3226 καὶ
2742 3174 2905 3243 Θεῖον,
2942 3178 3039 3233 καὶ
3076 3179 3215 3235 πολὺ
3254 3183 3363 3237 τῶν
3403 3186 3525 3238 καθ’
3570 3188 3722 3258 ἡμᾶς
3785 3193 3889 3246 ὲπο

2282 3260 2464 3317 ἐκεινα
2495 3264 2732 3338 μέτρων,
2748 3267 2843 3322 ἅτε
2870 3268 2935 3341 δὴ
2961 3272 3055 3325 καὶ
3089 3272 3218 3328 ἴδιον
3245 3275 3410 3330 αὐτοῦ
3433 3280 3678 3350 γεγονός·
3713 3283 3891 3357 ἐνήρ-

2286 3372 2458 3428 γηκεν
2484 3359 2594 3431 γὰρ
2618 3360 2689 3429 δι’
2716 3361 2905 3418 αὐτοῦ.
2931 3365 3033 3420 Διά
3069 3365 3227 3421 τοῦτο
3257 3369 3350 3423 καὶ
3377 3371 3543 3445 ἄρτος
3576 3374 3889 3449 ὠνομάσθη

2286 3449 2439 3545 ζωῆς
2455 3467 2470 3482 ο
2505 3455 2614 3545 -ναὶ
2649 3454 2757 3526 μὴν
2800 3457 2896 3511 καὶ
2932 3456 2992 3525 ἐξ
3023 3461 3257 3534 ούρανοῦ
3295 3470 3600 3542 καταϐῆναι
3628 3473 3887 3545 λέγεται,

2286 3543 2382 3597 καὶ
2418 3542 2563 3617 ζωὴν
2606 3546 2809 3604 διδόναι
2844 3549 2923 3622 τῷ
2954 3553 3148 3629 κόσμῳ
3175 3556 3266 3612 διὰ
3304 3560 3396 3614 τὸν
3436 3561 3647 3619 ἄνωθεν
3691 3542 3794 3623 καὶ
3826 3570 3891 3635 ἐξ

2285 3637 2539 3735 ούρανοῦ-
2570 3641 2885 3735 καταϐάντα
2932 3646 3127 3717 Λόγον,
3181 3644 3244 3705 οὗ
3297 3654 3392 3709 καὶ
3435 3655 3540 3711 ἰδία
3588 3659 3823 3729 γέγονεν
3847 3668 3885 3735 ἡ

2289 3727 2426 3826 σάρξ
2451 3747 2464 3760 ·
2487 3731 2684 3787 οὐκοῦν
2710 3736 2848 3792 θεία
2887 3738 3007 3808 μὲν,
3042 3741 3118 3807 ὡς
3148 3743 3309 3816 ἔφην,
3341 3747 3519 3803 ἐστίν’
3559 3753 3621 3805 οὐ
3802 3727 3887 3809 ετξ

2287 3824 2381 3877 καὶ
2403 3828 2484 3919 είς
2521 3828 2684 3896 φύσιν
2705 3827 2959 3901 θεότητος
2988 3837 3315 3905 μεταϐαλεῖν
3341 3841 3514 3913 αὐτὴν
3539 3824 3887 3919 ύποτοέτήσοι

2286 3917 2489 4011 τις-ἂν,
2535 3920 2672 4011 εἴγε
2702 3923 2834 4011 νοῦν
2862 3925 2977 3998 ἔχει
3018 3928 3112 3983 τὸν
3150 3927 3209 3987 εὖ
3247 3933 3523 4006 βεϐηκότα
3545 3938 3640 3992 καὶ
3670 3917 3884 4011 δογμα-

2286 4004 2447 4100 sui};
2497 4007 2779 4100 εὐτεχνίας
2817 4015 3180 4100 επιστήμονα.
3243 4027 3336 4078 Δεῖ
3372 4004 3497 4100 ἡγὰρ
3541 4032 3608 4100 τῇ
3660 4004 3888 4087 πάντων

2288 4094 2549 4192 επεκεινα
2589 4099 2685 4152 καὶ
2728 4096 2994 4178 ἀνωτάτω
3027 4107 3189 4179 φύσει
3217 4094 3487 4178 σώζεσθαι
3538 4094 3800 4192 καθαρῶς
3823 4123 3887 4175 τὸ

2288 4186 2495 4283 ἀπλοῦν
2540 4192 2635 4245 καὶ
2666 4193 2979 4266 ἀσυμμιγὲς
3024 4199 3101 4271 τῷ
3137 4202 3330 4277 ἑτέρῳ,
3360 4210 3453 4261 καὶ
3491 4210 3552 4263 τὸ
3584 4210 3661 4283 μὴ
3687 4186 3884 4267 συντε-

2289 4279 2498 4379 θεῖσθαι
2521 4285 2698 4375 δοκεῖν
2728 4290 2786 4343 ἐν
2819 4308 2882 4360 γε
2910 4296 3020 4359 τοῖς
3051 4297 3173 4350 καθ’
3202 4299 3401 4371 ἑαυτὴν
3429 4279 3596 4375 ἠγουν
3622 4279 3876 4379 προσθή-

2289 4392 2391 4448 κης
2415 4374 2697 4449 δεδεῆσθαί
2718 4399 2862 4448 τινος
2893 4387 2989 4441 καὶ
3015 4389 3337 4462 ἀσυμφυοῦς
3362 4374 3500 4467 αὐτῇ
3527 4374 3881 4470 πράγματος.

2231 4514 2239 4523 ,
2290 4470 2371 4564 είς
2401 4472 2689 4526 κοινωνίαν
2718 4475 2895 4531 ὲλθεῖν
2927 4478 3026 4549 τῆς
3050 4482 3109 4535 ὲν
3137 4487 3428 4557 ταυτότητι
3459 4488 3677 4558 φύσεως
3712 4493 3883 4564 ἤγουν

2289 4563 2724 4637 ὁμοουσιότητος.
2755 4586 2774 4620 ι
2811 4569 2913 4625 Διά
2938 4571 3145 4628 τούτων
3170 4574 3227 4629 δὲ
3256 4579 3285 4630 ό
3316 4580 3503 4651 Πατὴρ
3552 4563 3745 4651 σαφῶς
3773 4587 3882 4638 ἀπ·

600 4699 795 4762 aperte
857 4691 1121 4762 prohibet
1144 4690 1308 4746 Pater
1341 4705 1412 4745 ne
1463 4705 1572 4745 una
1609 4689 1831 4747 dicatur
1854 4689 2067 4747 Christi
2091 4707 2187 4747 na-

2292 4654 2567 4762 αγορεύει,
2605 4658 2734 4729 μίαν
2768 4660 2945 4732 λέγειν
2965 4665 3055 4719 ἐπὶ
3088 4665 3189 4737 τῆς
3224 4668 3478 4743 θεότητος
3509 4674 3607 4729 καὶ
3654 4676 3756 4747 τῆς
3778 4678 3881 4731 ἀν⁸

601 4792 729 4837 tura
757 4782 827 4838 de
882 4782 1177 4838 divinitate
1215 4781 1397 4852 deque
1455 4781 1805 4838 humanitate
1853 4783 2184 4853 composita,

597 4892 728 4934 eum
756 4892 868 4932 non
897 4874 1180 4946 acceperit
1205 4884 1462 4930 naturam
1488 4872 1737 4929 divinam
1765 4874 2024 4931 humanae
2047 4891 2188 4930 con-

597 4969 869 5040 junctam,
895 4976 960 5022 ut
992 4982 1121 5022 cum
1154 4966 1246 5020 illa
1272 4980 1437 5021 unam
1463 4974 1721 5020 naturam
1742 4964 2008 5021 ellieeret.

674 5059 926 5115 Stultitia
957 5058 1127 5131 igitur
1157 5057 1606 5113 adversariorum
1627 5057 1933 5124 confutata,
1962 5056 2191 5113 evidens

602 5157 857 5204 remanet
890 5148 1030 5204 duas
1063 5157 1293 5203 naturas
1318 5146 1737 5209 convenientes,
1772 5162 1885 5202 non
1929 5154 2191 5202 naturam

599 5241 971 5311 compositam
1017 5239 1112 5296 sed
1167 5239 1452 5295 Christum
1493 5238 1880 5309 compositum
1913 5238 2190 5303 effecisse,

600 5333 883 5403 siquidem
906 5339 1107 5387 natura
1134 5333 1285 5387 Deus
1310 5340 1416 5393 est,
1451 5340 1762 5402 naturaque
1796 5331 1966 5387 homo
1993 5347 2195 5403 quam-

605 5424 694 5480 vis
718 5421 865 5479 i'dem
892 5422 1135 5478 dicatur.
1176 5421 1286 5478 Sed
1317 5420 1573 5478 veritatis
1602 5421 1794 5478 hostes
1821 5430 2112 5477 versantes
2135 5422 2193 5477 in

602 5516 735 5572 aliis
761 5514 1041 5580 stultitiis,
1070 5512 1345 5570 doctrinis
1375 5514 1602 5568 Patrum
1635 5514 1868 5586 obsequi
1913 5515 2190 5584 nolentes,

605 5610 706 5667 sed
752 5609 1056 5680 Apolinarii
1106 5622 1395 5680 praecones
1435 5607 1609 5671 facti,
1650 5608 1860 5664 nullam
1890 5623 2002 5663 non
2043 5608 2191 5663 viam

607 5703 837 5759 insaniae
895 5710 1108 5759 tentant
1166 5686 1276 5772 qua
1337 5700 1718 5757 innocentium
1779 5702 1993 5757 animas
2063 5717 2195 5758 cor-

606 5805 907 5868 rumpant;
948 5794 1254 5867 Apolinarii
1301 5793 1451 5850 enim
1480 5803 1794 5861 nomen,ut
1835 5795 2065 5853 evidens
2101 5811 2198 5849 ar-

607 5899 934 5962 gumentum
966 5887 1293 5961 impietatis,
1325 5885 1517 5943 dolose
1563 5900 1939 5956 removentes,
1968 5900 2196 5945 sancto-

608 5999 731 6041 rum
755 5984 980 6044 Patrum
1016 5981 1242 6043 uomina
1277 5979 1336 6036 in
1364 5978 1530 6036 libris
1558 5980 1681 6054 ejus
1734 5990 1901 6054 atque
1932 5982 1993 6039 in
2034 5980 2196 6038 adin-

2292 4747 2645 4841 θρωπότητος
2672 4753 2766 4808 τοῦ
2792 4757 3027 4829 Χριστοῦ
3059 4760 3313 4817 σύνθετον
3348 4764 3542 4835 φύσιν,
3568 4767 3646 4832 ὡς
3677 4770 3754 4841 μὴ
3784 4771 3883 4825 ὲκ-

2290 4838 2581 4937 δεχομένου
2606 4845 2707 4915 τὴν
2730 4846 2882 4904 θείαν
2906 4850 3068 4921 φύσιν
3095 4854 3389 4914 ἐνωθεῖσαν
3421 4862 3488 4930 τῇ
3514 4838 3837 4937 ἀνθρωπίνη
3863 4904 3880 4929 ,

2294 4932 2425 5004 μίαν
2451 4938 2570 5007 μετ’
2606 4940 2778 5011 αὐτῆς
2810 4944 3138 5003 ἀποτελέσαι
3172 4948 3354 5021 φύσιν.

2364 5029 2477 5098 Τῆς
2528 5029 2639 5086 τῶν
2696 5036 2956 5092 ἐναντίων
3004 5040 3185 5094 τοίνυν
3208 5041 3440 5107 ἀτοπίας
3480 5043 3879 5118 ὲληλεγμένηςς

2291 5119 2450 5192 δῆλον
2478 5123 2817 5198 καθέστηκεν
2852 5130 2935 5185 ὅτι
2965 5136 3020 5186 αἱ
3048 5133 3144 5189 δύο
3169 5135 3361 5205 φύσεις
3392 5137 3749 5194 συνελθοῦσαι
3768 5182 3784 5205 ,
3817 5142 3881 5194 ού

2293 5213 2457 5285 φύσιν
2489 5218 2742 5278 σύνθετον
2784 5224 2920 5281 ἀλλά
2944 5228 3182 5300 Χριστὸν
3220 5229 3474 5284 σύνθετον
3520 5231 3880 5299 ἀπετέλεσαν,

2291 5318 2483 5391 ἐπειδὴ
2518 5321 2613 5375 καὶ
2635 5319 2799 5390 φύσει
2823 5322 2981 5387 Θεὸς,
3015 5324 3109 5377 καὶ
3133 5322 3295 5394 φύσει
3321 5324 3631 5397 ἅνθρωπος·
3658 5326 3709 5380 εἰ
3735 5326 3835 5381 καὶ
3853 5328 3884 5379 ὁ

2293 5418 2458 5484 αὐτὸς
2501 5418 2870 5491 ὁμολογεῖται.
2928 5416 3072 5473 Ἀλλ’
3119 5420 3169 5471 oi
3219 5418 3323 5489 τῆς
3373 5417 3634 5489 ἀληθείας
3694 5418 3884 5490 ἐχθροὶ

2296 5512 2433 5583 πρὸς
2452 5515 2572 5578 ταῖς
2593 5512 2783 5578 ἄλλαις
2807 5512 2988 5567 αὐτῶν
3018 5512 3293 5578 ἀτοπίαις,
3327 5512 3403 5585 μὴ
3433 5510 3749 5583 βουλόμενοι
3773 5514 3885 5574 τοῖς

2295 5607 2407 5660 τῶν
2460 5606 2722 5678 Πατέρων
2761 5605 3078 5660 ἀκολουθεῖν
3107 5606 3374 5677 δόγμασιν
3399 5646 3415 5670 ,
3456 5605 3595 5659 ἀλλά
3619 5605 3687 5658 τὰ
3723 5604 3886 5657 Ἀπο-

2296 5697 2543 5770 λιναρίου
2576 5698 2997 5770 πρεσϐεύοντες,
3023 5698 3281 5771 οὐδεμίαν
3312 5698 3432 5751 ὁδὸν
3459 5697 3692 5761 ἀτοπίας
3714 5713 3885 5750 κατα-

2298 5791 2662 5863 λιμπάνουσιν
2695 5792 2763 5847 δι’
2787 5787 2856 5865 ἦς
2881 5791 2981 5857 τὰς
3009 5791 3117 5845 τῶν
3139 5790 3543 5863 ἀκεραιοτέρων
3567 5788 3746 5860 ψυχὰς
3767 5789 3886 5841 δια-

2299 5885 2586 5957 φθείρουσι
2609 5902 2625 5917 ’
2662 5885 2763 5957 τὴν
2806 5886 2916 5956 γὰρ
2954 5882 3328 5956 Ἀπολιναρίου
3375 5881 3771 5953 προσηγορίαν,
3803 5880 3883 5942 ὡς

2300 5980 2447 6050 σαφῆ
2472 5975 2793 6042 δυσσεϐείας
2826 5976 3047 6049 ἔλεγχον
3077 5975 3313 6048 δολερῶς
3343 5973 3757 6046 ἀπωθούμενοι,
3784 5971 3886 6036 τὰς
