4088 6540
310 466 451 541 H25

1229 448 1678 543 TRACTATUS
1715 467 2015 531 CONTRA
2049 463 2653 530 MONOPHYSITAS.

3441 470 3579 537 1126

301 589 411 645 τῶν
435 585 606 655 ἁγίων
632 583 892 655 Πατέρων
914 582 1231 653 ἐπωνυμίας
1257 589 1369 648 τοῖς
1391 583 1583 638 τούτου
1609 580 1897 651 συγγράμ-

1999 575 2360 631 ventionibus
2387 575 2859 644 suisinscribunt,
2893 577 3240 650 simpliciora
3269 581 3579 639 reticentes

303 700 458 755 μασι,
483 681 579 734 καὶ
593 681 706 740 τοῖς
719 677 929 732 ἑαυτῶν
951 677 1264 748 πλάσμασιν
1283 676 1610 741 ἐπιτιθέασι,
1637 675 1892 728 κλέπτον·

298 793 392 839 τες
431 774 561 838 τοὺς
613 772 1040 843 ἁπλουστέρους,
1074 771 1170 824 καὶ
1207 770 1305 842 τὴν
1331 770 1451 824 ὁδὸν
1492 770 1594 840 τῆς
1629 766 1888 838 ἀληθείας

299 865 785 936 διαδιδράσκοντες.
804 861 1144 933 Προφέρουσι
1167 862 1277 932 γάρ
1296 860 1388 913 δύο
1417 859 1705 922 ἐπιστολὰς
1732 858 1892 927 ψευδ-

302 958 664 1029 επιγράφους,
702 955 828 1025 μίαν
871 955 968 1026 μὲν
1002 954 1153 1025 παρὰ
1183 953 1406 1006 Ἰουλίου
1449 951 1546 1005 τοῦ
1586 951 1888 1004 ἐπισκόπου

312 1051 534 1122 Ῥώμης
574 1049 650 1120 (‘2)
695 1049 830 1120 πρὸς
863 1047 1137 1101 Διονύσιον
1165 1047 1537 1118 πρεσϐύτερον
1566 1043 1890 1116 γεγραμμέ-

303 1160 401 1214 νην
433 1142 663 1213 ἔχουσαν
703 1139 876 1203 οὕτως
901 1155 914 1168 ·
950 1149 1027 1211 (ιιι
1076 1140 1128 1192 in
1177 1139 1404 1192 editione
1434 1137 1737 1190 Muratoriii
1770 1136 1889 1188 ἑτέ-

308 1245 409 1300 ραν
455 1229 512 1281 δὲ
546 1229 622 1292 ὡς
655 1229 718 1298 δὴ
747 1228 900 1300 παρὰ
953 1228 1278 1282 Ἀθανασίου
1309 1225 1405 1280 τοῦ
1442 1229 1498 1279 ἐν
1538 1227 1715 1294 ἁγίοις
1750 1226 1890 1297 πρὸς

316 1319 572 1374 Ἰοϐιανὺν
601 1320 692 1372 τὸν
725 1319 950 1386 βασιλέα
998 1319 1398 1390 γεγραμμένην
1427 1318 1658 1390 ἔχουσαν
1691 1318 1886 1380 οὓτως·

310 1434 328 1465 ι
377 1412 779 1483 Ὀμολογοῦμεν
823 1411 914 1464 τὸν
945 1411 1074 1463 Υἱὺν
1115 1411 1207 1464 τοῦ
1242 1410 1377 1463 Θεοῦ
1417 1411 1510 1464 τὸν
1540 1411 1646 1484 πρὸ
1679 1410 1890 1464 αἰώνων

297 1497 492 1562 metu;
521 1501 586 1551 ὲκ
613 1498 705 1551 τοῦ
749 1498 961 1570 Πατρδς
1002 1497 1356 1568 γεννηθέντα,
1406 1499 1493 1551 ἐπ’
1525 1499 1752 1570 ἐσχάτου
1781 1500 1891 1553 τῶν

304 1591 516 1646 αἰώνων
551 1593 638 1646 διὰ
678 1591 778 1661 τὴν
824 1591 1102 1663 ἡμετέραν
1137 1593 1406 1663 σωτηρίαν
1458 1595 1523 1646 ὲκ
1551 1595 1768 1664 Μαρίας
1793 1596 1892 1665 τῆς

303 1685 470 1752 ἁγίας
509 1684 787 1756 Παρθένου
821 1685 1152 1754 γεννηθέντα
1200 1686 1342 1738 κατὰ
1377 1685 1574 1756 σάρκα,
1599 1685 1674 1749 ώς
1697 1687 1724 1738 ὁ
1750 1685 1892 1749 θεῖος

318 1777 638 1840 ’Δπόστολος
662 1777 901 1831 διδάσκει
924 1775 1119 1845 λέγων,
1155 1779 1292 1831 Ὅτε
1326 1778 1394 1832 δὲ
1442 1775 1592 1848 ἦλθε
1621 1779 1689 1833 τὸ
1732 1778 1891 1844 πλή-

297 1888 466 1940 ρωμα
493 1869 598 1924 τοῦ
627 1871 872 1939 χρόνου,
905 1869 1336 1934 ἐξαπέστειλεν
1373 1873 1406 1925 ό
1445 1872 1588 1936 Θεὸς
1613 1871 1720 1924 τὸν
1757 1871 1894 1925 Υίὸν

1995 669 2251 738 viamque
2301 667 2558 723 veritatis
2627 666 3066 738 intercipientes.
3119 670 3235 725 lino
3290 670 3581 741 proferunt

1993 761 2132 817 duas
2157 760 2280 816 falsi
2310 759 2554 814 nominis
2608 759 2896 830 epistolas,
2927 777 3093 817 unam
3139 778 3168 816 a
3213 763 3362 838 Julio
3392 764 3580 818 Romae

1991 856 2253 925 episc0po
2285 855 2354 908 ad
2388 854 2714 926 Dionysium
2739 854 3126 926 presbyterum
3168 855 3432 926 scriptam
3463 855 3580 910 hmo

1991 948 2434 1003 continentem...
2468 947 2645 1002 Aliam
2693 955 2878 1001 autem
2907 949 2976 1001 ab
3025 946 3332 1002 Athanasio
3385 958 3580 1002 sancto

1991 1039 2057 1094 ad
2081 1038 2374 1094 Jovianum
2412 1039 2804 1108 imperatorem
2837 1038 3120 1108 scriptam,
3150 1037 3230 1092 sic
3257 1038 3577 1093 habentem:

1998 1150 2016 1184 ι
2038 1131 2381 1188 Contitemur
2415 1131 2614 1186 Filium
2646 1131 2740 1187 Dei
2779 1139 2909 1185 ante
2943 1131 3142 1186 stneula
3182 1131 3252 1186 ab
3278 1140 3487 1186 :eterno
3511 1149 3578 1186 ex

1995 1227 2161 1282 Patre
2191 1226 2468 1297 genitum,
2529 1225 2582 1280 in
2622 1225 2928 1280 novissimo
2961 1226 3294 1281 saeculorum
3348 1232 3581 1294 propter

1991 1328 2239 1373 nostram
2267 1319 2502 1373 salutem
2532 1334 2601 1373 ex
2624 1319 2795 1372 Maria
2825 1327 3015 1373 sancta
3062 1319 3288 1389 Virgine
3327 1317 3578 1385 genitum

1992 1410 2300 1466 secundum
2321 1426 2566 1474 carnem,
2592 1411 2746 1482 juxta
2779 1411 2926 1480 quod
2965 1410 3130 1466 docet
3157 1411 3319 1464 divus
3339 1410 3580 1479 Aposto-

1992 1505 2080 1559 lus
2101 1504 2294 1558 dicens
2315 1523 2326 1556 :
2347 1503 2478 1557 Cum
2504 1505 2644 1558 venit
2667 1503 2940 1574 plenitudo
2967 1504 3241 1572 temporis,
3272 1503 3413 1556 misit
3443 1501 3580 1555 Deus

1991 1595 2190 1650 Filium
2209 1612 2367 1649 suum
2394 1595 2596 1664 factum
2619 1612 2682 1648 ex
2709 1593 2935 1648 muliere
2953 1604 3002 1647 η.
3029 1593 3375 1648 Conﬁtemur
3409 1592 3579 1648 etiam

1992 1687 2172 1758 ipsum
2203 1702 2325 1743 esse
2362 1687 2562 1741 Filium
2595 1686 2716 1752 Dei,
2744 1687 2918 1741 Deum
2950 1685 3258 1740 secundum
3286 1685 3578 1755 Spiritum,

1997 1782 2200 1837 Filium
2229 1781 2476 1836 hominis
2499 1780 2808 1836 secundum
2840 1795 3088 1845 carnem,
3110 1796 3223 1835 non
3254 1778 3393 1832 duas
3423 1785 3580 1831 natu-

1996 1891 2086 1929 ras
2109 1889 2230 1930 csse
2246 1875 2471 1929 unicum
2511 1875 2738 1940 Filium,
2768 1890 2936 1928 unam
2961 1872 3296 1928 adorandam
3315 1871 3578 1925 alteram-

304 1963 490 2020 αὑτοῦ
524 1965 849 2032 γενόμενον
871 1962 941 2016 ἐκ
974 1964 1282 2033 γυναικός.
1318 1965 1424 2017 Καὶ
1448 1964 1609 2016 αὐτὸν
1643 1963 1769 2017 Υἱὺν
1792 1964 1886 2017 τοῦ

1999 1983 2108 2038 que
2134 1982 2248 2021 non
2284 1966 2648 2030 adorandam,
2676 1965 2773 2021 sed
2808 1981 2973 2020 unam
3003 1975 3258 2020 naturam
3282 1963 3383 2017 Dei
3409 1961 3578 2017 Verbi

302 2057 460 2116 Θεοῦ,
509 2059 600 2110 καὶ
633 2057 767 2109 Θεὸν
810 2057 951 2110 κατὰ
980 2055 1224 2126 Πνεῦμα,
1261 2057 1390 2110 Υίὸν
1423 2057 1711 2129 ἀνθρώπου
1747 2058 1892 2112 κατά

302 2150 503 2220 σάρκα,
526 2153 587 2204 οὐ
611 2148 705 2203 δύο
736 2149 928 2219 φύσεις
955 2149 1047 2202 τὸν
1097 2149 1193 2204 ἕνα
1225 2150 1373 2214 Υἰὺν,
1406 2150 1535 2220 μίαν
1579 2167 1891 2221 προσκυνη-

1998 2061 2450 2130 incarnatamque
2503 2059 2903 2130 adoratamque
2955 2074 3086 2114 cum
3151 2071 3320 2112 carne
3402 2053 3581 2126 ipsius

1999 2152 2326 2207 adoratione
2361 2168 2521 2206 una»

300 2242 397 2313 τὴν
428 2243 522 2295 καὶ
581 2241 711 2312 μίαν
766 2239 1203 2311 ἁπροσκύνητον,
1256 2239 1391 2293 ἁλλὰ
1427 2241 1555 2311 μίαν
1603 2241 1766 2310 φύσιν
1821 2242 1915 2296 τοῦ
1989 2243 2123 2297 Θεοῦ
2184 2243 2357 2312 Λόγου
2425 2239 2890 2312 σεσαρκωμένην,
2946 2239 3044 2292 καὶ
3096 2237 3582 2308 προσκυνουμένην

304 2334 442 2406 μετᾶ
472 2334 570 2404 τῆς
601 2333 800 2404 σαρκὸς
827 2333 1005 2386 αὐτοῦ·
1029 2334 1128 2404 μιᾷ
1150 2329 1543 2404 προσκυνήσει.
1584 2352 1603 2386 ι

371 2425 591 2480 Τούτων
626 2426 804 2478 τοίνυν
843 2427 998 2497 παρὰ
1037 2426 1145 2478 τῶν
1189 2427 1506 2491 Ἀκεφάλων
1535 2428 1882 2498 προφερομέο

303 2533 410 2570 νων
438 2517 472 2587 ἠ
503 2515 600 2569 τοῦ
631 2515 769 2568 Θεοῦ
802 2517 967 2585 σοφία
997 2515 1203 2569 ἄνωθεν
1236 2516 1417 2569 αὐτῶν
1449 2517 1754 2588 ἀναιροῦσα
1785 2519 1886 2588 τὴν

307 2607 526 2669 κακίαν,
579 2607 640 2659 οὐ
687 2606 1035 2678 συνεχώρησε
1093 2610 1277 2678 μεῖναι
1309 2607 1371 2660 τὸ
1400 2607 1598 2676 ψεῦδος
1627 2609 1890 2677 ἀνέλεγκ-

308 2716 426 2753 τον*
459 2698 659 2753 δέδωκε
697 2698 810 2770 γάρ
849 2701 982 2770 ἡμῖν
1033 2699 1325 2769 ἐπιστῆναι
1356 2703 1470 2764 τοῖς
1504 2701 1889 2771 Ἀπολιναρίου

314 2793 833 2865 συγγράμμασιν,ἁ
868 2793 1266 2863 παρατιθέντες
1322 2797 1436 2857 τοῖς
1489 2795 1641 2864 παρὰ
1687 2795 1894 2849 τούτων

315 2889 772 2960 προφερομένοις,
805 2886 1055 2957 φανερῶς
1092 2886 1388 2958 ὲλέγξομεν
1423 2889 1486 2941 ἐκ
1540 2888 1650 2942 τῶν
1685 2887 1903 2942 Ἀπολι-

316 2981 505 3050 ναρίου
533 2979 707 3050 λόγων
747 2979 920 3033 ταῦτα
951 2979 1087 3050 παρ’
1113 2981 1296 3033 αὐτῶν
1333 2980 1728 3052 προϐαλέσθαι.
1755 2979 1902 3052 Γρά-

316 3089 406 3140 φει
440 3072 548 3143 γὰρ
579 3075 607 3126 ὁ
636 3071 799 3136 αὐτὸς
843 3071 1219 3143 Ἀπολινάριος
1243 3074 1300 3125 ἐν
1327 3073 1406 3142 τῷ
1435 3072 1579 3126 κατὰ
1634 3073 1901 3143 Διοδώρου

313 3166 442 3219 τάδε
459 3182 472 3196 ·
504 3185 524 3217 ι
550 3165 753 3235 Ἀλλης
789 3165 888 3218 καὶ
923 3165 1093 3236 ἄλλης
1119 3166 1328 3230 οὐσίας,
1361 3167 1492 3236 μίαν
1514 3162 1654 3220 εἶναι
1681 3167 1777 3220 καὶ
1803 3167 1902 3238 τὴν

2066 2424 2162 2478 llis
2205 2438 2339 2492 ergo
2389 2422 2459 2477 ab
2503 2420 2798 2492 Acephalis
2861 2419 3092 2491 prolatis
3152 2418 3254 2473 Dei
3314 2419 3583 2489 sapientia

1993 2527 2286 2588 postquam
2328 2531 2359 2571 e
2421 2515 2563 2571 cmlo
2607 2515 2873 2569 malitiam
2933 2529 3127 2568 eorum
3183 2515 3580 2582 percussisset,

1995 2609 2349 2665 mendacium
2394 2623 2506 2663 non
2542 2607 2894 2662 confutatum
2951 2621 3240 2660 remanere
3269 2621 3380 2660 non
3407 2605 3580 2672 sivit;

1996 2701 2158 2756 nobis
2196 2700 2344 2754 enim
2383 2693 2538 2753 dedit
2594 2699 2649 2753 in
2692 2700 2897 2768 scripta
2941 2697 3250 2767 Apolinarii
3310 2698 3581 2764 incidere,

1999 2809 2123 2864 qua:
2147 2809 2272 2848 cum
2301 2793 2532 2862 prolatis
2566 2791 2634 2846 ab
2666 2791 2776 2846 illis
2827 2798 3246 2860 componentes,
3292 2791 3584 2860 manifeste

1996 2901 2063 2942 ex
2081 2885 2266 2940 verbis
2284 2884 2589 2954 Apolinarii
2608 2884 2698 2938 illa
2717 2883 2870 2938 hisce
2890 2883 3166 2937 confutari
3185 2883 3576 2953 probabimus;

2016 2978 2074 3033 in
2107 2992 2367 3032 sermone
2410 2976 2560 3032 enim
2598 2975 2866 3030 adversus
2900 2975 3200 3029 Diodorum
3230 2976 3348 3030 haec
3386 2975 3584 3030 scribit

1997 3071 2385 3143 Apolinarius:
2437 3089 2454 3123 ι
2488 3069 2792 3140 Utriusque
2854 3069 3182 3124 substantia:
3233 3086 3398 3124 unam
3425 3085 3582 3124 eam-

1998 3165 2237 3236 demque
2271 3181 2392 3220 esse
2417 3164 2800 3219 adorationem
2843 3179 2955 3216 non
2982 3164 3195 3233 justum
3231 3171 3339 3226 est,
3368 3164 3586 3220 scilicet

315 3258 490 3330 αὐτὴν
534 3259 935 3331 προσκύνησιν,
1003 3260 1290 3328 ἀθέμιτον,
1336 3259 1620 3313 τουτέστιν
1667 3259 1897 3330 Ποιητοῦ

1999 3258 2281 3315 Creatoris
2301 3267 2357 3313 et
2386 3265 2676 3321 creatum,
2710 3256 2807 3310 Dei
2838 3265 2894 3310 et
2920 3255 3186 3310 hominis.
3215 3255 3334 3312 Una
3370 3264 3455 3310 est
3481 3271 3585 3310 au-

315 3353 412 3408 καὶ
459 3353 786 3424 ποιήματος,
833 3351 968 3405 Θεοῦ
1001 3351 1098 3405 καὶ
1128 3351 1444 3423 ἀνθρώπου.
1490 3353 1606 3406 Μία
1643 3352 1699 3406 δὲ
1730 3369 1899 3424 προσ-

316 3443 550 3513 κύνησις
575 3442 840 3511 Χριστοῦ,
874 3443 970 3495 καὶ
1002 3447 1144 3496 κατὰ
1166 3442 1324 3497 τοῦτο
1355 3443 1414 3496 ὲν
1439 3443 1516 3513 τῷ
1550 3444 1634 3498 ἐνὶ
1670 3444 1900 3514 ὀνόματι

317 3539 520 3591 νοεῖται
574 3536 710 3599 Θεὸς
752 3536 846 3589 καὶ
885 3534 1208 3607 ἄνθρωπος·
1252 3536 1353 3589 οὐκ
1395 3536 1502 3607 ἄρα
1558 3536 1690 3608 άλλη
1739 3536 1902 3590 οὐσία

316 3629 450 3693 Θεὸς
487 3630 582 3683 καὶ
632 3627 944 3699 ἄνθρωπος,
979 3627 1120 3682 ἀλλὰ
1151 3628 1252 3699 μία
1303 3628 1446 3682 κατὰ
1479 3628 1732 3682 σύνθεσιν
1760 3628 1898 3683 Θεοῦ

319 3721 456 3792 πρὸς
513 3720 671 3791 σῶμα
718 3719 1081 3790 ἀνθρώπινον.
1109 3739 1128 3772 ι
1164 3720 1275 3774 Καὶ
1309 3721 1472 3774 πάλιν
1519 3723 1577 3774 ἐν
1623 3720 1698 3791 τῷ
1752 3720 1900 3791 αὐτῷ

317 3814 462 3885 λόγῳ
491 3831 506 3846 ·
547 3833 565 3866 ι
595 3813 721 3877 Πῶς
779 3813 888 3884 γὰρ
942 3813 1004 3866 τὸ
1051 3815 1284 3886 πρᾶγμα
1332 3812 1395 3868 οὐ
1423 3813 1701 3876 δυσσεϐὲς,
1733 3814 1901 3884 ἄλλην

317 3907 509 3962 οὐσίαν
536 3907 763 3978 κτιστὴν
807 3908 902 3960 καὶ
923 3907 1177 3977 δουλικὴν
1215 3907 1345 3978 μίαν
1368 3906 1514 3978 ἔχειν
1547 3907 1644 3960 καὶ
1670 3907 1770 3978 τὴν
1804 3909 1900 3962 αὐ-

315 3999 418 4070 τὴν
456 3999 832 4070 προσκύνησιν
884 3999 964 4069 τῷ
1019 4000 1231 4073 Κτίστῃ
1282 3999 1380 4054 καὶ
1428 4002 1709 4072 Δεσπόττμ
1737 4021 1755 4052 ›
1793 4001 1902 4054 Καὶ

317 4093 532 4147 πάλινὸ
561 4093 724 4157 αὐτὸς
757 4092 962 4164 ἀσεϐὴς
1005 4091 1385 4164 Ἀπολινάριος
1416 4093 1471 4146 ἐν
1493 4093 1572 4164 τῷ
1597 4094 1728 4164 περὶ
1765 4111 1900 4166 σαρ-

319 4189 542 4250 κώσεως
577 4186 753 4257 λόγῳο
791 4203 810 4238 ι
847 4185 1132 4239 Ἀδύνατον
1178 4186 1270 4240 τὸν
1319 4186 1481 4240 αὐτὸν
1515 4187 1609 4240 καὶ
1655 4203 1899 4259 προσκυ-

319 4280 479 4352 νητὸν
511 4280 707 4332 ἑαυτὸν
748 4278 949 4332 εἰδέναι
980 4279 1075 4332 καὶ⁸
1104 4279 1180 4348 μή
1200 4294 1215 4308 '
1247 4277 1515 4332 ἀδύνατον
1551 4278 1659 4349 ἄρα
1686 4278 1778 4333 τὸν
1804 4279 1900 4333 αὐ-

318 4373 410 4427 τὸν
438 4368 581 4426 εἶναι
615 4372 748 4425 Θεὸν
785 4389 844 4424 τε
884 4373 980 4426 καὶ
1027 4371 1319 4442 ἄνθρωπον
1347 4370 1406 4438 ἐξ
1435 4371 1756 4442 ὁλοκλήρου,
1784 4372 1899 4426 ἀλλ’

320 4467 379 4518 ἐν
416 4465 671 4536 μονότητι
705 4465 1017 4536 συγκράτου
1047 4464 1264 4532 φύσεως
1302 4462 1491 4534 θεῖκῆς
1541 4463 1901 4534 σεσαρκωμέ-

321 4574 437 4627 νης.
470 4577 490 4611 ι
523 4557 710 4611 Ταῦτα
743 4557 800 4611 δὲ
837 4559 988 4619 ὅπως
1032 4558 1148 4610 ἐστὶ
1199 4555 1470 4626 σύμφωνα
1505 4557 1602 4608 καὶ
1629 4555 1899 4611 ἀκόλουθα

321 4652 440 4714 ταῖς
481 4650 635 4720 παρὰ
675 4653 794 4713 ταῖς
831 4649 938 4701 τῶν
981 4648 1298 4715 Ἀκεφάλων
1345 4646 1604 4709 πλαστῶς
1636 4663 1905 4717 προφερο-

326 4743 518 4811 μέναις
573 4742 924 4806 ἐπιστολαῖς,
985 4743 1050 4794 ἐκ
1098 4739 1493 4811 προσηγορίας,
1537 4737 1756 4792 Ἰουλίου
1797 4739 1905 4810 ,καὶ

336 4835 654 4891 Ἀθανασίου
702 4836 810 4888 τῶν
863 4833 1035 4902 ἁγίων
1069 4833 1228 4903 ἡμῶν
1261 4832 1543 4903 Πατέρων,
1578 4831 1755 4884 οὐδενὶ
1795 4831 1906 4884 τῶν

323 4929 385 4984 εὖ
421 4929 764 5001 φρονούντων
809 4928 1074 4999 ἠγνόηται
1096 4942 1109 4956 ο
1142 4925 1204 4978 τὸ
1250 4924 1356 4996 γὰρ
1387 4924 1571 4993 λέγειν
1603 4924 1664 4976 οὐ
1688 4921 1782 4976 δύο
1805 4923 1905 4992 (ρύ-

325 5036 460 5082 σεις,
508 5018 641 5089 μίαν
687 5015 1077 5090 προσκυνητὴν
1129 5016 1223 5068 καὶ
1278 5013 1412 5084 μίαν
1465 5011 1903 5083 ἁπροσκύνητον,

324 5112 419 5165 καὶ
459 5111 623 5164 πάλιν
672 5111 837 5180 ἄλλης
876 5111 969 5163 καὶ
1021 5109 1190 5178 ἁλλης
1245 5107 1435 5170 οὐσίας
1471 5106 1601 5176 μίαν
1648 5101 1910 5159 εἶναικαὶ

322 5204 423 5274 τὴν
451 5205 624 5274 αὐτὴν
654 5202 1048 5275 προσκύνησιν,
1083 5200 1340 5270 ἀθέμιτον
1359 5215 1374 5230 ο
1418 5199 1512 5251 καὶ
1542 5197 1640 5269 τὴν
1681 5197 1910 5264 κτιστὴν

326 5298 423 5349 καὶ
451 5295 702 5363 δουλικὴν
733 5295 925 5348 οὐσίαν
957 5295 1088 5366 μίαν
1114 5294 1262 5364 ἔχειν
1291 5293 1387 5346 καὶ
1405 5291 1508 5362 τὴν
1537 5290 1708 5360 αὐτὴν
1738 5305 1908 5360 προσ-

326 5391 557 5460 κύνησιν
589 5389 668 5460 τῷ
698 5389 907 5460 Κτίστῃ
939 5389 1034 5441 καὶ
1067 5386 1335 5458 Δεσπότῃ,
1367 5383 1629 5454 οὐδεμίαν
1650 5382 1763 5452 ἔχει
1787 5381 1896 5434 διαο

326 5483 501 5553 φοράν
523 5481 650 5535 οὔτε
691 5482 834 5535 κατὰ
874 5481 973 5543 τὰς
1012 5479 1189 5544 λέξεις
1225 5477 1350 5531 οὐτε
1379 5475 1521 5530 κατὰ
1545 5474 1644 5545 τὴν
1672 5475 1904 5529 ἔννοιαν.

330 5578 494 5630 Ὅθεν
519 5575 860 5644 ὲλέγξαντες,
883 5573 959 5636 ὡς
990 5575 1045 5626 αἱ
1068 5569 1478 5642 προφερομέναι
1509 5567 1661 5639 παρὰ
1682 5567 1790 5620 τῶν
1822 5567 1908 5620 αἱ-

329 5668 565 5741 ρετικῶν
593 5668 688 5723 δύο
721 5667 1025 5732 ἐπιστολαὶ,
1053 5664 1270 5728 οὐδενος
1293 5663 1482 5733 ἑτέρου
1508 5662 1542 5734 ἦ
1572 5663 1671 5733 τῆς
1704 5659 1914 5729 πλάνης

403 5813 432 5842 ιι
464 5803 641 5860 Galat.
669 5819 742 5868 Iv,
779 5802 832 5857 4.

2003 3360 2112 3409 tem
2139 3351 2344 3408 Christi
2379 3349 2654 3415 adoratio,
2694 3357 2938 3419 tuncque
2970 3348 3025 3402 in
3049 3362 3162 3401 uno
3183 3347 3409 3402 nomine
3436 3348 3585 3403 Deus

1999 3455 2057 3502 et
2089 3446 2254 3501 homo
2307 3445 2612 3514 cogitatur;
2656 3457 2768 3496 non
2804 3449 2891 3496 est
2931 3455 3064 3510 ergo
3112 3440 3286 3495 altera
3324 3448 3381 3494 et
3414 3441 3586 3494 altera

2000 3537 2309 3593 substantia
2365 3535 2513 3589 Deus
2566 3543 2622 3588 et
2674 3533 2863 3598 homo,
2917 3531 3014 3586 sed
3043 3547 3150 3585 una
3176 3540 3406 3602 propter
3449 3547 3586 3586 con-

1995 3624 2342 3696 junctionem
2387 3622 2484 3676 Dei
2525 3620 2592 3674 ad
2629 3635 2836 3690 corpus
2887 3619 3212 3673 humanum.
3258 3619 3586 3687 Rursusque

2001 3715 2058 3769 in
2110 3715 2307 3769 eodem
2348 3727 2648 3767 sermone:
2694 3709 3027 3777 «Quomodo
3080 3708 3230 3763 enim
3286 3709 3376 3764 bic
3427 3719 3589 3763 actus

2001 3807 2148 3862 haud
2173 3816 2323 3862 esset
2372 3803 2597 3875 impius,
2643 3802 2873 3858 alteram
2928 3801 3294 3856 substantiam
3342 3809 3585 3855 creatam

2001 3912 2331 3966 servamque
2377 3893 2632 3950 contiteri
2660 3893 3024 3962 eamdemque
3067 3891 3261 3946 deberi
3317 3901 3590 3947 creatura;

2002 4008 2067 4046 ac
2087 3991 2319 4045 Domino
2368 3988 2746 4044 adorationem
2767 3986 2790 4039 ?
2815 4005 2833 4036 ι
2857 3985 3006 4041 Idem
3034 3985 3237 4040 iterum
3254 3985 3311 4039 in
3331 4000 3590 4040 sermone

2001 4085 2070 4139 de
2113 4083 2532 4137 incarnatione:
2563 4099 2581 4132 ι
2619 4078 2969 4149 impossibile
2998 4087 3083 4134 est
3135 4078 3394 4134 eumdem
3418 4094 3590 4148 seque

2002 4177 2143 4232 scire
2180 4171 2524 4228 adorandum
2573 4180 2632 4226 et
2668 4186 2780 4225 non
2809 4170 3153 4226 adorandum
3186 4188 3201 4226 :
3238 4171 3590 4240 impossibile

2002 4277 2088 4323 est
2112 4267 2282 4338 igitur
2306 4264 2567 4321 eumdem
2601 4279 2724 4319 esse
2754 4264 2927 4318 Deum
2953 4271 3010 4318 et
3035 4263 3320 4318 hominem
3358 4278 3425 4317 ex
3449 4262 3592 4316 inte-

2002 4377 2121 4432 gro,
2156 4360 2256 4416 sed
2311 4360 2367 4414 in
2421 4359 2634 4414 unitate
2695 4358 2987 4414 commista
3018 4368 3231 4412 naturae
3270 4357 3472 4412 divinae
3507 4357 3590 4409 in-

2001 4457 2262 4505 carnatae.
2288 4469 2307 4502 ι
2333 4449 2609 4516 Quantum
2643 4459 2830 4504 autem
2871 4449 2989 4503 haec
3034 4447 3424 4503 concinnentia
3475 4447 3584 4501 sint

2001 4558 2068 4598 ac
2095 4542 2486 4598 convenientia
2505 4557 2631 4597 cum
2653 4541 2906 4612 epistolis
2927 4555 3066 4610 quas
3083 4539 3273 4594 dolose
3298 4537 3588 4608 proferunt

1935 4617 1978 4672 ί)
2004 4635 2301 4707 Acephali,
2343 4636 2566 4690 nomine
2605 4634 2736 4689 Julii
2788 4641 2955 4704 atque
3006 4631 3318 4694 Athanasii,
3358 4632 3585 4685 Patrum

2005 4736 2323 4783 sanctorum
2344 4737 2682 4792 nostrorum,
2702 4741 2865 4781 nemo
2886 4725 3110 4795 sapiens
3131 4723 3380 4795 ignorat;
3405 4722 3589 4777 dicere

2005 4820 2154 4874 enim
2208 4834 2320 4873 non
2375 4833 2497 4873 esse
2539 4817 2678 4872 duas
2713 4825 2939 4870 naturas
2969 4855 2982 4880 ,
3035 4829 3202 4870 unam
3254 4812 3590 4867 adorandam

2009 4927 2286 4982 unamque
2336 4926 2448 4965 non
2501 4911 2860 4974 adorandam,
2919 4925 2984 4964 ac
3014 4922 3238 4962 rursum
3299 4905 3594 4974 utriusque

2007 5004 2331 5062 substantiae
2377 5019 2539 5059 unam
2598 5019 2720 5059 esse
2771 5002 3136 5070 eamdemque
3187 4997 3593 5062 adorationem,

2012 5099 2278 5168 iniustum
2329 5104 2450 5162 est;
2503 5095 2634 5150 item
2675 5105 2918 5150 creatam
2968 5105 3297 5160 servamque
3331 5089 3595 5145 substan-

2013 5191 2143 5244 tiam
2197 5205 2360 5243 unam
2413 5189 2618 5244 habere
2676 5187 3040 5256 eamdemque
3086 5182 3475 5238 adorationem
3531 5200 3597 5238 ac

2008 5281 2327 5338 Creatorem
2357 5289 2414 5336 et
2439 5281 2757 5347 Dominum,
2781 5281 2988 5334 nullam
3025 5279 3191 5333 habet
3219 5274 3595 5330 dilferentiam

2010 5391 2116 5431 nec
2144 5374 2334 5430 verbis
2398 5389 2501 5429 nec
2530 5373 2585 5428 in
2617 5382 2821 5428 mente.
2853 5373 3097 5428 Probato
3117 5375 3267 5445 quod
3311 5371 3436 5426 dua:
3481 5371 3602 5440 epi-

2015 5467 2170 5523 stola:
2213 5465 2283 5521 ab
2339 5465 2616 5521 haereticis
2671 5465 2900 5536 prolata:
2946 5465 3157 5521 nullius
3195 5465 3430 5520 alterius
3473 5469 3604 5516 sunt

2019 5575 2185 5631 quam
2213 5559 2426 5614 erroris
2461 5557 2793 5628 Apolinarii,
2829 5565 2996 5628 atque
3029 5567 3232 5613 exterae
3254 5557 3311 5612 in
3350 5552 3599 5610 Ecclesia

2021 5654 2330 5723 catholica,
2390 5652 2552 5710 nobis
2608 5651 3098 5708 demonstrandum
3145 5658 3233 5708 est
3281 5655 3603 5706 sanetowm

402 5943 482 6017 (2)
511 5943 712 6001 Confer
755 5943 903 6001 dicta
931 5955 962 5998 a
988 5953 1077 5997 me
1104 5939 1199 6015 _in
1251 5939 1358 5995 hoc
1409 5937 1687 5995 volumine
1726 5953 1849 6009 pag.
1899 5933 2020 5992 ιθι.
