  <div class='ocr_page' id='page_1' title='image "/cluster/home/n/w/nwhite01/storage/ocr_20150623/86:1/hvd.32044019208909/571.png"; bbox 0 0 4112 6554; ppageno 0'>
   <div class='ocr_carea' id='block_1_1' title="bbox 536 387 675 452">
    <p class='ocr_par' dir='ltr' id='par_1_1' title="bbox 536 387 675 452">
     <span class='ocr_line' id='line_1_1' title="bbox 536 387 675 452; baseline 0 0"><span class='ocrx_word' id='word_1_1' title='bbox 536 387 675 452; x_wconf 77' lang='grc'><strong>1127</strong></span> 
     </span>
    </p>
   </div>
   <div class='ocr_carea' id='block_1_2' title="bbox 1670 380 2670 445">
    <p class='ocr_par' dir='ltr' id='par_1_2' title="bbox 1670 380 2670 445">
     <span class='ocr_line' id='line_1_2' title="bbox 1670 380 2670 445; baseline -0.005 0"><span class='ocrx_word' id='word_1_2' title='bbox 1670 386 1701 445; x_wconf 84' lang='lat' dir='ltr'><strong>J</strong></span> <span class='ocrx_word' id='word_1_3' title='bbox 1713 383 1938 445; x_wconf 80' lang='lat' dir='ltr'><strong>US‘TIN</strong></span> <span class='ocrx_word' id='word_1_4' title='bbox 1951 381 2109 442; x_wconf 83' lang='lat' dir='ltr'><strong>IANI</strong></span> <span class='ocrx_word' id='word_1_5' title='bbox 2152 382 2233 441; x_wconf 80' lang='lat' dir='ltr'><strong>1M</strong></span> <span class='ocrx_word' id='word_1_6' title='bbox 2242 380 2670 442; x_wconf 82' lang='lat' dir='ltr'><strong>PERATORIS</strong></span> 
     </span>
    </p>
   </div>
   <div class='ocr_carea' id='block_1_3' title="bbox 3671 369 3820 436">
    <p class='ocr_par' dir='ltr' id='par_1_3' title="bbox 3671 369 3820 436">
     <span class='ocr_line' id='line_1_3' title="bbox 3671 369 3820 436; baseline -0.02 0"><span class='ocrx_word' id='word_1_7' title='bbox 3671 369 3820 436; x_wconf 69' lang='lat'><strong>1128</strong></span> 
     </span>
    </p>
   </div>
   <div class='ocr_carea' id='block_1_4' title="bbox 535 486 2125 567">
    <p class='ocr_par' dir='ltr' id='par_1_4' title="bbox 535 497 2116 567">
     <span class='ocr_line' id='line_1_4' title="bbox 535 497 2116 567; baseline -0.007 -8"><span class='ocrx_word' id='word_1_8' title='bbox 535 505 760 558; x_wconf 99' lang='lat' dir='ltr'><strong>Patrum</strong></span> <span class='ocrx_word' id='word_1_9' title='bbox 791 509 1111 555; x_wconf 88' lang='lat' dir='ltr'><strong>nostrormn</strong></span> <span class='ocrx_word' id='word_1_10' title='bbox 1145 497 1504 562; x_wconf 90' lang='lat' dir='ltr'><strong>testimoniis,</strong></span> <span class='ocrx_word' id='word_1_11' title='bbox 1551 512 1673 567; x_wconf 67' lang='lat' dir='ltr'><strong>qua:</strong></span> <span class='ocrx_word' id='word_1_12' title='bbox 1717 499 1942 551; x_wconf 86' lang='lat' dir='ltr'><strong>inventa</strong></span> <span class='ocrx_word' id='word_1_13' title='bbox 1983 505 2116 551; x_wconf 90' lang='lat' dir='ltr'><strong>sunt</strong></span> 
     </span>
    </p>
   </div>
   <div class='ocr_carea' id='block_1_5' title="bbox 2228 486 3817 567">
    <p class='ocr_par' dir='ltr' id='par_1_5' title="bbox 2228 486 3817 562">
     <span class='ocr_line' id='line_1_5' title="bbox 2228 486 3817 562; baseline -0.006 -14"><span class='ocrx_word' id='word_1_14' title='bbox 2228 496 2359 548; x_wconf 75' lang='grc' dir='ltr'>εἰσὶν</span> <span class='ocrx_word' id='word_1_15' title='bbox 2403 491 2814 562; x_wconf 83' lang='grc' dir='ltr'>Ἀπολιναρίου,</span> <span class='ocrx_word' id='word_1_16' title='bbox 2850 490 2948 544; x_wconf 69' lang='grc' dir='ltr'><strong>καὶ</strong></span> <span class='ocrx_word' id='word_1_17' title='bbox 3005 489 3289 562; x_wconf 79' lang='grc' dir='ltr'><strong>ἀλλότριαι</strong></span> <span class='ocrx_word' id='word_1_18' title='bbox 3342 491 3442 559; x_wconf 81' lang='grc' dir='ltr'>τῆς</span> <span class='ocrx_word' id='word_1_19' title='bbox 3503 486 3817 555; x_wconf 69' lang='grc' dir='ltr'>καθολικῆς</span> 
     </span>
    </p>
   </div>
   <div class='ocr_carea' id='block_1_6' title="bbox 531 593 1857 664">
    <p class='ocr_par' dir='ltr' id='par_1_6' title="bbox 531 593 1857 664">
     <span class='ocr_line' id='line_1_6' title="bbox 531 593 1857 664; baseline -0.005 -15"><span class='ocrx_word' id='word_1_20' title='bbox 531 596 600 651; x_wconf 90' lang='lat' dir='ltr'><strong>ab</strong></span> <span class='ocrx_word' id='word_1_21' title='bbox 631 594 921 664; x_wconf 85' lang='lat' dir='ltr'><strong>Accphalis</strong></span> <span class='ocrx_word' id='word_1_22' title='bbox 971 593 1395 648; x_wconf 87' lang='lat' dir='ltr'><strong>adinventiones</strong></span> <span class='ocrx_word' id='word_1_23' title='bbox 1422 605 1545 646; x_wconf 91' lang='lat' dir='ltr'><strong>esse</strong></span> <span class='ocrx_word' id='word_1_24' title='bbox 1579 601 1857 646; x_wconf 88' lang='lat' dir='ltr'><strong>constare.</strong></span> 
     </span>
    </p>
   </div>
   <div class='ocr_carea' id='block_1_7' title="bbox 2233 579 3819 656">
    <p class='ocr_par' dir='ltr' id='par_1_7' title="bbox 2233 579 3819 656">
     <span class='ocr_line' id='line_1_7' title="bbox 2233 579 3819 656; baseline -0.008 -16"><span class='ocrx_word' id='word_1_25' title='bbox 2233 585 2582 656; x_wconf 83' lang='grc' dir='ltr'>Ἐκκλησίας.</span> <span class='ocrx_word' id='word_1_26' title='bbox 2611 584 2878 654; x_wconf 78' lang='grc' dir='ltr'><strong>δείξωμεν</strong></span> <span class='ocrx_word' id='word_1_27' title='bbox 2912 584 2994 637; x_wconf 80' lang='grc' dir='ltr'>ὅτι</span> <span class='ocrx_word' id='word_1_28' title='bbox 3025 584 3119 636; x_wconf 71' lang='grc' dir='ltr'><strong>καὶ</strong></span> <span class='ocrx_word' id='word_1_29' title='bbox 3147 584 3258 645; x_wconf 85' lang='grc' dir='ltr'>τοῖς</span> <span class='ocrx_word' id='word_1_30' title='bbox 3286 581 3442 652; x_wconf 87' lang='grc' dir='ltr'><strong>παρὰ</strong></span> <span class='ocrx_word' id='word_1_31' title='bbox 3494 579 3604 632; x_wconf 84' lang='grc' dir='ltr'><strong>τῶν</strong></span> <span class='ocrx_word' id='word_1_32' title='bbox 3635 580 3819 648; x_wconf 76' lang='grc' dir='ltr'>ἁγίων</span> 
     </span>
    </p>
   </div>
   <div class='ocr_carea' id='block_1_8' title="bbox 529 672 3824 760">
    <p class='ocr_par' dir='ltr' id='par_1_8' title="bbox 529 672 3824 760">
     <span class='ocr_line' id='line_1_8' title="bbox 529 672 3824 760; baseline -0.005 -19"><span class='ocrx_word' id='word_1_33' title='bbox 529 688 692 760; x_wconf 76' lang='grc' dir='ltr'>ἡμῶν</span> <span class='ocrx_word' id='word_1_34' title='bbox 750 687 1010 757; x_wconf 81' lang='grc' dir='ltr'>Πατέρων</span> <span class='ocrx_word' id='word_1_35' title='bbox 1073 685 1500 755; x_wconf 80' lang='grc' dir='ltr'>ἐκτεθειμὲνοις,</span> <span class='ocrx_word' id='word_1_36' title='bbox 1561 684 1785 738; x_wconf 73' lang='grc' dir='ltr'>ἐναντία</span> <span class='ocrx_word' id='word_1_37' title='bbox 1837 681 1909 736; x_wconf 80' lang='grc' dir='ltr'>τὰ</span> <span class='ocrx_word' id='word_1_38' title='bbox 1963 680 2115 753; x_wconf 83' lang='grc' dir='ltr'><strong>παρὰ</strong></span> <span class='ocrx_word' id='word_1_39' title='bbox 2166 681 2486 750; x_wconf 81' lang='grc' dir='ltr'>’Λκεφὰλων</span> <span class='ocrx_word' id='word_1_40' title='bbox 2537 676 3113 749; x_wconf 81' lang='grc' dir='ltr'>πεπλαστουργημένα</span> <span class='ocrx_word' id='word_1_41' title='bbox 3159 676 3482 730; x_wconf 82' lang='grc' dir='ltr'>καθεστᾶσι.</span> <span class='ocrx_word' id='word_1_42' title='bbox 3553 672 3824 745; x_wconf 78' lang='lat' dir='ltr'><strong>(Sequun’</strong></span> 
     </span>
    </p>
   </div>
   <div class='ocr_carea' id='block_1_9' title="bbox 532 776 1775 849">
    <p class='ocr_par' dir='ltr' id='par_1_9' title="bbox 532 776 1775 849">
     <span class='ocr_line' id='line_1_9' title="bbox 532 776 1775 849; baseline -0.002 -15"><span class='ocrx_word' id='word_1_43' title='bbox 532 793 622 835; x_wconf 77' lang='lat' dir='ltr'><strong>tur</strong></span> <span class='ocrx_word' id='word_1_44' title='bbox 645 779 925 835; x_wconf 77' lang='lat' dir='ltr'><strong>Athanasii</strong></span> <span class='ocrx_word' id='word_1_45' title='bbox 948 789 996 833; x_wconf 75' lang='lat' dir='ltr'><strong>et</strong></span> <span class='ocrx_word' id='word_1_46' title='bbox 1035 778 1224 849; x_wconf 72' lang='grc' dir='ltr'><strong>(ἰυνὶΗὶ</strong></span> <span class='ocrx_word' id='word_1_47' title='bbox 1262 787 1385 833; x_wconf 81' lang='lat' dir='ltr'><strong>nota</strong></span> <span class='ocrx_word' id='word_1_48' title='bbox 1429 776 1775 847; x_wconf 79' lang='lat' dir='ltr'><strong>testimonia.)</strong></span> 
     </span>
    </p>
   </div>
   <div class='ocr_carea' id='block_1_10' title="bbox 603 870 2110 943">
    <p class='ocr_par' dir='ltr' id='par_1_10' title="bbox 603 870 2110 943">
     <span class='ocr_line' id='line_1_10' title="bbox 603 870 2110 943; baseline -0.005 -14"><span class='ocrx_word' id='word_1_49' title='bbox 603 875 681 929; x_wconf 75' lang='lat' dir='ltr'><strong>Ex</strong></span> <span class='ocrx_word' id='word_1_50' title='bbox 727 871 985 926; x_wconf 90' lang='lat' dir='ltr'><strong>omnibus</strong></span> <span class='ocrx_word' id='word_1_51' title='bbox 1031 871 1364 942; x_wconf 69' lang='lat' dir='ltr'><strong>supradictis</strong></span> <span class='ocrx_word' id='word_1_52' title='bbox 1411 872 1702 943; x_wconf 89' lang='lat' dir='ltr'><strong>perspicue</strong></span> <span class='ocrx_word' id='word_1_53' title='bbox 1762 870 2110 924; x_wconf 89' lang='lat' dir='ltr'><strong>demonstra-</strong></span> 
     </span>
    </p>
   </div>
   <div class='ocr_carea' id='block_1_11' title="bbox 537 963 2115 1026">
    <p class='ocr_par' dir='ltr' id='par_1_11' title="bbox 537 963 2115 1026">
     <span class='ocr_line' id='line_1_11' title="bbox 537 963 2115 1026; baseline -0.005 -2"><span class='ocrx_word' id='word_1_54' title='bbox 537 980 651 1026; x_wconf 91' lang='lat' dir='ltr'><strong>tum</strong></span> <span class='ocrx_word' id='word_1_55' title='bbox 687 968 858 1024; x_wconf 88' lang='lat' dir='ltr'><strong>fuisse</strong></span> <span class='ocrx_word' id='word_1_56' title='bbox 889 968 1221 1022; x_wconf 82' lang='lat' dir='ltr'><strong>conﬁdimus</strong></span> <span class='ocrx_word' id='word_1_57' title='bbox 1251 977 1568 1024; x_wconf 88' lang='lat' dir='ltr'><strong>sanctorum</strong></span> <span class='ocrx_word' id='word_1_58' title='bbox 1630 968 1855 1020; x_wconf 90' lang='lat' dir='ltr'><strong>Patrum</strong></span> <span class='ocrx_word' id='word_1_59' title='bbox 1908 963 2115 1018; x_wconf 82' lang='lat' dir='ltr'><strong>doctri-</strong></span> 
     </span>
    </p>
   </div>
   <div class='ocr_carea' id='block_1_12' title="bbox 535 1052 2112 1128">
    <p class='ocr_par' dir='ltr' id='par_1_12' title="bbox 535 1052 2112 1128">
     <span class='ocr_line' id='line_1_12' title="bbox 535 1052 2112 1128; baseline -0.006 -12"><span class='ocrx_word' id='word_1_60' title='bbox 535 1061 622 1116; x_wconf 90' lang='lat' dir='ltr'><strong>nis</strong></span> <span class='ocrx_word' id='word_1_61' title='bbox 652 1059 936 1115; x_wconf 84' lang='lat' dir='ltr'><strong>adversari</strong></span> <span class='ocrx_word' id='word_1_62' title='bbox 980 1059 1218 1128; x_wconf 87' lang='lat' dir='ltr'><strong>tidciquc</strong></span> <span class='ocrx_word' id='word_1_63' title='bbox 1263 1058 1593 1114; x_wconf 76' lang='lat' dir='ltr'><strong>Christianze</strong></span> <span class='ocrx_word' id='word_1_64' title='bbox 1652 1071 1774 1111; x_wconf 88' lang='lat' dir='ltr'><strong>esse</strong></span> <span class='ocrx_word' id='word_1_65' title='bbox 1834 1052 2112 1109; x_wconf 89' lang='lat' dir='ltr'><strong>contraria</strong></span> 
     </span>
    </p>
   </div>
   <div class='ocr_carea' id='block_1_13' title="bbox 535 1141 2113 1222">
    <p class='ocr_par' dir='ltr' id='par_1_13' title="bbox 535 1141 2113 1222">
     <span class='ocr_line' id='line_1_13' title="bbox 535 1141 2113 1222; baseline -0.006 -17"><span class='ocrx_word' id='word_1_66' title='bbox 535 1167 660 1222; x_wconf 64' lang='lat' dir='ltr'><strong>quae</strong></span> <span class='ocrx_word' id='word_1_67' title='bbox 729 1151 799 1204; x_wconf 89' lang='lat' dir='ltr'><strong>ab</strong></span> <span class='ocrx_word' id='word_1_68' title='bbox 858 1150 1135 1205; x_wconf 76' lang='lat' dir='ltr'><strong>haereticis</strong></span> <span class='ocrx_word' id='word_1_69' title='bbox 1191 1149 1586 1219; x_wconf 88' lang='lat' dir='ltr'><strong>proferuntur;</strong></span> <span class='ocrx_word' id='word_1_70' title='bbox 1637 1161 1764 1199; x_wconf 90' lang='lat' dir='ltr'><strong>cum</strong></span> <span class='ocrx_word' id='word_1_71' title='bbox 1823 1141 2113 1198; x_wconf 82' lang='lat' dir='ltr'><strong>manifeste</strong></span> 
     </span>
    </p>
   </div>
   <div class='ocr_carea' id='block_1_14' title="bbox 534 1237 2116 1310">
    <p class='ocr_par' dir='ltr' id='par_1_14' title="bbox 534 1237 2116 1310">
     <span class='ocr_line' id='line_1_14' title="bbox 534 1237 2116 1310; baseline -0.006 -11"><span class='ocrx_word' id='word_1_72' title='bbox 534 1253 762 1300; x_wconf 81' lang='lat' dir='ltr'><strong>sanctus</strong></span> <span class='ocrx_word' id='word_1_73' title='bbox 809 1244 1144 1298; x_wconf 81' lang='lat' dir='ltr'><strong>Athanasius</strong></span> <span class='ocrx_word' id='word_1_74' title='bbox 1185 1250 1519 1310; x_wconf 84' lang='lat' dir='ltr'><strong>sanctusque</strong></span> <span class='ocrx_word' id='word_1_75' title='bbox 1569 1238 1806 1310; x_wconf 84' lang='lat' dir='ltr'><strong>Cyrillus</strong></span> <span class='ocrx_word' id='word_1_76' title='bbox 1837 1237 1976 1291; x_wconf 86' lang='lat' dir='ltr'><strong>duas</strong></span> <span class='ocrx_word' id='word_1_77' title='bbox 2016 1251 2116 1290; x_wconf 86' lang='lat' dir='ltr'><strong>na-</strong></span> 
     </span>
    </p>
   </div>
   <div class='ocr_carea' id='block_1_15' title="bbox 538 1330 2116 1401">
    <p class='ocr_par' dir='ltr' id='par_1_15' title="bbox 538 1330 2116 1401">
     <span class='ocr_line' id='line_1_15' title="bbox 538 1330 2116 1401; baseline -0.006 -9"><span class='ocrx_word' id='word_1_78' title='bbox 538 1349 689 1392; x_wconf 85' lang='lat' dir='ltr'><strong>turas</strong></span> <span class='ocrx_word' id='word_1_79' title='bbox 722 1335 926 1392; x_wconf 83' lang='lat' dir='ltr'><strong>Christi</strong></span> <span class='ocrx_word' id='word_1_80' title='bbox 957 1335 1262 1390; x_wconf 80' lang='lat' dir='ltr'><strong>divinitatis</strong></span> <span class='ocrx_word' id='word_1_81' title='bbox 1305 1332 1778 1401; x_wconf 79' lang='lat' dir='ltr'><strong>humanitatisque</strong></span> <span class='ocrx_word' id='word_1_82' title='bbox 1813 1330 2116 1399; x_wconf 76' lang='lat' dir='ltr'><strong>confitean-</strong></span> 
     </span>
    </p>
   </div>
   <div class='ocr_carea' id='block_1_16' title="bbox 538 1420 2112 1497">
    <p class='ocr_par' dir='ltr' id='par_1_16' title="bbox 538 1420 2112 1497">
     <span class='ocr_line' id='line_1_16' title="bbox 538 1420 2112 1497; baseline -0.008 -12"><span class='ocrx_word' id='word_1_83' title='bbox 538 1441 650 1497; x_wconf 90' lang='lat' dir='ltr'><strong>tur,</strong></span> <span class='ocrx_word' id='word_1_84' title='bbox 677 1445 842 1484; x_wconf 88' lang='lat' dir='ltr'><strong>unam</strong></span> <span class='ocrx_word' id='word_1_85' title='bbox 878 1428 1181 1483; x_wconf 88' lang='lat' dir='ltr'><strong>incrcatam</strong></span> <span class='ocrx_word' id='word_1_86' title='bbox 1229 1442 1294 1482; x_wconf 89' lang='lat' dir='ltr'><strong>ac</strong></span> <span class='ocrx_word' id='word_1_87' title='bbox 1325 1427 1555 1481; x_wconf 84' lang='lat' dir='ltr'><strong>alteram</strong></span> <span class='ocrx_word' id='word_1_88' title='bbox 1603 1433 1845 1479; x_wconf 86' lang='lat' dir='ltr'><strong>creatam</strong></span> <span class='ocrx_word' id='word_1_89' title='bbox 1897 1420 2112 1484; x_wconf 89' lang='lat' dir='ltr'><strong>dicant,</strong></span> 
     </span>
    </p>
   </div>
   <div class='ocr_carea' id='block_1_17' title="bbox 537 1512 2116 1590">
    <p class='ocr_par' dir='ltr' id='par_1_17' title="bbox 537 1512 2116 1590">
     <span class='ocr_line' id='line_1_17' title="bbox 537 1512 2116 1590; baseline -0.006 -16"><span class='ocrx_word' id='word_1_90' title='bbox 537 1535 755 1590; x_wconf 87' lang='lat' dir='ltr'><strong>unaque</strong></span> <span class='ocrx_word' id='word_1_91' title='bbox 812 1518 1136 1574; x_wconf 89' lang='lat' dir='ltr'><strong>adoratione</strong></span> <span class='ocrx_word' id='word_1_92' title='bbox 1184 1517 1404 1572; x_wconf 89' lang='lat' dir='ltr'><strong>adorari</strong></span> <span class='ocrx_word' id='word_1_93' title='bbox 1463 1530 1637 1570; x_wconf 87' lang='lat' dir='ltr'><strong>unum</strong></span> <span class='ocrx_word' id='word_1_94' title='bbox 1678 1512 1970 1568; x_wconf 89' lang='lat' dir='ltr'><strong>Dominum</strong></span> <span class='ocrx_word' id='word_1_95' title='bbox 2021 1526 2116 1565; x_wconf 87' lang='lat' dir='ltr'><strong>no-</strong></span> 
     </span>
    </p>
   </div>
   <div class='ocr_carea' id='block_1_18' title="bbox 535 1603 2120 1676">
    <p class='ocr_par' dir='ltr' id='par_1_18' title="bbox 535 1603 2120 1676">
     <span class='ocr_line' id='line_1_18' title="bbox 535 1603 2120 1676; baseline -0.006 -10"><span class='ocrx_word' id='word_1_96' title='bbox 535 1622 713 1666; x_wconf 68' lang='lat' dir='ltr'><strong>strum</strong></span> <span class='ocrx_word' id='word_1_97' title='bbox 739 1611 926 1666; x_wconf 87' lang='lat' dir='ltr'><strong>Jesum</strong></span> <span class='ocrx_word' id='word_1_98' title='bbox 958 1608 1242 1665; x_wconf 89' lang='lat' dir='ltr'><strong>Christum</strong></span> <span class='ocrx_word' id='word_1_99' title='bbox 1300 1607 1556 1663; x_wconf 89' lang='lat' dir='ltr'><strong>doceant.</strong></span> <span class='ocrx_word' id='word_1_100' title='bbox 1599 1606 1893 1661; x_wconf 76' lang='lat' dir='ltr'><strong>Sufﬁciunt</strong></span> <span class='ocrx_word' id='word_1_101' title='bbox 1951 1603 2120 1676; x_wconf 82' lang='lat' dir='ltr'><strong>igitur</strong></span> 
     </span>
    </p>
   </div>
   <div class='ocr_carea' id='block_1_19' title="bbox 2291 854 3813 936">
    <p class='ocr_par' dir='ltr' id='par_1_19' title="bbox 2291 854 3813 936">
     <span class='ocr_line' id='line_1_19' title="bbox 2291 854 3813 936; baseline -0.001 -20"><span class='ocrx_word' id='word_1_102' title='bbox 2291 862 2516 936; x_wconf 81' lang='lat' dir='ltr'><strong>(Deinde</strong></span> <span class='ocrx_word' id='word_1_103' title='bbox 2542 876 2596 931; x_wconf 91' lang='lat' dir='ltr'><strong>p.</strong></span> <span class='ocrx_word' id='word_1_104' title='bbox 2639 859 2793 930; x_wconf 72' lang='lat'><strong>229.)</strong></span> <span class='ocrx_word' id='word_1_105' title='bbox 2843 857 2941 913; x_wconf 84' lang='grc' dir='ltr'><strong>Διὰ</strong></span> <span class='ocrx_word' id='word_1_106' title='bbox 2991 857 3213 912; x_wconf 80' lang='grc' dir='ltr'>πάντων</span> <span class='ocrx_word' id='word_1_107' title='bbox 3254 854 3407 928; x_wconf 80' lang='grc' dir='ltr'>οἶμαι</span> <span class='ocrx_word' id='word_1_108' title='bbox 3434 858 3548 912; x_wconf 84' lang='grc' dir='ltr'><strong>τῶν</strong></span> <span class='ocrx_word' id='word_1_109' title='bbox 3580 862 3813 933; x_wconf 79' lang='grc' dir='ltr'>είρημέο</span> 
     </span>
    </p>
   </div>
   <div class='ocr_carea' id='block_1_20' title="bbox 2219 952 3819 1024">
    <p class='ocr_par' dir='ltr' id='par_1_20' title="bbox 2219 952 3819 1024">
     <span class='ocr_line' id='line_1_20' title="bbox 2219 952 3819 1024; baseline 0 -14"><span class='ocrx_word' id='word_1_110' title='bbox 2219 975 2327 1010; x_wconf 89' lang='grc' dir='ltr'><strong>νων</strong></span> <span class='ocrx_word' id='word_1_111' title='bbox 2353 955 2544 1024; x_wconf 81' lang='grc' dir='ltr'>σαφῶς</span> <span class='ocrx_word' id='word_1_112' title='bbox 2575 953 2976 1017; x_wconf 79' lang='grc' dir='ltr'>ἀποδέδεικται,</span> <span class='ocrx_word' id='word_1_113' title='bbox 3000 952 3316 1006; x_wconf 83' lang='grc' dir='ltr'>ὄτιέναντία</span> <span class='ocrx_word' id='word_1_114' title='bbox 3345 956 3468 1016; x_wconf 90' lang='grc' dir='ltr'>ταῖς</span> <span class='ocrx_word' id='word_1_115' title='bbox 3494 953 3604 1008; x_wconf 84' lang='grc' dir='ltr'><strong>τῶν</strong></span> <span class='ocrx_word' id='word_1_116' title='bbox 3637 957 3819 1024; x_wconf 81' lang='grc' dir='ltr'>ἁγίων</span> 
     </span>
    </p>
   </div>
   <div class='ocr_carea' id='block_1_21' title="bbox 2219 1043 3819 1118">
    <p class='ocr_par' dir='ltr' id='par_1_21' title="bbox 2219 1043 3819 1118">
     <span class='ocr_line' id='line_1_21' title="bbox 2219 1043 3819 1118; baseline 0.001 -18"><span class='ocrx_word' id='word_1_117' title='bbox 2219 1047 2484 1117; x_wconf 87' lang='grc' dir='ltr'>Πατέρων</span> <span class='ocrx_word' id='word_1_118' title='bbox 2527 1043 2905 1108; x_wconf 76' lang='grc' dir='ltr'><strong>διδασκαλίαις</strong></span> <span class='ocrx_word' id='word_1_119' title='bbox 2951 1043 3123 1108; x_wconf 74' lang='grc' dir='ltr'>ἐστὶν,</span> <span class='ocrx_word' id='word_1_120' title='bbox 3156 1045 3253 1098; x_wconf 76' lang='grc' dir='ltr'><strong>καὶ</strong></span> <span class='ocrx_word' id='word_1_121' title='bbox 3289 1044 3549 1115; x_wconf 81' lang='grc' dir='ltr'>ἀλλότρια</span> <span class='ocrx_word' id='word_1_122' title='bbox 3575 1045 3672 1118; x_wconf 80' lang='grc' dir='ltr'>τῆς</span> <span class='ocrx_word' id='word_1_123' title='bbox 3697 1048 3819 1103; x_wconf 83' lang='grc' dir='ltr'><strong>τῶν</strong></span> 
     </span>
    </p>
   </div>
   <div class='ocr_carea' id='block_1_22' title="bbox 2220 1131 3816 1212">
    <p class='ocr_par' dir='ltr' id='par_1_22' title="bbox 2220 1131 3816 1212">
     <span class='ocr_line' id='line_1_22' title="bbox 2220 1131 3816 1212; baseline 0.001 -17"><span class='ocrx_word' id='word_1_124' title='bbox 2220 1140 2569 1212; x_wconf 82' lang='grc' dir='ltr'><strong>Χριστιανῶν</strong></span> <span class='ocrx_word' id='word_1_125' title='bbox 2603 1141 2845 1203; x_wconf 86' lang='grc' dir='ltr'>πίστεως</span> <span class='ocrx_word' id='word_1_126' title='bbox 2881 1131 2950 1194; x_wconf 84' lang='grc' dir='ltr'><strong>τὰ</strong></span> <span class='ocrx_word' id='word_1_127' title='bbox 2993 1139 3144 1210; x_wconf 86' lang='grc' dir='ltr'>παρὰ</span> <span class='ocrx_word' id='word_1_128' title='bbox 3182 1140 3292 1191; x_wconf 82' lang='grc' dir='ltr'><strong>τῶν</strong></span> <span class='ocrx_word' id='word_1_129' title='bbox 3341 1141 3638 1209; x_wconf 85' lang='grc' dir='ltr'>αἱρετικῶν</span> <span class='ocrx_word' id='word_1_130' title='bbox 3668 1161 3816 1212; x_wconf 84' lang='grc' dir='ltr'>προ-</span> 
     </span>
    </p>
   </div>
   <div class='ocr_carea' id='block_1_23' title="bbox 2223 1231 3811 1306">
    <p class='ocr_par' dir='ltr' id='par_1_23' title="bbox 2223 1231 3811 1306">
     <span class='ocr_line' id='line_1_23' title="bbox 2223 1231 3811 1306; baseline 0.001 -18"><span class='ocrx_word' id='word_1_131' title='bbox 2223 1234 2539 1306; x_wconf 76' lang='grc' dir='ltr'>φερόμεναο</span> <span class='ocrx_word' id='word_1_132' title='bbox 2581 1232 2836 1304; x_wconf 80' lang='grc' dir='ltr'>φανερῶς</span> <span class='ocrx_word' id='word_1_133' title='bbox 2879 1231 2973 1286; x_wconf 89' lang='grc' dir='ltr'><strong>τοῦ</strong></span> <span class='ocrx_word' id='word_1_134' title='bbox 3023 1249 3085 1285; x_wconf 89' lang='grc' dir='ltr'><strong>τε</strong></span> <span class='ocrx_word' id='word_1_135' title='bbox 3125 1235 3184 1286; x_wconf 83' lang='grc' dir='ltr'><strong>ἐν</strong></span> <span class='ocrx_word' id='word_1_136' title='bbox 3235 1234 3415 1302; x_wconf 80' lang='grc' dir='ltr'><strong>ἁγίοις</strong></span> <span class='ocrx_word' id='word_1_137' title='bbox 3459 1235 3811 1303; x_wconf 78' lang='grc' dir='ltr'>Ἀθανασίου,</span> 
     </span>
    </p>
   </div>
   <div class='ocr_carea' id='block_1_24' title="bbox 2220 1327 3812 1399">
    <p class='ocr_par' dir='ltr' id='par_1_24' title="bbox 2220 1327 3812 1399">
     <span class='ocr_line' id='line_1_24' title="bbox 2220 1327 3812 1399; baseline 0 -15"><span class='ocrx_word' id='word_1_138' title='bbox 2220 1330 2315 1384; x_wconf 70' lang='grc' dir='ltr'>καὶ</span> <span class='ocrx_word' id='word_1_139' title='bbox 2357 1329 2454 1382; x_wconf 90' lang='grc' dir='ltr'><strong>τοῦ</strong></span> <span class='ocrx_word' id='word_1_140' title='bbox 2492 1331 2551 1382; x_wconf 81' lang='grc' dir='ltr'>ἐν</span> <span class='ocrx_word' id='word_1_141' title='bbox 2604 1328 2784 1396; x_wconf 79' lang='grc' dir='ltr'>ἁγίοις</span> <span class='ocrx_word' id='word_1_142' title='bbox 2825 1327 3124 1397; x_wconf 85' lang='grc' dir='ltr'>Κυρίλλου.</span> <span class='ocrx_word' id='word_1_143' title='bbox 3157 1327 3259 1398; x_wconf 82' lang='grc' dir='ltr'>τῆς</span> <span class='ocrx_word' id='word_1_144' title='bbox 3295 1327 3554 1399; x_wconf 86' lang='grc' dir='ltr'>θεότητος</span> <span class='ocrx_word' id='word_1_145' title='bbox 3583 1330 3678 1383; x_wconf 74' lang='grc' dir='ltr'>καὶ</span> <span class='ocrx_word' id='word_1_146' title='bbox 3706 1331 3812 1398; x_wconf 82' lang='grc' dir='ltr'>τῆς</span> 
     </span>
    </p>
   </div>
   <div class='ocr_carea' id='block_1_25' title="bbox 2219 1417 3808 1491">
    <p class='ocr_par' dir='ltr' id='par_1_25' title="bbox 2219 1417 3808 1491">
     <span class='ocr_line' id='line_1_25' title="bbox 2219 1417 3808 1491; baseline -0.001 -17"><span class='ocrx_word' id='word_1_147' title='bbox 2219 1421 2316 1480; x_wconf 86' lang='grc' dir='ltr'><strong>ἀνθ</strong></span> <span class='ocrx_word' id='word_1_148' title='bbox 2327 1420 2641 1491; x_wconf 82' lang='grc' dir='ltr'>ρωπότητος</span> <span class='ocrx_word' id='word_1_149' title='bbox 2665 1419 2760 1472; x_wconf 88' lang='grc' dir='ltr'><strong>τοῦ</strong></span> <span class='ocrx_word' id='word_1_150' title='bbox 2781 1417 3020 1490; x_wconf 80' lang='grc' dir='ltr'><strong>Χριστοῦ</strong></span> <span class='ocrx_word' id='word_1_151' title='bbox 3041 1417 3133 1471; x_wconf 88' lang='grc' dir='ltr'><strong>δύο</strong></span> <span class='ocrx_word' id='word_1_152' title='bbox 3160 1419 3350 1486; x_wconf 85' lang='grc' dir='ltr'>φύσεις</span> <span class='ocrx_word' id='word_1_153' title='bbox 3376 1418 3808 1489; x_wconf 73' lang='grc' dir='ltr'><strong>ὁμολογούντων,</strong></span> 
     </span>
    </p>
   </div>
   <div class='ocr_carea' id='block_1_26' title="bbox 2221 1509 3811 1586">
    <p class='ocr_par' dir='ltr' id='par_1_26' title="bbox 2221 1509 3811 1586">
     <span class='ocr_line' id='line_1_26' title="bbox 2221 1509 3811 1586; baseline -0.001 -18"><span class='ocrx_word' id='word_1_154' title='bbox 2221 1516 2317 1570; x_wconf 74' lang='grc' dir='ltr'><strong>καὶ</strong></span> <span class='ocrx_word' id='word_1_155' title='bbox 2341 1515 2440 1586; x_wconf 77' lang='grc' dir='ltr'><strong>τὴν</strong></span> <span class='ocrx_word' id='word_1_156' title='bbox 2475 1513 2574 1584; x_wconf 77' lang='grc' dir='ltr'><strong>μὲν</strong></span> <span class='ocrx_word' id='word_1_157' title='bbox 2607 1512 2890 1576; x_wconf 83' lang='grc' dir='ltr'>ἁκτιστον,</span> <span class='ocrx_word' id='word_1_158' title='bbox 2921 1509 3022 1580; x_wconf 79' lang='grc' dir='ltr'>τὴν</span> <span class='ocrx_word' id='word_1_159' title='bbox 3049 1510 3108 1563; x_wconf 85' lang='grc' dir='ltr'>δὲ</span> <span class='ocrx_word' id='word_1_160' title='bbox 3137 1509 3363 1580; x_wconf 82' lang='grc' dir='ltr'>κτιστὴν</span> <span class='ocrx_word' id='word_1_161' title='bbox 3389 1510 3684 1578; x_wconf 83' lang='grc' dir='ltr'>λεγόντων,</span> <span class='ocrx_word' id='word_1_162' title='bbox 3711 1514 3811 1566; x_wconf 75' lang='grc' dir='ltr'>καὶ</span> 
     </span>
    </p>
   </div>
   <div class='ocr_carea' id='block_1_27' title="bbox 2227 1602 3810 1678">
    <p class='ocr_par' dir='ltr' id='par_1_27' title="bbox 2227 1602 3810 1678">
     <span class='ocr_line' id='line_1_27' title="bbox 2227 1602 3810 1678; baseline -0.003 -18"><span class='ocrx_word' id='word_1_163' title='bbox 2227 1609 2328 1678; x_wconf 83' lang='grc' dir='ltr'>μιᾷ</span> <span class='ocrx_word' id='word_1_164' title='bbox 2388 1607 2764 1677; x_wconf 82' lang='grc' dir='ltr'>προσκυνήσει</span> <span class='ocrx_word' id='word_1_165' title='bbox 2809 1602 3240 1677; x_wconf 77' lang='grc' dir='ltr'>προσκυνεῖσθαι</span> <span class='ocrx_word' id='word_1_166' title='bbox 3292 1603 3661 1659; x_wconf 82' lang='grc' dir='ltr'>διδασκόντων</span> <span class='ocrx_word' id='word_1_167' title='bbox 3713 1605 3810 1657; x_wconf 72' lang='grc' dir='ltr'><strong>τον</strong></span> 
     </span>
    </p>
   </div>
   <div class='ocr_carea' id='block_1_28' title="bbox 535 1693 2125 1774">
    <p class='ocr_par' dir='ltr' id='par_1_28' title="bbox 535 1695 2124 1774">
     <span class='ocr_line' id='line_1_28' title="bbox 535 1695 2124 1774; baseline -0.006 -15"><span class='ocrx_word' id='word_1_168' title='bbox 535 1704 853 1774; x_wconf 85' lang='lat' dir='ltr'><strong>supradicta</strong></span> <span class='ocrx_word' id='word_1_169' title='bbox 889 1702 956 1756; x_wconf 88' lang='lat' dir='ltr'><strong>ad</strong></span> <span class='ocrx_word' id='word_1_170' title='bbox 982 1702 1387 1772; x_wconf 87' lang='lat' dir='ltr'><strong>Acephalorum</strong></span> <span class='ocrx_word' id='word_1_171' title='bbox 1437 1698 1902 1764; x_wconf 80' lang='lat' dir='ltr'><strong>machinationem</strong></span> <span class='ocrx_word' id='word_1_172' title='bbox 1935 1695 2124 1751; x_wconf 88' lang='lat' dir='ltr'><strong>confu-</strong></span> 
     </span>
    </p>
   </div>
   <div class='ocr_carea' id='block_1_29' title="bbox 2228 1693 3805 1774">
    <p class='ocr_par' dir='ltr' id='par_1_29' title="bbox 2228 1694 3805 1768">
     <span class='ocr_line' id='line_1_29' title="bbox 2228 1694 3805 1768; baseline -0.001 -17"><span class='ocrx_word' id='word_1_173' title='bbox 2228 1699 2324 1751; x_wconf 74' lang='grc' dir='ltr'><strong>ἕνα</strong></span> <span class='ocrx_word' id='word_1_174' title='bbox 2365 1696 2570 1768; x_wconf 83' lang='grc' dir='ltr'>Κύριον</span> <span class='ocrx_word' id='word_1_175' title='bbox 2612 1695 2770 1766; x_wconf 82' lang='grc' dir='ltr'>ἡμῶν</span> <span class='ocrx_word' id='word_1_176' title='bbox 2812 1694 3022 1766; x_wconf 82' lang='grc' dir='ltr'>Ἰησοῦν</span> <span class='ocrx_word' id='word_1_177' title='bbox 3061 1695 3319 1766; x_wconf 86' lang='grc' dir='ltr'>Χριστόν.</span> <span class='ocrx_word' id='word_1_178' title='bbox 3358 1696 3468 1748; x_wconf 69' lang='grc' dir='ltr'><strong>Καὶ</strong></span> <span class='ocrx_word' id='word_1_179' title='bbox 3503 1699 3664 1768; x_wconf 80' lang='grc' dir='ltr'>ἀρκεῖ</span> <span class='ocrx_word' id='word_1_180' title='bbox 3703 1698 3805 1765; x_wconf 83' lang='grc' dir='ltr'>μὲν</span> 
     </span>
    </p>
   </div>
   <div class='ocr_carea' id='block_1_30' title="bbox 539 1787 2124 1857">
    <p class='ocr_par' dir='ltr' id='par_1_30' title="bbox 539 1787 2124 1857">
     <span class='ocr_line' id='line_1_30' title="bbox 539 1787 2124 1857; baseline -0.005 -9"><span class='ocrx_word' id='word_1_181' title='bbox 539 1794 782 1850; x_wconf 81' lang='lat' dir='ltr'><strong>tandam.</strong></span> <span class='ocrx_word' id='word_1_182' title='bbox 814 1792 1069 1848; x_wconf 82' lang='lat' dir='ltr'><strong>Attamen</strong></span> <span class='ocrx_word' id='word_1_183' title='bbox 1103 1791 1244 1846; x_wconf 80' lang='lat' dir='ltr'><strong>nihil</strong></span> <span class='ocrx_word' id='word_1_184' title='bbox 1279 1790 1480 1845; x_wconf 90' lang='lat' dir='ltr'><strong>melius</strong></span> <span class='ocrx_word' id='word_1_185' title='bbox 1502 1789 1793 1845; x_wconf 90' lang='lat' dir='ltr'><strong>stultitiam</strong></span> <span class='ocrx_word' id='word_1_186' title='bbox 1824 1787 1910 1842; x_wconf 89' lang='lat' dir='ltr'><strong>vel</strong></span> <span class='ocrx_word' id='word_1_187' title='bbox 1943 1787 2124 1857; x_wconf 88' lang='lat' dir='ltr'><strong>potius</strong></span> 
     </span>
    </p>
   </div>
   <div class='ocr_carea' id='block_1_31' title="bbox 537 1877 2123 1951">
    <p class='ocr_par' dir='ltr' id='par_1_31' title="bbox 537 1877 2123 1951">
     <span class='ocr_line' id='line_1_31' title="bbox 537 1877 2123 1951; baseline -0.007 -9"><span class='ocrx_word' id='word_1_188' title='bbox 537 1887 1002 1943; x_wconf 75' lang='lat' dir='ltr'><strong>machinationem</strong></span> <span class='ocrx_word' id='word_1_189' title='bbox 1041 1899 1238 1940; x_wconf 88' lang='lat' dir='ltr'><strong>eorum</strong></span> <span class='ocrx_word' id='word_1_190' title='bbox 1269 1883 1545 1947; x_wconf 82' lang='lat' dir='ltr'><strong>eonfutat,</strong></span> <span class='ocrx_word' id='word_1_191' title='bbox 1584 1896 1752 1951; x_wconf 89' lang='lat' dir='ltr'><strong>qnam</strong></span> <span class='ocrx_word' id='word_1_192' title='bbox 1791 1879 2021 1950; x_wconf 89' lang='lat' dir='ltr'><strong>epistola</strong></span> <span class='ocrx_word' id='word_1_193' title='bbox 2053 1877 2123 1932; x_wconf 91' lang='lat' dir='ltr'><strong>ab</strong></span> 
     </span>
    </p>
   </div>
   <div class='ocr_carea' id='block_1_32' title="bbox 537 1969 2124 2050">
    <p class='ocr_par' dir='ltr' id='par_1_32' title="bbox 537 1969 2124 2050">
     <span class='ocr_line' id='line_1_32' title="bbox 537 1969 2124 2050; baseline -0.006 -17"><span class='ocrx_word' id='word_1_194' title='bbox 537 1979 649 2034; x_wconf 67' lang='lat' dir='ltr'><strong>illis</strong></span> <span class='ocrx_word' id='word_1_195' title='bbox 670 1979 884 2050; x_wconf 83' lang='lat' dir='ltr'><strong>prolata</strong></span> <span class='ocrx_word' id='word_1_196' title='bbox 904 1987 1162 2047; x_wconf 89' lang='lat' dir='ltr'><strong>tanquam</strong></span> <span class='ocrx_word' id='word_1_197' title='bbox 1187 1975 1316 2031; x_wconf 79' lang='lat' dir='ltr'><strong>Julii</strong></span> <span class='ocrx_word' id='word_1_198' title='bbox 1340 1975 1524 2028; x_wconf 70' lang='lat' dir='ltr'><strong>[lenne</strong></span> <span class='ocrx_word' id='word_1_199' title='bbox 1537 1971 1784 2043; x_wconf 85' lang='lat' dir='ltr'><strong>episcopi</strong></span> <span class='ocrx_word' id='word_1_200' title='bbox 1813 1972 1969 2041; x_wconf 85' lang='lat' dir='ltr'><strong>cujus</strong></span> <span class='ocrx_word' id='word_1_201' title='bbox 1988 1969 2124 2024; x_wconf 88' lang='lat' dir='ltr'><strong>alias</strong></span> 
     </span>
    </p>
   </div>
   <div class='ocr_carea' id='block_1_33' title="bbox 538 2064 2124 2136">
    <p class='ocr_par' dir='ltr' id='par_1_33' title="bbox 538 2064 2124 2136">
     <span class='ocr_line' id='line_1_33' title="bbox 538 2064 2124 2136; baseline -0.005 -10"><span class='ocrx_word' id='word_1_202' title='bbox 538 2071 846 2128; x_wconf 83' lang='lat' dir='ltr'><strong>falsificatio</strong></span> <span class='ocrx_word' id='word_1_203' title='bbox 912 2070 1350 2124; x_wconf 88' lang='lat' dir='ltr'><strong>demonstratur.</strong></span> <span class='ocrx_word' id='word_1_204' title='bbox 1414 2067 1615 2136; x_wconf 71' lang='lat' dir='ltr'><strong>lleipsa</strong></span> <span class='ocrx_word' id='word_1_205' title='bbox 1672 2065 1880 2120; x_wconf 79' lang='lat' dir='ltr'><strong>veteris</strong></span> <span class='ocrx_word' id='word_1_206' title='bbox 1937 2064 2124 2118; x_wconf 64' lang='lat' dir='ltr'><strong>Roma:</strong></span> 
     </span>
    </p>
   </div>
   <div class='ocr_carea' id='block_1_34' title="bbox 537 2155 2119 2230">
    <p class='ocr_par' dir='ltr' id='par_1_34' title="bbox 537 2155 2119 2230">
     <span class='ocr_line' id='line_1_34' title="bbox 537 2155 2119 2230; baseline -0.007 -11"><span class='ocrx_word' id='word_1_207' title='bbox 537 2164 856 2221; x_wconf 76' lang='lat' dir='ltr'><strong>sacerdotes</strong></span> <span class='ocrx_word' id='word_1_208' title='bbox 893 2163 948 2217; x_wconf 91' lang='lat' dir='ltr'><strong>in</strong></span> <span class='ocrx_word' id='word_1_209' title='bbox 977 2161 1239 2218; x_wconf 88' lang='lat' dir='ltr'><strong>omnibus</strong></span> <span class='ocrx_word' id='word_1_210' title='bbox 1268 2159 1587 2230; x_wconf 75' lang='lat' dir='ltr'><strong>apostolica:</strong></span> <span class='ocrx_word' id='word_1_211' title='bbox 1646 2156 1930 2212; x_wconf 88' lang='lat' dir='ltr'><strong>traditioni</strong></span> <span class='ocrx_word' id='word_1_212' title='bbox 1955 2155 2119 2210; x_wconf 84' lang='lat' dir='ltr'><strong>obse-</strong></span> 
     </span>
    </p>
   </div>
   <div class='ocr_carea' id='block_1_35' title="bbox 537 2248 2124 2328">
    <p class='ocr_par' dir='ltr' id='par_1_35' title="bbox 537 2248 2124 2328">
     <span class='ocr_line' id='line_1_35' title="bbox 537 2248 2124 2328; baseline -0.006 -17"><span class='ocrx_word' id='word_1_213' title='bbox 537 2265 797 2328; x_wconf 84' lang='lat' dir='ltr'><strong>quentes,</strong></span> <span class='ocrx_word' id='word_1_214' title='bbox 857 2269 1144 2324; x_wconf 88' lang='lat' dir='ltr'><strong>nunquam</strong></span> <span class='ocrx_word' id='word_1_215' title='bbox 1177 2253 1322 2307; x_wconf 88' lang='lat' dir='ltr'><strong>inter</strong></span> <span class='ocrx_word' id='word_1_216' title='bbox 1349 2267 1408 2306; x_wconf 91' lang='lat' dir='ltr'><strong>se</strong></span> <span class='ocrx_word' id='word_1_217' title='bbox 1447 2251 1855 2320; x_wconf 86' lang='lat' dir='ltr'><strong>discreparunt,</strong></span> <span class='ocrx_word' id='word_1_218' title='bbox 1887 2248 1984 2304; x_wconf 88' lang='lat' dir='ltr'><strong>sed</strong></span> <span class='ocrx_word' id='word_1_219' title='bbox 2038 2263 2124 2302; x_wconf 91' lang='lat' dir='ltr'><strong>re-</strong></span> 
     </span>
    </p>
   </div>
   <div class='ocr_carea' id='block_1_36' title="bbox 538 2341 2122 2416">
    <p class='ocr_par' dir='ltr' id='par_1_36' title="bbox 538 2341 2122 2416">
     <span class='ocr_line' id='line_1_36' title="bbox 538 2341 2122 2416; baseline -0.008 -10"><span class='ocrx_word' id='word_1_220' title='bbox 538 2357 687 2406; x_wconf 84' lang='lat' dir='ltr'><strong>ctam</strong></span> <span class='ocrx_word' id='word_1_221' title='bbox 725 2362 791 2403; x_wconf 90' lang='lat' dir='ltr'><strong>ac</strong></span> <span class='ocrx_word' id='word_1_222' title='bbox 833 2361 1022 2402; x_wconf 88' lang='lat' dir='ltr'><strong>veram</strong></span> <span class='ocrx_word' id='word_1_223' title='bbox 1059 2361 1234 2416; x_wconf 88' lang='lat' dir='ltr'><strong>usque</strong></span> <span class='ocrx_word' id='word_1_224' title='bbox 1284 2345 1352 2400; x_wconf 89' lang='lat' dir='ltr'><strong>ad</strong></span> <span class='ocrx_word' id='word_1_225' title='bbox 1418 2345 1565 2398; x_wconf 90' lang='lat' dir='ltr'><strong>hanc</strong></span> <span class='ocrx_word' id='word_1_226' title='bbox 1621 2342 1768 2397; x_wconf 88' lang='lat' dir='ltr'><strong>diem</strong></span> <span class='ocrx_word' id='word_1_227' title='bbox 1815 2341 2122 2396; x_wconf 88' lang='lat' dir='ltr'><strong>doctrinam</strong></span> 
     </span>
    </p>
   </div>
   <div class='ocr_carea' id='block_1_37' title="bbox 539 2433 2124 2509">
    <p class='ocr_par' dir='ltr' id='par_1_37' title="bbox 539 2433 2124 2509">
     <span class='ocr_line' id='line_1_37' title="bbox 539 2433 2124 2509; baseline -0.007 -12"><span class='ocrx_word' id='word_1_228' title='bbox 539 2449 920 2497; x_wconf 86' lang='lat' dir='ltr'><strong>servaverunt.</strong></span> <span class='ocrx_word' id='word_1_229' title='bbox 979 2440 1210 2509; x_wconf 84' lang='lat' dir='ltr'><strong>Insuper</strong></span> <span class='ocrx_word' id='word_1_230' title='bbox 1256 2437 1538 2492; x_wconf 89' lang='lat' dir='ltr'><strong>insolitum</strong></span> <span class='ocrx_word' id='word_1_231' title='bbox 1565 2445 1651 2491; x_wconf 90' lang='lat' dir='ltr'><strong>est</strong></span> <span class='ocrx_word' id='word_1_232' title='bbox 1684 2435 1890 2489; x_wconf 83' lang='lat' dir='ltr'><strong>veteris</strong></span> <span class='ocrx_word' id='word_1_233' title='bbox 1937 2433 2124 2487; x_wconf 71' lang='lat' dir='ltr'><strong>Romae</strong></span> 
     </span>
    </p>
   </div>
   <div class='ocr_carea' id='block_1_38' title="bbox 540 2528 2126 2607">
    <p class='ocr_par' dir='ltr' id='par_1_38' title="bbox 540 2528 2126 2607">
     <span class='ocr_line' id='line_1_38' title="bbox 540 2528 2126 2607; baseline -0.007 -17"><span class='ocrx_word' id='word_1_234' title='bbox 540 2534 870 2607; x_wconf 56' lang='lat' dir='ltr'><strong>patriarcha</strong></span> <span class='ocrx_word' id='word_1_235' title='bbox 911 2532 1228 2604; x_wconf 73' lang='lat' dir='ltr'><strong>huiusmodi</strong></span> <span class='ocrx_word' id='word_1_236' title='bbox 1283 2531 1489 2601; x_wconf 89' lang='lat' dir='ltr'><strong>scripto</strong></span> <span class='ocrx_word' id='word_1_237' title='bbox 1532 2529 1633 2596; x_wconf 90' lang='lat' dir='ltr'><strong>uti,</strong></span> <span class='ocrx_word' id='word_1_238' title='bbox 1673 2528 1821 2600; x_wconf 90' lang='lat' dir='ltr'><strong>quod</strong></span> <span class='ocrx_word' id='word_1_239' title='bbox 1875 2528 1967 2582; x_wconf 84' lang='lat' dir='ltr'><strong>isti</strong></span> <span class='ocrx_word' id='word_1_240' title='bbox 1999 2541 2126 2595; x_wconf 90' lang='lat' dir='ltr'><strong>pro-</strong></span> 
     </span>
    </p>
   </div>
   <div class='ocr_carea' id='block_1_39' title="bbox 542 2619 2123 2695">
    <p class='ocr_par' dir='ltr' id='par_1_39' title="bbox 542 2619 2123 2695">
     <span class='ocr_line' id='line_1_39' title="bbox 542 2619 2123 2695; baseline -0.007 -13"><span class='ocrx_word' id='word_1_241' title='bbox 542 2628 748 2689; x_wconf 80' lang='lat' dir='ltr'><strong>ferunt.</strong></span> <span class='ocrx_word' id='word_1_242' title='bbox 781 2641 892 2682; x_wconf 92' lang='lat' dir='ltr'><strong>non</strong></span> <span class='ocrx_word' id='word_1_243' title='bbox 923 2625 1163 2680; x_wconf 90' lang='lat' dir='ltr'><strong>dicimus</strong></span> <span class='ocrx_word' id='word_1_244' title='bbox 1217 2625 1283 2678; x_wconf 89' lang='lat' dir='ltr'><strong>ad</strong></span> <span class='ocrx_word' id='word_1_245' title='bbox 1317 2623 1697 2695; x_wconf 82' lang='lat' dir='ltr'><strong>presbyterds,</strong></span> <span class='ocrx_word' id='word_1_246' title='bbox 1745 2629 1806 2674; x_wconf 92' lang='lat' dir='ltr'><strong>ut</strong></span> <span class='ocrx_word' id='word_1_247' title='bbox 1844 2619 1920 2674; x_wconf 90' lang='lat' dir='ltr'><strong>illi</strong></span> <span class='ocrx_word' id='word_1_248' title='bbox 1964 2633 2123 2672; x_wconf 91' lang='lat' dir='ltr'><strong>men-</strong></span> 
     </span>
    </p>
   </div>
   <div class='ocr_carea' id='block_1_40' title="bbox 543 2709 2125 2784">
    <p class='ocr_par' dir='ltr' id='par_1_40' title="bbox 543 2709 2125 2784">
     <span class='ocr_line' id='line_1_40' title="bbox 543 2709 2125 2784; baseline -0.006 -10"><span class='ocrx_word' id='word_1_249' title='bbox 543 2720 782 2782; x_wconf 92' lang='lat' dir='ltr'><strong>tiuntur,</strong></span> <span class='ocrx_word' id='word_1_250' title='bbox 811 2715 906 2771; x_wconf 89' lang='lat' dir='ltr'><strong>sed</strong></span> <span class='ocrx_word' id='word_1_251' title='bbox 935 2731 1038 2771; x_wconf 90' lang='lat' dir='ltr'><strong>nec</strong></span> <span class='ocrx_word' id='word_1_252' title='bbox 1066 2716 1260 2769; x_wconf 86' lang='lat' dir='ltr'><strong>etiam-</strong></span> <span class='ocrx_word' id='word_1_253' title='bbox 1288 2713 1356 2768; x_wconf 88' lang='lat' dir='ltr'><strong>ad</strong></span> <span class='ocrx_word' id='word_1_254' title='bbox 1387 2713 1700 2784; x_wconf 88' lang='lat' dir='ltr'><strong>episcopos,</strong></span> <span class='ocrx_word' id='word_1_255' title='bbox 1732 2724 1836 2765; x_wconf 89' lang='lat' dir='ltr'><strong>nec</strong></span> <span class='ocrx_word' id='word_1_256' title='bbox 1864 2709 1932 2764; x_wconf 90' lang='lat' dir='ltr'><strong>ad</strong></span> <span class='ocrx_word' id='word_1_257' title='bbox 1975 2709 2125 2780; x_wconf 84' lang='lat' dir='ltr'><strong>ipsos</strong></span> 
     </span>
    </p>
   </div>
   <div class='ocr_carea' id='block_1_41' title="bbox 540 2803 2125 2883">
    <p class='ocr_par' dir='ltr' id='par_1_41' title="bbox 540 2803 2125 2883">
     <span class='ocr_line' id='line_1_41' title="bbox 540 2803 2125 2883; baseline -0.006 -16"><span class='ocrx_word' id='word_1_258' title='bbox 540 2804 1103 2883; x_wconf 60' lang='lat' dir='ltr'><strong>patriarChasIertio</strong></span> <span class='ocrx_word' id='word_1_259' title='bbox 1122 2806 1444 2876; x_wconf 85' lang='lat' dir='ltr'><strong>nosmetipsi</strong></span> <span class='ocrx_word' id='word_1_260' title='bbox 1466 2815 1756 2876; x_wconf 90' lang='lat' dir='ltr'><strong>postquam</strong></span> <span class='ocrx_word' id='word_1_261' title='bbox 1779 2803 2125 2859; x_wconf 86' lang='lat' dir='ltr'><strong>misissemus</strong></span> 
     </span>
    </p>
   </div>
   <div class='ocr_carea' id='block_1_42' title="bbox 539 2895 2121 2970">
    <p class='ocr_par' dir='ltr' id='par_1_42' title="bbox 539 2895 2121 2970">
     <span class='ocr_line' id='line_1_42' title="bbox 539 2895 2121 2970; baseline -0.004 -13"><span class='ocrx_word' id='word_1_262' title='bbox 539 2902 608 2957; x_wconf 88' lang='lat' dir='ltr'><strong>ad</strong></span> <span class='ocrx_word' id='word_1_263' title='bbox 660 2901 970 2956; x_wconf 88' lang='lat' dir='ltr'><strong>archivium</strong></span> <span class='ocrx_word' id='word_1_264' title='bbox 1022 2899 1210 2970; x_wconf 90' lang='lat' dir='ltr'><strong>palatii</strong></span> <span class='ocrx_word' id='word_1_265' title='bbox 1262 2897 1592 2968; x_wconf 89' lang='lat' dir='ltr'><strong>episcopalis</strong></span> <span class='ocrx_word' id='word_1_266' title='bbox 1635 2896 1840 2951; x_wconf 87' lang='lat' dir='ltr'><strong>veteris</strong></span> <span class='ocrx_word' id='word_1_267' title='bbox 1890 2895 2121 2958; x_wconf 79' lang='lat' dir='ltr'><strong>Romae,</strong></span> 
     </span>
    </p>
   </div>
   <div class='ocr_carea' id='block_1_43' title="bbox 539 2988 2122 3065">
    <p class='ocr_par' dir='ltr' id='par_1_43' title="bbox 539 2988 2122 3065">
     <span class='ocr_line' id='line_1_43' title="bbox 539 2988 2122 3065; baseline -0.005 -16"><span class='ocrx_word' id='word_1_268' title='bbox 539 2993 677 3049; x_wconf 86' lang='lat' dir='ltr'><strong>nihil</strong></span> <span class='ocrx_word' id='word_1_269' title='bbox 706 2991 1022 3065; x_wconf 88' lang='lat' dir='ltr'><strong>hujusmodi</strong></span> <span class='ocrx_word' id='word_1_270' title='bbox 1054 3009 1085 3047; x_wconf 92' lang='lat' dir='ltr'><strong>a</strong></span> <span class='ocrx_word' id='word_1_271' title='bbox 1113 2991 1260 3048; x_wconf 82' lang='lat' dir='ltr'><strong>Julio</strong></span> <span class='ocrx_word' id='word_1_272' title='bbox 1288 3001 1493 3047; x_wconf 62' lang='lat' dir='ltr'><strong>sanctae</strong></span> <span class='ocrx_word' id='word_1_273' title='bbox 1527 2990 1806 3045; x_wconf 55' lang='lat' dir='ltr'><strong>memoriae</strong></span> <span class='ocrx_word' id='word_1_274' title='bbox 1855 2988 2122 3059; x_wconf 89' lang='lat' dir='ltr'><strong>scriptum</strong></span> 
     </span>
    </p>
   </div>
   <div class='ocr_carea' id='block_1_44' title="bbox 541 3079 2122 3158">
    <p class='ocr_par' dir='ltr' id='par_1_44' title="bbox 541 3079 2122 3158">
     <span class='ocr_line' id='line_1_44' title="bbox 541 3079 2122 3158; baseline -0.005 -16"><span class='ocrx_word' id='word_1_275' title='bbox 541 3086 868 3158; x_wconf 88' lang='lat' dir='ltr'><strong>reperimus.</strong></span> <span class='ocrx_word' id='word_1_276' title='bbox 925 3085 1188 3156; x_wconf 71' lang='lat' dir='ltr'><strong>Epistolas</strong></span> <span class='ocrx_word' id='word_1_277' title='bbox 1244 3090 1430 3139; x_wconf 91' lang='lat' dir='ltr'><strong>autem</strong></span> <span class='ocrx_word' id='word_1_278' title='bbox 1483 3081 1773 3137; x_wconf 83' lang='lat' dir='ltr'><strong>Athanasii</strong></span> <span class='ocrx_word' id='word_1_279' title='bbox 1827 3080 2002 3136; x_wconf 82' lang='lat' dir='ltr'><strong>sancti</strong></span> <span class='ocrx_word' id='word_1_280' title='bbox 2055 3079 2122 3134; x_wconf 90' lang='lat' dir='ltr'><strong>ad</strong></span> 
     </span>
    </p>
   </div>
   <div class='ocr_carea' id='block_1_45' title="bbox 538 3173 2124 3248">
    <p class='ocr_par' dir='ltr' id='par_1_45' title="bbox 538 3173 2124 3248">
     <span class='ocr_line' id='line_1_45' title="bbox 538 3173 2124 3248; baseline -0.005 -14"><span class='ocrx_word' id='word_1_281' title='bbox 538 3178 854 3244; x_wconf 82' lang='lat' dir='ltr'><strong>Jovianum,</strong></span> <span class='ocrx_word' id='word_1_282' title='bbox 898 3179 968 3232; x_wconf 89' lang='lat' dir='ltr'><strong>ab</strong></span> <span class='ocrx_word' id='word_1_283' title='bbox 1027 3178 1139 3232; x_wconf 83' lang='lat' dir='ltr'><strong>illis</strong></span> <span class='ocrx_word' id='word_1_284' title='bbox 1176 3177 1424 3248; x_wconf 68' lang='lat' dir='ltr'><strong>prolata),</strong></span> <span class='ocrx_word' id='word_1_285' title='bbox 1480 3174 1671 3230; x_wconf 88' lang='lat' dir='ltr'><strong>multis</strong></span> <span class='ocrx_word' id='word_1_286' title='bbox 1722 3173 1903 3229; x_wconf 88' lang='lat' dir='ltr'><strong>modis</strong></span> <span class='ocrx_word' id='word_1_287' title='bbox 1928 3173 2124 3228; x_wconf 89' lang='lat' dir='ltr'><strong>confu-</strong></span> 
     </span>
    </p>
   </div>
   <div class='ocr_carea' id='block_1_46' title="bbox 543 3269 2126 3332">
    <p class='ocr_par' dir='ltr' id='par_1_46' title="bbox 543 3269 2126 3332">
     <span class='ocr_line' id='line_1_46' title="bbox 543 3269 2126 3332; baseline -0.005 -4"><span class='ocrx_word' id='word_1_288' title='bbox 543 3282 692 3328; x_wconf 87' lang='lat' dir='ltr'><strong>tatur</strong></span> <span class='ocrx_word' id='word_1_289' title='bbox 725 3271 1074 3328; x_wconf 83' lang='lat' dir='ltr'><strong>mendacium</strong></span> <span class='ocrx_word' id='word_1_290' title='bbox 1101 3270 1360 3326; x_wconf 88' lang='lat' dir='ltr'><strong>onmibus</strong></span> <span class='ocrx_word' id='word_1_291' title='bbox 1390 3269 1606 3324; x_wconf 88' lang='lat' dir='ltr'><strong>viribus</strong></span> <span class='ocrx_word' id='word_1_292' title='bbox 1638 3277 1977 3332; x_wconf 90' lang='lat' dir='ltr'><strong>astructum;</strong></span> <span class='ocrx_word' id='word_1_293' title='bbox 2013 3282 2126 3320; x_wconf 89' lang='lat' dir='ltr'><strong>non</strong></span> 
     </span>
    </p>
   </div>
   <div class='ocr_carea' id='block_1_47' title="bbox 539 3346 2163 3434">
    <p class='ocr_par' dir='ltr' id='par_1_47' title="bbox 539 3346 2163 3434">
     <span class='ocr_line' id='line_1_47' title="bbox 539 3346 2163 3434; baseline -0.005 -13"><span class='ocrx_word' id='word_1_294' title='bbox 539 3367 688 3421; x_wconf 90' lang='lat' dir='ltr'><strong>enim</strong></span> <span class='ocrx_word' id='word_1_295' title='bbox 723 3366 1104 3421; x_wconf 80' lang='lat' dir='ltr'><strong>characterem</strong></span> <span class='ocrx_word' id='word_1_296' title='bbox 1137 3365 1387 3434; x_wconf 79' lang='lat' dir='ltr'><strong>epistolae</strong></span> <span class='ocrx_word' id='word_1_297' title='bbox 1418 3362 1658 3434; x_wconf 70' lang='lat' dir='ltr'><strong>prtefert,</strong></span> <span class='ocrx_word' id='word_1_298' title='bbox 1715 3377 1817 3417; x_wconf 92' lang='lat' dir='ltr'><strong>nec</strong></span> <span class='ocrx_word' id='word_1_299' title='bbox 1858 3361 1999 3431; x_wconf 87' lang='lat' dir='ltr'><strong>ston</strong></span> <span class='ocrx_word' id='word_1_300' title='bbox 2027 3346 2163 3414; x_wconf 44' lang='lat' dir='ltr'><strong>im:</strong></span> 
     </span>
    </p>
   </div>
   <div class='ocr_carea' id='block_1_48' title="bbox 542 3456 2125 3533">
    <p class='ocr_par' dir='ltr' id='par_1_48' title="bbox 542 3456 2125 3533">
     <span class='ocr_line' id='line_1_48' title="bbox 542 3456 2125 3533; baseline -0.004 -16"><span class='ocrx_word' id='word_1_301' title='bbox 542 3462 787 3533; x_wconf 84' lang='lat' dir='ltr'><strong>peratori</strong></span> <span class='ocrx_word' id='word_1_302' title='bbox 845 3461 1220 3517; x_wconf 88' lang='lat' dir='ltr'><strong>conveniente</strong></span> <span class='ocrx_word' id='word_1_303' title='bbox 1277 3460 1563 3516; x_wconf 87' lang='lat' dir='ltr'><strong>scribitur.</strong></span> <span class='ocrx_word' id='word_1_304' title='bbox 1636 3459 1866 3528; x_wconf 84' lang='lat' dir='ltr'><strong>Insuper</strong></span> <span class='ocrx_word' id='word_1_305' title='bbox 1909 3456 2125 3513; x_wconf 82' lang='lat' dir='ltr'><strong>Joviani</strong></span> 
     </span>
    </p>
   </div>
   <div class='ocr_carea' id='block_1_49' title="bbox 545 3549 2129 3625">
    <p class='ocr_par' dir='ltr' id='par_1_49' title="bbox 545 3549 2129 3625">
     <span class='ocr_line' id='line_1_49' title="bbox 545 3549 2129 3625; baseline -0.004 -16"><span class='ocrx_word' id='word_1_306' title='bbox 545 3555 891 3625; x_wconf 85' lang='lat' dir='ltr'><strong>temporibus</strong></span> <span class='ocrx_word' id='word_1_307' title='bbox 912 3554 1062 3609; x_wconf 88' lang='lat' dir='ltr'><strong>nulla</strong></span> <span class='ocrx_word' id='word_1_308' title='bbox 1095 3553 1474 3610; x_wconf 88' lang='lat' dir='ltr'><strong>controversia</strong></span> <span class='ocrx_word' id='word_1_309' title='bbox 1502 3551 1572 3608; x_wconf 89' lang='lat' dir='ltr'><strong>de</strong></span> <span class='ocrx_word' id='word_1_310' title='bbox 1595 3551 1940 3606; x_wconf 87' lang='lat' dir='ltr'><strong>humanitate</strong></span> <span class='ocrx_word' id='word_1_311' title='bbox 1967 3549 2129 3606; x_wconf 89' lang='lat' dir='ltr'><strong>Chri-</strong></span> 
     </span>
    </p>
   </div>
   <div class='ocr_carea' id='block_1_50' title="bbox 543 3641 2127 3712">
    <p class='ocr_par' dir='ltr' id='par_1_50' title="bbox 543 3641 2127 3712">
     <span class='ocr_line' id='line_1_50' title="bbox 543 3641 2127 3712; baseline -0.003 -11"><span class='ocrx_word' id='word_1_312' title='bbox 543 3647 612 3702; x_wconf 83' lang='lat' dir='ltr'><strong>sti</strong></span> <span class='ocrx_word' id='word_1_313' title='bbox 658 3645 843 3701; x_wconf 84' lang='lat' dir='ltr'><strong>fuerat</strong></span> <span class='ocrx_word' id='word_1_314' title='bbox 871 3656 1172 3712; x_wconf 86' lang='lat' dir='ltr'><strong>commota,</strong></span> <span class='ocrx_word' id='word_1_315' title='bbox 1215 3646 1311 3700; x_wconf 87' lang='lat' dir='ltr'><strong>sed</strong></span> <span class='ocrx_word' id='word_1_316' title='bbox 1343 3644 1412 3701; x_wconf 89' lang='lat' dir='ltr'><strong>de</strong></span> <span class='ocrx_word' id='word_1_317' title='bbox 1463 3643 2040 3699; x_wconf 88' lang='lat' dir='ltr'><strong>consubstantialitate</strong></span> <span class='ocrx_word' id='word_1_318' title='bbox 2071 3641 2127 3696; x_wconf 91' lang='lat' dir='ltr'><strong>in</strong></span> 
     </span>
    </p>
   </div>
   <div class='ocr_carea' id='block_1_51' title="bbox 541 3733 2126 3808">
    <p class='ocr_par' dir='ltr' id='par_1_51' title="bbox 541 3733 2126 3808">
     <span class='ocr_line' id='line_1_51' title="bbox 541 3733 2126 3808; baseline -0.003 -16"><span class='ocrx_word' id='word_1_319' title='bbox 541 3735 836 3801; x_wconf 83' lang='lat' dir='ltr'><strong>Trinitate,</strong></span> <span class='ocrx_word' id='word_1_320' title='bbox 871 3736 1052 3808; x_wconf 87' lang='lat' dir='ltr'><strong>qualis</strong></span> <span class='ocrx_word' id='word_1_321' title='bbox 1079 3735 1184 3790; x_wconf 84' lang='lat' dir='ltr'><strong>fuit</strong></span> <span class='ocrx_word' id='word_1_322' title='bbox 1210 3735 1424 3791; x_wconf 90' lang='lat' dir='ltr'><strong>insania</strong></span> <span class='ocrx_word' id='word_1_323' title='bbox 1475 3735 1679 3790; x_wconf 88' lang='lat' dir='ltr'><strong>Ariaua</strong></span> <span class='ocrx_word' id='word_1_324' title='bbox 1710 3750 1833 3805; x_wconf 61' lang='lat' dir='ltr'><strong>qum</strong></span> <span class='ocrx_word' id='word_1_325' title='bbox 1854 3742 1986 3788; x_wconf 89' lang='lat' dir='ltr'><strong>tunc</strong></span> <span class='ocrx_word' id='word_1_326' title='bbox 2020 3733 2126 3788; x_wconf 83' lang='lat' dir='ltr'><strong>Ec-</strong></span> 
     </span>
    </p>
   </div>
   <div class='ocr_carea' id='block_1_52' title="bbox 537 3823 2129 3898">
    <p class='ocr_par' dir='ltr' id='par_1_52' title="bbox 537 3823 2129 3898">
     <span class='ocr_line' id='line_1_52' title="bbox 537 3823 2129 3898; baseline -0.004 -14"><span class='ocrx_word' id='word_1_327' title='bbox 537 3828 770 3884; x_wconf 80' lang='lat' dir='ltr'><strong>elesias</strong></span> <span class='ocrx_word' id='word_1_328' title='bbox 807 3827 1176 3898; x_wconf 85' lang='lat' dir='ltr'><strong>perturbavit,</strong></span> <span class='ocrx_word' id='word_1_329' title='bbox 1225 3826 1294 3882; x_wconf 85' lang='lat' dir='ltr'><strong>de</strong></span> <span class='ocrx_word' id='word_1_330' title='bbox 1342 3842 1450 3897; x_wconf 89' lang='lat' dir='ltr'><strong>qua</strong></span> <span class='ocrx_word' id='word_1_331' title='bbox 1480 3841 1609 3880; x_wconf 88' lang='lat' dir='ltr'><strong>vera</strong></span> <span class='ocrx_word' id='word_1_332' title='bbox 1665 3834 1844 3881; x_wconf 81' lang='lat' dir='ltr'><strong>exstat</strong></span> <span class='ocrx_word' id='word_1_333' title='bbox 1894 3823 2129 3895; x_wconf 86' lang='lat' dir='ltr'><strong>epistola</strong></span> 
     </span>
    </p>
   </div>
   <div class='ocr_carea' id='block_1_53' title="bbox 537 3917 2129 3989">
    <p class='ocr_par' dir='ltr' id='par_1_53' title="bbox 537 3917 2129 3989">
     <span class='ocr_line' id='line_1_53' title="bbox 537 3917 2129 3989; baseline -0.002 -15"><span class='ocrx_word' id='word_1_334' title='bbox 537 3921 719 3976; x_wconf 84' lang='lat' dir='ltr'><strong>sancti</strong></span> <span class='ocrx_word' id='word_1_335' title='bbox 736 3921 1020 3976; x_wconf 84' lang='lat' dir='ltr'><strong>Athanasii</strong></span> <span class='ocrx_word' id='word_1_336' title='bbox 1055 3920 1124 3976; x_wconf 90' lang='lat' dir='ltr'><strong>ad</strong></span> <span class='ocrx_word' id='word_1_337' title='bbox 1149 3920 1444 3976; x_wconf 83' lang='lat' dir='ltr'><strong>Jovianum</strong></span> <span class='ocrx_word' id='word_1_338' title='bbox 1477 3919 1705 3988; x_wconf 90' lang='lat' dir='ltr'><strong>scripta,</strong></span> <span class='ocrx_word' id='word_1_339' title='bbox 1730 3919 1891 3989; x_wconf 85' lang='lat' dir='ltr'><strong>cujus</strong></span> <span class='ocrx_word' id='word_1_340' title='bbox 1914 3917 1969 3972; x_wconf 90' lang='lat' dir='ltr'><strong>in</strong></span> <span class='ocrx_word' id='word_1_341' title='bbox 1991 3933 2129 3973; x_wconf 90' lang='lat' dir='ltr'><strong>con-</strong></span> 
     </span>
    </p>
   </div>
   <div class='ocr_carea' id='block_1_54' title="bbox 537 4010 2126 4081">
    <p class='ocr_par' dir='ltr' id='par_1_54' title="bbox 537 4010 2126 4081">
     <span class='ocr_line' id='line_1_54' title="bbox 537 4010 2126 4081; baseline -0.002 -13"><span class='ocrx_word' id='word_1_342' title='bbox 537 4014 704 4070; x_wconf 79' lang='lat' dir='ltr'><strong>cione</strong></span> <span class='ocrx_word' id='word_1_343' title='bbox 755 4013 977 4070; x_wconf 81' lang='lat' dir='ltr'><strong>funebri</strong></span> <span class='ocrx_word' id='word_1_344' title='bbox 1036 4013 1215 4069; x_wconf 87' lang='lat' dir='ltr'><strong>sancti</strong></span> <span class='ocrx_word' id='word_1_345' title='bbox 1265 4011 1552 4067; x_wconf 88' lang='lat' dir='ltr'><strong>Athanasii</strong></span> <span class='ocrx_word' id='word_1_346' title='bbox 1613 4011 1864 4067; x_wconf 87' lang='lat' dir='ltr'><strong>meminit</strong></span> <span class='ocrx_word' id='word_1_347' title='bbox 1913 4010 2126 4081; x_wconf 77' lang='lat' dir='ltr'><strong>Grego-</strong></span> 
     </span>
    </p>
   </div>
   <div class='ocr_carea' id='block_1_55' title="bbox 542 4102 2129 4175">
    <p class='ocr_par' dir='ltr' id='par_1_55' title="bbox 542 4102 2129 4175">
     <span class='ocr_line' id='line_1_55' title="bbox 542 4102 2129 4175; baseline -0.001 -17"><span class='ocrx_word' id='word_1_348' title='bbox 542 4104 664 4160; x_wconf 81' lang='lat' dir='ltr'><strong>rius</strong></span> <span class='ocrx_word' id='word_1_349' title='bbox 689 4103 1026 4175; x_wconf 79' lang='lat' dir='ltr'><strong>Theologus,</strong></span> <span class='ocrx_word' id='word_1_350' title='bbox 1082 4118 1362 4175; x_wconf 86' lang='lat' dir='ltr'><strong>quamque</strong></span> <span class='ocrx_word' id='word_1_351' title='bbox 1409 4104 1681 4174; x_wconf 84' lang='lat' dir='ltr'><strong>integram</strong></span> <span class='ocrx_word' id='word_1_352' title='bbox 1728 4102 1900 4158; x_wconf 88' lang='lat' dir='ltr'><strong>refert</strong></span> <span class='ocrx_word' id='word_1_353' title='bbox 1938 4102 2129 4156; x_wconf 88' lang='lat' dir='ltr'><strong>Timo-</strong></span> 
     </span>
    </p>
   </div>
   <div class='ocr_carea' id='block_1_56' title="bbox 542 4192 2130 4267">
    <p class='ocr_par' dir='ltr' id='par_1_56' title="bbox 542 4192 2130 4267">
     <span class='ocr_line' id='line_1_56' title="bbox 542 4192 2130 4267; baseline -0.003 -15"><span class='ocrx_word' id='word_1_354' title='bbox 542 4197 710 4252; x_wconf 80' lang='lat' dir='ltr'><strong>theus</strong></span> <span class='ocrx_word' id='word_1_355' title='bbox 765 4195 1074 4267; x_wconf 85' lang='lat' dir='ltr'><strong>Apolinarii</strong></span> <span class='ocrx_word' id='word_1_356' title='bbox 1129 4195 1462 4267; x_wconf 87' lang='lat' dir='ltr'><strong>discipulus,</strong></span> <span class='ocrx_word' id='word_1_357' title='bbox 1507 4195 1561 4250; x_wconf 91' lang='lat' dir='ltr'><strong>in</strong></span> <span class='ocrx_word' id='word_1_358' title='bbox 1605 4209 1705 4250; x_wconf 90' lang='lat' dir='ltr'><strong>sua</strong></span> <span class='ocrx_word' id='word_1_359' title='bbox 1759 4193 2016 4258; x_wconf 83' lang='lat' dir='ltr'><strong>historia.</strong></span> <span class='ocrx_word' id='word_1_360' title='bbox 2049 4192 2130 4248; x_wconf 89' lang='lat' dir='ltr'><strong>sic</strong></span> 
     </span>
    </p>
   </div>
   <div class='ocr_carea' id='block_1_57' title="bbox 542 4290 912 4345">
    <p class='ocr_par' dir='ltr' id='par_1_57' title="bbox 542 4290 912 4345">
     <span class='ocr_line' id='line_1_57' title="bbox 542 4290 912 4345; baseline -0.003 -1"><span class='ocrx_word' id='word_1_361' title='bbox 542 4290 912 4345; x_wconf 80' lang='lat' dir='ltr'><strong>habentem...</strong></span> 
     </span>
    </p>
   </div>
   <div class='ocr_carea' id='block_1_58' title="bbox 2227 1787 3808 1861">
    <p class='ocr_par' dir='ltr' id='par_1_58' title="bbox 2227 1787 3808 1861">
     <span class='ocr_line' id='line_1_58' title="bbox 2227 1787 3808 1861; baseline -0.001 -17"><span class='ocrx_word' id='word_1_362' title='bbox 2227 1790 2296 1845; x_wconf 79' lang='grc' dir='ltr'>τὰ</span> <span class='ocrx_word' id='word_1_363' title='bbox 2330 1790 2602 1861; x_wconf 78' lang='grc' dir='ltr'>εἰρημένα</span> <span class='ocrx_word' id='word_1_364' title='bbox 2625 1789 2761 1859; x_wconf 80' lang='grc' dir='ltr'>πρὸς</span> <span class='ocrx_word' id='word_1_365' title='bbox 2789 1787 3017 1859; x_wconf 67' lang='grc' dir='ltr'>ἔλεγχον</span> <span class='ocrx_word' id='word_1_366' title='bbox 3041 1787 3143 1857; x_wconf 79' lang='grc' dir='ltr'>τῆς</span> <span class='ocrx_word' id='word_1_367' title='bbox 3177 1787 3288 1841; x_wconf 83' lang='grc' dir='ltr'><strong>τῶν</strong></span> <span class='ocrx_word' id='word_1_368' title='bbox 3326 1789 3644 1854; x_wconf 80' lang='grc' dir='ltr'>Ἀκεφὰλων</span> <span class='ocrx_word' id='word_1_369' title='bbox 3678 1807 3808 1842; x_wconf 83' lang='grc' dir='ltr'>κακ-</span> 
     </span>
    </p>
   </div>
   <div class='ocr_carea' id='block_1_59' title="bbox 2225 1880 3808 1954">
    <p class='ocr_par' dir='ltr' id='par_1_59' title="bbox 2225 1880 3808 1954">
     <span class='ocr_line' id='line_1_59' title="bbox 2225 1880 3808 1954; baseline -0.002 -18"><span class='ocrx_word' id='word_1_370' title='bbox 2225 1884 2476 1954; x_wconf 87' lang='grc' dir='ltr'>ουργίας.</span> <span class='ocrx_word' id='word_1_371' title='bbox 2534 1882 2684 1953; x_wconf 81' lang='grc' dir='ltr'>Πλὴν</span> <span class='ocrx_word' id='word_1_372' title='bbox 2745 1881 2899 1934; x_wconf 80' lang='grc' dir='ltr'>οὐδὲν</span> <span class='ocrx_word' id='word_1_373' title='bbox 2956 1880 3160 1934; x_wconf 83' lang='grc' dir='ltr'>ἄτοπον</span> <span class='ocrx_word' id='word_1_374' title='bbox 3216 1880 3312 1934; x_wconf 75' lang='grc' dir='ltr'><strong>καὶ</strong></span> <span class='ocrx_word' id='word_1_375' title='bbox 3367 1881 3571 1951; x_wconf 79' lang='grc' dir='ltr'>ἑτέρως</span> <span class='ocrx_word' id='word_1_376' title='bbox 3624 1883 3808 1935; x_wconf 78' lang='grc' dir='ltr'>αὐτῶν</span> 
     </span>
    </p>
   </div>
   <div class='ocr_carea' id='block_1_60' title="bbox 2225 1972 3804 2046">
    <p class='ocr_par' dir='ltr' id='par_1_60' title="bbox 2225 1972 3804 2046">
     <span class='ocr_line' id='line_1_60' title="bbox 2225 1972 3804 2046; baseline -0.002 -18"><span class='ocrx_word' id='word_1_377' title='bbox 2225 1973 2444 2044; x_wconf 79' lang='grc' dir='ltr'>ἐλέγξαι</span> <span class='ocrx_word' id='word_1_378' title='bbox 2497 1975 2594 2046; x_wconf 84' lang='grc' dir='ltr'>τὴν</span> <span class='ocrx_word' id='word_1_379' title='bbox 2653 1973 3009 2045; x_wconf 81' lang='grc' dir='ltr'>κακοήθειαν,</span> <span class='ocrx_word' id='word_1_380' title='bbox 3041 1974 3124 2027; x_wconf 84' lang='grc' dir='ltr'>ὅτι</span> <span class='ocrx_word' id='word_1_381' title='bbox 3175 1975 3209 2042; x_wconf 80' lang='grc' dir='ltr'><strong>ἡ</strong></span> <span class='ocrx_word' id='word_1_382' title='bbox 3262 1972 3361 2043; x_wconf 81' lang='grc' dir='ltr'>μὲν</span> <span class='ocrx_word' id='word_1_383' title='bbox 3417 1975 3804 2044; x_wconf 79' lang='grc' dir='ltr'>προφερομένη</span> 
     </span>
    </p>
   </div>
   <div class='ocr_carea' id='block_1_61' title="bbox 2225 2066 3808 2141">
    <p class='ocr_par' dir='ltr' id='par_1_61' title="bbox 2225 2066 3808 2141">
     <span class='ocr_line' id='line_1_61' title="bbox 2225 2066 3808 2141; baseline -0.002 -19"><span class='ocrx_word' id='word_1_384' title='bbox 2225 2072 2357 2141; x_wconf 79' lang='grc' dir='ltr'>παρ’</span> <span class='ocrx_word' id='word_1_385' title='bbox 2395 2068 2574 2122; x_wconf 71' lang='grc' dir='ltr'>αὐτῶν</span> <span class='ocrx_word' id='word_1_386' title='bbox 2637 2067 2924 2137; x_wconf 80' lang='grc' dir='ltr'>ἐπιστολὴ,</span> <span class='ocrx_word' id='word_1_387' title='bbox 2969 2067 3045 2129; x_wconf 82' lang='grc' dir='ltr'>ὡς</span> <span class='ocrx_word' id='word_1_388' title='bbox 3091 2066 3315 2120; x_wconf 86' lang='grc' dir='ltr'>Ἰουλίου</span> <span class='ocrx_word' id='word_1_389' title='bbox 3357 2066 3518 2136; x_wconf 79' lang='grc' dir='ltr'>δῆθεν</span> <span class='ocrx_word' id='word_1_390' title='bbox 3560 2066 3655 2120; x_wconf 88' lang='grc' dir='ltr'><strong>τοῦ</strong></span> <span class='ocrx_word' id='word_1_391' title='bbox 3691 2070 3808 2121; x_wconf 83' lang='grc' dir='ltr'>ἐπι-</span> 
     </span>
    </p>
   </div>
   <div class='ocr_carea' id='block_1_62' title="bbox 2226 2158 3803 2232">
    <p class='ocr_par' dir='ltr' id='par_1_62' title="bbox 2226 2158 3803 2232">
     <span class='ocr_line' id='line_1_62' title="bbox 2226 2158 3803 2232; baseline -0.001 -16"><span class='ocrx_word' id='word_1_392' title='bbox 2226 2164 2434 2217; x_wconf 87' lang='grc' dir='ltr'>σκόπου</span> <span class='ocrx_word' id='word_1_393' title='bbox 2476 2160 2700 2232; x_wconf 83' lang='grc' dir='ltr'>Ῥώμης</span> <span class='ocrx_word' id='word_1_394' title='bbox 2728 2159 2822 2215; x_wconf 81' lang='grc' dir='ltr'><strong>καὶ</strong></span> <span class='ocrx_word' id='word_1_395' title='bbox 2861 2158 3040 2223; x_wconf 79' lang='grc' dir='ltr'>ἄλλως</span> <span class='ocrx_word' id='word_1_396' title='bbox 3082 2159 3361 2213; x_wconf 76' lang='grc' dir='ltr'>δείκνυται</span> <span class='ocrx_word' id='word_1_397' title='bbox 3415 2159 3803 2230; x_wconf 78' lang='grc' dir='ltr'>πεπλασμένη.</span> 
     </span>
    </p>
   </div>
   <div class='ocr_carea' id='block_1_63' title="bbox 2225 2251 3806 2327">
    <p class='ocr_par' dir='ltr' id='par_1_63' title="bbox 2225 2251 3806 2327">
     <span class='ocr_line' id='line_1_63' title="bbox 2225 2251 3806 2327; baseline -0.004 -17"><span class='ocrx_word' id='word_1_398' title='bbox 2225 2258 2290 2310; x_wconf 78' lang='grc' dir='ltr'><strong>Οἱ</strong></span> <span class='ocrx_word' id='word_1_399' title='bbox 2314 2255 2424 2327; x_wconf 82' lang='grc' dir='ltr'>γὰρ</span> <span class='ocrx_word' id='word_1_400' title='bbox 2462 2255 2632 2326; x_wconf 75' lang='grc' dir='ltr'>ἱερεῖς</span> <span class='ocrx_word' id='word_1_401' title='bbox 2657 2255 2756 2324; x_wconf 82' lang='grc' dir='ltr'>τῆς</span> <span class='ocrx_word' id='word_1_402' title='bbox 2789 2252 3170 2324; x_wconf 75' lang='grc' dir='ltr'>πρεσόυτέρας</span> <span class='ocrx_word' id='word_1_403' title='bbox 3214 2251 3436 2323; x_wconf 85' lang='grc' dir='ltr'>Ῥώμης</span> <span class='ocrx_word' id='word_1_404' title='bbox 3469 2255 3534 2323; x_wconf 80' lang='grc' dir='ltr'>τῇ</span> <span class='ocrx_word' id='word_1_405' title='bbox 3569 2253 3806 2306; x_wconf 85' lang='grc' dir='ltr'>ἀποστο-</span> 
     </span>
    </p>
   </div>
   <div class='ocr_carea' id='block_1_64' title="bbox 2225 2345 3807 2422">
    <p class='ocr_par' dir='ltr' id='par_1_64' title="bbox 2225 2345 3807 2422">
     <span class='ocr_line' id='line_1_64' title="bbox 2225 2345 3807 2422; baseline -0.002 -20"><span class='ocrx_word' id='word_1_406' title='bbox 2225 2350 2349 2422; x_wconf 81' lang='grc' dir='ltr'>λικῇ</span> <span class='ocrx_word' id='word_1_407' title='bbox 2385 2349 2474 2403; x_wconf 85' lang='grc' dir='ltr'><strong>διὰ</strong></span> <span class='ocrx_word' id='word_1_408' title='bbox 2513 2348 2742 2406; x_wconf 73' lang='grc' dir='ltr'>πάντων</span> <span class='ocrx_word' id='word_1_409' title='bbox 2789 2345 3261 2417; x_wconf 82' lang='grc' dir='ltr'>ἀκολουθήσαντες</span> <span class='ocrx_word' id='word_1_410' title='bbox 3313 2345 3634 2417; x_wconf 84' lang='grc' dir='ltr'>παραδόσει,</span> <span class='ocrx_word' id='word_1_411' title='bbox 3662 2346 3807 2399; x_wconf 79' lang='grc' dir='ltr'>οὐδέ-</span> 
     </span>
    </p>
   </div>
   <div class='ocr_carea' id='block_1_65' title="bbox 2226 2434 3805 2512">
    <p class='ocr_par' dir='ltr' id='par_1_65' title="bbox 2226 2434 3805 2512">
     <span class='ocr_line' id='line_1_65' title="bbox 2226 2434 3805 2512; baseline -0.004 -18"><span class='ocrx_word' id='word_1_412' title='bbox 2226 2458 2359 2494; x_wconf 86' lang='grc' dir='ltr'>ποτε</span> <span class='ocrx_word' id='word_1_413' title='bbox 2387 2440 2524 2512; x_wconf 79' lang='grc' dir='ltr'>πρὸς</span> <span class='ocrx_word' id='word_1_414' title='bbox 2556 2437 2822 2508; x_wconf 75' lang='grc' dir='ltr'>ἀλλήλους</span> <span class='ocrx_word' id='word_1_415' title='bbox 2845 2434 3372 2506; x_wconf 79' lang='grc' dir='ltr'>διεφώνησαν,,ῥιλλὰ</span> <span class='ocrx_word' id='word_1_416' title='bbox 3394 2437 3492 2502; x_wconf 83' lang='grc' dir='ltr'>τὴν</span> <span class='ocrx_word' id='word_1_417' title='bbox 3520 2434 3687 2506; x_wconf 73' lang='grc' dir='ltr'>ὀρθὴν</span> <span class='ocrx_word' id='word_1_418' title='bbox 3716 2439 3805 2488; x_wconf 74' lang='grc' dir='ltr'><strong>καὶ</strong></span> 
     </span>
    </p>
   </div>
   <div class='ocr_carea' id='block_1_66' title="bbox 2225 2526 3801 2604">
    <p class='ocr_par' dir='ltr' id='par_1_66' title="bbox 2225 2526 3801 2604">
     <span class='ocr_line' id='line_1_66' title="bbox 2225 2526 3801 2604; baseline -0.004 -17"><span class='ocrx_word' id='word_1_419' title='bbox 2225 2533 2487 2604; x_wconf 82' lang='grc' dir='ltr'>ἀληθινὴν</span> <span class='ocrx_word' id='word_1_420' title='bbox 2546 2531 2710 2601; x_wconf 79' lang='grc' dir='ltr'>μέχρι</span> <span class='ocrx_word' id='word_1_421' title='bbox 2792 2529 3036 2598; x_wconf 87' lang='grc' dir='ltr'>σήμερον</span> <span class='ocrx_word' id='word_1_422' title='bbox 3102 2526 3431 2596; x_wconf 80' lang='grc' dir='ltr'>διεφύλαξαν</span> <span class='ocrx_word' id='word_1_423' title='bbox 3484 2527 3645 2592; x_wconf 82' lang='grc' dir='ltr'>δόξαν</span> <span class='ocrx_word' id='word_1_424' title='bbox 3703 2528 3801 2598; x_wconf 80' lang='lat'><strong>(3).</strong></span> 
     </span>
    </p>
   </div>
   <div class='ocr_carea' id='block_1_67' title="bbox 2230 2619 3806 2691">
    <p class='ocr_par' dir='ltr' id='par_1_67' title="bbox 2230 2619 3806 2691">
     <span class='ocr_line' id='line_1_67' title="bbox 2230 2619 3806 2691; baseline -0.006 -10"><span class='ocrx_word' id='word_1_425' title='bbox 2230 2629 2465 2682; x_wconf 82' lang='grc' dir='ltr'>Ἔπειτα</span> <span class='ocrx_word' id='word_1_426' title='bbox 2499 2624 2557 2678; x_wconf 85' lang='grc' dir='ltr'>δὲ</span> <span class='ocrx_word' id='word_1_427' title='bbox 2607 2623 2684 2686; x_wconf 86' lang='grc' dir='ltr'>ὼς</span> <span class='ocrx_word' id='word_1_428' title='bbox 2728 2622 2832 2676; x_wconf 73' lang='grc' dir='ltr'>οὐκ</span> <span class='ocrx_word' id='word_1_429' title='bbox 2873 2620 2996 2684; x_wconf 78' lang='grc' dir='ltr'>ἔθος</span> <span class='ocrx_word' id='word_1_430' title='bbox 3023 2620 3142 2674; x_wconf 77' lang='grc' dir='ltr'>ἐστὶ</span> <span class='ocrx_word' id='word_1_431' title='bbox 3171 2619 3250 2691; x_wconf 82' lang='grc' dir='ltr'>τῷ</span> <span class='ocrx_word' id='word_1_432' title='bbox 3287 2620 3390 2690; x_wconf 85' lang='grc' dir='ltr'>τῆς</span> <span class='ocrx_word' id='word_1_433' title='bbox 3424 2621 3806 2691; x_wconf 79' lang='grc' dir='ltr'>πρεσϐυτέρας</span> 
     </span>
    </p>
   </div>
   <div class='ocr_carea' id='block_1_68' title="bbox 2239 2712 3807 2789">
    <p class='ocr_par' dir='ltr' id='par_1_68' title="bbox 2239 2712 3807 2789">
     <span class='ocr_line' id='line_1_68' title="bbox 2239 2712 3807 2789; baseline -0.004 -18"><span class='ocrx_word' id='word_1_434' title='bbox 2239 2717 2458 2789; x_wconf 81' lang='grc' dir='ltr'>Ῥώμης</span> <span class='ocrx_word' id='word_1_435' title='bbox 2493 2716 2811 2788; x_wconf 81' lang='grc' dir='ltr'>πατριάρχῃ</span> <span class='ocrx_word' id='word_1_436' title='bbox 2842 2714 3122 2784; x_wconf 76' lang='grc' dir='ltr'>ἐπιγραφῇ</span> <span class='ocrx_word' id='word_1_437' title='bbox 3155 2712 3384 2783; x_wconf 85' lang='grc' dir='ltr'>τοιαύτῃ</span> <span class='ocrx_word' id='word_1_438' title='bbox 3416 2713 3656 2784; x_wconf 77' lang='grc' dir='ltr'>χρῆσθαι</span> <span class='ocrx_word' id='word_1_439' title='bbox 3690 2714 3807 2768; x_wconf 83' lang='grc' dir='ltr'>οἵαν</span> 
     </span>
    </p>
   </div>
   <div class='ocr_carea' id='block_1_69' title="bbox 2225 2806 3807 2884">
    <p class='ocr_par' dir='ltr' id='par_1_69' title="bbox 2225 2806 3807 2884">
     <span class='ocr_line' id='line_1_69' title="bbox 2225 2806 3807 2884; baseline 0.009 -37"><span class='ocrx_word' id='word_1_440' title='bbox 2225 2807 2375 2867; x_wconf 65' lang='grc' dir='ltr'><strong>οὗτοι</strong></span> <span class='ocrx_word' id='word_1_441' title='bbox 2419 2810 2812 2884; x_wconf 75' lang='grc' dir='ltr'>προφέρουσιν,</span> <span class='ocrx_word' id='word_1_442' title='bbox 2851 2808 2913 2861; x_wconf 87' lang='grc' dir='ltr'>οὐ</span> <span class='ocrx_word' id='word_1_443' title='bbox 2943 2807 3180 2878; x_wconf 86' lang='grc' dir='ltr'>λέγομεν</span> <span class='ocrx_word' id='word_1_444' title='bbox 3205 2806 3344 2879; x_wconf 75' lang='grc' dir='ltr'>πρὸς</span> <span class='ocrx_word' id='word_1_445' title='bbox 3374 2807 3807 2879; x_wconf 79' lang='grc' dir='ltr'>πρεσδυτέρους,</span> 
     </span>
    </p>
   </div>
   <div class='ocr_carea' id='block_1_70' title="bbox 2226 2899 3806 2977">
    <p class='ocr_par' dir='ltr' id='par_1_70' title="bbox 2226 2899 3806 2977">
     <span class='ocr_line' id='line_1_70' title="bbox 2226 2899 3806 2977; baseline -0.004 -17"><span class='ocrx_word' id='word_1_446' title='bbox 2226 2907 2417 2977; x_wconf 82' lang='grc' dir='ltr'>ὥσπερ</span> <span class='ocrx_word' id='word_1_447' title='bbox 2447 2903 2608 2959; x_wconf 72' lang='grc' dir='ltr'>αὐτοὶ</span> <span class='ocrx_word' id='word_1_448' title='bbox 2637 2902 3097 2972; x_wconf 79' lang='grc' dir='ltr'>συκοφαντοῦσιν,</span> <span class='ocrx_word' id='word_1_449' title='bbox 3129 2899 3245 2954; x_wconf 82' lang='grc' dir='ltr'>ἁλλ’</span> <span class='ocrx_word' id='word_1_450' title='bbox 3269 2900 3394 2954; x_wconf 79' lang='grc' dir='ltr'>οὔτε</span> <span class='ocrx_word' id='word_1_451' title='bbox 3423 2900 3559 2973; x_wconf 73' lang='grc' dir='ltr'>πρὸς</span> <span class='ocrx_word' id='word_1_452' title='bbox 3582 2901 3806 2955; x_wconf 78' lang='grc' dir='ltr'>ἐπισκό-</span> 
     </span>
    </p>
   </div>
   <div class='ocr_carea' id='block_1_71' title="bbox 2228 2993 3811 3067">
    <p class='ocr_par' dir='ltr' id='par_1_71' title="bbox 2228 2993 3811 3067">
     <span class='ocr_line' id='line_1_71' title="bbox 2228 2993 3811 3067; baseline -0.004 -14"><span class='ocrx_word' id='word_1_453' title='bbox 2228 3017 2389 3063; x_wconf 89' lang='grc' dir='ltr'>πους,</span> <span class='ocrx_word' id='word_1_454' title='bbox 2427 2997 2551 3052; x_wconf 73' lang='grc' dir='ltr'>οὔτε</span> <span class='ocrx_word' id='word_1_455' title='bbox 2589 2995 2727 3067; x_wconf 77' lang='grc' dir='ltr'>πρὸς</span> <span class='ocrx_word' id='word_1_456' title='bbox 2765 2995 2965 3057; x_wconf 77' lang='grc' dir='ltr'>αὐτοὺς</span> <span class='ocrx_word' id='word_1_457' title='bbox 2999 2993 3369 3065; x_wconf 83' lang='grc' dir='ltr'>πατριάρχας.</span> <span class='ocrx_word' id='word_1_458' title='bbox 3406 2993 3604 3063; x_wconf 79' lang='grc' dir='ltr'>Τρίτον</span> <span class='ocrx_word' id='word_1_459' title='bbox 3631 2993 3689 3047; x_wconf 81' lang='grc' dir='ltr'>δὲ</span> <span class='ocrx_word' id='word_1_460' title='bbox 3726 2994 3811 3047; x_wconf 81' lang='grc' dir='ltr'>ὅτι</span> 
     </span>
    </p>
   </div>
   <div class='ocr_carea' id='block_1_72' title="bbox 2229 3086 3813 3161">
    <p class='ocr_par' dir='ltr' id='par_1_72' title="bbox 2229 3086 3813 3161">
     <span class='ocr_line' id='line_1_72' title="bbox 2229 3086 3813 3161; baseline -0.004 -15"><span class='ocrx_word' id='word_1_461' title='bbox 2229 3094 2326 3146; x_wconf 68' lang='grc' dir='ltr'><strong>καὶ</strong></span> <span class='ocrx_word' id='word_1_462' title='bbox 2370 3090 2690 3161; x_wconf 75' lang='grc' dir='ltr'>πέμψαντες</span> <span class='ocrx_word' id='word_1_463' title='bbox 2723 3090 2805 3152; x_wconf 84' lang='grc' dir='ltr'>εἰς</span> <span class='ocrx_word' id='word_1_464' title='bbox 2845 3087 2913 3140; x_wconf 84' lang='grc' dir='ltr'>τὰ</span> <span class='ocrx_word' id='word_1_465' title='bbox 2951 3087 3148 3157; x_wconf 86' lang='grc' dir='ltr'>ἀρχεῖα</span> <span class='ocrx_word' id='word_1_466' title='bbox 3190 3086 3289 3139; x_wconf 87' lang='grc' dir='ltr'><strong>τοῦ</strong></span> <span class='ocrx_word' id='word_1_467' title='bbox 3321 3086 3679 3140; x_wconf 82' lang='grc' dir='ltr'>ἐπισκοπείου</span> <span class='ocrx_word' id='word_1_468' title='bbox 3710 3087 3813 3157; x_wconf 76' lang='grc' dir='ltr'><strong>τῆς</strong></span> 
     </span>
    </p>
   </div>
   <div class='ocr_carea' id='block_1_73' title="bbox 2228 3176 3812 3256">
    <p class='ocr_par' dir='ltr' id='par_1_73' title="bbox 2228 3176 3812 3256">
     <span class='ocr_line' id='line_1_73' title="bbox 2228 3176 3812 3256; baseline -0.004 -18"><span class='ocrx_word' id='word_1_469' title='bbox 2228 3183 2609 3256; x_wconf 77' lang='grc' dir='ltr'>πρεσϐυτέρας</span> <span class='ocrx_word' id='word_1_470' title='bbox 2657 3179 2897 3251; x_wconf 84' lang='grc' dir='ltr'>Ῥώμης,</span> <span class='ocrx_word' id='word_1_471' title='bbox 2941 3176 3096 3232; x_wconf 81' lang='grc' dir='ltr'>οὐδὲν</span> <span class='ocrx_word' id='word_1_472' title='bbox 3141 3176 3354 3231; x_wconf 89' lang='grc' dir='ltr'>τοιοῦτο</span> <span class='ocrx_word' id='word_1_473' title='bbox 3397 3179 3549 3250; x_wconf 75' lang='grc' dir='ltr'>παρὰ</span> <span class='ocrx_word' id='word_1_474' title='bbox 3591 3177 3812 3232; x_wconf 84' lang='grc' dir='ltr'>Ἰουλίου</span> 
     </span>
    </p>
   </div>
   <div class='ocr_carea' id='block_1_74' title="bbox 2226 3271 3814 3348">
    <p class='ocr_par' dir='ltr' id='par_1_74' title="bbox 2226 3271 3814 3348">
     <span class='ocr_line' id='line_1_74' title="bbox 2226 3271 3814 3348; baseline -0.004 -17"><span class='ocrx_word' id='word_1_475' title='bbox 2226 3276 2326 3331; x_wconf 90' lang='grc' dir='ltr'><strong>τοῦ</strong></span> <span class='ocrx_word' id='word_1_476' title='bbox 2352 3277 2453 3348; x_wconf 83' lang='grc' dir='ltr'><strong>τῆς</strong></span> <span class='ocrx_word' id='word_1_477' title='bbox 2497 3275 2650 3338; x_wconf 86' lang='grc' dir='ltr'>ὁσίας</span> <span class='ocrx_word' id='word_1_478' title='bbox 2686 3274 2910 3345; x_wconf 82' lang='grc' dir='ltr'>μνήμης</span> <span class='ocrx_word' id='word_1_479' title='bbox 2939 3271 3330 3342; x_wconf 80' lang='grc' dir='ltr'>γεγραμμένον</span> <span class='ocrx_word' id='word_1_480' title='bbox 3356 3271 3613 3341; x_wconf 80' lang='grc' dir='ltr'>εῦρομεν.</span> <span class='ocrx_word' id='word_1_481' title='bbox 3661 3272 3725 3326; x_wconf 85' lang='grc' dir='ltr'><strong>Ἦ</strong></span> <span class='ocrx_word' id='word_1_482' title='bbox 3756 3272 3814 3325; x_wconf 79' lang='grc' dir='ltr'>δὲ</span> 
     </span>
    </p>
   </div>
   <div class='ocr_carea' id='block_1_75' title="bbox 2225 3359 3814 3436">
    <p class='ocr_par' dir='ltr' id='par_1_75' title="bbox 2225 3359 3814 3436">
     <span class='ocr_line' id='line_1_75' title="bbox 2225 3359 3814 3436; baseline -0.001 -19"><span class='ocrx_word' id='word_1_483' title='bbox 2225 3365 2301 3430; x_wconf 85' lang='grc' dir='ltr'>ὼς</span> <span class='ocrx_word' id='word_1_484' title='bbox 2331 3364 2486 3436; x_wconf 81' lang='grc' dir='ltr'><strong>παρὰ</strong></span> <span class='ocrx_word' id='word_1_485' title='bbox 2527 3361 2855 3417; x_wconf 74' lang='grc' dir='ltr'>’Δθανασίου</span> <span class='ocrx_word' id='word_1_486' title='bbox 2905 3359 2999 3414; x_wconf 92' lang='grc' dir='ltr'><strong>τοῦ</strong></span> <span class='ocrx_word' id='word_1_487' title='bbox 3050 3362 3108 3413; x_wconf 89' lang='grc' dir='ltr'><strong>ἐν</strong></span> <span class='ocrx_word' id='word_1_488' title='bbox 3160 3360 3343 3429; x_wconf 78' lang='grc' dir='ltr'>ἁγίοις</span> <span class='ocrx_word' id='word_1_489' title='bbox 3382 3361 3518 3432; x_wconf 87' lang='grc' dir='ltr'>πρὸς</span> <span class='ocrx_word' id='word_1_490' title='bbox 3558 3361 3814 3416; x_wconf 76' lang='grc' dir='ltr'>Ἰοὸιανδν</span> 
     </span>
    </p>
   </div>
   <div class='ocr_carea' id='block_1_76' title="bbox 2229 3452 3814 3526">
    <p class='ocr_par' dir='ltr' id='par_1_76' title="bbox 2229 3452 3814 3526">
     <span class='ocr_line' id='line_1_76' title="bbox 2229 3452 3814 3526; baseline -0.003 -15"><span class='ocrx_word' id='word_1_491' title='bbox 2229 3457 2320 3511; x_wconf 83' lang='grc' dir='ltr'>ὑπ’</span> <span class='ocrx_word' id='word_1_492' title='bbox 2350 3456 2532 3510; x_wconf 83' lang='grc' dir='ltr'>αὐτῶν</span> <span class='ocrx_word' id='word_1_493' title='bbox 2574 3454 2985 3526; x_wconf 84' lang='grc' dir='ltr'>προφερομένη,</span> <span class='ocrx_word' id='word_1_494' title='bbox 3021 3452 3238 3517; x_wconf 86' lang='grc' dir='ltr'>πολλοῖς</span> <span class='ocrx_word' id='word_1_495' title='bbox 3267 3452 3550 3524; x_wconf 77' lang='grc' dir='ltr'>ἐλέγχεται</span> <span class='ocrx_word' id='word_1_496' title='bbox 3579 3455 3814 3526; x_wconf 88' lang='grc' dir='ltr'>τρόποις</span> 
     </span>
    </p>
   </div>
   <div class='ocr_carea' id='block_1_77' title="bbox 2227 3543 3815 3618">
    <p class='ocr_par' dir='ltr' id='par_1_77' title="bbox 2227 3543 3815 3618">
     <span class='ocr_line' id='line_1_77' title="bbox 2227 3543 3815 3618; baseline 0 -18"><span class='ocrx_word' id='word_1_497' title='bbox 2227 3547 2429 3618; x_wconf 77' lang='grc' dir='ltr'>ψευδὴς</span> <span class='ocrx_word' id='word_1_498' title='bbox 2459 3546 2776 3600; x_wconf 82' lang='grc' dir='ltr'>παντάπασι</span> <span class='ocrx_word' id='word_1_499' title='bbox 2816 3544 3178 3599; x_wconf 71' lang='grc' dir='ltr'><strong>καθεστῶσα⁶</strong></span> <span class='ocrx_word' id='word_1_500' title='bbox 3210 3543 3338 3598; x_wconf 83' lang='grc' dir='ltr'>οῦτε</span> <span class='ocrx_word' id='word_1_501' title='bbox 3385 3546 3495 3616; x_wconf 73' lang='grc' dir='ltr'>γὰρ</span> <span class='ocrx_word' id='word_1_502' title='bbox 3540 3547 3815 3600; x_wconf 79' lang='grc' dir='ltr'>ἐπιστολι-</span> 
     </span>
    </p>
   </div>
   <div class='ocr_carea' id='block_1_78' title="bbox 2233 3639 3813 3713">
    <p class='ocr_par' dir='ltr' id='par_1_78' title="bbox 2233 3639 3813 3713">
     <span class='ocr_line' id='line_1_78' title="bbox 2233 3639 3813 3713; baseline -0.001 -18"><span class='ocrx_word' id='word_1_503' title='bbox 2233 3643 2393 3713; x_wconf 86' lang='grc' dir='ltr'>μαῖυν</span> <span class='ocrx_word' id='word_1_504' title='bbox 2419 3641 2532 3712; x_wconf 75' lang='grc' dir='ltr'>ἔχει</span> <span class='ocrx_word' id='word_1_505' title='bbox 2566 3640 2918 3712; x_wconf 77' lang='grc' dir='ltr'><strong>χαρακτῆρα⁹</strong></span> <span class='ocrx_word' id='word_1_506' title='bbox 2950 3639 3075 3694; x_wconf 70' lang='grc' dir='ltr'>οὔτε</span> <span class='ocrx_word' id='word_1_507' title='bbox 3116 3640 3407 3713; x_wconf 83' lang='grc' dir='ltr'>πρεπούσῃ</span> <span class='ocrx_word' id='word_1_508' title='bbox 3457 3640 3670 3712; x_wconf 85' lang='grc' dir='ltr'>βασιλεῖ</span> <span class='ocrx_word' id='word_1_509' title='bbox 3706 3644 3813 3696; x_wconf 74' lang='grc' dir='ltr'>ὑπι-</span> 
     </span>
    </p>
   </div>
   <div class='ocr_carea' id='block_1_79' title="bbox 2231 3731 3812 3805">
    <p class='ocr_par' dir='ltr' id='par_1_79' title="bbox 2231 3731 3812 3805">
     <span class='ocr_line' id='line_1_79' title="bbox 2231 3731 3812 3805; baseline 0 -19"><span class='ocrx_word' id='word_1_510' title='bbox 2231 3733 2434 3805; x_wconf 68' lang='grc' dir='ltr'>αγορία</span> <span class='ocrx_word' id='word_1_511' title='bbox 2493 3732 2854 3786; x_wconf 84' lang='grc' dir='ltr'>συντέθειται.</span> <span class='ocrx_word' id='word_1_512' title='bbox 2898 3731 3037 3786; x_wconf 78' lang='grc' dir='ltr'>Ἀλλ’</span> <span class='ocrx_word' id='word_1_513' title='bbox 3070 3732 3192 3785; x_wconf 86' lang='grc' dir='ltr'><strong>ούδέ</strong></span> <span class='ocrx_word' id='word_1_514' title='bbox 3238 3733 3332 3786; x_wconf 80' lang='grc' dir='ltr'>ἐπὶ</span> <span class='ocrx_word' id='word_1_515' title='bbox 3387 3732 3496 3786; x_wconf 83' lang='grc' dir='ltr'>τῶν</span> <span class='ocrx_word' id='word_1_516' title='bbox 3551 3732 3812 3788; x_wconf 77' lang='grc' dir='ltr'>’Ῑοὸιανοῦ</span> 
     </span>
    </p>
   </div>
   <div class='ocr_carea' id='block_1_80' title="bbox 2231 3823 3818 3896">
    <p class='ocr_par' dir='ltr' id='par_1_80' title="bbox 2231 3823 3818 3896">
     <span class='ocr_line' id='line_1_80' title="bbox 2231 3823 3818 3896; baseline -0.001 -18"><span class='ocrx_word' id='word_1_517' title='bbox 2231 3825 2440 3896; x_wconf 84' lang='grc' dir='ltr'>χρόνων</span> <span class='ocrx_word' id='word_1_518' title='bbox 2472 3825 2602 3895; x_wconf 79' lang='grc' dir='ltr'>περὶ</span> <span class='ocrx_word' id='word_1_519' title='bbox 2623 3825 2723 3894; x_wconf 82' lang='grc' dir='ltr'>τῆς</span> <span class='ocrx_word' id='word_1_520' title='bbox 2750 3823 3219 3895; x_wconf 79' lang='grc' dir='ltr'>ἐνανθρωπήσεως</span> <span class='ocrx_word' id='word_1_521' title='bbox 3239 3823 3334 3877; x_wconf 89' lang='grc' dir='ltr'><strong>τοῦ</strong></span> <span class='ocrx_word' id='word_1_522' title='bbox 3361 3825 3566 3896; x_wconf 81' lang='grc' dir='ltr'>Κυρίου</span> <span class='ocrx_word' id='word_1_523' title='bbox 3608 3826 3818 3895; x_wconf 77' lang='grc' dir='ltr'>ἀμφισ-</span> 
     </span>
    </p>
   </div>
   <div class='ocr_carea' id='block_1_81' title="bbox 2231 3915 3816 3991">
    <p class='ocr_par' dir='ltr' id='par_1_81' title="bbox 2231 3915 3816 3991">
     <span class='ocr_line' id='line_1_81' title="bbox 2231 3915 3816 3991; baseline 0 -20"><span class='ocrx_word' id='word_1_524' title='bbox 2231 3918 2462 3990; x_wconf 73' lang='grc' dir='ltr'>ϐήτησίς</span> <span class='ocrx_word' id='word_1_525' title='bbox 2517 3935 2602 3982; x_wconf 90' lang='grc' dir='ltr'><strong>τις</strong></span> <span class='ocrx_word' id='word_1_526' title='bbox 2660 3915 2966 3988; x_wconf 80' lang='grc' dir='ltr'>ἐκεκίνητο,</span> <span class='ocrx_word' id='word_1_527' title='bbox 2993 3917 3130 3970; x_wconf 89' lang='grc' dir='ltr'><strong>ἁλλὰ</strong></span> <span class='ocrx_word' id='word_1_528' title='bbox 3161 3918 3292 3988; x_wconf 77' lang='grc' dir='ltr'>περὶ</span> <span class='ocrx_word' id='word_1_529' title='bbox 3320 3917 3422 3988; x_wconf 80' lang='grc' dir='ltr'>τῆς</span> <span class='ocrx_word' id='word_1_530' title='bbox 3469 3920 3529 3971; x_wconf 78' lang='grc' dir='ltr'><strong>ἐν</strong></span> <span class='ocrx_word' id='word_1_531' title='bbox 3581 3921 3648 3990; x_wconf 78' lang='grc' dir='ltr'>τῇ</span> <span class='ocrx_word' id='word_1_532' title='bbox 3683 3920 3816 3991; x_wconf 61' lang='grc' dir='ltr'>ἁγίᾳ</span> 
     </span>
    </p>
   </div>
   <div class='ocr_carea' id='block_1_82' title="bbox 2231 4003 3816 4084">
    <p class='ocr_par' dir='ltr' id='par_1_82' title="bbox 2231 4003 3816 4084">
     <span class='ocr_line' id='line_1_82' title="bbox 2231 4003 3816 4084; baseline 0 -18"><span class='ocrx_word' id='word_1_533' title='bbox 2231 4012 2424 4083; x_wconf 73' lang='grc' dir='ltr'>Τριὰδι</span> <span class='ocrx_word' id='word_1_534' title='bbox 2462 4011 2879 4081; x_wconf 79' lang='grc' dir='ltr'>όμουσιότητος,</span> <span class='ocrx_word' id='word_1_535' title='bbox 2918 4003 3007 4064; x_wconf 80' lang='grc' dir='ltr'>οἷα</span> <span class='ocrx_word' id='word_1_536' title='bbox 3045 4011 3148 4082; x_wconf 78' lang='grc' dir='ltr'>τῆς</span> <span class='ocrx_word' id='word_1_537' title='bbox 3213 4011 3565 4084; x_wconf 77' lang='grc' dir='ltr'>’Δρειανικῆς</span> <span class='ocrx_word' id='word_1_538' title='bbox 3617 4015 3816 4082; x_wconf 80' lang='grc' dir='ltr'>μανίας</span> 
     </span>
    </p>
   </div>
   <div class='ocr_carea' id='block_1_83' title="bbox 2208 4102 3818 4180">
    <p class='ocr_par' dir='ltr' id='par_1_83' title="bbox 2208 4102 3818 4180">
     <span class='ocr_line' id='line_1_83' title="bbox 2208 4102 3818 4180; baseline 0.001 -22"><span class='ocrx_word' id='word_1_539' title='bbox 2208 4103 2537 4175; x_wconf 70' lang='grc' dir='ltr'>τηνικαῦτα</span> <span class='ocrx_word' id='word_1_540' title='bbox 2565 4107 2685 4167; x_wconf 84' lang='grc' dir='ltr'>ταῖς</span> <span class='ocrx_word' id='word_1_541' title='bbox 2725 4103 3079 4174; x_wconf 84' lang='grc' dir='ltr'>Ἐκκλησίαις</span> <span class='ocrx_word' id='word_1_542' title='bbox 3122 4104 3423 4174; x_wconf 79' lang='grc' dir='ltr'>ὀχλούσης’</span> <span class='ocrx_word' id='word_1_543' title='bbox 3455 4108 3587 4178; x_wconf 76' lang='grc' dir='ltr'>περὶ</span> <span class='ocrx_word' id='word_1_544' title='bbox 3621 4102 3687 4180; x_wconf 76' lang='grc' dir='ltr'>ἦς</span> <span class='ocrx_word' id='word_1_545' title='bbox 3721 4109 3818 4160; x_wconf 67' lang='grc' dir='ltr'><strong>καὶ</strong></span> 
     </span>
    </p>
   </div>
   <div class='ocr_carea' id='block_1_84' title="bbox 2232 4195 3818 4268">
    <p class='ocr_par' dir='ltr' id='par_1_84' title="bbox 2232 4195 3818 4268">
     <span class='ocr_line' id='line_1_84' title="bbox 2232 4195 3818 4268; baseline 0.004 -20"><span class='ocrx_word' id='word_1_546' title='bbox 2232 4197 2266 4266; x_wconf 80' lang='grc' dir='ltr'><strong>ἡ</strong></span> <span class='ocrx_word' id='word_1_547' title='bbox 2321 4195 2534 4267; x_wconf 79' lang='grc' dir='ltr'>ἀληθὴς</span> <span class='ocrx_word' id='word_1_548' title='bbox 2590 4195 2850 4268; x_wconf 86' lang='grc' dir='ltr'>ἐπιστολὴ</span> <span class='ocrx_word' id='word_1_549' title='bbox 2900 4196 2993 4249; x_wconf 84' lang='grc' dir='ltr'><strong>τοῦ</strong></span> <span class='ocrx_word' id='word_1_550' title='bbox 3022 4197 3078 4250; x_wconf 89' lang='grc' dir='ltr'>ἐν</span> <span class='ocrx_word' id='word_1_551' title='bbox 3109 4197 3286 4265; x_wconf 86' lang='grc' dir='ltr'>ἁγίοις</span> <span class='ocrx_word' id='word_1_552' title='bbox 3326 4199 3651 4254; x_wconf 82' lang='grc' dir='ltr'>Ἀθανασίου</span> <span class='ocrx_word' id='word_1_553' title='bbox 3679 4201 3818 4268; x_wconf 78' lang='grc' dir='ltr'>πρὸς</span> 
     </span>
    </p>
   </div>
   <div class='ocr_carea' id='block_1_85' title="bbox 2245 4285 3819 4365">
    <p class='ocr_par' dir='ltr' id='par_1_85' title="bbox 2245 4285 3819 4365">
     <span class='ocr_line' id='line_1_85' title="bbox 2245 4285 3819 4365; baseline 0.001 -23"><span class='ocrx_word' id='word_1_554' title='bbox 2245 4287 2505 4342; x_wconf 77' lang='grc' dir='ltr'>Ἰοὸιανὸν</span> <span class='ocrx_word' id='word_1_555' title='bbox 2558 4288 2924 4361; x_wconf 85' lang='grc' dir='ltr'>γεγραμμένη</span> <span class='ocrx_word' id='word_1_556' title='bbox 2977 4285 3290 4365; x_wconf 80' lang='grc' dir='ltr'>φέρεται,ᾖ</span> <span class='ocrx_word' id='word_1_557' title='bbox 3331 4294 3423 4345; x_wconf 80' lang='grc' dir='ltr'>καὶ</span> <span class='ocrx_word' id='word_1_558' title='bbox 3457 4293 3759 4364; x_wconf 82' lang='grc' dir='ltr'>Γρηγόριος</span> <span class='ocrx_word' id='word_1_559' title='bbox 3789 4294 3819 4344; x_wconf 88' lang='grc' dir='ltr'><strong>δ</strong></span> 
     </span>
    </p>
   </div>
   <div class='ocr_carea' id='block_1_86' title="bbox 538 4375 3817 4458">
    <p class='ocr_par' dir='ltr' id='par_1_86' title="bbox 538 4375 3817 4458">
     <span class='ocr_line' id='line_1_86' title="bbox 538 4375 3817 4458; baseline 0.001 -22"><span class='ocrx_word' id='word_1_560' title='bbox 538 4382 809 4452; x_wconf 74' lang='grc' dir='ltr'>θεολόγος</span> <span class='ocrx_word' id='word_1_561' title='bbox 865 4385 924 4436; x_wconf 88' lang='grc' dir='ltr'><strong>ἐν</strong></span> <span class='ocrx_word' id='word_1_562' title='bbox 973 4379 1054 4452; x_wconf 80' lang='grc' dir='ltr'>τῷ</span> <span class='ocrx_word' id='word_1_563' title='bbox 1105 4379 1380 4447; x_wconf 74' lang='grc' dir='ltr'>ἐπιταφίῳ</span> <span class='ocrx_word' id='word_1_564' title='bbox 1447 4375 1542 4431; x_wconf 76' lang='grc' dir='ltr'><strong>τοῦ</strong></span> <span class='ocrx_word' id='word_1_565' title='bbox 1587 4377 1743 4445; x_wconf 83' lang='grc' dir='ltr'>ἁγίου</span> <span class='ocrx_word' id='word_1_566' title='bbox 1804 4377 2125 4434; x_wconf 86' lang='grc' dir='ltr'>Ἀθανασίου</span> <span class='ocrx_word' id='word_1_567' title='bbox 2187 4385 2482 4453; x_wconf 85' lang='grc' dir='ltr'>μαρτυρεῖ,</span> <span class='ocrx_word' id='word_1_568' title='bbox 2555 4383 2650 4436; x_wconf 77' lang='grc' dir='ltr'>καὶ</span> <span class='ocrx_word' id='word_1_569' title='bbox 2703 4383 2968 4454; x_wconf 84' lang='grc' dir='ltr'>Τιμόθεος</span> <span class='ocrx_word' id='word_1_570' title='bbox 3041 4385 3070 4437; x_wconf 85' lang='grc' dir='ltr'><strong>ὁ</strong></span> <span class='ocrx_word' id='word_1_571' title='bbox 3129 4384 3378 4456; x_wconf 85' lang='grc' dir='ltr'>μαθητὴς</span> <span class='ocrx_word' id='word_1_572' title='bbox 3441 4387 3817 4458; x_wconf 83' lang='grc' dir='ltr'>Ἀπολιναρίου</span> 
     </span>
    </p>
   </div>
   <div class='ocr_carea' id='block_1_87' title="bbox 542 4470 2125 4548">
    <p class='ocr_par' dir='ltr' id='par_1_87' title="bbox 542 4470 2125 4546">
     <span class='ocr_line' id='line_1_87' title="bbox 542 4470 2125 4546; baseline -0.001 -18"><span class='ocrx_word' id='word_1_573' title='bbox 542 4476 751 4546; x_wconf 84' lang='grc' dir='ltr'>ταύτην</span> <span class='ocrx_word' id='word_1_574' title='bbox 771 4475 1079 4546; x_wconf 81' lang='grc' dir='ltr'>όλόγραφον</span> <span class='ocrx_word' id='word_1_575' title='bbox 1107 4476 1166 4527; x_wconf 77' lang='grc' dir='ltr'><strong>ἐν</strong></span> <span class='ocrx_word' id='word_1_576' title='bbox 1196 4475 1262 4544; x_wconf 80' lang='grc' dir='ltr'>τῇ</span> <span class='ocrx_word' id='word_1_577' title='bbox 1292 4470 1472 4540; x_wconf 79' lang='grc' dir='ltr'>οίκείᾳ</span> <span class='ocrx_word' id='word_1_578' title='bbox 1490 4470 1707 4542; x_wconf 86' lang='grc' dir='ltr'>τίθησιν</span> <span class='ocrx_word' id='word_1_579' title='bbox 1768 4471 1981 4544; x_wconf 78' lang='grc' dir='ltr'>ἱστορίᾳ</span> <span class='ocrx_word' id='word_1_580' title='bbox 2013 4473 2125 4544; x_wconf 75' lang='grc' dir='ltr'>ἔχοι</span> 
     </span>
    </p>
   </div>
   <div class='ocr_carea' id='block_1_88' title="bbox 2228 4470 3818 4548">
    <p class='ocr_par' dir='ltr' id='par_1_88' title="bbox 2228 4473 3818 4548">
     <span class='ocr_line' id='line_1_88' title="bbox 2228 4473 3818 4548; baseline 0.004 -19"><span class='ocrx_word' id='word_1_581' title='bbox 2228 4475 2470 4541; x_wconf 66' lang='grc' dir='ltr'>νοῦτως.</span> <span class='ocrx_word' id='word_1_582' title='bbox 2532 4473 2806 4548; x_wconf 83' lang='lat' dir='ltr'><strong>(Sequitur</strong></span> <span class='ocrx_word' id='word_1_583' title='bbox 2867 4478 3007 4532; x_wconf 83' lang='lat' dir='ltr'><strong>edita</strong></span> <span class='ocrx_word' id='word_1_584' title='bbox 3067 4477 3354 4534; x_wconf 76' lang='lat' dir='ltr'><strong>Athanasii</strong></span> <span class='ocrx_word' id='word_1_585' title='bbox 3402 4482 3472 4535; x_wconf 86' lang='lat' dir='ltr'><strong>ad</strong></span> <span class='ocrx_word' id='word_1_586' title='bbox 3533 4482 3818 4537; x_wconf 72' lang='lat' dir='ltr'><strong>Iovianum</strong></span> 
     </span>
    </p>
   </div>
   <div class='ocr_carea' id='block_1_89' title="bbox 537 4567 811 4641">
    <p class='ocr_par' dir='ltr' id='par_1_89' title="bbox 537 4567 811 4641">
     <span class='ocr_line' id='line_1_89' title="bbox 537 4567 811 4641; baseline -0.007 -17"><span class='ocrx_word' id='word_1_587' title='bbox 537 4567 811 4641; x_wconf 71' lang='lat' dir='ltr'><strong>epistola.)</strong></span> 
     </span>
    </p>
   </div>
   <div class='ocr_carea' id='block_1_90' title="bbox 616 4656 2125 4742">
    <p class='ocr_par' dir='ltr' id='par_1_90' title="bbox 616 4656 2125 4729">
     <span class='ocr_line' id='line_1_90' title="bbox 616 4656 2125 4729; baseline -0.002 -11"><span class='ocrx_word' id='word_1_588' title='bbox 616 4662 775 4718; x_wconf 85' lang='lat' dir='ltr'><strong>Nunc</strong></span> <span class='ocrx_word' id='word_1_589' title='bbox 811 4669 996 4715; x_wconf 91' lang='lat' dir='ltr'><strong>autem</strong></span> <span class='ocrx_word' id='word_1_590' title='bbox 1031 4657 1102 4714; x_wconf 84' lang='lat' dir='ltr'><strong>de</strong></span> <span class='ocrx_word' id='word_1_591' title='bbox 1118 4657 1412 4714; x_wconf 89' lang='lat' dir='ltr'><strong>Timotheo</strong></span> <span class='ocrx_word' id='word_1_592' title='bbox 1430 4656 1624 4713; x_wconf 68' lang='lat' dir='ltr'><strong>Ailuro</strong></span> <span class='ocrx_word' id='word_1_593' title='bbox 1659 4657 1970 4729; x_wconf 88' lang='lat' dir='ltr'><strong>loquamur,</strong></span> <span class='ocrx_word' id='word_1_594' title='bbox 2003 4675 2125 4715; x_wconf 94' lang='lat' dir='ltr'><strong>cum</strong></span> 
     </span>
    </p>
   </div>
   <div class='ocr_carea' id='block_1_91' title="bbox 2228 4656 3820 4742">
    <p class='ocr_par' dir='ltr' id='par_1_91' title="bbox 2307 4659 3820 4742">
     <span class='ocr_line' id='line_1_91' title="bbox 2307 4659 3820 4742; baseline 0.005 -26"><span class='ocrx_word' id='word_1_595' title='bbox 2307 4660 2392 4735; x_wconf 80' lang='grc' dir='ltr'><strong>[Ρ.</strong></span> <span class='ocrx_word' id='word_1_596' title='bbox 2425 4659 2576 4734; x_wconf 49' lang='grc' dir='ltr'>οδε]</span> <span class='ocrx_word' id='word_1_597' title='bbox 2611 4662 2884 4732; x_wconf 78' lang='grc' dir='ltr'>Δείξωμεν</span> <span class='ocrx_word' id='word_1_598' title='bbox 2912 4661 2968 4716; x_wconf 78' lang='grc' dir='ltr'>δὲ</span> <span class='ocrx_word' id='word_1_599' title='bbox 2999 4665 3092 4716; x_wconf 63' lang='grc' dir='ltr'><strong>καὶ</strong></span> <span class='ocrx_word' id='word_1_600' title='bbox 3124 4666 3392 4737; x_wconf 81' lang='grc' dir='ltr'>Τιμόθεον</span> <span class='ocrx_word' id='word_1_601' title='bbox 3425 4667 3516 4721; x_wconf 82' lang='grc' dir='ltr'>τὸν</span> <span class='ocrx_word' id='word_1_602' title='bbox 3556 4669 3820 4742; x_wconf 79' lang='grc' dir='ltr'>Αῖλουρον</span> 
     </span>
    </p>
   </div>
   <div class='ocr_carea' id='block_1_92' title="bbox 545 4749 2126 4810">
    <p class='ocr_par' dir='ltr' id='par_1_92' title="bbox 545 4749 2126 4810">
     <span class='ocr_line' id='line_1_92' title="bbox 545 4749 2126 4810; baseline -0.002 -1"><span class='ocrx_word' id='word_1_603' title='bbox 545 4752 865 4810; x_wconf 68' lang='grc' dir='ltr'><strong>ιιοηίοὶιωίο</strong></span> <span class='ocrx_word' id='word_1_604' title='bbox 896 4751 1297 4809; x_wconf 87' lang='lat' dir='ltr'><strong>consentiente.</strong></span> <span class='ocrx_word' id='word_1_605' title='bbox 1312 4749 1593 4804; x_wconf 82' lang='lat' dir='ltr'><strong>contraria</strong></span> <span class='ocrx_word' id='word_1_606' title='bbox 1615 4765 1750 4805; x_wconf 89' lang='lat' dir='ltr'><strong>vero</strong></span> <span class='ocrx_word' id='word_1_607' title='bbox 1781 4753 1990 4806; x_wconf 86' lang='lat' dir='ltr'><strong>sanctis</strong></span> <span class='ocrx_word' id='word_1_608' title='bbox 2019 4753 2126 4807; x_wconf 86' lang='lat' dir='ltr'><strong>Pa-</strong></span> 
     </span>
    </p>
   </div>
   <div class='ocr_carea' id='block_1_93' title="bbox 545 4841 2127 4913">
    <p class='ocr_par' dir='ltr' id='par_1_93' title="bbox 545 4841 2127 4913">
     <span class='ocr_line' id='line_1_93' title="bbox 545 4841 2127 4913; baseline -0.003 -11"><span class='ocrx_word' id='word_1_609' title='bbox 545 4847 726 4902; x_wconf 90' lang='lat' dir='ltr'><strong>tribus</strong></span> <span class='ocrx_word' id='word_1_610' title='bbox 755 4843 1061 4901; x_wconf 85' lang='lat' dir='ltr'><strong>Athanasio</strong></span> <span class='ocrx_word' id='word_1_611' title='bbox 1102 4841 1421 4913; x_wconf 76' lang='lat' dir='ltr'><strong>Cyrilloque</strong></span> <span class='ocrx_word' id='word_1_612' title='bbox 1463 4841 1736 4909; x_wconf 88' lang='lat' dir='ltr'><strong>docente;</strong></span> <span class='ocrx_word' id='word_1_613' title='bbox 1789 4843 1929 4898; x_wconf 88' lang='lat' dir='ltr'><strong>dicit</strong></span> <span class='ocrx_word' id='word_1_614' title='bbox 1976 4845 2127 4900; x_wconf 88' lang='lat' dir='ltr'><strong>enim</strong></span> 
     </span>
    </p>
   </div>
   <div class='ocr_carea' id='block_1_94' title="bbox 545 4935 2126 5008">
    <p class='ocr_par' dir='ltr' id='par_1_94' title="bbox 545 4935 2126 5008">
     <span class='ocr_line' id='line_1_94' title="bbox 545 4935 2126 5008; baseline 0 -15"><span class='ocrx_word' id='word_1_615' title='bbox 545 4939 664 4994; x_wconf 59' lang='lat' dir='ltr'><strong>hac</strong></span> <span class='ocrx_word' id='word_1_616' title='bbox 687 4937 832 4993; x_wconf 87' lang='lat' dir='ltr'><strong>idem</strong></span> <span class='ocrx_word' id='word_1_617' title='bbox 852 4935 1203 4999; x_wconf 85' lang='lat' dir='ltr'><strong>Timotheus,</strong></span> <span class='ocrx_word' id='word_1_618' title='bbox 1219 4935 1399 5005; x_wconf 83' lang='lat' dir='ltr'><strong>capite</strong></span> <span class='ocrx_word' id='word_1_619' title='bbox 1413 4945 1610 4990; x_wconf 90' lang='lat' dir='ltr'><strong>octavo</strong></span> <span class='ocrx_word' id='word_1_620' title='bbox 1627 4935 1753 4991; x_wconf 90' lang='lat' dir='ltr'><strong>libri</strong></span> <span class='ocrx_word' id='word_1_621' title='bbox 1775 4937 1948 5003; x_wconf 89' lang='lat' dir='ltr'><strong>tertii,</strong></span> <span class='ocrx_word' id='word_1_622' title='bbox 1962 4953 2126 5008; x_wconf 88' lang='lat' dir='ltr'><strong>quem</strong></span> 
     </span>
    </p>
   </div>
   <div class='ocr_carea' id='block_1_95' title="bbox 547 5029 2127 5100">
    <p class='ocr_par' dir='ltr' id='par_1_95' title="bbox 547 5029 2127 5100">
     <span class='ocr_line' id='line_1_95' title="bbox 547 5029 2127 5100; baseline -0.001 -12"><span class='ocrx_word' id='word_1_623' title='bbox 547 5035 606 5088; x_wconf 89' lang='lat' dir='ltr'><strong>in</strong></span> <span class='ocrx_word' id='word_1_624' title='bbox 651 5033 1001 5087; x_wconf 84' lang='lat' dir='ltr'><strong>Chersoneso</strong></span> <span class='ocrx_word' id='word_1_625' title='bbox 1041 5029 1268 5100; x_wconf 87' lang='lat' dir='ltr'><strong>scripsit</strong></span> <span class='ocrx_word' id='word_1_626' title='bbox 1309 5047 1323 5082; x_wconf 86' lang='lat'><strong>:</strong></span> <span class='ocrx_word' id='word_1_627' title='bbox 1374 5048 1393 5081; x_wconf 78' lang='grc' dir='ltr'><strong>ι</strong></span> <span class='ocrx_word' id='word_1_628' title='bbox 1442 5029 1651 5084; x_wconf 82' lang='lat' dir='ltr'><strong>Natura</strong></span> <span class='ocrx_word' id='word_1_629' title='bbox 1691 5040 1876 5086; x_wconf 86' lang='lat' dir='ltr'><strong>autem</strong></span> <span class='ocrx_word' id='word_1_630' title='bbox 1917 5030 2127 5086; x_wconf 91' lang='lat' dir='ltr'><strong>Christi</strong></span> 
     </span>
    </p>
   </div>
   <div class='ocr_carea' id='block_1_96' title="bbox 543 5121 2129 5188">
    <p class='ocr_par' dir='ltr' id='par_1_96' title="bbox 543 5121 2129 5188">
     <span class='ocr_line' id='line_1_96' title="bbox 543 5121 2129 5188; baseline -0.001 -9"><span class='ocrx_word' id='word_1_631' title='bbox 543 5125 665 5180; x_wconf 84' lang='lat' dir='ltr'><strong>sola</strong></span> <span class='ocrx_word' id='word_1_632' title='bbox 701 5123 966 5181; x_wconf 85' lang='lat' dir='ltr'><strong>divinitas</strong></span> <span class='ocrx_word' id='word_1_633' title='bbox 1005 5132 1121 5187; x_wconf 90' lang='lat' dir='ltr'><strong>est,</strong></span> <span class='ocrx_word' id='word_1_634' title='bbox 1153 5122 1260 5178; x_wconf 89' lang='lat' dir='ltr'><strong>etsi</strong></span> <span class='ocrx_word' id='word_1_635' title='bbox 1302 5121 1472 5178; x_wconf 91' lang='lat' dir='ltr'><strong>fuerit</strong></span> <span class='ocrx_word' id='word_1_636' title='bbox 1510 5123 1817 5188; x_wconf 87' lang='lat' dir='ltr'><strong>incarnata.</strong></span> <span class='ocrx_word' id='word_1_637' title='bbox 1856 5143 1874 5175; x_wconf 75' lang='grc' dir='ltr'><strong>ι</strong></span> <span class='ocrx_word' id='word_1_638' title='bbox 1923 5124 2129 5180; x_wconf 89' lang='lat' dir='ltr'><strong>Eadem</strong></span> 
     </span>
    </p>
   </div>
   <div class='ocr_carea' id='block_1_97' title="bbox 546 5217 2127 5288">
    <p class='ocr_par' dir='ltr' id='par_1_97' title="bbox 546 5217 2127 5288">
     <span class='ocr_line' id='line_1_97' title="bbox 546 5217 2127 5288; baseline 0.001 -16"><span class='ocrx_word' id='word_1_639' title='bbox 546 5234 682 5274; x_wconf 81' lang='lat' dir='ltr'><strong>vero</strong></span> <span class='ocrx_word' id='word_1_640' title='bbox 705 5217 1041 5273; x_wconf 66' lang='lat' dir='ltr'><strong>Manichacus</strong></span> <span class='ocrx_word' id='word_1_641' title='bbox 1066 5217 1314 5273; x_wconf 87' lang='lat' dir='ltr'><strong>scribens</strong></span> <span class='ocrx_word' id='word_1_642' title='bbox 1342 5218 1397 5272; x_wconf 92' lang='lat' dir='ltr'><strong>in</strong></span> <span class='ocrx_word' id='word_1_643' title='bbox 1427 5219 1661 5288; x_wconf 88' lang='lat' dir='ltr'><strong>epistola</strong></span> <span class='ocrx_word' id='word_1_644' title='bbox 1685 5218 1753 5274; x_wconf 91' lang='lat' dir='ltr'><strong>ad</strong></span> <span class='ocrx_word' id='word_1_645' title='bbox 1783 5218 2127 5285; x_wconf 89' lang='lat' dir='ltr'><strong>Cundarum,</strong></span> 
     </span>
    </p>
   </div>
   <div class='ocr_carea' id='block_1_98' title="bbox 547 5309 2129 5385">
    <p class='ocr_par' dir='ltr' id='par_1_98' title="bbox 547 5309 2129 5385">
     <span class='ocr_line' id='line_1_98' title="bbox 547 5309 2129 5385; baseline 0.003 -21"><span class='ocrx_word' id='word_1_646' title='bbox 547 5311 666 5365; x_wconf 68' lang='lat' dir='ltr'><strong>haac</strong></span> <span class='ocrx_word' id='word_1_647' title='bbox 682 5309 845 5364; x_wconf 89' lang='lat' dir='ltr'><strong>dicit:</strong></span> <span class='ocrx_word' id='word_1_648' title='bbox 869 5330 888 5360; x_wconf 72' lang='grc' dir='ltr'><strong>ι</strong></span> <span class='ocrx_word' id='word_1_649' title='bbox 907 5309 1023 5367; x_wconf 89' lang='lat' dir='ltr'><strong>Una</strong></span> <span class='ocrx_word' id='word_1_650' title='bbox 1042 5321 1236 5365; x_wconf 91' lang='lat' dir='ltr'><strong>natura</strong></span> <span class='ocrx_word' id='word_1_651' title='bbox 1254 5321 1340 5366; x_wconf 90' lang='lat' dir='ltr'><strong>est</strong></span> <span class='ocrx_word' id='word_1_652' title='bbox 1354 5320 1552 5376; x_wconf 89' lang='lat' dir='ltr'><strong>totum,</strong></span> <span class='ocrx_word' id='word_1_653' title='bbox 1566 5312 1672 5367; x_wconf 91' lang='lat' dir='ltr'><strong>etsi</strong></span> <span class='ocrx_word' id='word_1_654' title='bbox 1688 5311 1942 5368; x_wconf 89' lang='lat' dir='ltr'><strong>videatur</strong></span> <span class='ocrx_word' id='word_1_655' title='bbox 1955 5313 2129 5385; x_wconf 80' lang='lat' dir='ltr'><strong>figura</strong></span> 
     </span>
    </p>
   </div>
   <div class='ocr_carea' id='block_1_99' title="bbox 545 5403 2129 5476">
    <p class='ocr_par' dir='ltr' id='par_1_99' title="bbox 545 5403 2129 5476">
     <span class='ocr_line' id='line_1_99' title="bbox 545 5403 2129 5476; baseline 0.002 -19"><span class='ocrx_word' id='word_1_656' title='bbox 545 5403 752 5458; x_wconf 84' lang='lat' dir='ltr'><strong>carnis.</strong></span> <span class='ocrx_word' id='word_1_657' title='bbox 788 5422 806 5456; x_wconf 73' lang='grc' dir='ltr'><strong>ι</strong></span> <span class='ocrx_word' id='word_1_658' title='bbox 839 5403 919 5458; x_wconf 88' lang='lat' dir='ltr'><strong>Ad</strong></span> <span class='ocrx_word' id='word_1_659' title='bbox 955 5403 1073 5458; x_wconf 70' lang='lat' dir='ltr'><strong>haec</strong></span> <span class='ocrx_word' id='word_1_660' title='bbox 1102 5413 1288 5459; x_wconf 92' lang='lat' dir='ltr'><strong>autem</strong></span> <span class='ocrx_word' id='word_1_661' title='bbox 1319 5404 1642 5470; x_wconf 89' lang='lat' dir='ltr'><strong>dicimus,si</strong></span> <span class='ocrx_word' id='word_1_662' title='bbox 1670 5405 1826 5476; x_wconf 84' lang='lat' dir='ltr'><strong>juxta</strong></span> <span class='ocrx_word' id='word_1_663' title='bbox 1857 5405 2129 5461; x_wconf 87' lang='lat' dir='ltr'><strong>insaniam</strong></span> 
     </span>
    </p>
   </div>
   <div class='ocr_carea' id='block_1_100' title="bbox 547 5495 2128 5565">
    <p class='ocr_par' dir='ltr' id='par_1_100' title="bbox 547 5495 2128 5565">
     <span class='ocr_line' id='line_1_100' title="bbox 547 5495 2128 5565; baseline 0.004 -15"><span class='ocrx_word' id='word_1_664' title='bbox 547 5495 823 5550; x_wconf 79' lang='lat' dir='ltr'><strong>Timothei</strong></span> <span class='ocrx_word' id='word_1_665' title='bbox 857 5504 1054 5564; x_wconf 83' lang='lat' dir='ltr'><strong>natura</strong></span> <span class='ocrx_word' id='word_1_666' title='bbox 1077 5495 1282 5551; x_wconf 89' lang='lat' dir='ltr'><strong>Christi</strong></span> <span class='ocrx_word' id='word_1_667' title='bbox 1308 5498 1380 5553; x_wconf 92' lang='lat' dir='ltr'><strong>sit</strong></span> <span class='ocrx_word' id='word_1_668' title='bbox 1402 5500 1519 5555; x_wconf 89' lang='lat' dir='ltr'><strong>sola</strong></span> <span class='ocrx_word' id='word_1_669' title='bbox 1543 5499 1828 5565; x_wconf 89' lang='lat' dir='ltr'><strong>divinitas,</strong></span> <span class='ocrx_word' id='word_1_670' title='bbox 1847 5499 2128 5556; x_wconf 89' lang='lat' dir='ltr'><strong>Christum</strong></span> 
     </span>
    </p>
   </div>
   <div class='ocr_carea' id='block_1_101' title="bbox 545 5591 2131 5662">
    <p class='ocr_par' dir='ltr' id='par_1_101' title="bbox 545 5591 2131 5662">
     <span class='ocr_line' id='line_1_101' title="bbox 545 5591 2131 5662; baseline 0.004 -19"><span class='ocrx_word' id='word_1_671' title='bbox 545 5605 682 5660; x_wconf 78' lang='lat' dir='ltr'><strong>ergo</strong></span> <span class='ocrx_word' id='word_1_672' title='bbox 715 5605 838 5644; x_wconf 88' lang='lat' dir='ltr'><strong>esse</strong></span> <span class='ocrx_word' id='word_1_673' title='bbox 875 5591 1096 5646; x_wconf 82' lang='lat' dir='ltr'><strong>Patrem</strong></span> <span class='ocrx_word' id='word_1_674' title='bbox 1138 5607 1204 5645; x_wconf 89' lang='lat' dir='ltr'><strong>ac</strong></span> <span class='ocrx_word' id='word_1_675' title='bbox 1244 5591 1512 5662; x_wconf 88' lang='lat' dir='ltr'><strong>Spiritum</strong></span> <span class='ocrx_word' id='word_1_676' title='bbox 1557 5602 1850 5660; x_wconf 87' lang='lat' dir='ltr'><strong>sanetum;</strong></span> <span class='ocrx_word' id='word_1_677' title='bbox 1892 5610 2001 5650; x_wconf 92' lang='lat' dir='ltr'><strong>una</strong></span> <span class='ocrx_word' id='word_1_678' title='bbox 2044 5604 2131 5649; x_wconf 90' lang='lat' dir='ltr'><strong>est</strong></span> 
     </span>
    </p>
   </div>
   <div class='ocr_carea' id='block_1_102' title="bbox 547 5679 2130 5750">
    <p class='ocr_par' dir='ltr' id='par_1_102' title="bbox 547 5679 2130 5750">
     <span class='ocr_line' id='line_1_102' title="bbox 547 5679 2130 5750; baseline 0.004 -16"><span class='ocrx_word' id='word_1_679' title='bbox 547 5679 697 5734; x_wconf 90' lang='lat' dir='ltr'><strong>enim</strong></span> <span class='ocrx_word' id='word_1_680' title='bbox 733 5689 929 5734; x_wconf 88' lang='lat' dir='ltr'><strong>natura</strong></span> <span class='ocrx_word' id='word_1_681' title='bbox 961 5681 1306 5750; x_wconf 85' lang='lat' dir='ltr'><strong>divinitatis,</strong></span> <span class='ocrx_word' id='word_1_682' title='bbox 1334 5683 1518 5738; x_wconf 88' lang='lat' dir='ltr'><strong>Patris</strong></span> <span class='ocrx_word' id='word_1_683' title='bbox 1556 5683 1801 5750; x_wconf 88' lang='lat' dir='ltr'><strong>scilicet,</strong></span> <span class='ocrx_word' id='word_1_684' title='bbox 1829 5693 1886 5738; x_wconf 88' lang='lat' dir='ltr'><strong>et</strong></span> <span class='ocrx_word' id='word_1_685' title='bbox 1916 5684 2039 5739; x_wconf 76' lang='lat' dir='ltr'><strong>Filii</strong></span> <span class='ocrx_word' id='word_1_686' title='bbox 2073 5695 2130 5740; x_wconf 88' lang='lat' dir='ltr'><strong>et</strong></span> 
     </span>
    </p>
   </div>
   <div class='ocr_carea' id='block_1_103' title="bbox 587 5792 2136 5877">
    <p class='ocr_par' dir='ltr' id='par_1_103' title="bbox 587 5792 2136 5877">
     <span class='ocr_line' id='line_1_103' title="bbox 587 5792 2136 5877; baseline 0.005 -29"><span class='ocrx_word' id='word_1_687' title='bbox 587 5864 600 5877; x_wconf 45' lang='lat'><strong>.</strong></span> <span class='ocrx_word' id='word_1_688' title='bbox 620 5792 698 5863; x_wconf 79' lang='lat'><strong>(5)</strong></span> <span class='ocrx_word' id='word_1_689' title='bbox 728 5794 996 5877; x_wconf 63' lang='lat' dir='ltr'><strong>l‘jotemus</strong></span> <span class='ocrx_word' id='word_1_690' title='bbox 1027 5797 1351 5877; x_wconf 57' lang='lat' dir='ltr'><strong>prrcclarum</strong></span> <span class='ocrx_word' id='word_1_691' title='bbox 1382 5798 1679 5877; x_wconf 76' lang='lat' dir='ltr'><strong>Justiniani</strong></span> <span class='ocrx_word' id='word_1_692' title='bbox 1712 5801 1848 5877; x_wconf 76' lang='lat' dir='ltr'><strong>imp.</strong></span> <span class='ocrx_word' id='word_1_693' title='bbox 1884 5801 2136 5877; x_wconf 81' lang='lat' dir='ltr'><strong>testimo-</strong></span> 
     </span>
    </p>
   </div>
   <div class='ocr_carea' id='block_1_104' title="bbox 546 5865 2132 5940">
    <p class='ocr_par' dir='ltr' id='par_1_104' title="bbox 546 5865 2132 5940">
     <span class='ocr_line' id='line_1_104' title="bbox 546 5865 2132 5940; baseline 0.003 -19"><span class='ocrx_word' id='word_1_694' title='bbox 546 5865 700 5921; x_wconf 88' lang='lat' dir='ltr'><strong>nium</strong></span> <span class='ocrx_word' id='word_1_695' title='bbox 731 5865 802 5922; x_wconf 88' lang='lat' dir='ltr'><strong>de</strong></span> <span class='ocrx_word' id='word_1_696' title='bbox 842 5865 1107 5940; x_wconf 81' lang='lat' dir='ltr'><strong>perpetua</strong></span> <span class='ocrx_word' id='word_1_697' title='bbox 1149 5868 1522 5925; x_wconf 76' lang='lat' dir='ltr'><strong>Romanorum</strong></span> <span class='ocrx_word' id='word_1_698' title='bbox 1567 5865 1896 5926; x_wconf 76' lang='lat' dir='ltr'><strong>Pontificum</strong></span> <span class='ocrx_word' id='word_1_699' title='bbox 1937 5871 2132 5926; x_wconf 88' lang='lat' dir='ltr'><strong>ortho-</strong></span> 
     </span>
    </p>
   </div>
   <div class='ocr_carea' id='block_1_105' title="bbox 2238 4753 3819 4826">
    <p class='ocr_par' dir='ltr' id='par_1_105' title="bbox 2238 4753 3819 4826">
     <span class='ocr_line' id='line_1_105' title="bbox 2238 4753 3819 4826; baseline 0.006 -20"><span class='ocrx_word' id='word_1_700' title='bbox 2238 4753 2510 4824; x_wconf 86' lang='grc' dir='ltr'>σύμφωνα</span> <span class='ocrx_word' id='word_1_701' title='bbox 2548 4755 2650 4824; x_wconf 78' lang='grc' dir='ltr'><strong>μὲν</strong></span> <span class='ocrx_word' id='word_1_702' title='bbox 2705 4756 3048 4826; x_wconf 85' lang='grc' dir='ltr'>Μανιχαίων,</span> <span class='ocrx_word' id='word_1_703' title='bbox 3082 4758 3305 4812; x_wconf 80' lang='grc' dir='ltr'>ἐναντία</span> <span class='ocrx_word' id='word_1_704' title='bbox 3357 4761 3414 4814; x_wconf 82' lang='grc' dir='ltr'>δὲ</span> <span class='ocrx_word' id='word_1_705' title='bbox 3466 4763 3578 4824; x_wconf 84' lang='grc' dir='ltr'>τοῖς</span> <span class='ocrx_word' id='word_1_706' title='bbox 3634 4763 3819 4826; x_wconf 83' lang='grc' dir='ltr'>αὐτοῖς</span> 
     </span>
    </p>
   </div>
   <div class='ocr_carea' id='block_1_106' title="bbox 2235 4849 3820 4928">
    <p class='ocr_par' dir='ltr' id='par_1_106' title="bbox 2235 4849 3820 4928">
     <span class='ocr_line' id='line_1_106' title="bbox 2235 4849 3820 4928; baseline 0.006 -26"><span class='ocrx_word' id='word_1_707' title='bbox 2235 4849 2416 4917; x_wconf 81' lang='grc' dir='ltr'>ἁγίοις</span> <span class='ocrx_word' id='word_1_708' title='bbox 2449 4850 2730 4921; x_wconf 85' lang='grc' dir='ltr'>Πατρὰσιν</span> <span class='ocrx_word' id='word_1_709' title='bbox 2767 4851 3072 4923; x_wconf 81' lang='grc' dir='ltr'>Ἀθανασίῳ</span> <span class='ocrx_word' id='word_1_710' title='bbox 3094 4853 3190 4907; x_wconf 74' lang='grc' dir='ltr'><strong>καὶ</strong></span> <span class='ocrx_word' id='word_1_711' title='bbox 3233 4855 3489 4926; x_wconf 80' lang='grc' dir='ltr'>Κυρίλλῳ</span> <span class='ocrx_word' id='word_1_712' title='bbox 3514 4859 3820 4928; x_wconf 72' lang='grc' dir='ltr'>φρονήσανο</span> 
     </span>
    </p>
   </div>
   <div class='ocr_carea' id='block_1_107' title="bbox 2234 4942 3817 5022">
    <p class='ocr_par' dir='ltr' id='par_1_107' title="bbox 2234 4942 3817 5022">
     <span class='ocr_line' id='line_1_107' title="bbox 2234 4942 3817 5022; baseline 0.007 -28"><span class='ocrx_word' id='word_1_713' title='bbox 2234 4958 2323 4995; x_wconf 84' lang='grc' dir='ltr'>τα.</span> <span class='ocrx_word' id='word_1_714' title='bbox 2350 4943 2516 5011; x_wconf 84' lang='grc' dir='ltr'>Λέγει</span> <span class='ocrx_word' id='word_1_715' title='bbox 2549 4942 2659 5015; x_wconf 80' lang='grc' dir='ltr'>γὰρ</span> <span class='ocrx_word' id='word_1_716' title='bbox 2687 4944 2716 4996; x_wconf 88' lang='grc' dir='ltr'><strong>δ</strong></span> <span class='ocrx_word' id='word_1_717' title='bbox 2745 4944 2907 5008; x_wconf 77' lang='grc' dir='ltr'>αὐτὸς</span> <span class='ocrx_word' id='word_1_718' title='bbox 2936 4945 3202 5017; x_wconf 86' lang='grc' dir='ltr'>Τιμόθεος</span> <span class='ocrx_word' id='word_1_719' title='bbox 3229 4949 3287 5000; x_wconf 85' lang='grc' dir='ltr'>ἐν</span> <span class='ocrx_word' id='word_1_720' title='bbox 3316 4948 3396 5020; x_wconf 85' lang='grc' dir='ltr'>τῷ</span> <span class='ocrx_word' id='word_1_721' title='bbox 3443 4950 3616 5022; x_wconf 85' lang='grc' dir='ltr'>ὀγδόῳ</span> <span class='ocrx_word' id='word_1_722' title='bbox 3646 4969 3817 5019; x_wconf 71' lang='grc' dir='ltr'>κεφασ</span> 
     </span>
    </p>
   </div>
   <div class='ocr_carea' id='block_1_108' title="bbox 2235 5029 3820 5113">
    <p class='ocr_par' dir='ltr' id='par_1_108' title="bbox 2235 5029 3820 5113">
     <span class='ocr_line' id='line_1_108' title="bbox 2235 5029 3820 5113; baseline 0.007 -29"><span class='ocrx_word' id='word_1_723' title='bbox 2235 5031 2374 5104; x_wconf 85' lang='grc' dir='ltr'>λαίῳ</span> <span class='ocrx_word' id='word_1_724' title='bbox 2404 5032 2499 5087; x_wconf 89' lang='grc' dir='ltr'><strong>τοῦ</strong></span> <span class='ocrx_word' id='word_1_725' title='bbox 2540 5034 2727 5105; x_wconf 86' lang='grc' dir='ltr'>τρίτου</span> <span class='ocrx_word' id='word_1_726' title='bbox 2755 5034 2988 5105; x_wconf 81' lang='grc' dir='ltr'>βιὸλίου,</span> <span class='ocrx_word' id='word_1_727' title='bbox 3020 5036 3158 5109; x_wconf 82' lang='grc' dir='ltr'>ὅπερ</span> <span class='ocrx_word' id='word_1_728' title='bbox 3187 5029 3247 5091; x_wconf 83' lang='grc' dir='ltr'><strong>ἐν</strong></span> <span class='ocrx_word' id='word_1_729' title='bbox 3279 5039 3526 5110; x_wconf 80' lang='grc' dir='ltr'>Χέρσωνι</span> <span class='ocrx_word' id='word_1_730' title='bbox 3555 5043 3820 5113; x_wconf 80' lang='grc' dir='ltr'>συνέγρα-</span> 
     </span>
    </p>
   </div>
   <div class='ocr_carea' id='block_1_109' title="bbox 2232 5124 3819 5202">
    <p class='ocr_par' dir='ltr' id='par_1_109' title="bbox 2232 5124 3819 5202">
     <span class='ocr_line' id='line_1_109' title="bbox 2232 5124 3819 5202; baseline 0.007 -25"><span class='ocrx_word' id='word_1_731' title='bbox 2232 5124 2300 5194; x_wconf 64' lang='grc' dir='ltr'>ψε</span> <span class='ocrx_word' id='word_1_732' title='bbox 2326 5125 2483 5180; x_wconf 82' lang='grc' dir='ltr'>τάδε·</span> <span class='ocrx_word' id='word_1_733' title='bbox 2522 5146 2540 5178; x_wconf 77' lang='grc' dir='ltr'><strong>ι</strong></span> <span class='ocrx_word' id='word_1_734' title='bbox 2566 5127 2733 5192; x_wconf 84' lang='grc' dir='ltr'>Φύσις</span> <span class='ocrx_word' id='word_1_735' title='bbox 2759 5128 2815 5181; x_wconf 83' lang='grc' dir='ltr'><strong>δέ</strong></span> <span class='ocrx_word' id='word_1_736' title='bbox 2841 5129 3078 5200; x_wconf 79' lang='grc' dir='ltr'>Χριστοῦ</span> <span class='ocrx_word' id='word_1_737' title='bbox 3111 5130 3247 5202; x_wconf 90' lang='grc' dir='ltr'>μόνη</span> <span class='ocrx_word' id='word_1_738' title='bbox 3281 5131 3496 5202; x_wconf 81' lang='grc' dir='ltr'>θεότης,</span> <span class='ocrx_word' id='word_1_739' title='bbox 3521 5136 3570 5187; x_wconf 85' lang='grc' dir='ltr'>εἰ</span> <span class='ocrx_word' id='word_1_740' title='bbox 3610 5136 3706 5188; x_wconf 70' lang='grc' dir='ltr'>καὶ</span> <span class='ocrx_word' id='word_1_741' title='bbox 3729 5153 3819 5188; x_wconf 84' lang='grc' dir='ltr'>σε-</span> 
     </span>
    </p>
   </div>
   <div class='ocr_carea' id='block_1_110' title="bbox 2234 5217 3819 5298">
    <p class='ocr_par' dir='ltr' id='par_1_110' title="bbox 2234 5217 3819 5298">
     <span class='ocr_line' id='line_1_110' title="bbox 2234 5217 3819 5298; baseline 0.006 -26"><span class='ocrx_word' id='word_1_742' title='bbox 2234 5217 2579 5291; x_wconf 70' lang='grc' dir='ltr'>σάρκωται.ι</span> <span class='ocrx_word' id='word_1_743' title='bbox 2617 5222 2700 5276; x_wconf 84' lang='grc' dir='ltr'><strong>Τὰ</strong></span> <span class='ocrx_word' id='word_1_744' title='bbox 2735 5222 2882 5275; x_wconf 84' lang='grc' dir='ltr'>αὐτὰ</span> <span class='ocrx_word' id='word_1_745' title='bbox 2916 5223 2974 5276; x_wconf 84' lang='grc' dir='ltr'><strong>δέ</strong></span> <span class='ocrx_word' id='word_1_746' title='bbox 3021 5225 3324 5294; x_wconf 83' lang='grc' dir='ltr'>Μανιχαῖος</span> <span class='ocrx_word' id='word_1_747' title='bbox 3355 5227 3586 5297; x_wconf 82' lang='grc' dir='ltr'>γράφων</span> <span class='ocrx_word' id='word_1_748' title='bbox 3634 5228 3694 5280; x_wconf 88' lang='grc' dir='ltr'><strong>ἐν</strong></span> <span class='ocrx_word' id='word_1_749' title='bbox 3750 5230 3819 5298; x_wconf 86' lang='grc' dir='ltr'>τῇ</span> 
     </span>
    </p>
   </div>
   <div class='ocr_carea' id='block_1_111' title="bbox 2234 5315 3822 5392">
    <p class='ocr_par' dir='ltr' id='par_1_111' title="bbox 2234 5315 3822 5392">
     <span class='ocr_line' id='line_1_111' title="bbox 2234 5315 3822 5392; baseline 0.004 -24"><span class='ocrx_word' id='word_1_750' title='bbox 2234 5315 2371 5386; x_wconf 82' lang='grc' dir='ltr'>πρὸς</span> <span class='ocrx_word' id='word_1_751' title='bbox 2401 5315 2716 5390; x_wconf 80' lang='grc' dir='ltr'>Κούνδαρον</span> <span class='ocrx_word' id='word_1_752' title='bbox 2739 5318 3022 5392; x_wconf 82' lang='grc' dir='ltr'>ἐπιστολῇ,</span> <span class='ocrx_word' id='word_1_753' title='bbox 3061 5319 3212 5388; x_wconf 90' lang='grc' dir='ltr'>λέγει</span> <span class='ocrx_word' id='word_1_754' title='bbox 3249 5321 3373 5376; x_wconf 81' lang='grc' dir='ltr'>τάδε</span> <span class='ocrx_word' id='word_1_755' title='bbox 3398 5338 3412 5350; x_wconf 89' lang='grc'><strong>·</strong></span> <span class='ocrx_word' id='word_1_756' title='bbox 3461 5341 3479 5372; x_wconf 82' lang='grc' dir='ltr'><strong>ι</strong></span> <span class='ocrx_word' id='word_1_757' title='bbox 3511 5323 3628 5376; x_wconf 85' lang='grc' dir='ltr'><strong>Μία</strong></span> <span class='ocrx_word' id='word_1_758' title='bbox 3657 5323 3822 5392; x_wconf 82' lang='grc' dir='ltr'>φύσις</span> 
     </span>
    </p>
   </div>
   <div class='ocr_carea' id='block_1_112' title="bbox 2233 5407 3820 5485">
    <p class='ocr_par' dir='ltr' id='par_1_112' title="bbox 2233 5407 3820 5485">
     <span class='ocr_line' id='line_1_112' title="bbox 2233 5407 3820 5485; baseline 0.003 -23"><span class='ocrx_word' id='word_1_759' title='bbox 2233 5407 2295 5462; x_wconf 85' lang='grc' dir='ltr'><strong>τὸ</strong></span> <span class='ocrx_word' id='word_1_760' title='bbox 2326 5407 2472 5474; x_wconf 83' lang='grc' dir='ltr'>ὅλον,</span> <span class='ocrx_word' id='word_1_761' title='bbox 2526 5411 2575 5463; x_wconf 82' lang='grc' dir='ltr'><strong>εί</strong></span> <span class='ocrx_word' id='word_1_762' title='bbox 2630 5411 2725 5464; x_wconf 68' lang='grc' dir='ltr'>καὶ</span> <span class='ocrx_word' id='word_1_763' title='bbox 2775 5411 2979 5482; x_wconf 84' lang='grc' dir='ltr'>σαρκὸς</span> <span class='ocrx_word' id='word_1_764' title='bbox 3037 5412 3222 5482; x_wconf 76' lang='grc' dir='ltr'>ὼρᾶτο</span> <span class='ocrx_word' id='word_1_765' title='bbox 3275 5413 3486 5484; x_wconf 84' lang='grc' dir='ltr'>μορφή.</span> <span class='ocrx_word' id='word_1_766' title='bbox 3521 5433 3539 5463; x_wconf 75' lang='grc' dir='ltr'><strong>ι</strong></span> <span class='ocrx_word' id='word_1_767' title='bbox 3586 5413 3730 5485; x_wconf 73' lang='grc' dir='ltr'>Πρὸς</span> <span class='ocrx_word' id='word_1_768' title='bbox 3763 5414 3820 5467; x_wconf 82' lang='grc' dir='ltr'>δὲ</span> 
     </span>
    </p>
   </div>
   <div class='ocr_carea' id='block_1_113' title="bbox 2235 5502 3820 5578">
    <p class='ocr_par' dir='ltr' id='par_1_113' title="bbox 2235 5502 3820 5578">
     <span class='ocr_line' id='line_1_113' title="bbox 2235 5502 3820 5578; baseline 0.002 -22"><span class='ocrx_word' id='word_1_769' title='bbox 2235 5502 2412 5557; x_wconf 88' lang='grc' dir='ltr'>ταῦτα</span> <span class='ocrx_word' id='word_1_770' title='bbox 2465 5502 2718 5571; x_wconf 83' lang='grc' dir='ltr'>λέγομεν,</span> <span class='ocrx_word' id='word_1_771' title='bbox 2753 5504 2834 5557; x_wconf 80' lang='grc' dir='ltr'>ὅτι</span> <span class='ocrx_word' id='word_1_772' title='bbox 2884 5505 2932 5556; x_wconf 89' lang='grc' dir='ltr'>εἰ</span> <span class='ocrx_word' id='word_1_773' title='bbox 2981 5506 3122 5559; x_wconf 72' lang='grc' dir='ltr'>κατὰ</span> <span class='ocrx_word' id='word_1_774' title='bbox 3180 5505 3280 5574; x_wconf 79' lang='grc' dir='ltr'>τὴν</span> <span class='ocrx_word' id='word_1_775' title='bbox 3319 5507 3508 5560; x_wconf 83' lang='grc' dir='ltr'>ἄνοιαν</span> <span class='ocrx_word' id='word_1_776' title='bbox 3550 5507 3820 5578; x_wconf 80' lang='grc' dir='ltr'>Τιμοθέου</span> 
     </span>
    </p>
   </div>
   <div class='ocr_carea' id='block_1_114' title="bbox 2238 5593 3821 5670">
    <p class='ocr_par' dir='ltr' id='par_1_114' title="bbox 2238 5593 3821 5670">
     <span class='ocr_line' id='line_1_114' title="bbox 2238 5593 3821 5670; baseline 0.004 -26"><span class='ocrx_word' id='word_1_777' title='bbox 2238 5593 2404 5661; x_wconf 87' lang='grc' dir='ltr'>φύσις</span> <span class='ocrx_word' id='word_1_778' title='bbox 2446 5593 2691 5665; x_wconf 72' lang='grc' dir='ltr'>Χριστοῦ</span> <span class='ocrx_word' id='word_1_779' title='bbox 2743 5593 2880 5665; x_wconf 87' lang='grc' dir='ltr'>μόνη</span> <span class='ocrx_word' id='word_1_780' title='bbox 2937 5594 3153 5666; x_wconf 82' lang='grc' dir='ltr'>θεότης,</span> <span class='ocrx_word' id='word_1_781' title='bbox 3210 5597 3449 5667; x_wconf 75' lang='grc' dir='ltr'>Χριστὸς</span> <span class='ocrx_word' id='word_1_782' title='bbox 3502 5598 3609 5670; x_wconf 84' lang='grc' dir='ltr'>ἄρα</span> <span class='ocrx_word' id='word_1_783' title='bbox 3661 5599 3757 5652; x_wconf 77' lang='grc' dir='ltr'>καὶ</span> <span class='ocrx_word' id='word_1_784' title='bbox 3792 5600 3821 5651; x_wconf 86' lang='grc' dir='ltr'><strong>ό</strong></span> 
     </span>
    </p>
   </div>
   <div class='ocr_carea' id='block_1_115' title="bbox 2239 5687 3822 5764">
    <p class='ocr_par' dir='ltr' id='par_1_115' title="bbox 2239 5687 3822 5764">
     <span class='ocr_line' id='line_1_115' title="bbox 2239 5687 3822 5764; baseline 0.003 -25"><span class='ocrx_word' id='word_1_785' title='bbox 2239 5687 2429 5759; x_wconf 77' lang='grc' dir='ltr'>Πατὴρ</span> <span class='ocrx_word' id='word_1_786' title='bbox 2489 5689 2586 5741; x_wconf 78' lang='grc' dir='ltr'>καὶ</span> <span class='ocrx_word' id='word_1_787' title='bbox 2625 5687 2687 5742; x_wconf 78' lang='grc' dir='ltr'>τὸ</span> <span class='ocrx_word' id='word_1_788' title='bbox 2735 5687 2892 5755; x_wconf 74' lang='grc' dir='ltr'>ἅγιον</span> <span class='ocrx_word' id='word_1_789' title='bbox 2950 5689 3209 5762; x_wconf 85' lang='grc' dir='ltr'>Πνεῦμα·</span> <span class='ocrx_word' id='word_1_790' title='bbox 3261 5692 3360 5761; x_wconf 88' lang='grc' dir='ltr'><strong>μία</strong></span> <span class='ocrx_word' id='word_1_791' title='bbox 3407 5691 3518 5764; x_wconf 82' lang='grc' dir='ltr'><strong>γὰρ</strong></span> <span class='ocrx_word' id='word_1_792' title='bbox 3565 5691 3822 5761; x_wconf 79' lang='grc' dir='ltr'>θεότητος</span> 
     </span>
    </p>
   </div>
   <div class='ocr_carea' id='block_1_116' title="bbox 2247 5802 3821 5880">
    <p class='ocr_par' dir='ltr' id='par_1_116' title="bbox 2247 5802 3821 5880">
     <span class='ocr_line' id='line_1_116' title="bbox 2247 5802 3821 5880; baseline 0.003 -24"><span class='ocrx_word' id='word_1_793' title='bbox 2247 5802 2432 5880; x_wconf 79' lang='lat' dir='ltr'><strong>d_oxi_a,</strong></span> <span class='ocrx_word' id='word_1_794' title='bbox 2464 5815 2713 5880; x_wconf 77' lang='lat' dir='ltr'><strong>cum__tot</strong></span> <span class='ocrx_word' id='word_1_795' title='bbox 2739 5813 2932 5860; x_wconf 86' lang='lat' dir='ltr'><strong>contra</strong></span> <span class='ocrx_word' id='word_1_796' title='bbox 2982 5804 3190 5880; x_wconf 81' lang='lat' dir='ltr'><strong>fuerint</strong></span> <span class='ocrx_word' id='word_1_797' title='bbox 3219 5807 3296 5880; x_wconf 82' lang='lat' dir='ltr'><strong>in</strong></span> <span class='ocrx_word' id='word_1_798' title='bbox 3321 5808 3539 5865; x_wconf 73' lang='lat' dir='ltr'><strong>caeteris</strong></span> <span class='ocrx_word' id='word_1_799' title='bbox 3582 5807 3821 5880; x_wconf 84' lang='lat' dir='ltr'><strong>patriar-</strong></span> 
     </span>
    </p>
   </div>
   <div class='ocr_carea' id='block_1_117' title="bbox 2241 5873 3324 5947">
    <p class='ocr_par' dir='ltr' id='par_1_117' title="bbox 2241 5873 3324 5947">
     <span class='ocr_line' id='line_1_117' title="bbox 2241 5873 3324 5947; baseline 0.004 -19"><span class='ocrx_word' id='word_1_800' title='bbox 2241 5873 2496 5932; x_wconf 80' lang='lat' dir='ltr'><strong>chalibns</strong></span> <span class='ocrx_word' id='word_1_801' title='bbox 2523 5876 2749 5933; x_wconf 86' lang='lat' dir='ltr'><strong>sedibus</strong></span> <span class='ocrx_word' id='word_1_802' title='bbox 2777 5887 3025 5947; x_wconf 90' lang='lat' dir='ltr'><strong>pastores</strong></span> <span class='ocrx_word' id='word_1_803' title='bbox 3056 5877 3324 5934; x_wconf 68' lang='lat' dir='ltr'><strong>hwretici.</strong></span> 
     </span>
    </p>
   </div>
  </div>
