4112 6558
310 434 445 502 1120
1228 421 1672 489 TRACTATUS
1714 417 2015 479 CONTRA
2052 416 2655 480 MONOPHYSITAS.
3436 417 3572 485 1130

308 548 493 620 φύσις,
535 544 749 617 Πατρός
781 559 962 615 φαμεν
999 540 1096 596 καὶ⁸
1125 539 1259 593 Υίοῦ
1301 537 1396 591 καὶ
1430 535 1589 604 ἁγίου
1631 530 1888 600 Πνεύμα-
1921 556 1932 587 Α

1950 551 1962 587 ι
1995 525 2234 596 Spiritus
2277 533 2478 586 sancti.
2526 532 2714 589 Passio
2755 549 3006 607 quoque,
3035 538 3192 608 juxta
3232 542 3382 599 illius
3421 546 3574 602 insa-

308 619 422 707 τος.
455 641 656 694 Ἔσται
683 637 740 692 δὲ
775 637 873 692 καὶ
900 637 962 690 τὸ
993 635 1168 700 πάθος
1213 633 1390 687 κοινὸν
1423 628 1569 685 κατὰ
1605 626 1705 698 τὴν
1749 625 1894 678 ἐκεί-

1997 619 2142 674 niam
2161 663 2176 687 ,
2204 625 2518 679 communis
2547 627 2675 681 erit.
2709 628 2924 686 Rursus
2954 633 3281 692 Timotheus
3314 638 3573 710 blasphe-

308 757 402 795 νου
451 736 670 808 μανίαν.
700 733 782 804 (P.
811 729 939 799 2'56)
975 727 1146 781 Πάλιν
1187 724 1458 797 Τιμόθεος
1487 722 1516 774 6
1548 719 1892 792 βλάσφημος,

1996 725 2141 777 Inus,
2166 714 2324 781 quasi
2353 730 2462 768 non
2497 715 2601 771 sibi
2627 718 2946 776 sullioerent
2976 726 3227 781 stultitia:
3256 730 3490 800 priores,
3520 734 3572 788 in

309 834 382 898 ὡς
417 802 519 886 ούκ
549 802 894 900 ἀρκούμενος
933 818 1232 891 προτέραις
1263 815 1427 870 αὐτοῦ
1463 810 1892 884 ματαιολογίαις,

1995 802 2140 858 libro
2185 807 2432 862 secundo
2476 813 2985 869 controversiarum
3032 831 3288 886 suarum,
3329 825 3575 893 apertius

311 927 370 980 ἐν
398 922 477 994 τῷ
504 898 748 990 δευτέρῳ
779 916 890 970 τῶν
921 909 1331 986 ἀπιρῤητικῶν
1357 908 1524 963 αὐτοῦ
1557 908 1753 977 λόγων,
1793 922 1894 960 σαι

1995 898 2254 953 morhum
2291 915 2454 957 suum
2489 906 2726 972 revelat;
2761 909 2843 964 sic
2873 912 3022 966 enim
3060 914 3305 985 loquitur
3337 933 3355 974 :
3397 939 3416 970 ‹
3455 921 3575 976 Non

311 991 582 1086 φέστερον
620 1009 720 1082 τὴν
755 1005 953 1063 ἐαυτοῦ
1006 1005 1163 1058 νόσον
1199 1000 1536 1057 ἐκκαλύπτει
1557 1015 1570 1029 ο
1602 999 1752 1067 λέγει
1785 996 1894 1068 γὰρ

1995 991 2144 1046 enim
2177 1002 2394 1049 natura:
2430 996 2597 1052 habet
2627 998 2871 1055 Verbum
2909 1003 3005 1059 Dei
3038 1006 3205 1062 Verbi
3244 1009 3573 1078 incarnatio,

311 1084 519 1170 οὕτως)
566 1124 584 1156 ι
617 1103 692 1158 Ού
714 1100 826 1172 γὰρ
855 1099 1070 1169 φύσεως
1101 1095 1214 1166 ἔχει
1244 1094 1402 1164 λόγον
1437 1095 1470 1166 ἡ
1498 1091 1594 1146 τοῦ
1632 1089 1769 1144 Θεοῦ
1794 1090 1897 1144 Λόα

1997 1084 2093 1139 sed
2142 1087 2465 1143 meonomiaa
2516 1091 2664 1146 ultra
2709 1103 2965 1150 naturam
3014 1098 3227 1155 etl‘ectzo
3273 1119 3302 1157 a
3349 1104 3462 1159 Deo
3509 1122 3577 1162 ex

311 1218 414 1271 γου
449 1199 752 1270 σάρκωσις,
783 1192 904 1248 ἀλλ’
927 1189 1246 1260 οἰκονομίας
1269 1187 1411 1259 ὺπέρ
1457 1184 1624 1256 φύσιν
1657 1200 1897 1255 πραττοο

1997 1179 2278 1233 communi
2323 1181 2549 1250 quidem
2595 1183 2944 1258 humanaque
2995 1199 3185 1247 nostra
3221 1205 3419 1252 natura
3461 1198 3576 1255 sive

314 1269 485 1364 μένης
516 1269 624 1344 ύπδ
657 1287 794 1342 Θεοῦ
823 1289 888 1340 ἐκ
927 1285 1026 1356 μέν
1066 1285 1170 1354 τῆς
1201 1283 1389 1352 κοινῆς
1413 1281 1508 1335 καὶ
1545 1278 1896 1352 ἀνθρωπίνης

1999 1269 2326 1326 substantia.
2359 1273 2488 1328 ldco
2518 1285 2736 1343 natura,
2767 1282 3125 1349 generatione
3154 1287 3575 1363 substantiaque

311 1363 472 1456 ἡμῶν
497 1381 715 1452 φύσεως
751 1379 871 1449 ἦτοι
894 1376 1084 1440 οὐσίας
1101 1392 1113 1405 ·
1139 1375 1220 1427 διὸ
1251 1375 1350 1428 καὶ
1385 1372 1632 1444 ὁμοφυὴς
1655 1371 1751 1426 xal
1768 1374 1899 1441 ὁμο.-

1997 1363 2196 1420 similis
2219 1365 2381 1421 nobis
2410 1367 2616 1423 dicitur
2639 1372 2946 1429 secundum
2972 1381 3296 1436 oeconomiae
3316 1385 3571 1450 verbum.

312 1476 478 1546 γενὴς
513 1476 609 1528 καὶ
647 1471 935 1542 ὁμοούσιος
973 1471 1108 1540 ἡμῖν
1137 1467 1361 1536 λέγεται
1394 1464 1542 1519 κατά
1579 1465 1670 1519 τὸν
1695 1464 1794 1536 τῆς
1819 1464 1899 1519 οἰ-

1999 1456 2114 1512 sive
2175 1474 2244 1512 ex
2307 1460 2541 1516 muliere
2598 1464 2980 1535 nativitatem;
3044 1486 3326 1544 nunquam
3391 1491 3571 1535 autem

313 1564 576 1634 κονομίας
596 1563 776 1632 λόγον,
804 1561 922 1630 ἦτοι
953 1560 1053 1628 τὴν
1077 1560 1142 1611 ἐκ
1165 1557 1424 1627 γυναικὸς
1456 1555 1712 1625 γέννησιν
1732 1571 1745 1585 ·
1771 1554 1896 1608 οὔτε

1999 1559 2200 1604 natura
2232 1552 2321 1606 vel
2361 1553 2670 1610 substantia
2713 1562 3023 1618 communis
3063 1566 3297 1640 alicujus
3335 1571 3576 1629 hominis

312 1659 370 1712 δὲ
403 1658 570 1727 φύσις
613 1654 740 1709 οὗτε
770 1653 929 1707 οὐσία
969 1650 1149 1706 κοινοῦ
1183 1668 1328 1716 τινος
1357 1649 1647 1720 ἀνθρώπου
1687 1665 1898 1721 προση-

1998 1649 2253 1696 vocatum
2287 1652 2372 1698 est
2397 1646 2664 1702 mundum
2699 1649 2992 1724 simileque
3025 1657 3186 1714 nobis
3219 1665 3575 1730 generatione

313 1747 574 1816 γόρευται
623 1743 846 1797 πώποτε
900 1742 964 1795 τὸ
1016 1743 1288 1813 ἄχραντον
1321 1741 1417 1794 καὶ
1454 1740 1718 1811 ὁμογενὲς
1763 1741 1898 1810 ἡμῖν

1998 1747 2203 1805 corpus
2230 1736 2325 1791 Dei
2353 1737 2542 1794 Verbi.
2574 1760 2591 1792 ι
2625 1741 2704 1797 Ex
2726 1744 2891 1802 dictis
2917 1750 3146 1807 evidens
3176 1769 3310 1826 ergo
3340 1768 3575 1828 constat,

315 1840 476 1909 σῶμα
498 1836 595 1892 τοῦ
624 1835 762 1891 Θεοῦ
790 1836 986 1904 Λόγου.
1018 1853 1036 1886 ι
1083 1833 1182 1888 Διά
1217 1833 1327 1887 τῶν
1359 1832 1670 1904 εἰρημένων
1711 1831 1896 1884 τοίνυν
1928 1897 1939 1911 Ι

1954 1898 1968 1911 _
2000 1824 2440 1886 incarnationem
2486 1833 2583 1890 Dei
2618 1837 2818 1905 Verbi,
2853 1851 3064 1899 naturae
3095 1847 3326 1904 verbum
3371 1854 3578 1911 habere

314 1897 552 2004 φανερὸν
589 1897 954 1998 καθέστηκεν,
990 1927 1074 1980 ὅτι
1111 1926 1213 1998 τὴν
1260 1924 1356 1978 τοῦ
1551 1923 1730 1992 Λόγου
1765 1923 1899 1994 σάρ-
1927 1897 1938 1952 ¹

1951 1897 1968 1952 ³
2000 1934 2205 1991 negare
2235 1921 2611 1982 Timotheum.
2646 1929 2702 1984 Si
2738 1942 2922 1988 autem
2957 1946 3170 1995 natura:
3199 1944 3430 2000 verbum
3465 1964 3575 2003 non

315 2047 507 2094 κωσιν,
547 2027 763 2096 φύσεως
795 2024 942 2095 ἔχειν
970 2024 1302 2096 ἀπαρνεῖται
1327 2021 1487 2087 λόγον
1515 2020 1804 2092 Τιμόθεος.
1833 2019 1896 2073 Ei

2000 2007 2198 2076 habet,
2231 2014 2541 2071 secundum
2579 2019 2822 2088 speciem
2863 2024 3034 2080 solam
3069 2033 3392 2098 apparuisse
3429 2035 3577 2093 illam

315 2124 372 2176 δὲ
426 2122 644 2192 φύσεως
675 2119 836 2188 λόγον
869 2119 970 2172 οὐκ
1016 2119 1153 2188 ἔχει,
1190 2115 1337 2170 κατὰ
1379 2113 1680 2183 φαντασίαν
1727 2112 1898 2183 μόνην

2000 2101 2165 2169 dicit;
2203 2104 2337 2160 dicit
2371 2106 2520 2161 enim
2564 2127 2577 2162 :
2619 2129 2638 2161 ι
2679 2111 2758 2166 Ex
2792 2117 3071 2172 communi
3113 2121 3338 2189 quidem
3382 2125 3578 2183 huma-

316 2213 555 2282 φανῆναι
581 2208 789 2280 ταύτην
820 2208 995 2277 λέγει’
1023 2208 1159 2276 φησὶ
1181 2207 1289 2276 γάρ
1307 2221 1323 2236 ·
1362 2224 1380 2257 ι
1405 2206 1500 2258 Ἐκ
1527 2203 1624 2276 μὲν
1661 2203 1760 2274 τῆς
1783 2219 1899 2256 κοιο

2002 2209 2181 2264 naque
2217 2206 2406 2254 nostra
2439 2208 2638 2256 natura
2679 2218 2777 2259 seu
2816 2207 3126 2267 substantia
3160 2213 3310 2270 Deus
3338 2217 3578 2274 Verbum

314 2306 413 2376 νῆς
452 2305 550 2358 καὶ
577 2302 930 2374 ἀνθρωπίνης
972 2300 1130 2372 ἡμῶν
1168 2299 1386 2369 φύσεως
1407 2297 1528 2369 ἤτοι
1575 2294 1766 2358 οὐσίας
1805 2293 1898 2347 τὸν

1999 2287 2220 2356 genitus
2248 2299 2356 2354 est,
2382 2291 2596 2348 scilicet
2624 2309 2691 2350 ex
2721 2299 2977 2365 muliere,
3029 2306 3449 2380 secundumque
3475 2311 3581 2369 hoc

315 2398 450 2451 Θεὸν
474 2397 650 2466 Λόγον
679 2394 1039 2464 γεγενῆσθαι,
1078 2393 1360 2446 τουτέστιν
1387 2393 1453 2444 ὲκ
1480 2387 1761 2459 γυναικὸς,
1804 2386 1900 2440 καὶ

1999 2379 2180 2436 solum
2218 2382 2416 2439 similis
2448 2386 2609 2443 nobis
2647 2403 2878 2458 natura,
2911 2399 3274 2466 generatione
3313 2379 3580 2460 substan-

317 2489 463 2545 κατὰ
495 2490 657 2545 τοῦτο
680 2491 841 2560 μόνον
867 2488 962 2542 καὶ
981 2488 1200 2559 ὁμοφυὶ
1228 2486 1324 2540 καὶ
1357 2484 1592 2556 ὁμογενῆ
1644 2484 1740 2536 καὶ
1768 2482 1901 2551 ὁμο·

2000 2472 2190 2543 tiaque
2232 2475 2461 2544 dicitur,
2497 2479 2752 2553 Deusque
2800 2486 2868 2541 de
2915 2489 3149 2546 muliere
3198 2503 3361 2551 natus
3407 2509 3514 2553 est.
3554 2521 3574 2552 ι

317 2584 498 2639 ούσιον
527 2584 660 2655 ἡμῖν
684 2582 964 2651 λέγεσθαι,
992 2581 1088 2634 καὶ
1116 2579 1247 2643 Θεὸς
1279 2579 1344 2632 ἐκ
1365 2577 1624 2648 γυναικὸς
1663 2573 1900 2644 ἁπετέχ-
1923 2575 1926 2578 ί

2002 2565 2248 2624 Similem
2281 2571 2440 2628 nobis
2470 2576 2800 2646 substantia,
2823 2584 2919 2638 sed
2948 2599 3057 2641 non
3090 2585 3270 2658 ipsum
3291 2591 3578 2650 Dominum

320 2675 409 2744 θη.
437 2694 456 2729 ι
495 2673 814 2746 Ὀμοούσιον
833 2674 967 2744 ἡμῖν
989 2671 1050 2726 ού
1077 2671 1184 2744 μὴν
1209 2670 1371 2724 αὑτὸν
1404 2669 1495 2722 τὸν
1522 2667 1730 2739 Κύριον
1757 2665 1900 2719 κατά

2001 2661 2308 2716 secundum
2341 2673 2596 2722 naturam
2617 2709 2633 2734 ,
2661 2686 2757 2726 seu
2794 2675 3160 2734 substantiam
3189 2683 3398 2755 aliquid
3427 2704 3580 2744 com-

320 2769 642 2840 φύσιν,ητοι
669 2767 881 2829 οὐσίαν,
914 2765 1092 2819 κοινὸν
1118 2763 1264 2834 ἔχειν
1287 2780 1339 2817 τι
1383 2762 1520 2833 πρὸς
1576 2759 1902 2832 ἀνθρώπους

2004 2753 2190 2807 munis
2222 2769 2349 2810 cum
2384 2757 2707 2818 hominibus
2739 2763 2946 2822 habere
2978 2768 3143 2838 dicit;
3183 2753 3337 2832 addit
3373 2781 3522 2836 enim
3567 2802 3579 2837 :

320 2863 497 2931 λέγει’
545 2861 744 2930 ἐπάγει
778 2858 910 2929 γάρ,
965 2859 1068 2924 ὅτι,
1103 2855 1276 2911 «Οὕτε
1326 2855 1509 2925 φύσις,
1547 2853 1672 2908 οὗτε
1719 2853 1900 2917 οὐσία,

2013 2861 2032 2893 τ
2088 2843 2204 2898 Nec
2252 2857 2488 2914 natura,
2540 2868 2645 2908 nec
2695 2855 3004 2914 substantia
3058 2861 3294 2936 alicujus
3343 2869 3584 2928 hominis

321 2950 506 3006 κοινοῦ
555 2970 700 3016 τινος
740 2950 1030 3022 ἀνθρώπου
1071 2949 1515 3020 προσηγόρευται
1572 2946 1812 3011 πώποτε,
1843 2945 1906 2998 τὸ

2008 2947 2254 3002 unquam
2304 2948 2560 2996 vocatum
2615 2953 2700 2998 est
2752 2949 3023 3007 mundum
3080 2953 3374 3029 simileque
3424 2965 3585 3020 nobis

321 3047 591 3118 ἄχραντον
619 3045 715 3099 καὶ
740 3043 1002 3115 ὁμογενὲς
1032 3044 1162 3113 ημῖν
1190 3041 1353 3112 σῶμα
1381 3040 1476 3094 τοῦ
1504 3039 1637 3093 Θεοῦ
1665 3039 1859 3107 Λόγου,
1877 3056 1894 3088 ι

2006 3028 2367 3093 generatione
2399 3047 2603 3104 corpus
2633 3037 2729 3093 Dei
2759 3038 2946 3097 Verbi.
2984 3063 3004 3097 ι
3041 3045 3176 3104 Cum
3207 3028 3372 3123 neget
3399 3067 3583 3114 autem

323 3137 689 3210 Ἀρνούμενος
720 3137 778 3190 δὲ
808 3138 874 3208 τῇ
921 3136 1167 3207 ἡμετέρᾳ
1201 3151 1362 3204 φυσει
1413 3135 1692 3188 κοινωνεῖν
1717 3131 1780 3185 τὺ
1807 3130 1905 3184 τοῦ

2007 3132 2214 3189 corpus
2248 3123 2464 3180 Domini
2507 3143 2631 3183 cum
2669 3141 2859 3189 nostra
2900 3146 3099 3196 natura
3140 3151 3583 3222 communicare,

322 3232 531 3306 Κυρίου
557 3231 739 3302 σῶμα,
756 3229 1026 3302 πρόδηλός
1044 3231 1164 3282 ἐστι
1192 3229 1330 3300 πρὸς
1356 3227 1576 3326 ἀπάτην
1593 3226 1689 3326 καὶΖ
1713 3228 1902 3326 μόνην,
1935 3274 1946 3322 ε

1962 3271 1975 3290 ι
2010 3209 2298 3267 evidenter
2341 3215 2410 3270 ad
2457 3217 2842 3289 decipiendum
2892 3237 3058 3298 atque
3109 3233 3177 3288 ad
3226 3209 3586 3298 ἀειίηρηάυης

1962 3303 1977 3324 ι
2011 3313 2114 3326 ....-
2144 3315 2275 3326 ..-μ
2318 3302 2582 3326 non“...
2619 3325 2626 3326 ,
2882 3315 2915 3326 ..
2943 3317 2974 3326 ..
3162 3321 3195 3326 _-
3260 3323 3272 3326 _

322 3329 388 3397 τῇ
416 3302 536 3378 ντοῦ
586 3321 969 3393 Μονογενοῦς
1007 3319 1152 3387 λέξει
1197 3318 1560 3389 κεχρημένος,
1608 3319 1700 3372 καὶ
1735 3316 1903 3388 μηδὲν
1935 3302 1946 3322 ¹

1961 3303 1977 3325 ³
2011 3313 2116 3354 nos
2144 3315 2278 3356 voce
2315 3302 2582 3375 Unigeniti
2617 3310 2813 3378 utitur,
2841 3315 3090 3387 nihilque
3125 3321 3275 3378 aliud
3312 3340 3410 3395 per
3439 3327 3585 3384 illam

323 3391 512 3489 ἕτερον
549 3415 639 3470 διὰ
685 3391 892 3486 ταύτης
934 3413 1092 3478 νοῶν,
1146 3413 1194 3465 εί
1238 3413 1313 3483 μὴ
1379 3412 1460 3464 ὅτι
1507 3411 1582 3474 ὡς
1615 3410 1905 3482 ἄνθρωπος

2015 3391 2274 3467 intelligit
2301 3397 2407 3453 nisi
2439 3399 2718 3478 hominem
2755 3408 2859 3462 sub
2894 3412 3078 3480 specie
3113 3391 3359 3485 genitum
3395 3421 3587 3492 fuisse,

325 3487 466 3563 κατὰ
509 3507 814 3578 φαντασίαν
867 3507 1213 3577 γεγέννηται,
1246 3506 1342 3559 καὶ
1387 3504 1613 3572 δοκήσει
1648 3503 1708 3556 οὐ
1743 3501 1904 3570 φύσει

2013 3487 2490 3561 similitudineque
2529 3510 2640 3550 non
2684 3510 2880 3556 natura
2923 3503 3203 3562 hominem
3245 3516 3587 3583 apparuisse.

325 3601 500 3673 ἐφάνη
521 3574 841 3670 ⁷ἄνθρωπος.
872 3599 935 3652 Εἰ
984 3597 1042 3651 δὲ
1084 3574 1262 3650 ταῦτα
1290 3594 1464 3659 οὕτως
1494 3594 1608 3664 ἔχει
1638 3593 1780 3647 κατὰ
1807 3593 1906 3662 τὴν

2015 3574 2071 3630 Si
2097 3591 2229 3632 vero
2255 3578 2372 3635 huic
2397 3582 2477 3637 sic
2499 3598 2558 3640 se
2584 3586 2789 3645 habent
2807 3591 2963 3662 juxta
2990 3574 3587 3673 Timothei-insaniam,

325 3668 593 3764 Τιμοθέου
625 3668 845 3761 μανίαν,
883 3689 1053 3758 σαφὲς
1092 3686 1458 3757 καθέστηκεν,
1487 3688 1570 3739 ὅτι
1595 3686 1689 3738 καὶ
1718 3685 1777 3737 τὸ
1801 3683 1908 3738 πά-

2012 3668 2306 3726 evidenter
2336 3682 2554 3731 constat
2589 3681 2903 3748 passionem
2923 3725 2937 3749 ,
2973 3702 3192 3744 crucem
3212 3733 3227 3758 ,
3259 3707 3493 3753 mortem
3529 3715 3593 3755 ac

325 3790 415 3851 θος
451 3785 550 3840 καὶ
581 3784 672 3837 τὸν
695 3783 929 3855 σταυρὸν
977 3784 1073 3836 καὶ
1111 3782 1200 3836 τὸν
1231 3782 1464 3835 θάνατον
1495 3780 1591 3834 καὶ
1631 3780 1732 3850 τὴν
1779 3779 1909 3832 ἀνά-

2016 3764 2478 3821 resurrectionem
2505 3769 2723 3826 Domini
2752 3775 2855 3829 sub
2881 3779 3064 3846 specie
3097 3782 3266 3840 fa-ctas
3290 3803 3412 3846 esse
3439 3791 3593 3849 illum

328 3897 518 3934 στασιν
545 3877 640 3932 τοῦ
685 3877 888 3950 Κυρίου
941 3876 1084 3929 κατὰ
1122 3875 1426 3944 φαντασίαν
1472 3873 1641 3945 φησὶν
1679 3870 1907 3940 γεγενῆ-

1679 3870 1907 3940 γετενῆ,
2013 3867 2293 3922 asserere,
2323 3860 2470 3928 quod
2501 3863 2666 3917 etiam
2701 3867 2897 3924 asserit
2923 3869 3274 3934 Manichaaus.

328 3975 473 4035 σθαι,
499 3974 636 4044 ὅπερ
667 3975 764 4024 καὶ
796 3971 1096 4040 Μανιχαῖος
1123 3970 1296 4037 λέγει.
2087 4035 2107 4050 ,
2133 4035 2143 4050 ,
2272 4038 2333 4050 _.

398 4064 482 4136 ιι).
507 4035 660 4136 sai]
685 4063 794 4117 Καὶ
825 4035 989 4116 πάλιν
1012 4035 1274 4133 Τιμόθεος
1312 4064 1430 4126 ταῖς
1451 4063 1644 4118 ἐαυτοῦ
1667 4063 1909 4134 βλασφη-

2087 4035 2236 4091 Idem
2272 4038 2598 4100 Timotheus
2639 4048 2756 4103 suis
2789 4049 3148 4124 blasphemiis
3187 4059 3369 4118 adhuc
3407 4066 3593 4138 pejora

332 4130 483 4228 μῐαις
508 4130 918 4228 προσεπιτιθεὶς
953 4153 1026 4208 τὰ
1052 4130 1294 4224 χείρονα,
1322 4156 1416 4209 καὶ
1447 4157 1504 4208 ἐν
1538 4155 1615 4227 τῷ
1662 4130 1909 4227 τετάρτω

2016 4130 2197 4196 addit,
2223 4142 2389 4206 atque.
2420 4137 2475 4191 in
2507 4149 2706 4208 quarto
2740 4145 2921 4215 capite
2955 4151 3258 4220 supradicti
3287 4130 3424 4212 libri
3447 4130 3594 4216 tertii.

328 4249 494 4304 αὐτοῦ
527 4245 920 4318 κεφαλαίῳτοῦ
945 4247 1237 4318 εἰρημένου
1264 4248 1448 4319 τρίτου
1483 4247 1708 4318 βιϐλίου,
1763 4248 1909 4316 λέγει

2017 4228 2133 4285 ι]ωο
2167 4231 2302 4286 dicit
2333 4250 2344 4286 :
2385 4253 2402 4283 ι
2436 4235 2734 4308 Diphysitae
2773 4239 3027 4312 (duarum
3064 4255 3387 4307 naturarum
3417 4252 3597 4310 lauto.-

327 4341 455 4396 τάδε
475 4357 520 4392 ἰ
547 4340 808 4406 Δείξωσιν
831 4341 963 4411 ἡμῖν
993 4339 1282 4408 Διφυσϊται
1309 4338 1418 4392 τῶν
1444 4339 1538 4393 δύο
1568 4338 1781 4408 φύσεων
1813 4337 1909 4392 τοῦ

2017 4324 2126 4396 res)
2161 4327 2323 4383 nobis
2353 4329 2736 4388 demonsrrent
2765 4333 2997 4392 duarum
3030 4349 3354 4399 naturarum
3388 4343 3596 4403 Christi

329 4433 567 4508 Χριστοῦ
602 4433 888 4506 διαφορὰν,
933 4433 1010 4498 ὡς
1052 4433 1211 4486 αὐτοὶ
1232 4433 1507 4501 λέγουσιν,
1529 4435 1578 4485 εἰ
1599 4433 1902 4490 δύνανται.»

2017 4417 2407 4488 dill'erentiam,
2431 4435 2492 4478 ut
2514 4424 2690 4490 aiunt,
2715 4426 2758 4481 si
2787 4439 3036 4498 possunt.
3067 4452 3085 4484 ι
3114 4433 3194 4490 En
3223 4446 3409 4507 aperte
3434 4450 3597 4512 negat

343 4528 474 4582 Ἰδοὺ
516 4526 704 4596 σαφῶς
747 4529 994 4598 ἀρνεῖται
1040 4525 1140 4597 τὴν
1169 4525 1430 4597 διαφορὰν
1468 4525 1575 4579 τῶν
1605 4525 1663 4578 ἐν
1691 4525 1911 4596 Χριστῷ

2017 4509 2392 4567 diﬁ‘erentiam
2426 4513 2660 4570 duarum
2695 4526 3020 4575 naturarum
3057 4521 3112 4578 in
3148 4522 3400 4593 Christo,
3430 4509 3595 4599 atque

329 4619 425 4674 δύο
469 4619 724 4688 φύσεων·
765 4619 860 4671 καὶ
907 4620 967 4671 ἐν
1011 4617 1188 4687 τούτῳ
1229 4617 1287 4670 δὲ
1331 4619 1530 4687 ὁμοίως
1573 4617 1911 4670 ἐναντιοῦται
1947 4636 1953 4691 ]

1967 4601 2075 4690 )ἰιι
2117 4601 2214 4656 illo
2252 4603 2578 4659 adversatur
2614 4608 2873 4665 omnibus
2911 4613 3034 4669 aliis
3071 4620 3279 4672 sanctis
3315 4620 3591 4686 Patribus,

332 4713 468 4765 πᾶσι
503 4713 618 4774 τοῖς
641 4727 700 4764 τε
747 4709 929 4772 ἄλλοις
978 4709 1156 4776 ἁγίοις
1208 4707 1475 4778 Πατράσι,
1533 4706 1628 4760 καὶ
1680 4706 1914 4777 μάλιστα

2019 4693 2292 4764 imprimis
2307 4696 2606 4752 Athanasio
2623 4715 2687 4754 ac
2701 4699 2930 4771 Cyrillo.
2944 4737 3011 4746 -—
3028 4707 3246 4765 Rursus
3260 4711 3404 4767 idem
3424 4712 3595 4769 haere-

343 4802 652 4872 ’Λθανασίῳ
677 4803 773 4855 κά).
816 4799 1308 4871 Κυρίλλῳ.-Καὶ
1356 4797 1520 4852 πάλιν
1570 4796 1833 4868 Τιμόθεος
1887 4800 1916 4852 6

2021 4788 2164 4842 ticus
2194 4789 2522 4846 Timotheus
2554 4793 2608 4847 in
2644 4809 2764 4849 sese
2793 4798 3032 4868 majores
3065 4800 3436 4872 blasphemias
3472 4805 3593 4861 vol-

301 4892 611 4963 Δαἱρετικδς
632 4891 888 4964 μείζονας
906 4887 1140 4944 ἐπινοῶν
1170 4887 1348 4958 ἐαυτῷ
1381 4887 1747 4958 βλασφημίας,
1780 4903 1916 4958 προ-

2018 4893 2187 4943 vens,
2222 4880 2404 4950 rejicit
2441 4883 2821 4952 propheticam
2860 4903 3054 4943 vocem
3096 4890 3178 4945 sic
3217 4892 3533 4962 loquentem
3579 4919 3591 4954 :

335 4985 591 5040 ϐάλλεται
619 4984 965 5056 προφητικὴν
1001 4983 1160 5054 ῥῆσιν
1181 4982 1445 5050 λέγουσαν
1495 4980 1668 5044 οὕτως
1692 4996 1705 5008 ·
1753 4999 1771 5032 ι
1803 4983 1917 5033 Απ-

2028 4989 2046 5021 ι
2081 4970 2300 5028 Mittens
2327 4972 2395 5028 ad
2425 4973 2680 5030 homines
2707 4976 2988 5034 Christum
3023 4996 3212 5047 suum,
3244 4994 3300 5040 et
3330 4987 3598 5046 Dominus

338 5076 618 5144 αγγέλλων
665 5078 744 5140 είς
796 5075 1118 5149 ἀνθρώπους
1162 5074 1254 5127 τὸν
1311 5074 1546 5146 Χριστὸν
1597 5073 1784 5137 αὐτοῦ,
1826 5073 1920 5125 καὶ

2022 5065 2166 5120 Deus
2203 5066 2556 5136 omnipotens
2590 5084 2793 5124 nomen
2831 5073 2970 5142 ejus.
3018 5094 3036 5125 ι
3076 5074 3246 5146 lmpie
3283 5077 3400 5134 [nec
3433 5083 3597 5137 verba

339 5167 544 5232 Κύριος
571 5167 600 5220 6
649 5167 783 5232 Θεὸς
833 5167 1232 5240 παντοκράτωρ
1282 5167 1452 5238 ὖνομα
1507 5165 1676 5234 αὐτῷ.
1711 5184 1730 5218 ι
1789 5161 1921 5218 Εἶτα

2022 5169 2311 5231 postquam
2334 5160 2733 5231 interpretatus
2749 5173 2856 5229 est,
2877 5167 3080 5238 pergit:
3109 5168 3265 5240 «Ipse
3303 5171 3472 5244 igitur
3503 5193 3601 5246 per

341 5258 531 5322 κακῶς
560 5258 761 5322 ταύτας
789 5259 1156 5331 ἐξηγούμενος
1185 5258 1383 5327 ἐπάγει
1410 5276 1424 5290 ο
1461 5276 1481 5309 ι
1523 5259 1696 5322 Αὐτὸς
1730 5253 1823 5311 οὖν
1853 5257 1920 5310 δι’

2022 5254 2264 5325 seipsum
2314 5255 2464 5311 misit
2509 5256 2575 5310 ad
2624 5257 2916 5326 homines;
2965 5277 3130 5332 quem
3175 5264 3372 5322 videns
3416 5269 3497 5324 sol
3547 5269 3599 5325 in

343 5350 538 5404 ἐαυτοῦ
575 5351 912 5420 ἀπήγγειλεν
939 5355 1053 5416 τοῖς
1097 5351 1410 5424 ἀνθρώποις
1440 5368 1454 5381 ·
1499 5349 1687 5404 τοῦτον
1734 5349 1856 5402 ίδὼν
1895 5351 1923 5403 6

2024 5346 2255 5401 meridie
2311 5348 2533 5404 occidit.
2583 5348 2690 5405 Sed
2754 5351 2889 5406 illud
2948 5354 3190 5411 hominis
3245 5361 3602 5428 generatione

342 5444 494 5515 ἥλιος
529 5444 618 5498 ἔδυ
661 5444 999 5519 μεσημϐρίᾳ.
1057 5445 1198 5499 Ἀλλ’
1229 5445 1331 5498 οὐκ
1390 5443 1604 5515 ἐδέχετο
1653 5441 1810 5496 τοῦτο
1856 5441 1924 5494 δι’

2024 5455 2134 5493 non
2167 5440 2562 5511 recipiebatur,
2595 5443 2681 5498 vel
2718 5444 2960 5501 humana
2999 5457 3220 5516 natura;
3258 5452 3422 5507 aliter
3453 5456 3601 5510 enim

344 5536 633 5608 ἀνθρώπου
667 5537 943 5605 γενέσθαι,
972 5538 1089 5609 ἤτοι
1113 5538 1200 5591 διὰ
1227 5537 1442 5607 φύσεως
1472 5536 1819 5607 ἀνθρωπίνης
1851 5551 1864 5565 ο
1892 5533 1924 5604 ἢ

2026 5533 2252 5586 omnino
2310 5542 2366 5588 et
2421 5535 2474 5590 in
2540 5547 2870 5606 perpetuum
2932 5541 3174 5598 solveret
3233 5544 3602 5616 virginitatem

344 5630 453 5704 γὰρ
482 5630 546 5684 ἂν
580 5631 760 5701 πάντη
783 5647 842 5682 τε
877 5631 972 5684 καὶ
1001 5630 1282 5695 παντελῶς
1309 5632 1462 5685 ἔλυεν
1495 5631 1594 5702 τὴν
1631 5627 1927 5701 παρθενίαν

2027 5626 2270 5682 hominis
2298 5636 2520 5694 natura;
2552 5630 2599 5684 si
2629 5631 2777 5685 enim
2807 5642 2951 5687 esset
2980 5634 3144 5690 homo
3168 5636 3323 5704 juxta
3353 5647 3605 5693 naturam

345 5723 380 5792 ἠ
412 5722 700 5791 ἀνθρώπου
732 5721 892 5791 φύσις
921 5739 933 5752 ο
969 5724 1016 5776 εἰ
1049 5723 1157 5794 γὰρ
1194 5719 1262 5795 ἦν
1288 5723 1578 5795 ἄνθρωπος
1600 5722 1739 5776 κατὰ
1769 5720 1929 5790 φύσιν

2031 5735 2096 5775 ac
2129 5721 2307 5791 legem
2346 5721 2720 5791 perliciendus
2752 5724 2920 5779 homo
2957 5725 3012 5780 in
3047 5728 3171 5782 sinu
3196 5727 3463 5800 Virginis,
3497 5747 3607 5786 non

345 5816 440 5869 καὶ
470 5817 633 5886 νόμον
659 5817 686 5870 6
719 5814 926 5887 μέλλων
945 5815 1325 5870 ἀποτελεῖσθαι
1345 5816 1630 5888 ἄνθρωπος
1660 5816 1717 5870 ἐν
1752 5817 1935 5888 μήτρᾳ.

2034 5821 2198 5867 natus
2225 5811 2420 5866 fuisset
2449 5829 2516 5866 ex
2548 5813 2661 5879 illa,
2685 5815 2790 5871 nisi
2824 5816 2980 5886 prius
3007 5817 3323 5888 virginitate
3349 5819 3549 5874 soluta.
3586 5839 3605 5871 ι

344 5913 447 5984 τῆς
482 5911 787 5984 Παρθένου,
822 5910 919 5964 ούκ
952 5910 1019 5964 ἂν
1054 5911 1248 5982 ἐτέχθη
1285 5909 1344 5975 ἐξ
1374 5911 1563 5982 αὐτῆς,
1597 5911 1644 5963 εξ
1683 5909 1758 5982 μὴ
1786 5925 1936 5981 πρω-

2036 5905 2144 5961 Sed
2175 5905 2291 5959 haec
2319 5903 2540 5976 peperit
2566 5917 2732 5977 caput
2758 5907 3034 5964 Timothei
3067 5908 3351 5980 ipsiusque
3380 5908 3611 5964 assecla-

627 6010 901 6070 Pnaoru
939 6009 1055 6071 Gn.
1096 6010 1429 6073 LXXXVI.
3177 6003 3252 6066 36
