4088 6530
498 366 631 461 1131

1628 384 2071 451 JUS'I‘INIANI
2114 383 2638 447 IMPERATORIS

3637 390 3779 459 1132

492 523 653 572 rum;
696 502 1043 575 blasphemat
1079 498 1228 556 enim
1274 496 1621 569 Scripturam
1661 496 1905 552 divinam
1948 510 2077 550 san—

2181 510 2272 547 τον
2303 493 2405 563 τῆς
2430 491 2741 564 Παρθενίας
2766 491 3139 565 διαλυθείσης.
3178 514 3199 547 ι
3250 497 3413 554 Ἀλλὰ
3428 497 3606 555 ταῦτα
3630 504 3780 560 κατά

492 610 725 669 ctosque
754 598 968 659 Patres,
996 593 1105 650 illis
1134 587 1504 647 adversando.
1537 588 1659 645 Non
1688 585 2074 643 animadvertit

495 695 552 749 in
590 693 701 748 hoc
739 688 977 745 maxime
1013 701 1136 742 esse
1174 685 1504 740 miraculum
1543 680 1770 754 pietatis
1803 676 2076 751 mysterii,

491 783 640 856 quod
672 780 996 853 unigenitus
1024 778 1200 833 Filius
1229 793 1294 833 ac
1322 776 1567 833 Verbum
1602 775 1731 839 Dei,
1763 788 1890 830 cum
1931 773 2080 827 Deus

490 883 643 932 esset
665 882 889 937 natura,
913 871 1237 926 incarnatus
1252 868 1327 924 sit
1351 867 1406 922 in
1433 875 1594 923 utero
1616 864 1880 936 Virginis,
1901 863 2081 919 factus

491 968 568 1024 sit
611 965 919 1023 secundum
966 972 1223 1017 naturam
1265 960 1467 1021 homo,
1512 973 1583 1016 ex
1622 959 1717 1014 illa
1760 966 1925 1013 natus
1973 954 2077 1021 sit,

492 1072 840 1129 matremque
864 1056 1147 1127 Virginem
1179 1052 1510 1110 servaverit.

562 1335 804 1406 Sanctus
842 1333 1086 1407 Cyrillus
1120 1332 1178 1387 in
1213 1346 1470 1387 sermone
1505 1328 1575 1386 de
1604 1326 1922 1400 virginitate
1961 1326 2078 1381 Ma-

491 1410 595 1484 tris
620 1428 716 1485 Dei
742 1426 1058 1484 conﬁtenda
1088 1426 1206 1482 haec
1229 1424 1366 1480 dicit
1396 1442 1409 1478 :
1445 1443 1463 1475 ι
1493 1423 1789 1478 Dominum
1812 1437 1879 1477 ac
1905 1422 2078 1477 Deum

489 1521 775 1577 Christum
807 1519 1192 1591 agnoscimus;
1230 1517 1411 1571 lactus
1444 1525 1531 1572 est
1559 1516 1710 1570 enim
1745 1515 1915 1569 homo
1947 1529 2081 1585 pro-

490 1622 615 1684 pter
647 1628 750 1668 nos
784 1610 1021 1669 Verbum
1055 1610 1186 1676 Dei,
1218 1618 1431 1665 natura:
1471 1609 1729 1663 humanae
1766 1607 2077 1678 particeps,

488 1721 726 1775 cumque
776 1705 868 1759 illa
914 1719 1082 1774 quam
1132 1703 1376 1773 sumpsit
1423 1717 1492 1757 ex
1543 1710 1733 1757 sancta
1784 1700 2079 1775 virumque

490 1799 776 1854 nesciente
801 1797 1025 1868 Virgine
1061 1795 1346 1851 ineﬁabile
1378 1794 1584 1849 factum
1613 1801 1701 1847 est
1728 1791 1799 1846 ob
1832 1806 2078 1846 amorem

490 1890 799 1945 hominum.
828 1888 958 1943 Ideo
991 1887 1163 1959 igitur
1196 1895 1424 1942 vocatur
1449 1886 1646 1951 homo;
1678 1892 1912 1939 vocatur
1939 1898 2078 1952 quo-

487 1998 596 2053 que
633 1983 810 2044 Deus,
841 1981 973 2035 dum
1010 1981 1114 2036 sub
1148 1994 1483 2049 unaquaque
1517 1978 1893 2048 appellatione
1929 1976 2076 2031 idem

491 2073 821 2145 intelligitur
874 2071 1150 2128 Christus.
1206 2090 1224 2123 ι
1286 2069 1415 2126 Haec
1469 2084 1604 2140 ergo
1657 2085 1726 2125 ex
1775 2068 2080 2139 Scripturis

488 2167 663 2222 sacris
711 2175 878 2236 atque
922 2180 992 2220 ex
1043 2164 1256 2219 sanctis
1303 2164 1565 2219 Patrihus
1608 2162 1967 2234 exposuimus
2008 2161 2078 2218 ad

490 2258 781 2314 haereticos
827 2256 1226 2322 confutandos,
1261 2271 1329 2311 ex
1373 2270 1485 2326 quo
1532 2271 1727 2310 omnes
1776 2254 2080 2311 Christiani

488 2351 698 2419 scirent
767 2348 1053 2421 quomodo
1101 2348 1400 2403 Dioscorus
1446 2362 1512 2402 ac
1553 2346 1883 2402 Timotheus
1900 2344 2078 2411 Feles,

495 2441 746 2497 haeretici
790 2440 1002 2511 aperti,
1038 2439 1505 2496 cum'Manichazo
1538 2446 1707 2512 atque
1738 2438 2082 2510 Apollinario

492 2535 707 2606 Opinari
741 2534 1217 2613 demonstrentur.

560 2708 702 2763 Audi
742 2723 876 2764 vero
914 2717 1167 2763 sanctum
1213 2707 1518 2780 Cyrillum,
1551 2708 1835 2780 quomodo
1877 2708 1935 2765 in
1977 2723 2082 2767 suo

490 2813 749 2853 sermone
794 2797 942 2853 clare
981 2807 1222 2868 exponat
1264 2810 1511 2856 sanctam
1559 2800 1786 2856 Matrem
1824 2800 1922 2856 Dei
1957 2816 2083 2857 esse

498 2890 778 2963 Virginem
816 2889 1222 2958 conﬁtendam;
1262 2891 1345 2946 sic
1379 2892 1526 2946 enim
1564 2892 1815 2962 loquitur
1849 2909 1864 2946 :
1908 2911 1928 2945 ι
1973 2891 2082 2949 Sed

493 2984 626 3039 illud
672 2984 1124 3050 consideremus,
1158 2984 1266 3040 nisi
1307 2983 1592 3041 Christum
1628 2985 1800 3040 Deum
1832 2984 1996 3040 simul
2027 2993 2085 3041 et

495 3078 771 3133 hominem
802 3078 1048 3133 novisset
1071 3078 1232 3134 divus
1255 3076 1578 3149 Apostolus,
1606 3078 1761 3133 illum
1790 3080 2082 3135 secundum
2118 3098 2129 3117 ι

493 3185 712 3223 carnem
748 3184 861 3223 non
894 3169 1066 3224 fuisse
1099 3167 1413 3236 dicturum;
1449 3176 1640 3223 notum
1677 3177 1763 3224 est
1791 3168 1941 3223 enim
1977 3169 2085 3225 hoc

494 3277 604 3316 non
652 3260 827 3316 solum
873 3260 943 3315 de
986 3260 1233 3326 homine,
1264 3259 1362 3315 sed
1410 3260 1582 3315 etiam
1629 3261 1698 3315 de
1746 3276 2080 3332 quocunque

492 3354 861 3410 substantiam
896 3353 1138 3409 habente
1171 3353 1302 3409 dici.
1323 3352 1565 3409 Addidit
1593 3369 1845 3424 quoque,
1878 3356 1971 3425 qui
2002 3363 2079 3409 est

494 3466 654 3521 super
693 3450 875 3504 omnia
918 3447 1059 3503 Deus
1085 3456 1133 3514 ο,
1169 3448 1447 3519 duplicem
1485 3448 1637 3504 enim
1681 3448 1751 3504 de
1795 3448 2079 3504 Salvatore

495 3539 898 3597 confessionem
932 3539 1095 3596 nobis
1126 3539 1373 3607 tradidit,
1398 3540 1690 3595 secundum
1720 3557 1957 3606 carnem,
1984 3540 2081 3596 de-

496 3643 838 3697 monstrans,
870 3632 1142 3705 Deumque
1174 3632 1508 3704 praedicans.
1542 3633 1897 3703 Rursumque
1928 3634 2078 3704 Apo-

493 3727 668 3782 stolus
701 3726 769 3781 ad
801 3726 1151 3783 Timotheum
1182 3744 1198 3781 :
1228 3725 1376 3782 Unus
1396 3725 1557 3791 Deus,
1579 3743 1716 3781 unus
1746 3735 1795 3781 et
1818 3727 2079 3783 mediator

496 3819 590 3872 Dei
625 3826 673 3872 et
704 3820 1005 3885 hominum,
1032 3820 1185 3874 homo
1219 3817 1454 3875 Christus
1480 3817 1664 3880 Iesus.
1693 3820 1783 3891 qui
1815 3819 1956 3875 dedit
1990 3836 2076 3875 re-

490 3908 848 3981 demptionem
878 3909 1213 3982 semetipsum
1238 3925 1336 3979 pro
1365 3909 1604 3965 omnibus
1628 3919 1678 3965 ι’.

565 4079 803 4136 Sanctus
830 4079 1159 4137 Ambrosius
1186 4081 1304 4137 haec
1335 4080 1471 4138 dicit
1505 4100 1518 4137 :
1556 4102 1573 4135 ι
1609 4083 1730 4139 Non
1757 4100 1825 4140 ex
1850 4085 2076 4158 Virgine

495 4173 834 4245 principium
867 4175 1104 4244 sumpsit
1132 4174 1278 4229 Deus
1304 4174 1582 4242 Verbum,
1613 4175 1741 4243 sed,
1774 4192 1899 4233 cum
1929 4188 2078 4235 esset

496 4266 645 4321 Patri
673 4281 776 4321 suo
804 4275 1135 4331 coaeternus,
1160 4274 1391 4336 propter
1414 4266 1645 4321 multam
1672 4281 1829 4322 suam
1859 4266 2079 4324 bonita-

498 4367 610 4413 tem
646 4356 986 4429 principium
1024 4365 1226 4413 nostrze
1257 4365 1471 4413 naturae
1505 4358 1613 4414 sibi
1655 4358 1760 4430 ipsi
1794 4360 1955 4418 unire
1989 4361 2079 4418 di-

496 4460 696 4521 gnatus
723 4458 837 4518 est;
866 4465 974 4506 non
1003 4450 1348 4518 commistus,
1375 4452 1475 4508 sed
1506 4453 1560 4508 in
1589 4469 1920 4526 unaquaque
1945 4457 2079 4513 sub-

2180 585 2280 656 τῆς
2305 585 2574 658 Τιμοθέου
2615 586 2855 660 τραπείη
2882 587 3128 659 κεφαλῆς
3158 589 3255 643 καὶ
3282 590 3393 644 τῶν
3412 592 3778 649 ἀκολουθούν-

2180 694 2289 731 των
2325 678 2477 751 αὐτῷ
2510 694 2525 710 ·
2566 676 2885 750 βλασφημεῖ
2918 678 3031 752 γὰρ
3058 682 3124 753 τῇ
3153 696 3215 733 τε
3251 680 3373 755 θείᾳ
3430 684 3622 757 Γραφῇ
3675 689 3780 742 καὶ

2180 772 2294 834 τοῖς
2315 771 2495 840 ἁγίοις
2515 771 2800 843 Πατρὰσιν
2832 771 3248 846 ἐναντιούμενος
3268 791 3283 808 ο
3315 775 3418 829 οὐκ
3449 777 3781 849 αἰσθόμενος

2179 864 2263 918 δτι
2286 865 2344 918 έν
2371 865 2553 938 τούτῳ
2584 866 2821 938 μάλιστα
2854 865 2917 921 τδ
2948 867 3136 940 θαῦμα
3181 867 3276 924 τοῦ
3330 869 3433 940 τῆς
3485 872 3781 940 εὐσεϐείας

2181 956 2329 1010 ἐστὶν
2389 957 2718 1032 μυστηρίου,
2775 960 2861 1013 ὃτι
2914 960 2944 1013 6
2984 959 3282 1033 μονογενὴς
3317 961 3448 1026 Υἱὸς
3474 964 3569 1019 καὶ
3599 965 3783 1034 Λόγος

2179 1047 2275 1102 τοῦ
2309 1048 2466 1114 Θεοῦ,
2494 1050 2626 1116 Θεὸς
2654 1051 2732 1105 ὢν
2766 1051 2928 1122 φύσει
2949 1053 3044 1108 καὶ
3068 1053 3379 1126 σαρκωθεὶς
3410 1057 3471 1109 ἐν
3490 1060 3557 1128 τῇ
3584 1059 3782 1131 μήτρᾳ

2181 1139 2281 1208 τῆς
2310 1140 2617 1212 Παρθένου,
2653 1142 2748 1197 καὶ⁵
2775 1143 3071 1215 γενόμενος
3100 1144 3247 1198 κατὰ
3276 1145 3441 1213 φύσιν
3462 1146 3780 1219 ἄνθρωπος,

2181 1230 2379 1303 ἐτέχθη
2400 1231 2460 1299 ἐξ
2484 1235 2677 1305 αὐτῆς,
2710 1236 2811 1289 καὶ
2833 1236 2934 1307 τὴν
2952 1235 3169 1308 μητέρα
3184 1237 3463 1309 Παρθένον
3483 1239 3779 1309 ἐφύλαξεν.

2255 1322 2339 1396 [Ρ.
2378 1323 2531 1397 238.]
2581 1326 2641 1380 '0
2696 1328 2753 1381 ἐν
2798 1327 2975 1397 ἁγίοις
3021 1329 3292 1400 Κύριλλος
3324 1330 3387 1384 έν
3413 1329 3494 1402 τῷ
3530 1331 3675 1404 λόγῳ
3695 1334 3784 1406 τῷ

2185 1415 2309 1470 Ὅτι
2343 1417 2448 1490 χρὴ
2465 1416 2732 1473 Θεοτὸκον
2763 1420 3048 1491 ὁμολογεῖν
3077 1423 3176 1492 τὴν
3193 1422 3472 1495 Παρθένον
3493 1425 3591 1499 (4),
3623 1428 3782 1497 λέγει

2179 1506 2306 1561 τάδε
2323 1523 2339 1538 ο
2379 1507 2638 1593 (Κύριον
2661 1511 2757 1564 κα)⁵
2781 1509 2916 1565 θεὸν
2936 1511 3373 1585 ὲπιγινὼσκομεν
3393 1516 3484 1570 τὸν
3512 1520 3776 1590 Χριστόν·

2180 1601 2374 1671 γέγονε
2406 1602 2508 1674 μὲν
2536 1605 2646 1676 γὰρ
2672 1604 2961 1677 ἅνθρωπος
2999 1607 3068 1662 δι’
3103 1609 3252 1679 ἡμᾶς
3282 1611 3312 1663 ὁ
3339 1610 3433 1664 τοῦ
3474 1612 3609 1667 Θεοῦ
3664 1614 3779 1668 Λό-

2180 1708 2299 1761 γος,
2337 1693 2629 1765 μετασχὼν
2668 1696 2767 1766 τῆς
2796 1696 3145 1768 ἀνθρωπείας
3174 1699 3392 1769 φύσεως
3422 1703 3515 1756 καὶ
3537 1705 3779 1778 γεγένη-

2180 1802 2272 1839 ται
2300 1786 2389 1841 διὰ
2430 1787 2847 1859 φιλανθρωπίαν
2894 1791 3104 1861 ἄφατον
3150 1793 3290 1863 μετὰ
3331 1794 3537 1867 ταύτης
3573 1798 3639 1851 ἐκ
3671 1800 3781 1869 τῆς

2179 1876 2340 1945 ἁγίας
2369 1877 2465 1932 καὶ
2495 1880 2879 1952 άπειρογάμου
2912 1882 3219 1954 Παρθένου.
3261 1884 3363 1938 Διὰ
3393 1886 3555 1939 τοῦτο
3589 1888 3779 1944 τοίνυν

2179 1970 2430 2025 καλεῖται
2464 1972 2560 2027 καὶ
2596 1972 2885 2046 ἄνθρωπος
2912 1991 2925 2004 ·
2971 1974 3217 2030 καλεῖται
3249 1976 3306 2030 δὲ
3352 1977 3450 2031 καὶ
3488 1979 3642 2046 Θεὸς,
3691 1975 3781 2045 είς

2180 2063 2278 2117 καὶ
2307 2065 2336 2117 ὁ
2363 2064 2524 2128 αὐτὸς
2555 2065 2817 2137 ὑπάρχων
2853 2069 2912 2120 ὲν
2961 2067 3202 2140 ἑκατέρᾳ
3247 2072 3596 2145 προσηγορίᾳ
3638 2074 3783 2144 Χρι-

2183 2154 2328 2218 στὸς.
2368 2174 2387 2206 ι
2430 2154 2618 2209 Ταῦτα
2657 2158 2838 2210 τοίνυν
2874 2158 3035 2228 ἡμεῖς
3066 2158 3128 2211 ἐκ
3165 2176 3224 2211 τε
3263 2158 3373 2211 τῶν
3420 2159 3584 2214 θείων
3630 2162 3778 2232 Γρα-

2182 2244 2298 2315 φῶν
2331 2246 2424 2300 καὶ
2451 2246 2564 2300 τῶν
2586 2246 2758 2317 ἁγίων
2790 2247 3144 2318 παρεθέμεθα
3173 2250 3432 2321 Πατέρων
3455 2252 3594 2321 πρὸς
3621 2251 3780 2321 ἔλεγ-

2181 2352 2276 2407 χον
2330 2336 2442 2391 τῶν
2496 2338 2813 2410 αίρετικῶν,
2869 2340 2954 2409 ἐφ’
2982 2333 3027 2409 ᾧ
3056 2339 3350 2409 γινώσκειν
3370 2342 3622 2409 ἅπαντας
3645 2346 3777 2409 τοὺς

2180 2428 2565 2501 Χριστιανοὺς,
2596 2429 2671 2494 ὼς
2693 2431 2991 2502 Διόσκορος
3024 2432 3119 2486 καὶ
3153 2433 3417 2504 Τιμόθεος
3450 2435 3478 2486 6
3513 2434 3778 2507 Αἴλουρος

2179 2521 2231 2575 οί
2264 2523 2533 2595 αἱρετικοὶ
2562 2523 2822 2594 καθαρῶς
2842 2523 2912 2578 τὰ
2933 2525 3235 2596 Μανιχαίου
3265 2525 3360 2579 καὶ
3395 2526 3778 2602 ’Δπολιναρίου

2182 2613 2511 2686 φρονοῦντες
2538 2615 2977 2672 ἀποδείκνυνται.

2253 2704 2340 2780 [Ρ.
2371 2706 2527 2780 ἳ40.]
2560 2709 2759 2763 Ἄκουε
2788 2709 2846 2764 δὲ
2872 2711 2967 2764 τοῦ
3009 2713 3067 2766 έν
3104 2710 3282 2782 ἁγίοις
3326 2712 3623 2784 Κυρίλλου,
3653 2715 3776 2779 πῶς

2181 2799 2344 2855 τοῦτο
2382 2800 2569 2869 σαφῶς
2605 2801 2905 2873 ὲρμηνεὺει
2951 2804 3009 2857 ὲν
3055 2803 3135 2876 τῷ
3191 2803 3336 2877 λόγῳ
3375 2806 3457 2877 τῷ
3498 2806 3627 2860 Ὀτι
3663 2807 3775 2879 χρὴ

2182 2891 2447 2948 Θεοτόκον
2480 2892 2581 2964 τὴν
2623 2894 2787 2962 ἁγίαν
2820 2894 3096 2967 Παρθένον
3128 2896 3414 2967 ὁμολογεῖν
3440 2914 3455 2928 ·
3486 2897 3637 2968 λέγει
3661 2900 3778 2971 γὰρ

2181 2982 2357 3050 οὕτως
2383 3001 2399 3016 ο
2443 3003 2462 3037 ι
2508 2985 2582 3038 Οὐ
2612 2984 2720 3058 μὴν
2748 2985 2886 3041 άλλά
2934 3004 2999 3056 γε
3049 2989 3273 3044 κάκεῖνο
3319 2989 3775 3062 διασκεψώμεθα,

2183 3075 2260 3140 ὡς
2288 3078 2337 3131 εί
2369 3076 2443 3149 μὴ
2470 3076 2604 3132 Θεὸν
2628 3078 2747 3150 ἆμα
2777 3080 2871 3133 καὶ
2894 3081 3183 3156 ἄνθρωπον
3211 3084 3480 3155 ἠπίστατο
3507 3085 3600 3138 τὸν
3631 3087 3777 3159 Χρι-

2186 3170 2314 3226 στὸν
2350 3174 2379 3227 ὁ
2409 3172 2551 3237 θεῖος
2607 3172 2954 3239 ’Δτ.ὁστολος.
3000 3177 3103 3229 οὐκ
3161 3176 3229 3230 ἂν
3280 3176 3467 3246 ἔλεγεν
3512 3176 3576 3230 τὸ
3615 3178 3777 3232 κατὰ

2180 3265 2380 3335 σάρκα
2416 3283 2431 3299 ·
2468 3266 2630 3323 τοῦτο
2672 3269 2780 3342 γὰρ
2838 3268 3094 3340 φανερῶς
3130 3269 3225 3323 ἐπὶ
3249 3269 3347 3325 τοῦ
3381 3271 3455 3343 μὴ
3486 3271 3650 3342 μόνον
3675 3273 3777 3326 άνο

2181 3360 2424 3433 θρώπου,
2476 3362 2616 3417 ἀλλὰ
2668 3365 2763 3418 καὶ¹
2811 3363 2935 3419 καθ’
2970 3364 3159 3436 ἕτερόν
3190 3382 3242 3418 τι
3267 3362 3368 3436 τὴν
3396 3365 3585 3419 οὐσίαν
3613 3366 3774 3432 ὄντος

2178 3455 2400 3525 λέγεται
2420 3472 2435 3488 °
2477 3457 2666 3528 ῶσπερ
2693 3453 2787 3512 οὖν
2816 3460 2911 3513 καὶ
2938 3458 3241 3529 ἐπήγαγεν,
3281 3457 3348 3512 '0
3375 3454 3461 3511 ὢν
3479 3458 3583 3512 ἐπὶ
3616 3459 3776 3513 πάν-

2182 3564 2303 3601 των
2340 3547 2485 3614 Θεός
2513 3564 2529 3580 ο
2565 3548 2762 3618 διπλῆν
2791 3549 2901 3619 γὰρ
2927 3547 3027 3620 τὴν
3062 3549 3192 3617 περὶ
3221 3546 3317 3602 τοῦ
3357 3548 3611 3620 Σωτῆρος
3628 3551 3772 3621 ἡμῖν

2176 3640 2472 3712 ὁμολογίαν
2501 3642 2913 3714 παραδέδωκεν,
2948 3643 3043 3696 καὶ
3104 3641 3166 3695 τὸ
3202 3640 3353 3698 κατὰ
3396 3640 3596 3712 σάρκα
3644 3644 3775 3696 ἐπι-

2175 3733 2379 3801 δείξας,
2404 3734 2497 3788 καὶ
2514 3735 2664 3788 Θεὸν
2680 3734 3051 3806 άνακηρύξας.
3068 3736 3179 3788 Καὶ
3208 3733 3377 3788 πάλιν
3397 3737 3425 3789 6
3440 3736 3772 3801 ’Λπόστολος

2176 3827 2236 3879 ὲν
2264 3827 2332 3897 τῇ
2375 3825 2514 3897 πρὸς
2542 3825 2835 3898 Τιμόθεον,
2887 3821 2992 3893 Εἷς
3027 3826 3173 3892 Θεὸς
3223 3827 3322 3880 καί
3372 3821 3461 3894 εἷς
3506 3829 3770 3897 μεσίτης

2180 3916 2329 3973 Θεοῦ
2360 3917 2457 3971 καὶ
2484 3918 2834 3986 ἀνθρώπων,
2861 3918 3173 3988 ἅνθρωπος
3203 3918 3458 3989 Χριστὸς
3499 3918 3768 3987 Ἰησοῦς.

2178 4013 2210 4064 ό
2236 4009 2383 4077 «τοὺς
2406 4009 2628 4066 ἑαυτὸν
2651 4011 3021 4080 ἀντίλυτρον
3046 4012 3197 4080 ὑπὲρ
3236 4012 3499 4067 πάντων.
3524 4029 3545 4062 ι

2239 4101 2332 4175 [Ρ.
2373 4101 2529 4175 Ωιι]
2581 4103 2640 4157 '0
2682 4104 2741 4156 ὲν
2781 4102 2960 4172 ἁγίοις
3006 4103 3333 4176 ’Δμΰρόσιος
3384 4102 3535 4172 λέγει
3591 4102 3718 4158 τάδε
3744 4120 3763 4136 ⁸

2182 4212 2202 4245 ι
2233 4195 2348 4248 Οὐκ
2372 4193 2547 4268 ἀρχὴν
2574 4195 2604 4249 6
2631 4193 2764 4258 Θεὸς
2786 4194 2961 4264 Λόγος
2988 4196 3053 4249 ἑκ
3080 4195 3178 4267 τῆς
3202 4194 3480 4266 Παρθένου
3497 4193 3762 4266 είληφὼς,

2176 4284 2312 4340 ἀλλὰ
2342 4270 2627 4349 συναῖδιος
2649 4286 2727 4357 τῷ
2752 4286 2951 4341 ἑαυτοῦ
2983 4287 3160 4360 Πατρὶ
3193 4286 3458 4358 ὑπάρχων
3503 4285 3604 4358 τὴν
3657 4286 3765 4355 τῆς

2178 4378 2396 4449 φύσεως
2431 4380 2532 4450 τῆς
2569 4380 2851 4453 ἡμετέρας
2877 4378 3136 4453 ἀπαρχὴν
3191 4378 3372 4451 ἐαυτῷ
3412 4377 3503 4432 διὰ
3553 4377 3766 4447 πολλὴν

2177 4471 2491 4544 ἁγαθὸτητα
2504 4471 2714 4526 ἐνῶσαι
2744 4471 3084 4543 κατηξίωσεν
3113 4489 3128 4504 ·
3157 4471 3220 4526 οὐ
3258 4468 3505 4542 κραθεὶς,
3530 4468 3648 4522 ἁλλ’
3703 4470 3765 4521 έν

496 4546 697 4641 sum“?
724 4544 868 4641 illius
890 4553 947 4601 εί
972 4544 1439 4641 ίδςδῐηηλρβπθηει
1457 4548 1613 4619 luna
1635 4548 1782 4619 (Ιυοά
1810 4549 2075 4620 δοτὶνιιιηι
2106 4568 2474 4641 Πέκατέραις
2503 4569 2625 4633 ταῖς
2644 4568 2858 4633 οὐσίαις
2879 4563 2962 4632 είς
2990 4568 3086 4622 καὶ
3113 4567 3143 4620 ὁ
3179 4566 3345 4631 αὐτὸς
3373 4565 3586 4635 φανεὶς,
3620 4563 3763 4617 κατὰ

497 4648 584 4695 est
615 4657 628 4693 :
657 4638 856 4694 Solvite
885 4638 1139 4712 templum
1165 4641 1289 4707 hoc,
1314 4647 1365 4695 et
1386 4641 1449 4695 in
1475 4640 1642 4695 tribus
1675 4641 1855 4697 diebus
1886 4644 2076 4699 recedi-

497 4733 666 4801 ﬁcabo
699 4733 835 4788 illud
855 4743 906 4789 τι.
934 4732 1177 4789 Solvitur
1208 4734 1355 4789 enim
1386 4734 1549 4791 lesus
1581 4734 1835 4791 Christus
1874 4752 2076 4793 secun-

498 4827 630 4882 dum
666 4842 845 4883 meam
882 4827 1247 4889 substantiam
1283 4824 1445 4899 quam
1480 4829 1809 4901 assumpsit,
1836 4837 1895 4885 et
1924 4831 2077 4887 solu-

500 4929 613 4974 tum
674 4918 972 4976 reaediﬁeat
1022 4934 1182 4975 suum
1243 4919 1508 4989 templum
1565 4919 1714 4976 idem
1770 4922 2074 4978 secundum

498 5011 744 5066 divinam
780 5010 867 5067 sui
906 5010 1082 5082 ipsius
1125 5012 1525 5079 substantiam,
1564 5012 1871 5069 secundum
1911 5031 2075 5086 quam

497 5105 748 5160 omnium
800 5120 1022 5177 quoque
1070 5114 1285 5161 creator
1329 5114 1435 5163 est.
1485 5125 1505 5160 ι
1557 5106 1626 5163 Ει
1671 5106 1729 5162 in
1778 5107 2078 5181 Evangelia

497 5197 805 5253 secundum
854 5199 1206 5265 lliattbaeum,
1249 5201 1326 5257 ait
1369 5202 1639 5256 Dominus
1684 5201 1755 5257 ad
1803 5218 1932 5258 eum
1978 5206 2075 5275 qui

498 5289 678 5361 ipsum
731 5291 982 5348 tradebat
1029 5311 1042 5347 :
1089 5292 1276 5350 Oscula
1316 5293 1512 5349 Filium
1558 5296 1782 5350 hominis
1826 5297 2071 5353 tradis?!

497 5382 654 5463 Quod
700 5386 1226 5463 exponensgPetrus
1271 5396 1480 5460 martyr
1520 5397 1577 5443 et
1617 5389 2075 5463 archiepiscopus

595 5460 814 5526 (R01...
855 5478 946 5518 ut.
986 5458 1061 5517 5?

2175 4658 2239 4713 τὸ
2282 4658 2693 4731 γεγραμμένονο
2728 4659 2969 4714 Λύσατε
2992 4656 3098 4711 τὸν
3118 4655 3272 4711 ναὸν
3289 4655 3526 4720 τοῦτον,
3557 4655 3653 4708 καί
3691 4654 3766 4708 ἐν

2177 4752 2378 4820 τρισίν
2408 4751 2658 4821 ἡμέραις
2686 4748 2869 4822 ἐγερῶ
2906 4750 3114 4805 αὐτόν.
3152 4747 3353 4804 Δύεται
3380 4747 3490 4819 γάρ
3522 4747 3763 4818 Χριστὸς

2190 4840 2401 4912 Ἰησοῦς
2427 4842 2569 4897 κατὰ
2594 4844 2694 4914 τὴν
2719 4843 2859 4914 ἐμὴν
2885 4841 3074 4896 οὐσίαν
3101 4841 3170 4911 ἢν
3197 4839 3410 4904 ἔλασεν,
3451 4841 3546 4893 καὶ
3601 4839 3761 4892 λελυ-

2182 4934 2347 5004 μένον
2370 4933 2580 5004 ὲγείρει
2602 4932 2694 4986 τὸν
2730 4932 2864 4987 ἴδιον
2897 4931 3024 4986 ναὸν
3060 4932 3090 4985 ὁ
3116 4929 3279 4994 αὐτὸς
3308 4930 3454 4983 κατὰ
3479 4929 3582 4999 τὴν
3606 4927 3759 4983 θείαν

2180 5024 2348 5080 αὐτοῦ
2381 5025 2592 5089 οὐσίαν,
2623 5023 2748 5079 καθ’
2772 5025 2839 5096 ἢν
2863 5024 2958 5079 καὶ
2984 5023 3203 5078 πάντων
3230 5020 3468 5093 ὑπάρχει
3490 5021 3756 5093 δημιουρ·

2178 5120 2296 5189 γός.
2332 5136 2352 5171 ι
2410 5118 2521 5173 Καὶ
2582 5120 2641 5172 ὲν
2676 5116 2755 5189 τῷ
2784 5118 2926 5173 κατά
2952 5115 3232 5172 Ματθαῖον
3267 5117 3298 5169 6
3344 5116 3554 5185 Κύριος
3606 5113 3756 5182 λέγει

2180 5210 2318 5282 πρὸς
2363 5208 2456 5263 τὸν
2497 5207 2857 5280 παραδιδόντα
2904 5207 3066 5261 αὐτόν
3095 5224 3112 5240 ο
3146 5205 3440 5275 Φιλήματι
3481 5204 3590 5258 τὸν
3620 5202 3756 5256 Υἱὸν

2178 5300 2288 5355 τοῦ
2341 5298 2659 5369 ἀνθρώπου
2697 5296 3077 5368 παραδίδωςί
3132 5296 3302 5350 Τοῦτο
3347 5296 3405 5349 δὲ
3471 5293 3676 5365 Πέτρος
3724 5293 3754 5346 6

2180 5393 2394 5465 μάρτυς
2446 5392 2542 5448 καὶ
2581 5390 3013 5465 άρχιεπίσκοπος
3073 5387 3484 5461 Ἀλεξανδρείας
3523 5383 3752 5456 ἐξηγού-

574 5574 599 5600 ο
624 5565 828 5637 Ephes.
852 5581 925 5634 Iv,
949 5565 1003 5622 6.
1079 5565 1151 5622 Pl
1178 5566 1322 5621 Tim.
1347 5582 1407 5633 υ,
1432 5566 1486 5623 6.
1561 5578 1589 5619 ιι
1609 5568 1770 5625 Joan.
1792 5586 1853 5637 ιι,
1874 5569 1961 5627 19.
2039 5581 2062 5611 τ

2180 5586 2257 5630 uc.
2281 5589 2414 5641 χιιι,
2438 5572 2528 5629 48.

570 5724 645 5794 (ί)
682 5723 1012 5779 Prmclarum
1050 5722 1201 5778 hunc
1236 5732 1294 5796 et
1339 5723 1615 5796 prolixum
1658 5723 1719 5780 S.
1757 5723 1941 5796 Cyrilli
1966 5734 2077 5780 tra-

498 5807 703 5851 ctatnm
730 5795 994 5867 adversus
1027 5807 1137 5851 eos
1187 5795 1282 5865 qui
1331 5795 1430 5851 SS.
1484 5796 1760 5867 Virginem
1804 5795 2074 5851 nolebant

495 5865 745 5924 conﬁteri
783 5866 1089 5937 Deiparqm,
1138 5867 1356 5938 primus
1383 5881 1484 5938 ego
1527 5865 1602 5922 ex'
1633 5867 1829 5922 eodiee
1868 5866 2071 5921 biblio-

2181 5727 2358 5791 theca:
2377 5726 2652 5783 Vaticana:
2670 5725 2794 5782 ‘hoc
2814 5740 2959 5796 anno
2982 5723 3129 5796 edidi
3144 5723 3216 5796 in
3244 5720 3576 5796 Scriptorum
3606 5728 3750 5779 oete-

2180 5815 2299 5854 rum
2335 5806 2529 5854 octavo
2558 5798 2857 5855 volumine.
2887 5795 3088 5854 Confer
3119 5794 3300 5865 ibi,p.
3321 5794 3578 5851 ll7-ll8.
