4088 6550
345 412 484 493 1133
1249 425 1693 488 TRACTATUS
1731 424 2032 486 CONTRA
2068 425 2675 491 MONOPHYSITAS.
3472 437 3608 503 1134

343 558 506 615 μενος
555 539 702 607 λέγει
747 538 923 596 ταῦτα
956 538 1052 594 καὶ
1100 536 1172 607 τά
1213 536 1426 601 τούτοις
1454 536 1621 607 ὅμοια
1650 552 1664 567 ·
1704 554 1722 587 ι
1758 534 1874 589 Τά⁴

1981 534 2407 600 ιΑΙεχοηὼ-ἱιε,
2441 537 2556 592 haec
2594 548 2650 593 et
2690 538 2779 593 his
2820 539 3022 596 similia
3066 543 3273 613 profert
3312 564 3323 575 ·
3378 567 3396 598 ι
3443 548 3610 622 Signa

342 642 549 716 σημεῖα
578 641 759 695 πάντα
790 640 891 693 ὅσα
922 636 1203 708 ἐποίησεν,
1237 634 1334 689 καὶ
1391 634 1449 688 ai
1498 633 1778 704 δυνάμεις,
1816 633 1872 687 δε

2024 629 2210 684 omnia
2240 646 2586 701 quaecunque
2617 632 2771 697 fecit,
2799 642 2858 688 et
2885 635 3143 703 virtutes,
3172 638 3242 694 de
3275 639 3369 695 illo
3399 650 3605 698 testan-

339 752 531 791 κνυσιν
562 733 725 788 αὐτὸν
751 732 886 785 Θεὸν
928 726 1515 796 ἐνανθρωπήσαντα·
1541 727 1610 780 τὰ
1639 743 1874 797 συναμφι

2027 731 2116 776 tur
2138 723 2284 793 quod
2312 724 2460 779 Deus
2485 724 2556 779 sit
2579 726 2891 780 incarnatus
2916 744 2934 782 :
2965 738 3259 801 utrumque
3282 749 3415 805 ergo
3438 735 3601 789 simul

336 844 473 899 τερα
501 825 686 879 τοίνυν
718 824 1018 887 δείκνυται,
1042 822 1127 876 ὅτι
1140 820 1276 885 Θεὸς
1294 814 1365 892 ἦν
1387 817 1573 890 φύσει,
1598 821 1692 875 καὶ
1708 819 1874 890 ὲγένετ

2022 813 2454 881 demonstratur,
2481 816 2635 871 illum
2680 834 2880 890 nempe
2918 830 3115 877 natura
3152 824 3325 881 Deum
3369 842 3521 893 esse,
3548 843 3605 884 ct

336 918 434 974 ἄνθ
443 933 625 987 ρωπος
659 914 843 985 φύσει.
881 931 901 965 ι

2022 904 2225 962 factum
2251 907 2424 964 fuisse
2451 919 2649 965 natura
2680 911 2981 967 hominem.
3015 932 3034 966 ι

407 1010 494 1084 [Ρ.
526 1007 684 1081 242.]
728 1009 821 1061 Δεῖ
854 1006 912 1061 δέ
944 1005 1240 1077 προσέχειν
1270 1005 1363 1060 τὸν
1400 1003 1548 1073 νοῦν,
1589 1006 1671 1060 ὅτι
1702 1005 1873 1059 εἰπὼν

2091 1000 2507 1057 Attendendum
2556 1012 2643 1060 est
2689 1016 2905 1071 autem,
2949 1008 3276 1078 Apostolum
3324 1011 3601 1068 dicentem

346 1101 672 1164 ’Δπόστολος
713 1098 803 1167 ὅς,
832 1098 935 1171 τὴν
968 1099 1272 1153 ὑπόστασιν
1298 1098 1394 1153 τοῦ
1421 1098 1597 1168 Λόγου
1645 1100 1874 1171 ἐσήμανε

2019 1094 2139 1164 qui,
2168 1093 2488 1165 hypostasin
2513 1094 2682 1152 Verbi
2716 1097 2771 1151 in
2801 1098 2897 1152 Dei
2929 1098 3103 1154 forma
3132 1101 3402 1159 exsistere
3430 1106 3600 1178 signi-

330 1196 393 1251 lv
428 1197 499 1266 τῇ
543 1192 640 1248 τοῦ
673 1192 809 1247 Θεοῦ
854 1193 1127 1264 ὑπάρχειν
1172 1194 1379 1265 μορφῇ,
1409 1193 1547 1266 ὅπερ
1580 1192 1731 1246 ἐστὶν
1760 1193 1819 1246 ἐν
1845 1210 1874 1246 τ

2019 1186 2253 1254 ficasse,
2287 1187 2437 1258 quod
2482 1197 2569 1244 est
2613 1188 2669 1244 in
2720 1190 3028 1247 substantia
3073 1194 3272 1250 Patris.
3307 1195 3429 1251 Non
3471 1214 3602 1255 vero

328 1289 492 1358 οὐσίῃ
531 1286 627 1341 τοῦ
681 1286 922 1358 Πατρός.
975 1286 1089 1340 Καὶ
1126 1286 1227 1340 οὑκ
1277 1283 1433 1341 εἶπεν
1465 1287 1548 1340 ὅτι
1584 1284 1694 1340 τὸν
1722 1284 1874 1355 ὐπὰι

2016 1279 2158 1335 dixit
2195 1282 2533 1336 exsistentem
2575 1283 2631 1336 in
2675 1284 2850 1353 [arma
2886 1288 3026 1340 servi
3068 1290 3413 1360 assumpsisse
3436 1301 3480 1358 ³,
3507 1309 3597 1357 ne,

327 1398 515 1452 κοντα
548 1379 620 1433 ἐν
654 1377 861 1449 μορφῇ
890 1378 1118 1434 δούλου
1163 1379 1404 1444 ἔλαϐεν,
1447 1378 1536 1434 ἴνα
1569 1379 1644 1451 μὴ
1670 1383 1874 1451 προῦπι

2010 1374 2167 1443 juxta
2206 1371 2449 1428 Nestorii
2492 1374 2788 1441 insaniam,
2816 1376 3096 1434 hominem
3123 1384 3598 1450 praecxsistcntem

326 1475 532 1529 στάντα
563 1472 712 1546 δείξῃ
741 1474 836 1527 τὸν
863 1473 1153 1547 ἄνθρωπον
1180 1474 1322 1528 κατὰ
1351 1473 1451 1545 τὴν
1477 1473 1777 1545 Νεστορίου
1808 1491 1874 1547 μσ

2014 1464 2359 1531 ostenderet;
2396 1466 2494 1522 sed
2527 1466 2667 1522 dixit
2699 1468 2932 1539 formam
2964 1474 3103 1527 servi
3140 1477 3418 1547 accepisse,
3446 1480 3600 1535 scili-

324 1568 479 1623 viav'
502 1566 623 1620 ἀλλ’
670 1562 825 1620 εἶπεν
848 1567 929 1620 ὅτι
954 1566 1201 1638 μορφὴν
1229 1566 1458 1622 δούλου
1490 1568 1729 1635 ἐλαϐεν,
1759 1585 1874 1621 του-ι

2013 1565 2101 1613 cet
2140 1558 2506 1615 substantiam
2550 1556 2824 1630 hominis;
2870 1566 3176 1622 ostendens
3217 1567 3272 1623 in
3318 1569 3595 1643 hypostasi

322 1660 476 1714 ἐστιν
519 1659 712 1714 οὐσίαν
758 1658 1090 1732 ἀνθρώπουο
1130 1660 1349 1725 δεικνὺς
1384 1661 1466 1715 ὅτι
1507 1663 1576 1733 τῇ
1611 1661 1874 1716 ὑποστάσε

2014 1650 2182 1707 Verbi
2231 1654 2612 1710 exsistentiam
2664 1656 2869 1713 habere
2918 1673 3175 1727 carnem,
3223 1672 3279 1717 ut
3335 1680 3481 1722 unus
3532 1684 3597 1725 ac

310 1751 416 1805 ’τοῦ
446 1752 623 1823 Λόγου
651 1753 751 1825 τὴν
789 1752 1025 1825 ὕπαρξιν
1072 1752 1230 1825 ἔσχεν
1258 1757 1293 1827 ἡ
1328 1755 1487 1828 σὰρξ.
1529 1755 1620 1811 ἵνα
1652 1753 1734 1821 εἷς
1766 1757 1862 1810 καὶ

2013 1742 2159 1799 idem
2210 1744 2266 1799 in
2314 1761 2424 1801 una
2472 1746 2753 1819 hypostasl
2799 1750 3106 1819 exsistens,
3152 1753 3209 1808 in
3261 1772 3595 1829 unaquaque

270 1918 271 1921 η
319 1846 484 1911 αὐτὸς
505 1847 563 1900 ἐν
582 1848 684 1919 μιᾷ
701 1847 999 1903 ὑποστάσει
1026 1848 1311 1920 ὑπάρχων,
1344 1850 1403 1901 ἐν
1434 1850 1674 1922 ἑκατέρᾳ
1698 1852 1874 1922 μορφῇ

1981 1905 1982 1915 γ
2013 1836 2222 1903 forma,
2252 1837 2468 1894 scilicet
2493 1849 2722 1903 natura,
2750 1841 2937 1897 divina
2966 1852 3131 1914 atque
3164 1845 3402 1904 humana
3429 1866 3596 1920 agno-

1981 1927 2221 1952 '---.--_-
2261 1938 2407 1952 _-s-‘
2446 1932 2584 1952 -_!..-
2627 1933 2792 1952 n_”,__
2832 1935 2875 1952 I7
2944 1936 2956 1952 I
3185 1948 3194 1952 Α
3349 1941 3364 1952 ι
3433 1943 3469 1952 -ι

317 1940 605 1994 τουτέστιν
635 1939 818 2011 φύσει,
851 1941 1188 2012 γνωρίζηται
1218 1944 1284 2014 τῇ
1318 1942 1437 2016 θείᾳ
1477 1960 1539 1997 τε
1576 1946 1672 1999 καὶ
1694 1944 1874 2018 ἀνθρω

1981 1932 2223 1997 'scatur;
2261 1938 2411 2001 patet
2440 1932 2589 1987 enim
2626 1933 2800 1989 Deum
2832 1935 3073 1991 Verbum
3108 1948 3297 1994 natum
3332 1941 3402 1997 de
3433 1943 3596 2000 Patre

317 2031 483 2104 πίνῃ·
523 2032 681 2103 δῆλον
727 2034 837 2105 γὰρ
883 2034 967 2087 ὅτι
1015 2033 1045 2087 6
1086 2034 1221 2098 Θεὸς
1257 2035 1432 2105 Λόγος
1466 2036 1751 2109 γεννηθεὶς
1798 2055 1874 2110 πρ

2009 2031 2139 2076 ante
2162 2022 2347 2077 omnia
2369 2024 2569 2079 saecula
2588 2041 2701 2081 non
2720 2041 2842 2083 esse
2864 2028 3112 2099 ejusdem
3134 2030 3445 2102 hypostasis
3465 2052 3591 2091 cum

315 2136 540 2181 παντων
581 2127 693 2179 τῶν
735 2125 947 2180 αἰώνων
996 2129 1061 2181 ἐκ
1094 2127 1190 2181 τοῦ
1227 2128 1462 2199 Πατρὸς,
1507 2129 1569 2181 οὐ
1599 2130 1699 2199 τῆς
1732 2129 1872 2201 αὐτῆ

2009 2115 2197 2180 Patre,
2232 2117 2325 2172 sed
2362 2118 2610 2189 ejusdem
2646 2121 2971 2177 substantia:
3003 2139 3107 2194 qua
3142 2125 3289 2181 Deus
3321 2137 3434 2193 est,
3462 2145 3593 2200 pro-

316 2218 673 2284 ὑποστάσεὼς
698 2220 849 2273 ἐστιν
874 2219 953 2290 τῷ
981 2221 1179 2292 Πατρὶ,
1209 2220 1347 2276 ἀλλὰ
1377 2222 1479 2292 τῆς
1508 2222 1683 2293 αὐτῆς
1715 2223 1872 2277 οὐσία

2007 2209 2186 2279 priam
2225 2225 2357 2265 vero
2407 2211 2751 2283 hypostasim
2799 2214 3003 2273 habere
3047 2233 3155 2288 qua
3195 2219 3439 2277 Verbum
3484 2234 3588 2279 est.

314 2312 438 2367 καθ’
466 2312 495 2366 6
526 2311 681 2375 Θεὸς,
718 2312 854 2366 ίδίαν
886 2311 943 2366 δὲ
969 2312 1084 2384 ἔχει
1114 2314 1213 2385 τὴν
1246 2314 1549 2369 ὑπόστασιν
1585 2314 1711 2370 καθ’
1740 2316 1768 2369 δ
1794 2317 1874 2371 Λό

2008 2302 2157 2358 idem
2196 2313 2383 2359 autem
2423 2304 2478 2359 in
2515 2306 2817 2362 novissimo
2849 2308 3066 2366 dierum
3110 2314 3419 2369 secundum
3464 2330 3591 2370 car-

313 2423 431 2475 γος.
462 2407 574 2460 Καὶ
599 2405 687 2458 ἐπ’
718 2406 948 2476 ἐσχάτου
969 2407 1079 2460 τῶν
1110 2407 1334 2479 ἡμερῶν
1365 2408 1648 2479 γεννηθεὶς
1676 2409 1705 2462 6
1737 2409 1874 2463 αὐτὸ

2006 2410 2133 2451 nem
2168 2406 2335 2452 natus
2366 2412 2397 2452 e
2433 2405 2623 2453 sancta
2651 2407 2708 2453 et
2736 2399 2978 2470 gloriosa
3010 2402 3235 2475 Virgine
3266 2404 3437 2461 Matre
3468 2407 3588 2472 Dei,

313 2499 458 2553 κατὰ
494 2500 677 2572 σάρκα
718 2499 784 2554 ἐκ
839 2500 940 2571 τῆς
988 2500 1151 2569 ἁγίας
1200 2500 1414 2566 ἐνδόξου
1469 2500 1750 2574 Παρθένου
1804 2520 1874 2557 κα

2002 2488 2255 2561 ejusdem
2282 2490 2594 2562 hypostasis
2617 2506 2728 2545 non
2754 2500 2840 2548 est
2863 2509 2988 2549 cum
3014 2505 3212 2564 matre,
3228 2498 3323 2553 sed
3339 2499 3587 2571 ejusdem

311 2594 578 2649 Θεοτόκου
624 2594 865 2666 Μαρίας,
905 2596 967 2649 οὐ
1014 2597 1115 2665 τῆς
1162 2595 1333 2666 αὐτῆς
1361 2595 1714 2662 ὑποστάσεὼς
1753 2598 1874 2651 ἐστι

2003 2580 2349 2637 substantiae.
2387 2582 2597 2639 Deinde
2641 2586 2920 2655 quomodo
2958 2586 3220 2659 Acephali
3268 2589 3337 2645 de
3382 2592 3590 2649 unione

310 2691 380 2759 τῇ
408 2688 616 2760 Μητρὶ,
655 2687 792 2742 ἀλλὰ
820 2691 921 2759 τῆς
946 2688 1115 2758 αὐτῆς
1139 2688 1349 2753 ούσίας.
1368 2684 1501 2743 Εἶτα
1528 2690 1646 2753 πῶς
1669 2691 1719 2743 οἱ
1739 2690 1874 2745 Ἀκέι

2004 2676 2374 2748 hypostaseon
2420 2676 2656 2733 duarum
2709 2680 3043 2749 loquuntur,
3085 2683 3192 2738 etsi
3245 2683 3589 2757 hypostatice

314 2780 475 2848 φαλοι
518 2781 613 2834 δύο
652 2781 1009 2835 ὑποστάσεων
1052 2780 1249 2834 ἕνωσιν
1289 2780 1538 2850 λέγουσι,
1588 2783 1765 2836 καίτοι
1805 2782 1900 2838 δύο
2003 2769 2266 2825 unionem
2303 2785 2411 2824 non
2448 2770 2743 2827 admittant
2774 2773 2898 2828 duae
2930 2774 3591 2849 hypostascs?lgnorant-

312 2870 669 2925 ὑποστάσεων
703 2872 898 2925 ἕνωσιν
930 2872 1032 2943 τὴν
1072 2871 1196 2926 καθ’
1239 2874 1541 2927 ὑπόστασιν
1583 2876 1685 2930 οὑκ
1720 2877 1870 2931 ἐπιδε

2002 2876 2071 2916 ne
2109 2860 2419 2915 istiusmodi
2459 2862 2672 2916 erroris
2713 2878 2877 2918 causa
2912 2864 3227 2919 Nestorium
3263 2866 3587 2922 damnatum

309 2963 594 3036 χομένων;
650 2965 721 3017 Ἦ
763 2962 1018 3034 ἀγνοοῦσι
1049 2964 1131 3018 ὅτι
1173 2967 1268 3019 καὶ
1311 2966 1607 3036 Νεστόριος
1655 2966 1744 3022 διὰ
1800 2969 1874 3041 τὴε

2000 2954 2201 3018 fuisse,
2232 2953 2371 3008 duas
2398 2953 2725 3025 bypostases
2756 2955 2811 3009 in
2838 2957 3203 3012 teconomiam
3234 2959 3587 3016 subinferen-

307 3055 569 3128 τοιαύτην
601 3055 812 3127 πλάνην
836 3057 1159 3129 κατεκρίθη,
1190 3057 1286 3111 δύο
1316 3058 1647 3124 ὑποστάσεις
1677 3061 1771 3115 ἐπὶ
1799 3065 1874 3133 τῆ.

2001 3046 2144 3101 tem?
2179 3045 2285 3101 Sed
2315 3046 2568 3116 quamvis
2598 3046 2715 3103 haec
2747 3048 2819 3103 ita
2854 3048 2993 3114 sint,
3021 3048 3263 3105 Nestorii
3293 3052 3584 3123 omnisque

306 3148 623 3219 οἰκονομίας
640 3148 915 3218 είσάγων;
958 3148 1119 3203 Ἀλλὰ
1141 3149 1348 3204 τούτων
1376 3150 1550 3213 οὔτως
1582 3151 1773 3218 ὅντων,
1801 3170 1870 3205 κα

2002 3143 2276 3193 haereseos
2302 3139 2558 3210 dogmata
2589 3140 2998 3210 impudentiora
3024 3142 3182 3197 fateri
3212 3145 3426 3200 malunt
3447 3146 3587 3202 Ace-

306 3241 603 3313 Νεπορίου
637 3244 731 3296 καὶ
761 3241 942 3312 πάσης
979 3242 1185 3313 μᾶλλον
1213 3243 1479 3315 αίρέσεως
1514 3244 1874 3316 βδελυρώτερι

2002 3228 2176 3298 phali,
2202 3245 2366 3299 quam
2399 3230 2618 3286 veritati
2650 3232 2941 3288 assentire.
2978 3233 3104 3290 Haec
3138 3244 3321 3291 autem
3356 3252 3387 3292 a
3422 3239 3581 3293 nobis

304 3335 555 3407 δόγματα
593 3335 774 3405 λέγειν
800 3337 1086 3406 ἀνέχονται
1112 3337 1161 3389 οἱ
1199 3336 1570 3408 Ἀκέφαλοι,ἣ
1620 3340 1874 3391 συναινεῖε

2000 3324 2111 3378 illis
2152 3323 2387 3378 dicenda
2427 3338 2575 3378 sunt.
2614 3324 2758 3379 Idem
2790 3341 2924 3381 vero
2954 3328 3185 3384 verbum
3217 3330 3461 3400 Apostoli
3498 3334 3583 3388 in~

306 3432 373 3501 τῇ
403 3429 654 3501 ἀληθείᾳ.
693 3429 802 3482 Καὶ
844 3428 1023 3482 ταῦτα
1070 3428 1167 3500 μὲν
1200 3430 1364 3499 ἡμεῖς
1392 3428 1530 3500 πρὸς
1565 3429 1785 3494 αὐτούς.
1820 3431 1874 3483 Ti

1998 3424 2307 3487 terpretans
2340 3432 2564 3487 quoque
2599 3425 2824 3473 sanctus
2856 3419 3185 3477 Ambrosius
3223 3422 3277 3477 in
3319 3439 3577 3481 sermone

304 3521 351 3575 δ’
385 3521 518 3577 αὐτὸ
548 3519 645 3575 τοῦ
698 3521 1028 3574 Ἀποστόλου
1061 3520 1224 3592 ῥητὸν
1251 3520 1617 3592 ἐξηγούμενος
1646 3523 1740 3577 καὶ
1768 3524 1797 3576 6
1836 3523 1874 3577 ἐι

1996 3510 2065 3566 de
2092 3509 2462 3580 Apollinario,
2490 3511 2602 3565 haec
2634 3511 2832 3567 scribit
2863 3530 2877 3567 :
2918 3532 2936 3564 ι
2966 3512 3186 3584 Optime
3220 3515 3419 3572 horum
3453 3534 3574 3574 ver-

305 3615 485 3683 ἁγίοις
524 3614 852 3686 Ἀμὸρόσιος
900 3616 959 3669 ἐν
1011 3613 1091 3685 τῷ
1138 3614 1279 3668 κατὰ
1323 3614 1704 3687 Ἀπολινα’ρίου
1748 3614 1874 3687 λόγιί

1995 3601 2194 3657 borum
2226 3601 2574 3657 iterationem
2607 3602 2865 3659 adhibuit
2891 3602 3217 3673 Apostolus,
3244 3606 3310 3662 de
3342 3608 3575 3663 Domino

305 3708 509 3781 γράφει
536 3709 697 3764 τάδε·
732 3727 751 3760 ι
792 3707 1071 3765 Κάλλιστα
1104 3708 1375 3779 κέχρηται
1422 3713 1490 3781 τῇ
1546 3710 1656 3765 τῶν
1702 3710 1874 3764 αὑτῶη

1993 3703 2185 3751 nostro
2212 3695 2341 3751 Jesu
2375 3694 2596 3750 Christo
2627 3696 2815 3752 dicens
2855 3713 2867 3750 :
2904 3696 3006 3763 Qui
3036 3716 3154 3752 cum
3187 3702 3242 3754 in
3272 3701 3443 3770 forma
3480 3702 3578 3757 Dei

305 3796 646 3869 ἐπαναλήψει
680 3799 942 3868 ῥημάτων
970 3798 998 3850 6
1043 3798 1367 3863 Ἀπόστολος
1412 3799 1589 3869 λέγων
1634 3801 1764 3873 περί
1790 3801 1885 3855 τοῦ

303 3889 511 3961 Κυρίου
557 3890 714 3962 ἡμῶν
748 3890 918 3962 Ἰησοῦ
958 3890 1196 3961 Χριστοῦ
1221 3908 1235 3921 ·
1269 3894 1376 3960 ’ος
1402 3892 1472 3947 ἐν
1503 3890 1706 3964 μορφῇ
1738 3892 1885 3948 Θεοῦ

302 3982 593 4053 ὑπάρχων·
615 4024 631 4048 ,
671 3985 785 4053 οὐχ
827 3982 1144 4052 ἁρπαγμὸν
1181 3982 1455 4053 ἡγήσατο
1492 3983 1560 4037 τὸ
1598 3978 1751 4039 εἶναι
1782 3984 1888 4039 ἴσα

304 4073 446 4142 Θεῷ,
474 4075 614 4131 ἀλλ’
643 4075 864 4131 ἑαυτὸν
883 4076 1207 4143 ἐκένωσεν,
1234 4075 1475 4145 μορφὴν
1511 4075 1740 4131 δούλου
1774 4080 1885 4131 ,ια-

301 4169 510 4225 εὼν.Τί
529 4171 644 4224 ἐστι
670 4169 854 4242 μορφὴ
882 4168 1041 4233 Θεοῦ,
1070 4168 1117 4221 εί
1147 4168 1222 4240 μὴ
1242 4169 1299 4222 ἐν
1312 4168 1389 4240 τῷ
1422 4167 1757 4241 πληρώματι
1786 4172 1882 4243 τῆς

300 4264 556 4335 θεότητος
605 4265 786 4318 ἐκεῖνο
833 4263 930 4334 τῆς
981 4261 1134 4326 θείας
1162 4262 1502 4335 τελειότητος
1537 4264 1879 4336 ὲκτύπωμα;

299 4355 511 4410 οὑκοῦν
570 4357 629 4409 ἐν
683 4355 763 4427 τῷ
794 4354 989 4426 τελείῳ
1040 4356 1141 4427 τῆς
1187 4354 1445 4428 θεότητος
1478 4354 1573 4424 ὣν,
1610 4358 1882 4413 ἐκένωσεν

296 4449 509 4517 ἐαυτὸν,
546 4450 644 4503 καὶ
673 4449 863 4503 ἐλαϐεν
900 4449 962 4502 τὸ
1001 4450 1209 4503 τέλειον
1255 4449 1357 4521 τῆς
1402 4450 1547 4504 κατὰ
1592 4451 1881 4523 ἄνθρωπον

294 4541 511 4611 φύσεως
556 4541 879 4614 ὁλοκλήρου’
927 4542 1021 4596 καὶ
1064 4541 1141 4606 ὡς
1176 4541 1330 4595 οὐδὲν
1380 4542 1567 4597 ἔλιπεν
1609 4545 1687 4615 τῷ
1733 4544 1874 4615 Θεῷ,

292 4640 465 4704 οὕτως
488 4628 621 4694 ὀὔτε
654 4640 732 4710 τῷ
758 4638 1120 4711 καταρτισμῷ
1158 4640 1237 4711 τῷ
1276 4639 1419 4695 κατὰ
1447 4640 1537 4695 τὸν
1564 4640 1871 4712 ἄνθρωπον,

293 4734 381 4786 ἵνα
417 4731 624 4797 τέλειος
654 4733 713 4786 ἐν
744 4731 981 4805 ἑκατέρᾳ
1012 4732 1170 4801 φύσει
1197 4733 1465 4806 τυγχάνῃ.
1506 4753 1523 4784 ι

365 4823 449 4897 [Ρ.
478 4824 834 4897 244.}‘ixava
860 4825 959 4896 μὲν
976 4821 1086 4909 ,οὖν
1116 4824 1402 4896 ἡγούμεθα
1432 4826 1569 4898 πρὸς
1598 4827 1875 4894 ἀπόδειξιν

290 4917 386 4971 τοῦ
417 4916 548 4989 μίαν
589 4916 689 4989 μὲν
732 4918 1070 4982 ὑπόστασιν,
1119 4919 1239 4990 ἦτοι
1280 4917 1340 4970 ἐν
1386 4918 1694 4991 πρὼσωπον
1733 4917 1872 4976 εἶναι

287 5010 384 5064 τοῦ
417 5010 623 5082 Κυρίου
653 5013 685 5082 ή
697 5011 813 5079 μῶν
859 5010 1033 5083 Ἰησοῦ
1059 5010 1316 5083 Χριστοῦ,
1344 5013 1401 5065 ἐν
1429 5012 1550 5066 δυσὶ
1581 5013 1639 5067 δὲ
1672 5013 1869 5084 φύσεσι

288 5104 452 5158 αὑτὸν
485 5103 874 5176 γνωρίζεσθαι,
902 5104 1184 5159 τουτέστιν
1210 5108 1267 5159 ἐν
1302 5104 1516 5177 θεότητι
1540 5107 1634 5160 καὶ
1659 5107 1871 5180 ἀνθρω-

287 5196 509 5267 πότητι,
536 5197 605 5251 τά
638 5214 699 5250 τε
743 5198 807 5251 ἐκ
842 5198 942 5269 τῆς
986 5196 1137 5261 θείας
1177 5199 1400 5270 Γραφῆς
1427 5200 1521 5253 καὶ⁸
1556 5200 1666 5253 τῶν
1695 5202 1870 5270 ἁγίων

286 5293 417 5361 ἡμῖν
474 5290 920 5362 παρατεθειμένα
978 5290 1279 5363 Πατὲρων,
1342 5292 1390 5344 εί
1436 5292 1531 5345 xat
1591 5293 1749 5362 ὀλίγα
1803 5296 1868 5347 ἐκ

286 5382 499 5436 πολλῶν
549 5381 944 5454 προηγάγομεν
968 5423 983 5447 ,
1026 5384 1114 5444 ἵνα
1153 5383 1228 5455 μὴ
1280 5383 1485 5456 πλῆθος
1513 5388 1627 5450 τοῖς
1657 5403 1868 5457 γραφο-

287 5474 473 5544 μένοις
499 5474 850 5544 ποιησωμεν·
894 5473 1036 5545 πλὴν
1079 5474 1268 5547 ἐπειδὴ
1309 5474 1461 5530 ἔστιν
1500 5477 1590 5530 ὅτε
1635 5479 1731 5531 καὶ
1762 5478 1869 5532 ὑπὸ

281 5566 391 5620 τῶν
422 5563 633 5636 ἐχθρῶν
666 5567 700 5636 η
755 5563 986 5636 ἀλήθεια
1017 5565 1367 5636 φανεροῦται,
1414 5565 1603 5638 ὥσπερ
1640 5561 1733 5621 οὖν
1774 5568 1868 5622 καὶ

280 5662 329 5716 οἱ
358 5660 612 5732 δαίμονες
643 5659 735 5714 τιν
760 5660 998 5732 Χριστὸν
1034 5661 1161 5715 Υίὺν
1191 5660 1284 5715 τοῦ
1312 5662 1449 5716 Θεοῦ
1497 5663 1593 5717 καὶ
1637 5662 1862 5726 ἄκοντες

278 5753 663 5827 ὡμολόγησαν,
689 5753 939 5825 δείξομεν
965 5755 1060 5810 καὶ
1089 5754 1253 5810 αὑτὸν
1281 5755 1522 5828 Σευῆρον
1564 5757 1656 5811 τὸν
1701 5756 1862 5810 Ἀπο-

351 5943 374 5972 ι
399 5932 640 6003 Philipp.
668 5950 727 6001 ιι,
748 5934 801 5990 ϐ.
885 5944 899 5974 ι
932 5933 1066 5991 ibid.
1092 5952 1145 5998 v,
1170 5935 1222 5990 6.

1993 3798 2153 3853 esset,
2188 3805 2293 3842 non
2334 3789 2584 3858 rapinam
2622 3789 2913 3843 arbitratus
2954 3802 3030 3844 est
3070 3808 3180 3847 esse
3219 3810 3275 3848 se
3315 3796 3575 3866 wqualem

1997 3880 2130 3944 Deo,
2160 3880 2251 3934 sed
2282 3880 2620 3950 semetipsum
2654 3882 2969 3947 exinanivit,
3007 3883 3231 3952 formam
3264 3888 3403 3940 servi
3434 3889 3574 3941 acci-

1991 3975 2139 4046 piens
2169 3978 2212 4027 ι.
2247 3972 2389 4040 Quid
2435 3983 2520 4028 est
2566 3973 2740 4043 [arma
2794 3972 2921 4038 Dei,
2957 3975 3065 4030 nisi
3115 3976 3171 4030 in
3222 3976 3573 4046 plenitudine

1988 4066 2301 4123 divinitatis
2333 4065 2424 4121 illa
2450 4065 2655 4121 divina:
2687 4066 3046 4137 perfectionis
3077 4068 3399 4139 impressio?
3430 4070 3570 4127 Cum

1988 4162 2159 4234 igitur
2182 4170 2331 4217 esset
2357 4161 2413 4215 in
2450 4160 2555 4215 hoc
2583 4160 2824 4216 culmine
2853 4160 3178 4227 divinitatis,
3210 4164 3568 4234 semetipsum

1985 4254 2315 4321 exinanivit,
2343 4261 2509 4325 atque
2538 4254 2752 4325 accepit
2779 4254 3025 4325 perfecte
3054 4271 3119 4310 ac
3150 4256 3363 4327 integre
3394 4257 3570 4312 homi-

1983 4349 2074 4405 nis
2116 4358 2403 4414 naturam;
2443 4356 2614 4418 utque
2658 4348 2797 4402 nihil
2840 4348 2953 4404 Deo
2994 4349 3252 4419 reliquit,
3292 4350 3422 4405 item
3463 4367 3566 4406 nec

1983 4441 2375 4499 restaurationi
2418 4442 2692 4508 hominis,
2720 4452 2782 4498 ut
2822 4442 3098 4512 perfectus
3137 4444 3192 4498 in
3235 4460 3566 4508 unaquaque

1983 4546 2181 4593 natura
2218 4535 2583 4591 inveniretur.
2618 4556 2635 4586 ι

2053 4819 2133 4875 Ad
2165 4816 2659 4873 demonstrandum
2685 4815 2851 4886 igitur
2889 4829 3052 4869 unam
3083 4829 3205 4871 esse
3241 4812 3558 4886 hypostasin

1982 4912 2097 4966 sive
2124 4926 2290 4965 unam
2326 4924 2616 4979 personam
2650 4907 2865 4962 Domini
2901 4907 3075 4962 nostri
3097 4907 3224 4963 Jesu
3246 4906 3473 4970 Christi,
3502 4908 3557 4962 in

1980 5003 2196 5059 duabus
2232 5017 2365 5057 vero
2398 5000 2614 5055 naturis
2650 5000 2829 5070 ipsum
2859 4998 3105 5070 agnosci,
3146 4999 3357 5053 scilicet
3388 4999 3443 5054 in
3471 5000 3557 5054 di-

1978 5096 2209 5152 vinitate
2262 5104 2317 5150 et
2372 5094 2758 5157 humanitate,
2797 5101 2922 5162 apta
2952 5092 3271 5146 censuimus
3315 5108 3437 5162 qum
3492 5108 3560 5147 ex

1976 5191 2182 5246 divinis
2225 5187 2526 5259 Scripturis
2573 5186 2887 5255 sanctisque
2927 5185 3184 5240 Patribus
3217 5185 3556 5255 przebentur,

1977 5283 2080 5339 etsi
2112 5296 2286 5353 pauca
2316 5297 2382 5335 ex
2414 5278 2600 5334 multis
2658 5276 3086 5347 produxerimus
3112 5317 3125 5340 ,
3164 5291 3233 5330 ne
3267 5275 3556 5329 abundan-

1978 5378 2086 5430 tius
2100 5375 2364 5444 scriptum
2380 5373 2646 5426 faciamus
2664 5387 2678 5436 ;
2698 5368 2793 5424 sed
2820 5385 2945 5423 cum
2966 5368 3262 5438 aliquando
3275 5370 3559 5440 contingat

1974 5479 2036 5524 ut
2057 5467 2125 5523 ab
2147 5465 2422 5522 hazreticis
2442 5464 2575 5535 ipsis
2596 5463 2802 5517 veritas
2820 5462 3063 5533 patefiat,
3084 5461 3554 5532 quemadmodum

1974 5571 2172 5619 cmtero
2203 5559 2481 5615 daemones
2506 5557 2785 5613 Christum
2824 5555 3023 5610 Filium
3068 5555 3164 5610 Dei
3196 5554 3363 5609 etiam
3395 5554 3553 5609 inviti

1971 5654 2210 5715 confessi
2236 5662 2387 5718 sunt,
2418 5651 2773 5708 ostendemus
2796 5649 2976 5721 ipsum
3010 5662 3233 5717 quoque
3263 5646 3552 5713 Severum,

1973 5748 2299 5824 Apollinarii
2345 5759 2725 5803 successorem
2757 5741 3273 5815 Acephalorumque
3302 5754 3551 5797 errorem
