4112 6546
541 352 689 421 Υἱῖὶῦ

1658 350 2103 421 IUSTINIANI
2142 352 2671 417 IMPERATOBIS

3674 350 3824 418 1136

541 476 856 541 augentem,
897 467 1253 523 confitentem
1281 482 1478 525 omnes
1508 479 1730 525 sanctos
1756 470 1950 526 Patres
1981 468 2111 524 duas

2224 466 2481 536 λινοιρίουΔ
2497 464 2739 536 διάδοχον
2768 463 2864 519 καὶ
2886 462 3118 535 τὴντῶν
3157 464 3475 535 Ἀκιφάλων
3496 463 3821 536 αὐξήσαντα

542 572 770 617 naturas
791 560 860 617 de
887 559 1110 616 Christo
1132 561 1411 633 inculpate
1443 563 1768 619 asseruisse.
1798 562 1927 619 Haec
1950 562 2111 634 igitur

2221 554 2451 625 πλάνην.
2491 553 2866 626 ὁμολογοῦντα
2905 555 2989 609 ὅτι
3038 554 3242 620 πάντες
3280 558 3330 609 οί
3374 556 3523 627 ἁγιοι
3567 558 3820 630 Πατέρες

537 656 679 711 dicit
721 656 778 710 in
827 669 1083 710 sermone
1131 654 1295 726 quem
1339 656 1736 729 Expositionem
1759 657 1885 727 ﬁdei
1919 666 2116 714 vocat:

537 767 564 800 ‹
595 746 777 804 Fateri
800 747 938 803 duas
962 756 1241 813 naturas,»
1262 755 1444 806 etc....
1469 749 1678 805 Deinde
1708 750 1764 805 in
1792 751 1988 807 iisdem
2013 751 2119 805 im-

539 856 764 896 tuorans
788 850 954 911 atque
980 841 1035 895 in
1070 840 1309 898 decursu
1341 842 1651 907 sermonis,
1694 841 1831 897 dicit
1859 857 1918 897 se
1947 842 2119 897 verba

539 933 766 989 Patrum
824 933 1048 988 illorum
1104 933 1198 1004 qui
1247 933 1530 1004 inculpato
1571 933 1714 1005 stylo
1754 933 2116 1004 scripserunt,

538 1024 791 1096 proferre
820 1026 1076 1095 nequire,
1105 1028 1212 1081 etsi
1260 1035 1421 1080 antea
1453 1026 1620 1081 verba
1646 1026 1836 1098 Cyrilli
1887 1026 2118 1081 recitata

539 1117 673 1172 sint.
713 1115 772 1170 Si
800 1131 930 1170 vero
972 1130 1166 1170 omnes
1206 1115 1384 1170 sancti
1425 1115 1638 1180 Patres,
1671 1118 1782 1171 imo
1810 1125 1866 1172 et
1895 1124 2120 1172 sanctus

538 1207 779 1281 Cyrillus
809 1207 1087 1277 inculpato
1127 1210 1270 1279 stylo
1311 1207 1658 1277 scripserint,
1691 1207 1921 1278 ipseque
1950 1208 2120 1264 Seve-

540 1317 641 1356 rus
667 1301 773 1357 hoc
808 1299 1078 1365 fateatur,
1131 1299 1258 1369 quis
1301 1314 1436 1369 ergo
1477 1299 1584 1355 sibi
1616 1299 1784 1354 talem
1831 1309 2119 1371 arrogaret

434 1389 444 1406 '
540 1394 927 1450 auctoritatem
961 1392 1028 1448 ad
1059 1392 1369 1447 doctrinam
1403 1391 1629 1446 Patrum
1665 1391 2118 1461 reprobandam?

538 1488 629 1543 vel
656 1486 935 1557 quomodo
961 1485 1153 1540 Patres
1183 1494 1346 1538 vocat
1364 1483 1606 1539 Severus
1629 1499 1868 1555 quorum
1898 1485 2118 1555 opinio-

536 1596 637 1636 nes
653 1577 1025 1649 reprohandas
1041 1577 1356 1632 existimat?
1379 1576 1486 1632 Sed
1500 1577 1851 1632 manifestum
1873 1592 1933 1633 se
1962 1577 2112 1634 fecit:

533 1689 659 1729 cum
688 1673 836 1728 enim
869 1688 981 1727 non
1014 1678 1201 1743 posset
1229 1669 1476 1742 eﬂugere
1507 1671 1822 1737 veritatem,
1854 1671 1961 1726 hoc
1988 1688 2117 1728 ver-

532 1765 665 1819 bum
697 1764 924 1835 quidem
957 1780 988 1818 a
1023 1764 1282 1819 Patribus
1330 1763 1608 1835 prolatum
1653 1778 1778 1820 esse
1829 1765 2116 1821 confessus

2219 646 2314 700 δύο
2340 646 2533 716 φύσεις
2583 646 2691 700 ἐπὶ
2717 645 2811 700 τοῦ
2868 647 3110 719 Χριστοῦ
3161 647 3499 719 ἁδιαδλήτως
3529 650 3814 722 είρήκασι.

2217 738 2384 806 Λέγει
2415 740 2549 809 γοῦν
2569 741 2628 792 ὲν
2647 737 2728 811 τῷ
2756 738 2903 812 λόγῳ
2951 740 3011 795 ὃν
3040 741 3328 795 Ἕκθεσιν
3350 743 3608 810 πίστεως
3644 743 3815 814 δῆθεν

2218 832 2495 903 ὀνομάζει,
2519 834 2647 888 τάδε
2671 851 2688 869 ο
2724 852 2746 886 ι
2786 835 2860 888 Τὸ
2887 834 2944 889 δὲ
2973 835 3157 905 λέγειν
3190 836 3285 892 δύο
3316 837 3529 907 φύσεις,
3550 858 3569 891 ι
3590 847 3699 896 etc.
3726 846 3812 909 (ιιι

2219 923 2350 978 alibi
2361 925 2483 995 jam
2507 926 2892 997 recitavimus).
2916 924 3049 982 Εἶτα
3078 930 3193 994 τοῖς
3215 929 3400 994 αὐτοῖς
3429 930 3682 1001 ἐμμένων
3713 933 3813 985 καὶ

2219 1016 2310 1075 διὰ
2340 1018 2451 1074 τῶν
2485 1018 2689 1090 ἐφεξῆς
2716 1021 2888 1089 λέγει,
2927 1022 3005 1093 μὴ,
3038 1022 3299 1078 δύνασθαι
3346 1023 3448 1087 τὰς
3480 1023 3586 1078 τῶν
3633 1026 3811 1080 Πατέ-

2223 1125 2331 1181 ρων
2369 1112 2556 1180 φωνὰς
2594 1113 2705 1165 τῶν
2753 1112 3096 1186 ἀδιαὸλήτως
3137 1116 3204 1186 τῇ
3254 1115 3396 1183 λέξει
3442 1119 3810 1188 χρησαμένων

2219 1203 2617 1275 προφέρεσθαι,
2655 1205 2762 1259 κᾶν
2803 1206 2972 1259 αὑτοῦ
3009 1206 3286 1278 Κυρίλλου
3323 1204 3447 1262 εἷεν
3477 1208 3587 1279 πρὸ
3612 1209 3804 1262 τούτου

2217 1296 2514 1366 λεχθεῖσαι.
2563 1298 2626 1351 Εί
2674 1298 2857 1352 τοίνυν
2892 1298 3104 1363 πάντας
3137 1301 3264 1364 τοὺς
3296 1300 3490 1369 ἁγίους
3529 1302 3802 1374 Πατέρας,

2218 1388 2300 1442 ἔτι
2339 1388 2448 1459 μὴν
2478 1389 2573 1443 καὶ
2606 1389 2701 1444 τὸν
2735 1392 2795 1445 έν
2845 1390 3026 1460 ἁγίοις
3051 1391 3320 1464 Κύριλλον
3350 1393 3694 1465 ἁδιαϐλήτως
3735 1399 3803 1466 τῇ

2216 1479 2722 1552 λέξειιχρήσασθαι,
2765 1483 2860 1537 καὶ
2907 1484 3071 1549 αὐτὸς
3117 1484 3355 1557 Σευῆρος
3407 1485 3682 1556 ὁμολογῇ,
3718 1486 3805 1551 τίς

2217 1573 2328 1646 ἀρα
2356 1575 2617 1643 τοιαύτην
2645 1576 2806 1647 ἔσχεν
2843 1577 3154 1643 αὐθεντίαν,
3189 1576 3331 1630 ὥστε
3359 1577 3459 1647 τὴν
3491 1576 3600 1631 τῶν
3634 1577 3805 1646 ἁγίων

2218 1666 2482 1737 Πατέρων
2515 1666 2921 1739 ἀποδοκιμάσαι
2960 1668 3349 1734 διδασκαλίανς
3386 1669 3420 1741 ἢ
3469 1670 3588 1734 πῶς
3626 1671 3804 1724 Πατέ-

2224 1776 2323 1830 ρας
2342 1760 2882 1833 ὸνομάζειΣευῆρος
2906 1754 2982 1816 ὧν
3011 1761 3523 1834 ἀποδοκιμασθῆναι
3557 1761 3708 1832 λέγει
3736 1763 3806 1817 τὰ

530 1865 637 1921 est,
678 1856 774 1912 sed
815 1856 1043 1927 proprio
1097 1855 1298 1911 morbo
1333 1856 1549 1911 mederi
1579 1856 1809 1923 volens,
1858 1857 2111 1928 blasphe-

2218 1852 2502 1923 δόγματας
2547 1853 2711 1908 Ἀλλά
2740 1853 3009 1926 πρόδηλον
3054 1855 3247 1909 ἑαυτὸν
3278 1855 3573 1921 δείκνυσιν,
3601 1857 3677 1921 ὡς
3704 1858 3807 1929 τὴν

531 1950 660 2006 miis
684 1949 926 2006 Nestorii
958 1948 1268 2004 doctrinam
1299 1949 1527 2004 Patrum
1556 1947 1728 2005 fuisse
1762 1950 2113 2020 reprobatam

527 2044 767 2109 asserit;
820 2041 969 2112 quod
1015 2049 1101 2096 est
1146 2042 1263 2097 risu
1301 2040 1553 2113 dignum.
1602 2041 1721 2097 lllis
1751 2052 1937 2097 autem
1988 2056 2115 2097 san-

528 2144 652 2191 ctos
684 2135 880 2191 Patres
902 2132 1190 2189 exinanire
1219 2142 1455 2189 conatus
1477 2140 1585 2199 est,
1612 2141 1984 2204 sanctumque
2011 2132 2117 2206 Cy-

530 2226 717 2281 rillum
738 2224 1068 2282 calumniari
1093 2241 1206 2281 non
1228 2225 1602 2290 dubitavit,,ut
1627 2225 1737 2281 illis
1754 2241 1879 2296 quae
1895 2225 1965 2281 ah
1995 2225 2116 2297 ipso

528 2318 697 2389 paulo
722 2327 851 2373 ante
878 2316 1024 2372 dicta
1055 2316 1276 2374 fuerant
1295 2317 1610 2389 sanctisque
1636 2316 1895 2373 Patribus
1916 2317 2115 2374 adver-

527 2419 768 2466 santem.
809 2410 1071 2466 Attamen
1097 2426 1223 2466 cum
1254 2411 1347 2466 ille
1376 2426 1550 2480 usque
1582 2410 1651 2465 ad
1686 2411 1928 2466 Nestorii
1973 2421 2114 2466 tem-

527 2516 690 2573 pora'
719 2511 944 2559 sanctos
1009 2504 1204 2559 Patres
1240 2503 1346 2558 hoc
1389 2503 1563 2558 verbo
1608 2502 1891 2574 iuculpate
1939 2503 2115 2559 fuisse

528 2609 662 2650 usos
693 2593 928 2650 allirmet
954 2634 971 2660 ,
1022 2610 1125 2651 nos
1154 2604 1407 2651 sanctum
1440 2594 1707 2666 Cyrillum
1744 2594 1978 2649 duarum
2011 2612 2113 2649 mr-

530 2697 780 2741 turarum
812 2685 987 2741 verbo
1024 2685 1094 2741 de
1141 2687 1453 2741 mconornia
1500 2686 1809 2742 Salvatoris
1840 2695 2113 2753 utentem,

526 2777 925 2833 condemnasse
980 2777 1296 2833 Nestorium
1344 2776 1735 2843 ostendemus;
1797 2779 2115 2849 iterumque

528 2880 651 2940 post
670 2870 1098 2927 condemnatqu
1124 2870 1466 2935 Nestorium,
1501 2870 1672 2926 simili
1696 2870 1951 2927 doctrina
1978 2887 2115 2928 usus

521 2972 615 3019 est
649 2963 797 3020 idem
834 2972 1065 3019 sanctus
1104 2963 1366 3036 Cyrillus.
1427 2963 1657 3020 Videtur
1699 2979 1833 3035 ergo
1868 2963 2115 3019 Severus

528 3074 709 3130 neque
739 3067 965 3115 sanctos
994 3059 1188 3113 Patres
1223 3056 1553 3128 intelligere,
1573 3071 1755 3125 neque
1787 3071 2014 3111 causam
2040 3054 2113 3110 ob

526 3168 695 3222 quam
731 3152 1134 3208 condemnatus
1156 3160 1242 3205 est
1260 3147 1549 3204 Nestorius
1574 3166 1590 3213 ;
1622 3148 1800 3204 sancti
1826 3148 1977 3203 enim
2008 3149 2113 3203 Pa-

530 3253 645 3297 tres
672 3240 983 3298 divinitatis
1005 3238 1216 3295 Christi
1245 3248 1411 3309 atque
1440 3237 1803 3293 humanitatis
1842 3237 1983 3293 duas
2008 3254 2116 3306 na-g

526 3343 682 3389 turas
708 3334 894 3388 unitas
935 3331 1270 3387 confitentes
1301 3371 1318 3395 ,
1376 3345 1446 3386 ne
1486 3328 1609 3385 duae
1643 3329 1968 3400 hypostases
2011 3340 2108 3386 aut

525 3424 639 3479 duo
683 3423 784 3479 filii
812 3422 881 3478 de
913 3422 1036 3493 ipso
1073 3421 1416 3485 dicerentur,
1457 3430 1749 3486 vetarunt;
1790 3420 2107 3477 Nestorius-

521 3531 632 3588 que
675 3523 930 3571 naturam
954 3558 970 3581 ,
1002 3513 1341 3587 hypostasim
1381 3521 1546 3583 atque
1602 3527 1901 3583 personam
1955 3512 2104 3569 idem

523 3622 648 3664 esse
696 3607 1005 3671 confitens,
1050 3614 1347 3679 propterea
1391 3605 1627 3661 duarum
1673 3615 2002 3663 naturarum
2050 3606 2108 3662 in

522 3700 807 3772 hypostasi
845 3701 1110 3757 unionem
1144 3715 1375 3771 negans,
1402 3699 1700 3772 separatim
1736 3700 2111 3773 hypostatice-

521 3810 635 3866 que
662 3794 806 3851 duas
834 3803 1065 3850 naturas
1087 3793 1298 3859 dicens,
1333 3793 1577 3865 indeque
1607 3794 1749 3850 duos
1771 3794 1915 3849 filios
1939 3793 2109 3849 duos-

523 3883 906 3956 queChristos
919 3882 1204 3955 efﬁngens,
1227 3894 1457 3955 propter
1479 3884 1641 3939 istam
1663 3883 1838 3954 ipsius
1853 3882 2111 3954 blasphe-

523 3981 690 4033 ruiam
709 4017 726 4043 ,
742 3992 775 4032 a
801 3976 1011 4033 sanctis
1024 3976 1285 4033 Patribus
1303 3974 1707 4031 condemnatus
1729 3983 1814 4031 est
1833 3992 1848 4041 ;
1866 3975 2106 4046 ideoque

524 4068 1019 4141 sanctusCyrillus,
1047 4066 1318 4124 insaniam
1346 4069 1467 4140 ejus
1484 4067 1772 4124 Iudaicam
1802 4066 2110 4123 retundens

522 4163 583 4217 in
610 4162 895 4232 Ephesino
912 4160 1146 4234 synodo,
1170 4168 1390 4217 sanctos
1408 4161 1599 4216 Patres
1621 4159 1854 4216 adduxit
1872 4166 1933 4213 ut
1951 4168 2106 4215 veta-

524 4266 649 4311 rent
679 4272 749 4312 ne
778 4255 890 4310 duo
945 4254 1044 4310 filii
1094 4254 1455 4319 dicerentur,
1505 4252 1646 4309 duas
1696 4267 1829 4308 vero
1878 4260 2108 4308 naturas

516 4364 813 4429 unumque
845 4348 1043 4405 Filium
1082 4346 1471 4418 praedicarent.

2216 1945 2480 2019 ἁλήθειαν
2508 1946 2837 2017 ἀποφυγεῖν,
2878 1946 2955 2020 μὴ
2993 1947 3317 2018 δυνάμενος,
3343 1948 3665 2020 ὡμολόγησε
3703 1949 3808 2020 μὲν

2215 2038 2314 2109 τὴν
2345 2037 2608 2109 τοιαύτην
2644 2038 2829 2111 φωνὴν
2865 2039 3021 2111 παρὰ
3064 2039 3173 2093 τῶν
3210 2040 3383 2108 ἁγίων
3426 2042 3686 2112 Πατέρων
3726 2044 3809 2096 εί-

2217 2130 2437 2203 ρῆσθαι,
2474 2131 2758 2205 βουληθεὶς
2781 2134 2839 2189 δὲ
2868 2137 2935 2207 τῇ
2961 2134 3143 2206 οίκείᾳ
3171 2135 3314 2206 νόσῳ
3336 2139 3689 2207 συνηγορεῖν,
3715 2136 3809 2190 λέ-

2216 2216 2305 2294 γει
2332 2225 2421 2280 διὰ
2454 2225 2555 2290 τὰς
2584 2227 2884 2298 Νεστορίου
2917 2226 3268 2299 βλασφημίας
3295 2228 3809 2300 ἀποδοκιμασθῆναι

2215 2318 2315 2380 τὰς
2343 2316 2451 2372 τῶν
2475 2317 2647 2387 ἁγίων
2678 2319 2944 2390 Πατέρων
2978 2317 3353 2381 διδασκαλίαςο
3392 2319 3478 2388 ἐφ’
3505 2312 3550 2388 ᾧ
3582 2321 3678 2373 καὶ
3715 2336 3810 2390 γε·

2215 2406 2314 2478 λᾷν
2342 2406 2514 2473 ἀξιον.
2550 2406 2651 2463 Διὰ
2697 2407 2757 2462 δὲ
2807 2407 3016 2465 τούτων
3057 2408 3183 2473 τούς
3215 2426 3275 2463 τε
3320 2409 3513 2480 ἁγίους
3555 2411 3807 2483 Πατίρας

2214 2499 2432 2553 ἀθετεῖν
2462 2500 2824 2573 ἐπεχείρησεν
2855 2500 2950 2556 καὶ
2973 2501 3064 2556 τὸν
3090 2503 3150 2555 ὲν
3195 2501 3373 2570 ἁγίοις
3405 2502 3681 2574 Κύριλλον
3705 2520 3805 2558 συ·-

2215 2595 2508 2662 κοφαντεῖν
2547 2594 2649 2647 οὐκ
2696 2592 3049 2664 ἁπώκνησεν,
3079 2593 3155 2657 ὡς
3182 2595 3278 2649 καὶ
3304 2597 3418 2659 τοῖς
3445 2594 3640 2667 πρώην
3675 2596 3804 2668 παρ’

2216 2681 2387 2737 αὐτοῦ
2428 2684 2743 2755 εἰρημένοις
2794 2684 2890 2737 καὶ
2935 2686 3051 2749 τοῖς
3102 2686 3280 2754 ἁγίοις
3327 2685 3608 2757 Πατράσιν
3643 2687 3806 2739 ἔναν-

2216 2777 2527 2850 τιούμενον.
2552 2776 2699 2850 Πλὴν
2726 2776 2915 2847 ἐπειδὴ
2945 2778 3152 2842 ἐκεῖνος
3175 2775 3339 2849 μέχρι
3363 2778 3473 2830 τῶν
3496 2777 3803 2849 Νεστορίου

2214 2871 2447 2942 χρόνων,
2493 2870 2644 2939 λέγει
2674 2869 2804 2934 τοὺς
2850 2869 3041 2938 ἁγίους
3071 2869 3323 2942 Πατέρας
3366 2870 3711 2942 ἁδιαϐλήτως
3735 2873 3811 2942 τῇ

2213 2960 2442 3037 τοιαύτῃ
2485 2962 2796 3034 χρήσασθαι
2830 2965 3014 3033 φωνῇ,
3075 2964 3237 3034 ἡμεῖς
3276 2963 3523 3033 δείξομεν
3552 2965 3637 3018 ὅτι
3680 2965 3711 3018 δ
3746 2965 3807 3016 έν

2215 3057 2395 3126 ἁγίοις
2428 3055 2698 3127 Κύριλλος
2732 3058 2800 3127 τῇ
2841 3055 2951 3108 τῶν
2981 3054 3092 3110 δύο
3123 3058 3369 3126 φύσεων
3395 3060 3547 3129 φωνῇ
3572 3058 3665 3111 ἐπὶ
3698 3057 3806 3129 τῆς

2214 3149 2533 3221 οίκονομίας
2558 3147 2652 3202 τοῦ
2683 3147 2936 3219 Σωτῆρος
2970 3151 3339 3219 χρησάμενος,
3371 3150 3663 3221 κατέκρινε
3695 3149 3805 3205 Νε-

2216 3244 2432 3314 στόριον
2454 3258 2467 3272 ·
2493 3243 2588 3296 καὶ
2616 3240 2783 3295 πάλιν
2816 3243 2955 3312 μετά
2986 3242 3084 3315 τὴν
3121 3242 3417 3313 Νεστορίου
3448 3244 3805 3315 κατάκρισιν,

2213 3336 2245 3388 ὁ
2270 3334 2433 3398 αὐτὸς
2461 3337 2517 3388 ὲν
2548 3334 2727 3403 ἁγίοις
2768 3333 3036 3405 Κύριλλος
3073 3336 3143 3407 τῇ
3169 3333 3331 3406 ὁμοίᾳ
3366 3336 3638 3406 ἐχρήσατο
3656 3336 3805 3389 διδα-

2216 3428 2438 3500 σκαλίᾳ.
2483 3429 2667 3482 Ἐοικε
2702 3428 2811 3497 γὰρ
2844 3426 3087 3499 Σευῆρος
3125 3429 3265 3499 μήτε
3294 3428 3421 3491 τοὺς
3458 3429 3650 3498 ἁγίους
3679 3430 3804 3501 νοή-

2216 3538 2315 3584 σας
2372 3520 2662 3594 ιιατέρας,
2714 3522 2852 3593 μήτε
2900 3520 3000 3592 τὴν
3055 3520 3235 3575 αἰτίαν
3282 3521 3368 3591 ἐφ’
3413 3515 3449 3597 ᾖ
3496 3522 3799 3594 κατεκρίθη

2216 3615 2515 3685 Νεστὸριος
2542 3632 2555 3646 ·
2599 3616 2649 3667 οἱ
2680 3614 2785 3684 γὰρ
2817 3612 2966 3682 ἅγιοι
3008 3612 3252 3684 Πατέρες
3286 3614 3384 3683 τῆς
3415 3612 3672 3685 θεότητος
3702 3612 3798 3667 τοῦ

2216 3705 2457 3778 Χριστοῦ
2490 3705 2585 3759 καὶ
2614 3705 2714 3773 τῆς
2741 3703 3158 3776 ἀνθρωπότητος
3180 3704 3275 3759 δύο
3296 3704 3485 3776 φύσεις
3510 3705 3800 3778 ήνωμένας

2210 3796 2607 3870 ὁμολογοῦντες
2655 3796 3048 3869 ἀπηγόρευσαν
3099 3796 3193 3851 δύο
3248 3797 3577 3862 ὑποστάσεις
3623 3797 3659 3869 ἢ
3704 3796 3799 3850 δύο

2211 3892 2362 3956 υἱοὺς
2400 3891 2491 3944 ἐπ’
2535 3888 2703 3946 αὐτοῦ
2753 3890 2953 3959 λέγειν’
2990 3890 3288 3962 Νεστορίου
3340 3892 3450 3963 γὰρ
3502 3891 3664 3960 φύσιν
3703 3890 3799 3963 καὶ

2212 3981 2514 4034 ὑπόστασιν
2569 3982 2666 4035 καὶ
2718 3983 3014 4051 πρόσωπον
3052 3983 3253 4037 ταύτὸν
3296 3978 3439 4038 εἶναι
3472 3961 3798 4053 ὁμολογοῦν-

2214 4088 2328 4135 τος,
2361 4071 2457 4126 καὶ
2486 4071 2575 4126 διὰ
2607 4070 2768 4126 τοῦτο
2815 4071 2924 4126 τῶν
2958 4072 3052 4127 δύο
3105 4073 3323 4144 ςύσεων
3356 4073 3456 4146 τὴν
3503 4074 3631 4129 καθ’
3662 4073 3798 4128 ὑπό-

2217 4181 2411 4218 στασιν
2449 4165 2645 4218 ἕνωσιν
2677 4165 3036 4236 ἀρνουμένου,
3065 4166 3160 4219 καὶ
3187 4166 3291 4220 ἁνὰ
3323 4166 3490 4238 μέρος
3534 4167 3631 4220 καὶ
3668 4167 3799 4220 ίδιο-

2212 4255 2539 4321 ῦποστὰτως
2586 4258 2686 4321 τὰς
2736 4256 2829 4310 δύο
2876 4255 3069 4327 φύσεις
3100 4256 3371 4327 λέγοντος,
3404 4258 3501 4311 καὶ
3548 4257 3800 4312 ἐντεῦθεν

2206 4345 2301 4400 δύο
2336 4347 2485 4410 υίοῦς
2533 4348 2628 4401 καὶ
2659 4346 2753 4401 δύο
2785 4347 3055 4419 Χριστοὺς
3085 4346 3535 4412 ἀναπλάττοντας,
3573 4348 3671 4402 καὶ
3694 4347 3785 4402 διὰ

523 4441 625 4512 τὴν
651 4440 910 4510 τοιαύτην
939 4439 1107 4495 αὐτοῦ
1143 4437 1498 4510 βλασφημίαν
1529 4435 1635 4490 ὑπὸ
1660 4434 1769 4489 τῶν
1797 4435 1969 4505 ἁγίων
2036 4438 2340 4509 κατεκρίθη
2412 4439 2695 4509 Πατέρων,
2730 4439 2922 4510 ἀμέλει
2952 4456 3033 4492 τοι
3085 4440 3114 4492 ὁ
3147 4440 3205 4491 ὲν
3270 4438 3446 4507 ἁγίοις
3515 4438 3785 4511 Κύριλλος

521 4538 624 4609 τὴν
662 4536 960 4608 Ἰουδαῖκὴν
1023 4535 1189 4591 αὐτοῦ
1235 4534 1434 4605 μανίαν
1471 4532 1778 4603 ἁνελέγχων
1826 4534 1886 4586 ὲν
1929 4535 1995 4605 τῇ
2031 4533 2152 4589 κατ’
2195 4535 2433 4604 Ἔφεσον
2488 4534 2713 4606 συνόδῳ,
2753 4533 2884 4597 τοὺς
2940 4532 3130 4603 ἁγίους
3177 4532 3424 4605 Πατέρας
3474 4536 3797 4605 προήγαγεν

524 4632 971 4704 ἀπαγορεύοντας
1008 4631 1107 4700 μὲν
1133 4629 1195 4683 τὸ
1216 4628 1398 4696 λέγειν
1426 4626 1520 4682 δύο
1548 4628 1733 4691 Υίοὺς,
1760 4625 1855 4681 δύο
1879 4625 1937 4679 δὲ
1963 4625 2157 4695 φύσεις
2195 4628 2291 4681 καὶ
2321 4627 2417 4682 ἕνα
2454 4627 2584 4683 Υίδν
2611 4629 3007 4698 κηρύττοντας.

596 4728 675 4783 Ex
697 4723 959 4780 omnibus
989 4723 1160 4793 igitur
1183 4735 1306 4789 qum
1337 4718 1484 4773 dicta
1512 4726 1642 4773 sunt
1664 4716 1998 4788 patefactum
2021 4726 2105 4772 est

2285 4716 2367 4789 [P.
2398 4718 2667 4792 251Ὲκ
2685 4719 2791 4773 τῶν
2825 4717 3134 4790 εἰρημένων
3163 4717 3343 4771 τοίνυν
3369 4718 3626 4773 ἁπάντων
3652 4720 3795 4776 ἁπο-

523 4828 781 4876 sanctum
818 4813 1084 4886 Cyrillum
1117 4818 1246 4865 ante
1274 4810 1688 4865 damnationem
1717 4808 1953 4865 Nestorii
1983 4849 1997 4872 ,
2048 4809 2105 4863 in

525 4913 678 4968 illius
697 4905 1052 4965 damnatione
1074 4911 1307 4975 postque
1329 4902 1504 4973 ipsius
1519 4900 1954 4965 damnationem,
1971 4901 2107 4955 dua-

527 5019 658 5059 rum
683 5011 1007 5057 naturarum
1042 4995 1100 5051 in
1135 5010 1247 5050 uno
1271 4993 1494 5050 Christo
1527 4991 1933 5048 confessionem
1968 5008 2108 5063 prte-

526 5098 715 5153 dicare
768 5090 1035 5148 continuo
1079 5103 1187 5144 non
1239 5103 1506 5143 cessasse.
1568 5086 1675 5142 Sed
1721 5085 1860 5140 nihil
1913 5086 2109 5142 horum

531 5188 851 5258 intelligens
883 5181 1139 5239 veritatis
1170 5180 1344 5235 hostis
1375 5179 1631 5243 Severus,
1667 5180 1856 5235 Patres
1887 5179 2108 5234 nomine

530 5281 756 5336 Patrum
793 5284 976 5338 vocat,
1019 5290 1092 5329 ac
1123 5272 1357 5344 denegat
1389 5273 1458 5328 ab
1500 5272 1609 5327 illis
1662 5272 1923 5326 Ecclesia:
1955 5280 2105 5326 recte

531 5371 791 5427 traditam
826 5369 996 5423 fuisse
1021 5366 1353 5429 doctrinam,
1403 5366 1657 5420 nesciens
1688 5366 2001 5420 Nestorium
2033 5364 2106 5418 ob

530 5476 684 5515 suam
717 5460 939 5529 quidem
972 5457 1312 5527 impietatem
1343 5457 1762 5512 condemnatum
1810 5457 2002 5521 fuisse,
2035 5457 2104 5510 ab

527 5548 737 5619 illoque
773 5554 954 5601 tamen
998 5546 1222 5601 Patrum
1271 5544 1577 5601 doctrinam
1619 5561 1867 5601 eversam
1913 5545 2103 5603 fuisse.

528 5641 590 5696 Si
628 5649 837 5704 autem,
879 5639 1033 5710 juxta
1072 5635 1341 5691 insaniam
1374 5636 1596 5702 Severi,
1630 5635 1799 5691 verba
1835 5652 1863 5690 a
1901 5638 2105 5693 sanctis

531 5732 789 5787 Patribus
821 5740 969 5786 recte
1007 5728 1320 5801 praedicata,
1367 5728 1436 5782 ab
1473 5728 1749 5785 haereticis
1785 5744 1915 5785 vero
1949 5730 2106 5784 mali-

526 5840 637 5897 gne
692 5825 1052 5896 interpretata
1104 5821 1439 5878 removenda
1478 5830 1640 5888 sunt,
1683 5829 1900 5878 evertet
1930 5821 2099 5879 etiam

2211 4811 2478 4866 δέδεικται
2505 4813 2587 4867 ὅτι
2616 4813 2644 4865 ὁ
2678 4815 2735 4866 ὲν
2761 4814 2936 4882 ἁγίοις
2969 4811 3237 4883 Κύριλλος
3283 4812 3379 4865 καὶ
3419 4812 3527 4883 πρὸ
3556 4813 3656 4884 τῆς
3685 4814 3795 4869 Νεα-

2213 4903 2429 4975 στορίου
2472 4904 2874 4976 κατακρίσεως,
2931 4904 3027 4958 καὶ
3071 4907 3131 4958 έν
3175 4906 3411 4976 αύτῇέτῇ
3447 4907 3796 4978 κατακρίσει,

2214 4994 2310 5047 καὶ
2351 4994 2489 5065 μετὰ
2538 4996 2639 5064 τὴν
2694 4994 2860 5049 αὐτοῦ
2911 4996 3262 5063 κατάκρισιν,
3311 4996 3370 5049 οὐ
3427 4996 3666 5050 διέλιπεν
3698 4998 3797 5070 τὴν

2218 5087 2347 5157 περὶ
2383 5085 2493 5139 τῶν
2526 5085 2619 5140 δύο
2669 5085 2886 5155 φύσεων
2916 5088 3007 5140 ἐπὶ
3049 5087 3142 5141 τοῦ
3190 5090 3311 5151 ἑνὸς
3340 5089 3578 5159 Χριστοῦ
3604 5090 3796 5161 ὁμολο-

2212 5179 2339 5245 γίαν
2368 5178 2455 5231 ἀεὶ
2480 5177 2767 5247 κηρύττων
2786 5195 2798 5208 ·
2816 5179 2932 5233 ἀλλ’
2956 5180 3108 5234 οὐδὲν
3141 5181 3346 5235 τούτων
3375 5182 3615 5254 Σευῆροε
3647 5185 3675 5236 ὁ
3695 5183 3796 5252 τῆς

2212 5270 2474 5339 ἀληθείας
2512 5271 2709 5344 ἐχθρὸς
2745 5271 2961 5337 έννοῶν,
2995 5273 3121 5337 τοὺς
3155 5273 3255 5344 μὲν
3286 5275 3539 5345 Πατέρας
3566 5276 3792 5347 ὀνόματι

2212 5362 2371 5432 δῆθεν
2403 5361 2670 5433 Πατέρων
2698 5362 2984 5425 ἀποκαλεῖ,
3022 5364 3268 5434 ἀρνεῖται
3319 5364 3377 5417 δὲ
3416 5365 3485 5418 τὰ
3531 5365 3664 5436 παρ’
3701 5368 3766 5419 αὖ

2211 5454 2321 5507 τῶν
2364 5453 2541 5525 ὀρθῶς
2595 5456 2660 5526 τῇ
2720 5453 3015 5525 Ἐκκλησία
3064 5453 3475 5525 παραδεδομένα
3522 5455 3791 5526 δόγματα,

2217 5548 2292 5620 μὴ
2316 5548 2604 5617 γινώσκων
2630 5549 2711 5601 ὃτι
2742 5547 3036 5620 Νεστόριος
3066 5548 3164 5619 μὲν
3186 5548 3273 5601 διὰ
3305 5550 3407 5620 τὴν
3435 5549 3643 5603 οίκείαν
3664 5550 3794 5604 ἁοέο

2214 5639 2368 5692 ϐειαν
2413 5639 2835 5705 κατακέκριται,
2880 5639 2942 5691 οῦ
2986 5638 3094 5711 μὴν
3130 5638 3198 5692 δι’
3240 5641 3450 5693 ἐκεῖνον
3481 5642 3514 5711 ﬂ
3546 5639 3652 5693 τῶν
3680 5641 3791 5693 lla-

2209 5730 2388 5800 τέρων
2411 5731 2682 5802 ἀνῄρηται
2714 5732 3052 5787 διδασκαλία.
3085 5733 3149 5786 Εἰ
3186 5732 3294 5803 γὰρ
3326 5733 3467 5787 κατὰ
3496 5730 3594 5804 τὴν
3623 5731 3791 5801 Σευήο

2207 5838 2304 5894 ρου
2342 5823 2545 5894 μανίαν
2575 5865 2589 5891 ,
2627 5824 2726 5889 τὰς
2779 5825 2963 5895 φωνὰς
3004 5824 3104 5891 τὰς
3134 5825 3287 5898 παρὰ
3320 5825 3421 5898 μὲν
3466 5825 3577 5882 τῶν
3617 5823 3791 5898 ἁγίων
