  <div class='ocr_page' id='page_1' title='image "/cluster/home/n/w/nwhite01/storage/ocr_20150623/86:1/hvd.32044019208909/576.png"; bbox 0 0 4112 6542; ppageno 0'>
   <div class='ocr_carea' id='block_1_1' title="bbox 299 553 3576 642">
    <p class='ocr_par' dir='ltr' id='par_1_1' title="bbox 299 553 3576 642">
     <span class='ocr_line' id='line_1_1' title="bbox 299 553 3576 642; baseline 0.004 -24"><span class='ocrx_word' id='word_1_1' title='bbox 299 553 434 619; x_wconf 73' lang='lat'><strong>1131</strong></span> <span class='ocrx_word' id='word_1_2' title='bbox 1209 559 1653 642; x_wconf 81' lang='lat' dir='ltr'><strong>TRACTATUS</strong></span> <span class='ocrx_word' id='word_1_3' title='bbox 1690 557 1990 626; x_wconf 77' lang='lat' dir='ltr'><strong>CONTRA</strong></span> <span class='ocrx_word' id='word_1_4' title='bbox 2032 561 2638 626; x_wconf 68' lang='lat' dir='ltr'><strong>novornvsms.</strong></span> <span class='ocrx_word' id='word_1_5' title='bbox 3359 618 3364 623; x_wconf 91' lang='lat'><strong>.</strong></span> <span class='ocrx_word' id='word_1_6' title='bbox 3441 616 3494 634; x_wconf 70' lang='lat'><strong>.-</strong></span> <span class='ocrx_word' id='word_1_7' title='bbox 3526 613 3576 632; x_wconf 53' lang='grc' dir='ltr'><strong>,ρ</strong></span> 
     </span>
    </p>
   </div>
   <div class='ocr_carea' id='block_1_2' title="bbox 293 664 1886 744">
    <p class='ocr_par' dir='ltr' id='par_1_2' title="bbox 293 664 1883 738">
     <span class='ocr_line' id='line_1_2' title="bbox 293 664 1883 738; baseline 0 -18"><span class='ocrx_word' id='word_1_8' title='bbox 293 667 554 736; x_wconf 74' lang='grc' dir='ltr'>Ματέρων</span> <span class='ocrx_word' id='word_1_9' title='bbox 587 664 763 738; x_wconf 80' lang='grc' dir='ltr'>ὀρθῶς</span> <span class='ocrx_word' id='word_1_10' title='bbox 794 665 1115 737; x_wconf 72' lang='grc' dir='ltr'><strong>εἰρημένας,</strong></span> <span class='ocrx_word' id='word_1_11' title='bbox 1161 666 1315 737; x_wconf 70' lang='grc' dir='ltr'>παρὰ</span> <span class='ocrx_word' id='word_1_12' title='bbox 1359 667 1416 721; x_wconf 80' lang='grc' dir='ltr'>δὲ</span> <span class='ocrx_word' id='word_1_13' title='bbox 1460 667 1755 738; x_wconf 80' lang='grc' dir='ltr'>αἱρετικῶν</span> <span class='ocrx_word' id='word_1_14' title='bbox 1783 685 1883 722; x_wconf 79' lang='grc' dir='ltr'>κα-</span> 
     </span>
    </p>
   </div>
   <div class='ocr_carea' id='block_1_3' title="bbox 1987 664 3575 744">
    <p class='ocr_par' dir='ltr' id='par_1_3' title="bbox 1987 671 3575 744">
     <span class='ocr_line' id='line_1_3' title="bbox 1987 671 3575 744; baseline 0.005 -16"><span class='ocrx_word' id='word_1_15' title='bbox 1987 671 2235 728; x_wconf 86' lang='lat' dir='ltr'><strong>divinam</strong></span> <span class='ocrx_word' id='word_1_16' title='bbox 2261 672 2631 744; x_wconf 84' lang='lat' dir='ltr'><strong>Scripturam,</strong></span> <span class='ocrx_word' id='word_1_17' title='bbox 2681 688 2759 729; x_wconf 56' lang='lat' dir='ltr'><strong>es</strong></span> <span class='ocrx_word' id='word_1_18' title='bbox 2792 688 2916 744; x_wconf 78' lang='lat' dir='ltr'><strong>qua</strong></span> <span class='ocrx_word' id='word_1_19' title='bbox 2962 676 3226 734; x_wconf 81' lang='lat' dir='ltr'><strong>haeretici</strong></span> <span class='ocrx_word' id='word_1_20' title='bbox 3252 681 3575 736; x_wconf 66' lang='lat' dir='ltr'><strong>suomerbo</strong></span> 
     </span>
    </p>
   </div>
   <div class='ocr_carea' id='block_1_4' title="bbox 291 758 1886 843">
    <p class='ocr_par' dir='ltr' id='par_1_4' title="bbox 291 758 1886 832">
     <span class='ocr_line' id='line_1_4' title="bbox 291 758 1886 832; baseline 0.001 -21"><span class='ocrx_word' id='word_1_21' title='bbox 291 761 404 824; x_wconf 80' lang='grc' dir='ltr'>κῶς</span> <span class='ocrx_word' id='word_1_22' title='bbox 440 758 935 830; x_wconf 78' lang='grc' dir='ltr'>ὲκλαμδανομένας</span> <span class='ocrx_word' id='word_1_23' title='bbox 974 759 1363 829; x_wconf 85' lang='grc' dir='ltr'>παραιτεῖσθαι</span> <span class='ocrx_word' id='word_1_24' title='bbox 1418 759 1535 825; x_wconf 86' lang='grc' dir='ltr'><strong>δεῖ,</strong></span> <span class='ocrx_word' id='word_1_25' title='bbox 1585 761 1680 815; x_wconf 78' lang='grc' dir='ltr'>καὶ</span> <span class='ocrx_word' id='word_1_26' title='bbox 1714 760 1886 832; x_wconf 80' lang='grc' dir='ltr'>αὐτὴν</span> 
     </span>
    </p>
   </div>
   <div class='ocr_carea' id='block_1_5' title="bbox 1987 758 3578 843">
    <p class='ocr_par' dir='ltr' id='par_1_5' title="bbox 1989 766 3578 843">
     <span class='ocr_line' id='line_1_5' title="bbox 1989 766 3578 843; baseline 0.004 -23"><span class='ocrx_word' id='word_1_27' title='bbox 1989 766 2234 822; x_wconf 86' lang='lat' dir='ltr'><strong>remedia</strong></span> <span class='ocrx_word' id='word_1_28' title='bbox 2270 767 2497 823; x_wconf 84' lang='lat' dir='ltr'><strong>haurire</strong></span> <span class='ocrx_word' id='word_1_29' title='bbox 2517 766 2838 823; x_wconf 78' lang='lat' dir='ltr'><strong>conﬁdunt.</strong></span> <span class='ocrx_word' id='word_1_30' title='bbox 2856 768 3015 825; x_wconf 88' lang='lat' dir='ltr'><strong>Patet</strong></span> <span class='ocrx_word' id='word_1_31' title='bbox 3042 786 3195 842; x_wconf 82' lang='lat' dir='ltr'><strong>ergo.</strong></span> <span class='ocrx_word' id='word_1_32' title='bbox 3232 773 3397 843; x_wconf 71' lang='lat' dir='ltr'><strong>juxta</strong></span> <span class='ocrx_word' id='word_1_33' title='bbox 3426 772 3578 828; x_wconf 78' lang='lat' dir='ltr'><strong>illius</strong></span> 
     </span>
    </p>
   </div>
   <div class='ocr_carea' id='block_1_6' title="bbox 292 847 1886 937">
    <p class='ocr_par' dir='ltr' id='par_1_6' title="bbox 292 847 1886 923">
     <span class='ocr_line' id='line_1_6' title="bbox 292 847 1886 923; baseline 0 -17"><span class='ocrx_word' id='word_1_34' title='bbox 292 852 553 923; x_wconf 79' lang='grc' dir='ltr'>ἁθετήσει</span> <span class='ocrx_word' id='word_1_35' title='bbox 581 850 680 922; x_wconf 76' lang='grc' dir='ltr'>τὴν</span> <span class='ocrx_word' id='word_1_36' title='bbox 724 849 878 905; x_wconf 84' lang='grc' dir='ltr'>θείαν</span> <span class='ocrx_word' id='word_1_37' title='bbox 917 851 1161 922; x_wconf 76' lang='grc' dir='ltr'>Γραφὴν,</span> <span class='ocrx_word' id='word_1_38' title='bbox 1188 850 1250 917; x_wconf 78' lang='grc' dir='ltr'>ἐξ</span> <span class='ocrx_word' id='word_1_39' title='bbox 1285 847 1353 922; x_wconf 83' lang='grc' dir='ltr'>ἦς</span> <span class='ocrx_word' id='word_1_40' title='bbox 1383 851 1588 916; x_wconf 86' lang='grc' dir='ltr'>πάντες</span> <span class='ocrx_word' id='word_1_41' title='bbox 1617 853 1886 923; x_wconf 77' lang='grc' dir='ltr'>αἱρετικοί-</span> 
     </span>
    </p>
   </div>
   <div class='ocr_carea' id='block_1_7' title="bbox 1987 847 3575 937">
    <p class='ocr_par' dir='ltr' id='par_1_7' title="bbox 1990 859 3575 937">
     <span class='ocr_line' id='line_1_7' title="bbox 1990 859 3575 937; baseline 0.005 -23"><span class='ocrx_word' id='word_1_42' title='bbox 1990 860 2249 930; x_wconf 85' lang='lat' dir='ltr'><strong>ineptias,</strong></span> <span class='ocrx_word' id='word_1_43' title='bbox 2288 861 2508 916; x_wconf 82' lang='lat' dir='ltr'><strong>divinas</strong></span> <span class='ocrx_word' id='word_1_44' title='bbox 2528 859 2856 932; x_wconf 82' lang='lat' dir='ltr'><strong>Scripturas</strong></span> <span class='ocrx_word' id='word_1_45' title='bbox 2883 863 3321 937; x_wconf 89' lang='lat' dir='ltr'><strong>traditionesque</strong></span> <span class='ocrx_word' id='word_1_46' title='bbox 3350 867 3575 924; x_wconf 83' lang='lat' dir='ltr'><strong>Patrum</strong></span> 
     </span>
    </p>
   </div>
   <div class='ocr_carea' id='block_1_8' title="bbox 292 941 1887 1016">
    <p class='ocr_par' dir='ltr' id='par_1_8' title="bbox 292 941 1887 1016">
     <span class='ocr_line' id='line_1_8' title="bbox 292 941 1887 1016; baseline 0.002 -19"><span class='ocrx_word' id='word_1_47' title='bbox 292 946 358 1014; x_wconf 74' lang='grc' dir='ltr'>τῇ</span> <span class='ocrx_word' id='word_1_48' title='bbox 399 941 578 1016; x_wconf 72' lang='grc' dir='ltr'>οἰκεία</span> <span class='ocrx_word' id='word_1_49' title='bbox 611 945 934 1014; x_wconf 82' lang='grc' dir='ltr'><strong>συνηγορεῖν</strong></span> <span class='ocrx_word' id='word_1_50' title='bbox 988 943 1193 997; x_wconf 75' lang='grc' dir='ltr'>οἴονται</span> <span class='ocrx_word' id='word_1_51' title='bbox 1251 943 1424 1016; x_wconf 86' lang='grc' dir='ltr'>νόσῳ·</span> <span class='ocrx_word' id='word_1_52' title='bbox 1469 945 1566 998; x_wconf 75' lang='grc' dir='ltr'>καὶ</span> <span class='ocrx_word' id='word_1_53' title='bbox 1613 944 1774 1015; x_wconf 77' lang='grc' dir='ltr'>δῆλον</span> <span class='ocrx_word' id='word_1_54' title='bbox 1805 947 1887 1000; x_wconf 85' lang='grc' dir='ltr'>ὅτι</span> 
     </span>
    </p>
   </div>
   <div class='ocr_carea' id='block_1_9' title="bbox 295 1034 1890 1108">
    <p class='ocr_par' dir='ltr' id='par_1_9' title="bbox 295 1034 1890 1108">
     <span class='ocr_line' id='line_1_9' title="bbox 295 1034 1890 1108; baseline 0.001 -18"><span class='ocrx_word' id='word_1_55' title='bbox 295 1036 435 1090; x_wconf 70' lang='grc' dir='ltr'>κατὰ</span> <span class='ocrx_word' id='word_1_56' title='bbox 477 1037 608 1099; x_wconf 85' lang='grc' dir='ltr'>τοὺς</span> <span class='ocrx_word' id='word_1_57' title='bbox 654 1034 865 1090; x_wconf 80' lang='grc' dir='ltr'>ἐκείνου</span> <span class='ocrx_word' id='word_1_58' title='bbox 913 1036 1138 1106; x_wconf 81' lang='grc' dir='ltr'><strong>λήρους,</strong></span> <span class='ocrx_word' id='word_1_59' title='bbox 1165 1035 1225 1089; x_wconf 80' lang='grc' dir='ltr'>αἶ</span> <span class='ocrx_word' id='word_1_60' title='bbox 1260 1053 1322 1090; x_wconf 87' lang='grc' dir='ltr'><strong>τε</strong></span> <span class='ocrx_word' id='word_1_61' title='bbox 1357 1037 1499 1090; x_wconf 83' lang='grc' dir='ltr'>θεῖαι</span> <span class='ocrx_word' id='word_1_62' title='bbox 1535 1038 1754 1108; x_wconf 71' lang='grc' dir='ltr'>Γραφαὶ</span> <span class='ocrx_word' id='word_1_63' title='bbox 1795 1039 1890 1092; x_wconf 79' lang='grc' dir='ltr'>καὶ</span> 
     </span>
    </p>
   </div>
   <div class='ocr_carea' id='block_1_10' title="bbox 294 1127 1812 1200">
    <p class='ocr_par' dir='ltr' id='par_1_10' title="bbox 294 1127 1812 1200">
     <span class='ocr_line' id='line_1_10' title="bbox 294 1127 1812 1200; baseline 0.001 -17"><span class='ocrx_word' id='word_1_64' title='bbox 294 1132 348 1183; x_wconf 82' lang='grc' dir='ltr'><strong>αί</strong></span> <span class='ocrx_word' id='word_1_65' title='bbox 381 1129 489 1182; x_wconf 81' lang='grc' dir='ltr'>τῶν</span> <span class='ocrx_word' id='word_1_66' title='bbox 525 1129 785 1200; x_wconf 81' lang='grc' dir='ltr'>Πατέρων</span> <span class='ocrx_word' id='word_1_67' title='bbox 817 1127 1152 1200; x_wconf 73' lang='grc' dir='ltr'><strong>παραδόσεις</strong></span> <span class='ocrx_word' id='word_1_68' title='bbox 1181 1129 1812 1200; x_wconf 80' lang='grc' dir='ltr'>ὰποδοκιμασθήσονται.</span> 
     </span>
    </p>
   </div>
   <div class='ocr_carea' id='block_1_11' title="bbox 379 1216 1891 1290">
    <p class='ocr_par' dir='ltr' id='par_1_11' title="bbox 379 1216 1891 1290">
     <span class='ocr_line' id='line_1_11' title="bbox 379 1216 1891 1290; baseline 0.003 -20"><span class='ocrx_word' id='word_1_69' title='bbox 379 1216 540 1270; x_wconf 75' lang='grc' dir='ltr'>Ἀλλὰ</span> <span class='ocrx_word' id='word_1_70' title='bbox 580 1218 750 1270; x_wconf 83' lang='grc' dir='ltr'>ταῦτα</span> <span class='ocrx_word' id='word_1_71' title='bbox 783 1218 883 1288; x_wconf 79' lang='grc' dir='ltr'>μὲν</span> <span class='ocrx_word' id='word_1_72' title='bbox 916 1219 1075 1288; x_wconf 75' lang='grc' dir='ltr'>ἡμεῖς</span> <span class='ocrx_word' id='word_1_73' title='bbox 1100 1219 1236 1290; x_wconf 87' lang='grc' dir='ltr'>πρὸς</span> <span class='ocrx_word' id='word_1_74' title='bbox 1265 1220 1391 1282; x_wconf 77' lang='grc' dir='ltr'>τοὺς</span> <span class='ocrx_word' id='word_1_75' title='bbox 1420 1222 1736 1289; x_wconf 79' lang='grc' dir='ltr'>αἱρετικοὺς</span> <span class='ocrx_word' id='word_1_76' title='bbox 1763 1222 1891 1275; x_wconf 80' lang='grc' dir='ltr'>ἀθε-</span> 
     </span>
    </p>
   </div>
   <div class='ocr_carea' id='block_1_12' title="bbox 296 1310 1890 1383">
    <p class='ocr_par' dir='ltr' id='par_1_12' title="bbox 296 1310 1890 1383">
     <span class='ocr_line' id='line_1_12' title="bbox 296 1310 1890 1383; baseline 0.003 -20"><span class='ocrx_word' id='word_1_77' title='bbox 296 1310 525 1372; x_wconf 83' lang='grc' dir='ltr'>τοῦντας</span> <span class='ocrx_word' id='word_1_78' title='bbox 576 1311 677 1377; x_wconf 82' lang='grc' dir='ltr'>τὴν</span> <span class='ocrx_word' id='word_1_79' title='bbox 707 1311 816 1363; x_wconf 83' lang='grc' dir='ltr'><strong>τῶν</strong></span> <span class='ocrx_word' id='word_1_80' title='bbox 854 1312 1114 1381; x_wconf 81' lang='grc' dir='ltr'>Πατὲρων</span> <span class='ocrx_word' id='word_1_81' title='bbox 1155 1311 1543 1366; x_wconf 80' lang='grc' dir='ltr'>διδασκαλίαν’</span> <span class='ocrx_word' id='word_1_82' title='bbox 1586 1317 1618 1383; x_wconf 81' lang='grc' dir='ltr'>ἡ</span> <span class='ocrx_word' id='word_1_83' title='bbox 1667 1314 1722 1367; x_wconf 75' lang='grc' dir='ltr'>δὲ</span> <span class='ocrx_word' id='word_1_84' title='bbox 1758 1315 1890 1383; x_wconf 81' lang='grc' dir='ltr'>ἁγία</span> 
     </span>
    </p>
   </div>
   <div class='ocr_carea' id='block_1_13' title="bbox 299 1402 1889 1479">
    <p class='ocr_par' dir='ltr' id='par_1_13' title="bbox 299 1402 1889 1479">
     <span class='ocr_line' id='line_1_13' title="bbox 299 1402 1889 1479; baseline 0.003 -24"><span class='ocrx_word' id='word_1_85' title='bbox 299 1402 388 1456; x_wconf 76' lang='grc' dir='ltr'><strong>τοῦ</strong></span> <span class='ocrx_word' id='word_1_86' title='bbox 418 1403 552 1456; x_wconf 85' lang='grc' dir='ltr'>Θεοῦ</span> <span class='ocrx_word' id='word_1_87' title='bbox 592 1403 888 1471; x_wconf 82' lang='grc' dir='ltr'>Ἐκκλησία</span> <span class='ocrx_word' id='word_1_88' title='bbox 936 1403 1035 1466; x_wconf 85' lang='grc' dir='ltr'>τὰς</span> <span class='ocrx_word' id='word_1_89' title='bbox 1072 1405 1254 1473; x_wconf 68' lang='grc' dir='ltr'>μέντοι</span> <span class='ocrx_word' id='word_1_90' title='bbox 1286 1406 1460 1470; x_wconf 72' lang='grc' dir='ltr'>αὑτὰς</span> <span class='ocrx_word' id='word_1_91' title='bbox 1522 1406 1630 1459; x_wconf 83' lang='grc' dir='ltr'>τῶν</span> <span class='ocrx_word' id='word_1_92' title='bbox 1681 1410 1889 1479; x_wconf 89' lang='grc' dir='ltr'>αἱρετι-</span> 
     </span>
    </p>
   </div>
   <div class='ocr_carea' id='block_1_14' title="bbox 294 1494 1888 1567">
    <p class='ocr_par' dir='ltr' id='par_1_14' title="bbox 294 1494 1888 1567">
     <span class='ocr_line' id='line_1_14' title="bbox 294 1494 1888 1567; baseline 0.003 -19"><span class='ocrx_word' id='word_1_93' title='bbox 294 1495 410 1549; x_wconf 77' lang='grc' dir='ltr'>κῶν</span> <span class='ocrx_word' id='word_1_94' title='bbox 461 1494 852 1564; x_wconf 76' lang='grc' dir='ltr'><strong>ματαιολογίας</strong></span> <span class='ocrx_word' id='word_1_95' title='bbox 902 1495 1384 1567; x_wconf 76' lang='grc' dir='ltr'>ἀποστρεφομένη.</span> <span class='ocrx_word' id='word_1_96' title='bbox 1439 1497 1786 1566; x_wconf 78' lang='grc' dir='ltr'>φυλάττουσα</span> <span class='ocrx_word' id='word_1_97' title='bbox 1830 1499 1888 1552; x_wconf 81' lang='grc' dir='ltr'>δὲ</span> 
     </span>
    </p>
   </div>
   <div class='ocr_carea' id='block_1_15' title="bbox 297 1589 1892 1660">
    <p class='ocr_par' dir='ltr' id='par_1_15' title="bbox 297 1589 1892 1660">
     <span class='ocr_line' id='line_1_15' title="bbox 297 1589 1892 1660; baseline 0.003 -20"><span class='ocrx_word' id='word_1_98' title='bbox 297 1591 398 1660; x_wconf 70' lang='grc' dir='ltr'>τὴν</span> <span class='ocrx_word' id='word_1_99' title='bbox 441 1589 535 1642; x_wconf 90' lang='grc' dir='ltr'><strong>τοῦ</strong></span> <span class='ocrx_word' id='word_1_100' title='bbox 590 1589 800 1660; x_wconf 80' lang='grc' dir='ltr'>Κυρίου</span> <span class='ocrx_word' id='word_1_101' title='bbox 852 1589 947 1641; x_wconf 72' lang='grc' dir='ltr'>καὶ</span> <span class='ocrx_word' id='word_1_102' title='bbox 989 1589 1100 1641; x_wconf 84' lang='grc' dir='ltr'>τῶν</span> <span class='ocrx_word' id='word_1_103' title='bbox 1137 1589 1308 1657; x_wconf 84' lang='grc' dir='ltr'>ἁγίων</span> <span class='ocrx_word' id='word_1_104' title='bbox 1342 1591 1660 1645; x_wconf 84' lang='grc' dir='ltr'>ἀποστόλων</span> <span class='ocrx_word' id='word_1_105' title='bbox 1703 1610 1762 1646; x_wconf 88' lang='grc' dir='ltr'><strong>τε</strong></span> <span class='ocrx_word' id='word_1_106' title='bbox 1796 1593 1892 1647; x_wconf 82' lang='grc' dir='ltr'>καὶ</span> 
     </span>
    </p>
   </div>
   <div class='ocr_carea' id='block_1_16' title="bbox 299 1679 1889 1752">
    <p class='ocr_par' dir='ltr' id='par_1_16' title="bbox 299 1679 1889 1752">
     <span class='ocr_line' id='line_1_16' title="bbox 299 1679 1889 1752; baseline 0.001 -17"><span class='ocrx_word' id='word_1_107' title='bbox 299 1681 558 1751; x_wconf 83' lang='grc' dir='ltr'>Πατέρων</span> <span class='ocrx_word' id='word_1_108' title='bbox 588 1681 912 1751; x_wconf 71' lang='grc' dir='ltr'>παράδοσιν.</span> <span class='ocrx_word' id='word_1_109' title='bbox 946 1679 1046 1734; x_wconf 65' lang='grc' dir='ltr'>ἕνα</span> <span class='ocrx_word' id='word_1_110' title='bbox 1069 1682 1161 1733; x_wconf 72' lang='grc' dir='ltr'><strong>καὶ</strong></span> <span class='ocrx_word' id='word_1_111' title='bbox 1193 1681 1283 1734; x_wconf 86' lang='grc' dir='ltr'><strong>τὸν</strong></span> <span class='ocrx_word' id='word_1_112' title='bbox 1304 1682 1468 1734; x_wconf 74' lang='grc' dir='ltr'>αὐτὸν</span> <span class='ocrx_word' id='word_1_113' title='bbox 1497 1682 1757 1752; x_wconf 86' lang='grc' dir='ltr'>κηρύττει</span> <span class='ocrx_word' id='word_1_114' title='bbox 1792 1701 1889 1752; x_wconf 90' lang='grc' dir='ltr'>μο-</span> 
     </span>
    </p>
   </div>
   <div class='ocr_carea' id='block_1_17' title="bbox 297 1772 1892 1845">
    <p class='ocr_par' dir='ltr' id='par_1_17' title="bbox 297 1772 1892 1845">
     <span class='ocr_line' id='line_1_17' title="bbox 297 1772 1892 1845; baseline 0.001 -20"><span class='ocrx_word' id='word_1_115' title='bbox 297 1773 495 1842; x_wconf 81' lang='grc' dir='ltr'>νογενῆ</span> <span class='ocrx_word' id='word_1_116' title='bbox 519 1772 652 1826; x_wconf 88' lang='grc' dir='ltr'>Θεὸν</span> <span class='ocrx_word' id='word_1_117' title='bbox 683 1773 858 1841; x_wconf 85' lang='grc' dir='ltr'>Λόγον</span> <span class='ocrx_word' id='word_1_118' title='bbox 894 1773 1101 1845; x_wconf 85' lang='grc' dir='ltr'>Κύριον</span> <span class='ocrx_word' id='word_1_119' title='bbox 1149 1772 1358 1844; x_wconf 81' lang='grc' dir='ltr'>Ἰησοῦν</span> <span class='ocrx_word' id='word_1_120' title='bbox 1399 1774 1635 1844; x_wconf 87' lang='grc' dir='ltr'>Χριστὸν</span> <span class='ocrx_word' id='word_1_121' title='bbox 1680 1777 1738 1828; x_wconf 83' lang='grc' dir='ltr'>ὲν</span> <span class='ocrx_word' id='word_1_122' title='bbox 1784 1775 1892 1845; x_wconf 82' lang='grc' dir='ltr'><strong>ἁμ-</strong></span> 
     </span>
    </p>
   </div>
   <div class='ocr_carea' id='block_1_18' title="bbox 300 1862 1892 1935">
    <p class='ocr_par' dir='ltr' id='par_1_18' title="bbox 300 1862 1892 1935">
     <span class='ocr_line' id='line_1_18' title="bbox 300 1862 1892 1935; baseline 0 -19"><span class='ocrx_word' id='word_1_123' title='bbox 300 1864 561 1933; x_wconf 80' lang='grc' dir='ltr'>φοτέραις</span> <span class='ocrx_word' id='word_1_124' title='bbox 600 1866 720 1926; x_wconf 84' lang='grc' dir='ltr'>ταῖς</span> <span class='ocrx_word' id='word_1_125' title='bbox 747 1864 978 1926; x_wconf 76' lang='grc' dir='ltr'>οὐσίαις,</span> <span class='ocrx_word' id='word_1_126' title='bbox 1005 1866 1070 1934; x_wconf 82' lang='grc' dir='ltr'>τῇ</span> <span class='ocrx_word' id='word_1_127' title='bbox 1122 1881 1182 1916; x_wconf 91' lang='grc' dir='ltr'><strong>τε</strong></span> <span class='ocrx_word' id='word_1_128' title='bbox 1229 1862 1366 1916; x_wconf 82' lang='grc' dir='ltr'>Θεοῦ</span> <span class='ocrx_word' id='word_1_129' title='bbox 1407 1864 1504 1917; x_wconf 78' lang='grc' dir='ltr'><strong>καί¹</strong></span> <span class='ocrx_word' id='word_1_130' title='bbox 1554 1865 1767 1935; x_wconf 85' lang='grc' dir='ltr'>Πατρὸς</span> <span class='ocrx_word' id='word_1_131' title='bbox 1795 1865 1892 1917; x_wconf 71' lang='grc' dir='ltr'><strong>καί</strong></span> 
     </span>
    </p>
   </div>
   <div class='ocr_carea' id='block_1_19' title="bbox 297 1957 1891 2029">
    <p class='ocr_par' dir='ltr' id='par_1_19' title="bbox 297 1957 1891 2029">
     <span class='ocr_line' id='line_1_19' title="bbox 297 1957 1891 2029; baseline 0.001 -19"><span class='ocrx_word' id='word_1_132' title='bbox 297 1962 363 2028; x_wconf 80' lang='grc' dir='ltr'>τῇ</span> <span class='ocrx_word' id='word_1_133' title='bbox 397 1959 493 2027; x_wconf 83' lang='grc' dir='ltr'>τῆς</span> <span class='ocrx_word' id='word_1_134' title='bbox 528 1957 805 2028; x_wconf 75' lang='grc' dir='ltr'>Παρθένου</span> <span class='ocrx_word' id='word_1_135' title='bbox 832 1958 1036 2029; x_wconf 78' lang='grc' dir='ltr'>μητρὸς</span> <span class='ocrx_word' id='word_1_136' title='bbox 1068 1957 1471 2029; x_wconf 76' lang='grc' dir='ltr'>γνωριζόμενον</span> <span class='ocrx_word' id='word_1_137' title='bbox 1492 1977 1505 1991; x_wconf 79' lang='grc' dir='ltr'><strong><em>ο</em></strong></span> <span class='ocrx_word' id='word_1_138' title='bbox 1539 1960 1633 2012; x_wconf 77' lang='grc' dir='ltr'>καὶ</span> <span class='ocrx_word' id='word_1_139' title='bbox 1651 1960 1701 2011; x_wconf 78' lang='lat' dir='ltr'><strong>oi</strong></span> <span class='ocrx_word' id='word_1_140' title='bbox 1731 1958 1891 2012; x_wconf 88' lang='grc' dir='ltr'>τοῦτο</span> 
     </span>
    </p>
   </div>
   <div class='ocr_carea' id='block_1_20' title="bbox 1990 952 2536 1022">
    <p class='ocr_par' dir='ltr' id='par_1_20' title="bbox 1990 952 2536 1022">
     <span class='ocr_line' id='line_1_20' title="bbox 1990 952 2536 1022; baseline 0.007 -16"><span class='ocrx_word' id='word_1_141' title='bbox 1990 952 2370 1022; x_wconf 88' lang='lat' dir='ltr'><strong>reprobandas</strong></span> <span class='ocrx_word' id='word_1_142' title='bbox 2391 969 2536 1010; x_wconf 89' lang='lat' dir='ltr'><strong>esse.</strong></span> 
     </span>
    </p>
   </div>
   <div class='ocr_carea' id='block_1_21' title="bbox 2062 1213 3578 1287">
    <p class='ocr_par' dir='ltr' id='par_1_21' title="bbox 2062 1213 3578 1287">
     <span class='ocr_line' id='line_1_21' title="bbox 2062 1213 3578 1287; baseline 0.005 -19"><span class='ocrx_word' id='word_1_143' title='bbox 2062 1213 2190 1270; x_wconf 64' lang='lat' dir='ltr'><strong>Haec</strong></span> <span class='ocrx_word' id='word_1_144' title='bbox 2211 1223 2340 1270; x_wconf 89' lang='lat' dir='ltr'><strong>sunt</strong></span> <span class='ocrx_word' id='word_1_145' title='bbox 2370 1231 2502 1287; x_wconf 82' lang='lat' dir='ltr'><strong>ergo</strong></span> <span class='ocrx_word' id='word_1_146' title='bbox 2531 1231 2654 1287; x_wconf 85' lang='lat' dir='ltr'><strong>quae</strong></span> <span class='ocrx_word' id='word_1_147' title='bbox 2685 1231 2788 1272; x_wconf 89' lang='lat' dir='ltr'><strong>nos</strong></span> <span class='ocrx_word' id='word_1_148' title='bbox 2839 1215 3111 1273; x_wconf 86' lang='lat' dir='ltr'><strong>adversus</strong></span> <span class='ocrx_word' id='word_1_149' title='bbox 3156 1218 3450 1275; x_wconf 75' lang='lat' dir='ltr'><strong>haereticos</strong></span> <span class='ocrx_word' id='word_1_150' title='bbox 3480 1220 3578 1276; x_wconf 82' lang='lat' dir='ltr'><strong>do-</strong></span> 
     </span>
    </p>
   </div>
   <div class='ocr_carea' id='block_1_22' title="bbox 1989 1308 3578 1366">
    <p class='ocr_par' dir='ltr' id='par_1_22' title="bbox 1989 1308 3578 1366">
     <span class='ocr_line' id='line_1_22' title="bbox 1989 1308 3578 1366; baseline 0.001 -3"><span class='ocrx_word' id='word_1_151' title='bbox 1989 1308 2226 1363; x_wconf 91' lang='lat' dir='ltr'><strong>ctrinam</strong></span> <span class='ocrx_word' id='word_1_152' title='bbox 2255 1308 2480 1363; x_wconf 90' lang='lat' dir='ltr'><strong>Patrum</strong></span> <span class='ocrx_word' id='word_1_153' title='bbox 2498 1316 2823 1364; x_wconf 77' lang='lat' dir='ltr'><strong>.evertentes</strong></span> <span class='ocrx_word' id='word_1_154' title='bbox 2861 1309 3171 1364; x_wconf 71' lang='lat' dir='ltr'><strong>all‘erimus.</strong></span> <span class='ocrx_word' id='word_1_155' title='bbox 3205 1310 3407 1366; x_wconf 87' lang='lat' dir='ltr'><strong>Sancta</strong></span> <span class='ocrx_word' id='word_1_156' title='bbox 3444 1327 3578 1365; x_wconf 89' lang='lat' dir='ltr'><strong>vero</strong></span> 
     </span>
    </p>
   </div>
   <div class='ocr_carea' id='block_1_23' title="bbox 1990 1401 3573 1474">
    <p class='ocr_par' dir='ltr' id='par_1_23' title="bbox 1990 1401 3573 1474">
     <span class='ocr_line' id='line_1_23' title="bbox 1990 1401 3573 1474; baseline 0.004 -20"><span class='ocrx_word' id='word_1_157' title='bbox 1990 1401 2084 1455; x_wconf 89' lang='lat' dir='ltr'><strong>Dei</strong></span> <span class='ocrx_word' id='word_1_158' title='bbox 2104 1401 2348 1457; x_wconf 77' lang='lat' dir='ltr'><strong>Ecclesia</strong></span> <span class='ocrx_word' id='word_1_159' title='bbox 2371 1403 2596 1457; x_wconf 88' lang='lat' dir='ltr'><strong>eosdem</strong></span> <span class='ocrx_word' id='word_1_160' title='bbox 2622 1402 3012 1458; x_wconf 67' lang='lat' dir='ltr'><strong>haereticorum</strong></span> <span class='ocrx_word' id='word_1_161' title='bbox 3033 1404 3272 1474; x_wconf 82' lang='lat' dir='ltr'><strong>ineptias</strong></span> <span class='ocrx_word' id='word_1_162' title='bbox 3292 1420 3573 1468; x_wconf 86' lang='lat' dir='ltr'><strong>aversuns,</strong></span> 
     </span>
    </p>
   </div>
   <div class='ocr_carea' id='block_1_24' title="bbox 1989 1488 3579 1567">
    <p class='ocr_par' dir='ltr' id='par_1_24' title="bbox 1989 1488 3579 1567">
     <span class='ocr_line' id='line_1_24' title="bbox 1989 1488 3579 1567; baseline 0.003 -19"><span class='ocrx_word' id='word_1_163' title='bbox 1989 1507 2218 1548; x_wconf 86' lang='lat' dir='ltr'><strong>servans</strong></span> <span class='ocrx_word' id='word_1_164' title='bbox 2250 1502 2437 1548; x_wconf 89' lang='lat' dir='ltr'><strong>autem</strong></span> <span class='ocrx_word' id='word_1_165' title='bbox 2471 1494 2712 1556; x_wconf 90' lang='lat' dir='ltr'><strong>Domini,</strong></span> <span class='ocrx_word' id='word_1_166' title='bbox 2747 1505 3067 1550; x_wconf 81' lang='lat' dir='ltr'><strong>sanctorum</strong></span> <span class='ocrx_word' id='word_1_167' title='bbox 3098 1488 3476 1567; x_wconf 70' lang='lat' dir='ltr'><strong>apostolorum</strong></span> <span class='ocrx_word' id='word_1_168' title='bbox 3513 1513 3579 1553; x_wconf 89' lang='lat' dir='ltr'><strong>ac</strong></span> 
     </span>
    </p>
   </div>
   <div class='ocr_carea' id='block_1_25' title="bbox 1989 1587 3579 1660">
    <p class='ocr_par' dir='ltr' id='par_1_25' title="bbox 1989 1587 3579 1660">
     <span class='ocr_line' id='line_1_25' title="bbox 1989 1587 3579 1660; baseline 0.003 -20"><span class='ocrx_word' id='word_1_169' title='bbox 1989 1587 2213 1640; x_wconf 87' lang='lat' dir='ltr'><strong>Patrum</strong></span> <span class='ocrx_word' id='word_1_170' title='bbox 2253 1587 2632 1652; x_wconf 87' lang='lat' dir='ltr'><strong>traditionem,</strong></span> <span class='ocrx_word' id='word_1_171' title='bbox 2668 1605 2841 1643; x_wconf 91' lang='lat' dir='ltr'><strong>unum</strong></span> <span class='ocrx_word' id='word_1_172' title='bbox 2893 1589 3266 1660; x_wconf 87' lang='lat' dir='ltr'><strong>eumdemquc</strong></span> <span class='ocrx_word' id='word_1_173' title='bbox 3313 1590 3579 1660; x_wconf 59' lang='lat' dir='ltr'><strong>praedicat</strong></span> 
     </span>
    </p>
   </div>
   <div class='ocr_carea' id='block_1_26' title="bbox 1990 1680 3582 1750">
    <p class='ocr_par' dir='ltr' id='par_1_26' title="bbox 1990 1680 3582 1750">
     <span class='ocr_line' id='line_1_26' title="bbox 1990 1680 3582 1750; baseline 0.004 -18"><span class='ocrx_word' id='word_1_174' title='bbox 1990 1680 2338 1750; x_wconf 82' lang='lat' dir='ltr'><strong>unigenitum</strong></span> <span class='ocrx_word' id='word_1_175' title='bbox 2371 1681 2542 1735; x_wconf 90' lang='lat' dir='ltr'><strong>Deum</strong></span> <span class='ocrx_word' id='word_1_176' title='bbox 2572 1682 2813 1737; x_wconf 82' lang='lat' dir='ltr'><strong>Verbum</strong></span> <span class='ocrx_word' id='word_1_177' title='bbox 2860 1683 3154 1737; x_wconf 88' lang='lat' dir='ltr'><strong>Dominum</strong></span> <span class='ocrx_word' id='word_1_178' title='bbox 3211 1685 3400 1739; x_wconf 86' lang='lat' dir='ltr'><strong>Jesum</strong></span> <span class='ocrx_word' id='word_1_179' title='bbox 3422 1683 3582 1739; x_wconf 85' lang='lat' dir='ltr'><strong>Chri-</strong></span> 
     </span>
    </p>
   </div>
   <div class='ocr_carea' id='block_1_27' title="bbox 1988 1771 3578 1846">
    <p class='ocr_par' dir='ltr' id='par_1_27' title="bbox 1988 1771 3578 1846">
     <span class='ocr_line' id='line_1_27' title="bbox 1988 1771 3578 1846; baseline 0.004 -22"><span class='ocrx_word' id='word_1_180' title='bbox 1988 1781 2158 1834; x_wconf 89' lang='lat' dir='ltr'><strong>stum,</strong></span> <span class='ocrx_word' id='word_1_181' title='bbox 2174 1772 2229 1825; x_wconf 93' lang='lat' dir='ltr'><strong>in</strong></span> <span class='ocrx_word' id='word_1_182' title='bbox 2247 1771 2467 1826; x_wconf 91' lang='lat' dir='ltr'><strong>duabus</strong></span> <span class='ocrx_word' id='word_1_183' title='bbox 2489 1773 2836 1837; x_wconf 83' lang='lat' dir='ltr'><strong>substantiis,</strong></span> <span class='ocrx_word' id='word_1_184' title='bbox 2859 1773 2955 1828; x_wconf 89' lang='lat' dir='ltr'><strong>Dei</strong></span> <span class='ocrx_word' id='word_1_185' title='bbox 2974 1784 3029 1829; x_wconf 90' lang='lat' dir='ltr'><strong>et</strong></span> <span class='ocrx_word' id='word_1_186' title='bbox 3045 1775 3247 1840; x_wconf 89' lang='lat' dir='ltr'><strong>Patris,</strong></span> <span class='ocrx_word' id='word_1_187' title='bbox 3276 1776 3578 1846; x_wconf 81' lang='lat' dir='ltr'><strong>matrisque</strong></span> 
     </span>
    </p>
   </div>
   <div class='ocr_carea' id='block_1_28' title="bbox 1991 1863 3576 1933">
    <p class='ocr_par' dir='ltr' id='par_1_28' title="bbox 1991 1863 3576 1933">
     <span class='ocr_line' id='line_1_28' title="bbox 1991 1863 3576 1933; baseline 0.002 -15"><span class='ocrx_word' id='word_1_188' title='bbox 1991 1863 2232 1933; x_wconf 89' lang='lat' dir='ltr'><strong>Virginis</strong></span> <span class='ocrx_word' id='word_1_189' title='bbox 2249 1865 2521 1933; x_wconf 77' lang='lat' dir='ltr'><strong>agnitum.</strong></span> <span class='ocrx_word' id='word_1_190' title='bbox 2547 1865 2652 1930; x_wconf 91' lang='lat' dir='ltr'><strong>llli,</strong></span> <span class='ocrx_word' id='word_1_191' title='bbox 2672 1881 2702 1919; x_wconf 91' lang='lat' dir='ltr'><strong>e</strong></span> <span class='ocrx_word' id='word_1_192' title='bbox 2724 1876 2938 1930; x_wconf 88' lang='lat' dir='ltr'><strong>contra,</strong></span> <span class='ocrx_word' id='word_1_193' title='bbox 2963 1866 3068 1920; x_wconf 88' lang='lat' dir='ltr'><strong>hoc</strong></span> <span class='ocrx_word' id='word_1_194' title='bbox 3095 1881 3203 1921; x_wconf 88' lang='lat' dir='ltr'><strong>non</strong></span> <span class='ocrx_word' id='word_1_195' title='bbox 3224 1866 3576 1927; x_wconf 84' lang='lat' dir='ltr'><strong>conﬁtentes,</strong></span> 
     </span>
    </p>
   </div>
   <div class='ocr_carea' id='block_1_29' title="bbox 1989 1954 3576 2027">
    <p class='ocr_par' dir='ltr' id='par_1_29' title="bbox 1989 1954 3576 2027">
     <span class='ocr_line' id='line_1_29' title="bbox 1989 1954 3576 2027; baseline 0.003 -19"><span class='ocrx_word' id='word_1_196' title='bbox 1989 1954 2078 2008; x_wconf 89' lang='lat' dir='ltr'><strong>vel</strong></span> <span class='ocrx_word' id='word_1_197' title='bbox 2111 1969 2177 2008; x_wconf 85' lang='lat' dir='ltr'><strong>ex</strong></span> <span class='ocrx_word' id='word_1_198' title='bbox 2208 1955 2321 2008; x_wconf 91' lang='lat' dir='ltr'><strong>Deo</strong></span> <span class='ocrx_word' id='word_1_199' title='bbox 2349 1965 2405 2011; x_wconf 90' lang='lat' dir='ltr'><strong>et</strong></span> <span class='ocrx_word' id='word_1_200' title='bbox 2442 1956 2603 2010; x_wconf 85' lang='lat' dir='ltr'><strong>Patre</strong></span> <span class='ocrx_word' id='word_1_201' title='bbox 2639 1957 2989 2012; x_wconf 83' lang='lat' dir='ltr'><strong>nativitatem</strong></span> <span class='ocrx_word' id='word_1_202' title='bbox 3027 1959 3296 2027; x_wconf 82' lang='lat' dir='ltr'><strong>unigeniti</strong></span> <span class='ocrx_word' id='word_1_203' title='bbox 3331 1958 3455 2012; x_wconf 88' lang='lat' dir='ltr'><strong>Filii</strong></span> <span class='ocrx_word' id='word_1_204' title='bbox 3482 1959 3576 2012; x_wconf 88' lang='lat' dir='ltr'><strong>Dei</strong></span> 
     </span>
    </p>
   </div>
   <div class='ocr_carea' id='block_1_30' title="bbox 303 2047 1886 2124">
    <p class='ocr_par' dir='ltr' id='par_1_30' title="bbox 303 2049 1886 2124">
     <span class='ocr_line' id='line_1_30' title="bbox 303 2049 1886 2124; baseline 0.001 -20"><span class='ocrx_word' id='word_1_205' title='bbox 303 2051 377 2122; x_wconf 78' lang='grc' dir='ltr'>μὴ</span> <span class='ocrx_word' id='word_1_206' title='bbox 407 2051 884 2122; x_wconf 82' lang='grc' dir='ltr'>όμολογοῦντες,ἢ</span> <span class='ocrx_word' id='word_1_207' title='bbox 921 2051 1024 2121; x_wconf 78' lang='grc' dir='ltr'>τὴν</span> <span class='ocrx_word' id='word_1_208' title='bbox 1075 2051 1141 2104; x_wconf 84' lang='grc' dir='ltr'>ὲκ</span> <span class='ocrx_word' id='word_1_209' title='bbox 1191 2050 1285 2103; x_wconf 87' lang='grc' dir='ltr'><strong>τοῦ</strong></span> <span class='ocrx_word' id='word_1_210' title='bbox 1343 2049 1480 2104; x_wconf 86' lang='grc' dir='ltr'>Θεοῦ</span> <span class='ocrx_word' id='word_1_211' title='bbox 1538 2053 1636 2105; x_wconf 74' lang='grc' dir='ltr'>καὶ</span> <span class='ocrx_word' id='word_1_212' title='bbox 1672 2052 1886 2124; x_wconf 86' lang='grc' dir='ltr'>Πατρὸς</span> 
     </span>
    </p>
   </div>
   <div class='ocr_carea' id='block_1_31' title="bbox 1987 2047 3576 2124">
    <p class='ocr_par' dir='ltr' id='par_1_31' title="bbox 1993 2047 3576 2122">
     <span class='ocr_line' id='line_1_31' title="bbox 1993 2047 3576 2122; baseline 0.002 -20"><span class='ocrx_word' id='word_1_213' title='bbox 1993 2063 2057 2102; x_wconf 87' lang='lat' dir='ltr'><strong>ac</strong></span> <span class='ocrx_word' id='word_1_214' title='bbox 2074 2047 2293 2102; x_wconf 90' lang='lat' dir='ltr'><strong>Domini</strong></span> <span class='ocrx_word' id='word_1_215' title='bbox 2317 2049 2489 2102; x_wconf 86' lang='lat' dir='ltr'><strong>nostri</strong></span> <span class='ocrx_word' id='word_1_216' title='bbox 2513 2049 2642 2104; x_wconf 86' lang='lat' dir='ltr'><strong>Jesu</strong></span> <span class='ocrx_word' id='word_1_217' title='bbox 2669 2048 2876 2106; x_wconf 81' lang='lat' dir='ltr'><strong>Christi</strong></span> <span class='ocrx_word' id='word_1_218' title='bbox 2898 2061 3121 2122; x_wconf 81' lang='lat' dir='ltr'><strong>negant,</strong></span> <span class='ocrx_word' id='word_1_219' title='bbox 3148 2051 3230 2106; x_wconf 92' lang='lat' dir='ltr'><strong>vel</strong></span> <span class='ocrx_word' id='word_1_220' title='bbox 3265 2067 3330 2105; x_wconf 77' lang='lat' dir='ltr'><strong>ex</strong></span> <span class='ocrx_word' id='word_1_221' title='bbox 3364 2060 3576 2114; x_wconf 86' lang='lat' dir='ltr'><strong>sancta,</strong></span> 
     </span>
    </p>
   </div>
   <div class='ocr_carea' id='block_1_32' title="bbox 299 2139 1890 2212">
    <p class='ocr_par' dir='ltr' id='par_1_32' title="bbox 299 2139 1890 2212">
     <span class='ocr_line' id='line_1_32' title="bbox 299 2139 1890 2212; baseline -0.001 -16"><span class='ocrx_word' id='word_1_222' title='bbox 299 2144 555 2211; x_wconf 79' lang='grc' dir='ltr'>γέννησιν</span> <span class='ocrx_word' id='word_1_223' title='bbox 586 2143 960 2212; x_wconf 85' lang='grc' dir='ltr'>ἀπαρνοῦνται</span> <span class='ocrx_word' id='word_1_224' title='bbox 985 2141 1078 2196; x_wconf 84' lang='grc' dir='ltr'><strong>τοῦ</strong></span> <span class='ocrx_word' id='word_1_225' title='bbox 1116 2139 1440 2212; x_wconf 80' lang='grc' dir='ltr'>μονογενοῦς</span> <span class='ocrx_word' id='word_1_226' title='bbox 1470 2141 1601 2195; x_wconf 80' lang='grc' dir='ltr'>Υἱοῦ</span> <span class='ocrx_word' id='word_1_227' title='bbox 1631 2143 1723 2197; x_wconf 86' lang='grc' dir='ltr'><strong>τοῦ</strong></span> <span class='ocrx_word' id='word_1_228' title='bbox 1753 2142 1890 2196; x_wconf 83' lang='grc' dir='ltr'>Θεοῦ</span> 
     </span>
    </p>
   </div>
   <div class='ocr_carea' id='block_1_33' title="bbox 301 2233 1892 2306">
    <p class='ocr_par' dir='ltr' id='par_1_33' title="bbox 301 2233 1892 2306">
     <span class='ocr_line' id='line_1_33' title="bbox 301 2233 1892 2306; baseline 0 -18"><span class='ocrx_word' id='word_1_229' title='bbox 301 2236 400 2289; x_wconf 77' lang='grc' dir='ltr'>καὶ</span> <span class='ocrx_word' id='word_1_230' title='bbox 443 2235 653 2306; x_wconf 82' lang='grc' dir='ltr'>Κυρίου</span> <span class='ocrx_word' id='word_1_231' title='bbox 707 2235 866 2306; x_wconf 77' lang='grc' dir='ltr'>ἡμῶν</span> <span class='ocrx_word' id='word_1_232' title='bbox 913 2233 1088 2306; x_wconf 84' lang='grc' dir='ltr'>Ἰησοῦ</span> <span class='ocrx_word' id='word_1_233' title='bbox 1132 2234 1485 2305; x_wconf 84' lang='grc' dir='ltr'>Χριστοῦ,ἢ</span> <span class='ocrx_word' id='word_1_234' title='bbox 1533 2235 1633 2304; x_wconf 80' lang='grc' dir='ltr'>τὴν</span> <span class='ocrx_word' id='word_1_235' title='bbox 1681 2237 1745 2288; x_wconf 84' lang='grc' dir='ltr'>ὲκ</span> <span class='ocrx_word' id='word_1_236' title='bbox 1793 2238 1892 2306; x_wconf 82' lang='grc' dir='ltr'>τῆς</span> 
     </span>
    </p>
   </div>
   <div class='ocr_carea' id='block_1_34' title="bbox 301 2325 1890 2397">
    <p class='ocr_par' dir='ltr' id='par_1_34' title="bbox 301 2325 1890 2397">
     <span class='ocr_line' id='line_1_34' title="bbox 301 2325 1890 2397; baseline 0 -17"><span class='ocrx_word' id='word_1_237' title='bbox 301 2326 462 2395; x_wconf 83' lang='grc' dir='ltr'>ἁγίας</span> <span class='ocrx_word' id='word_1_238' title='bbox 509 2327 722 2391; x_wconf 80' lang='grc' dir='ltr'>ἐνδόξου</span> <span class='ocrx_word' id='word_1_239' title='bbox 757 2326 1021 2382; x_wconf 82' lang='grc' dir='ltr'>Θεοτόκου</span> <span class='ocrx_word' id='word_1_240' title='bbox 1051 2326 1147 2379; x_wconf 75' lang='grc' dir='ltr'>καὶ</span> <span class='ocrx_word' id='word_1_241' title='bbox 1202 2325 1591 2395; x_wconf 82' lang='grc' dir='ltr'>Ἀειπαρθένου</span> <span class='ocrx_word' id='word_1_242' title='bbox 1627 2327 1848 2397; x_wconf 78' lang='grc' dir='ltr'>Μαρίας</span> <span class='ocrx_word' id='word_1_243' title='bbox 1871 2343 1890 2359; x_wconf 80' lang='grc' dir='ltr'><strong>ο</strong></span> 
     </span>
    </p>
   </div>
   <div class='ocr_carea' id='block_1_35' title="bbox 299 2420 1892 2492">
    <p class='ocr_par' dir='ltr' id='par_1_35' title="bbox 299 2420 1892 2492">
     <span class='ocr_line' id='line_1_35' title="bbox 299 2420 1892 2492; baseline -0.001 -17"><span class='ocrx_word' id='word_1_244' title='bbox 299 2423 361 2475; x_wconf 79' lang='grc' dir='ltr'><strong>ού</strong></span> <span class='ocrx_word' id='word_1_245' title='bbox 395 2421 504 2492; x_wconf 81' lang='grc' dir='ltr'>γὰρ</span> <span class='ocrx_word' id='word_1_246' title='bbox 539 2422 640 2491; x_wconf 75' lang='grc' dir='ltr'>τὴν</span> <span class='ocrx_word' id='word_1_247' title='bbox 667 2420 856 2474; x_wconf 81' lang='grc' dir='ltr'>οὐσίαν</span> <span class='ocrx_word' id='word_1_248' title='bbox 889 2421 990 2474; x_wconf 74' lang='grc' dir='ltr'>οὐκ</span> <span class='ocrx_word' id='word_1_249' title='bbox 1030 2420 1143 2492; x_wconf 73' lang='grc' dir='ltr'>ἔχει</span> <span class='ocrx_word' id='word_1_250' title='bbox 1171 2423 1199 2474; x_wconf 89' lang='grc' dir='ltr'><strong>δ</strong></span> <span class='ocrx_word' id='word_1_251' title='bbox 1225 2420 1458 2490; x_wconf 88' lang='grc' dir='ltr'>Χριστός</span> <span class='ocrx_word' id='word_1_252' title='bbox 1477 2437 1490 2451; x_wconf 89' lang='grc'><strong>·</strong></span> <span class='ocrx_word' id='word_1_253' title='bbox 1527 2420 1742 2490; x_wconf 82' lang='grc' dir='ltr'><strong>ἀπέστη</strong></span> <span class='ocrx_word' id='word_1_254' title='bbox 1770 2421 1892 2473; x_wconf 77' lang='grc' dir='ltr'>κατ’</span> 
     </span>
    </p>
   </div>
   <div class='ocr_carea' id='block_1_36' title="bbox 301 2509 1893 2582">
    <p class='ocr_par' dir='ltr' id='par_1_36' title="bbox 301 2509 1893 2582">
     <span class='ocr_line' id='line_1_36' title="bbox 301 2509 1893 2582; baseline 0 -15"><span class='ocrx_word' id='word_1_255' title='bbox 301 2515 499 2578; x_wconf 75' lang='grc' dir='ltr'>αὐτοὺς</span> <span class='ocrx_word' id='word_1_256' title='bbox 532 2514 624 2567; x_wconf 74' lang='grc' dir='ltr'>καὶ</span> <span class='ocrx_word' id='word_1_257' title='bbox 654 2513 748 2566; x_wconf 86' lang='grc' dir='ltr'><strong>τοῦ</strong></span> <span class='ocrx_word' id='word_1_258' title='bbox 793 2509 934 2567; x_wconf 81' lang='grc' dir='ltr'>εἶναι</span> <span class='ocrx_word' id='word_1_259' title='bbox 965 2514 1123 2578; x_wconf 76' lang='grc' dir='ltr'>Υίός’</span> <span class='ocrx_word' id='word_1_260' title='bbox 1163 2515 1212 2567; x_wconf 87' lang='grc' dir='ltr'><strong>εἰ</strong></span> <span class='ocrx_word' id='word_1_261' title='bbox 1251 2513 1308 2567; x_wconf 84' lang='grc' dir='ltr'>δὲ</span> <span class='ocrx_word' id='word_1_262' title='bbox 1347 2512 1795 2582; x_wconf 84' lang='grc' dir='ltr'>συνελαυνόμενοι</span> <span class='ocrx_word' id='word_1_263' title='bbox 1827 2515 1893 2567; x_wconf 82' lang='grc' dir='ltr'>ὲκ</span> 
     </span>
    </p>
   </div>
   <div class='ocr_carea' id='block_1_37' title="bbox 299 2604 1892 2678">
    <p class='ocr_par' dir='ltr' id='par_1_37' title="bbox 299 2604 1892 2678">
     <span class='ocr_line' id='line_1_37' title="bbox 299 2604 1892 2678; baseline -0.001 -19"><span class='ocrx_word' id='word_1_264' title='bbox 299 2610 401 2678; x_wconf 86' lang='grc' dir='ltr'>τῆς</span> <span class='ocrx_word' id='word_1_265' title='bbox 445 2607 597 2668; x_wconf 83' lang='grc' dir='ltr'>θείας</span> <span class='ocrx_word' id='word_1_266' title='bbox 646 2607 870 2677; x_wconf 80' lang='grc' dir='ltr'>Γραφῆς</span> <span class='ocrx_word' id='word_1_267' title='bbox 913 2606 1010 2659; x_wconf 72' lang='grc' dir='ltr'>καὶ</span> <span class='ocrx_word' id='word_1_268' title='bbox 1047 2606 1148 2676; x_wconf 82' lang='grc' dir='ltr'>τῆς</span> <span class='ocrx_word' id='word_1_269' title='bbox 1182 2606 1290 2659; x_wconf 86' lang='grc' dir='ltr'>τῶν</span> <span class='ocrx_word' id='word_1_270' title='bbox 1335 2605 1596 2675; x_wconf 83' lang='grc' dir='ltr'>Πατέρων</span> <span class='ocrx_word' id='word_1_271' title='bbox 1634 2604 1892 2658; x_wconf 82' lang='grc' dir='ltr'>διδασκα-</span> 
     </span>
    </p>
   </div>
   <div class='ocr_carea' id='block_1_38' title="bbox 300 2695 1891 2769">
    <p class='ocr_par' dir='ltr' id='par_1_38' title="bbox 300 2695 1891 2769">
     <span class='ocr_line' id='line_1_38' title="bbox 300 2695 1891 2769; baseline -0.001 -18"><span class='ocrx_word' id='word_1_272' title='bbox 300 2700 446 2766; x_wconf 86' lang='grc' dir='ltr'>λίας,</span> <span class='ocrx_word' id='word_1_273' title='bbox 471 2698 796 2768; x_wconf 81' lang='grc' dir='ltr'>ὁμολογοῦσι</span> <span class='ocrx_word' id='word_1_274' title='bbox 840 2698 958 2769; x_wconf 79' lang='grc' dir='ltr'>μεθ’</span> <span class='ocrx_word' id='word_1_275' title='bbox 999 2697 1156 2768; x_wconf 79' lang='grc' dir='ltr'>ἡμῶν</span> <span class='ocrx_word' id='word_1_276' title='bbox 1191 2698 1322 2752; x_wconf 77' lang='grc' dir='ltr'>Υίὸν</span> <span class='ocrx_word' id='word_1_277' title='bbox 1358 2695 1498 2750; x_wconf 74' lang='grc' dir='ltr'>εἶναι</span> <span class='ocrx_word' id='word_1_278' title='bbox 1530 2696 1623 2750; x_wconf 87' lang='grc' dir='ltr'><strong>τὸν</strong></span> <span class='ocrx_word' id='word_1_279' title='bbox 1653 2697 1891 2768; x_wconf 85' lang='grc' dir='ltr'>Χριστὸν</span> 
     </span>
    </p>
   </div>
   <div class='ocr_carea' id='block_1_39' title="bbox 302 2786 1890 2859">
    <p class='ocr_par' dir='ltr' id='par_1_39' title="bbox 302 2786 1890 2859">
     <span class='ocr_line' id='line_1_39' title="bbox 302 2786 1890 2859; baseline -0.003 -15"><span class='ocrx_word' id='word_1_280' title='bbox 302 2791 445 2845; x_wconf 80' lang='grc' dir='ltr'>κατὰ</span> <span class='ocrx_word' id='word_1_281' title='bbox 475 2788 736 2859; x_wconf 79' lang='grc' dir='ltr'>ἀλήθειαν</span> <span class='ocrx_word' id='word_1_282' title='bbox 771 2789 865 2842; x_wconf 87' lang='grc' dir='ltr'><strong>τοῦ</strong></span> <span class='ocrx_word' id='word_1_283' title='bbox 894 2787 1030 2842; x_wconf 82' lang='grc' dir='ltr'>θεοῦ</span> <span class='ocrx_word' id='word_1_284' title='bbox 1071 2789 1166 2843; x_wconf 75' lang='grc' dir='ltr'>καὶ</span> <span class='ocrx_word' id='word_1_285' title='bbox 1200 2788 1436 2857; x_wconf 81' lang='grc' dir='ltr'>Πατρὸς,</span> <span class='ocrx_word' id='word_1_286' title='bbox 1468 2787 1563 2840; x_wconf 77' lang='grc' dir='ltr'>καὶ</span> <span class='ocrx_word' id='word_1_287' title='bbox 1589 2788 1680 2842; x_wconf 87' lang='grc' dir='ltr'><strong>τὸν</strong></span> <span class='ocrx_word' id='word_1_288' title='bbox 1728 2786 1890 2841; x_wconf 84' lang='grc' dir='ltr'>αὑτὸν</span> 
     </span>
    </p>
   </div>
   <div class='ocr_carea' id='block_1_40' title="bbox 301 2875 1885 2952">
    <p class='ocr_par' dir='ltr' id='par_1_40' title="bbox 301 2875 1885 2952">
     <span class='ocr_line' id='line_1_40' title="bbox 301 2875 1885 2952; baseline -0.004 -16"><span class='ocrx_word' id='word_1_289' title='bbox 301 2881 448 2936; x_wconf 80' lang='grc' dir='ltr'>κατὰ</span> <span class='ocrx_word' id='word_1_290' title='bbox 494 2879 752 2952; x_wconf 70' lang='grc' dir='ltr'>ἀλήθειαν</span> <span class='ocrx_word' id='word_1_291' title='bbox 807 2880 936 2933; x_wconf 85' lang='grc' dir='ltr'>Υίὸν</span> <span class='ocrx_word' id='word_1_292' title='bbox 985 2875 1125 2932; x_wconf 73' lang='grc' dir='ltr'>εἶναι</span> <span class='ocrx_word' id='word_1_293' title='bbox 1163 2879 1264 2948; x_wconf 81' lang='grc' dir='ltr'>τῆς</span> <span class='ocrx_word' id='word_1_294' title='bbox 1303 2877 1580 2948; x_wconf 78' lang='grc' dir='ltr'>Παρθένου</span> <span class='ocrx_word' id='word_1_295' title='bbox 1625 2877 1885 2948; x_wconf 79' lang='grc' dir='ltr'>Μητρὸς,</span> 
     </span>
    </p>
   </div>
   <div class='ocr_carea' id='block_1_41' title="bbox 299 2970 1890 3046">
    <p class='ocr_par' dir='ltr' id='par_1_41' title="bbox 299 2970 1890 3046">
     <span class='ocr_line' id='line_1_41' title="bbox 299 2970 1890 3046; baseline -0.003 -17"><span class='ocrx_word' id='word_1_296' title='bbox 299 2975 730 3046; x_wconf 78' lang='grc' dir='ltr'>ὁμολογήσουσιν</span> <span class='ocrx_word' id='word_1_297' title='bbox 766 2972 826 3038; x_wconf 75' lang='grc' dir='ltr'><strong>ἐξ</strong></span> <span class='ocrx_word' id='word_1_298' title='bbox 863 2973 1109 3042; x_wconf 84' lang='grc' dir='ltr'>ἀνάγκης</span> <span class='ocrx_word' id='word_1_299' title='bbox 1130 2971 1322 3032; x_wconf 76' lang='grc' dir='ltr'>ὥσπερ</span> <span class='ocrx_word' id='word_1_300' title='bbox 1349 2970 1449 3034; x_wconf 78' lang='grc' dir='ltr'><strong>τὰς</strong></span> <span class='ocrx_word' id='word_1_301' title='bbox 1488 2970 1580 3024; x_wconf 88' lang='grc' dir='ltr'><strong>δύο</strong></span> <span class='ocrx_word' id='word_1_302' title='bbox 1605 2971 1890 3042; x_wconf 79' lang='grc' dir='ltr'>γεννήσεις</span> 
     </span>
    </p>
   </div>
   <div class='ocr_carea' id='block_1_42' title="bbox 302 3062 1890 3134">
    <p class='ocr_par' dir='ltr' id='par_1_42' title="bbox 302 3062 1890 3134">
     <span class='ocr_line' id='line_1_42' title="bbox 302 3062 1890 3134; baseline -0.003 -13"><span class='ocrx_word' id='word_1_303' title='bbox 302 3068 421 3131; x_wconf 79' lang='grc' dir='ltr'>ἑνὸς</span> <span class='ocrx_word' id='word_1_304' title='bbox 455 3069 553 3122; x_wconf 68' lang='grc' dir='ltr'>καὶ</span> <span class='ocrx_word' id='word_1_305' title='bbox 589 3066 683 3120; x_wconf 86' lang='grc' dir='ltr'><strong>τοῦ</strong></span> <span class='ocrx_word' id='word_1_306' title='bbox 709 3065 902 3129; x_wconf 68' lang='grc' dir='ltr'>αὑτοῦ,</span> <span class='ocrx_word' id='word_1_307' title='bbox 933 3065 1106 3128; x_wconf 76' lang='grc' dir='ltr'>οὕτως</span> <span class='ocrx_word' id='word_1_308' title='bbox 1148 3065 1244 3118; x_wconf 80' lang='grc' dir='ltr'>καὶ</span> <span class='ocrx_word' id='word_1_309' title='bbox 1269 3065 1370 3128; x_wconf 79' lang='grc' dir='ltr'><strong>τὰς</strong></span> <span class='ocrx_word' id='word_1_310' title='bbox 1399 3063 1492 3117; x_wconf 87' lang='grc' dir='ltr'><strong>δύο</strong></span> <span class='ocrx_word' id='word_1_311' title='bbox 1531 3062 1719 3127; x_wconf 84' lang='grc' dir='ltr'>ούτίας</span> <span class='ocrx_word' id='word_1_312' title='bbox 1745 3063 1890 3134; x_wconf 75' lang='grc' dir='ltr'>ἔχειν</span> 
     </span>
    </p>
   </div>
   <div class='ocr_carea' id='block_1_43' title="bbox 301 3155 1886 3230">
    <p class='ocr_par' dir='ltr' id='par_1_43' title="bbox 301 3155 1886 3230">
     <span class='ocr_line' id='line_1_43' title="bbox 301 3155 1886 3230; baseline -0.004 -15"><span class='ocrx_word' id='word_1_313' title='bbox 301 3160 497 3216; x_wconf 77' lang='grc' dir='ltr'>αὐτόν’</span> <span class='ocrx_word' id='word_1_314' title='bbox 537 3161 584 3213; x_wconf 89' lang='grc' dir='ltr'><strong>εί</strong></span> <span class='ocrx_word' id='word_1_315' title='bbox 610 3159 719 3230; x_wconf 78' lang='grc' dir='ltr'><strong>γὰρ</strong></span> <span class='ocrx_word' id='word_1_316' title='bbox 757 3157 936 3220; x_wconf 85' lang='grc' dir='ltr'>καθὼς</span> <span class='ocrx_word' id='word_1_317' title='bbox 958 3158 1009 3211; x_wconf 85' lang='grc' dir='ltr'>οἱ</span> <span class='ocrx_word' id='word_1_318' title='bbox 1042 3157 1282 3226; x_wconf 77' lang='grc' dir='ltr'>Πατέρες</span> <span class='ocrx_word' id='word_1_319' title='bbox 1310 3155 1647 3222; x_wconf 75' lang='grc' dir='ltr'>διδάσκουσι,</span> <span class='ocrx_word' id='word_1_320' title='bbox 1682 3158 1822 3226; x_wconf 80' lang='grc' dir='ltr'>μήτε</span> <span class='ocrx_word' id='word_1_321' title='bbox 1855 3157 1886 3226; x_wconf 81' lang='grc' dir='ltr'>ἡ</span> 
     </span>
    </p>
   </div>
   <div class='ocr_carea' id='block_1_44' title="bbox 301 3249 1889 3324">
    <p class='ocr_par' dir='ltr' id='par_1_44' title="bbox 301 3249 1889 3324">
     <span class='ocr_line' id='line_1_44' title="bbox 301 3249 1889 3324; baseline -0.004 -17"><span class='ocrx_word' id='word_1_322' title='bbox 301 3255 402 3324; x_wconf 84' lang='grc' dir='ltr'>τῆς</span> <span class='ocrx_word' id='word_1_323' title='bbox 431 3253 688 3321; x_wconf 81' lang='grc' dir='ltr'>θεότητος</span> <span class='ocrx_word' id='word_1_324' title='bbox 720 3250 816 3305; x_wconf 88' lang='grc' dir='ltr'><strong>τοῦ</strong></span> <span class='ocrx_word' id='word_1_325' title='bbox 847 3250 1086 3322; x_wconf 83' lang='grc' dir='ltr'>Χριστοῦ</span> <span class='ocrx_word' id='word_1_326' title='bbox 1115 3250 1277 3321; x_wconf 82' lang='grc' dir='ltr'>φύσις</span> <span class='ocrx_word' id='word_1_327' title='bbox 1303 3250 1382 3314; x_wconf 89' lang='grc' dir='ltr'><strong>εἰς</strong></span> <span class='ocrx_word' id='word_1_328' title='bbox 1420 3250 1520 3321; x_wconf 80' lang='grc' dir='ltr'>τὴν</span> <span class='ocrx_word' id='word_1_329' title='bbox 1548 3250 1650 3318; x_wconf 73' lang='grc' dir='ltr'>τῆς</span> <span class='ocrx_word' id='word_1_330' title='bbox 1685 3249 1889 3320; x_wconf 86' lang='grc' dir='ltr'>σαρκὸς</span> 
     </span>
    </p>
   </div>
   <div class='ocr_carea' id='block_1_45' title="bbox 304 3343 1890 3418">
    <p class='ocr_par' dir='ltr' id='par_1_45' title="bbox 304 3343 1890 3418">
     <span class='ocr_line' id='line_1_45' title="bbox 304 3343 1890 3418; baseline -0.004 -18"><span class='ocrx_word' id='word_1_331' title='bbox 304 3345 470 3401; x_wconf 81' lang='grc' dir='ltr'>αὑτοῦ</span> <span class='ocrx_word' id='word_1_332' title='bbox 513 3345 917 3418; x_wconf 77' lang='grc' dir='ltr'>μεταϐέϐληται</span> <span class='ocrx_word' id='word_1_333' title='bbox 949 3343 1133 3410; x_wconf 83' lang='grc' dir='ltr'>φύσιν,</span> <span class='ocrx_word' id='word_1_334' title='bbox 1174 3343 1311 3414; x_wconf 81' lang='grc' dir='ltr'>μήτε</span> <span class='ocrx_word' id='word_1_335' title='bbox 1359 3345 1392 3413; x_wconf 83' lang='grc' dir='ltr'>ἡ</span> <span class='ocrx_word' id='word_1_336' title='bbox 1430 3343 1529 3412; x_wconf 78' lang='grc' dir='ltr'>τῆς</span> <span class='ocrx_word' id='word_1_337' title='bbox 1565 3343 1766 3414; x_wconf 87' lang='grc' dir='ltr'>σαρκὸς</span> <span class='ocrx_word' id='word_1_338' title='bbox 1794 3343 1890 3395; x_wconf 81' lang='grc' dir='ltr'>αύ-</span> 
     </span>
    </p>
   </div>
   <div class='ocr_carea' id='block_1_46' title="bbox 301 3407 1957 3508">
    <p class='ocr_par' dir='ltr' id='par_1_46' title="bbox 301 3407 1957 3508">
     <span class='ocr_line' id='line_1_46' title="bbox 301 3407 1957 3508; baseline -0.003 -15"><span class='ocrx_word' id='word_1_339' title='bbox 301 3439 397 3493; x_wconf 78' lang='grc' dir='ltr'><strong>τοῦ</strong></span> <span class='ocrx_word' id='word_1_340' title='bbox 433 3407 526 3502; x_wconf 47' lang='grc' dir='ltr'>εἰς.</span> <span class='ocrx_word' id='word_1_341' title='bbox 549 3437 648 3508; x_wconf 83' lang='grc' dir='ltr'>τὴν</span> <span class='ocrx_word' id='word_1_342' title='bbox 675 3437 777 3508; x_wconf 81' lang='grc' dir='ltr'>τῆς</span> <span class='ocrx_word' id='word_1_343' title='bbox 809 3407 1090 3508; x_wconf 76' lang='grc' dir='ltr'>θεότητος,</span> <span class='ocrx_word' id='word_1_344' title='bbox 1131 3407 1271 3508; x_wconf 59' lang='grc' dir='ltr'><strong>μῆέε</strong></span> <span class='ocrx_word' id='word_1_345' title='bbox 1305 3407 1413 3507; x_wconf 73' lang='grc' dir='ltr'>μὴν</span> <span class='ocrx_word' id='word_1_346' title='bbox 1448 3407 1495 3505; x_wconf 36' lang='grc' dir='ltr'><strong>ἠ-</strong></span> <span class='ocrx_word' id='word_1_347' title='bbox 1513 3407 1750 3506; x_wconf 69' lang='grc' dir='ltr'>διαφορὰ</span> <span class='ocrx_word' id='word_1_348' title='bbox 1777 3435 1888 3489; x_wconf 84' lang='grc' dir='ltr'><strong>τῶν</strong></span> <span class='ocrx_word' id='word_1_349' title='bbox 1915 3407 1957 3463; x_wconf 75' lang='lat' dir='ltr'><strong><em>C</em></strong></span> 
     </span>
    </p>
   </div>
   <div class='ocr_carea' id='block_1_47' title="bbox 303 3526 1881 3602">
    <p class='ocr_par' dir='ltr' id='par_1_47' title="bbox 303 3526 1881 3602">
     <span class='ocr_line' id='line_1_47' title="bbox 303 3526 1881 3602; baseline -0.001 -19"><span class='ocrx_word' id='word_1_350' title='bbox 303 3530 523 3600; x_wconf 79' lang='grc' dir='ltr'>φύσεων</span> <span class='ocrx_word' id='word_1_351' title='bbox 545 3529 815 3602; x_wconf 80' lang='grc' dir='ltr'>ἀνῄρηται</span> <span class='ocrx_word' id='word_1_352' title='bbox 856 3528 945 3582; x_wconf 86' lang='grc' dir='ltr'>διὰ</span> <span class='ocrx_word' id='word_1_353' title='bbox 973 3528 1072 3600; x_wconf 85' lang='grc' dir='ltr'>τὴν</span> <span class='ocrx_word' id='word_1_354' title='bbox 1111 3528 1327 3589; x_wconf 72' lang='grc' dir='ltr'>ἕνωσιν,</span> <span class='ocrx_word' id='word_1_355' title='bbox 1349 3527 1465 3582; x_wconf 81' lang='grc' dir='ltr'>ἀλλ’</span> <span class='ocrx_word' id='word_1_356' title='bbox 1501 3526 1717 3595; x_wconf 76' lang='grc' dir='ltr'>ἔμεινεν</span> <span class='ocrx_word' id='word_1_357' title='bbox 1750 3528 1881 3582; x_wconf 77' lang='grc' dir='ltr'><strong>ἐκά-</strong></span> 
     </span>
    </p>
   </div>
   <div class='ocr_carea' id='block_1_48' title="bbox 301 3617 1885 3695">
    <p class='ocr_par' dir='ltr' id='par_1_48' title="bbox 301 3617 1885 3695">
     <span class='ocr_line' id='line_1_48' title="bbox 301 3617 1885 3695; baseline -0.001 -19"><span class='ocrx_word' id='word_1_358' title='bbox 301 3639 466 3695; x_wconf 86' lang='grc' dir='ltr'>τερον</span> <span class='ocrx_word' id='word_1_359' title='bbox 497 3622 637 3692; x_wconf 81' lang='grc' dir='ltr'>ὅπερ</span> <span class='ocrx_word' id='word_1_360' title='bbox 659 3621 778 3675; x_wconf 75' lang='grc' dir='ltr'>ἐστὶ</span> <span class='ocrx_word' id='word_1_361' title='bbox 805 3623 874 3692; x_wconf 79' lang='grc' dir='ltr'>τῇ</span> <span class='ocrx_word' id='word_1_362' title='bbox 909 3618 1070 3689; x_wconf 86' lang='grc' dir='ltr'>φύσει</span> <span class='ocrx_word' id='word_1_363' title='bbox 1089 3635 1103 3650; x_wconf 90' lang='grc'><strong>·</strong></span> <span class='ocrx_word' id='word_1_364' title='bbox 1136 3621 1232 3674; x_wconf 73' lang='grc' dir='ltr'>καὶ</span> <span class='ocrx_word' id='word_1_365' title='bbox 1268 3617 1492 3673; x_wconf 85' lang='grc' dir='ltr'>διπλοῦν</span> <span class='ocrx_word' id='word_1_366' title='bbox 1531 3619 1728 3674; x_wconf 80' lang='grc' dir='ltr'>ὲστιτὸ</span> <span class='ocrx_word' id='word_1_367' title='bbox 1755 3620 1885 3692; x_wconf 73' lang='grc' dir='ltr'>περὶ</span> 
     </span>
    </p>
   </div>
   <div class='ocr_carea' id='block_1_49' title="bbox 302 3713 1886 3785">
    <p class='ocr_par' dir='ltr' id='par_1_49' title="bbox 302 3713 1886 3785">
     <span class='ocr_line' id='line_1_49' title="bbox 302 3713 1886 3785; baseline -0.001 -17"><span class='ocrx_word' id='word_1_368' title='bbox 302 3713 471 3768; x_wconf 82' lang='grc' dir='ltr'>αὑτοῦ</span> <span class='ocrx_word' id='word_1_369' title='bbox 506 3715 794 3785; x_wconf 87' lang='grc' dir='ltr'>κήρυγμα,</span> <span class='ocrx_word' id='word_1_370' title='bbox 828 3714 925 3767; x_wconf 73' lang='grc' dir='ltr'>καὶ</span> <span class='ocrx_word' id='word_1_371' title='bbox 960 3715 1019 3768; x_wconf 78' lang='grc' dir='ltr'>ὲν</span> <span class='ocrx_word' id='word_1_372' title='bbox 1045 3713 1340 3785; x_wconf 78' lang='grc' dir='ltr'>ἑκατέραις</span> <span class='ocrx_word' id='word_1_373' title='bbox 1371 3715 1493 3776; x_wconf 85' lang='grc' dir='ltr'>ταῖς</span> <span class='ocrx_word' id='word_1_374' title='bbox 1515 3713 1728 3777; x_wconf 79' lang='grc' dir='ltr'>οὐσίαις</span> <span class='ocrx_word' id='word_1_375' title='bbox 1751 3730 1886 3782; x_wconf 85' lang='grc' dir='ltr'>γνω-</span> 
     </span>
    </p>
   </div>
   <div class='ocr_carea' id='block_1_50' title="bbox 307 3804 1879 3878">
    <p class='ocr_par' dir='ltr' id='par_1_50' title="bbox 307 3804 1879 3878">
     <span class='ocr_line' id='line_1_50' title="bbox 307 3804 1879 3878; baseline -0.001 -18"><span class='ocrx_word' id='word_1_376' title='bbox 307 3807 557 3878; x_wconf 76' lang='grc' dir='ltr'>ρίζεται,</span> <span class='ocrx_word' id='word_1_377' title='bbox 592 3807 874 3860; x_wconf 74' lang='grc' dir='ltr'>τουτέστιν</span> <span class='ocrx_word' id='word_1_378' title='bbox 931 3807 989 3860; x_wconf 85' lang='grc' dir='ltr'>ὲν</span> <span class='ocrx_word' id='word_1_379' title='bbox 1045 3804 1260 3875; x_wconf 88' lang='grc' dir='ltr'>θεότητι</span> <span class='ocrx_word' id='word_1_380' title='bbox 1311 3805 1406 3858; x_wconf 69' lang='grc' dir='ltr'><strong>καί¹</strong></span> <span class='ocrx_word' id='word_1_381' title='bbox 1456 3804 1879 3876; x_wconf 84' lang='grc' dir='ltr'>ἀνθρωπότητι⁶</span> 
     </span>
    </p>
   </div>
   <div class='ocr_carea' id='block_1_51' title="bbox 304 3897 1884 3969">
    <p class='ocr_par' dir='ltr' id='par_1_51' title="bbox 304 3897 1884 3969">
     <span class='ocr_line' id='line_1_51' title="bbox 304 3897 1884 3969; baseline -0.001 -16"><span class='ocrx_word' id='word_1_382' title='bbox 304 3901 423 3964; x_wconf 77' lang='grc' dir='ltr'>πῶς</span> <span class='ocrx_word' id='word_1_383' title='bbox 449 3900 550 3954; x_wconf 87' lang='grc' dir='ltr'><strong>ούκ</strong></span> <span class='ocrx_word' id='word_1_384' title='bbox 587 3899 938 3954; x_wconf 76' lang='grc' dir='ltr'>αἰσθάνονται</span> <span class='ocrx_word' id='word_1_385' title='bbox 980 3897 1083 3968; x_wconf 82' lang='grc' dir='ltr'>τῆς</span> <span class='ocrx_word' id='word_1_386' title='bbox 1119 3897 1328 3961; x_wconf 86' lang='grc' dir='ltr'>οίκείας</span> <span class='ocrx_word' id='word_1_387' title='bbox 1377 3897 1608 3966; x_wconf 83' lang='grc' dir='ltr'>πλάνης,</span> <span class='ocrx_word' id='word_1_388' title='bbox 1654 3900 1704 3952; x_wconf 82' lang='grc' dir='ltr'><strong>οἰ</strong></span> <span class='ocrx_word' id='word_1_389' title='bbox 1751 3899 1884 3969; x_wconf 87' lang='grc' dir='ltr'>μίαν</span> 
     </span>
    </p>
   </div>
   <div class='ocr_carea' id='block_1_52' title="bbox 301 3986 1884 4062">
    <p class='ocr_par' dir='ltr' id='par_1_52' title="bbox 301 3986 1884 4062">
     <span class='ocr_line' id='line_1_52' title="bbox 301 3986 1884 4062; baseline -0.001 -18"><span class='ocrx_word' id='word_1_390' title='bbox 301 3989 398 4044; x_wconf 84' lang='grc' dir='ltr'><strong>τοῦ</strong></span> <span class='ocrx_word' id='word_1_391' title='bbox 430 3989 667 4062; x_wconf 83' lang='grc' dir='ltr'>Χριστοῦ</span> <span class='ocrx_word' id='word_1_392' title='bbox 694 3987 1112 4060; x_wconf 85' lang='grc' dir='ltr'>τερατευόμενοι</span> <span class='ocrx_word' id='word_1_393' title='bbox 1143 3986 1328 4056; x_wconf 90' lang='grc' dir='ltr'>φύσιν,</span> <span class='ocrx_word' id='word_1_394' title='bbox 1357 3988 1454 4041; x_wconf 71' lang='grc' dir='ltr'>καὶ</span> <span class='ocrx_word' id='word_1_395' title='bbox 1491 4003 1604 4041; x_wconf 85' lang='grc' dir='ltr'><strong>των</strong></span> <span class='ocrx_word' id='word_1_396' title='bbox 1635 3991 1733 4059; x_wconf 79' lang='grc' dir='ltr'>μὲν</span> <span class='ocrx_word' id='word_1_397' title='bbox 1759 3991 1884 4043; x_wconf 83' lang='grc' dir='ltr'>κατ’</span> 
     </span>
    </p>
   </div>
   <div class='ocr_carea' id='block_1_53' title="bbox 302 4079 1881 4154">
    <p class='ocr_par' dir='ltr' id='par_1_53' title="bbox 302 4079 1881 4154">
     <span class='ocr_line' id='line_1_53' title="bbox 302 4079 1881 4154; baseline 0.006 -28"><span class='ocrx_word' id='word_1_398' title='bbox 302 4081 565 4153; x_wconf 66' lang='grc' dir='ltr'>ἀλήθειαν</span> <span class='ocrx_word' id='word_1_399' title='bbox 602 4081 943 4154; x_wconf 84' lang='grc' dir='ltr'>πραγμάτων</span> <span class='ocrx_word' id='word_1_400' title='bbox 974 4081 1071 4152; x_wconf 75' lang='grc' dir='ltr'>τὴν</span> <span class='ocrx_word' id='word_1_401' title='bbox 1104 4079 1382 4150; x_wconf 81' lang='grc' dir='ltr'>ἀναίρεσιν</span> <span class='ocrx_word' id='word_1_402' title='bbox 1411 4079 1881 4151; x_wconf 83' lang='grc' dir='ltr'>βλασφημοῦντες,</span> 
     </span>
    </p>
   </div>
   <div class='ocr_carea' id='block_1_54' title="bbox 300 4172 1883 4246">
    <p class='ocr_par' dir='ltr' id='par_1_54' title="bbox 300 4172 1883 4246">
     <span class='ocr_line' id='line_1_54' title="bbox 300 4172 1883 4246; baseline 0 -18"><span class='ocrx_word' id='word_1_403' title='bbox 300 4173 434 4244; x_wconf 73' lang='grc' dir='ltr'>ψιλὰ</span> <span class='ocrx_word' id='word_1_404' title='bbox 481 4175 538 4228; x_wconf 81' lang='grc' dir='ltr'>δὲ</span> <span class='ocrx_word' id='word_1_405' title='bbox 595 4175 837 4245; x_wconf 83' lang='grc' dir='ltr'>ὀνόματα</span> <span class='ocrx_word' id='word_1_406' title='bbox 888 4173 1144 4236; x_wconf 86' lang='grc' dir='ltr'>θεότητος</span> <span class='ocrx_word' id='word_1_407' title='bbox 1190 4172 1287 4226; x_wconf 74' lang='grc' dir='ltr'>καὶ</span> <span class='ocrx_word' id='word_1_408' title='bbox 1341 4172 1763 4243; x_wconf 83' lang='grc' dir='ltr'>ἀνθρωπότητος</span> <span class='ocrx_word' id='word_1_409' title='bbox 1804 4174 1883 4246; x_wconf 83' lang='grc' dir='ltr'>τῷ</span> 
     </span>
    </p>
   </div>
   <div class='ocr_carea' id='block_1_55' title="bbox 304 4264 1883 4339">
    <p class='ocr_par' dir='ltr' id='par_1_55' title="bbox 304 4264 1883 4339">
     <span class='ocr_line' id='line_1_55' title="bbox 304 4264 1883 4339; baseline 0 -19"><span class='ocrx_word' id='word_1_410' title='bbox 304 4266 528 4339; x_wconf 81' lang='grc' dir='ltr'>Χριστῷ</span> <span class='ocrx_word' id='word_1_411' title='bbox 562 4265 950 4338; x_wconf 75' lang='grc' dir='ltr'>χαριζόμενοις</span> <span class='ocrx_word' id='word_1_412' title='bbox 985 4264 1146 4318; x_wconf 83' lang='grc' dir='ltr'>Ἀλλὰ</span> <span class='ocrx_word' id='word_1_413' title='bbox 1172 4267 1358 4319; x_wconf 78' lang='grc' dir='ltr'>πᾶσαν</span> <span class='ocrx_word' id='word_1_414' title='bbox 1387 4265 1556 4338; x_wconf 79' lang='grc' dir='ltr'>ὀρθὴν</span> <span class='ocrx_word' id='word_1_415' title='bbox 1593 4266 1883 4338; x_wconf 86' lang='grc' dir='ltr'>παρορῶν·</span> 
     </span>
    </p>
   </div>
   <div class='ocr_carea' id='block_1_56' title="bbox 1994 2140 3574 2214">
    <p class='ocr_par' dir='ltr' id='par_1_56' title="bbox 1994 2140 3574 2214">
     <span class='ocr_line' id='line_1_56' title="bbox 1994 2140 3574 2214; baseline 0.002 -20"><span class='ocrx_word' id='word_1_416' title='bbox 1994 2140 2274 2210; x_wconf 77' lang='lat' dir='ltr'><strong>gloriosa,</strong></span> <span class='ocrx_word' id='word_1_417' title='bbox 2322 2141 2421 2195; x_wconf 89' lang='lat' dir='ltr'><strong>Dei</strong></span> <span class='ocrx_word' id='word_1_418' title='bbox 2469 2141 2643 2198; x_wconf 83' lang='lat' dir='ltr'><strong>Matre</strong></span> <span class='ocrx_word' id='word_1_419' title='bbox 2696 2158 3028 2212; x_wconf 82' lang='lat' dir='ltr'><strong>semperun</strong></span> <span class='ocrx_word' id='word_1_420' title='bbox 3069 2143 3297 2214; x_wconf 84' lang='lat' dir='ltr'><strong>Virgine</strong></span> <span class='ocrx_word' id='word_1_421' title='bbox 3371 2144 3574 2209; x_wconf 82' lang='lat' dir='ltr'><strong>Maria;</strong></span> 
     </span>
    </p>
   </div>
   <div class='ocr_carea' id='block_1_57' title="bbox 1993 2232 3579 2306">
    <p class='ocr_par' dir='ltr' id='par_1_57' title="bbox 1993 2232 3579 2306">
     <span class='ocr_line' id='line_1_57' title="bbox 1993 2232 3579 2306; baseline 0.001 -18"><span class='ocrx_word' id='word_1_422' title='bbox 1993 2232 2249 2288; x_wconf 85' lang='lat' dir='ltr'><strong>Christus</strong></span> <span class='ocrx_word' id='word_1_423' title='bbox 2265 2233 2416 2288; x_wconf 89' lang='lat' dir='ltr'><strong>enim</strong></span> <span class='ocrx_word' id='word_1_424' title='bbox 2436 2249 2543 2287; x_wconf 91' lang='lat' dir='ltr'><strong>non</strong></span> <span class='ocrx_word' id='word_1_425' title='bbox 2565 2234 2733 2289; x_wconf 85' lang='lat' dir='ltr'><strong>habet</strong></span> <span class='ocrx_word' id='word_1_426' title='bbox 2750 2234 3114 2290; x_wconf 88' lang='lat' dir='ltr'><strong>substantiam</strong></span> <span class='ocrx_word' id='word_1_427' title='bbox 3137 2235 3432 2306; x_wconf 81' lang='lat' dir='ltr'><strong>;juxlaque</strong></span> <span class='ocrx_word' id='word_1_428' title='bbox 3457 2237 3579 2290; x_wconf 90' lang='lat' dir='ltr'><strong>illos</strong></span> 
     </span>
    </p>
   </div>
   <div class='ocr_carea' id='block_1_58' title="bbox 1993 2325 3578 2398">
    <p class='ocr_par' dir='ltr' id='par_1_58' title="bbox 1993 2325 3578 2398">
     <span class='ocr_line' id='line_1_58' title="bbox 1993 2325 3578 2398; baseline 0.001 -18"><span class='ocrx_word' id='word_1_429' title='bbox 1993 2325 2151 2380; x_wconf 87' lang='lat' dir='ltr'><strong>abest</strong></span> <span class='ocrx_word' id='word_1_430' title='bbox 2192 2325 2356 2380; x_wconf 88' lang='lat' dir='ltr'><strong>etiam</strong></span> <span class='ocrx_word' id='word_1_431' title='bbox 2385 2326 2521 2396; x_wconf 90' lang='lat' dir='ltr'><strong>quin</strong></span> <span class='ocrx_word' id='word_1_432' title='bbox 2554 2327 2629 2381; x_wconf 88' lang='lat' dir='ltr'><strong>sit</strong></span> <span class='ocrx_word' id='word_1_433' title='bbox 2678 2327 2871 2382; x_wconf 87' lang='lat' dir='ltr'><strong>Filius.</strong></span> <span class='ocrx_word' id='word_1_434' title='bbox 2917 2327 2973 2385; x_wconf 87' lang='lat' dir='ltr'><strong>Si</strong></span> <span class='ocrx_word' id='word_1_435' title='bbox 3007 2337 3212 2391; x_wconf 88' lang='lat' dir='ltr'><strong>autem,</strong></span> <span class='ocrx_word' id='word_1_436' title='bbox 3248 2327 3578 2398; x_wconf 82' lang='lat' dir='ltr'><strong>urgentibus</strong></span> 
     </span>
    </p>
   </div>
   <div class='ocr_carea' id='block_1_59' title="bbox 1993 2417 3578 2491">
    <p class='ocr_par' dir='ltr' id='par_1_59' title="bbox 1993 2417 3578 2491">
     <span class='ocr_line' id='line_1_59' title="bbox 1993 2417 3578 2491; baseline 0.002 -19"><span class='ocrx_word' id='word_1_437' title='bbox 1993 2417 2190 2482; x_wconf 90' lang='lat' dir='ltr'><strong>nobis,</strong></span> <span class='ocrx_word' id='word_1_438' title='bbox 2235 2435 2303 2473; x_wconf 77' lang='lat' dir='ltr'><strong>ex</strong></span> <span class='ocrx_word' id='word_1_439' title='bbox 2345 2418 2534 2474; x_wconf 88' lang='lat' dir='ltr'><strong>divina</strong></span> <span class='ocrx_word' id='word_1_440' title='bbox 2567 2419 2856 2490; x_wconf 88' lang='lat' dir='ltr'><strong>Scriptura</strong></span> <span class='ocrx_word' id='word_1_441' title='bbox 2912 2420 3276 2491; x_wconf 85' lang='lat' dir='ltr'><strong>doctrinaque</strong></span> <span class='ocrx_word' id='word_1_442' title='bbox 3328 2422 3578 2486; x_wconf 88' lang='lat' dir='ltr'><strong>Patrum,</strong></span> 
     </span>
    </p>
   </div>
   <div class='ocr_carea' id='block_1_60' title="bbox 1993 2511 3576 2569">
    <p class='ocr_par' dir='ltr' id='par_1_60' title="bbox 1993 2511 3576 2569">
     <span class='ocr_line' id='line_1_60' title="bbox 1993 2511 3576 2569; baseline 0.002 -4"><span class='ocrx_word' id='word_1_443' title='bbox 1993 2511 2282 2566; x_wconf 87' lang='lat' dir='ltr'><strong>nobiscum</strong></span> <span class='ocrx_word' id='word_1_444' title='bbox 2333 2513 2669 2567; x_wconf 81' lang='lat' dir='ltr'><strong>confitentur</strong></span> <span class='ocrx_word' id='word_1_445' title='bbox 2714 2512 3001 2568; x_wconf 88' lang='lat' dir='ltr'><strong>Christum</strong></span> <span class='ocrx_word' id='word_1_446' title='bbox 3056 2528 3180 2568; x_wconf 86' lang='lat' dir='ltr'><strong>esse</strong></span> <span class='ocrx_word' id='word_1_447' title='bbox 3214 2529 3344 2569; x_wconf 88' lang='lat' dir='ltr'><strong>vere</strong></span> <span class='ocrx_word' id='word_1_448' title='bbox 3377 2512 3576 2568; x_wconf 82' lang='lat' dir='ltr'><strong>Filium</strong></span> 
     </span>
    </p>
   </div>
   <div class='ocr_carea' id='block_1_61' title="bbox 1983 2604 3578 2676">
    <p class='ocr_par' dir='ltr' id='par_1_61' title="bbox 1983 2604 3578 2676">
     <span class='ocr_line' id='line_1_61' title="bbox 1983 2604 3578 2676; baseline -0.001 -14"><span class='ocrx_word' id='word_1_449' title='bbox 1983 2604 2090 2663; x_wconf 89' lang='lat' dir='ltr'><strong>Dei</strong></span> <span class='ocrx_word' id='word_1_450' title='bbox 2117 2613 2174 2658; x_wconf 91' lang='lat' dir='ltr'><strong>et</strong></span> <span class='ocrx_word' id='word_1_451' title='bbox 2203 2605 2404 2670; x_wconf 88' lang='lat' dir='ltr'><strong>Patris,</strong></span> <span class='ocrx_word' id='word_1_452' title='bbox 2457 2606 2830 2674; x_wconf 79' lang='lat' dir='ltr'><strong>eamdemque</strong></span> <span class='ocrx_word' id='word_1_453' title='bbox 2860 2621 2990 2661; x_wconf 90' lang='lat' dir='ltr'><strong>vere</strong></span> <span class='ocrx_word' id='word_1_454' title='bbox 3017 2621 3139 2662; x_wconf 91' lang='lat' dir='ltr'><strong>esse</strong></span> <span class='ocrx_word' id='word_1_455' title='bbox 3166 2605 3369 2661; x_wconf 88' lang='lat' dir='ltr'><strong>Filium</strong></span> <span class='ocrx_word' id='word_1_456' title='bbox 3401 2605 3578 2676; x_wconf 81' lang='lat' dir='ltr'><strong>Virgi-</strong></span> 
     </span>
    </p>
   </div>
   <div class='ocr_carea' id='block_1_62' title="bbox 1992 2695 3625 2766">
    <p class='ocr_par' dir='ltr' id='par_1_62' title="bbox 1992 2695 3625 2766">
     <span class='ocr_line' id='line_1_62' title="bbox 1992 2695 3625 2766; baseline 0 -16"><span class='ocrx_word' id='word_1_457' title='bbox 1992 2695 2081 2750; x_wconf 89' lang='lat' dir='ltr'><strong>nis</strong></span> <span class='ocrx_word' id='word_1_458' title='bbox 2099 2695 2306 2762; x_wconf 81' lang='lat' dir='ltr'><strong>Matris,</strong></span> <span class='ocrx_word' id='word_1_459' title='bbox 2330 2697 2800 2766; x_wconf 86' lang='lat' dir='ltr'><strong>quemadmodum</strong></span> <span class='ocrx_word' id='word_1_460' title='bbox 2817 2697 3134 2752; x_wconf 86' lang='lat' dir='ltr'><strong>necessario</strong></span> <span class='ocrx_word' id='word_1_461' title='bbox 3163 2696 3580 2752; x_wconf 89' lang='lat' dir='ltr'><strong>conﬁtebuntur</strong></span> <span class='ocrx_word' id='word_1_462' title='bbox 3620 2746 3625 2750; x_wconf 80' lang='lat'><strong>.</strong></span> 
     </span>
    </p>
   </div>
   <div class='ocr_carea' id='block_1_63' title="bbox 1993 2787 3580 2860">
    <p class='ocr_par' dir='ltr' id='par_1_63' title="bbox 1993 2787 3580 2860">
     <span class='ocr_line' id='line_1_63' title="bbox 1993 2787 3580 2860; baseline 0.001 -18"><span class='ocrx_word' id='word_1_463' title='bbox 1993 2788 2132 2843; x_wconf 90' lang='lat' dir='ltr'><strong>duas</strong></span> <span class='ocrx_word' id='word_1_464' title='bbox 2163 2789 2478 2844; x_wconf 86' lang='lat' dir='ltr'><strong>nativitates</strong></span> <span class='ocrx_word' id='word_1_465' title='bbox 2506 2789 2671 2843; x_wconf 91' lang='lat' dir='ltr'><strong>unius</strong></span> <span class='ocrx_word' id='word_1_466' title='bbox 2686 2805 2749 2844; x_wconf 90' lang='lat' dir='ltr'><strong>ac</strong></span> <span class='ocrx_word' id='word_1_467' title='bbox 2773 2789 3140 2860; x_wconf 84' lang='lat' dir='ltr'><strong>ejusdem,.ita</strong></span> <span class='ocrx_word' id='word_1_468' title='bbox 3161 2799 3219 2844; x_wconf 94' lang='lat' dir='ltr'><strong>et</strong></span> <span class='ocrx_word' id='word_1_469' title='bbox 3243 2789 3422 2859; x_wconf 88' lang='lat' dir='ltr'><strong>ipsutn</strong></span> <span class='ocrx_word' id='word_1_470' title='bbox 3441 2787 3580 2843; x_wconf 88' lang='lat' dir='ltr'><strong>duas</strong></span> 
     </span>
    </p>
   </div>
   <div class='ocr_carea' id='block_1_64' title="bbox 1992 2882 3580 2955">
    <p class='ocr_par' dir='ltr' id='par_1_64' title="bbox 1992 2882 3580 2955">
     <span class='ocr_line' id='line_1_64' title="bbox 1992 2882 3580 2955; baseline 0 -19"><span class='ocrx_word' id='word_1_471' title='bbox 1992 2882 2336 2938; x_wconf 85' lang='lat' dir='ltr'><strong>substantias</strong></span> <span class='ocrx_word' id='word_1_472' title='bbox 2379 2883 2625 2950; x_wconf 88' lang='lat' dir='ltr'><strong>habere;</strong></span> <span class='ocrx_word' id='word_1_473' title='bbox 2662 2883 2708 2938; x_wconf 92' lang='lat' dir='ltr'><strong>si</strong></span> <span class='ocrx_word' id='word_1_474' title='bbox 2738 2883 2888 2938; x_wconf 88' lang='lat' dir='ltr'><strong>enim</strong></span> <span class='ocrx_word' id='word_1_475' title='bbox 2919 2926 2932 2951; x_wconf 98' lang='lat'><strong>,</strong></span> <span class='ocrx_word' id='word_1_476' title='bbox 2974 2886 3130 2955; x_wconf 77' lang='lat' dir='ltr'><strong>juxta</strong></span> <span class='ocrx_word' id='word_1_477' title='bbox 3173 2883 3320 2953; x_wconf 89' lang='lat' dir='ltr'><strong>quod</strong></span> <span class='ocrx_word' id='word_1_478' title='bbox 3376 2882 3580 2938; x_wconf 89' lang='lat' dir='ltr'><strong>docent</strong></span> 
     </span>
    </p>
   </div>
   <div class='ocr_carea' id='block_1_65' title="bbox 1991 2972 3575 3039">
    <p class='ocr_par' dir='ltr' id='par_1_65' title="bbox 1991 2972 3575 3039">
     <span class='ocr_line' id='line_1_65' title="bbox 1991 2972 3575 3039; baseline 0.001 -11"><span class='ocrx_word' id='word_1_479' title='bbox 1991 2972 2180 3030; x_wconf 82' lang='lat' dir='ltr'><strong>Patres</strong></span> <span class='ocrx_word' id='word_1_480' title='bbox 2207 3016 2220 3039; x_wconf 93' lang='lat'><strong>,</strong></span> <span class='ocrx_word' id='word_1_481' title='bbox 2255 2991 2359 3031; x_wconf 90' lang='lat' dir='ltr'><strong>nec</strong></span> <span class='ocrx_word' id='word_1_482' title='bbox 2398 2985 2594 3030; x_wconf 87' lang='lat' dir='ltr'><strong>natura</strong></span> <span class='ocrx_word' id='word_1_483' title='bbox 2625 2975 2939 3031; x_wconf 83' lang='lat' dir='ltr'><strong>divinitatis</strong></span> <span class='ocrx_word' id='word_1_484' title='bbox 2971 2974 3180 3030; x_wconf 89' lang='lat' dir='ltr'><strong>Christi</strong></span> <span class='ocrx_word' id='word_1_485' title='bbox 3224 2975 3279 3030; x_wconf 93' lang='lat' dir='ltr'><strong>in</strong></span> <span class='ocrx_word' id='word_1_486' title='bbox 3323 2984 3575 3030; x_wconf 90' lang='lat' dir='ltr'><strong>naturam</strong></span> 
     </span>
    </p>
   </div>
   <div class='ocr_carea' id='block_1_66' title="bbox 1991 3067 3576 3137">
    <p class='ocr_par' dir='ltr' id='par_1_66' title="bbox 1991 3067 3576 3137">
     <span class='ocr_line' id='line_1_66' title="bbox 1991 3067 3576 3137; baseline 0 -15"><span class='ocrx_word' id='word_1_487' title='bbox 1991 3067 2176 3122; x_wconf 90' lang='lat' dir='ltr'><strong>carnis</strong></span> <span class='ocrx_word' id='word_1_488' title='bbox 2205 3067 2381 3137; x_wconf 89' lang='lat' dir='ltr'><strong>ipsius</strong></span> <span class='ocrx_word' id='word_1_489' title='bbox 2410 3077 2776 3123; x_wconf 87' lang='lat' dir='ltr'><strong>transmutata</strong></span> <span class='ocrx_word' id='word_1_490' title='bbox 2810 3067 2900 3132; x_wconf 91' lang='lat' dir='ltr'><strong>sit,</strong></span> <span class='ocrx_word' id='word_1_491' title='bbox 2938 3083 3039 3123; x_wconf 90' lang='lat' dir='ltr'><strong>nec</strong></span> <span class='ocrx_word' id='word_1_492' title='bbox 3067 3075 3266 3123; x_wconf 90' lang='lat' dir='ltr'><strong>natura</strong></span> <span class='ocrx_word' id='word_1_493' title='bbox 3307 3067 3492 3122; x_wconf 89' lang='lat' dir='ltr'><strong>carnis</strong></span> <span class='ocrx_word' id='word_1_494' title='bbox 3522 3067 3576 3122; x_wconf 90' lang='lat' dir='ltr'><strong>in</strong></span> 
     </span>
    </p>
   </div>
   <div class='ocr_carea' id='block_1_67' title="bbox 1987 3159 3577 3226">
    <p class='ocr_par' dir='ltr' id='par_1_67' title="bbox 1987 3159 3577 3226">
     <span class='ocr_line' id='line_1_67' title="bbox 1987 3159 3577 3226; baseline 0.001 -13"><span class='ocrx_word' id='word_1_495' title='bbox 1987 3167 2246 3214; x_wconf 83' lang='lat' dir='ltr'><strong>naturam</strong></span> <span class='ocrx_word' id='word_1_496' title='bbox 2304 3159 2658 3226; x_wconf 82' lang='lat' dir='ltr'><strong>divinitatis,</strong></span> <span class='ocrx_word' id='word_1_497' title='bbox 2719 3176 2821 3215; x_wconf 88' lang='lat' dir='ltr'><strong>nec</strong></span> <span class='ocrx_word' id='word_1_498' title='bbox 2878 3170 3204 3214; x_wconf 87' lang='lat' dir='ltr'><strong>naturarum</strong></span> <span class='ocrx_word' id='word_1_499' title='bbox 3259 3159 3577 3215; x_wconf 79' lang='lat' dir='ltr'><strong>differentia</strong></span> 
     </span>
    </p>
   </div>
   <div class='ocr_carea' id='block_1_68' title="bbox 1993 3252 3574 3324">
    <p class='ocr_par' dir='ltr' id='par_1_68' title="bbox 1993 3252 3574 3324">
     <span class='ocr_line' id='line_1_68' title="bbox 1993 3252 3574 3324; baseline -0.003 -14"><span class='ocrx_word' id='word_1_500' title='bbox 1993 3257 2198 3311; x_wconf 90' lang='lat' dir='ltr'><strong>unione</strong></span> <span class='ocrx_word' id='word_1_501' title='bbox 2243 3254 2317 3310; x_wconf 90' lang='lat' dir='ltr'><strong>sit</strong></span> <span class='ocrx_word' id='word_1_502' title='bbox 2347 3254 2550 3318; x_wconf 86' lang='lat' dir='ltr'><strong>ablata,</strong></span> <span class='ocrx_word' id='word_1_503' title='bbox 2576 3253 2673 3310; x_wconf 89' lang='lat' dir='ltr'><strong>sed</strong></span> <span class='ocrx_word' id='word_1_504' title='bbox 2695 3254 2738 3308; x_wconf 91' lang='lat' dir='ltr'><strong>si</strong></span> <span class='ocrx_word' id='word_1_505' title='bbox 2768 3254 3201 3324; x_wconf 88' lang='lat' dir='ltr'><strong>unumquodque</strong></span> <span class='ocrx_word' id='word_1_506' title='bbox 3232 3252 3378 3322; x_wconf 91' lang='lat' dir='ltr'><strong>quod</strong></span> <span class='ocrx_word' id='word_1_507' title='bbox 3409 3260 3494 3308; x_wconf 89' lang='lat' dir='ltr'><strong>est</strong></span> <span class='ocrx_word' id='word_1_508' title='bbox 3521 3253 3574 3306; x_wconf 89' lang='lat' dir='ltr'><strong>in</strong></span> 
     </span>
    </p>
   </div>
   <div class='ocr_carea' id='block_1_69' title="bbox 1991 3346 3577 3420">
    <p class='ocr_par' dir='ltr' id='par_1_69' title="bbox 1991 3346 3577 3420">
     <span class='ocr_line' id='line_1_69' title="bbox 1991 3346 3577 3420; baseline -0.001 -18"><span class='ocrx_word' id='word_1_509' title='bbox 1991 3356 2191 3403; x_wconf 88' lang='lat' dir='ltr'><strong>natura</strong></span> <span class='ocrx_word' id='word_1_510' title='bbox 2214 3347 2583 3420; x_wconf 83' lang='lat' dir='ltr'><strong>permanserit</strong></span> <span class='ocrx_word' id='word_1_511' title='bbox 2604 3388 2620 3412; x_wconf 90' lang='lat'><strong>,</strong></span> <span class='ocrx_word' id='word_1_512' title='bbox 2653 3348 2968 3419; x_wconf 83' lang='lat' dir='ltr'><strong>duplexque</strong></span> <span class='ocrx_word' id='word_1_513' title='bbox 2995 3355 3175 3402; x_wconf 81' lang='lat' dir='ltr'><strong>exstet</strong></span> <span class='ocrx_word' id='word_1_514' title='bbox 3206 3346 3273 3401; x_wconf 89' lang='lat' dir='ltr'><strong>de</strong></span> <span class='ocrx_word' id='word_1_515' title='bbox 3301 3346 3409 3401; x_wconf 89' lang='lat' dir='ltr'><strong>hoc</strong></span> <span class='ocrx_word' id='word_1_516' title='bbox 3437 3361 3577 3416; x_wconf 77' lang='lat' dir='ltr'><strong>pra:-</strong></span> 
     </span>
    </p>
   </div>
   <div class='ocr_carea' id='block_1_70' title="bbox 1991 3439 3574 3510">
    <p class='ocr_par' dir='ltr' id='par_1_70' title="bbox 1991 3439 3574 3510">
     <span class='ocr_line' id='line_1_70' title="bbox 1991 3439 3574 3510; baseline -0.003 -16"><span class='ocrx_word' id='word_1_517' title='bbox 1991 3439 2198 3495; x_wconf 88' lang='lat' dir='ltr'><strong>dicatio</strong></span> <span class='ocrx_word' id='word_1_518' title='bbox 2223 3481 2237 3504; x_wconf 93' lang='lat'><strong>,</strong></span> <span class='ocrx_word' id='word_1_519' title='bbox 2289 3457 2355 3496; x_wconf 89' lang='lat' dir='ltr'><strong>ac</strong></span> <span class='ocrx_word' id='word_1_520' title='bbox 2406 3440 2460 3494; x_wconf 90' lang='lat' dir='ltr'><strong>in</strong></span> <span class='ocrx_word' id='word_1_521' title='bbox 2502 3455 2832 3510; x_wconf 88' lang='lat' dir='ltr'><strong>unaquaque</strong></span> <span class='ocrx_word' id='word_1_522' title='bbox 2870 3439 3179 3494; x_wconf 90' lang='lat' dir='ltr'><strong>substantia</strong></span> <span class='ocrx_word' id='word_1_523' title='bbox 3221 3446 3574 3509; x_wconf 84' lang='lat' dir='ltr'><strong>agnoscatur,</strong></span> 
     </span>
    </p>
   </div>
   <div class='ocr_carea' id='block_1_71' title="bbox 1977 3529 3576 3604">
    <p class='ocr_par' dir='ltr' id='par_1_71' title="bbox 1977 3529 3576 3604">
     <span class='ocr_line' id='line_1_71' title="bbox 1977 3529 3576 3604; baseline -0.003 -17"><span class='ocrx_word' id='word_1_524' title='bbox 1977 3532 2206 3588; x_wconf 75' lang='lat' dir='ltr'><strong>scilicet</strong></span> <span class='ocrx_word' id='word_1_525' title='bbox 2241 3533 2295 3587; x_wconf 92' lang='lat' dir='ltr'><strong>in</strong></span> <span class='ocrx_word' id='word_1_526' title='bbox 2341 3531 2630 3587; x_wconf 89' lang='lat' dir='ltr'><strong>divinitate</strong></span> <span class='ocrx_word' id='word_1_527' title='bbox 2681 3540 2847 3604; x_wconf 89' lang='lat' dir='ltr'><strong>atque</strong></span> <span class='ocrx_word' id='word_1_528' title='bbox 2883 3530 3225 3586; x_wconf 88' lang='lat' dir='ltr'><strong>humanitate</strong></span> <span class='ocrx_word' id='word_1_529' title='bbox 3248 3569 3262 3590; x_wconf 91' lang='lat'><strong>.</strong></span> <span class='ocrx_word' id='word_1_530' title='bbox 3298 3529 3576 3600; x_wconf 89' lang='lat' dir='ltr'><strong>quomodo</strong></span> 
     </span>
    </p>
   </div>
   <div class='ocr_carea' id='block_1_72' title="bbox 1989 3621 3573 3696">
    <p class='ocr_par' dir='ltr' id='par_1_72' title="bbox 1989 3621 3573 3696">
     <span class='ocr_line' id='line_1_72' title="bbox 1989 3621 3573 3696; baseline -0.004 -16"><span class='ocrx_word' id='word_1_531' title='bbox 1989 3639 2104 3680; x_wconf 89' lang='lat' dir='ltr'><strong>non</strong></span> <span class='ocrx_word' id='word_1_532' title='bbox 2135 3624 2453 3696; x_wconf 85' lang='lat' dir='ltr'><strong>intelligunt</strong></span> <span class='ocrx_word' id='word_1_533' title='bbox 2477 3640 2725 3680; x_wconf 87' lang='lat' dir='ltr'><strong>errorem</strong></span> <span class='ocrx_word' id='word_1_534' title='bbox 2750 3640 2935 3688; x_wconf 91' lang='lat' dir='ltr'><strong>suum,</strong></span> <span class='ocrx_word' id='word_1_535' title='bbox 2968 3639 3134 3678; x_wconf 85' lang='lat' dir='ltr'><strong>unam</strong></span> <span class='ocrx_word' id='word_1_536' title='bbox 3170 3621 3383 3678; x_wconf 86' lang='lat' dir='ltr'><strong>Christi</strong></span> <span class='ocrx_word' id='word_1_537' title='bbox 3408 3630 3573 3676; x_wconf 84' lang='lat' dir='ltr'><strong>natu-</strong></span> 
     </span>
    </p>
   </div>
   <div class='ocr_carea' id='block_1_73' title="bbox 1989 3713 3574 3789">
    <p class='ocr_par' dir='ltr' id='par_1_73' title="bbox 1989 3713 3574 3789">
     <span class='ocr_line' id='line_1_73' title="bbox 1989 3713 3574 3789; baseline -0.003 -17"><span class='ocrx_word' id='word_1_538' title='bbox 1989 3733 2105 3772; x_wconf 88' lang='lat' dir='ltr'><strong>ram</strong></span> <span class='ocrx_word' id='word_1_539' title='bbox 2131 3717 2237 3772; x_wconf 89' lang='lat' dir='ltr'><strong>sibi</strong></span> <span class='ocrx_word' id='word_1_540' title='bbox 2263 3716 2560 3789; x_wconf 85' lang='lat' dir='ltr'><strong>ﬁngendo,</strong></span> <span class='ocrx_word' id='word_1_541' title='bbox 2613 3735 2744 3773; x_wconf 89' lang='lat' dir='ltr'><strong>vera</strong></span> <span class='ocrx_word' id='word_1_542' title='bbox 2783 3717 2954 3787; x_wconf 87' lang='lat' dir='ltr'><strong>impie</strong></span> <span class='ocrx_word' id='word_1_543' title='bbox 3001 3716 3321 3772; x_wconf 80' lang='lat' dir='ltr'><strong>auferentes</strong></span> <span class='ocrx_word' id='word_1_544' title='bbox 3351 3755 3367 3777; x_wconf 88' lang='lat'><em>.</em></span> <span class='ocrx_word' id='word_1_545' title='bbox 3423 3713 3574 3770; x_wconf 87' lang='lat' dir='ltr'><strong>nuda</strong></span> 
     </span>
    </p>
   </div>
   <div class='ocr_carea' id='block_1_74' title="bbox 1987 3805 3576 3879">
    <p class='ocr_par' dir='ltr' id='par_1_74' title="bbox 1987 3805 3576 3879">
     <span class='ocr_line' id='line_1_74' title="bbox 1987 3805 3576 3879; baseline -0.004 -15"><span class='ocrx_word' id='word_1_546' title='bbox 1987 3824 2124 3865; x_wconf 85' lang='lat' dir='ltr'><strong>vero</strong></span> <span class='ocrx_word' id='word_1_547' title='bbox 2145 3809 2370 3865; x_wconf 89' lang='lat' dir='ltr'><strong>nomina</strong></span> <span class='ocrx_word' id='word_1_548' title='bbox 2403 3809 2710 3865; x_wconf 86' lang='lat' dir='ltr'><strong>divinitatis</strong></span> <span class='ocrx_word' id='word_1_549' title='bbox 2737 3817 2904 3879; x_wconf 88' lang='lat' dir='ltr'><strong>atque</strong></span> <span class='ocrx_word' id='word_1_550' title='bbox 2938 3807 3308 3862; x_wconf 88' lang='lat' dir='ltr'><strong>humanitatis</strong></span> <span class='ocrx_word' id='word_1_551' title='bbox 3347 3805 3576 3862; x_wconf 86' lang='lat' dir='ltr'><strong>Christo</strong></span> 
     </span>
    </p>
   </div>
   <div class='ocr_carea' id='block_1_75' title="bbox 1989 3899 3576 3971">
    <p class='ocr_par' dir='ltr' id='par_1_75' title="bbox 1989 3899 3576 3971">
     <span class='ocr_line' id='line_1_75' title="bbox 1989 3899 3576 3971; baseline -0.002 -15"><span class='ocrx_word' id='word_1_552' title='bbox 1989 3901 2410 3971; x_wconf 85' lang='lat' dir='ltr'><strong>relinquentes?</strong></span> <span class='ocrx_word' id='word_1_553' title='bbox 2444 3900 2551 3958; x_wconf 89' lang='lat' dir='ltr'><strong>Sed</strong></span> <span class='ocrx_word' id='word_1_554' title='bbox 2583 3918 2802 3958; x_wconf 88' lang='lat' dir='ltr'><strong>omnem</strong></span> <span class='ocrx_word' id='word_1_555' title='bbox 2830 3917 3016 3957; x_wconf 87' lang='lat' dir='ltr'><strong>veram</strong></span> <span class='ocrx_word' id='word_1_556' title='bbox 3043 3901 3356 3956; x_wconf 86' lang='lat' dir='ltr'><strong>doctrinam</strong></span> <span class='ocrx_word' id='word_1_557' title='bbox 3387 3899 3576 3970; x_wconf 67' lang='lat' dir='ltr'><strong>desipi-</strong></span> 
     </span>
    </p>
   </div>
   <div class='ocr_carea' id='block_1_76' title="bbox 1989 3989 3576 4059">
    <p class='ocr_par' dir='ltr' id='par_1_76' title="bbox 1989 3989 3576 4059">
     <span class='ocr_line' id='line_1_76' title="bbox 1989 3989 3576 4059; baseline -0.004 -10"><span class='ocrx_word' id='word_1_558' title='bbox 1989 3992 2222 4059; x_wconf 88' lang='lat' dir='ltr'><strong>cientcs,</strong></span> <span class='ocrx_word' id='word_1_559' title='bbox 2253 3992 2389 4048; x_wconf 90' lang='lat' dir='ltr'><strong>illud</strong></span> <span class='ocrx_word' id='word_1_560' title='bbox 2423 4009 2593 4048; x_wconf 90' lang='lat' dir='ltr'><strong>unum</strong></span> <span class='ocrx_word' id='word_1_561' title='bbox 2623 3994 2811 4049; x_wconf 90' lang='lat' dir='ltr'><strong>animo</strong></span> <span class='ocrx_word' id='word_1_562' title='bbox 2839 3992 3172 4055; x_wconf 89' lang='lat' dir='ltr'><strong>intendunt,</strong></span> <span class='ocrx_word' id='word_1_563' title='bbox 3227 3999 3289 4046; x_wconf 93' lang='lat' dir='ltr'><strong>ut</strong></span> <span class='ocrx_word' id='word_1_564' title='bbox 3315 3989 3576 4046; x_wconf 85' lang='lat' dir='ltr'><strong>credatur</strong></span> 
     </span>
    </p>
   </div>
   <div class='ocr_carea' id='block_1_77' title="bbox 1989 4083 3574 4143">
    <p class='ocr_par' dir='ltr' id='par_1_77' title="bbox 1989 4083 3574 4143">
     <span class='ocr_line' id='line_1_77' title="bbox 1989 4083 3574 4143; baseline -0.002 -3"><span class='ocrx_word' id='word_1_565' title='bbox 1989 4094 2241 4141; x_wconf 88' lang='lat' dir='ltr'><strong>naturam</strong></span> <span class='ocrx_word' id='word_1_566' title='bbox 2286 4085 2374 4140; x_wconf 91' lang='lat' dir='ltr'><strong>vel</strong></span> <span class='ocrx_word' id='word_1_567' title='bbox 2421 4086 2790 4143; x_wconf 85' lang='lat' dir='ltr'><strong>substantiam</strong></span> <span class='ocrx_word' id='word_1_568' title='bbox 2821 4102 2886 4142; x_wconf 89' lang='lat' dir='ltr'><strong>ac</strong></span> <span class='ocrx_word' id='word_1_569' title='bbox 2905 4085 3153 4142; x_wconf 77' lang='lat' dir='ltr'><strong>formant</strong></span> <span class='ocrx_word' id='word_1_570' title='bbox 3203 4083 3462 4139; x_wconf 89' lang='lat' dir='ltr'><strong>eumdem</strong></span> <span class='ocrx_word' id='word_1_571' title='bbox 3510 4099 3574 4137; x_wconf 88' lang='lat' dir='ltr'><strong>ac</strong></span> 
     </span>
    </p>
   </div>
   <div class='ocr_carea' id='block_1_78' title="bbox 1990 4175 3576 4251">
    <p class='ocr_par' dir='ltr' id='par_1_78' title="bbox 1990 4175 3576 4251">
     <span class='ocr_line' id='line_1_78' title="bbox 1990 4175 3576 4251; baseline -0.003 -18"><span class='ocrx_word' id='word_1_572' title='bbox 1990 4178 2328 4251; x_wconf 85' lang='lat' dir='ltr'><strong>hypostasim</strong></span> <span class='ocrx_word' id='word_1_573' title='bbox 2351 4193 2758 4250; x_wconf 88' lang='lat' dir='ltr'><strong>personamque</strong></span> <span class='ocrx_word' id='word_1_574' title='bbox 2785 4178 3120 4250; x_wconf 78' lang='lat' dir='ltr'><strong>patefacere,</strong></span> <span class='ocrx_word' id='word_1_575' title='bbox 3141 4176 3290 4249; x_wconf 89' lang='lat' dir='ltr'><strong>quod</strong></span> <span class='ocrx_word' id='word_1_576' title='bbox 3313 4175 3576 4232; x_wconf 86' lang='lat' dir='ltr'><strong>omnibus</strong></span> 
     </span>
    </p>
   </div>
   <div class='ocr_carea' id='block_1_79' title="bbox 1991 4271 2848 4329">
    <p class='ocr_par' dir='ltr' id='par_1_79' title="bbox 1991 4271 2848 4329">
     <span class='ocr_line' id='line_1_79' title="bbox 1991 4271 2848 4329; baseline 0 -2"><span class='ocrx_word' id='word_1_577' title='bbox 1991 4271 2268 4327; x_wconf 62' lang='lat' dir='ltr'><strong>haereticis</strong></span> <span class='ocrx_word' id='word_1_578' title='bbox 2297 4288 2461 4329; x_wconf 89' lang='lat' dir='ltr'><strong>causa</strong></span> <span class='ocrx_word' id='word_1_579' title='bbox 2488 4271 2596 4327; x_wconf 92' lang='lat' dir='ltr'><strong>fuit</strong></span> <span class='ocrx_word' id='word_1_580' title='bbox 2615 4272 2848 4328; x_wconf 86' lang='lat' dir='ltr'><strong>erroris.</strong></span> 
     </span>
    </p>
   </div>
   <div class='ocr_carea' id='block_1_80' title="bbox 301 4358 3571 4438">
    <p class='ocr_par' dir='ltr' id='par_1_80' title="bbox 301 4358 3571 4438">
     <span class='ocr_line' id='line_1_80' title="bbox 301 4358 3571 4438; baseline 0.002 -28"><span class='ocrx_word' id='word_1_581' title='bbox 301 4374 393 4424; x_wconf 87' lang='grc' dir='ltr'><strong>τες</strong></span> <span class='ocrx_word' id='word_1_582' title='bbox 419 4361 790 4427; x_wconf 83' lang='grc' dir='ltr'>διδασκαλίαν,</span> <span class='ocrx_word' id='word_1_583' title='bbox 825 4360 1020 4430; x_wconf 72' lang='grc' dir='ltr'>ἐκείνῳ</span> <span class='ocrx_word' id='word_1_584' title='bbox 1052 4360 1197 4432; x_wconf 86' lang='grc' dir='ltr'>μόνῳ</span> <span class='ocrx_word' id='word_1_585' title='bbox 1215 4361 1306 4414; x_wconf 83' lang='grc' dir='ltr'><strong>τὸν</strong></span> <span class='ocrx_word' id='word_1_586' title='bbox 1333 4360 1460 4415; x_wconf 87' lang='grc' dir='ltr'>νοῦν</span> <span class='ocrx_word' id='word_1_587' title='bbox 1519 4361 1901 4433; x_wconf 81' lang='grc' dir='ltr'>προσέχουσιν,</span> <span class='ocrx_word' id='word_1_588' title='bbox 1940 4365 2020 4436; x_wconf 80' lang='grc' dir='ltr'>τῷ</span> <span class='ocrx_word' id='word_1_589' title='bbox 2059 4366 2303 4437; x_wconf 78' lang='grc' dir='ltr'>νομίζειν</span> <span class='ocrx_word' id='word_1_590' title='bbox 2345 4369 2428 4422; x_wconf 74' lang='grc' dir='ltr'>ὅτι</span> <span class='ocrx_word' id='word_1_591' title='bbox 2479 4367 2512 4438; x_wconf 78' lang='grc' dir='ltr'>ἡ</span> <span class='ocrx_word' id='word_1_592' title='bbox 2587 4366 2748 4437; x_wconf 83' lang='grc' dir='ltr'>φύσις</span> <span class='ocrx_word' id='word_1_593' title='bbox 2805 4365 2976 4437; x_wconf 72' lang='grc' dir='ltr'>ἤγουν</span> <span class='ocrx_word' id='word_1_594' title='bbox 3025 4363 3185 4418; x_wconf 79' lang='grc' dir='ltr'>οὐσία</span> <span class='ocrx_word' id='word_1_595' title='bbox 3244 4362 3340 4417; x_wconf 81' lang='grc' dir='ltr'><strong>καὶ</strong></span> <span class='ocrx_word' id='word_1_596' title='bbox 3388 4358 3571 4431; x_wconf 80' lang='grc' dir='ltr'>μορφὴ</span> 
     </span>
    </p>
   </div>
   <div class='ocr_carea' id='block_1_81' title="bbox 296 4454 1911 4529">
    <p class='ocr_par' dir='ltr' id='par_1_81' title="bbox 296 4454 1911 4529">
     <span class='ocr_line' id='line_1_81' title="bbox 296 4454 1911 4529; baseline 0.002 -21"><span class='ocrx_word' id='word_1_597' title='bbox 296 4455 498 4509; x_wconf 78' lang='grc' dir='ltr'>ταύτὸν</span> <span class='ocrx_word' id='word_1_598' title='bbox 547 4457 617 4527; x_wconf 80' lang='grc' dir='ltr'>τῇ</span> <span class='ocrx_word' id='word_1_599' title='bbox 682 4454 980 4510; x_wconf 77' lang='grc' dir='ltr'>ὑποστάσει</span> <span class='ocrx_word' id='word_1_600' title='bbox 1028 4455 1124 4508; x_wconf 74' lang='grc' dir='ltr'><strong>καὶ</strong></span> <span class='ocrx_word' id='word_1_601' title='bbox 1176 4455 1255 4526; x_wconf 83' lang='grc' dir='ltr'>τῷ</span> <span class='ocrx_word' id='word_1_602' title='bbox 1306 4455 1586 4527; x_wconf 82' lang='grc' dir='ltr'>προσώπῳ</span> <span class='ocrx_word' id='word_1_603' title='bbox 1635 4455 1911 4529; x_wconf 83' lang='grc' dir='ltr'>δηλοῦσιν,</span> 
     </span>
    </p>
   </div>
   <div class='ocr_carea' id='block_1_82' title="bbox 299 4546 531 4620">
    <p class='ocr_par' dir='ltr' id='par_1_82' title="bbox 299 4546 531 4620">
     <span class='ocr_line' id='line_1_82' title="bbox 299 4546 531 4620; baseline 0.026 -22"><span class='ocrx_word' id='word_1_604' title='bbox 299 4546 531 4620; x_wconf 73' lang='grc' dir='ltr'>πλάνης.</span> 
     </span>
    </p>
   </div>
   <div class='ocr_carea' id='block_1_83' title="bbox 1985 4456 3572 4551">
    <p class='ocr_par' dir='ltr' id='par_1_83' title="bbox 1985 4456 3572 4551">
     <span class='ocr_line' id='line_1_83' title="bbox 1985 4456 3572 4551; baseline -0.006 -36"><span class='ocrx_word' id='word_1_605' title='bbox 1985 4461 2123 4534; x_wconf 82' lang='grc' dir='ltr'>ὅπερ</span> <span class='ocrx_word' id='word_1_606' title='bbox 2171 4463 2267 4517; x_wconf 73' lang='grc' dir='ltr'><strong>καὶ</strong></span> <span class='ocrx_word' id='word_1_607' title='bbox 2324 4465 2458 4517; x_wconf 80' lang='grc' dir='ltr'>πᾶσι</span> <span class='ocrx_word' id='word_1_608' title='bbox 2504 4464 2620 4526; x_wconf 87' lang='grc' dir='ltr'>τοῖς</span> <span class='ocrx_word' id='word_1_609' title='bbox 2674 4463 2973 4533; x_wconf 79' lang='grc' dir='ltr'>αἱρετικοῖς</span> <span class='ocrx_word' id='word_1_610' title='bbox 3025 4460 3302 4551; x_wconf 71' lang='grc' dir='ltr'>πρόφασις</span> <span class='ocrx_word' id='word_1_611' title='bbox 3357 4456 3572 4526; x_wconf 87' lang='grc' dir='ltr'>γίνεται</span> 
     </span>
    </p>
   </div>
   <div class='ocr_carea' id='block_1_84' title="bbox 371 4637 1886 4712">
    <p class='ocr_par' dir='ltr' id='par_1_84' title="bbox 371 4638 1880 4712">
     <span class='ocr_line' id='line_1_84' title="bbox 371 4638 1880 4712; baseline -0.001 -17"><span class='ocrx_word' id='word_1_612' title='bbox 371 4643 482 4696; x_wconf 78' lang='grc' dir='ltr'><strong>Καὶ</strong></span> <span class='ocrx_word' id='word_1_613' title='bbox 512 4641 580 4694; x_wconf 75' lang='grc' dir='ltr'>τὰ</span> <span class='ocrx_word' id='word_1_614' title='bbox 628 4641 726 4712; x_wconf 81' lang='grc' dir='ltr'>μὲν</span> <span class='ocrx_word' id='word_1_615' title='bbox 766 4639 895 4712; x_wconf 87' lang='grc' dir='ltr'><strong>περί</strong></span> <span class='ocrx_word' id='word_1_616' title='bbox 921 4638 1114 4692; x_wconf 87' lang='grc' dir='ltr'>τούτου</span> <span class='ocrx_word' id='word_1_617' title='bbox 1144 4639 1238 4692; x_wconf 73' lang='grc' dir='ltr'>καὶ</span> <span class='ocrx_word' id='word_1_618' title='bbox 1273 4639 1331 4692; x_wconf 80' lang='grc' dir='ltr'>ὲν</span> <span class='ocrx_word' id='word_1_619' title='bbox 1373 4638 1449 4710; x_wconf 83' lang='grc' dir='ltr'>τῷ</span> <span class='ocrx_word' id='word_1_620' title='bbox 1483 4639 1584 4711; x_wconf 74' lang='grc' dir='ltr'>ἤδη</span> <span class='ocrx_word' id='word_1_621' title='bbox 1615 4639 1880 4709; x_wconf 78' lang='grc' dir='ltr'>γραφέντι</span> 
     </span>
    </p>
   </div>
   <div class='ocr_carea' id='block_1_85' title="bbox 1987 4637 3622 4712">
    <p class='ocr_par' dir='ltr' id='par_1_85' title="bbox 2059 4637 3622 4710">
     <span class='ocr_line' id='line_1_85' title="bbox 2059 4637 3622 4710; baseline -0.002 -16"><span class='ocrx_word' id='word_1_622' title='bbox 2059 4640 2186 4697; x_wconf 64' lang='lat' dir='ltr'><strong>llaec</strong></span> <span class='ocrx_word' id='word_1_623' title='bbox 2212 4649 2394 4696; x_wconf 90' lang='lat' dir='ltr'><strong>autem</strong></span> <span class='ocrx_word' id='word_1_624' title='bbox 2439 4657 2563 4710; x_wconf 74' lang='lat' dir='ltr'><strong>quae</strong></span> <span class='ocrx_word' id='word_1_625' title='bbox 2605 4639 2674 4694; x_wconf 89' lang='lat' dir='ltr'><strong>ad</strong></span> <span class='ocrx_word' id='word_1_626' title='bbox 2720 4639 2855 4694; x_wconf 87' lang='lat' dir='ltr'><strong>illud</strong></span> <span class='ocrx_word' id='word_1_627' title='bbox 2883 4638 3186 4709; x_wconf 86' lang='lat' dir='ltr'><strong>pertinent.</strong></span> <span class='ocrx_word' id='word_1_628' title='bbox 3226 4637 3283 4692; x_wconf 90' lang='lat' dir='ltr'><strong>in</strong></span> <span class='ocrx_word' id='word_1_629' title='bbox 3313 4652 3570 4692; x_wconf 91' lang='lat' dir='ltr'><strong>sermone</strong></span> <span class='ocrx_word' id='word_1_630' title='bbox 3613 4699 3622 4709; x_wconf 41' lang='lat'>&#39;</span> 
     </span>
    </p>
   </div>
   <div class='ocr_carea' id='block_1_86' title="bbox 297 4731 1881 4807">
    <p class='ocr_par' dir='ltr' id='par_1_86' title="bbox 297 4731 1881 4807">
     <span class='ocr_line' id='line_1_86' title="bbox 297 4731 1881 4807; baseline -0.001 -19"><span class='ocrx_word' id='word_1_631' title='bbox 297 4734 607 4807; x_wconf 79' lang='grc' dir='ltr'>παρ’ἡμῶν</span> <span class='ocrx_word' id='word_1_632' title='bbox 631 4733 776 4803; x_wconf 83' lang='grc' dir='ltr'>λόγῳ</span> <span class='ocrx_word' id='word_1_633' title='bbox 811 4731 949 4802; x_wconf 88' lang='grc' dir='ltr'>πρὸς</span> <span class='ocrx_word' id='word_1_634' title='bbox 987 4731 1188 4784; x_wconf 84' lang='grc' dir='ltr'>Ζωῖλον</span> <span class='ocrx_word' id='word_1_635' title='bbox 1211 4731 1302 4784; x_wconf 83' lang='grc' dir='ltr'><strong>τὸν</strong></span> <span class='ocrx_word' id='word_1_636' title='bbox 1328 4732 1755 4802; x_wconf 81' lang='grc' dir='ltr'>μακαριώτατον</span> <span class='ocrx_word' id='word_1_637' title='bbox 1782 4733 1881 4804; x_wconf 86' lang='grc' dir='ltr'><strong>ἁρ-</strong></span> 
     </span>
    </p>
   </div>
   <div class='ocr_carea' id='block_1_87' title="bbox 297 4825 1881 4900">
    <p class='ocr_par' dir='ltr' id='par_1_87' title="bbox 297 4825 1881 4900">
     <span class='ocr_line' id='line_1_87' title="bbox 297 4825 1881 4900; baseline -0.002 -17"><span class='ocrx_word' id='word_1_638' title='bbox 297 4829 651 4900; x_wconf 77' lang='grc' dir='ltr'>χιεπίσκοπον</span> <span class='ocrx_word' id='word_1_639' title='bbox 695 4827 796 4897; x_wconf 79' lang='grc' dir='ltr'>τῆς</span> <span class='ocrx_word' id='word_1_640' title='bbox 838 4825 1235 4896; x_wconf 77' lang='grc' dir='ltr'>Ἀλεξανδρέων</span> <span class='ocrx_word' id='word_1_641' title='bbox 1281 4826 1378 4880; x_wconf 67' lang='grc' dir='ltr'>καὶ</span> <span class='ocrx_word' id='word_1_642' title='bbox 1421 4826 1770 4898; x_wconf 83' lang='grc' dir='ltr'>πατριάρχην</span> <span class='ocrx_word' id='word_1_643' title='bbox 1802 4827 1881 4898; x_wconf 85' lang='grc'><strong>(5)</strong></span> 
     </span>
    </p>
   </div>
   <div class='ocr_carea' id='block_1_88' title="bbox 299 4917 1879 4988">
    <p class='ocr_par' dir='ltr' id='par_1_88' title="bbox 299 4917 1879 4988">
     <span class='ocr_line' id='line_1_88' title="bbox 299 4917 1879 4988; baseline 0 -16"><span class='ocrx_word' id='word_1_644' title='bbox 299 4920 500 4983; x_wconf 80' lang='grc' dir='ltr'>ἱκανῶς</span> <span class='ocrx_word' id='word_1_645' title='bbox 552 4918 965 4983; x_wconf 83' lang='grc' dir='ltr'>ἀποδέδεικται,</span> <span class='ocrx_word' id='word_1_646' title='bbox 1031 4917 1504 4988; x_wconf 75' lang='grc' dir='ltr'>παραστησάντων</span> <span class='ocrx_word' id='word_1_647' title='bbox 1567 4919 1727 4988; x_wconf 77' lang='grc' dir='ltr'>ἡμῶν</span> <span class='ocrx_word' id='word_1_648' title='bbox 1795 4920 1879 4972; x_wconf 82' lang='grc' dir='ltr'>ὅτι</span> 
     </span>
    </p>
   </div>
   <div class='ocr_carea' id='block_1_89' title="bbox 299 5010 1879 5085">
    <p class='ocr_par' dir='ltr' id='par_1_89' title="bbox 299 5010 1879 5085">
     <span class='ocr_line' id='line_1_89' title="bbox 299 5010 1879 5085; baseline -0.001 -19"><span class='ocrx_word' id='word_1_649' title='bbox 299 5012 461 5081; x_wconf 83' lang='grc' dir='ltr'>φύσις</span> <span class='ocrx_word' id='word_1_650' title='bbox 497 5016 592 5066; x_wconf 77' lang='grc' dir='ltr'>καὶ</span> <span class='ocrx_word' id='word_1_651' title='bbox 633 5013 814 5085; x_wconf 79' lang='grc' dir='ltr'>μορφὴ</span> <span class='ocrx_word' id='word_1_652' title='bbox 849 5011 1047 5066; x_wconf 77' lang='grc' dir='ltr'>ταύτὸν</span> <span class='ocrx_word' id='word_1_653' title='bbox 1100 5010 1273 5081; x_wconf 87' lang='grc' dir='ltr'>δηλοῖ,</span> <span class='ocrx_word' id='word_1_654' title='bbox 1308 5011 1403 5064; x_wconf 71' lang='grc' dir='ltr'>καὶ</span> <span class='ocrx_word' id='word_1_655' title='bbox 1429 5011 1522 5065; x_wconf 77' lang='grc' dir='ltr'><strong>ἐπὶ</strong></span> <span class='ocrx_word' id='word_1_656' title='bbox 1561 5010 1656 5064; x_wconf 90' lang='grc' dir='ltr'><strong>τοῦ</strong></span> <span class='ocrx_word' id='word_1_657' title='bbox 1695 5011 1879 5065; x_wconf 88' lang='grc' dir='ltr'>κοινοῦ</span> 
     </span>
    </p>
   </div>
   <div class='ocr_carea' id='block_1_90' title="bbox 303 5103 1878 5176">
    <p class='ocr_par' dir='ltr' id='par_1_90' title="bbox 303 5103 1878 5176">
     <span class='ocr_line' id='line_1_90' title="bbox 303 5103 1878 5176; baseline 0 -21"><span class='ocrx_word' id='word_1_658' title='bbox 303 5105 706 5174; x_wconf 78' lang='grc' dir='ltr'>σημαινομένου</span> <span class='ocrx_word' id='word_1_659' title='bbox 734 5104 1129 5176; x_wconf 75' lang='grc' dir='ltr'>λαμϐάνονται.</span> <span class='ocrx_word' id='word_1_660' title='bbox 1168 5103 1243 5156; x_wconf 80' lang='grc' dir='ltr'><strong>Τὸ</strong></span> <span class='ocrx_word' id='word_1_661' title='bbox 1287 5103 1344 5156; x_wconf 76' lang='grc' dir='ltr'>δὲ</span> <span class='ocrx_word' id='word_1_662' title='bbox 1386 5103 1681 5173; x_wconf 87' lang='grc' dir='ltr'>πρόσωπον</span> <span class='ocrx_word' id='word_1_663' title='bbox 1709 5103 1805 5157; x_wconf 75' lang='grc' dir='ltr'><strong>καί</strong></span> <span class='ocrx_word' id='word_1_664' title='bbox 1842 5105 1878 5175; x_wconf 78' lang='grc' dir='ltr'><strong>ἡ</strong></span> 
     </span>
    </p>
   </div>
   <div class='ocr_carea' id='block_1_91' title="bbox 299 5195 1887 5266">
    <p class='ocr_par' dir='ltr' id='par_1_91' title="bbox 299 5195 1887 5266">
     <span class='ocr_line' id='line_1_91' title="bbox 299 5195 1887 5266; baseline 0 -16"><span class='ocrx_word' id='word_1_665' title='bbox 299 5197 595 5259; x_wconf 80' lang='grc' dir='ltr'>ὑπόστασις</span> <span class='ocrx_word' id='word_1_666' title='bbox 637 5197 731 5249; x_wconf 73' lang='grc' dir='ltr'><strong>ἐπὶ</strong></span> <span class='ocrx_word' id='word_1_667' title='bbox 764 5197 873 5250; x_wconf 85' lang='grc' dir='ltr'><strong>τῶν</strong></span> <span class='ocrx_word' id='word_1_668' title='bbox 901 5197 1024 5250; x_wconf 83' lang='grc' dir='ltr'>καθ’</span> <span class='ocrx_word' id='word_1_669' title='bbox 1054 5197 1287 5250; x_wconf 83' lang='grc' dir='ltr'>’ἑκαστον</span> <span class='ocrx_word' id='word_1_670' title='bbox 1325 5195 1568 5264; x_wconf 79' lang='grc' dir='ltr'>λέγεται.</span> <span class='ocrx_word' id='word_1_671' title='bbox 1600 5195 1747 5266; x_wconf 84' lang='grc' dir='ltr'>Πλὴν</span> <span class='ocrx_word' id='word_1_672' title='bbox 1787 5197 1887 5256; x_wconf 77' lang='grc' dir='ltr'>καὶ,</span> 
     </span>
    </p>
   </div>
   <div class='ocr_carea' id='block_1_92' title="bbox 297 5287 1879 5361">
    <p class='ocr_par' dir='ltr' id='par_1_92' title="bbox 297 5287 1879 5361">
     <span class='ocr_line' id='line_1_92' title="bbox 297 5287 1879 5361; baseline 0.001 -19"><span class='ocrx_word' id='word_1_673' title='bbox 297 5287 530 5342; x_wconf 74' lang='grc' dir='ltr'>ἐνταῦθα</span> <span class='ocrx_word' id='word_1_674' title='bbox 557 5288 622 5340; x_wconf 77' lang='grc' dir='ltr'>δι’</span> <span class='ocrx_word' id='word_1_675' title='bbox 650 5288 854 5358; x_wconf 78' lang='grc' dir='ltr'>ἑτέρων</span> <span class='ocrx_word' id='word_1_676' title='bbox 901 5290 1222 5361; x_wconf 82' lang='grc' dir='ltr'>μαρτυριῶν</span> <span class='ocrx_word' id='word_1_677' title='bbox 1254 5290 1364 5342; x_wconf 85' lang='grc' dir='ltr'>τῶν</span> <span class='ocrx_word' id='word_1_678' title='bbox 1408 5289 1581 5357; x_wconf 84' lang='grc' dir='ltr'>ἁγίων</span> <span class='ocrx_word' id='word_1_679' title='bbox 1615 5290 1879 5360; x_wconf 76' lang='grc' dir='ltr'>Πατὲρων</span> 
     </span>
    </p>
   </div>
   <div class='ocr_carea' id='block_1_93' title="bbox 296 5379 1877 5454">
    <p class='ocr_par' dir='ltr' id='par_1_93' title="bbox 296 5379 1877 5454">
     <span class='ocr_line' id='line_1_93' title="bbox 296 5379 1877 5454; baseline -0.001 -21"><span class='ocrx_word' id='word_1_680' title='bbox 296 5381 360 5434; x_wconf 80' lang='grc' dir='ltr'><strong>τὸ</strong></span> <span class='ocrx_word' id='word_1_681' title='bbox 404 5379 534 5434; x_wconf 80' lang='grc' dir='ltr'>αὐτὸ</span> <span class='ocrx_word' id='word_1_682' title='bbox 581 5382 1030 5452; x_wconf 86' lang='grc' dir='ltr'>παραστήσομεν.</span> <span class='ocrx_word' id='word_1_683' title='bbox 1058 5413 1130 5422; x_wconf 87' lang='lat'><strong>—-</strong></span> <span class='ocrx_word' id='word_1_684' title='bbox 1156 5381 1242 5454; x_wconf 80' lang='grc' dir='ltr'><strong>[Ρ.</strong></span> <span class='ocrx_word' id='word_1_685' title='bbox 1287 5380 1414 5452; x_wconf 76' lang='lat'><strong>535]</strong></span> <span class='ocrx_word' id='word_1_686' title='bbox 1463 5379 1652 5436; x_wconf 87' lang='grc' dir='ltr'>Ταῦτα</span> <span class='ocrx_word' id='word_1_687' title='bbox 1695 5380 1877 5434; x_wconf 89' lang='grc' dir='ltr'>τοίνυν</span> 
     </span>
    </p>
   </div>
   <div class='ocr_carea' id='block_1_94' title="bbox 296 5471 1877 5546">
    <p class='ocr_par' dir='ltr' id='par_1_94' title="bbox 296 5471 1877 5546">
     <span class='ocr_line' id='line_1_94' title="bbox 296 5471 1877 5546; baseline 0.001 -20"><span class='ocrx_word' id='word_1_688' title='bbox 296 5472 603 5544; x_wconf 75' lang='grc' dir='ltr'>εἰρήκαμεν</span> <span class='ocrx_word' id='word_1_689' title='bbox 623 5471 927 5536; x_wconf 86' lang='grc' dir='ltr'>δεικνύντες</span> <span class='ocrx_word' id='word_1_690' title='bbox 958 5474 1039 5527; x_wconf 88' lang='grc' dir='ltr'><strong>δτι</strong></span> <span class='ocrx_word' id='word_1_691' title='bbox 1069 5473 1226 5527; x_wconf 87' lang='grc' dir='ltr'>ούσία</span> <span class='ocrx_word' id='word_1_692' title='bbox 1251 5475 1346 5529; x_wconf 78' lang='grc' dir='ltr'>καὶ</span> <span class='ocrx_word' id='word_1_693' title='bbox 1377 5473 1539 5544; x_wconf 85' lang='grc' dir='ltr'>φύσις</span> <span class='ocrx_word' id='word_1_694' title='bbox 1568 5475 1661 5527; x_wconf 76' lang='grc' dir='ltr'>καὶ</span> <span class='ocrx_word' id='word_1_695' title='bbox 1694 5476 1877 5546; x_wconf 74' lang='grc' dir='ltr'>μορφὴ</span> 
     </span>
    </p>
   </div>
   <div class='ocr_carea' id='block_1_95' title="bbox 292 5562 1876 5636">
    <p class='ocr_par' dir='ltr' id='par_1_95' title="bbox 292 5562 1876 5636">
     <span class='ocr_line' id='line_1_95' title="bbox 292 5562 1876 5636; baseline 0.001 -16"><span class='ocrx_word' id='word_1_696' title='bbox 292 5565 487 5620; x_wconf 78' lang='grc' dir='ltr'>ταύτὸν</span> <span class='ocrx_word' id='word_1_697' title='bbox 533 5562 810 5635; x_wconf 90' lang='grc' dir='ltr'>δηλοῦσιν.</span> <span class='ocrx_word' id='word_1_698' title='bbox 847 5565 968 5618; x_wconf 80' lang='grc' dir='ltr'><strong>Ὀτι</strong></span> <span class='ocrx_word' id='word_1_699' title='bbox 1005 5565 1062 5618; x_wconf 81' lang='grc' dir='ltr'>δὲ</span> <span class='ocrx_word' id='word_1_700' title='bbox 1109 5567 1232 5636; x_wconf 77' lang='grc' dir='ltr'><strong>οὐχὶ</strong></span> <span class='ocrx_word' id='word_1_701' title='bbox 1279 5567 1476 5620; x_wconf 79' lang='grc' dir='ltr'>ταύτόν</span> <span class='ocrx_word' id='word_1_702' title='bbox 1523 5569 1672 5621; x_wconf 81' lang='grc' dir='ltr'>ἐστιν</span> <span class='ocrx_word' id='word_1_703' title='bbox 1715 5568 1876 5621; x_wconf 81' lang='grc' dir='ltr'>οὐσία</span> 
     </span>
    </p>
   </div>
   <div class='ocr_carea' id='block_1_96' title="bbox 291 5657 1868 5730">
    <p class='ocr_par' dir='ltr' id='par_1_96' title="bbox 291 5657 1868 5730">
     <span class='ocr_line' id='line_1_96' title="bbox 291 5657 1868 5730; baseline -0.001 -17"><span class='ocrx_word' id='word_1_704' title='bbox 291 5659 388 5713; x_wconf 74' lang='grc' dir='ltr'>καὶ</span> <span class='ocrx_word' id='word_1_705' title='bbox 407 5658 728 5724; x_wconf 77' lang='grc' dir='ltr'>ὑπόστασις,</span> <span class='ocrx_word' id='word_1_706' title='bbox 753 5657 827 5721; x_wconf 79' lang='grc' dir='ltr'><strong>ὡς</strong></span> <span class='ocrx_word' id='word_1_707' title='bbox 851 5658 901 5710; x_wconf 84' lang='grc' dir='ltr'>οἱ</span> <span class='ocrx_word' id='word_1_708' title='bbox 921 5658 1192 5728; x_wconf 78' lang='grc' dir='ltr'>αἱρετικοὶ</span> <span class='ocrx_word' id='word_1_709' title='bbox 1220 5659 1565 5730; x_wconf 83' lang='grc' dir='ltr'>πλανώμενοι</span> <span class='ocrx_word' id='word_1_710' title='bbox 1598 5659 1868 5728; x_wconf 81' lang='grc' dir='ltr'>λέγουσιν,</span> 
     </span>
    </p>
   </div>
   <div class='ocr_carea' id='block_1_97' title="bbox 289 5750 1872 5823">
    <p class='ocr_par' dir='ltr' id='par_1_97' title="bbox 289 5750 1872 5823">
     <span class='ocr_line' id='line_1_97' title="bbox 289 5750 1872 5823; baseline 0 -17"><span class='ocrx_word' id='word_1_711' title='bbox 289 5753 388 5806; x_wconf 77' lang='grc' dir='ltr'>καὶ</span> <span class='ocrx_word' id='word_1_712' title='bbox 421 5753 484 5806; x_wconf 68' lang='grc' dir='ltr'>ἐκ</span> <span class='ocrx_word' id='word_1_713' title='bbox 519 5753 620 5823; x_wconf 87' lang='grc' dir='ltr'>τῆς</span> <span class='ocrx_word' id='word_1_714' title='bbox 657 5751 787 5822; x_wconf 80' lang='grc' dir='ltr'><strong>περί</strong></span> <span class='ocrx_word' id='word_1_715' title='bbox 809 5750 908 5822; x_wconf 81' lang='grc' dir='ltr'>τὴν</span> <span class='ocrx_word' id='word_1_716' title='bbox 941 5751 1104 5819; x_wconf 83' lang='grc' dir='ltr'>ἁγίαν</span> <span class='ocrx_word' id='word_1_717' title='bbox 1136 5752 1344 5820; x_wconf 85' lang='grc' dir='ltr'>Τριάδα</span> <span class='ocrx_word' id='word_1_718' title='bbox 1379 5752 1663 5822; x_wconf 81' lang='grc' dir='ltr'>θεολογίας</span> <span class='ocrx_word' id='word_1_719' title='bbox 1691 5752 1872 5818; x_wconf 77' lang='grc' dir='ltr'>ἔξεστι</span> 
     </span>
    </p>
   </div>
   <div class='ocr_carea' id='block_1_98' title="bbox 291 5843 1871 5916">
    <p class='ocr_par' dir='ltr' id='par_1_98' title="bbox 291 5843 1871 5916">
     <span class='ocr_line' id='line_1_98' title="bbox 291 5843 1871 5916; baseline 0.003 -20"><span class='ocrx_word' id='word_1_720' title='bbox 291 5845 484 5914; x_wconf 81' lang='grc' dir='ltr'>μαθεῖν</span> <span class='ocrx_word' id='word_1_721' title='bbox 507 5861 522 5876; x_wconf 89' lang='grc'><strong>·</strong></span> <span class='ocrx_word' id='word_1_722' title='bbox 559 5846 650 5900; x_wconf 80' lang='grc' dir='ltr'>ὅτε</span> <span class='ocrx_word' id='word_1_723' title='bbox 679 5845 790 5916; x_wconf 83' lang='grc' dir='ltr'>γὰρ</span> <span class='ocrx_word' id='word_1_724' title='bbox 812 5843 1040 5915; x_wconf 82' lang='grc' dir='ltr'>είπομεν</span> <span class='ocrx_word' id='word_1_725' title='bbox 1070 5843 1224 5908; x_wconf 81' lang='grc' dir='ltr'>Θεὸν,</span> <span class='ocrx_word' id='word_1_726' title='bbox 1249 5845 1350 5916; x_wconf 83' lang='grc' dir='ltr'><strong>τὴν</strong></span> <span class='ocrx_word' id='word_1_727' title='bbox 1390 5845 1523 5915; x_wconf 88' lang='grc' dir='ltr'>μίαν</span> <span class='ocrx_word' id='word_1_728' title='bbox 1553 5845 1742 5900; x_wconf 73' lang='grc' dir='ltr'>οὐσίαν</span> <span class='ocrx_word' id='word_1_729' title='bbox 1771 5845 1871 5916; x_wconf 87' lang='grc' dir='ltr'>τῆς</span> 
     </span>
    </p>
   </div>
   <div class='ocr_carea' id='block_1_99' title="bbox 289 5935 1872 6010">
    <p class='ocr_par' dir='ltr' id='par_1_99' title="bbox 289 5935 1872 6010">
     <span class='ocr_line' id='line_1_99' title="bbox 289 5935 1872 6010; baseline -0.001 -18"><span class='ocrx_word' id='word_1_730' title='bbox 289 5935 448 6006; x_wconf 73' lang='grc' dir='ltr'>ἁγίας</span> <span class='ocrx_word' id='word_1_731' title='bbox 477 5937 706 6009; x_wconf 84' lang='grc' dir='ltr'>Τριάδος</span> <span class='ocrx_word' id='word_1_732' title='bbox 743 5936 1110 6008; x_wconf 86' lang='grc' dir='ltr'>σημαίνομεν·</span> <span class='ocrx_word' id='word_1_733' title='bbox 1142 5937 1231 5990; x_wconf 71' lang='grc' dir='ltr'>ὅτε</span> <span class='ocrx_word' id='word_1_734' title='bbox 1270 5937 1328 5992; x_wconf 81' lang='grc' dir='ltr'>δὲ</span> <span class='ocrx_word' id='word_1_735' title='bbox 1375 5937 1606 6008; x_wconf 85' lang='grc' dir='ltr'>λέγομεν</span> <span class='ocrx_word' id='word_1_736' title='bbox 1651 5937 1872 6010; x_wconf 83' lang='grc' dir='ltr'>Πατέρα</span> 
     </span>
    </p>
   </div>
   <div class='ocr_carea' id='block_1_100' title="bbox 1987 4729 3567 4800">
    <p class='ocr_par' dir='ltr' id='par_1_100' title="bbox 1987 4729 3567 4800">
     <span class='ocr_line' id='line_1_100' title="bbox 1987 4729 3567 4800; baseline -0.004 -11"><span class='ocrx_word' id='word_1_737' title='bbox 1987 4751 2018 4789; x_wconf 88' lang='lat' dir='ltr'><strong>a</strong></span> <span class='ocrx_word' id='word_1_738' title='bbox 2065 4735 2230 4789; x_wconf 90' lang='lat' dir='ltr'><strong>nobis</strong></span> <span class='ocrx_word' id='word_1_739' title='bbox 2274 4733 2342 4788; x_wconf 90' lang='lat' dir='ltr'><strong>ad</strong></span> <span class='ocrx_word' id='word_1_740' title='bbox 2391 4734 2603 4787; x_wconf 89' lang='lat' dir='ltr'><strong>Zoilum</strong></span> <span class='ocrx_word' id='word_1_741' title='bbox 2657 4731 3041 4788; x_wconf 89' lang='lat' dir='ltr'><strong>beatissimum</strong></span> <span class='ocrx_word' id='word_1_742' title='bbox 3084 4729 3567 4800; x_wconf 88' lang='lat' dir='ltr'><strong>archiepiscopum</strong></span> 
     </span>
    </p>
   </div>
   <div class='ocr_carea' id='block_1_101' title="bbox 1988 4823 3567 4897">
    <p class='ocr_par' dir='ltr' id='par_1_101' title="bbox 1988 4823 3567 4897">
     <span class='ocr_line' id='line_1_101' title="bbox 1988 4823 3567 4897; baseline -0.004 -15"><span class='ocrx_word' id='word_1_743' title='bbox 1988 4825 2335 4884; x_wconf 73' lang='lat' dir='ltr'><strong>Alexandria:</strong></span> <span class='ocrx_word' id='word_1_744' title='bbox 2359 4843 2424 4881; x_wconf 86' lang='lat' dir='ltr'><strong>ac</strong></span> <span class='ocrx_word' id='word_1_745' title='bbox 2451 4825 2819 4897; x_wconf 89' lang='lat' dir='ltr'><strong>patriarcham</strong></span> <span class='ocrx_word' id='word_1_746' title='bbox 2847 4824 2982 4878; x_wconf 89' lang='lat' dir='ltr'><strong>satis</strong></span> <span class='ocrx_word' id='word_1_747' title='bbox 2997 4823 3249 4894; x_wconf 78' lang='lat' dir='ltr'><strong>exposita</strong></span> <span class='ocrx_word' id='word_1_748' title='bbox 3266 4831 3417 4888; x_wconf 89' lang='lat' dir='ltr'><strong>sunt,</strong></span> <span class='ocrx_word' id='word_1_749' title='bbox 3442 4837 3567 4878; x_wconf 89' lang='lat' dir='ltr'><strong>eum</strong></span> 
     </span>
    </p>
   </div>
   <div class='ocr_carea' id='block_1_102' title="bbox 1990 4913 3568 4976">
    <p class='ocr_par' dir='ltr' id='par_1_102' title="bbox 1990 4913 3568 4976">
     <span class='ocr_line' id='line_1_102' title="bbox 1990 4913 3568 4976; baseline -0.005 0"><span class='ocrx_word' id='word_1_750' title='bbox 1990 4919 2350 4976; x_wconf 85' lang='lat' dir='ltr'><strong>statuerimus</strong></span> <span class='ocrx_word' id='word_1_751' title='bbox 2388 4930 2645 4974; x_wconf 88' lang='lat' dir='ltr'><strong>naturam</strong></span> <span class='ocrx_word' id='word_1_752' title='bbox 2676 4933 2741 4972; x_wconf 88' lang='lat' dir='ltr'><strong>ac</strong></span> <span class='ocrx_word' id='word_1_753' title='bbox 2770 4917 3005 4970; x_wconf 87' lang='lat' dir='ltr'><strong>formam</strong></span> <span class='ocrx_word' id='word_1_754' title='bbox 3039 4914 3298 4970; x_wconf 90' lang='lat' dir='ltr'><strong>eumdem</strong></span> <span class='ocrx_word' id='word_1_755' title='bbox 3335 4913 3568 4969; x_wconf 87' lang='lat' dir='ltr'><strong>demon-</strong></span> 
     </span>
    </p>
   </div>
   <div class='ocr_carea' id='block_1_103' title="bbox 1983 5007 3566 5082">
    <p class='ocr_par' dir='ltr' id='par_1_103' title="bbox 1983 5007 3566 5082">
     <span class='ocr_line' id='line_1_103' title="bbox 1983 5007 3566 5082; baseline -0.003 -14"><span class='ocrx_word' id='word_1_756' title='bbox 1983 5021 2181 5078; x_wconf 90' lang='lat' dir='ltr'><strong>strare,</strong></span> <span class='ocrx_word' id='word_1_757' title='bbox 2208 5011 2387 5082; x_wconf 88' lang='lat' dir='ltr'><strong>deque</strong></span> <span class='ocrx_word' id='word_1_758' title='bbox 2436 5009 2714 5065; x_wconf 90' lang='lat' dir='ltr'><strong>communi</strong></span> <span class='ocrx_word' id='word_1_759' title='bbox 2770 5007 3083 5080; x_wconf 88' lang='lat' dir='ltr'><strong>signiﬁcato</strong></span> <span class='ocrx_word' id='word_1_760' title='bbox 3124 5009 3292 5063; x_wconf 90' lang='lat' dir='ltr'><strong>sumi.</strong></span> <span class='ocrx_word' id='word_1_761' title='bbox 3325 5010 3566 5064; x_wconf 88' lang='lat' dir='ltr'><strong>Persona</strong></span> 
     </span>
    </p>
   </div>
   <div class='ocr_carea' id='block_1_104' title="bbox 1986 5099 3565 5174">
    <p class='ocr_par' dir='ltr' id='par_1_104' title="bbox 1986 5099 3565 5174">
     <span class='ocr_line' id='line_1_104' title="bbox 1986 5099 3565 5174; baseline -0.003 -16"><span class='ocrx_word' id='word_1_762' title='bbox 1986 5118 2117 5158; x_wconf 87' lang='lat' dir='ltr'><strong>vero</strong></span> <span class='ocrx_word' id='word_1_763' title='bbox 2138 5112 2303 5173; x_wconf 89' lang='lat' dir='ltr'><strong>atque</strong></span> <span class='ocrx_word' id='word_1_764' title='bbox 2321 5102 2633 5174; x_wconf 83' lang='lat' dir='ltr'><strong>hypostasis</strong></span> <span class='ocrx_word' id='word_1_765' title='bbox 2655 5101 2724 5156; x_wconf 89' lang='lat' dir='ltr'><strong>de</strong></span> <span class='ocrx_word' id='word_1_766' title='bbox 2750 5100 2982 5170; x_wconf 87' lang='lat' dir='ltr'><strong>singulis</strong></span> <span class='ocrx_word' id='word_1_767' title='bbox 3007 5099 3231 5156; x_wconf 87' lang='lat' dir='ltr'><strong>dicitur.</strong></span> <span class='ocrx_word' id='word_1_768' title='bbox 3257 5099 3358 5156; x_wconf 83' lang='lat' dir='ltr'><strong>Hic</strong></span> <span class='ocrx_word' id='word_1_769' title='bbox 3381 5108 3565 5155; x_wconf 87' lang='lat' dir='ltr'><strong>tamen</strong></span> 
     </span>
    </p>
   </div>
   <div class='ocr_carea' id='block_1_105' title="bbox 1985 5192 3565 5253">
    <p class='ocr_par' dir='ltr' id='par_1_105' title="bbox 1985 5192 3565 5253">
     <span class='ocr_line' id='line_1_105' title="bbox 1985 5192 3565 5253; baseline -0.001 -1"><span class='ocrx_word' id='word_1_770' title='bbox 1985 5197 2112 5253; x_wconf 89' lang='lat' dir='ltr'><strong>aliis</strong></span> <span class='ocrx_word' id='word_1_771' title='bbox 2145 5196 2478 5252; x_wconf 90' lang='lat' dir='ltr'><strong>testimoniis</strong></span> <span class='ocrx_word' id='word_1_772' title='bbox 2510 5205 2828 5252; x_wconf 88' lang='lat' dir='ltr'><strong>sanctorum</strong></span> <span class='ocrx_word' id='word_1_773' title='bbox 2867 5196 3092 5249; x_wconf 89' lang='lat' dir='ltr'><strong>Patrum</strong></span> <span class='ocrx_word' id='word_1_774' title='bbox 3129 5192 3277 5252; x_wconf 86' lang='lat' dir='ltr'><strong>idem</strong></span> <span class='ocrx_word' id='word_1_775' title='bbox 3311 5194 3565 5250; x_wconf 88' lang='lat' dir='ltr'><strong>stabilie-</strong></span> 
     </span>
    </p>
   </div>
   <div class='ocr_carea' id='block_1_106' title="bbox 1984 5287 3560 5361">
    <p class='ocr_par' dir='ltr' id='par_1_106' title="bbox 1984 5287 3560 5361">
     <span class='ocr_line' id='line_1_106' title="bbox 1984 5287 3560 5361; baseline -0.003 -15"><span class='ocrx_word' id='word_1_776' title='bbox 1984 5306 2129 5346; x_wconf 91' lang='lat' dir='ltr'><strong>mus.</strong></span> <span class='ocrx_word' id='word_1_777' title='bbox 2144 5321 2215 5330; x_wconf 90' lang='lat'><strong>—-</strong></span> <span class='ocrx_word' id='word_1_778' title='bbox 2229 5290 2352 5345; x_wconf 80' lang='lat' dir='ltr'><strong>Haec</strong></span> <span class='ocrx_word' id='word_1_779' title='bbox 2383 5305 2513 5361; x_wconf 83' lang='lat' dir='ltr'><strong>ergo</strong></span> <span class='ocrx_word' id='word_1_780' title='bbox 2530 5289 2771 5344; x_wconf 77' lang='lat' dir='ltr'><strong>diximus</strong></span> <span class='ocrx_word' id='word_1_781' title='bbox 2788 5287 3150 5345; x_wconf 88' lang='lat' dir='ltr'><strong>ostendentes</strong></span> <span class='ocrx_word' id='word_1_782' title='bbox 3171 5287 3560 5352; x_wconf 83' lang='lat' dir='ltr'><strong>substantiam,</strong></span> 
     </span>
    </p>
   </div>
   <div class='ocr_carea' id='block_1_107' title="bbox 1985 5376 3560 5450">
    <p class='ocr_par' dir='ltr' id='par_1_107' title="bbox 1985 5376 3560 5450">
     <span class='ocr_line' id='line_1_107' title="bbox 1985 5376 3560 5450; baseline -0.005 -12"><span class='ocrx_word' id='word_1_783' title='bbox 1985 5391 2235 5438; x_wconf 86' lang='lat' dir='ltr'><strong>naturam</strong></span> <span class='ocrx_word' id='word_1_784' title='bbox 2264 5380 2609 5450; x_wconf 87' lang='lat' dir='ltr'><strong>formamque</strong></span> <span class='ocrx_word' id='word_1_785' title='bbox 2649 5379 2794 5435; x_wconf 90' lang='lat' dir='ltr'><strong>idem</strong></span> <span class='ocrx_word' id='word_1_786' title='bbox 2841 5378 3178 5450; x_wconf 78' lang='lat' dir='ltr'><strong>signiﬁcare.</strong></span> <span class='ocrx_word' id='word_1_787' title='bbox 3216 5376 3338 5432; x_wconf 88' lang='lat' dir='ltr'><strong>Non</strong></span> <span class='ocrx_word' id='word_1_788' title='bbox 3377 5386 3560 5432; x_wconf 89' lang='lat' dir='ltr'><strong>autem</strong></span> 
     </span>
    </p>
   </div>
   <div class='ocr_carea' id='block_1_108' title="bbox 1988 5469 3565 5544">
    <p class='ocr_par' dir='ltr' id='par_1_108' title="bbox 1988 5469 3565 5544">
     <span class='ocr_line' id='line_1_108' title="bbox 1988 5469 3565 5544; baseline -0.005 -12"><span class='ocrx_word' id='word_1_789' title='bbox 1988 5476 2132 5532; x_wconf 91' lang='lat' dir='ltr'><strong>idem</strong></span> <span class='ocrx_word' id='word_1_790' title='bbox 2161 5489 2286 5530; x_wconf 90' lang='lat' dir='ltr'><strong>esse</strong></span> <span class='ocrx_word' id='word_1_791' title='bbox 2311 5472 2676 5529; x_wconf 89' lang='lat' dir='ltr'><strong>substantiam</strong></span> <span class='ocrx_word' id='word_1_792' title='bbox 2696 5481 2862 5542; x_wconf 88' lang='lat' dir='ltr'><strong>atque</strong></span> <span class='ocrx_word' id='word_1_793' title='bbox 2891 5469 3425 5544; x_wconf 77' lang='lat' dir='ltr'><strong>liypostasim,velut</strong></span> <span class='ocrx_word' id='word_1_794' title='bbox 3454 5469 3565 5524; x_wconf 80' lang='lat' dir='ltr'><strong>hae-</strong></span> 
     </span>
    </p>
   </div>
   <div class='ocr_carea' id='block_1_109' title="bbox 1983 5561 3561 5636">
    <p class='ocr_par' dir='ltr' id='par_1_109' title="bbox 1983 5561 3561 5636">
     <span class='ocr_line' id='line_1_109' title="bbox 1983 5561 3561 5636; baseline -0.003 -16"><span class='ocrx_word' id='word_1_795' title='bbox 1983 5565 2142 5621; x_wconf 83' lang='lat' dir='ltr'><strong>retici</strong></span> <span class='ocrx_word' id='word_1_796' title='bbox 2175 5574 2432 5622; x_wconf 90' lang='lat' dir='ltr'><strong>errantes</strong></span> <span class='ocrx_word' id='word_1_797' title='bbox 2472 5566 2686 5631; x_wconf 91' lang='lat' dir='ltr'><strong>dicunt,</strong></span> <span class='ocrx_word' id='word_1_798' title='bbox 2720 5582 2788 5621; x_wconf 87' lang='lat' dir='ltr'><strong>ex</strong></span> <span class='ocrx_word' id='word_1_799' title='bbox 2828 5566 2946 5636; x_wconf 88' lang='lat' dir='ltr'><strong>ipsa</strong></span> <span class='ocrx_word' id='word_1_800' title='bbox 2977 5565 3046 5619; x_wconf 90' lang='lat' dir='ltr'><strong>de</strong></span> <span class='ocrx_word' id='word_1_801' title='bbox 3071 5570 3259 5618; x_wconf 87' lang='lat' dir='ltr'><strong>sancta</strong></span> <span class='ocrx_word' id='word_1_802' title='bbox 3291 5561 3561 5616; x_wconf 87' lang='lat' dir='ltr'><strong>Trinitate</strong></span> 
     </span>
    </p>
   </div>
   <div class='ocr_carea' id='block_1_110' title="bbox 1983 5654 3558 5730">
    <p class='ocr_par' dir='ltr' id='par_1_110' title="bbox 1983 5654 3558 5730">
     <span class='ocr_line' id='line_1_110' title="bbox 1983 5654 3558 5730; baseline -0.001 -19"><span class='ocrx_word' id='word_1_803' title='bbox 1983 5659 2261 5730; x_wconf 79' lang='lat' dir='ltr'><strong>theologia</strong></span> <span class='ocrx_word' id='word_1_804' title='bbox 2311 5659 2528 5715; x_wconf 87' lang='lat' dir='ltr'><strong>discere</strong></span> <span class='ocrx_word' id='word_1_805' title='bbox 2555 5658 2706 5714; x_wconf 90' lang='lat' dir='ltr'><strong>licet.</strong></span> <span class='ocrx_word' id='word_1_806' title='bbox 2737 5657 2875 5714; x_wconf 89' lang='lat' dir='ltr'><strong>Cum</strong></span> <span class='ocrx_word' id='word_1_807' title='bbox 2913 5656 3063 5712; x_wconf 89' lang='lat' dir='ltr'><strong>enim</strong></span> <span class='ocrx_word' id='word_1_808' title='bbox 3094 5656 3267 5710; x_wconf 88' lang='lat' dir='ltr'><strong>Deum</strong></span> <span class='ocrx_word' id='word_1_809' title='bbox 3299 5654 3558 5714; x_wconf 87' lang='lat' dir='ltr'><strong>dicimus.</strong></span> 
     </span>
    </p>
   </div>
   <div class='ocr_carea' id='block_1_111' title="bbox 1979 5745 3556 5818">
    <p class='ocr_par' dir='ltr' id='par_1_111' title="bbox 1979 5745 3556 5818">
     <span class='ocr_line' id='line_1_111' title="bbox 1979 5745 3556 5818; baseline -0.005 -11"><span class='ocrx_word' id='word_1_810' title='bbox 1979 5767 2146 5808; x_wconf 89' lang='lat' dir='ltr'><strong>unam</strong></span> <span class='ocrx_word' id='word_1_811' title='bbox 2177 5751 2546 5806; x_wconf 89' lang='lat' dir='ltr'><strong>substantiam</strong></span> <span class='ocrx_word' id='word_1_812' title='bbox 2583 5757 2787 5806; x_wconf 70' lang='lat' dir='ltr'><strong>sancta:</strong></span> <span class='ocrx_word' id='word_1_813' title='bbox 2819 5747 3109 5809; x_wconf 83' lang='lat' dir='ltr'><strong>Trinitatis</strong></span> <span class='ocrx_word' id='word_1_814' title='bbox 3142 5745 3556 5818; x_wconf 85' lang='lat' dir='ltr'><strong>signiﬁcamus:</strong></span> 
     </span>
    </p>
   </div>
   <div class='ocr_carea' id='block_1_112' title="bbox 1979 5836 3557 5911">
    <p class='ocr_par' dir='ltr' id='par_1_112' title="bbox 1979 5836 3557 5911">
     <span class='ocr_line' id='line_1_112' title="bbox 1979 5836 3557 5911; baseline -0.008 -11"><span class='ocrx_word' id='word_1_815' title='bbox 1979 5860 2107 5900; x_wconf 91' lang='lat' dir='ltr'><strong>cum</strong></span> <span class='ocrx_word' id='word_1_816' title='bbox 2142 5859 2276 5899; x_wconf 88' lang='lat' dir='ltr'><strong>vero</strong></span> <span class='ocrx_word' id='word_1_817' title='bbox 2307 5844 2547 5899; x_wconf 91' lang='lat' dir='ltr'><strong>dicimus</strong></span> <span class='ocrx_word' id='word_1_818' title='bbox 2577 5843 2804 5911; x_wconf 73' lang='lat' dir='ltr'><strong>Patrem</strong></span> <span class='ocrx_word' id='word_1_819' title='bbox 2857 5849 2913 5896; x_wconf 91' lang='lat' dir='ltr'><strong>et</strong></span> <span class='ocrx_word' id='word_1_820' title='bbox 2943 5840 3144 5896; x_wconf 87' lang='lat' dir='ltr'><strong>Filium</strong></span> <span class='ocrx_word' id='word_1_821' title='bbox 3186 5845 3243 5894; x_wconf 89' lang='lat' dir='ltr'><strong>et</strong></span> <span class='ocrx_word' id='word_1_822' title='bbox 3285 5836 3557 5908; x_wconf 84' lang='lat' dir='ltr'><strong>Spiritum</strong></span> 
     </span>
    </p>
   </div>
   <div class='ocr_carea' id='block_1_113' title="bbox 1977 5928 3556 6007">
    <p class='ocr_par' dir='ltr' id='par_1_113' title="bbox 1977 5928 3556 6007">
     <span class='ocr_line' id='line_1_113' title="bbox 1977 5928 3556 6007; baseline -0.008 -14"><span class='ocrx_word' id='word_1_823' title='bbox 1977 5945 2252 6004; x_wconf 89' lang='lat' dir='ltr'><strong>sanctum,</strong></span> <span class='ocrx_word' id='word_1_824' title='bbox 2282 5945 2414 5992; x_wconf 89' lang='lat' dir='ltr'><strong>tunc</strong></span> <span class='ocrx_word' id='word_1_825' title='bbox 2445 5947 2556 5992; x_wconf 88' lang='lat' dir='ltr'><strong>tres</strong></span> <span class='ocrx_word' id='word_1_826' title='bbox 2580 5935 2904 6007; x_wconf 79' lang='lat' dir='ltr'><strong>hypostases</strong></span> <span class='ocrx_word' id='word_1_827' title='bbox 2927 5949 3023 5990; x_wconf 88' lang='lat' dir='ltr'><strong>seu</strong></span> <span class='ocrx_word' id='word_1_828' title='bbox 3058 5941 3171 5988; x_wconf 91' lang='lat' dir='ltr'><strong>tres</strong></span> <span class='ocrx_word' id='word_1_829' title='bbox 3201 5937 3466 6002; x_wconf 82' lang='lat' dir='ltr'><strong>personas</strong></span> <span class='ocrx_word' id='word_1_830' title='bbox 3501 5928 3556 5982; x_wconf 90' lang='lat' dir='ltr'><strong>in</strong></span> 
     </span>
    </p>
   </div>
   <div class='ocr_carea' id='block_1_114' title="bbox 367 6074 2744 6153">
    <p class='ocr_par' dir='ltr' id='par_1_114' title="bbox 367 6074 2744 6153">
     <span class='ocr_line' id='line_1_114' title="bbox 367 6074 2744 6153; baseline -0.002 -19"><span class='ocrx_word' id='word_1_831' title='bbox 367 6078 444 6150; x_wconf 82' lang='lat'><strong>(5)</strong></span> <span class='ocrx_word' id='word_1_832' title='bbox 481 6079 742 6138; x_wconf 80' lang='lat' dir='ltr'><strong>Notemus</strong></span> <span class='ocrx_word' id='word_1_833' title='bbox 767 6079 1067 6138; x_wconf 71' lang='lat' dir='ltr'><strong>Justiniani</strong></span> <span class='ocrx_word' id='word_1_834' title='bbox 1105 6080 1239 6152; x_wconf 86' lang='lat' dir='ltr'><strong>imp.</strong></span> <span class='ocrx_word' id='word_1_835' title='bbox 1269 6080 1540 6152; x_wconf 83' lang='lat' dir='ltr'><strong>scriptum</strong></span> <span class='ocrx_word' id='word_1_836' title='bbox 1571 6079 1720 6137; x_wconf 86' lang='lat' dir='ltr'><strong>aliud</strong></span> <span class='ocrx_word' id='word_1_837' title='bbox 1751 6078 1932 6153; x_wconf 81' lang='lat' dir='ltr'><strong>[cujus</strong></span> <span class='ocrx_word' id='word_1_838' title='bbox 1962 6077 2327 6151; x_wconf 83' lang='lat' dir='ltr'><strong>fragmentum</strong></span> <span class='ocrx_word' id='word_1_839' title='bbox 2351 6087 2530 6135; x_wconf 77' lang='lat' dir='ltr'><strong>exstat</strong></span> <span class='ocrx_word' id='word_1_840' title='bbox 2558 6074 2744 6150; x_wconf 79' lang='lat' dir='ltr'><strong>infra].</strong></span> 
     </span>
    </p>
   </div>
  </div>
