4112 6556
608 504 747 572 1139

1727 505 2170 575 IUSTINIANI
2210 515 2733 579 IMPERATOBIS

3735 519 3873 587 1140

604 631 717 683 una
757 636 954 682 natura
999 628 1307 684 divinitatis
1358 629 1606 700 cognitas
1656 632 2040 702 proponimus.
2108 633 2174 688 Ita

2290 637 2386 691 καὶ
2419 637 2570 701 Υίὸν,
2595 637 2692 692 καὶ
2721 636 2877 706 ἅγιον
2893 636 3140 708 Πνεῦμα,
3167 637 3288 691 τότε
3324 637 3423 703 τὰς
3453 640 3606 710 τρεῖς
3629 639 3868 696 ὑποστά-

601 717 748 773 enim
775 718 891 787 ipsa
926 733 1028 773 nos
1055 719 1248 773 docuit
1279 735 1382 774 vox
1415 719 1602 774 divina
1633 720 1827 777 dicens
1859 740 1871 776 :
1903 721 2186 779 Faciamus

600 811 863 864 hominem
879 811 947 862 ad
959 810 1246 882 imaginem
1261 819 1311 864 et
1324 812 1724 868 similitudinem
1745 822 1983 868 nostram
1996 817 2045 870 η.
2075 816 2185 871 Vox

600 907 784 956 autem
811 901 1070 972 faciamus
1090 918 1198 956 non
1221 911 1307 958 cst
1331 903 1497 958 unius
1521 919 1773 974 persona:
1794 905 2181 976 signiﬁcativa,

595 995 750 1066 juxta
775 995 1000 1050 Sabellii
1042 995 1347 1064 insaniam;
1375 997 1665 1067 pluraliter
1684 998 1834 1053 enim
1861 998 2029 1062 dicta,
2059 1014 2185 1053 san-

599 1097 702 1143 eta:
739 1087 1028 1142 Trinitatis
1069 1088 1504 1144 demonstrativa
1530 1097 1636 1145 est.
1669 1089 1751 1145 Ad
1776 1091 2063 1161 imaginem
2087 1106 2180 1144 au-

599 1188 706 1233 tem
737 1189 995 1246 nostram,
1033 1197 1198 1235 unam
1228 1181 1598 1237 substantiam
1633 1182 2094 1246 ostenditPatris,
2127 1190 2185 1236 et

601 1271 745 1338 Filii,
774 1282 830 1327 et
850 1273 1088 1344 Spiritus
1111 1274 1320 1341 sancti;
1356 1273 1626 1328 uouenim
1652 1273 1880 1328 dixitad
1901 1275 2179 1345 imagines,

596 1381 667 1420 ne
697 1365 945 1422 diversas
974 1367 1310 1422 substantias
1346 1367 1402 1422 in
1433 1368 1707 1422 Trinitate
1745 1366 2178 1437 suspicaremur,

2291 747 2426 793 σεις,
2463 731 2630 801 ῆτουν
2673 729 2744 784 τά
2777 729 2908 802 τρία
2958 731 3230 800 πρόσωπα
3276 730 3344 784 τὰ
3381 732 3439 784 ἐν
3469 734 3536 803 τῇ
3573 733 3673 803 μιᾷ
3710 731 3870 800 φύσει

2284 823 2384 894 τῆς
2432 822 2688 892 θεότητος
2721 821 3106 894 γνωριζόμενα
3141 822 3524 894 παριστῶμεν.
3560 822 3718 877 Οῦτω
3758 825 3870 896 γὰρ

2288 917 2438 986 ἡμᾶς
2476 915 2570 969 καὶ
2606 917 2640 988 ἠ
2670 914 2793 969 θεία
2821 915 3060 969 διδάσκει
3106 915 3280 986 φωνὴ·
3304 917 3337 985 ἡ
3379 915 3656 984 λέγουσα,
3689 916 3870 984 Ποιή-

2283 1020 2486 1075 σωμεν
2517 1005 2837 1074 ἄνθρωπον
2866 1006 2995 1060 κατ’
3037 1007 3245 1060 εἰκόνα
3274 1005 3575 1074 ἡμετέραν
3599 1008 3698 1063 καί
3738 1011 3870 1063 καθ’

2284 1097 2590 1163 ὁμοίωσιν.
2631 1096 2694 1150 Ἦ
2721 1096 2777 1150 δὲ
2800 1097 2952 1168 φωνὴ
2981 1096 3078 1150 τοῦ
3110 1096 3460 1165 ποιήσωμεν
3487 1098 3586 1168 οὐχ
3610 1099 3729 1161 ἑνός
3753 1100 3868 1153 ἐστι

2284 1183 2584 1256 προσώπου
2620 1186 2953 1256 σημαντικὴ.
2984 1186 3128 1241 κατά
3169 1185 3267 1258 τὴν
3311 1187 3604 1240 Σαϐελλίου
3640 1189 3862 1260 μανίανο

2284 1277 2668 1348 πληθυντικῶς
2699 1277 2810 1349 γὰρ
2839 1279 3130 1350 εἰρημένη.
3158 1278 3257 1349 τῆς
3287 1278 3451 1343 ἁγίας
3493 1279 3727 1351 Τριὰδος
3751 1280 3864 1334 ἐστι

2279 1369 2574 1441 δηλωτική.
2618 1371 2729 1423 Καὶ
2773 1369 2833 1424 τὸ
2866 1370 2997 1425 κατ’
3044 1371 3250 1424 εἰκόνα
3301 1371 3358 1424 δὲ
3407 1372 3732 1439 ἡμετέραν,
3766 1373 3864 1442 τὴν

591 1459 748 1528 juxta
795 1458 912 1513 Arii
958 1459 1269 1525 insaniam;
1304 1459 1400 1515 sed
1440 1461 1510 1514 ad
1553 1461 1862 1530 imaginem,
1903 1467 1964 1514 ut
2012 1475 2174 1514 unam

2284 1461 2413 1534 μίαν
2448 1461 2636 1516 οὐσίαν
2653 1461 2804 1533 δηλοῖ
2832 1461 3064 1533 Πατρὸς.
3090 1461 3185 1516 καὶ
3208 1459 3363 1528 Υίοῦ,
3389 1463 3483 1515 καὶ
3515 1463 3674 1532 ἁγίου
3694 1463 3864 1516 Πνεῦ-

596 1552 960 1606 substantiam
980 1561 1146 1622 atque
1167 1553 1700 1610 consubstantialem
1717 1553 2038 1608 ostenderet
2057 1568 2174 1607 san-

2283 1569 2454 1622 ματος
2479 1568 2493 1583 ·
2534 1552 2596 1606 οὐ
2626 1551 2736 1623 γὰρ
2777 1548 2953 1616 εἶπεν,
2987 1552 3116 1605 κατ’
3142 1553 3405 1618 εἰκόνας.
3442 1552 3530 1605 ἵνα
3577 1553 3653 1624 μὴ
3681 1552 3866 1623 6:01:96—

594 1653 740 1698 etam
772 1644 1122 1700 Trinitatem.
1156 1645 1434 1701 Hominem
1489 1646 1561 1701 ad
1607 1645 1892 1716 imaginem
1940 1653 2174 1700 nostram

2284 1661 2411 1716 ρους
2463 1643 2562 1708 τὰς
2609 1643 2798 1708 οὐσίας
2843 1644 2944 1715 τῆς
2987 1643 3219 1716 Τριὰδος
3259 1645 3675 1715 ὑπονοήσωμεν,
3726 1644 3869 1697 κατὰ

595 1738 921 1794 rationalem
963 1749 1218 1794 naturam
1249 1739 1612 1794 humanitatis
1652 1738 2174 1810 signiticavit,juxta

2279 1737 2380 1808 τὴν
2421 1735 2635 1808 ’Λρείου
2674 1735 2892 1807 μανίαψ
2927 1735 3084 1811 ἀλλά,
3139 1735 3270 1789 κατ’
3319 1737 3552 1801 εἰκόνα,
3597 1737 3687 1790 τνα
3734 1738 3867 1808 μίαν

592 1847 755 1901 quam
781 1832 961 1902 imago
982 1832 1078 1887 Dei
1105 1848 1336 1899 sumus;
1364 1847 1476 1887 non
1505 1833 1654 1888 enim
1689 1832 1827 1886 dixit
1853 1850 1865 1885 :
1899 1831 2174 1886 Faciamus

2279 1829 2468 1885 οὐσίαν
2491 1831 2587 1883 καὶ
2618 1829 2908 1901 ὁμοούσιον
2936 1829 3087 1902 δείξῃ
3117 1829 3217 1900 τὴν
3254 1829 3419 1898 ἁγίαν
3453 1830 3662 1902 Τριᾶδα
3685 1847 3702 1862 ·
3731 1829 3790 1884 τὸ
3811 1831 3866 1886 δὲ

590 1925 751 1988 hunc,
780 1939 851 1979 ne
882 1939 1118 1993 persona
1150 1924 1530 1995 intelligatur;
1567 1924 1661 1978 sed
1683 1924 1862 1978 dixit:
1895 1923 2174 1978 Faciamus

2281 1923 2478 1989 εἰπεῖν,
2513 1920 2641 1976 κατ’
2678 1921 2882 1975 εἰκόνα
2910 1919 3207 1990 ἡμετέραν
3238 1921 3348 1976 τὸν
3394 1921 3736 1990 ἄνθρωπον,
3767 1921 3866 1990 τὴν

591 2017 877 2079 hominem,
905 2023 967 2070 ut
1008 2016 1298 2071 rationalis
1321 2025 1520 2072 natura
1550 2016 1914 2072 humanitatis
1946 2016 2174 2072 demon-

2282 2014 2602 2085 νοερὰν.τῆς
2647 2013 3072 2084 ἅνθρωπότητος
3110 2013 3274 2083 φύσιν
3315 2016 3616 2087 ἐσήμανεν,
3644 2015 3771 2070 καθ’
3799 2016 3866 2086 ἢν

591 2116 885 2162 straretur.
907 2106 1064 2162 Tunc
1086 2116 1268 2163 autem
1298 2108 1617 2180 hypostases
1639 2122 1952 2178 proponere
1975 2107 2172 2172 voluit,

2283 2107 2451 2176 ἐσμεν
2478 2104 2642 2160 εἰκὼν
2688 2103 2783 2158 τοῦ
2824 2103 2994 2158 Θεοῦ·
3046 2105 3108 2158 οὐ
3140 2105 3250 2178 γὰρ
3297 2101 3476 2172 εἶπεν,
3508 2107 3868 2174 Ποιήσωμεν

593 2215 716 2252 cum
747 2200 1052 2254 masculum
1085 2209 1142 2255 et
1180 2201 1467 2265 feminam,
1493 2201 1763 2255 Adamum
1795 2208 1851 2255 et
1883 2200 2053 2255 Evam
2081 2215 2174 2255 vo-

2280 2189 2474 2267 τόνδε,
2517 2200 2606 2252 ἳνα
2656 2199 2730 2270 μὴ
2765 2197 3058 2269 πρόσωπον
3103 2197 3296 2270 νοηθῇ,
3329 2199 3446 2251 ἀλλ’
3478 2192 3652 2265 εἶπεν,
3688 2199 3866 2264 Ποιήο

591 2291 760 2354 cavit,
797 2293 943 2361 quod
969 2302 1057 2348 est
1090 2308 1341 2363 persona:
1378 2310 1475 2349 seu
1509 2295 1854 2366 hypostases.

2280 2306 2482 2360 σωμεν
2509 2289 2843 2358 ἄνθρωπον,
2881 2289 2968 2342 ἵνα
3017 2290 3052 2360 ἡ
3097 2291 3260 2361 νοερὰ
3308 2290 3412 2360 τῆς
3440 2290 3864 2362 ἁνθρωπύτητος

592 2380 754 2449 φύσις
787 2382 998 2455 δηλωθῇ
1028 2400 1042 2414 ·
1077 2384 1170 2437 ὅτε
1216 2385 1271 2437 δὲ
1303 2385 1400 2449 τὰς
1445 2385 1774 2449 ὑποστάσεις
1821 2383 2173 2455 παραστῆσαι
2211 2382 2512 2454 ἠϐουλήθη,
2547 2380 2671 2434 τότε
2735 2380 2798 2434 τὸ
2840 2380 3010 2453 ἄρρεν
3073 2381 3167 2435 καὶ
3199 2381 3354 2454 θῆλυ,
3391 2382 3566 2454 Ἀδὰμ
3595 2385 3694 2436 καὶ
3720 2380 3864 2438 Ebus-

591 2477 879 2542 ἐκάλεσεν,
909 2479 1046 2551 ὅπερ
1080 2480 1195 2532 ἐστὶ
1229 2480 1500 2549 πρόσωπα
1540 2480 1704 2553 ἥτουν
1744 2479 2093 2542 ὑποστάσεις.

661 2572 796 2642 Quis
831 2588 962 2628 vero
991 2589 1102 2628 non
1145 2575 1377 2630 miretur
1430 2575 1817 2630 haereticorum
1858 2573 2173 2630 absurdita-

592 2675 701 2720 tem
738 2666 999 2721 unionem
1028 2669 1419 2732 asscreutium,
1446 2669 1681 2738 ideoque
1705 2668 2088 2724 diversitatem
2115 2667 2172 2723 in

589 2758 813 2815 Christo
839 2768 1163 2815 naturarum
1192 2761 1576 2816 confitentium
1597 2802 1611 2828 ,
1639 2777 1705 2817 ae
1748 2775 2042 2816 numerum
2076 2759 2170 2830 qui

589 2852 952 2923 consequitur
998 2869 1065 2908 ex
1105 2853 1424 2910 diversitate
1467 2854 1751 2910 unitorum
1778 2852 2171 2909 diﬂitentium?

587 2944 888 3000 Evidenter
924 2945 978 2999 in
1004 2945 1108 3000 hoc
1124 2946 1737 3017 tegrotautApollinarii
1771 2946 2022 3012 insania;
2052 2945 2170 3001 haec

587 3037 735 3092 enim
759 3038 896 3094 dicit
915 3039 970 3093 in
994 3038 1302 3094 ratiociniis
1324 3055 1444 3110 qure
1465 3041 1582 3111 ipse
1609 3040 1830 3112 scripsit
1855 3057 1868 3094 :
1899 3038 2169 3094 «Diversae

590 3131 959 3200 proprietates
1005 3131 1059 3186 in
1093 3148 1262 3186 unum
1289 3134 1596 3204 conjuncta;
1630 3133 1875 3189 medium
1912 3134 2069 3196 ﬁunt,
2103 3141 2167 3188 ut

2348 2567 2435 2639 IP.
2473 2565 2628 2639 256.]
2647 2566 2744 2631 Τίς
2765 2564 2821 2620 δέ
2855 2567 2956 2621 οὐκ
2980 2567 3048 2622 ἂν
3083 2567 3420 2640 θαυμάσειεν
3451 2567 3552 2640 τὴν
3574 2569 3688 2622 τῶν
3709 2571 3862 2641 αἰρε-

2276 2658 2730 2727 τικῶνὰλογίαν’;
2774 2660 2898 2712 Ὀτι
2930 2659 3128 2714 ἕνωσιν
3156 2660 3429 2730 λέγοντες,
3472 2660 3568 2714 καὶ
3611 2661 3710 2732 τὴν
3748 2662 3864 2716 δια-

2279 2750 2454 2822 φορὰν
2478 2751 2588 2805 τῶν
2611 2753 2670 2804 ἐν
2690 2751 2911 2824 Χριστῷ
2937 2750 3154 2823 φύσεών
3181 2753 3329 2807 ἐστιν
3344 2753 3432 2807 ὅτε
3453 2752 3863 2823 ὁμολογοῦντες,

2284 2842 2582 2916 ἀρνοῦνται
2612 2843 2703 2897 τὸν
2737 2845 2801 2897 ἐκ
2829 2844 2931 2915 τῆς
2963 2844 3232 2916 διαφορᾶς
3257 2845 3366 2898 τῶν
3405 2845 3707 2917 ἡνωμένων
3727 2862 3864 2918 πρα-

2275 2937 2504 3008 γμάτων
2537 2937 2894 3007 εἰσαγόμενον
2923 2937 3193 3010 ἁριθμόν;
3227 2937 3423 3007 Σαφῶς
3465 2939 3561 2992 καὶ
3593 2940 3654 2992 ἐν
3691 2939 3868 3010 τούτῳ

2273 3030 2375 3103 τὴν
2427 3031 2809 3099 Ἀπολιναρίου
2859 3031 3145 3096 νοσοῦντες
3200 3031 3440 3102 μανίαν·
3483 3031 3632 3101 λέγει
3677 3033 3793 3106 γὰρ
3835 3034 3864 3086 ό

2273 3121 2436 3187 αὐτὸς
2479 3122 2863 3192 Ἀπολινάριος
2906 3123 2964 3176 ἐν
3007 3125 3120 3187 τοῖς
3145 3126 3445 3195 γραφεῖσιν
3480 3124 3626 3196 αὐτῷ
3668 3125 3863 3178 συλλοο

589 3221 645 3275 in
676 3222 827 3276 mulo
867 3222 1009 3277 asini
1036 3231 1092 3278 et
1125 3223 1275 3293 equi,
1313 3225 1367 3278 in
1405 3225 1641 3280 czeruleo
1680 3226 1866 3280 colore
1894 3222 2169 3280 albediuis

2278 3217 2489 3286 γισμοϊς
2529 3215 2690 3270 τάδε·
2738 3232 2757 3266 ι
2792 3214 3109 3289 Μεσότητες
3151 3215 3396 3285 γίνονται
3434 3217 3711 3288 ίδιοτήτων
3742 3218 3862 3271 δια-

589 3323 646 3368 et
672 3315 1052 3385 nigritudinis,
1073 3324 1238 3385 atque
1260 3316 1313 3370 in
1336 3315 1506 3372 ve'rno
1525 3327 1772 3387 tempore
1797 3316 1997 3372 hiemis
2012 3324 2170 3371 testa-

591 3403 772 3473 iisque
817 3405 1129 3476 proprietas
1169 3405 1410 3461 videtur.
1441 3407 1663 3462 Nullum
1699 3416 1886 3463 autem
1927 3407 2171 3462 medium

593 3500 882 3564 utramque
916 3495 1240 3566 qualitatem
1282 3496 1450 3552 habet
1478 3513 1544 3552 ex
1569 3499 1717 3553 omni
1744 3510 1920 3569 parte,
1955 3498 2050 3554 sed
2085 3497 2171 3553 di-

592 3585 764 3640 midia
808 3595 965 3656 parte
1012 3586 1390 3642 commixtam.
1417 3588 1656 3644 Medium
1701 3605 1833 3645 vero
1867 3589 1964 3645 Dei
1995 3597 2051 3644 et
2076 3589 2176 3645 ho-

591 3677 802 3730 minum
852 3677 906 3730 in
934 3676 1180 3744 Christo,
1214 3694 1320 3734 nec
1354 3679 1522 3750 igitur
1555 3690 1641 3736 est
1668 3688 1817 3736 totus
1839 3680 2025 3745 homo,
2071 3695 2176 3736 nec

590 3768 757 3828 Deus.
794 3767 889 3821 sed
917 3767 1014 3822 Dei
1045 3776 1100 3823 et
1129 3769 1373 3825 hominis
1401 3769 1660 3826 mixtura.
1686 3792 1704 3824 ι
1743 3771 1954 3827 Deinde
1982 3788 2176 3828 rursus

542 3911 550 3917 ,
590 3858 647 3912 in
682 3865 918 3912 tractatu
970 3859 1060 3914 cui
1120 3859 1316 3915 titulus
1367 3860 1509 3915 Deus
1553 3863 1867 3916 incantatus
1912 3859 2172 3926 Christus,

589 3950 1022 4021 interrogatione
1041 3953 1508 4024 responsioneque
1527 3954 1803 4026 dialogum
1822 3969 2010 4025 agens,
2026 3962 2176 4024 post-

589 4060 754 4114 quam
801 4045 1173 4116 iuterrogatus
1215 4046 1330 4101 sit:
1370 4064 1388 4097 ‹
1423 4046 1566 4113 Quid
1599 4046 1774 4117 ergo?
1815 4060 1997 4100 nonne
2027 4046 2176 4101 Deus

588 4144 647 4190 et
672 4135 836 4191 homo
859 4143 944 4190 est
963 4134 1218 4192 Christus
1238 4137 1263 4191 ?
1287 4137 1382 4192 Vel
1429 4148 1560 4191 tune
1591 4137 1731 4192 dicis
1747 4136 2029 4192 Christum
2053 4151 2175 4192 esse

589 4227 800 4295 Deum,
861 4229 1039 4299 ipsum
1087 4246 1209 4285 esse
1259 4229 1539 4285 hominem
1591 4230 1873 4301 negans?»
1940 4230 2044 4284 hoc
2087 4229 2172 4284 di-

589 4321 706 4377 cit:
746 4341 763 4373 ι
798 4321 916 4377 Non
976 4323 1030 4378 in
1093 4324 1311 4379 duabus
1362 4323 1711 4388 substantiis,
1738 4322 1834 4378 sed
1883 4322 1940 4378 in
1997 4339 2170 4378 una.»

533 4421 538 4426 '
591 4412 716 4470 llazc
743 4431 873 4470 vero
904 4417 1196 4471 retulimus
1223 4427 1278 4471 ut
1306 4415 1671 4472 ostendamus
1701 4415 2032 4486 Acephalos,
2072 4417 2176 4471 im-

592 4508 698 4578 piis
726 4509 1049 4580 Apollinarii
1095 4509 1447 4579 dogmatibus
1501 4509 1905 4579 obsequentes,
1968 4524 2078 4564 non
2116 4511 2170 4565 in

508 4638 517 4647 -
593 4601 810 4658 duabus
849 4603 1064 4658 naturis
1110 4617 1232 4657 esse
1271 4601 1552 4658 Christum
1601 4610 1764 4672 atque
1797 4603 2042 4672 agnosci,
2075 4603 2171 4658 sed

593 4692 648 4745 in
668 4707 774 4746 una
795 4691 1048 4748 conﬁteri
1073 4710 1088 4758 ;
1121 4692 1224 4748 etsi
1255 4692 1428 4747 sancti
1456 4692 1643 4748 Patres
1662 4692 1835 4746 nostri
1864 4693 1931 4747 de
1969 4694 2172 4748 unione

595 4779 861 4834 ineffabili
886 4780 1191 4836 divinitatis
1220 4790 1386 4852 atque
1410 4781 1770 4837 humanitatis
1803 4781 2031 4848 Christi,
2058 4797 2168 4838 non

2273 3307 2458 3381 φόρων
2507 3308 2588 3370 εἰς
2645 3307 2704 3362 ἓν
2745 3307 3142 3370 συνελθουσῶν,
3183 3308 3261 3372 ὡς
3303 3309 3362 3362 ἐν
3410 3309 3621 3379 ἡμιόνῳ
3660 3307 3862 3380 ιδιότης

2272 3399 2394 3454 ὸνου
2423 3400 2519 3455 καὶ
2539 3399 2736 3467 ἵππου,
2766 3399 2864 3453 καὶ
2896 3400 2955 3454 ἐν
2978 3396 3200 3471 γλαυκῷ
3226 3399 3477 3471 χρώματι
3513 3399 3714 3469 ἰδιότης
3737 3399 3858 3455 λευο

2275 3491 2375 3547 κοῦ
2410 3493 2504 3546 καὶ
2539 3491 2791 3563 μέλανος,
2830 3492 2927 3545 καὶ
2963 3493 3021 3544 ἐν
3058 3491 3181 3564 ἁέρι
3227 3492 3495 3564 χειμῶνος
3540 3494 3635 3546 καὶ
3667 3492 3862 3564 θέρους

2278 3586 2476 3658 ἰδιότης
2515 3585 2616 3658 ἔαρ
2649 3584 3025 3657 ἐργαζομένη·
3063 3584 3291 3656 οὐδεμία
3336 3584 3394 3638 δὲ
3440 3585 3682 3656 μεσότης
3724 3586 3860 3640 ἐκα-

2275 3676 2442 3748 τέρας
2469 3675 2584 3748 ἔχει
2610 3677 2710 3740 τὰς
2740 3677 3051 3748 ἀκρότητας
3085 3677 3145 3741 ἐξ
3174 3676 3494 3747 ὁλοκλήρου,
3531 3677 3670 3731 ἀλλὰ
3703 3695 3860 3750 μερι-

2277 3769 2892 3840 κῶςεέπιμεμιγμένας.
2929 3769 3180 3840 Μεσότης
3213 3769 3269 3823 δὲ
3313 3768 3450 3822 Θεοῦ
3507 3771 3603 3824 καὶ
3647 3769 3857 3842 ἀνθρὼ-

2278 3879 2395 3916 πων
2428 3861 2488 3916 ἐν
2530 3860 2770 3933 Χριστῷ,
2800 3862 2901 3916 οὐκ
2929 3861 3039 3933 ἄρα
3073 3859 3195 3915 οὔτε
3229 3860 3521 3933 ἄνθρωπος
3549 3862 3695 3926 ὅλος,
3733 3860 3858 3916 οὔτε

2274 3957 2429 4022 Θεὸς,
2459 3957 2595 4012 ἀλλᾶ
2623 3957 2758 4011 Θεοῦ
2792 3959 2886 4011 καὶ
2928 3956 3216 4031 ἀνθρώπου
3265 3957 3432 4028 μίξις.
3468 3976 3488 4010 ι
3528 3953 3663 4012 Εἶτα
3699 3958 3860 4012 πάλιν

2275 4049 2333 4102 ἐν
2361 4047 2438 4120 τῷ
2469 4049 2615 4121 λόγῳ
2648 4049 2813 4104 αὑτοῦ
2844 4049 2921 4122 τῷ
2955 4050 3428 4121 ἐπιγεγραμμένῳ
3469 4051 3552 4104 ὅτι
3583 4051 3732 4117 Θεὸς
3756 4048 3857 4103 ἕνα

2275 4157 2502 4210 σαρκος
2534 4145 2567 4197 ό
2608 4143 2880 4213 Χριστὸς.
2923 4143 3062 4196 κατὰ
3093 4143 3288 4196 πεῦσιν
3318 4141 3413 4196 καὶ
3443 4143 3742 4213 ἀπόκρισιν
3769 4140 3859 4194 τὸν

2273 4233 2520 4303 διάλογον
2555 4233 2902 4304 ποιούμενος,
2952 4232 3366 4305 ἐπερωτηθείς·
3410 4253 3429 4286 ι
3471 4233 3537 4286 Τί
3555 4229 3691 4299 οὖνς
3739 4233 3860 4303 οὐχὶ

2276 4327 2370 4379 καὶ
2393 4325 2526 4390 Θεὸς
2561 4327 2658 4379 καὶ
2691 4326 2976 4398 ἄνθρωπός
3012 4327 3162 4379 ἐστιν
3197 4327 3226 4380 ὁ
3254 4327 3492 4397 Χριστὸς
3517 4365 3532 4392 ,
3563 4325 3596 4396 ἢ
3622 4325 3758 4379 Θεὸν
3793 4326 3858 4380 σὺ

2274 4417 2457 4486 λέγεις
2490 4418 2580 4472 τὸν
2606 4418 2865 4490 Χριστὸν,
2893 4419 3226 4488 ἀρνούμενος
3251 4419 3414 4471 αὑτὸν
3439 4417 3534 4472 καὶ⁸
3566 4417 3860 4488 ἄνθρωπον

2278 4504 2449 4577 εἷναι;
2485 4528 2503 4561 ι
2539 4509 2690 4578 λέγει
2743 4509 2868 4564 τάδε
2904 4525 2918 4540 ο
2961 4528 2978 4561 ι
3016 4509 3131 4562 Οὐκ
3175 4507 3234 4562 ἐν
3259 4507 3353 4562 δύο
3383 4508 3615 4574 οὐσίαις,
3650 4507 3770 4563 ἁλλ’
3802 4509 3859 4560 ἐν

2279 4602 2402 4673 μιᾷ.
2435 4620 2454 4653 ι
2487 4601 2675 4656 Ταῦτα
2706 4601 2765 4655 δὲ
2793 4601 3199 4674 παρηγάγομεν
3226 4599 3315 4654 ἴνα
3341 4600 3610 4671 δείξωμεν
3639 4600 3724 4653 ὅτι
3748 4600 3860 4661 τοῖς

2284 4693 2663 4764 Ἀπολιναρῖου
2712 4695 2970 4763 πονηροῖς
3036 4691 3464 4755 ἀκολουθοῦντες
3513 4689 3782 4760 δόγμασιν
3809 4689 3859 4741 oi.

2282 4785 2594 4856 ’Δκέφαλοι,
2616 4786 2715 4857 οὐχ
2747 4783 3103 4857 ὁμολογοῦσιν
3137 4787 3194 4838 ἐν
3225 4783 3319 4838 δύο
3357 4781 3569 4845 οὐσίαις
3594 4779 3738 4835 εἶναι
3767 4780 3860 4834 καὶ

597 4890 761 4929 unam
796 4884 1050 4931 naturam
1091 4875 1345 4941 tradant,
1394 4876 1490 4931 sed
1524 4891 1815 4932 numerum
1846 4885 2169 4932 naturarum

2278 4878 2632 4949 γνωρίζεσθαι
2661 4879 2753 4931 τὸν
2797 4877 3056 4950 Χριστὸν,
3097 4876 3214 4932 ἀλλ’
3243 4877 3303 4931 ἐν
3351 4876 3485 4946 μιᾷ·
3534 4874 3715 4928 καίτοι
3749 4872 3859 4926 τῶν

596 4967 870 5022 unitarum
904 4967 1157 5023 confiteri
1187 4984 1289 5024 nos
1319 4969 1576 5024 doceant.

2268 4971 2439 5041 ἁγίων
2487 4973 2644 5041 ἡμᾶν
2693 4970 2954 5042 Πατέρων
3005 4969 3098 5024 ἐπὶ
3149 4968 3252 5038 τῆς
3286 4967 3571 5038 ἀφράστου
3603 4964 3854 5027 ῑνὼσεως

593 5060 693 5130 τῆς
729 5060 982 5137 θεότητος
1028 5060 1126 5114 καὶ
1161 5061 1263 5131 τῆς
1309 5060 1732 5132 ἀνθρωπότητος
1773 5063 1866 5114 τοῦ
1901 5063 2161 5132 Χριστοῦ,
2201 5062 2263 5117 οὐ
2303 5063 2433 5135 μίαν
2465 5062 2628 5133 φύσιν
2693 5061 3124 5132 παραδιδόντων,
3152 5059 3293 5115 ἁλλὰ
3357 5059 3451 5113 τὸν
3474 5056 3713 5130 ἀριθμὸν
3747 5055 3858 5109 τῶν

595 5151 900 5206 ἐνωθεισῶν
929 5152 1146 5221 φύσεων
1185 5153 1471 5223 ὁμολογεῖν
1501 5155 1650 5224 ἡμᾶς
1681 5153 2062 5209 διδασκόντων.

663 5245 904 5300 Evidens
922 5259 1053 5316 ergo
1077 5253 1326 5301 remanet
1369 5245 1661 5302 hmreticos
1705 5262 1995 5302 numerum
2035 5262 2172 5302 con-

591 5342 909 5412 junctorum
935 5353 1160 5409 negare,
1192 5338 1455 5394 unionem
1481 5339 1652 5409 ipsam
1681 5340 2174 5404 evertere,Deum-

593 5447 702 5502 que
727 5439 782 5486 et
812 5431 1090 5486 hominem
1119 5431 1187 5485 ad
1222 5431 1579 5503 decipiendos
1611 5434 1977 5504 simpliciores
2009 5431 2172 5488 Chri-

595 5531 740 5578 stum
767 5521 950 5577 dicere
972 5539 985 5587 ;
1005 5523 1049 5577 si
1067 5523 1214 5578 enim
1234 5539 1363 5579 vere
1379 5524 1631 5581 dicerent
1647 5527 1818 5582 Deum
1837 5525 2167 5596 perfectum,

594 5614 840 5684 perlectu
850 5629 1009 5684 mque
1030 5614 1308 5671 hominem
1326 5617 1761 5683 esseChristum,
1781 5618 2011 5673 evidens
2025 5625 2171 5672 esset

597 5705 736 5760 duas
765 5719 984 5776 quoque
1009 5714 1233 5762 naturas
1264 5710 1464 5764 salvari
1487 5710 1542 5765 in
1567 5710 1707 5780 ipso,
1735 5709 1859 5766 illos
1886 5710 2174 5766 confessu-

597 5814 690 5858 ros
730 5815 873 5856 esse.
904 5799 1022 5854 Non
1055 5800 1387 5858 conﬁtentes
1408 5810 1592 5858 autem
1616 5817 1907 5857 numerum
1937 5800 2166 5871 conjun-

665 5962 852 6022 “Gen.
880 5983 920 6035 ι,
951 5967 1039 6023 ‘26.

2351 5245 2450 5319 [P.
2481 5242 2641 5316 257.]
2694 5243 2856 5314 Δῆλοι
2883 5239 2976 5297 οὗν
3009 5241 3336 5297 καθεστᾶσιν
3365 5240 3416 5294 οἱ
3446 5237 3746 5311 αίρετικοὶ,
3765 5238 3858 5290 τὸν

2278 5339 2514 5412 ἀριθμὸν
2541 5338 2651 5392 τῶν
2677 5337 3038 5391 συνελθόντων
3063 5334 3407 5406 πραγμάτων
3431 5331 3855 5402 ἀπαρνούμενοι,

2278 5434 2375 5487 καὶ
2404 5431 2574 5503 αὐτὴν
2605 5429 2701 5503 τὴν
2730 5429 2926 5484 ἕνωσιν
2957 5427 3332 5501 ἀναιροῦντες,
3363 5425 3459 5479 καὶ
3487 5424 3622 5478 Θεὸν
3650 5423 3746 5478 καὶ
3769 5423 3860 5478 dvo

2279 5522 2498 5596 θρωπον
2531 5523 2624 5578 τὸν
2675 5521 2911 5594 Χριστὸν
2975 5521 3112 5592 πρὸς
3169 5519 3388 5590 ἀπάτην
3442 5517 3696 5586 λέγοντες
3751 5513 3860 5567 τῶν

2282 5615 2670 5686 ἁπλουστέρων
2692 5630 2704 5643 ·
2725 5614 2776 5668 εἰ
2803 5613 2912 5685 γὰρ
2941 5613 3086 5667 κατὰ
3112 5612 3373 5684 ἀλήθειαν
3403 5609 3595 5679 ἔλεγον
3617 5608 3752 5662 Θεὸν
3774 5607 3862 5660 τέο

2276 5707 2421 5761 λειον
2474 5708 2572 5761 καὶ
2618 5706 2908 5778 ἄνθρωπον
2953 5705 3162 5759 τέλειον
3221 5705 3316 5759 τὸν
3357 5703 3631 5774 Χριστὸν,
3696 5699 3857 5769 δῆλον

2276 5799 2358 5853 ὅτι
2383 5799 2479 5854 καὶ
2506 5801 2606 5864 τὰς
2634 5798 2729 5854 δύο
2750 5798 2940 5863 οὐσίας
2965 5798 3023 5853 ἐν
3041 5797 3194 5870 αὐτῷ
3214 5795 3486 5863 σώζεσθαι
3510 5789 3854 5867 ὡμολόγουν·
