4088 6560
551 481 688 549 1143
1634 490 2077 553 JUSTINIANI

2191 492 2644 558 [PERATORIS
3100 564 3105 571 ,
3671 507 3698 575 ι
3713 508 3827 574 ut

613 596 658 653 1.
693 597 754 655 Si
789 597 917 670 quis
947 611 1057 653 non
1086 599 1383 655 conﬁtetur
1406 610 1613 657 sancta:
1640 601 1932 658 Trinitatis
1956 617 2093 657 unan

2191 645 2200 664 ,
2298 604 2380 660 A'.
2440 605 2510 659 Et
2539 623 2623 671 τις
2654 606 2753 678 οὐχ
2781 609 3039 680 ὁμολογεῖ
3076 613 3177 684 τῆς
3218 613 3383 683 ἀγίας
3407 614 3641 685 Τριάδος
3682 618 3828 688 μίαν

544 690 937 758 substantiam,
995 691 1210 747 scilicet
1232 700 1487 748 naturam
1512 701 1571 749 et
1610 692 1965 749 divinitatem
1993 733 2009 760 ,
2069 694 2093 749 in

2226 698 2448 768 οὑσίαν,
2483 699 2740 755 τουτέστι
2781 700 2946 773 φύσιν
2973 704 3069 759 καὶ
3095 703 3350 779 θεότητα,
3384 707 3445 761 ἐν
3472 709 3656 779 τρισὶν
3678 710 3828 765 ὑπο-

543 784 725 840 trlbus
750 784 1141 856 hypostasibus
1163 785 1250 841 vel
1285 786 1560 857 personis,
1601 785 1817 842 scilicet
1855 785 1913 841 in
1939 787 2093 842 Patre

2228 789 2511 856 στάσεσιν,
2561 790 2727 863 ήτουν
2762 792 3111 863 προσώποις,
3140 797 3284 870 ὅπερ
3323 799 3475 854 ἐστὶν
3511 801 3574 854 ὲν
3608 802 3826 874 Ηατρὶ,

540 885 597 932 et
641 876 801 944 Filio,
834 886 892 934 ει
913 878 1129 949 Spiritu
1176 888 1374 935 sancto
1425 878 1787 946 adorandam,
1827 878 2093 935 anathema

2224 881 2318 935 καὶ
2338 882 2581 953 Titium!
2606 884 3052 960 ἀγίῳΠνεύματι
3075 880 3522 964 προσκυνεῖσθαι,
3546 893 3815 968 ἀνάθεμα

541 969 635 1024 sit.

2222 973 2385 1029 ἔστω.

609 1062 674 1117 ll.
715 1061 773 1117 Si
804 1062 930 1132 quis
962 1061 1170 1117 dixerit
1204 1062 1379 1119 Deum
1410 1064 1653 1120 Verbum
1698 1064 1817 1121 sive
1849 1064 2093 1136 Spiritum

2293 1066 2370 1122 θ’.
2426 1069 2496 1123 Et
2524 1088 2611 1135 τις
2641 1071 2797 1141 λέγει
2832 1073 2926 1130 τὸν
2960 1074 3097 1131 Θεὸν
3127 1077 3302 1149 Λόγον
3331 1079 3367 1151 ἢ
3400 1079 3464 1136 τὸ
3486 1081 3717 1155 Πνεῦμα
3755 1084 3823 1139 se

538 1163 792 1211 sanctum
824 1162 1142 1211 creaturam
1165 1170 1309 1221 esse,
1338 1157 1426 1212 vel
1448 1157 1585 1213 alias
1607 1158 1952 1214 substantias
1973 1174 2089 1230 pra;

2221 1160 2377 1230 ἅγιον
2430 1162 2638 1234 κτίσμα
2682 1161 2864 1233 εἶναι,
2936 1166 2971 1239 ἢ
3034 1169 3232 1243 ἑτέρας
3268 1173 3462 1240 οὑσίας
3506 1175 3664 1250 παρά
3706 1177 3821 1249 τὴν

539 1260 623 1302 ter
643 1248 1009 1303 substantiam
1037 1247 1236 1314 Patris,
1264 1249 1561 1304 anathema
1586 1249 1679 1305 sit.

2218 1251 2313 1305 τοῦ
2343 1253 2579 1324 Πατρὺς,
2616 1256 2870 1328 ἀνάθεμα
2894 1258 3058 1315 ἔστω.

606 1342 694 1396 Ill.
711 1340 769 1395 Si
786 1341 910 1412 quis
925 1339 1396 1397 dixeriteumdem
1414 1357 1537 1398 esse
1553 1342 1798 1408 Patrem,
1816 1352 1874 1400 et
1893 1342 2091 1399 Filium

2289 1341 2365 1400 Γ’.
2417 1345 2484 1398 El
2512 1363 2598 1409 τις
2633 1348 2727 1401 τὸν
2762 1349 2925 1404 αὑτὸν
2960 1350 3108 1421 λέγει
3147 1355 3396 1429 Πατέρα,
3420 1359 3519 1415 καὶ
3551 1361 3682 1415 Υίδν
3711 1362 3821 1416 καὶ

535 1434 875 1504 etSpiritum
929 1444 1202 1499 sanctum,
1253 1450 1417 1490 unam
1461 1451 1759 1506 personam
1797 1452 2093 1507 supponen:

2217 1435 2373 1505 ἅγιον
2409 1436 2660 1506 Πνεῦμα,
2697 1439 2757 1495 ἓν
2804 1442 3101 1513 πρόσωπον
3142 1447 3504 1521 πολυώνυμον
3546 1454 3815 1509 ὑποτιθέ-

538 1527 793 1596 pluribus
821 1526 1167 1592 nominibus,
1202 1540 1481 1595 unamque
1512 1525 1854 1598 hypostasim
1878 1524 1983 1580 sub
2011 1525 2093 1580 tria

2218 1545 2385 1599 μενος
2404 1570 2420 1596 ,
2473 1533 2571 1587 καὶ
2605 1533 2736 1605 μίαν
2762 1534 3064 1593 ὑπόστασιν
3096 1540 3208 1596 ὑπὸ
3238 1542 3408 1614 τριῶν
3432 1545 3682 1616 κλήσεων
3710 1550 3817 1601 ὲκ-

536 1619 642 1673 hus
665 1617 1135 1688 appellationibus
1187 1618 1522 1684 invocatam,
1563 1617 1716 1673 hunc
1745 1617 1802 1672 in
1830 1616 2003 1688 parte'
2024 1617 2093 1674 Ju

2215 1624 2594 1697 φωνουμένην,
2612 1626 2708 1681 τὸν
2734 1627 2979 1684 τοιοῦτον
3009 1631 3069 1686 ἐν
3087 1635 3154 1704 τῇ
3184 1636 3364 1707 μερίδι
3392 1637 3506 1694 τῶν
3529 1640 3817 1696 Ἰουδαίων

532 1711 778 1766 daeorum
806 1709 1066 1780 ponimus
1101 1718 1268 1780 atque
1299 1709 1856 1765 anathematizamus.

2212 1714 2488 1786 τάσσομεν
2518 1721 2615 1771 καὶ
2642 1717 3141 1791 ἀναθεματίζομεν.

604 1803 689 1858 IV.
722 1802 779 1858 Si
829 1802 957 1873 quis
988 1819 1099 1857 non
1133 1801 1429 1857 conﬁtetur
1476 1802 1643 1857 unius
1695 1818 1945 1872 personae
1988 1804 2093 1859 uni

2283 1807 2355 1860 A'.
2378 1807 2541 1872 Είτις
2566 1809 2641 1881 μὴ
2656 1811 2913 1881 ὁμολογεῖ
2924 1813 3019 1868 τοῦ
3035 1815 3156 1880 ἐνὺς
3179 1817 3481 1890 προσώπου
3514 1819 3611 1875 τοῦ
3638 1839 3813 1893 μονοο

528 1895 698 1966 geniti
727 1895 850 1950 Filii
879 1894 976 1951 Dei
1010 1904 1068 1949 et
1100 1893 1319 1949 Domini
1357 1893 1537 1948 nostri
1572 1894 1701 1950 Jesu
1733 1894 1939 1950 Christi
1971 1893 2093 1950 duas

2212 1900 2403 1969 γενοῦς
2418 1903 2550 1957 Υίοῦ
2569 1904 2663 1959 τοῦ
2681 1905 2818 1960 Θεοῦ
2848 1909 2945 1961 καὶ
2961 1909 3166 1980 Κυρῖου
3188 1910 3220 1980 ἡ
3228 1910 3347 1980 μῶν
3360 1910 3537 1983 Ἰησοῦ
3558 1913 3808 1985 Χριστοῦ

528 2004 652 2045 esse
682 1987 1026 2052 nativitates,
1057 2001 1222 2040 unam
1270 1986 1599 2042 aeternitatis
1619 2001 1687 2041 ex
1712 1987 1875 2042 Patre
1903 2001 2093 2042 secun-

2211 1968 2313 2058 τὰς
2342 1993 2443 2048 δύο
2485 1997 2776 2068 γεννήσεις
2818 1968 3128 2071 ὑπάρχείν,
3344 1968 3557 2058 τειτοῦ
3599 1968 3809 2071 αἰῶνος

514 2083 660 2137 ,dum
712 2079 1084 2144 divinitatem,
1124 2080 1487 2149 alteramque,
1538 2094 1663 2149 qua:
1711 2078 1855 2135 facta
1915 2089 2003 2135 est
2052 2080 2093 2134 ir

2210 2086 2275 2140 ἐκ
2304 2086 2401 2141 τοῦ
2424 2089 2645 2161 Πατρδς
2690 2091 2834 2146 κατά
2868 2091 2968 2164 τὴν
2994 2092 3231 2166 θεότητα
3264 2095 3362 2150 καὶ
3386 2095 3489 2168 τὴν
3518 2097 3610 2150 ἐπ’
3630 2099 3807 2170 ὲσχά-

528 2172 830 2229 novissimo
869 2172 1087 2227 dierum
1120 2187 1190 2227 ex
1232 2180 1423 2226 sancta
1447 2170 1674 2242 Virgine
1700 2171 1910 2241 Deique
1941 2171 2093 2227 Matre

2209 2194 2306 2233 του
2345 2179 2454 2234 τῶν
2493 2182 2721 2255 ἡμερῶν
2763 2182 2861 2239 τοῦ
2894 2185 3060 2240 αὑτοῦ
3093 2189 3160 2240 ὲκ
3190 2189 3290 2259 τῆς
3323 2187 3489 2258 ἀγίας
3513 2189 3805 2261 Παρθένου

527 2268 698 2324 Maria
748 2267 1057 2323 secundum
1139 2266 1563 2329 humanitatem,
1642 2266 1937 2335 ipsumque
1983 2280 2093 2322 esse

2209 2273 2304 2326 καὶ
2330 2271 2599 2327 Θεοτὸκου
2634 2275 2855 2346 Magia;
2908 2278 3054 2332 κατά
3097 2278 3198 2350 τὴν
3226 2279 3656 2354 ἀνθρωπότητα,
3701 2286 3806 2338 καὶ⁵

527 2376 698 2416 unum
732 2367 940 2416 sancite
969 2357 1355 2422 Trinitatis,id
1381 2366 1466 2412 est
1486 2372 1657 2411 unam
1673 2356 2011 2428 hypostasim
2036 2373 2093 2412 ex

2210 2365 2375 2419 αὑτὸν
2408 2361 2551 2420 εἶναι
2579 2367 2679 2422 ἕνα
2713 2368 2816 2439 τῆς
2846 2370 3008 2438 ἀγίας
3031 2371 3298 2443 Τριάδος,
3347 2374 3630 2429 τουτέστιν
3661 2376 3803 2446 μίαν

523 2452 706 2507 tribus
734 2449 1142 2524 hypostasibus,
1188 2448 1481 2504 anathema
1518 2446 1611 2502 sit.
2052 2530 2056 2534 _

2207 2458 2508 2512 ὑπόστασιν
2530 2461 2599 2513 ἐκ
2620 2459 2733 2513 τῶν
2758 2462 2928 2532 τριῶν
2950 2463 3332 2529 ὑποστάσεων,
3352 2465 3607 2538 ἀνάθεμα
3628 2468 3795 2524 ἔστω.

597 2548 660 2599 V.
682 2546 738 2601 Si
762 2545 889 2616 quis
942 2558 1051 2599 non
1083 2542 1383 2598 conﬁtetur
1433 2540 1532 2596 Dei
1559 2555 1683 2597 esse
1706 2541 1935 2597 Matrem
1965 2557 2093 2597 san-

2280 2553 2355 2607 E’.
2410 2552 2480 2605 Εῐ
2517 2568 2604 2617 τις
2645 2554 2745 2625 οὑχ
2778 2553 3037 2625 ὁμολογεῖ
3069 2556 3335 2613 Θεοτόκον
3376 2559 3477 2631 τὴν
3509 2561 3676 2632 ἁγίαν
3704 2562 3797 2617 ἐν-

523 2650 666 2696 ctam
695 2639 990 2712 gloriosam
1018 2650 1350 2708 semperque
1376 2634 1657 2709 Virginem
1687 2634 1935 2703 Mariam,
1973 2650 2093 2691 ana-

2205 2643 2357 2713 δοξον
2387 2645 2754 2717 ἀειπάρθενον
2781 2648 3030 2720 Μαρίαν,
3063 2650 3318 2724 ἀνάθεμα
3344 2652 3510 2711 ἔστω.

522 2736 708 2791 thema
739 2733 833 2788 sit.

595 2828 684 2885 Vl.
712 2827 769 2884 Si
823 2828 948 2898 quis
976 2823 1202 2881 adducit
1228 2823 1372 2879 duos
1398 2822 1562 2883 ﬁlios,
1585 2838 1756 2877 unum
1783 2822 2007 2894 quidem
2037 2839 2093 2878 ex

2279 2827 2371 2894 ς’.
2397 2826 2466 2880 Et
2488 2843 2575 2892 τις
2600 2826 2818 2895 εἰσάγει
2845 2826 2942 2882 δύο
2962 2828 3148 2894 Υίοὺς,
3178 2830 3277 2884 ἕνα
3309 2830 3408 2901 μὲν
3435 2832 3530 2885 τὸν
3559 2832 3626 2887 ὲκ
3648 2832 3792 2888 Θεοῦ

523 2925 635 2978 Deo
670 2932 725 2978 et
756 2922 941 2985 Patre,
1006 2926 1063 2974 et
1106 2918 1346 2973 alterum
1406 2931 1476 2971 ex
1502 2914 1697 2980 Matre,
1739 2915 1855 2970 sive
1903 2913 2093 2969 dixerit

2203 2916 2303 2971 καὶ
2340 2916 2589 2989 Πατρδς,
2638 2916 2826 2988 ἕτερον
2854 2916 2912 2971 δὲ
2943 2918 3038 2974 τὸν
3067 2920 3133 2973 ὲκ
3162 2918 3265 2990 τῆς
3293 2921 3522 2992 Μητρὸς
3542 2961 3559 2986 ,
3611 2921 3645 2994 ἢ
3691 2924 3794 2977 καὶ

518 3014 708 3069 Jesum
741 3019 802 3067 ut
844 3009 1126 3065 hominem
1151 3007 1481 3079 inspiratum
1516 3006 1710 3071 fuisse,
1762 3004 2093 3077 gloriamque

2201 3009 2280 3071 ώς
2307 3009 2599 3082 ἄνθρωπον
2632 3009 2982 3081 ἐνεργεῖσθαι
3008 3011 3157 3082 λέγει
3183 3013 3275 3066 τὴν
3307 3014 3538 3085 Ἰησοῦν,
3566 3018 3663 3070 καὶ
3683 3017 3794 3088 τὴν

523 3104 804 3179 Unigeniti
855 3119 983 3159 eum
1012 3098 1474 3163 circumdedisse,
1529 3109 1592 3154 ut
1619 3099 1853 3154 alterum
1893 3099 1983 3153 cui
2020 3097 2093 3154 af-

2203 3098 2297 3153 τοῦ
2331 3099 2678 3169 Μονογενοῦς
2709 3100 2956 3165 εὐδοξίαν
2987 3102 3298 3173 περιῆφθαι
3338 3103 3415 3170 ώς
3447 3105 3622 3178 ἑτέρῳ
3652 3110 3792 3178 παρ’

514 3200 814 3264 fuisset,eo
834 3194 1000 3251 modo
1016 3209 1127 3265 quo
1140 3192 1348 3249 Paulus
1369 3190 2093 3255 Samosatenus,Nestorius-

2202 3192 2370 3249 αὑτὸν
2415 3192 2719 3266 ὑπάρχοντι
2743 3234 2759 3260 ,
2813 3193 3071 3266 καθάπερ
3110 3195 3327 3262 Παῦλος
3365 3198 3394 3251 ό
3429 3198 3793 3269 Σαμοσατεὺς

519 3306 629 3362 que
657 3290 1066 3362 blaSpliemant,
1092 3286 1189 3343 sed
1222 3300 1335 3341 non
1370 3299 1544 3339 unum
1579 3281 1949 3352 eumdemque
1975 3298 2093 3339 esse

2206 3286 2301 3340 καὶ
2332 3286 2632 3359 Νεστόριος
2659 3286 3078 3358 βλασφημοῦσιν
3101 3326 3117 3352 ,
3169 3288 3288 3343 ἀλλ’
3317 3290 3416 3362 οὑχ
3441 3290 3539 3345 ἕνα
3565 3292 3665 3346 καὶ
3695 3293 3793 3347 τὸν

519 3382 817 3439 conﬁtetur
850 3380 1049 3437 Filium
1108 3377 1454 3451 unigenitum
1503 3378 1676 3432 Deum
1711 3375 1955 3432 Verbum
1991 3376 2100 3432 Do-

518 3476 734 3531 minum
763 3474 951 3531 Jesum
980 3472 1287 3536 Christum,
1342 3468 1665 3541 huiusmodi
1725 3468 1795 3523 ab
1842 3469 2102 3525 omnibus

517 3565 852 3624 Christianis
874 3563 1394 3621 anathematizetur.

588 3659 701 3714 Vll.
737 3657 795 3714 Si
843 3655 971 3728 quis
999 3655 1203 3711 dixerit
1225 3654 1384 3726 quasi
1417 3669 1519 3725 per
1564 3655 1813 3710 canalem
1856 3653 2100 3725 Virginis

520 3752 805 3813 transisse.
833 3749 932 3805 sed
984 3764 1095 3804 non
1146 3747 1201 3803 in
1236 3762 1301 3803 ea
1331 3746 1626 3802 formatum
1683 3746 1876 3812 fuisse,
1908 3746 2100 3801 divino

518 3848 682 3903 simul
708 3861 771 3901 ac
804 3845 1049 3900 humano
1077 3840 1260 3905 modo,
1309 3839 1501 3896 divino
1544 3840 1771 3911 quidem
1797 3839 1928 3911 quia
1979 3839 2100 3893 sine

514 3940 658 4003 viro,
687 3939 931 3994 humano
957 3947 1088 3991 vero
1113 3934 1243 4005 quia
1270 3932 1389 4005 lege
1415 3932 1823 4006 praegnationis,
1847 3932 2100 3988 similiter

520 4032 868 4089 tnalcdictus.
1298 4047 1302 4050 ‘

588 4126 727 4183 Vlll.
755 4125 812 4181 Si
836 4123 963 4197 quis
1015 4121 1234 4178 duabus
1285 4118 1541 4192 personis
1592 4117 1679 4172 vel
1710 4114 2098 4189 hypostasihus

520 4216 966 4274 tribueritverha
997 4211 1480 4286 quaelegunturin
1528 4209 1687 4264 libris
1740 4207 2095 4279 evangelicis,

518 4310 604 4364 vel
635 4324 757 4379 quae
801 4306 869 4363 de
897 4306 1120 4362 Christo
1157 4321 1188 4360 a
1217 4302 1426 4359 sanctis
1476 4300 1624 4355 dicta
1685 4307 1834 4368 sunt,
1887 4299 1973 4354 vel
2027 4299 2097 4354 ab

514 4403 638 4469 ipso
666 4398 735 4453 de
767 4413 847 4464 se,
878 4396 1169 4452 anathema
1200 4396 1293 4451 sit.

589 4490 683 4549 1X.
738 4491 795 4548 Si
842 4491 968 4562 quis
1014 4507 1127 4548 non
1180 4489 1480 4545 conﬁtetur
1523 4485 1834 4545 divinitatis
1886 4484 2095 4542 Christi

514 4600 680 4639 uuam
711 4598 834 4639 esse
893 4580 1233 4655 hypostasim
1275 4596 1370 4636 seu
1405 4594 1570 4636 unam
1608 4593 1923 4650 personam,
1959 4592 2095 4632 ana-

517 4681 699 4735 thema
729 4676 822 4734 sit.
931 4721 937 4726 .

583 4768 653 4826 X.
687 4770 744 4826 Si
772 4768 897 4841 quis
920 4767 1059 4837 duas
1084 4776 1313 4823 naturas
1342 4766 1620 4838 Unigeniti
1666 4765 1839 4822 fuisse
1884 4766 2090 4822 dixerit

514 4873 641 4919 ante
666 4863 953 4925 unionem,
994 4876 1158 4915 unam
1178 4876 1314 4916 vero
1348 4868 1473 4932 post
1492 4858 1782 4921 unionem.
1827 4858 2090 4915 divinita-

513 4957 586 5010 tis
616 4955 909 5026 earnisque
929 4951 1104 5023 ipsius
1128 4961 1380 5011 naturam
1416 4951 1659 5016 ﬁnxerit,
1678 4950 1971 5007 anathema
1994 4951 2086 5006 sit.

582 5045 675 5100 XI.
709 5044 768 5100 Si
810 5043 938 5114 quis
968 5058 1078 5098 non
1123 5041 1423 5097 conﬁtetur
1461 5041 1602 5097 duas
1660 5052 1888 5097 naturas
1944 5042 2089 5097 divi-

514 5134 703 5189 nitatis
738 5148 804 5188 ac
856 5131 1222 5187 humanitatis
1257 5132 1315 5186 in
1345 5146 1511 5186 unam
1573 5131 1912 5202 hypostasim
1959 5147 2093 5184 eon-

512 5225 777 5288 eurrisse,
810 5239 981 5279 unum
1004 5223 1284 5279 Christum
1330 5223 1641 5294 perfectum
1694 5222 1885 5287 fuisse,
1924 5231 2091 5292 atque

516 5318 571 5370 in
612 5314 880 5370 ambabus
903 5315 1117 5369 naturis
1140 5313 1448 5369 inconfusis
1476 5314 1887 5384 individuisque
1910 5313 2089 5384 ipsum

514 5407 758 5480 agnosci,
781 5407 932 5477 juxta
964 5406 1109 5476 quod
1142 5405 1447 5476 perfectum
1481 5405 1535 5459 in
1568 5405 1914 5459 humanitate
1936 5419 2089 5457 eum-

514 5500 638 5555 dem
661 5497 1010 5561 conﬁtemur,
1037 5496 1204 5549 unius
1240 5495 1407 5549 etiam
1439 5495 1798 5565 ejusdemque
1821 5492 2087 5549 miracula

511 5605 635 5647 esse
662 5588 961 5652 credimus,
997 5587 1285 5643 anathema
1314 5587 1404 5640 sit.

581 5768 710 5828 llaec
759 5780 888 5828 sunt
941 5785 1063 5843 quae
1117 5765 1299 5821 divina
1329 5764 1613 5835 Scriptura
1663 5760 1843 5817 edocti
1872 5774 2085 5819 sumus.

511 5859 642 5918 ll.ec
689 5870 820 5919 sunt
874 5861 1128 5917 Erclesia:
1166 5857 1455 5914 catholica:
1504 5855 1780 5926 dogmata.
1818 5855 1911 5910 Hze
1960 5864 2088 5910 sunt

516 5955 839 6014 traditiones
890 5953 1134 6018 l'atrutn,
1168 5948 1453 6005 hominum
1483 5963 1582 6018 pro
1612 5945 1846 6004 diversis
1879 5955 2087 6018 tempo-

2198 3378 2367 3433 αὑτὸν
2412 3379 2673 3450 ὁμολογεῖ
2718 3381 2847 3435 Υἱδν
2895 3382 3164 3453 μονογενῆ
3202 3381 3341 3438 Θεὸν
3370 3385 3545 3453 Λόγον
3578 3384 3793 3457 Κύριον
3866 3394 3869 3395 ⁷

2214 3468 2423 3542 Ἰησοῦν
2468 3471 2740 3542 Χριστὸν,
2795 3474 2826 3528 ὁ
2873 3473 3120 3539 τοιοῦτος
3175 3474 3329 3547 παρά
3374 3475 3597 3532 πάντων
3638 3478 3787 3550 Χριο

2200 3562 2438 3619 στιανῶν
2468 3564 2986 3637 ἀναθεματιζὲσθω.

2270 3656 2345 3711 Z'.
2406 3656 2478 3708 Et
2519 3672 2605 3719 τις
2653 3656 2730 3722 ὡς
2776 3656 2867 3712 διὰ
2910 3657 3156 3729 σωλῆνος
3199 3658 3301 3729 τῆς
3340 3658 3623 3731 Παρθένου
3662 3660 3791 3716 δια-

2199 3744 2433 3817 δραμεῖν
2452 3784 2468 3810 ,
2519 3745 2660 3800 ἀλλὰ
2693 3746 2768 3819 μὴ
2798 3748 2858 3802 ὲν
2883 3749 3022 3821 αὑτῇ
3050 3748 3455 3805 διαπεπλάσθαι
3479 3749 3656 3819 λέγει,
3692 3751 3791 3806 θε-

2192 3836 2335 3902 τϊκῶς
2356 3854 2421 3891 τε
2452 3837 2570 3909 ἀμα
2600 3839 2699 3892 καὶ
2723 3838 3108 3911 ἀνθρωπίνως,
3144 3839 3344 3905 θεῖκῶς
3374 3839 3475 3912 μὲν
3503 3842 3588 3896 ὅτι
3613 3843 3792 3915 χωρξ

2196 3928 2428 4000 ἀνδρὸς,
2468 3928 2844 4002 ἀνθρωπίνως
2867 3930 2925 3986 δὲ
2952 3931 3036 3986 ὃτι
3065 3931 3218 4004 νόμῳ
3243 3932 3533 4005 κυήσεως,
3577 3934 3793 4007 ὁμοίως

2196 4017 2377 4082 ἄθεος.
3594 4034 3599 4037 “

2270 4110 2355 4166 H'.
2412 4110 2482 4166 Εἴ
2520 4128 2606 4177 τις
2650 4111 2973 4186 προσώποις
3011 4112 3197 4180 δυσὶν,
3240 4115 3362 4185 ἦτοι
3389 4116 3788 4182 ὑποστάσεσιν,

2192 4203 2299 4268 τὰς
2348 4205 2409 4258 ὲν
2455 4207 2573 4269 τοῖς
2621 4205 3009 4275 εὑαγγελικοῖς
3054 4207 3489 4280 συγγράμμασιν
3531 4209 3788 4282 διανέμει

2194 4296 2416 4369 φωνὰς,
2465 4297 2499 4369 ἢ
2542 4297 2638 4351 ἐπὶ
2674 4299 2900 4369 Χριστῷ
2933 4299 3088 4371 παρὰ
3113 4300 3224 4356 τῶν
3256 4300 3428 4371 ἀγίων
3453 4300 3786 4375 λεγομένας,

2199 4391 2232 4461 ἦ
2269 4389 2402 4463 παρ’
2429 4390 2603 4446 αὑτοῦ
2637 4392 2771 4464 περὶ
2797 4391 2989 4457 αὑτοῦ,
3023 4393 3277 4466 ἀνάθεμα
3300 4393 3465 4451 ἔστω.

2269 4482 2349 4555 9'.
2391 4483 2460 4538 Εῐ
2485 4501 2570 4548 τις
2598 4485 2699 4555 οὑχ
2727 4484 2986 4556 ὁμολογεῖ
3017 4485 3121 4556 τῆς
3145 4485 3402 4558 θεότητος
3431 4487 3527 4542 καὶ
3554 4487 3657 4559 τῆς
3680 4488 3785 4545 ἀν-

2198 4573 2556 4646 θρωπότητος
2588 4574 2685 4629 τοῦ
2717 4574 2960 4646 Χριστοῦ
2997 4576 3128 4647 μίαν
3152 4571 3294 4632 εἶναι
3321 4576 3422 4649 τὴν
3450 4578 3781 4645 ὑπόστασιν,

2126 4676 2171 4732 Ῑ)
2200 4666 2317 4736 ἦτοι
2350 4665 2410 4719 ἓν
2439 4666 2755 4736 πρόσωπον,
2783 4667 3039 4739 ἀνάθεμα
3064 4668 3225 4723 ἔστω.

2261 4758 2318 4814 1’.
2351 4758 2418 4813 Εἰ
2436 4777 2521 4823 τις
2545 4758 2642 4814 δύο
2667 4760 2859 4828 φύσεις
2882 4759 2980 4814 τοῦ
3004 4760 3348 4828 Μονογενοῦς
3374 4747 3525 4830 λέγει
3548 4761 3657 4832 πρὸ
3675 4762 3783 4831 τῆς

2189 4850 2463 4916 ἑνώσεως,
2500 4852 2632 4923 μίαν
2656 4851 2714 4907 δὲ
2745 4853 2886 4924 μετά
2909 4853 3009 4925 τὴν
3031 4852 3249 4918 ἕνωσιν,
3276 4854 3373 4924 τῆς
3396 4852 3652 4926 θεότητος
3679 4855 3781 4910 καὶ

2187 4944 2292 5015 τῆς
2320 4943 2525 5016 σαρκὸς
2550 4943 2718 4999 αὑτοῦ
2746 4944 2913 5015 φύσιν
2938 4944 3300 5010 ἀναπλάττει,
3330 4944 3583 5016 ἀνάθεμα
3607 4947 3774 5002 ἔστω.

2256 5037 2363 5090 lA'.
2420 5037 2487 5090 Εῐ
2515 5054 2600 5100 τις
2640 5037 2740 5108 οὑχ
2764 5035 3025 5109 ὁμολογεῖ
3051 5037 3149 5103 τὰς
3179 5034 3276 5090 δύο
3302 5036 3499 5107 φύσεις
3526 5036 3626 5109 τῆς
3648 5037 3747 5092 θεὸ
3764 5071 3779 5081 -

2189 5142 2352 5198 τητος
2399 5127 2497 5183 καὶ
2538 5128 2641 5199 τῆς
2680 5127 3109 5200 ἀνθρωπότητος
3169 5129 3251 5193 είς
3298 5128 3430 5200 μίαν
3467 5128 3777 5185 ὑπόστασιν

2184 5219 2521 5291 συνδραμεῖν
2546 5257 2563 5287 ,
2612 5218 2715 5273 ἕνα
2753 5237 2817 5274 τε
2862 5220 2954 5275 τὸν
2992 5221 3234 5293 Χριστὸν
3276 5220 3639 5286 ἀποτελέσαι,
3675 5222 3776 5276 καὶ

2187 5311 2250 5364 ὲν
2283 5310 2626 5382 ἀμφοτέραις
2652 5312 2771 5377 ταῖς
2798 5310 3030 5381 φύσεσιν
3055 5311 3389 5384 ἀσυγχύτοις
3416 5313 3515 5368 καὶ
3535 5312 3773 5386 ἀδιαιρέο

2188 5415 2305 5462 τοις
2333 5400 2501 5454 αὑτὸν
2525 5399 2917 5474 γνωρίζεσθαι,
2948 5404 3072 5456 καθ’
3093 5402 3123 5458 ὅ
3152 5402 3362 5458 τέλειον
3389 5405 3450 5465 ἐν
3478 5402 3770 5477 ἀνθρωπό-

2186 5508 2312 5563 τητι
2344 5491 2434 5546 τὸν
2464 5493 2630 5548 αὑτὸν
2659 5493 3061 5567 ὁμολογοῦμεν,
3095 5496 3192 5550 καὶ
3215 5495 3336 5560 ἑνὸς
3359 5496 3459 5551 καὶ
3480 5495 3576 5551 τοῦ
3597 5497 3768 5552 αὑτοῦ

2184 5583 2258 5637 τά
2287 5583 2545 5656 θαύματα
2576 5586 2675 5640 καὶ
2701 5585 2768 5641 τά
2792 5586 2944 5659 πάθη
2968 5581 3110 5643 εἶναι
3138 5586 3495 5660 πιστεύομεν,
3517 5588 3767 5663 ἀνάθεμα

2184 5673 2349 5729 ἔστω.

2257 5765 2446 5824 Ταῦτά
2490 5768 2642 5823 ἐστιν
2700 5767 2736 5823 ἃ
2788 5770 2940 5842 παρά
2987 5770 3088 5843 τῆς
3131 5770 3283 5834 θείας
3323 5772 3551 5845 Γραφῆς
3593 5772 3768 5828 ἐδιδά-

2187 5858 2438 5931 χθημεν*
2494 5860 2670 5914 ταῦτα
2714 5863 2814 5933 τῆς
2858 5861 3153 5934 καθολικῆς
3186 5864 3513 5935 Ἐκκλησίας
3570 5866 3640 5921 τά
3678 5865 3763 5919 δό-

2190 5965 2409 6023 γματαο
2443 5947 2602 6009 αὗται
2644 5953 2754 6010 τῶν
2795 5954 3058 6029 Πατέρων
3101 5958 3155 6011 αἱ
3183 5956 3533 6029 παραδόσεις,
3566 5956 3676 6012 τῶν
3702 5975 3757 6013 τε
