4112 6546
348 481 485 545 1115

1317 484 1684 543 El'lSTOLA
1722 481 2164 543 DOGMATICA
2204 485 2307 546 AD
2345 484 2659 546 ZOILUM.

3478 484 3616 546 1146

340 594 484 648 κατὰ
524 592 714 663 καιρὸν
768 594 826 645 ἐν
870 593 934 661 τῇ
977 591 1113 663 ἁγίᾳ
1152 590 1246 645 τοῦ
1284 592 1419 645 Θεοῦ
1464 592 1766 663 Ἐκκλησία
1806 592 1923 645 δια-

2027 594 2181 649 ribus
2206 595 2261 649 in
2290 604 2479 653 sancta
2505 595 2600 653 Dei
2624 595 2870 649 Ecclesia
2894 594 3348 665 praecedentium,
3369 594 3616 649 illorum-

338 684 705 755 πρεψάντων,
761 685 856 737 καὶ
904 684 1015 737 τῶν
1058 686 1115 737 ἐν
1156 688 1279 749 ταῖς
1324 684 1511 753 ἁγίαις
1544 686 1801 755 τέτρασιν
1836 702 1929 752 γε·

336 778 586 849 νομένων
636 778 901 844 συνόδοις,
932 778 1042 831 τῶν
1086 779 1417 848 τριακοσίων
1469 780 1603 833 δέκα
1650 780 1742 833 καὶ
1781 780 1929 833 ὀκτὼ

336 870 448 927 τῶν
491 873 548 925 ὲν
586 872 846 942 Νικαίῳ,
899 872 995 926 καὶ
1038 871 1150 925 τῶν
1193 873 1392 926 ἑκατὸν
1435 873 1777 944 πεντήκοντα
1818 870 1929 925 τῶν

337 966 395 1018 ἐν
423 965 988 1029 Κωνσταντινοπὸλει,
1026 965 1125 1019 καὶ
1149 967 1257 1020 τῶν
1282 967 1340 1019 ὲν
1371 966 1585 1037 Ἐφέσῳ
1609 965 1751 1019 κατὰ
1776 964 1929 1036 πρώ-

336 1075 440 1127 την
464 1058 622 1124 τάξιν
653 1058 1091 1130 συνειλεγμένων
1117 1059 1432 1124 διακοσίων,
1458 1062 1552 1113 καὶ
1576 1059 1685 1113 τῶν
1712 1063 1767 1114 ἐν
1790 1058 1929 1113 Χαλο

338 1148 525 1219 κηδόνι
584 1149 885 1216 ἑξακοσίων
936 1151 1272 1221 τριάκοντα,
1328 1152 1527 1215 οἵτινες
1573 1152 1740 1222 νόμος
1775 1151 1928 1215 ὄντες

338 1242 438 1311 τῆς
468 1242 820 1312 Ἐκκλησίας,
857 1245 986 1308 τοὺς
1016 1244 1157 1297 κατὰ
1184 1245 1377 1315 καιρὸν
1406 1245 1755 1314 ἀναφυέντας
1780 1246 1929 1316 αἱρε-

338 1334 560 1398 τικοὺς,
615 1334 710 1387 καὶ
754 1333 825 1387 τὰ
881 1334 1108 1389 ἐκείνων
1158 1337 1376 1407 μυσερὰ
1436 1336 1689 1406 δόγματα
1727 1342 1793 1409 τῇ
1828 1336 1926 1391 τοῦ

341 1426 499 1497 ἁγίου
523 1426 660 1480 Πνεύ
671 1444 839 1498 ματος
865 1430 1159 1500 συνεργείξξ⁸
1186 1429 1284 1499 τῆς
1300 1429 1627 1499 Ἐκκλησίας
1647 1430 1923 1495 ἐξέϐαλον.

340 1522 403 1572 Οἱ
446 1519 503 1571 δὲ
547 1519 647 1587 τῆς
687 1520 971 1583 εὐσεϐείας
1006 1520 1212 1590 ἐχθροὶ,
1244 1520 1343 1591 τὴν
1374 1522 1683 1592 ὲπισπορὰν
1708 1523 1818 1574 τῶν
1844 1522 1925 1587 ζι-

341 1611 540 1676 ζανίων
586 1611 680 1665 τοῦ
722 1611 975 1664 διαϐόλου
1026 1613 1383 1682 κατέχοντες,
1432 1614 1669 1677 καὶτοῖς
1698 1615 1926 1680 ἀγαθοῖς

343 1701 655 1772 σπέρμασιν
686 1700 1004 1756 ἀκολουθεῖν
1037 1701 1112 1773 μὴ
1142 1703 1482 1773 βουλόμενοι,
1515 1704 1602 1757 ἀεὶ
1628 1703 1685 1756 δὲ
1714 1722 1927 1776 προφαο

343 1792 661 1862 σιζόμενοι,
729 1794 931 1858 παντὸς
987 1795 1324 1865 ἀποροῦντες
1377 1796 1578 1865 λόγου,
1638 1798 1719 1861 εἰς
1765 1797 1924 1851 τοῦτο

340 1881 788 1951 καταφεύγουσιν
811 1884 870 1937 τὸ
894 1885 1076 1954 λέγειν
1099 1888 1587 1959 πατροπαράδοτον
1613 1888 1757 1959 ἔχειν
1778 1889 1923 1943 διδα-

343 1972 599 2036 σκαλίαν,
645 1975 741 2027 καὶ
773 1972 981 2046 ταύτην
1009 1976 1300 2030 ἀπολιπεῖν
1332 1978 1406 2050 μὴ
1435 1976 1718 2045 δύνασθαι,
1752 1981 1924 2034 πατέ-

340 2084 444 2132 ρας
470 2066 706 2136 ἔχοντες,
753 2069 803 2119 οί
846 2068 947 2139 μὲν
991 2069 1100 2123 ἀπὸ
1129 2070 1430 2142 Νεστορίου
1474 2073 1687 2127 Παῦλόν
1716 2091 1795 2139 τε,
1836 2076 1930 2128 καὶ

341 2158 639 2225 σι’ωτεινὸν,
694 2159 788 2213 καὶ
837 2158 1200 2232 Μάρκελλον,
1259 2164 1356 2215 καὶ
1407 2163 1537 2227 τοὺς
1584 2164 1653 2217 τὰ
1702 2166 1928 2220 ἐκείνων

344 2251 753 2321 φρονήσαντας·
785 2252 832 2304 οἱ
860 2250 916 2305 δὲ
945 2252 1238 2322 Ἀκέφαλοι
1269 2254 1518 2326 Εὐτυχέα
1546 2272 1627 2318 τε,
1660 2256 1753 2309 καὶ
1775 2256 1930 2309 Διόσ-

344 2359 527 2413 κορον,
560 2344 655 2397 καὶ
684 2345 955 2414 Τιμόθεον
985 2346 1075 2400 τὸν
1102 2348 1386 2419 Αἴλουρον,
1419 2350 1512 2402 καὶ
1537 2350 1663 2411 τοὺς
1691 2350 1759 2401 τὰ
1782 2350 1927 2403 ὲκεί-

345 2450 450 2485 νων
473 2435 882 2506 φρονήσαντας·
912 2437 961 2489 οἳ
987 2441 1052 2509 τῇ
1070 2438 1475 2509 Ἀπολιναρίου,
1503 2439 1599 2494 καὶ
1617 2442 1923 2512 Μανιχαίου

344 2528 440 2580 καὶ
492 2528 813 2583 Βαλεντίνου
871 2532 1039 2604 μανίᾳ
1098 2532 1532 2605 ἠκολουθηκότες
1582 2534 1924 2607 ἐδείχθησαντ

344 2621 409 2674 Οἱ
436 2616 529 2676 οὖν
562 2622 737 2677 ταῦτα
760 2624 1015 2693 λέγοντες
1037 2669 1053 2693 ,
1106 2626 1223 2691 πῶς
1260 2628 1552 2693 Ἰουδαίους
1580 2646 1641 2682 τε
1677 2630 1772 2684 καὶ
1796 2632 1924 2685 ’Ἐλ-

342 2712 512 2783 ληνας
535 2716 674 2786 πρὸς
695 2716 1126 2789 Χριστιανισμὺν
1147 2719 1613 2791 ὁδηγήσουσιν,τὰ
1638 2723 1928 2795 παραπλή-

348 2823 440 2861 σια
486 2807 705 2872 τούτοις
746 2810 1185 2881 προϐαλλόμενοι
1228 2814 1325 2865 καὶ
1358 2813 1636 2883 λέγοντες,
1672 2818 1732 2869 οὐ
1765 2816 1926 2888 μόνον

344 2900 855 2972 πατροπαράδοτον,
890 2902 1028 2956 ἀλλὰ
1060 2905 1153 2958 καὶ
1185 2905 1369 2976 πολλῷ
1396 2907 1601 2961 τούτων
1629 2909 1925 2964 παλαιοτέ-

346 3008 446 3059 ραν
492 2992 797 3061 κεκτῆσθαι
846 2994 947 3063 τὴν
990 2994 1279 3062 ἀσέϐειαν;
1332 2996 1495 3050 Ὅθεν
1537 2999 1925 3071 προτρέπομεν

342 3081 442 3153 τὴν
474 3083 751 3154 ὑμετέραν
782 3084 1065 3154 θεοφιλίαν
1107 3087 1591 3161 διαμαρτύρασθαι
1626 3091 1804 3146 πάντα
1830 3093 1925 3146 ἄν-

344 3172 564 3242 θρωπον
614 3175 954 3245 φοϐούμενον
1002 3178 1093 3232 τὸν
1145 3178 1389 3250 Κύριον,
1443 3182 1536 3234 καὶ
1571 3183 1755 3255 κρίσιν
1785 3184 1922 3238 Θεοῦ

2032 706 2140 759 que
2170 689 2224 743 in
2287 700 2529 756 quatuor
2576 687 2829 742 conciliis
2877 687 3085 742 sanctis
3131 696 3613 758 congregatarum,

2036 790 2410 837 trecentorum
2471 780 2663 836 decem
2721 788 2779 835 et
2825 791 2949 835 octo
3002 780 3059 834 in
3113 780 3359 845 Nicaeno,
3392 791 3615 835 centum

2022 874 2433 945 quinquaginta
2461 874 2517 928 in
2556 872 3194 943 Constantinopolitano,
3247 873 3614 928 ducentorum

2031 964 2212 1035 prima
2267 965 2515 1021 sessione
2560 963 2614 1018 in
2680 963 2978 1033 Ephesino,
3019 975 3517 1032 sexcentorumque
3560 973 3616 1018 et

2032 1059 2254 1129 triginta
2287 1060 2342 1112 in
2392 1057 2851 1121 Chalcedonensi,
2884 1056 2978 1126 qui
3007 1072 3131 1109 cum
3162 1056 3274 1111 sint
3323 1072 3517 1110 norma
3555 1056 3615 1127 (l.

2030 1154 2150 1222 Dei)
2185 1153 2469 1216 Ecclesiae,
2497 1149 2733 1205 diversis
2758 1149 3105 1218 temporibus
3146 1156 3478 1217 apparentes
3504 1149 3617 1203 ha:-

2031 1244 2257 1307 retieos,
2286 1258 2593 1312 eorumque
2630 1240 2797 1309 impia
2848 1240 3127 1310 dogmata,
3156 1240 3454 1310 adjuvante
3485 1237 3615 1307 Spi-

2030 1334 2139 1388 ritu
2184 1343 2397 1393 sancto,
2455 1332 2526 1384 ab
2582 1330 2831 1384 Ecclesia
2888 1331 3197 1399 eiecerunt.
3250 1329 3450 1385 llostes
3481 1345 3615 1384 vero

2028 1424 2334 1495 religionis,
2367 1423 2703 1478 zizaniorum
2737 1439 2925 1477 semen
2958 1422 3296 1477 diabolicum
3320 1422 3613 1483 habentes,

2027 1534 2132 1573 nec
2168 1519 2332 1572 bonis
2359 1516 2665 1571 seminibus
2694 1516 2926 1585 obsequi
2970 1515 3238 1577 volentes,
3274 1529 3491 1584 semper
3518 1530 3617 1568 au-

2028 1619 2137 1663 tem
2162 1624 2357 1663 causas
2392 1607 2685 1678 tingentes,
2716 1620 2908 1659 omnes
2933 1604 3175 1659 rationes
3217 1604 3614 1674 despicientes.

2027 1702 2084 1757 in
2116 1703 2222 1757 hoc
2253 1701 2582 1772 confugiunt
2610 1710 2669 1755 ut
2700 1700 2887 1755 dicant
2917 1715 2975 1754 se
3003 1699 3258 1754 traditam
3286 1715 3315 1753 a
3354 1698 3614 1754 Patribus

2027 1794 2233 1850 habere
2262 1793 2595 1857 doctrinam,
2626 1808 2808 1861 neque
2836 1791 2984 1844 illam
3012 1790 3399 1859 derelinquere
3425 1804 3612 1858 posse,

2027 1890 2159 1945 dum
2196 1890 2386 1944 Patres
2404 1888 2635 1951 habent,
2672 1885 2766 1940 alii
2797 1901 2828 1939 a
2859 1884 3136 1946 Nestorio,
3185 1883 3440 1946 Paulum,
3473 1882 3617 1936 l‘bo-

2031 1984 2232 2045 tinum,
2264 1983 2581 2038 Marcellum
2612 1979 2929 2048 similiaque
2967 1978 3290 2048 opinantes;
3349 1975 3615 2044 Aeepliali

2028 2093 2161 2133 vero
2218 2077 2548 2148 Eutychem,
2612 2076 2962 2137 Dioscorum,
3019 2071 3375 2126 Timotheum
3430 2067 3614 2122 Felem

2027 2171 2341 2239 similiaque
2378 2169 2706 2238 opinantes;
2740 2166 2835 2221 alii
2874 2174 3061 2219 autem
3116 2160 3465 2232 Apollinarii,
3499 2159 3616 2213 Ma-

2027 2263 2224 2319 niclnei
2252 2261 2639 2330 Valentinique
2676 2258 2904 2313 insaniae
2921 2258 3294 2325 obsequentes
3319 2253 3433 2307 noti
3460 2260 3611 2305 sunt.

2026 2357 2129 2424 Qui
2154 2358 2321 2428 igitur
2354 2356 2428 2410 ita
2472 2354 2686 2416 dicunt,
2721 2351 3002 2421 quomodo
3028 2348 3252 2405 Judaeos
3276 2348 3613 2413 Grmcosquc

2025 2450 2094 2505 ad
2116 2448 2601 2504 Christianismum
2632 2445 2933 2508 adducent,
2963 2443 3049 2498 his
3099 2440 3298 2495 similia
3327 2436 3613 2508 proferen-

2026 2549 2111 2594 tes
2147 2547 2310 2608 atque
2341 2545 2653 2591 asserentes
2691 2551 2800 2588 non
2838 2533 3004 2588 modo
3051 2548 3081 2586 a
3134 2529 3395 2585 Patribus
3444 2524 3617 2580 tradi-

2028 2641 2160 2696 tam,
2192 2631 2287 2686 sed
2328 2630 2492 2685 etiam
2528 2630 2701 2683 multo
2746 2628 2856 2682 illis
2901 2624 3277 2696 antiquiorem
3310 2636 3468 2675 suam
3508 2619 3615 2674 im-

2026 2722 2291 2794 pietatem
2322 2720 2555 2776 tenere?
2604 2719 2761 2775 Unde
2807 2718 3137 2773 ebaritatem
3188 2721 3430 2768 vestram
3483 2710 3617 2765 hor-

2026 2824 2211 2871 tamur
2256 2825 2317 2869 ut
2348 2812 2709 2869 obtestemini
2742 2811 3063 2881 quicunque
3096 2808 3257 2862 timet
3290 2806 3611 2868 Dominum,

2025 2911 2237 2981 Deique
2270 2908 2573 2963 imminens
2605 2905 2906 2977 judicium,
2939 2919 3010 2958 ne
3046 2900 3321 2957 doctrinis
3352 2897 3520 2952 variis
3554 2902 3614 2952 et

2024 2999 2338 3072 peregrinis
2369 2996 2740 3058 abducantur,
2796 2993 2894 3049 sed
2929 3007 3117 3049 veram
3174 2987 3613 3044 immaculatam-

2025 3111 2133 3164 que
2168 3094 2327 3148 [idem
2357 3090 2563 3153 edocti,
2588 3096 2888 3144 accurrant
2917 3087 2985 3141 ad
3022 3092 3267 3140 sanctam
3296 3080 3392 3136 Dei
3417 3080 3613 3134 catho-

2025 3184 2195 3240 licam
2230 3193 2287 3238 et
2316 3180 2673 3252 apostolicam
2712 3178 3047 3242 Ecclesiam,
3078 3176 3130 3230 in
3150 3190 3259 3245 qua
3290 3172 3483 3229 eadem
3514 3186 3615 3241 per

342 3262 707 3335 ἀναμένοντα,
737 3266 987 3337 διδαχαῖς
1014 3269 1289 3334 ποικίλαις
1318 3273 1411 3325 καί
1436 3272 1617 3339 ξέναις
1641 3273 1719 3345 μὴ
1746 3293 1923 3346 παραυ

2028 3280 2352 3333 universum
2412 3275 2602 3329 orbem
2669 3290 2699 3328 a
2748 3272 2844 3328 Dei
2901 3268 3288 3327 sacerdotibus
3350 3264 3615 3322 doctrina

343 3357 646 3430 φέρεσθαι,
694 3360 833 3416 ἀλλὰ
862 3361 1288 3433 διδασκομένους
1318 3365 1415 3436 τὴν
1442 3366 1611 3437 ὀρθὴν
1642 3369 1736 3422 κα)⁵
1761 3368 1889 3438 ἁμὼ
1914 3402 1919 3407 ~

2031 3368 2336 3441 apostolica
2376 3364 2731 3437 praedicatur.

338 3471 519 3525 νμητον
553 3455 773 3521 πίστιν,
812 3456 1175 3531 προστρέχειν
1207 3462 1275 3531 τῇ
1344 3462 1476 3534 ἁγίᾳ
1542 3462 1637 3517 τοῦ
1701 3464 1838 3519 Θεοῦ
1871 3467 2134 3537 καθολικῇ
2187 3465 2283 3518 καὶ
2316 3460 2662 3530 ἁποστολικῇ
2715 3455 3054 3528 Ἐκκλησία,
3109 3446 3238 3529 ὲνῇ
3292 3445 3607 3521 συμφώνως

343 3553 489 3610 κατὰ
537 3550 721 3611 πᾶσαν
764 3548 862 3628 τὴν
905 3553 1238 3623 οἰκουμένην
1286 3554 1439 3625 παρά
1486 3554 1598 3609 τῶν
1643 3557 1737 3609 τοῦ
1781 3556 1919 3613 Θεοῦ
1959 3560 2153 3629 ἱερέων
2183 3559 2217 3629 ἡ
2244 3554 2586 3626 ἅποστολικὴ
2611 3549 2935 3607 διδασκαλία
2966 3546 3324 3622 κηρύττεται.

666 3912 1467 4007 ΙΟΥΣΤΙΝΙΑΝΟΥ
1538 3920 1767 4008 TOY
1840 3909 2696 4010 ΕΥΣΕΒΕΣΤΑΤΟΥ
2772 3902 3309 4001 ΒΑΣΙΛΕΩΣ

510 4087 605 4146 ΕΚ
636 4092 771 4148 ΤΗΣ
807 4095 988 4152 ΠΡΟΣ
1019 4100 1270 4155 ΖΩῐΛΟΝ
1312 4102 1451 4155 TON
1479 4100 1867 4156 ΑΓΙΩΤΑΤΟΝ
1911 4099 2371 4154 ΠΑΤΡΙΛΡΧΙῙΝ
2403 4096 2927 4156 ΔΛΕΞΑΝΔΡΕΙΑΣ
2973 4087 3428 4149 ΔΟΓΜΔΤῙΚΗΣ

1704 4198 2094 4254 ΕΠΙΣΤΟΛΗΣ
2135 4196 2235 4269 (ι).

871 4508 1575 4600 JUSTINIANI
1652 4512 2156 4602 PIISSIMI
2234 4507 3061 4603 IMPERATORIS

540 4696 653 4760 EX
693 4698 1090 4763 EPISTOLA
1144 4701 1627 4766 DOGMATICA
1684 4705 1793 4764 AD
1840 4704 2147 4767 ZOILUM
2202 4702 2759 4766 ALEXANDRIIE
2810 4698 3407 4765 SANCTISSIMUM

1674 4806 2291 4868 PATllIARCHAM.

942 4964 1047 5037 (Ex
1080 4965 1342 5021 Thesauro
1380 4966 1585 5026 Niceta:
1617 4970 2057 5042 Chroniata:,ap.
2088 4972 2212 5039 MM,
2249 4970 2435 5042 Spicil.
2474 4969 2627 5026 Rom.
2660 4979 2697 5026 t.
2733 4971 2823 5039 IV,
2858 4970 3006 5041 468.)

1952 5130 2021 5145 ~

411 5242 507 5311 Εἷς
552 5243 645 5303 οὗν
684 5251 833 5305 ἐστιν
870 5251 899 5304 ὁ
938 5252 1212 5324 Χριστὸς,
1264 5253 1367 5306 οὐκ
1417 5254 1773 5327 ἀνῃρημένης
1815 5259 1914 5329 τῆς

2089 5259 2243 5316 Unus
2273 5269 2357 5316 est
2386 5277 2519 5333 ergo
2546 5259 2825 5329 Christus,
2874 5277 2986 5316 non
3031 5259 3249 5316 sublata
3280 5268 3605 5316 naturarum

338 5340 453 5394 τῶν
481 5340 698 5412 φύσεων
723 5344 985 5414 διαφορᾶς
1014 5344 1103 5398 διὰ
1128 5345 1229 5415 τὴν
1253 5344 1536 5414 ἄφραστον
1560 5347 1754 5401 ἕνωσιν
1770 5391 1785 5416 ,
1821 5351 1923 5403 A6-

340 5449 436 5503 γος
460 5434 751 5506 νοούμενος
784 5438 879 5490 καὶ
903 5436 1190 5508 ἄνθρωπος
1210 5437 1588 5509 θεωρούμενος
1606 5456 1620 5471 ·
1658 5439 1780 5494 οὔτε
1810 5444 1920 5516 γὰρ

339 5530 370 5596 ὴ
416 5528 611 5592 ἓνωσις
665 5528 927 5600 σύγχυσιν
974 5531 1387 5599 ἀπειργάσατο,
1440 5531 1563 5585 οὔτε
1611 5533 1643 5598 ἡ
1683 5533 1920 5607 διαφορὰ

336 5620 447 5675 τῶν
495 5624 554 5675 ὲν
597 5622 745 5692 αὐτῷ
783 5622 984 5675 οὐσιῶν
1028 5623 1203 5694 τομὴν
1231 5623 1411 5679 εῐτουν
1438 5625 1707 5696 διαίρεσιν
1735 5628 1918 5682 ἐπιδέ-

408 5775 485 5856 (l)
508 5776 655 5832 Citat
678 5777 783 5862 boc
817 5778 1091 5862 scriptun}.
1107 5860 1112 5862 _
1131 5779 1661 5862 SUEIQJUSDDMQILS
1714 5783 1767 5838 in
1784 5783 1917 5862 alio

336 5850 799 5933 s‘uocpusculo‘a
827 5851 987 5933 npbis
1005 5851 1156 5933 edito
1187 5850 1327 5933 Coll.
1348 5860 1465 5933 Δνιιι.
1496 5852 1674 5933 ικνιι,
1706 5871 1758 5924 p.
1784 5854 1908 5909 309.

334 5919 479 5974 Citat
502 5935 692 5975 rursus
725 5919 938 5991 Agatho
974 5938 1108 5992 papa
1137 5922 1191 5977 in
1219 5922 1451 5993 epistola
1496 5922 1565 5978 ad
1612 5919 1908 5998 imperato-

2028 5352 2347 5407 ditl'erentia
2380 5370 2479 5423 per
2516 5353 2856 5409 ineffabilem
2908 5354 3196 5420 unionem,
3221 5354 3463 5411 Verbum
3492 5370 3612 5411 ere-

2026 5446 2177 5500 ditus
2222 5446 2499 5517 homoque
2564 5448 2736 5502 visus.
2777 5447 2894 5503 Nec
2940 5456 3128 5503 autem
3182 5447 3315 5501 unio
3372 5446 3611 5502 commi-

2027 5538 2269 5592 stionem
2300 5540 2561 5607 exclusit,
2600 5556 2704 5595 nec
2738 5540 3053 5595 differentia
3082 5540 3521 5596 substantiarum
3546 5540 3605 5597 in

2024 5646 2093 5686 eo
2133 5631 2459 5689 scissionem
2505 5642 2602 5689 aut
2642 5632 2975 5689 divisionem
3026 5632 3292 5688 admittit.
3343 5633 3605 5707 Miracula

2020 5802 2125 5911 ἓξ)ῗο
2157 5786 2387 5913 itiggcil.
2454 5787 2626 5844 Labb.
2663 5794 2703 5842 t.
2732 5789 2818 5859 \‘l,
2877 5806 2929 5862 p.
2980 5789 3106 5846 665.
3155 5786 3369 5847 -Vid.
3418 5802 3605 5865 supra,
