4088 6538
525 464 666 534 3147

1652 465 2095 529 IUSTINIANI
2132 462 2659 529 IMPERATORIS

3656 473 3813 539 1148

526 581 682 639 enim
717 579 927 637 Christi
966 578 1247 646 videntes,
1278 578 1433 635 illius
1464 577 1812 636 divinitatem
1842 578 2097 651 praedica-

2205 596 2381 650 χεται.
2454 579 2758 645 Βλέποντες
2802 579 2914 652 γὰρ
2968 580 3063 636 τοῦ
3104 581 3344 655 Χριστοῦ
3387 579 3458 639 τὰ
3499 581 3813 657 θαύματα,

526 685 685 741 mus,
716 674 1072 733 inﬁrmitates
1113 689 1249 730 vero
1293 672 1678 745 inspicientes,
1706 674 2108 730 humanitatem

525 767 657 837 ejus
696 780 809 820 non
858 763 1161 820 diﬁitemur
1200 780 1216 830 ;
1255 779 1361 819 nec
1410 763 1677 819 miracula
1736 764 1858 820 sine
1917 779 2106 833 carne,

525 872 631 914 nec
660 860 871 930 absque
918 856 1208 915 divinitate
1244 858 1614 915 inﬁrmitates.
1642 860 1848 916 Verum
1921 867 2105 915 autem

524 964 636 1007 non
686 961 774 1007 est
818 951 1004 1008 dicere
1051 950 1232 1022 ipsum
1291 967 1415 1009 esse
1458 969 1717 1024 passum;
1774 967 1973 1023 passus
2022 961 2109 1009 est

524 1043 776 1115 quidem,
826 1042 959 1114 quia
999 1042 1284 1114 proprium
1337 1043 1460 1113 ejus
1501 1058 1705 1113 corpus
1764 1042 2103 1113 patiebatur,

523 1147 694 1208 atque
729 1138 786 1192 in
832 1152 1065 1207 corpore
1117 1137 1239 1209 ejus
1283 1136 1464 1193 inerat
1498 1136 1594 1208 qui
1638 1152 1750 1192 non
1789 1146 2103 1207 pateretur,

523 1228 742 1286 scilicet
787 1229 883 1300 qui
915 1238 1113 1284 natura
1147 1228 1298 1284 Deus
1337 1238 1480 1290 erat.
1516 1244 1642 1284 nam
1694 1229 1938 1284 Verbum
1981 1236 2102 1284 erat

524 1319 887 1392 impassibile.
920 1320 1053 1376 Erat
1088 1320 1449 1392 incorporeus
1478 1321 1536 1376 in
1564 1336 1798 1391 corpore
1824 1322 2100 1393 passibili,

520 1432 839 1488 corpusque
887 1417 1009 1488 ejus
1042 1417 1097 1472 in
1141 1419 1439 1489 semetipso
1467 1418 1710 1474 habebat
1760 1419 2103 1491 impassibile

520 1508 791 1575 Verbum,
834 1507 1192 1564 inﬁrmitates
1229 1508 1423 1579 ipsius
1460 1510 1717 1582 corporis
1765 1522 2100 1585 protegens;

521 1598 959 1669 unumquodque
1006 1599 1157 1655 enim
1220 1601 1398 1655 altero
1450 1601 1754 1658 comitante
1818 1614 2100 1674 operatur,

514 1691 673 1763 juxta
719 1692 870 1763 quod
921 1692 1210 1764 proprium
1263 1692 1558 1763 habuerit;
1606 1694 1792 1751 Verbo
1839 1696 1990 1766 quod
2016 1706 2102 1753 est

519 1785 708 1851 Vei-bi,
739 1802 974 1857 corpore
1012 1801 1147 1843 vero
1174 1787 1323 1858 quod
1358 1796 1444 1844 est
1473 1787 1726 1859 corporis
1756 1788 2099 1859 perﬁciente.

520 1873 614 1931 Sic
635 1876 783 1932 enim
801 1876 965 1933 docet
986 1885 1211 1934 sanctus
1224 1879 1463 1952 Cyrillus
1480 1881 1538 1936 in
1557 1880 1839 1937 tricesimo
1854 1881 2100 1938 secundo

519 1983 775 2025 sermone
823 1969 1119 2037 Thesauri,
1181 1972 1238 2027 in
1288 1973 1595 2044 Epistolam
1649 1978 1719 2033 ad
1777 1979 2094 2034 Romanos:

516 2060 851 2133 Neutiquam
881 2079 1049 2118 unam
1080 2080 1202 2121 esse
1233 2067 1620 2136 Operationem
1648 2073 1963 2127 naturalem
1999 2072 2096 2129 Dei

517 2164 573 2208 et
601 2163 884 2212 creatura:
928 2156 1196 2223 dicemus,
1230 2159 1306 2215 ita
1356 2169 1417 2215 ut
1446 2176 1551 2218 nec
1593 2163 1744 2234 quod
1775 2164 1982 2221 factum
2012 2172 2100 2222 est

517 2240 585 2295 ad
658 2242 1024 2299 substantiam
1086 2245 1331 2302 divinam
1401 2250 1729 2320 referamus,
1788 2271 1892 2311 nec
1946 2257 2098 2327 Quod

518 2331 723 2387 divinae
764 2343 978 2390 natura:
1025 2338 1309 2406 peculiare
1357 2350 1444 2397 est
1486 2341 1543 2397 in
1588 2344 1771 2401 locum
1812 2348 2096 2418 proprium

518 2423 723 2494 genitis
754 2425 1154 2496 deprimamus.
1208 2430 1359 2488 Idem
1412 2445 1638 2492 sanctus
1690 2438 1873 2507 Pater,
1910 2440 1965 2495 iu
2012 2442 2099 2498 his

517 2532 643 2587 qua:
672 2517 740 2573 ad
772 2519 1167 2591 Theodosium,
1198 2541 1303 2582 nos
1335 2527 1526 2584 eadem
1558 2530 1757 2587 docet:
1781 2531 1980 2589 Totum
1998 2535 2097 2591 toti

522 2609 739 2665 unitum
773 2611 945 2670 fuisse
976 2623 1185 2674 nostrae
1219 2618 1551 2677 humanitati
1586 2623 1829 2680 Verbum
1878 2626 1946 2682 de
1984 2628 2097 2685 Deo

519 2703 789 2773 dicimus;
825 2722 936 2763 non
979 2709 1129 2766 enim
1169 2710 1425 2778 forsitan,
1465 2716 1612 2785 quod
1669 2718 1869 2775 melius
1911 2727 1997 2776 est
2041 2720 2098 2777 in

520 2795 705 2862 nobis,
742 2797 796 2853 id
846 2808 931 2855 est
967 2802 1230 2872 animam,
1281 2806 1436 2861 nullo
1465 2808 1638 2864 verbo
1674 2811 1982 2881 judicassz-t
2007 2814 2097 2869 di-

521 2903 712 2958 gnum,
758 2891 861 2947 soli
893 2893 1048 2949 carni
1078 2911 1242 2965 quam
1271 2896 1618 2955 inhabitabat
1647 2903 1815 2958 verba
1850 2905 2094 2963 tradens.

519 2979 644 3036 istis
666 2983 935 3041 ambabus
957 2986 1097 3043 bene
1118 2991 1439 3062 mysterium
1459 2995 1784 3052 oeconomiae
1804 2996 2093 3071 implebat;

520 3090 690 3130 carne
734 3088 796 3132 ut
836 3078 1211 3138 instrumento
1261 3086 1529 3141 utebatur
1560 3088 1629 3142 ad
1690 3105 1861 3160 opera
1892 3092 2098 3160 carnis,

520 3168 872 3227 inﬁrmitates
892 3173 1104 3229 scilicet
1126 3191 1188 3230 ac
1210 3193 1554 3249 quaecunque
1577 3181 1837 3238 abessent
1854 3203 1883 3239 a
1909 3186 2096 3257 culpa;

2211 672 2558 745 κηρύττομεν
2609 673 2779 727 αὑτοῦ
2834 674 2933 745 τὴν
2986 674 3254 747 θεότητα·
3332 676 3574 749 ὁρῶντες
3621 678 3815 733 αὐτοῦ

2207 763 2279 818 τά
2310 763 2455 836 πάθη
2476 806 2492 830 ,
2546 766 2647 818 οὐκ
2679 764 2995 836 ἀρνούμεθα
3025 765 3193 821 αὐτοῦ
3225 765 3326 838 τὴν
3354 767 3769 841 ἀνθρωπότητα
3792 784 3811 801 ·

2207 856 2331 925 οὐδὲ
2363 857 2432 912 τὰ
2459 856 2717 929 θαύματα
2744 859 2871 929 δίχα
2899 860 3133 931 σαρκὸς,
3189 860 3314 914 οὐδὲ
3341 861 3412 916 τά
3440 861 3588 932 πάθη
3620 864 3817 934 χωρὶς

2208 952 2307 1023 τῆς
2359 951 2639 1022 θεότητος.
2702 952 2815 1006 Καὶ
2865 951 2982 1006 ἔστι
3030 950 3340 1025 παράδοξον
3388 953 3474 1007 δτι
3517 955 3688 1019 αὐτὸς
3728 951 3811 1026 ἦν

2206 1047 2237 1101 6
2264 1047 2513 1119 πάσχων,
2546 1047 2641 1102 καὶ
2672 1046 2748 1119 μὴ
2774 1047 3034 1118 πάσχων⁶
3065 1048 3293 1119 πάσχων
3322 1048 3443 1121 μὲν,
3471 1049 3554 1103 ὅτι
3577 1049 3639 1104 τὸ
3659 1050 3812 1103 [διον

2205 1142 2374 1197 αὐτοῦ
2422 1142 2629 1215 ἔπασχε
2677 1145 2876 1216 σῶμα’
2939 1145 3033 1199 καὶ
3078 1146 3140 1199 ἐν
3179 1145 3329 1217 αὐτῷ
3357 1145 3437 1217 τῷ
3463 1144 3681 1216 σώματι
3725 1143 3809 1218 ἦν

2210 1237 2288 1308 μὴ
2318 1237 2546 1309 πάσχων
2576 1240 2605 1293 6
2632 1241 2699 1311 τῇ
2725 1238 2885 1310 φύσει
2913 1239 3047 1304 Θεὸς
3068 1238 3165 1304 ὢν,
3197 1242 3226 1294 6
3250 1241 3424 1311 Λόγος
3454 1242 3677 1313 ἀπαθὴς
3699 1238 3809 1314 ἦν.

2206 1330 2319 1385 Καὶ
2365 1330 2532 1396 αὐτὸς
2578 1331 2679 1401 μὲν
2727 1334 2756 1386 ό
2794 1331 3087 1402 ἀσώματος
3113 1328 3183 1406 ἦν
3223 1334 3280 1387 ὲν
3308 1333 3389 1405 τῷ
3417 1333 3650 1407 παθητῷ
3679 1334 3811 1388 σώ-

2209 1438 2342 1493 ματι
2359 1439 2375 1454 ο
2411 1423 2475 1476 τδ
2501 1422 2561 1477 δὶ
2592 1422 2757 1494 σῶμα
2785 1420 2931 1494 εἶχεν
2964 1426 3023 1479 ὲν
3048 1424 3230 1496 ἑαυτῷ
3256 1425 3350 1479 τὸν
3374 1425 3562 1497 ἀπαθῆ
3589 1426 3801 1497 Λόγον⁹

2205 1516 2541 1588 ἀφανίζοντα
2575 1517 2677 1581 τάς
2707 1518 2996 1583 ἀσθενείας
3025 1519 3191 1574 αὐτοῦ
3221 1519 3316 1574 τοῦ
3345 1521 3601 1592 σώματος
3627 1537 3643 1552 '
3697 1524 3803 1577 ὲν-

2204 1614 2362 1687 εργεϊ
2399 1612 2509 1684 γάρ
2558 1612 2799 1684 ἑκατέρα
2846 1612 3032 1686 μορφὴ
3088 1614 3229 1684 μετά
3272 1613 3378 1685 τῆς
3410 1615 3642 1686 θατέρου
3674 1634 3805 1670 κοι-

2203 1707 2423 1773 νωνίας,
2453 1708 2594 1780 ὅπερ
2626 1707 2760 1762 ῐδιον
2785 1706 3017 1779 ἔσχηκε⁸
3052 1705 3149 1761 τοῦ
3183 1706 3285 1778 μὲν
3309 1707 3486 1777 Λόγου
3509 1724 3799 1778 κατεργα-

2204 1794 2437 1869 ζομένου
2464 1796 2624 1851 τοῦτο
2650 1796 2788 1869 ὅπερ
2813 1795 2932 1850 ἐστὶ
2961 1795 3055 1851 τοῦ
3084 1797 3285 1868 Λόγου,
3318 1797 3417 1852 τοῦ
3444 1797 3503 1852 δὲ
3534 1794 3798 1869 σώματος

2203 1892 2550 1959 ἐπιτελοῦντος
2584 1893 2729 1965 ἀπερ
2758 1894 2878 1949 ἐστὶ
2906 1891 3002 1948 τοῦ
3030 1890 3306 1962 σώματος.
3348 1890 3523 1945 Τοῦτο
3550 1891 3659 1962 γὰρ
3689 1893 3794 1946 καὶ

2201 1991 2231 2044 6
2264 1990 2322 2042 ὲν
2351 1988 2530 2057 ἀγίοις
2562 1987 2834 2060 Κύριλλος
2864 1987 2923 2040 ὲν
2961 1978 3042 2058 τῷ
3079 1985 3159 2056 λβ⁹
3180 1986 3324 2057 λόγῳ
3362 1984 3457 2040 τοῦ
3489 1984 3791 2057 Θησαυροῦ

2196 2086 2440 2143 διδάσκει
2457 2084 2557 2157 τὴν
2585 2082 3043 2155 πρὸςῬωμαίους
3070 2078 3750 2152 ἑρμηνεύωνἘπιστολήν
3773 2096 3793 2112 υ

2199 2182 2447 2253 Οὗδήπου
2487 2179 2616 2250 μίαν
2645 2172 2788 2231 εἶναι
2823 2176 3063 2246 φυσικὴν
3096 2175 3197 2245 τὴν
3229 2174 3513 2243 ἐνέργειαν
3535 2172 3790 2244 δώσομεν

2198 2273 2335 2329 Θεοῦ
2380 2271 2478 2327 καὶ
2511 2272 2822 2340 ποιήματος
2844 2311 2860 2336 ,
2921 2270 3008 2323 ἵνα
3045 2268 3186 2340 μήτε
3217 2267 3281 2321 τὸ
3309 2267 3537 2339 ποιηθὲν
3569 2268 3651 2331 είς
3682 2267 3789 2338 τὴν

2199 2366 2353 2422 θείαν
2384 2365 2756 2433 ἀναγάγωμεν
2784 2362 2997 2427 οὐσίαν,
3050 2362 3188 2433 μήτε
3219 2361 3327 2433 μὴν
3357 2362 3460 2433 τῆς
3488 2359 3642 2422 θείας
3672 2358 3783 2430 φύ-

2200 2478 2339 2530 σεως
2374 2459 2437 2515 τδ
2470 2458 2751 2530 ἐξαίρετον
2798 2457 2881 2520 είς
2912 2454 3005 2509 τὸν
3038 2457 3154 2519 τοῖς
3181 2456 3463 2525 γεννητοῖς
3497 2453 3785 2524 πρέποντα

2198 2529 2609 2622 παταγάγωμεν
2655 2549 2845 2604 τόπον.
2897 2547 2955 2602 '0
2990 2546 3150 2612 αὐτὸς
3181 2545 3239 2600 δὲ
3272 2546 3427 2614 ἀγιος
3456 2544 3648 2617 Πατὴρ
3683 2544 3783 2599 καὶ

2197 2647 2258 2701 ὲν
2284 2648 2400 2710 τοῖς
2433 2644 2570 2716 πρὸς
2598 2642 2880 2697 Θεοδόσιον
2913 2641 2983 2696 τὰ
3013 2641 3152 2696 αύτά
3185 2642 3333 2712 ἡμᾶς
3361 2640 3670 2695 ἐκδιδάσκει
3693 2638 3783 2693 λέ-

2198 2756 2345 2810 γωνο
2391 2738 2553 2795 Ὅλον
2601 2737 2699 2809 ὅλῃ
2748 2733 3091 2808 συνηνῶσθαί
3131 2752 3312 2806 φαμεν
3363 2736 3430 2806 τῇ
3471 2731 3596 2787 καθ’
3628 2733 3784 2804 ἡμᾶς

2198 2832 2580 2907 ἀνθρωπότητι
2634 2830 2727 2885 τὸν
2776 2832 2842 2884 ἐκ
2883 2828 3021 2882 Θεοῦ
3059 2828 3272 2897 Λόγον⁸
3330 2826 3392 2880 οὗ
3425 2825 3535 2896 γάρ
3580 2841 3685 2877 που
3717 2823 3786 2877 τδ

2198 2927 2421 2999 ἀμεινον
2452 2926 2511 2978 ὲν
2539 2925 2695 2994 ἡμῖν,
2727 2920 2977 2976 τουτέστι
3005 2920 3206 2991 ψυχὴν,
3242 2917 3458 2982 οὐδενὸς
3485 2916 3550 2972 ἂν
3574 2915 3785 2987 ἠξίωσε

2196 3017 2359 3087 λόγου
2395 3017 2529 3089 μόνῃ
2558 3013 2901 3085 δωρούμενος
2928 3014 2995 3083 τῇ
3021 3011 3188 3082 σαρκὶ
3210 3010 3312 3078 τῆς
3334 3007 3627 3080 ἐπιδημίας
3654 3006 3791 3071 τοὺς

2198 3111 2412 3181 λόγους.
2470 3108 2805 3178 Ἐπράττετο
2843 3104 2899 3158 δὲ
2945 3103 3012 3159 δι’
3040 3104 3249 3174 ἀμφοῖν
3291 3101 3471 3164 καλῶς
3506 3101 3606 3170 τῆς
3637 3099 3793 3152 οίκο-

2200 3200 2395 3273 νομίας
2426 3199 2489 3254 τδ
2520 3200 2852 3271 μυστήριον·
2891 3193 3309 3267 προσεχρήσατο
3336 3189 3591 3261 καθάπερ
3616 3188 3793 3259 6976—

519 3264 703 3319 anima
759 3282 894 3321 vero
942 3267 1011 3322 ad
1066 3269 1307 3325 humana
1356 3272 1722 3346 lnuoxiasque
1773 3280 2097 3347 passiones;

2201 3264 2280 3370 νηί
2439 3264 2545 3368 ἰδία
2583 3264 2750 3365 σαρ-ιιὶ
2796 3264 2945 3362 πρὸς*
2968 3289 3038 3343 τὰ
3070 3286 3273 3360 σαρκὸς
3312 3285 3449 3356 ἔργα
3474 3301 3535 3337 τε
3564 3282 3661 3336 καὶ
3682 3282 3790 3355 ἀρ-

519 3354 728 3410 dicitur
783 3358 932 3411 enim
967 3360 1254 3427 esuriisse,
1294 3378 1362 3417 ex
1410 3364 1590 3436 longis
1640 3367 1938 3428 itineribus
1968 3372 2096 3430 fati-

520 3445 771 3515 gationes
789 3449 1143 3515 sustinuisse,
1165 3452 1444 3520 timorem,
1472 3464 1770 3526 terrorem,
1793 3463 2095 3531 tristitiam,

520 3540 773 3610 agoniam
827 3550 995 3614 atque
1034 3543 1090 3599 iu
1140 3562 1305 3603 cruce
1354 3559 1615 3606 mortem.
1668 3552 1944 3625 Namque,
2002 3573 2101 3613 ne-

522 3635 671 3690 mine
708 3646 960 3707 cogente,
1017 3639 1258 3697 animam
1298 3657 1453 3698 suam
1506 3660 1609 3716 pro
1639 3647 1803 3704 nobis
1837 3667 1867 3704 a
1917 3652 2099 3723 seipso

521 3728 728 3797 posuit,
753 3738 809 3783 ut
832 3732 1063 3787 vivorum
1086 3742 1245 3806 atque
1268 3747 1591 3795 mortuorum
1609 3741 1966 3812 domineturl,
1981 3763 2101 3803 car-

522 3837 762 3893 nemque
775 3841 931 3885 suam
950 3831 1198 3887 omnium
1215 3831 1368 3887 carni
1384 3832 1624 3890 reddens
1637 3838 1847 3907 aequale
1865 3839 2097 3907 donum,

521 3914 762 3971 animam
812 3934 915 3988 pro
968 3921 1153 3977 anima
1197 3925 1438 3994 pretium
1498 3929 1748 3985 omnium
1783 3930 2013 3989 faciens.
2041 3935 2100 3991 Si

522 4016 707 4065 autem
758 4012 962 4069 iterum
1008 4016 1123 4073 vita
1167 4014 1421 4076 revocata
1454 4021 1644 4089 fuerit,
1678 4040 1745 4080 eo
1773 4028 1923 4097 quod
1953 4039 2103 4086 esset

524 4101 691 4168 Deus,
721 4108 1065 4176 resurrexit;
1087 4126 1199 4165 non
1238 4113 1384 4167 enim
1420 4124 1571 4171 certe
1595 4117 1806 4188 justum
1833 4131 1981 4177 esset
2010 4123 2100 4179 di-

522 4212 650 4253 cere
664 4213 908 4261 carnem,
935 4203 1067 4258 olim
1091 4205 1274 4261 Verbo
1292 4209 1525 4275 uuilam,
1550 4214 1909 4283 corruptione
1937 4232 2100 4286 posse

520 4289 783 4357 detineri,
830 4293 1184 4367 animamque
1228 4299 1472 4357 divinam
1513 4304 1690 4375 ipsius
1720 4306 1922 4363 inferni
1970 4325 2101 4380 por-

523 4394 699 4440 tarqu
725 4386 841 4442 ﬁeri
870 4391 1140 4459 captivam
1163 4411 1175 4447 :
1196 4394 1313 4449 Non
1336 4397 1615 4454 derelictus
1640 4410 1716 4454 est
1740 4402 1796 4455 in
1813 4403 2021 4473 inferno
2044 4404 2098 4470 δ,

512 4477 669 4546 juxta
712 4481 860 4550 quod
911 4482 1051 4539 dicit
1102 4496 1331 4544 sanctus
1371 4488 1587 4548 Petrus.
1632 4492 1755 4549 Non
1799 4504 1986 4552 autem
2017 4496 2104 4553 di-

516 4571 755 4622 cendum
791 4579 878 4626 est
922 4581 1179 4629 naturam
1218 4578 1342 4647 ejus
1373 4579 1890 4654 incomprehensam
1923 4587 2101 4644 indis-

2205 3392 2543 3465 ρωστήματα
2581 3385 2790 3458 φυσικά
2840 3384 2936 3440 καὶ
2979 3385 3081 3438 ὅσα
3121 3379 3315 3453 μώμου
3349 3378 3599 3451 μακράν·
3634 3377 3787 3448 ψυχῇ

2201 3486 2249 3541 δ’
2289 3485 2429 3557 αὐτῇ
2477 3481 2585 3555 ἰδίᾳ
2640 3480 2778 3552 πρὸς
2820 3477 2891 3532 τὰ
2923 3475 3244 3550 ἀνθρώπινά
3270 3491 3330 3527 τε
3361 3473 3458 3527 καὶ
3485 3472 3790 3526 ἀνυπαιτια

2203 3579 2351 3651 πάθη
2377 3596 2393 3611 ·
2441 3575 2699 3645 πεινῆσαι
2727 3570 2839 3641 γὰρ
2864 3569 3108 3638 λέγεται,
3138 3565 3336 3628 πόνους
3359 3579 3419 3617 τε
3458 3562 3790 3629 ὑπενεγκεῖν

2202 3672 2329 3736 τοὺς
2355 3670 2420 3724 ἐκ
2448 3665 2678 3741 μακρῶν
2703 3660 3047 3733 όδοιποριῶν,
3071 3659 3330 3728 πτοήσεις
3354 3672 3438 3721 τε,
3461 3654 3558 3708 καὶ
3583 3652 3790 3721 φόϐους

2202 3764 2300 3817 καὶ
2337 3760 2515 3831 λύπην
2557 3757 2653 3812 καὶ
2685 3756 2928 3826 ἀγωνίαν
2961 3752 3056 3807 καὶ
3085 3752 3177 3806 τδν
3208 3751 3301 3804 ἐπὶ
3328 3748 3408 3819 τῷ
3434 3744 3657 3817 σταυρῷ
3687 3744 3789 3799 θάο

2201 3874 2381 3912 νατον.
2442 3850 2949 3921 Ἐπαναγκάζοντος
3001 3848 3113 3920 γὰρ
3165 3844 3381 3908 οὐδενὸς
3431 3840 3631 3911 ἔθηκεν
3686 3839 3787 3910 ἀφ’

2202 3946 2398 4004 ἑαυτοῦ
2430 3945 2530 4019 τὴν
2560 3944 2697 3999 ἰδίαν
2719 3940 2900 4014 ψυχὴν
2929 3939 3072 4012 ὑπὲρ
3096 3937 3275 4010 ἡμῶν,
3302 3936 3404 3991 ἵνα
3424 3932 3526 3987 καί
3553 3931 3789 4000 νεκρῶν

2201 4042 2299 4098 καὶ
2345 4040 2575 4103 ᾇόντων
2620 4036 2912 4111 κυριεύσῃ
2933 4048 2949 4065 ’
3011 4031 3194 4100 σάρκα
3224 4027 3325 4099 μὲν
3357 4027 3458 4096 τὴν
3492 4023 3648 4087 ίδίαν,
3683 4024 3787 4093 τῆς

2201 4136 2460 4191 ἁπάντων
2490 4131 2694 4204 σαρκὸς
2724 4126 3012 4189 ἀποτιννὺς
3042 4121 3259 4194 ἀληθῶς
3290 4119 3464 4190 δῶρον
3489 4114 3748 4181 ἀντάξιον
3766 4127 3783 4142 ο

2200 4229 2380 4302 ψυχὴν
2405 4224 2451 4281 δ’
2476 4224 2600 4280 ἀντὶ⁸
2622 4221 2806 4294 ψυχῆς
2829 4218 3148 4288 ἀντίλυτρον
3178 4214 3288 4268 τῶν
3308 4210 3568 4302 ἀπάντων
3594 4204 3789 4302 ποιού-

2206 4296 2402 4390 ιλεῦοξ·
2460 4315 2511 4367 εί
2541 4312 2636 4368 καὶ
2669 4309 2875 4365 ἀνεϐίω
2901 4307 3063 4362 πάλιν
3093 4304 3208 4373 ζωὴ
3243 4301 3388 4356 κατά
3411 4299 3577 4369 φύσιν
3596 4296 3788 4390 61:69-

2202 4387 2313 4480 χων
2340 4407 2417 4471 ὡς
2439 4406 2606 4469 Θεός·
2637 4402 2699 4457 ού
2730 4402 2841 4473 γάρ
2867 4417 2949 4454 τοι
2976 4398 3135 4469 θέμις
3162 4396 3339 4450 εἰπεῖν
3366 4391 3541 4463 φθορᾷ
3567 4390 3669 4480 μεν
3690 4387 3788 4442 δύο

2202 4478 2400 4555 νασθαι
2431 4493 2755 4566 κρατεῖσθαι
2792 4490 2924 4545 ποτὲ
2968 4486 3262 4542 ἑνωθεϊσαν
3291 4482 3370 4553 τῷ
3398 4481 3543 4551 λόγῳ
3573 4478 3782 4550 σάρκα.

2203 4595 2434 4664 κάτοχον
2468 4590 2527 4644 δὲ
2563 4588 2755 4651 αὐταῖς
2793 4584 2921 4658 ᾅδου
2961 4581 3161 4643 πύλαις
3206 4578 3308 4649 τὴν
3335 4574 3489 4629 θείαν
3517 4569 3783 4641 γενέσθαι

516 4660 865 4733 solutamque
893 4666 1125 4723 omnino
1149 4666 1321 4725 fuisse
1352 4683 1555 4737 morte,
1599 4674 1699 4731 sed
1745 4675 2093 4735 divinitatem

2199 4660 2407 4757 ψυχήν·
2439 4684 2559 4739 Οὐκ
2588 4676 3019 4758 ἐγκατελείφθη
3048 4673 3159 4744 γὰρ
3191 4674 3279 4738 εις
3304 4668 3478 4738 ᾅδου,
3511 4664 3655 4721 καθά
3684 4664 3785 4758 καὶ

516 4755 797 4827 lluigeniti
835 4758 889 4814 in
924 4760 1107 4816 sinum
1140 4771 1302 4820 terrae
1354 4768 1675 4824 translatam
1712 4770 1882 4825 etiam
1920 4770 2095 4828 fuisse

513 4848 799 4916 dicemus;
845 4867 956 4907 non
1002 4854 1150 4909 enim
1210 4865 1297 4911 est
1343 4858 1618 4925 mirabile,
1666 4860 1712 4916 si
1769 4861 1826 4916 in
1875 4862 2094 4919 inferno

514 4941 848 5000 habitaverit
896 4946 966 5003 de
1000 4948 1115 5003 Deo
1142 4949 1407 5015 Verbum,
1452 4968 1580 5008 cum
1611 4953 1837 5010 deitatis
1884 4956 2092 5014 virtute

511 5050 576 5089 ac
622 5046 862 5105 natura,
925 5040 1259 5098 mirabiliter
1319 5061 1385 5101 ac
1430 5061 1599 5117 supra
1648 5047 1701 5103 id
1774 5049 1922 5119 quod
1980 5050 2095 5106 dici

511 5136 714 5196 potest,
758 5131 943 5187 omnia
987 5134 1236 5206 impleat,
1279 5145 1447 5208 atque
1506 5138 1563 5193 in
1623 5140 1784 5196 nobis
1832 5142 2093 5198 omnibus

518 5219 812 5277 inhabitet.
867 5226 1078 5283 Deinde
1145 5246 1399 5300 pergens,
1452 5232 1568 5288 hazc
1621 5234 1823 5289 iterum
1875 5235 2013 5290 dicit
2072 5252 2086 5291 :

516 5328 536 5361 ι
572 5311 877 5371 Humanam
912 5316 1286 5377 inﬁrmitatem
1330 5323 1624 5389 occidisse,
1670 5325 1931 5381 virtutem
1954 5342 2087 5382 vero

511 5403 756 5462 divinam
778 5408 1125 5480 viviﬁcasse;
1159 5432 1178 5465 ι
1208 5417 1507 5474 ostendens
1534 5418 1680 5489 quod
1705 5418 1793 5474 bis
1818 5419 2085 5476 artibabus

508 5501 854 5569 agnoscitur,
906 5505 1122 5561 scilicet
1151 5507 1297 5563 inter
1335 5526 1438 5566 nos
1466 5526 1592 5566 esse
1623 5511 1787 5567 simul
1830 5520 1889 5566 et
1915 5527 2085 5582 supra

509 5608 613 5646 nos
657 5601 718 5647 ut
764 5595 960 5651 Deum.
994 5598 1233 5656 Videsne
1280 5603 1562 5671 quomodo
1622 5604 1715 5660 hic
1743 5604 2085 5661 venerabilis

510 5684 675 5739 Pater
707 5685 941 5742 duarum
966 5699 1290 5748 naturarum
1315 5695 1553 5751 virtutes
1583 5695 1637 5751 in
1664 5711 1772 5751 una
1800 5695 2081 5767 hypostasi

509 5798 608 5838 seu
663 5798 772 5839 una
819 5800 1053 5856 persona
1078 5786 1285 5844 Christi
1330 5790 1426 5845 Dei
1473 5788 1649 5847 nostri
1698 5775 2084 5847 demonstrat?

581 5961 798 6022 ‘Bom.
854 5983 961 6035 XIV,
992 5968 1026 6025 9
1122 5970 1148 6010 δ
1196 5967 1314 6025 Act.
1361 5985 1418 6035 ιι,
1468 5970 1557 6025 9.7.

2199 4782 2229 4834 6
2271 4756 2560 4838 θεσπέσιος
2609 4772 2713 4844 ἔφη
2758 4756 2988 4841 Πέτρος.
3048 4767 3124 4821 οὐ
3165 4764 3274 4836 γάρ
3312 4762 3464 4816 ἐστιν
3492 4760 3670 4814 εἰπεῖν
3700 4756 3783 4823 ὡς

2199 4865 2297 4938 τὴν
2322 4865 2563 4935 ἄληπτον
2591 4858 2874 4923 παντελῶς
2899 4857 2994 4912 καὶ
3017 4854 3296 4910 ἀνάλωτον
3326 4851 3406 4922 τῷ
3434 4851 3650 4919 θανάτῳ
3676 4849 3783 4919 φύ-

2201 4970 2286 5007 σιν
2304 4993 2321 5021 ,
2354 4953 2604 5006 τουτέστι
2633 4948 2733 5021 τὴν
2758 4948 2994 5016 θεότητα
3019 4943 3116 4999 τοῦ
3143 4941 3485 5012 Μονογενοῦς
3519 4940 3624 4994 ὑπὸ
3648 4941 3781 5010 χθό-

2152 5111 2156 5114 ‘
2198 5063 2263 5099 va
2298 5044 2485 5116 μυχῶν
2515 5040 2951 5112 ἀνακεκομίσθαι
2977 5039 3254 5111 φήσομενο
3288 5037 3350 5091 οὐ
3377 5037 3486 5107 γὰρ
3513 5035 3579 5089 ἂν
3603 5033 3776 5104 ἠξιώ-

2198 5138 2264 5211 θη
2311 5137 2371 5190 τὸ
2404 5136 2596 5207 χρῆμα
2636 5134 2938 5205 θαύματος,
2987 5133 3036 5186 εἰ
3070 5129 3382 5202 μεμένηκεν
3412 5129 3495 5193 είς
3522 5127 3614 5180 τὸν
3634 5126 3778 5198 ᾅδην

2194 5231 2223 5284 6
2257 5232 2321 5284 ἐκ
2342 5227 2480 5283 Θεοῦ
2502 5230 2678 5298 Λόγος
2703 5229 2771 5298 τῇ
2799 5225 2898 5296 τῆς
2922 5223 3175 5294 θεότητος
3200 5220 3451 5292 ἐνεργείᾳ
3473 5236 3532 5273 τε
3558 5220 3650 5271 καὶ
3672 5218 3778 5286 φύ-

2194 5338 2280 5375 σει
2328 5318 2644 5392 παραδόξως
2670 5333 2731 5371 τε
2772 5317 2866 5370 καὶ
2895 5314 3037 5387 ὑπὲρ
3058 5313 3215 5382 λόγον
3243 5310 3470 5382 πληρῶν
3498 5310 3567 5363 τὰ
3591 5307 3774 5363 πάντα

2192 5415 2288 5469 καὶ
2333 5415 2446 5477 τοῖς
2491 5414 2662 5466 πᾶσιν
2699 5408 3007 5482 ἐπιδημῶν.
3073 5401 3208 5462 Εἶτα
3255 5404 3464 5477 προῖὼν
3508 5402 3587 5474 τῷ
3626 5402 3773 5472 λόγῳ

2188 5505 2366 5561 ταῦτα
2412 5504 2577 5560 πάλιν
2617 5502 2817 5574 φησιν·
2879 5498 3244 5573 ’Λνθρώπινον
3292 5496 3393 5567 μὲν
3423 5495 3485 5550 :6
3508 5493 3768 5548 τεθνάναι

2191 5600 2383 5663 πάθος,
2419 5598 2707 5669 ἐνέργημα
2730 5596 2788 5650 δὲ
2835 5594 3023 5665 θεῖκδν
3054 5591 3119 5646 :6
3161 5588 3464 5647 ἀναϐιῶναι
3486 5604 3502 5620 ο
3549 5586 3766 5649 δεικνὺς

2187 5692 2224 5746 ἀ
2252 5692 2321 5746 δι’
2346 5691 2550 5763 ἀμφοῖν
2586 5688 2911 5761 γνωρίζεται
2939 5686 3063 5743 καθ’
3087 5687 3235 5758 ἡμᾶς
3259 5700 3320 5761 τε
3351 5683 3468 5751 ἅμα
3496 5680 3591 5734 καὶ
3622 5678 3766 5750 ὑπὲρ

2187 5785 2335 5858 ἡμᾶς
2367 5783 2443 5849 ὥς
2470 5782 2621 5848 Θεός.
2655 5782 2820 5855 Ὁρᾷς
2849 5782 2997 5847 ὅπως
3026 5780 3056 5835 6
3078 5777 3374 5853 σεδάσμιος
3401 5766 3555 5841 οὗτος
3577 5768 3767 5845 Πατὴρ
