4112 6558
395 535 527 599 1149

1792 536 2044 597 BULLA
2078 538 2360 599 AUREA.

3533 539 3672 604 1150

387 654 486 715 τὰς
505 651 616 705 τῶν
646 650 741 705 δύο
767 650 981 721 φύσεων
1015 651 1300 722 ἐνεργείας
1335 651 1427 704 ἐπὶ
1454 651 1555 719 τῆς
1585 652 1716 718 μιᾶς
1743 650 1971 705 ὑποστά-

2083 654 2151 708 Et
2182 654 2352 724 paulo
2374 664 2487 725 post
2519 671 2537 709 :
2567 655 2800 717 Deinde,
2840 665 3069 726 propter
3115 671 3217 711 nos
3264 657 3431 713 homo
3464 656 3668 723 factus,

387 763 526 808 σεως
549 746 671 817 ἢτοι
692 744 787 800 τοῦ
809 745 929 810 ἐνὸς
953 747 1247 818 προσώπου
1273 743 1515 816 Χριστοῦ
1535 744 1631 798 τοῦ
1654 744 1793 798 Θεοῦ
1816 747 1849 815 ἡ
1859 744 1975 813 μῶν

389 837 759 910 παραδίδωσις
824 838 932 892 Kal
978 839 1108 909 μετ’
1151 838 1327 906 ὀλίγα
1352 852 1366 867 ·
1423 832 1560 890 Εἶτα
1602 836 1671 889 δι’
1701 837 1848 908 ἡμᾶς
1878 835 1975 890 ἄν·

387 932 608 1003 θρωπος
655 930 951 1002 γενόμενος
1010 930 1209 1002 ὁρατὸς
1261 930 1352 983 καὶ
1388 929 1714 1001 ψηλαφητὸς
1743 930 1971 999 γέγονεο

387 1026 482 1079 καὶ
538 1024 625 1079 διὰ
673 1024 785 1079 τῶν
834 1024 995 1078 θείων
1039 1041 1098 1077 τε
1150 1024 1242 1077 καὶ
1284 1023 1642 1094 ἀνθρωπίνων
1681 1022 1976 1096 ἐνεργειῶν

388 1117 729 1190 φανερωθεὶς
772 1118 1039 1190 ὑπάρχειν
1081 1121 1139 1172 ἐν
1178 1116 1396 1187 θεότητι
1439 1117 1535 1172 καὶ
1560 1117 1968 1190 ἀνθρωπότητι,

387 1212 622 1265 δέδωκεν
667 1213 801 1282 ἡμῖν
830 1211 1125 1281 γινώσκειν
1148 1212 1231 1265 ὅτι
1280 1213 1338 1265 ἐν
1359 1208 1443 1275 οἷς
1485 1210 1758 1279 ἐγνώσθη,
1783 1210 1840 1277 ἐξ
1874 1210 1973 1264 αὑ-

387 1304 496 1358 τῶν
528 1305 849 1359 συνίσταται
868 1322 882 1336 ο
908 1304 1053 1358 οὑτω
1082 1306 1192 1375 γὰρ
1215 1305 1307 1358 καὶ
1326 1305 1375 1358 οἱ
1408 1305 1555 1374 ἆγιοι
1585 1305 1829 1375 Πατέρες
1862 1305 1971 1374 ἀμ-

388 1396 628 1468 φοτέρας
661 1396 763 1461 τὰς
793 1398 977 1467 φωνὰς
1009 1396 1433 1468 ὁμολογοῦντες,
1468 1397 1716 1451 τουτέστι
1750 1398 1847 1451 καὶ
1875 1396 1974 1469 τὴν

387 1493 452 1545 ἐκ
489 1489 745 1561 θεότητος
796 1489 892 1544 καὶ
936 1489 1362 1561 ἀνθρωπότητος
1396 1490 1466 1545 δι’
1492 1491 1765 1562 ἑκατέρας
1792 1492 1974 1545 αὐτῶν

2082 748 2321 803 visibilis
2369 748 2789 819 tractabilisque
2818 749 2999 805 factus
3030 760 3137 805 est.
3180 750 3433 821 Cumque
3464 750 3674 806 divinis

2084 853 2252 914 atque
2297 844 2556 899 humanis
2586 844 2890 900 virtutibus
2922 846 2975 900 in
3022 844 3319 899 divinitate
3368 860 3433 898 ac
3472 845 3673 899 huma-

2081 940 2256 995 nitate
2297 953 2421 993 esse
2452 939 2827 1008 apparuisset,
2856 938 3016 993 nobis
3039 937 3487 1008 cognoscendum
3518 937 3674 992 dedit

2080 1043 2140 1083 se
2180 1042 2249 1082 ex
2294 1026 2432 1096 ipsis
2487 1026 2799 1082 subsistere
2834 1027 3042 1097 quibus
3087 1027 3401 1097 patefactus
3442 1034 3550 1080 est.
3580 1026 3674 1081 Sic

2078 1135 2212 1191 ergo
2259 1122 2432 1175 sancti
2480 1118 2674 1175 Patres
2729 1120 2827 1174 has
2873 1119 3064 1175 ambas
3102 1135 3268 1174 voces
3320 1118 3669 1181 conﬁtentes,

2079 1228 2250 1268 unam
2296 1212 2511 1267 scilicet
2544 1210 2613 1266 de
2657 1212 2864 1267 deitate
2893 1224 3058 1283 atque
3108 1213 3340 1267 alteram
3371 1212 3440 1266 de
3469 1210 3669 1265 huma-

2079 1307 2274 1370 nitate,
2312 1322 2377 1360 ex
2409 1314 2647 1376 utraque
2680 1305 3059 1361 inconcretam
3099 1315 3267 1375 atque
3319 1303 3669 1359 individuam

2079 1397 2446 1453 (economiam
2504 1397 2689 1467 magni
2753 1397 2851 1451 Dei
2919 1396 3099 1451 nostri
3173 1395 3485 1451 Salvatoris
3536 1395 3671 1451 Jesu

2079 1490 2284 1546 Christi
2348 1490 2597 1545 tradunt.

387 1589 448 1645 τδ
476 1588 783 1659 ἀσὺγχυτόν
809 1605 869 1642 τε
912 1588 1007 1643 καὶ⁸
1070 1588 1382 1661 ἀδιαίρετον
1415 1592 1516 1661 τῆς
1579 1588 1899 1660 οἰκονομίας
1932 1587 2029 1641 τοῦ
2071 1586 2310 1659 μεγάλου
2359 1587 2497 1641 Θεοῦ
2552 1587 2647 1641 καὶ
2692 1586 2947 1659 Σωτῆρος
2988 1586 3147 1658 ἡμῶν
3198 1585 3378 1659 Ἰησοῦ
3424 1582 3669 1658 Χριστοῦ

389 1684 802 1755 παραδιδόασιν.
846 1690 849 1695 ’

3459 1876 3659 1898 -ι

389 2041 1209 2132 ΧΡΥΣΟΒΟΥΛΟΝ
1280 2040 1511 2129 ΤΟΥ
1580 2037 2138 2129 ΑΟΙΔΙΜΟΥ
2212 2037 2746 2145 ΒΑΣΙΛΕΩΣ
2820 2035 3654 2133 ΙΟΥΣΤΙΝΙΑΝΟΥ.

1031 2233 1075 2285 Ο
1110 2228 1515 2286 ΕΔΩΡΗΣΔΤΟ
1555 2229 1664 2282 ΕΙΣ
1709 2226 1847 2282 TON
1897 2225 2037 2281 ΤΟΥ
2080 2225 2242 2280 ΣιΝΑ
2282 2224 2505 2280 ΟΡΟΥΣ
2545 2222 2979 2279 ΗΓΟΥΜΕΝΟΝ
3014 2225 3031 2256 ¹

831 2541 1479 2634 DECRETUM
1558 2541 2447 2633 ILLUSTRISSIMI
2523 2538 3227 2634 JUSTINIANI

1267 2739 1555 2803 DATUM
1603 2739 1714 2801 AD
1772 2736 2157 2800 ABBATEM
2207 2738 2517 2800 MONTIS
2561 2736 2799 2799 SINAI.

1312 2903 1726 2975 (TiscnnNnonr,
1744 2903 2013 2961 Anecdota
2042 2920 2197 2959 sacra
2226 2912 2276 2957 et
2301 2903 2552 2975 profana,
2578 2918 2634 2976 p.
2665 2900 2779 2974 56.)

462 3203 520 3256 El
551 3202 609 3257 δέ
636 3202 729 3255 καὶ
758 3200 986 3273 ἀνδράσι
1023 3202 1138 3266 τοῖς
1166 3200 1494 3273 περιδεξίοις
1553 3203 1632 3267 είς
1670 3201 1971 3275 ὑπηρεσίαν

2149 3203 2206 3259 Si
2228 3203 2378 3259 viros
2407 3203 2503 3275 qui
2533 3203 2756 3276 regibus
2785 3203 3117 3275 adjuvandis
3139 3204 3303 3275 periti
3326 3213 3479 3272 sunt,
3499 3214 3668 3277 atque

389 3295 499 3348 τῶν
532 3294 799 3365 βασιλέων
830 3295 850 3325 ’
884 3293 1165 3365 ἀρχόντων
1210 3293 1739 3365 καταστρατηγῆσαι
1766 3296 1784 3325 ³
1815 3294 1847 3366 ἢ
1881 3294 1979 3347 πό-

389 3388 527 3439 λεων
554 3387 853 3456 διοικήσεις
888 3386 1300 3457 ἐγχειρισθῆναι
1349 3387 1381 3459 ἢ
1434 3387 1598 3450 λαοὺς
1632 3387 1906 3457 όδηγῆσαι
1941 3387 1974 3457 ἢ

390 3481 485 3534 καὶ
542 3479 657 3534 ἄλλ’
703 3480 842 3534 ἄττα
892 3478 1120 3533 τοιαῦτα
1169 3478 1191 3510 ⁸
1225 3478 1487 3551 πράττειν
1545 3478 1850 3548 δεδομένοις
1898 3477 1976 3549 τῷ

390 3570 581 3642 κράτει
608 3568 709 3639 τῆς
742 3568 852 3622 τῶν
875 3567 1158 3638 Ῥωμαίων
1188 3567 1365 3640 ἀρχῆς
1399 3568 1701 3637 φαινόμενα
1726 3568 1978 3637 χρήσιμα

385 3663 556 3735 τιμὴν
597 3664 885 3734 ἐπιμετρεί
937 3663 1035 3733 τὴν
1080 3664 1469 3734 προσήκουσαν
1498 3660 1608 3713 τῶν
1665 3660 1928 3731 ὑπηκόων
1953 3660 1975 3692 ⁵

387 3760 503 3815 ὅσοι
561 3758 926 3830 εὐγνώμονες,
964 3758 1348 3829 εἰσηγούμενοι
1383 3756 1583 3811 δίκαιοι
1635 3754 1702 3810 ἂν
1758 3750 1870 3809 εἷεν
1906 3753 1976 3809 τὰ

388 3850 486 3919 τῆς
515 3853 799 3925 ὑποθήκης
828 3852 1034 3906 τούτων
1070 3851 1290 3921 βλέπειν
1313 3850 1372 3903 τὸ
1404 3849 1577 3921 πέρας
1608 3849 1976 3919 ἐπιδεχόμενα

388 3946 616 4016 ἀνδράσι
646 3949 861 4016 σεμνοῖς
892 3945 987 3999 καὶ
1016 3944 1115 4016 βίῳ
1142 3943 1233 3997 καὶ
1264 3944 1451 4014 τρόπῳ
1474 3943 1568 3996 καὶ
1588 3940 1708 4010 Θεῷ
1741 3941 1974 4010 πλησιά-

387 4039 572 4103 ζουσιν
602 4041 644 4105 ε,
669 4040 768 4110 οὐχ
800 4040 901 4092 ὅσα
931 4038 1041 4091 τῶν
1073 4038 1215 4092 κατὰ
1236 4038 1303 4090 τὰ
1337 4036 1516 4100 ἐκτὸς,
1558 4034 1965 4097 συντεινόντων,

384 4134 525 4188 ἀλλὰ
555 4132 790 4203 κρείττω
839 4132 930 4185 καὶ
960 4132 1041 4195 εἰς
1090 4130 1269 4202 ψυχὴν
1314 4130 1481 4200 αὑτὴν
1526 4128 1973 4199 παραπέμποντα

384 4228 483 4296 τὴν
527 4226 814 4294 ὠφέλειαν,
854 4224 1053 4296 μᾶλλον
1085 4225 1142 4279 δὲ
1196 4224 1291 4278 καὶ
1337 4223 1494 4277 τοῦτο
1538 4225 1760 4278 κάκεῖνο
1812 4239 1971 4293 περι-

384 4318 685 4387 ποιούμενα
719 4316 930 4381 τούτοις
977 4320 1041 4370 ἐκ
1083 4317 1182 4387 τῆς
1211 4315 1418 4370 ἄνωθεν
1445 4314 1625 4380 δεξιᾶς
1665 4313 1969 4383 προϐαλλο-

388 4412 557 4481 μένης
581 4413 693 4474 τοῖς
716 4409 1115 4481 αὐτοκράτορσι
1145 4425 1159 4438 ο
1185 4408 1304 4473 πῶς
1350 4410 1451 4462 οὑκ
1479 4407 1545 4463 ἂν
1573 4408 1659 4477 εῐη
1691 4405 1799 4462 τῶν
1836 4406 1969 4460 καθ-

384 4504 627 4571 ηκόντων
677 4504 951 4567 ἐπικλινές
995 4503 1158 4556 ὠτίον
1204 4501 1492 4573 βραϐεύειν
1542 4502 1641 4555 καὶ
1686 4502 1765 4565 είς
1814 4487 1965 4565 τ’έλος

2082 3298 2363 3373 exercitus
2386 3297 2593 3353 ducere
2613 3340 2626 3361 ,
2657 3298 2822 3353 urbes
2859 3296 3272 3362 administrare,
3310 3307 3505 3369 gentes
3533 3298 3670 3353 diri—

2080 3407 2230 3461 gere,
2266 3401 2322 3447 et
2350 3391 2626 3462 quidquid
2674 3390 3048 3446 Romanorum
3097 3390 3332 3462 imperio
3367 3392 3666 3448 utilitatem

2078 3485 2296 3549 afferat,
2327 3485 2556 3554 exsequi
2592 3485 2815 3549 callent,
2840 3485 2996 3555 justo
3020 3484 3231 3539 honore
3249 3494 3668 3555 prosequuntur

2079 3588 2353 3650 quotquot
2368 3579 2575 3634 civium
2595 3578 2737 3633 bene
2757 3577 3004 3632 sentiunt
3028 3577 3339 3647 :quomodo
3359 3577 3664 3648 principes.

2078 3674 2172 3744 qui
2202 3689 2430 3743 scopum
2461 3672 2822 3728 consiliorum
2858 3687 2888 3728 a
2919 3672 3055 3726 viris
3090 3671 3426 3726 venerandis
3453 3680 3510 3726 et
3550 3672 3664 3725 vita

2077 3780 2233 3835 anque
2290 3780 2356 3819 ac
2416 3764 2664 3820 moribus
2736 3764 2851 3819 Deo
2922 3762 3201 3818 similibus
3268 3762 3664 3833 prodeuntium

2071 3855 2218 3927 justa
2256 3855 2414 3909 lance
2454 3853 2767 3923 ponderare
2820 3852 3009 3907 valent
3036 3892 3051 3913 ,
3099 3852 3467 3907 consiliorum
3490 3893 3505 3918 ,
3541 3868 3667 3922 qua:

2075 3962 2188 4001 non
2214 3946 2281 4000 ad
2335 3945 2611 3999 exteriora
2643 3952 2916 4013 spectant,
2959 3942 3056 3999 sed
3100 3944 3489 4014 prmstantiora
3537 3953 3667 4000 sunt

2074 4047 2131 4095 ct
2177 4038 2373 4093 animae
2419 4037 2525 4108 ipsi
2572 4044 2829 4105 prosunt,
2889 4037 3001 4091 imo
3048 4052 3221 4093 unum
3282 4046 3340 4093 et
3402 4038 3662 4104 alterum,

2073 4132 2289 4186 favente
2350 4129 2597 4200 potentia
2646 4129 2853 4194 divina,
2898 4138 3184 4199 praestant,
3238 4130 3543 4199 quomodo,
3575 4130 3662 4184 in-

2072 4238 2259 4293 quam,
2279 4238 2388 4276 non
2415 4221 2613 4277 deceat
2636 4236 2818 4291 reges,
2858 4222 3073 4277 facilem
3109 4222 3360 4293 prmbere
3383 4239 3577 4278 aurem
3606 4236 3664 4279 et

2072 4332 2194 4387 qua:
2247 4324 2512 4385 petuntur
2561 4314 2629 4370 ad
2680 4315 2845 4368 linem
2900 4316 3259 4385 perducere?
3304 4316 3578 4371 Cmterum
3614 4319 3660 4371 si

2071 4408 2152 4465 rei
2181 4408 2341 4464 bona:
2384 4408 2565 4479 majus
2591 4408 2865 4463 accrescit
2904 4408 3148 4477 pretium
3182 4424 3213 4462 a
3241 4408 3522 4478 precibus,
3548 4424 3661 4463 non

2070 4498 2203 4569 quia
2239 4499 2316 4553 illi
2343 4498 2631 4569 petierint,
2664 4497 2762 4553 sed
2795 4497 2943 4567 quod
2981 4513 3071 4553 res
3106 4513 3206 4568 per
3232 4514 3290 4553 se
3314 4506 3560 4567 spectata
3590 4498 3659 4552 ad

384 4596 536 4665 ἄγειν
574 4595 721 4666 ᾇπερ
753 4596 1093 4665 αἰτήσαιντο.
1130 4571 1287 4671 Είδέ
1317 4593 1413 4648 καὶ
1465 4593 1627 4657 ἄλλος
1663 4596 1731 4663 τῇ
1782 4592 1965 4664 δεήσει

2076 4590 2331 4647 allectum
2364 4590 2593 4661 perduci
2646 4599 2949 4655 mereatur,
3003 4590 3179 4645 multo
3210 4590 3400 4660 potius
3444 4590 3659 4661 princi—

379 4690 606 4758 τιμᾶται
650 4688 710 4741 τὸ
741 4675 1117 4755 εὑλογον,ὀὺχ
1157 4687 1308 4748 ὅπως
1338 4684 1425 4737 διὰ
1452 4685 1552 4755 τὴν
1578 4684 1785 4737 τούτων
1808 4684 1828 4715 ⁷
1867 4702 1968 4738 παι

382 4781 669 4851 ράκλησιν,
702 4778 816 4833 ἀλλ’
847 4778 948 4849 ήδη
982 4780 1077 4831 καὶ
1118 4776 1241 4829 καθ’
1275 4776 1407 4829 αὐτὸ
1439 4776 1500 4828 τὸ
1528 4776 1762 4846 πρᾶγμα
1791 4774 1961 4839 ἀξίως

2072 4700 2202 4753 pum
2224 4693 2329 4748 est,
2354 4683 2616 4752 precibus
2654 4682 2876 4736 illorum
2908 4683 3178 4737 accedere
3199 4692 3396 4752 etquae
3424 4698 3658 4753 rogave-

2073 4778 2185 4831 rint
2211 4786 2498 4847 praestare,
2536 4785 2599 4832 ut
2625 4792 2736 4831 non
2772 4776 2937 4831 modo
2958 4777 3091 4841 illis,
3118 4777 3216 4831 sed
3246 4776 3413 4831 etiam
3428 4776 3660 4847 justitite

380 4873 494 4943 ἔχει
524 4874 545 4904 ⁸
569 4872 845 4941 γενέσθαι,
878 4867 1181 4939 τηνικαῦτα
1211 4868 1303 4920 καὶ
1336 4866 1540 4936 μᾶλλον
1562 4870 1685 4928 ταῖς
1710 4868 1960 4938 αἰτήσεσι

2076 4868 2429 4925 satisfaciant.
2489 4868 2609 4923 lloc
2649 4884 2801 4923 nunc
2847 4868 2984 4923 mihi
3017 4868 3308 4937 'contingit
3356 4868 3548 4923 videre
3582 4868 3660 4923 fa-

379 4964 587 5019 τούτων
644 4962 958 5015 ἐπαινετέον
1012 4960 1141 5021 τοὺς
1175 4959 1416 5021 ἄνακτας
1451 4959 1547 5010 καὶ
1598 4959 1906 5028 παρεκτέον
1936 4959 1958 4990 ⁸

2064 4975 2239 5025 ctum,
2279 4963 2408 5017 dum
2441 4962 2713 5034 insignem
2754 4963 2957 5017 montis
2984 4961 3131 5017 Sina:
3162 4962 3362 5017 incolis
3386 4963 3656 5017 honorem

382 5054 524 5125 ἅπερ
552 5056 811 5120 ἐθέλοιεν,
847 5052 913 5106 ἶν’
942 5047 1053 5105 εἷεν
1082 5050 1143 5103 οὑ
1173 5049 1335 5120 μόνον
1360 5050 1565 5113 αὑτοῖς,
1601 5049 1739 5103 ἀλλὰ
1767 5050 1861 5102 καὶ
1884 5049 1961 5119 τῷ

2076 5050 2280 5115 tribuo,
2327 5050 2661 5105 sanctissimi
2699 5067 2763 5106 ac
2806 5066 3021 5105 summe
3054 5051 3352 5106 venerandi
3380 5062 3658 5122 metropm

379 5146 578 5218 δικαίῳ
601 5148 745 5201 κατὰ
774 5147 834 5201 τὸ
858 5146 1005 5210 εἰκὸς
1028 5144 1383 5217 χαριζόμενοι
1414 5144 1481 5196 ¹⁶.
1509 5140 1683 5196 Τοῦτο
1716 5142 1811 5196 καὶ
1835 5141 1963 5213 ἄρτι

2076 5144 2179 5198 lita:
2227 5142 2586 5197 Ptolemaidis
2612 5142 2874 5213 precibus
2901 5152 3211 5212 permotus.
3232 5144 3487 5215 Iniquum
3505 5144 3654 5199 enim

378 5242 446 5311 τῇ
486 5238 733 5312 βασιλείᾳ
777 5257 880 5310 μου
910 5239 1175 5310 πάρεστιν
1232 5236 1360 5289 ἰδεῖν
1405 5233 1822 5306 ἐκτελούμενον,
1852 5234 1960 5288 δω-

2076 5235 2294 5290 omnino
2322 5235 2537 5299 censui,
2582 5234 2729 5305 justa
2765 5234 2979 5306 petenti
3007 5235 3154 5289 haud
3186 5235 3377 5291 faciles
3404 5237 3655 5308 prmbere

382 5336 620 5408 ρουμένῃ
649 5338 764 5398 τοῖς
808 5336 867 5388 ἐν
892 5333 971 5404 τῷ
999 5333 1115 5404 δρει
1146 5332 1279 5385 Σινᾶ
1309 5331 1480 5401 τιμὴν
1508 5331 1608 5400 τὴν
1637 5328 1963 5402 ὑπέρτιμονο

2076 5344 2249 5393 aures,
2298 5337 2396 5383 aut
2446 5328 2725 5399 denegare
2776 5344 2900 5398 qum
2945 5328 3097 5399 justo
3132 5328 3396 5383 damnum
3445 5330 3652 5385 afferre

374 5429 537 5482 τοῦτο
585 5429 685 5500 μὲν
728 5428 796 5482 δι’
825 5426 1037 5482 ἱκεσίαν
1076 5426 1144 5500 ἢν
1186 5427 1485 5501 ἐποιήσατο
1534 5424 1676 5496 πρὸς
1709 5423 1811 5495 ἐμὲ
1860 5425 1901 5456 ¹¹
1936 5425 1966 5477 ό

2076 5422 2422 5484 videbantur.
2480 5423 2754 5479 Praeterea
2795 5436 2955 5477 mons
2995 5420 3112 5488 ille,
3151 5437 3220 5478 ex
3266 5438 3389 5477 mea
3425 5424 3652 5495 quidem

1648 5538 1887 5595 νΑιιιΑιῖ
1930 5538 2342 5595 LECTIONES.

449 5636 464 5666 ¹
497 5633 633 5690 Cod.
667 5635 863 5691 Dresd.
896 5634 1153 5707 Ὀρισμδς
1180 5634 1275 5690 τοῦ
1302 5636 1567 5707 βασιλέως
1612 5634 2015 5698 Ἰουστινιανοῦ,
2061 5634 2122 5687 ὃν
2172 5636 2430 5707 ἐποίησεν
2464 5634 2553 5707 διᾲ
2604 5633 2667 5688 τὸ
2726 5632 3098 5707 θιεοσάδισξτονΔ
3123 5632 3248 5707 ὅρος

375 5705 398 5776 ξ
427 5704 502 5759 Ita
528 5707 651 5760 cod.
683 5707 877 5772 Dresd,
904 5722 932 5760 a
960 5703 1135 5776 prima
1162 5703 1326 5761 manu
1355 5708 1517 5771 :cod.
1551 5707 1703 5776 Lips.
1745 5714 1802 5761 et
1832 5714 2115 5761 corrector
2136 5703 2344 5761 codicis
2373 5706 2564 5776 Dresd.
2620 5708 2700 5768 είς
2746 5704 3041 5776 ὑπηρετῶν
3059 5703 3359 5776 βασιλέων.
3461 5703 3484 5776 ξ
3511 5703 3647 5776 (ξοό.

373 5774 567 5848 l_)resd_.
596 5772 1069 5848 καταστρατῆσαι.
1146 5777 1167 5809 ⁸
1195 5777 1332 5833 Cod.
1356 5778 1550 5833 Dresd.
1580 5772 1783 5848 ἢ’ἄλλα
1811 5779 1877 5831 τὰ
1903 5776 2177 5848 λτοιαὺτας
2208 5784 2398 5848 postea
2433 5775 2578 5831 idem
2610 5772 2889 5848 δεομένοις
2920 5790 3023 5848 pro
3051 5772 3379 5848 δεδομένοις.
3458 5774 3479 5805 ⁵
3508 5772 3644 5848 Cod.

374 5792 567 5830 uresn.
596 5794 1069 5848 καταστρατησαι.
1146 5792 1167 5809 '
1195 5792 1332 5833 Lua.
1360 5792 1550 5833 uresu.
1580 5792 1613 5848 η
1646 5792 1783 5831 auat
1811 5792 1877 5831 τα
1912 5793 2177 5842 rotatu-ra;
2208 5792 2398 5846 poswa
2433 5792 2578 5831 tuem
2610 5792 2699 5829 οεο
2747 5792 2889 5839 ενοις
2920 5792 3023 5844 pro
3051 5792 3379 5845 οεοομενοις.
3458 5792 3479 5805 ν
3508 5792 3644 5827 hoc.

374 5844 568 5919 Dresd.
598 5863 710 5919 om.
744 5848 853 5919 τῶν
881 5847 1167 5919 ὑπηκόωνἶ
1229 5850 1289 5919 Α⁶
1317 5848 1455 5919 God.
1494 5849 1644 5919 Lips.
1668 5846 2081 5919 πλησιάζουσα
2180 5848 2199 5877 ⁷
2229 5846 2451 5919 Τούτων
2508 5861 2577 5900 ex
2618 5792 2744 5919 cedi.
2796 5845 2995 5919 Dresd,
3058 5853 3183 5913 est;
3226 5844 3377 5919 Lips.
3418 5843 3646 5919 omittit.

373 5916 395 5943 ⁸
430 5917 585 5980 Ἔχει
612 5934 625 5961 ν
656 5913 1109 5990 ἱῑειῦςεεὼωοιι
1154 5917 1323 5973 habet
1361 5918 1511 5990 Lips.
1561 5913 1576 5919 ’
1616 5919 1637 5951 ⁹
1664 5918 1741 5975 Ita
1782 5913 1943 5989 Lips.
1994 5916 2194 5985 habet;
2228 5917 2423 5974 Dresd.
2466 5916 2761 5990 παρητέον.
2864 5917 2908 5951 ⁸ο
2936 5915 3178 5988 Uterque
3218 5913 3394 5973 codex
3425 5913 3647 5985 χαριζό-

376 6003 560 6055 μενον.
638 5990 677 6021 ⁸⁸
710 5987 846 6045 Cod.
874 5988 1066 6045 Dresd.
1096 5990 1229 6060 πρός
1261 6006 1351 6060 με.
1431 5987 1444 5990 ⁷
1781 5992 1786 5998 ’

3302 5633 3364 5687 τὸ
3414 5633 3647 5687 Σίναιον.
