4088 6550
569 418 591 483 1
608 418 709 484 159
1907 406 2183 477 ΑΟΑΡΕΊ

2275 408 2588 473 DIACON!
3370 417 3379 425 ’
3718 409 3865 474 1160

562 532 879 599 Phalaride,
926 534 1172 604 Agapeto
1217 534 1271 585 et
1308 527 1512 584 Basilio
1559 525 1882 582 Macedone.
1936 524 2130 579 Eidem
2181 522 2556 579 Hendreichio
2597 534 2983 580 memorantur
3024 540 3249 596 quoque
3308 527 3544 583 Andreae
3583 526 3863 582 Werneri

563 627 682 699 (qui
738 624 932 681 Latine
979 622 1168 686 vertit,
1225 621 1475 693 Magdeb.
1529 620 1584 682 8,
1661 619 1742 674 uti
1791 617 1963 674 etiam
2015 618 2214 672 Petrus
2265 616 2568 688 Bizarrus),
2616 617 2857 675 Conradi
2902 619 3285 685 Rittershusii,
3334 620 3487 687 Lips.
3539 622 3703 686 1611,
3761 624 3861 679 12.

559 722 645 779 Jo.
677 720 949 787 Bercovii,
978 728 1036 776 et
1064 718 1291 775 Henrici
1323 716 1555 772 Kitsehii
1585 714 1860 772 edi-tiones
1894 713 2044 783 Lips.
2072 712 2241 779 -1615,
2269 714 2302 767 4
2325 710 2401 784 [τι.
2432 712 2591 777 1610,
2618 714 2673 767 1.
2708 729 2797 785 ap.
2841 713 3115 783 Adelung.
3149 714 3188 769 l.
3223 712 3325 787 c.].
3688 722 3691 725 ‘

633 815 922 887 Expositio
951 806 1209 883 capitum
1244 809 1729 883 parzeneticorum,
1758 821 1885 862 eum
1925 804 2071 860 notis
2114 803 2382 874 Stephani
2402 804 2766 877 Schteningii,
2804 806 3181 871 Franeckerae,
3215 807 3373 871 1608,
3406 807 3484 873 8.,
3514 822 3640 864 cum
3663 811 3860 866 sancti

561 907 670 965 Nili
701 905 1179 962 admonitionibus
1209 912 1265 959 et
1291 902 1479 958 libello
1502 902 1577 956 De
1613 899 1932 963 virtutibus,
1968 898 2063 968 qui
2087 897 2376 953 Aristoteli
2408 898 2675 953 tribuitur
2703 897 2840 971 [rec.
2873 899 3104 962 Gorlitz,
3140 899 3302 963 1679,
3331 899 3411 973 8].

630 1000 769 1056 Cum
798 999 1058 1055 versione
1103 995 1333 1067 duplici,
1362 993 1870 1058 dissertationibus,
1909 990 2200 1062 exemplis,
2246 991 2649 1062 quaestionibus
2693 1008 2794 1063 per
2831 991 3130 1064 Georgium
3183 993 3515 1058 Drandium,
3575 994 3856 1056 Francol’.

564 1098 725 1165 1615,
756 1098 790 1152 4
814 1114 834 1167 ;
861 1106 917 1152 et
956 1095 1117 1159 1659,
1149 1095 1203 1149 4.

634 1193 695 1248 lu
726 1190 990 1248 Auctario
1020 1185 1380 1242 Bibliotheca:
1397 1185 1624 1240 Patrum
1655 1183 1946 1246 Ducaeano,
1980 1181 2157 1237 Paris.
2186 1180 2346 1248 1694,
2380 1180 2629 1237 fol.tom.
2662 1180 2730 1245 ll,
2755 1196 2878 1252 pag.
2911 1180 3050 1248 562;
3080 1190 3137 1236 et
3162 1190 3294 1238 tom.
3314 1180 3412 1238 ΧΠ
3441 1181 3583 1238 Bibl.
3617 1183 3859 1240 Patrum

563 1287 922 1350 Horclliame,
952 1285 1127 1340 Paris.
1166 1282 1325 1347 1644,
1368 1297 1423 1351 p.
1450 1280 1574 1336 607.

633 1376 860 1450 Agapeti
902 1373 1115 1430 Scheda
1146 1372 1296 1443 regia
1340 1380 1397 1426 et
1422 1369 1608 1425 Basilii
1645 1367 1962 1425 Macedonis
1990 1367 2408 1424 adhortationes
2450 1367 2518 1423 ad
2567 1367 2809 1424 Leonem
2845 1364 3042 1431 lilium,
3081 1382 3208 1423 eum
3270 1368 3525 1425 versione
3563 1371 3858 1425 recensita

563 1489 594 1528 a
624 1468 946 1528 Bernhardo
988 1462 1215 1531 Damke,
1248 1460 1676 1533 Hamburgensi,
1726 1457 1931 1515 additis
1959 1458 2080 1531 ejus
2114 1458 2264 1514 notis
2307 1456 2417 1531 [sat
2458 1454 2748 1530 copiosis],
2777 1454 2947 1511 Basil.
2981 1455 3139 1523 1655,
3189 1454 3223 1509 8
3260 1455 3420 1529 [usus
3488 1474 3716 1531 quoque
3761 1455 3861 1515 es‘

565 1559 1129 1730 edi;
1157 1649 1307 1723 regia
1357 1656 1648 1720 repurgata
1697 1646 1914 1703 mendis
1958 1657 2015 1704 et
2050 1646 2341 1719 explanata
2372 1660 2405 1702 a
2449 1647 2512 1703 P.
2540 1644 2770 1702 Guerin.
2822 1645 3000 1702 Paris.
3046 1644 3207 1702 1655.
3237 1645 3293 1702 8.
3333 1646 3494 1702 FABR.
3543 1644 3858 1723 Inscriptio

563 1758 620 1813 in
648 1758 862 1812 Bunau.
894 1752 1068 1809 Catal.
1112 1758 1248 1804 tom.
1286 1748 1377 1814 Ill,
1419 1747 1530 1802 vol.
1571 1746 1614 1812 l,
1658 1761 1783 1817 pag.
1826 1745 1917 1811 99,
1957 1754 2080 1801 est:
2117 1744 2345 1820 Agapeti
2394 1743 2589 1815 Capita
2618 1742 2991 1799 admonitoria
3025 1758 3192 1809 Lxxu,
3225 1742 3294 1798 ad
3340 1744 3637 1801 Justinian.
3678 1746 3859 1819 imp.,

562 1856 661 1912 Gr.
700 1863 759 1910 et
795 1851 913 1907 Lat.
957 1865 1024 1906 ex
1052 1845 1399 1903 correctione
1433 1851 1489 1899 et
1521 1858 1649 1899 cum
1676 1842 2063 1914 explanatione
2104 1841 2165 1896 P.
2203 1840 2434 1896 Guerin.
2467 1840 2644 1896 Paris.
2673 1840 2804 1897 Seb.
2828 1840 3135 1912 Cramoisy,
3176 1840 3337 1902 1655,
3373 1841 3429 1896 8.

631 1973 704 1984 -—
730 1939 1014 2013 Expositio
1053 1934 1421 1994 admonitoria
1457 1949 1584 1989 cum
1637 1933 2025 2003 explanatione
2064 1931 2324 1987 familiari
2364 1947 2563 1987 vocum
2609 1932 2885 2000 omnium,
2918 1942 3035 1989 aut.
3059 1931 3225 1989 Guid.
3284 1932 3610 2001 Britonello,
3658 1935 3853 1992 Paris.

565 2037 725 2102 1651,
766 2036 801 2091 8
829 2035 1121 2106 (Atlelung.
1150 2048 1217 2087 ex
1244 2030 1383 2086 bibl.
1415 2029 1585 2100 Regia
1623 2026 1851 2099 Paris.).
2328 2038 2339 2047 λ

633 2129 907 2185 hlaittaire
947 2126 1002 2181 in
1041 2124 1107 2180 A.
1161 2124 1227 2178 Τ.
1281 2123 1339 2178 in
1375 2120 1546 2179 lndic.
1592 2136 1647 2191 p.
1686 2121 1775 2182 11,
1828 2120 1965 2175 citat
2008 2117 2174 2173 aliam
2221 2116 2359 2173 edit.
2408 2116 2638 2190 Agapeti
2684 2117 2970 2190 Expositio
3008 2118 3400 2185 admonitoria,
3436 2117 3685 2175 Gr.cum
3715 2116 3848 2176 Lat.

559 2225 814 2281 versione
843 2230 899 2309 et
938 2219 1326 2292 etplanatione
1359 2216 1526 2273 Guid.
1567 2214 1883 2309 Britonelli:
1928 2222 2039 2269 etc.
2081 2214 2259 2309 Paris.
2296 2213 2520 2309 ap._Jo._
2539 2213 2772 2279 Libert.,
2810 2214 2970 2309 1659,
3003 2215 3253 2270 8.11Αιιι..

491 2354 496 2358 ~
633 2316 773 2372 Cum
810 2303 960 2370 notis
987 2311 1103 2369 Jac.
1135 2308 1432 2372 Brunonis,
1472 2317 1529 2363 et
1561 2305 1680 2371 ﬁlii,
1710 2306 1825 2361 Jac.
1851 2304 2127 2360 Pancratii
2160 2304 2462 2371 Brunonis,
2496 2304 2700 2378 Lipsiae
2734 2314 2792 2362 et
2818 2305 3070 2362 Norimb.
3107 2306 3266 2375 1669,
3299 2305 3351 2362 8.
3380 2303 3466 2379 [Υ.
3495 2320 3619 2377 qua:
3648 2303 3849 2361 notavi

559 2410 618 2468 in
639 2407 852 2466 Introd.
882 2407 938 2463 in
971 2404 1111 2461 Hist.
1142 2403 1183 2459 l.
1217 2401 1313 2458 Gr.
1351 2402 1417 2463 ll,
1461 2411 1603 2471 part.
1646 2417 1682 2466 ι,
1724 2416 1849 2475 pag.
1880 2398 2033 2471 406.]

629 2498 907 2556 Brunonis
949 2496 1087 2553 edit.
1140 2494 1376 2567 repetita
1414 2502 1497 2549 est
1545 2501 1601 2548 et
1644 2502 1805 2547 aucta
1847 2492 1903 2546 iu
1954 2505 2075 2562 seq.
2126 2491 2418 2548 editione:
2466 2492 2697 2564 Agapeti
2759 2492 3031 2549 Schedam
3072 2492 3280 2565 regiam
3329 2490 3738 2564 praceptorum
3770 2489 3844 2544 de

560 2594 745 2651 ofﬁcio
772 2591 903 2648 boni
931 2588 1198 2662 principis
1226 2587 1294 2642 ad
1337 2587 1723 2657 imperatorem
1763 2584 2065 2640 Justinian.
2112 2586 2421 2652 recensuit,
2468 2587 2619 2641 notis
2665 2586 2781 2643 Jac.
2819 2595 2876 2642 et
2917 2587 3036 2643 Jac.
3086 2586 3342 2643 Pancrat.
3397 2586 3747 2653 Brunonum,
3778 2595 3841 2640 et

560 2686 699 2748 suis,
731 2681 1121 2751 iudicibusque
1157 2676 1419 2733 instruxit
1450 2676 1535 2732 Jo.
1565 2674 1859 2746 Augustin.
1889 2672 2223 2730 Grcebelius.
2257 2674 2411 2746 Lips.
2443 2674 2529 2731 Jo.
2560 2673 2693 2732 Chr.
2735 2675 2981 2743 Martini,
3022 2677 3184 2743 1755,
3216 2677 3270 2733 8.
3309 2677 3476 2733 Hm.

1819 2789 2042 2861 Agapeti
2073 2790 2324 2845 editiones
2353 2789 2581 2848 Latintc.

630 2919 790 2993 Apud
827 2917 1147 2978 Baronium,
1178 2914 1248 2970 ad
1278 2928 1329 2968 a.
1358 2911 1421 2969 C.
1454 2912 1580 2976 527,
1607 2926 1664 2964 η.
1694 2909 1725 2964 1
1766 2923 1885 2980 seq.

628 3014 690 3070 In
734 3011 1056 3069 Bibliotheca
1092 3007 1342 3069 Patrum,
1403 3005 1579 3061 Paris.
1624 3004 1782 3069 1575,
1835 3003 1994 3069 1624,
2029 3013 2167 3060 tom.
2211 3005 2278 3071 11,
2313 3021 2368 3077 p.
2399 3007 2526 3074 565,
2571 3015 2739 3079 atque
2780 3009 2838 3065 in
2878 3010 3002 3066 aliis
3025 3008 3372 3066 editio-ibus
3398 3009 3844 3076 Parisiensibns.

558 3104 899 3171 Coloniensi,
931 3113 987 3159 et
1016 3102 1258 3172 denique
1289 3100 1344 3154 in
1370 3098 1726 3170 Lugdunensi
1766 3106 1915 3152 tomo
1940 3097 2034 3153 IX.

628 3196 709 3253 Ex
737 3195 934 3252 Albani
958 3192 1150 3249 Torini
1172 3190 1426 3245 versione
1460 3188 1625 3243 Basil.
1653 3186 1813 3248 1511,
1839 3187 1893 3250 8,
1937 3187 2007 3241 ad
2034 3185 2244 3242 calcem
2270 3184 2608 3254 Onosandri,
2642 3188 2791 3267 apud
2819 3188 3121 3247 Robertum
3145 3192 3387 3251 Winter.

630 3292 713 3349 Ex
734 3288 1065 3362 Mctapbrasi
1102 3287 1327 3343 heroica
1351 3284 1594 3339 Menradi
1616 3282 1893 3348 Moltheri,
1927 3282 2222 3354 Hagenoaz,
2251 3282 2412 3341 1527.
2439 3280 2494 3337 8.

551 3429 555 3434 ε
630 3391 713 3446 Ex
749 3387 1006 3444 versione
1037 3393 1095 3440 et
1120 3398 1244 3439 cum
1271 3381 1503 3437 scholiis
1530 3378 1735 3443 Jacobi
1756 3378 2031 3450 Huggelii,
2058 3378 2342 3443 Mulhusii,
2367 3376 2524 3444 1560,
2549 3377 2604 3434 8.

633 3487 713 3542 Ex
749 3484 1006 3540 versione
1032 3480 1225 3537 Joaclt.
1262 3477 1483 3541 Axunii,
1514 3475 1797 3539 Graviani,
1832 3477 2115 3544 Antwerp.
2156 3475 2315 3539 1561,
2348 3475 2402 3529 8.

632 3580 783 3635 Halae
817 3577 945 3634 Sax.
980 3575 1139 3637 1595,
1170 3574 1225 3632 8,
1254 3572 1323 3627 ad
1360 3572 1445 3627 Jo.
1473 3569 1912 3641 Sigismundum,
1936 3569 2315 3626 marchionem
2354 3570 2926 3643 Brandenburgicum,
2964 3570 3151 3628 studio
3179 3573 3264 3630 Jo.
3296 3574 3524 3641 Olearii,
3557 3575 3844 3649 adiunctis

561 3673 840 3748 capitibus
874 3671 1207 3742 Augustanae
1237 3664 1476 3721 eonl'ess.
1511 3672 1566 3718 et
1598 3663 1725 3717 libri
1760 3661 2105 3718 Concordiae.

629 3764 980 3840 Aphorismis
1024 3778 1167 3817 Lxxu
1200 3760 1560 3816 distributum
1606 3757 1819 3813 Latinis
1875 3759 2134 3813 versibus
2164 3758 2338 3831 elegis
2370 3758 2612 3815 reddidit
2646 3758 2765 3815 Edo
2811 3760 3152 3828 Neuhusius,
3183 3761 3640 3834 Steinl‘urtianus,
3676 3768 3843 3834 1603,

560 3865 816 3925 Francol'.
844 3864 917 3930 8;
951 3876 1078 3916 cum
1099 3859 1320 3957 0ttonis
1340 3855 1637 3913 Casmanni
1667 3854 1975 3927 Systemate
2008 3855 2278 3911 doctrinae
2309 3856 2544 3927 vitaeque
2580 3857 2840 3927 politicte.

1688 3973 1936 4039 Gallicte,
1960 3974 2283 4046 Hispanicae,
2312 3974 2661 4032 Germaniae.

632 4101 862 4164 Gallice,
892 4114 923 4154 a
957 4099 1170 4156 Joanne
1214 4094 1390 4160 Picot,
1441 4091 1618 4148 Paris.
1659 4090 1817 4154 1565,
1860 4090 1914 4146 8.
1955 4089 2096 4145 Hinc
2142 4091 2210 4145 ah
2243 4090 2582 4162 Hieronymo
2630 4092 3044 4160 Beneventano,
3073 4094 3211 4151 ibid.
3240 4095 3293 4151 8.
3336 4095 3477 4152 Tum
3518 4098 3847 4170 Pardulpho

561 4191 784 4251 Prateio
834 4190 1175 4258 interprete,
1210 4185 1386 4256 Lugd.
1444 4181 1603 4247 1570,
1636 4181 1689 4235 8.
1747 4179 1929 4250 Atque
1965 4196 2034 4236 ex
2087 4180 2662 4269 versione'Ludovici
2724 4183 2882 4248 Xlll,
2946 4185 3135 4243 Galliae
3188 4188 3355 4261 regis.
3418 4188 3515 4244 Le:
3572 4204 3848 4265 preceptes

562 4286 886 4358 d‘Agapetua
918 4300 950 4337 a
979 4281 1244 4336 Justinien
1274 4320 1289 4347 ,
1327 4296 1422 4334 sur
1470 4293 1573 4332 une
1625 4277 1833 4332 version
1858 4276 2081 4345 Latine,
2112 4294 2214 4349 par
2254 4276 2303 4331 le
2342 4280 2421 4333 roi
2458 4277 2618 4334 Louis
2662 4279 2817 4346 XIII,
2858 4298 2923 4335 en
2957 4299 3040 4337 ses
3083 4282 3257 4349 tepens
3287 4287 3607 4343 ordinaires.
3654 4290 3841 4347 Paris.

669 4381 727 4448 Ξ,
774 4379 829 4436 8.

669 4382 704 4435 Ξ).
817 4420 829 4433 .

570 4382 964 4548 i6Illispasnice,
1016 4488 1118 4545 per
1148 4470 1616 4543 Christophorum
1665 4469 1959 4542 Mosquera
2013 4469 2082 4526 de
2130 4470 2421 4543 Figucroa.
2473 4471 2694 4528 Madrit.
2743 4473 2917 4540 1596,
2966 4474 3019 4529 4.
3065 4473 3260 4546 Reglas
3302 4494 3443 4547 para
3485 4477 3563 4531 lo:
3607 4494 3711 4549 que
3748 4496 3848 4551 go-

561 4589 978 4724 mézgianice,
1015 4656 1254 4713 Martino
1286 4656 1513 4711 Mollero
1570 4654 1871 4725 interprete
1895 4696 1910 4721 ,
1963 4653 2179 4711 Gorlitii
2207 4696 2221 4721 ,
2276 4654 2413 4711 l590
2456 4653 2595 4727 [alii,
2625 4654 2813 4728 l594],
2848 4655 3007 4722 1605,
3042 4657 3098 4714 8.
3131 4657 3200 4713 Et
3232 4673 3299 4713 ex
3331 4658 3586 4715 versione
3629 4659 3841 4716 Nieolai

557 4754 782 4825 Glajeri,
817 4752 1002 4806 Brem.
1040 4746 1197 4815 1619,
1226 4748 1296 4816 4;
1326 4763 1453 4803 cum
1489 4746 1658 4802 laude
1684 4747 2000 4817 philomela:
2038 4755 2094 4802 et
2125 4747 2372 4803 Luciauo
2413 4748 2483 4803 de
2520 4749 2795 4804 calumnia
2826 4764 2890 4804 ac
2926 4750 3109 4806 tabula
3147 4749 3389 4806 Cebetis.
3421 4750 3581 4806 FABR.
3625 4752 3845 4823 Regen-

560 4856 652 4902 tcn
687 4844 979 4906 Buchlein,
1006 4841 1378 4911 Wittenberg.
1412 4839 1567 4905 1550,
1591 4840 1646 4895 4.
1680 4840 1940 4895 Ρτωῐίιιίο
1958 4848 2241 4896 auctorem
2273 4840 2441 4896 habet
2463 4840 2584 4895 Nic.
2617 4839 2950 4896 Krnmbacb.
2978 4841 3137 4897 Conf.
3165 4841 3410 4913 Beitrége
3436 4859 3535 4896 ιω·
3558 4843 3841 4898 kritischea

559 4939 794 4995 Ilistori'e
822 4937 917 4990 der
946 4936 1231 4989 deutschen
1264 4932 1524 5004 Sprache,
1553 4942 1686 4995 etc.,
1724 4941 1866 5004 part.
1897 4949 1950 4996 χ,
1982 4948 2105 5003 pag.
2130 4932 2229 4987 201
2263 4947 2380 5002 seq.
2413 4940 2467 4986 et
2503 4932 2572 4986 de
2609 4932 2712 4986 hac
2739 4931 2974 5002 aliisque
3028 4933 3261 5004 interpr.
3307 4949 3555 5004 german.
3602 4935 3716 4989 vid.
3766 4936 3843 4990 cl.

558 5034 742 5101 Degen
774 5029 831 5084 in
862 5027 1163 5083 Litteratur
1188 5026 1282 5080 der
1309 5025 1591 5101 deutschen
1622 5024 1918 5080 L’ebersetz.
1947 5024 2041 5079 der
2069 5023 2345 5085 Griechen,
2374 5033 2510 5079 tom.
2553 5023 2594 5084 l.
2624 5040 2747 5096 pag.
2780 5023 2850 5078 48
2890 5040 3044 5094 seqq.
3086 5024 3235 5079 Idem
3266 5027 3322 5079 in
3351 5024 3623 5098 Nachtrag
3647 5044 3714 5081 zu
3746 5027 3848 5082 der

559 5098 880 5188 Litteratur,
910 5129 1019 5176 etc.
1059 5119 1285 5190 Erlang.
1316 5098 1476 5181 1801,
1512 5116 1566 5180 8,
1597 5133 1651 5187 p.
1682 5118 1748 5171 15
1786 5118 1868 5188 (ut
1891 5117 2002 5189 jam
2038 5133 2206 5187 supra
2239 5115 2476 5187 monui),
2516 5125 2769 5171 recenset
2795 5115 3105 5172 versionem
3142 5133 3389 5188 german.
3422 5117 3480 5173 in
3514 5118 3849 5186 Griechische

560 5207 966 5284 Sprnchitbung,
1000 5220 1137 5277 etc.,
1168 5208 1405 5266 Cbthen.
1448 5208 1607 5273 1620,
1640 5207 1693 5262 8.
1727 5238 1797 5248 —
1827 5207 1887 5262 lu
1920 5207 2143 5262 Memor.
2176 5206 2484 5277 Beitrtigen,
2520 5214 2631 5261 etc.
2663 5206 2838 5261 altera
2883 5207 2990 5276 (vel
3022 5209 3207 5277 potius
3235 5208 3422 5279 tertia)
3453 5210 3591 5265 edit.
3630 5211 3846 5271 Molleri

558 5308 805 5363 version.
831 5322 1003 5379 germ.
1037 5323 1164 5362 cum
1197 5316 1345 5362 textu
1382 5305 1574 5361 Graeco
1604 5314 1660 5360 et
1690 5305 1883 5360 Latina
1919 5305 2270 5376 interpretat.
2304 5305 2604 5375 Agapetus,
2633 5305 2693 5359 h.
2724 5320 2775 5360 e.
2821 5304 3334 5378 Regentenbﬂphlein
3360 5347 3375 5371 ,
3403 5316 3537 5374 etc.,
3567 5311 3846 5380 prodiissc

561 5404 788 5466 dicitur,
830 5403 988 5467 1618,
1044 5404 1098 5457 8.
1135 5434 1205 5444 ——
1239 5404 1322 5458 Ab
1358 5418 1633 5475 anonymo
1666 5402 1928 5458 German.
1961 5418 2157 5458 versus
2190 5412 2278 5458 est
2306 5401 2551 5465 libellus,
2592 5401 2845 5458 Francof.
2876 5412 2932 5457 et
2959 5402 3110 5473 Lips.
3145 5403 3307 5470 1782,
3339 5405 3393 5459 8.

631 5499 861 5570 Anglice
917 5516 1116 5556 versus
1154 5508 1239 5555 est
1283 5501 1508 5557 libellus
1551 5517 1582 5554 a
1627 5501 1831 5555 Thom.
1875 5500 2120 5572 Paynell.
2168 5500 2545 5570 Londini,ap.
2592 5500 2789 5555 Thom.
2824 5500 3121 5555 Berthelet.
3158 5501 3245 5567 12,
3277 5502 3397 5558 sine
3429 5504 3558 5558 anni
3590 5514 3741 5559 nota.
3769 5536 3845 5547 —-

560 5594 927 5649 Introduction
971 5603 1022 5648 to
1092 5597 1382 5666 wifedome,
1415 5595 1616 5651 Banhet
1662 5596 1724 5667 of
1755 5595 2037 5667 Sapience,
2066 5596 2173 5649 and
2204 5604 2441 5667 precepts
2468 5596 2529 5667 of
2557 5596 2847 5668 Agapetns.
2891 5596 3133 5662 London,
3182 5598 3394 5668 printed
3441 5600 3526 5669 for
3569 5602 3840 5656 Abraham

562 5687 739 5754 Vecte,
775 5687 896 5743 sine
918 5689 1049 5742 anni
1084 5687 1317 5753 indicio,
1350 5690 1436 5746 l6.
1461 5701 1581 5747 -—ct
1603 5690 1772 5745 Lond.
1803 5691 1857 5745 in
1882 5687 2194 5744 Fletestrete
2224 5690 2280 5743 in
2311 5689 2396 5743 the
2422 5690 2583 5744 house
2612 5688 2673 5759 of
2684 5687 2866 5743 Thom.
2900 5687 3184 5756 Berthelet,
3219 5688 3376 5755 1550,
3402 5689 3628 5745 12.--1⁷.
3663 5690 3842 5762 Brug-

558 5792 815 5851 gemann,
843 5777 981 5844 Viw,
1016 5786 1149 5843 etc.,
1185 5794 1240 5849 p.
1282 5779 1411 5835 “‘2.

630 5870 707 5927 De
734 5869 918 5927 ltalica
952 5871 1233 5939 versione,
1262 5872 1457 5929 Venet.
1492 5873 1653 5943 l5i5,
1692 5873 1813 5931 8.l’.
1838 5872 2090 5943 Paitoni,
2126 5870 2340 5928 Bibliot.
2377 5871 2518 5944 dein
2549 5873 2727 5929 autori
2748 5902 2817 5915 --
2845 5872 3213 5945 volgarizzati,
3258 5873 3300 5943 l,
3343 5888 3465 5945 pag.
3500 5872 3550 5928 8.
