4112 6544
344 510 478 576 1165

1549 506 1814 568 CAPITA
1855 505 2410 567 ADMONITORIA.

3469 514 3605 580 1166

339 627 609 696 φυλακὴν,
659 625 751 677 καὶ
804 623 909 676 τῶν
965 621 1084 674 κατ’
1139 619 1302 672 αὐτοῦ
1371 618 1694 670 λυσσώντων
1739 617 1926 670 ἐκδιώ-

2037 633 2220 671 eorum
2273 619 2367 688 qui
2417 618 2713 673 adversum
2766 620 2946 690 ipsum
3000 622 3306 689 insaniunt,
3345 625 3605 682 latratum

340 721 435 790 ξῃς
485 719 582 790 τὴν
617 715 844 787 ὑλακὴν,
877 715 982 768 ὐπὸ
1024 714 1132 766 τῶν
1187 713 1352 766 αὐτοῦ
1389 713 1462 782 (6)
1500 712 1921 782 βασιλευόμενος

339 812 542 882 νόμων,
579 811 673 864 καὶ
700 809 810 862 τῶν
835 808 940 861 ὐπὸ
973 807 1032 860 σὲ
1075 805 1376 874 βασιλεύων
1408 805 1670 876 ἐννόμως.

953 899 1204 952 ΚΕΦΑΛ.
1236 899 1311 949 B'.

423 993 514 1056 Ὧς
538 992 878 1064 κυῧερνὴτης
910 991 1183 1061 ἀγρυπνεῖ
1214 988 1301 1043 διὰ
1335 987 1560 1052 παντὸς,
1592 989 1620 1042 6
1647 987 1740 1041 τοῦ
1767 987 1925 1058 βασι-

339 1086 476 1150 λέως
533 1086 920 1156 πολυόμματος
957 1082 1102 1146 νοῦς,
1143 1081 1482 1151 διακατέχων
1522 1079 1783 1148 ἀσφαλῶς
1822 1079 1927 1148 τῆς

341 1180 602 1250 εὐνομίας
624 1179 752 1241 τοὺς
776 1177 992 1241 οἴακας,
1019 1176 1117 1230 καὶ
1141 1175 1536 1246 ἀπωθούμενος
1563 1174 1806 1245 ἰσχυρῶς
1825 1174 1927 1244 τῆς

341 1273 572 1344 ἀνομίας
599 1272 725 1334 τοὺς
748 1269 982 1342 ῥύακας,
1011 1269 1098 1322 ἵνα
1127 1270 1188 1321 τὸ
1221 1269 1430 1338 σκάφος
1455 1271 1554 1340 τῆς
1576 1267 1926 1338 παγκοσμίου

343 1364 624 1428 πολιτείας
666 1364 742 1437 μὴ
774 1363 1084 1434 περιπίπτῃ
1115 1362 1363 1434 κύμασιν
1401 1363 1640 1426 ἀδικίας.

959 1478 1210 1532 ΚΕΦΑΛ.
1246 1477 1318 1531 Γ’.

415 1573 572 1627 Θεῖον
617 1570 854 1642 μάθημα
891 1553 989 1622 καὶ
1033 1569 1254 1639 πρῶτον
1287 1569 1336 1620 οἱ
1369 1566 1669 1640 ἄνθρωποι,
1699 1565 1760 1619 τὸ
1789 1566 1930 1635 γνῶ-

343 1666 432 1718 ναί
476 1682 598 1718 τινα
653 1665 848 1716 ἑαυτὸν
881 1662 980 1733 (7),
1012 1661 1400 1732 διδασκόμεθα.
1462 1661 1520 1714 '0
1573 1661 1680 1732 γάρ
1734 1661 1930 1714 ἑαυτὸν

343 1759 531 1827 γνοὺς,
562 1757 833 1826 γνώσεται
864 1755 998 1809 Θεόν
1023 1774 1037 1784 ·
1067 1755 1202 1809 Θεὸν
1229 1756 1286 1808 δὲ
1317 1755 1346 1807 6
1378 1755 1560 1823 γνοὺς,
1589 1753 1930 1824 ὁμοιωθήσεο

346 1867 436 1903 ται
467 1849 586 1920 Θεῴ
611 1865 626 1878 ο
654 1848 1056 1919 ὁμοιωθήσεται
1100 1847 1158 1902 δὲ
1206 1846 1348 1918 Θεῷ,
1381 1849 1408 1900 6
1438 1845 1588 1911 ἄξιος
1637 1846 1932 1917 γενόμενος

345 1943 483 1997 Θεοῦ
507 1959 522 1972 °
551 1942 702 2008 ἄξιος
730 1941 788 1996 δὲ
812 1941 1022 2010 γίνεται
1057 1940 1217 2006 Θεοῦ,
1249 1943 1277 1995 6
1311 1941 1477 2012 μηδὲν
1513 1941 1736 2009 ἀνάξιον
1765 1942 1931 2012 πράτ-

2028 709 2319 766 cohiberes
2359 730 2371 765 :
2426 711 2604 781 ipsius
2644 713 3086 783 obtemperando
3117 715 3350 787 legibus,
3379 735 3441 774 ac
3473 723 3608 776 sub'

2026 801 2175 856 ditus
2202 802 2301 857 tibi
2338 804 2578 874 regendo
2608 805 2873 875 legitime.

2697 897 2851 952 CAP.
2885 897 2951 951 ll.

2096 987 2210 1042 Ceu
2248 988 2610 1059 gubernator,
2647 991 2840 1062 vigilat
2887 1007 3060 1062 usque
3087 995 3227 1050 adeo
3262 998 3615 1066 imperatoris

2028 1081 2450 1136 oculatissimus
2489 1083 2828 1147 intellectus,
2863 1085 3156 1142 continens
3185 1089 3420 1145 firmiter
3444 1095 3618 1162 tequi-

2033 1172 2160 1227 tatis
2199 1173 2439 1239 clavum,
2484 1182 2650 1244 atque
2701 1177 2985 1246 expellens
3025 1179 3247 1235 fortiter
3276 1184 3616 1253 impetuosos

2031 1267 2341 1336 iniquitatis
2395 1267 2617 1334 ﬂuctus,
2661 1277 2721 1324 ut
2766 1287 2835 1325 ne
2877 1272 3072 1342 cymba
3103 1275 3397 1332 mundanae
3428 1277 3614 1348 reipu-

2031 1358 2188 1413 blicae
2222 1359 2471 1414 illidatur
2507 1360 2772 1417 ﬂuetibus
2793 1363 3130 1433 iniquitatis.

2681 1474 2830 1529 CAP.
2874 1475 2965 1530 ΙΙΙ.

2114 1561 2368 1618 Divinum
2419 1565 2817 1620 documentum
2866 1576 2922 1620 et
2975 1569 3345 1638 potissimum,
3386 1591 3486 1630 nos
3515 1576 3615 1630 ho-

2033 1652 2230 1719 mines,
2279 1665 2338 1708 ut
2381 1665 2677 1726 cognoscat
2724 1673 2780 1712 se
2833 1660 3092 1730 quisque,
3165 1663 3450 1722 docemur.
3512 1668 3616 1734 Qui

2033 1744 2180 1798 enim
2224 1747 2469 1816 seipsqu
2526 1751 2801 1819 cognovit,
2863 1761 3162 1820 cognoscet
3197 1755 3409 1811 Deum:
3443 1760 3616 1814 Deum

2039 1851 2171 1891 vero
2218 1839 2312 1907 qui
2356 1840 2531 1904 novit,
2581 1841 2982 1895 assimilabitur
3020 1845 3134 1898 Deo
3177 1847 3618 1906 :assimilabitur

2041 1936 2224 1983 autem
2257 1931 2389 1994 Deo,
2426 1933 2517 2002 qui
2553 1933 2752 2003 dignus
2783 1935 2960 1990 factus
2990 1937 3103 1991 Deo
3133 1949 3216 1993 est
3244 1958 3256 1993 :
3287 1941 3487 2012 dignus
3518 1944 3617 1998 de-

346 2052 455 2088 των
484 2005 644 2099 Θεοῦ,
685 2005 835 2088 διλλδι⁷
859 2033 1072 2105 φρονῶν
1115 2034 1216 2107 μὲν
1257 2005 1324 2088 τά
1370 2005 1558 2102 αὐτοῦ,
1593 2005 1772 2090 λαλῶν
1809 2005 1864 2088 δὲ
1894 2035 1929 2088 ἃ

2037 2021 2205 2092 nique
2235 2022 2296 2076 fit
2335 2024 2466 2088 Deo,
2497 2025 2589 2094 qui
2621 2026 2761 2079 nihil
2792 2027 3075 2097 indignutn
3108 2039 3291 2099 patrat
3321 2005 3433 2088 [leo
3470 2053 3483 2088 :
3521 2035 3617 2089 sed

349 2127 556 2196 φρονεῖ,
587 2124 757 2178 ποιῶν
778 2123 836 2178 δὲ
869 2124 904 2178 δι
929 2123 1102 2180 λαλεῖ.

1035 2280 1059 2305 \

952 2327 1202 2380 ΚΕΦΑΛ.
1258 2325 1331 2378 Δ⁰.

433 2419 558 2472 Ἐπὶ
587 2419 867 2491 προγόνων
891 2421 1141 2491 εὐγενείᾳ
1174 2420 1362 2491 μηδεὶς
1385 2419 1768 2492 ὲναϐρυνέσθω
1788 2437 1800 2452 ·
1827 2439 1932 2492 πη-

350 2512 440 2566 λὸν
471 2514 579 2584 γὰρ
607 2512 793 2582 ἔχουσι
842 2513 1044 2576 πάντες
1089 2513 1184 2566 τοῦ
1225 2512 1415 2582 γένους
1463 2515 1806 2584 προπάτορα,
1838 2515 1934 2566 καὶ

350 2608 400 2659 οἱ
421 2609 479 2658 ὲν
506 2605 766 2676 πορφύρᾳ
791 2607 885 2658 καὶ
915 2605 1097 2676 βύσσῳ
1133 2603 1504 2675 καυχώμενοι,
1542 2607 1636 2659 καὶ
1670 2607 1718 2658 οἱ
1745 2608 1801 2658 ὲν
1831 2623 1931 2659 πε·

353 2700 442 2770 νίᾳ
472 2701 567 2752 καὶ
589 2699 728 2768 νόσῳ
758 2699 1082 2769 τρυχόμενοι
1115 2699 1212 2769 (8),
1241 2699 1334 2752 καὶ
1367 2701 1414 2752 οἱ
1446 2699 1753 2770 διαδήματα
1777 2715 1935 2769 περι-

354 2793 620 2862 κείμενοι,
650 2791 746 2843 καὶ
795 2791 844 2841 οἱ
894 2790 984 2842 διά
1035 2789 1245 2859 δόματα
1287 2789 1364 2858 (9)
1417 2790 1806 2860 προκείμενοι.
1843 2788 1935 2861 Μὴ

353 2884 533 2936 τοίνυν
585 2883 666 2945 εἰς
716 2881 941 2950 πήλινον
991 2878 1394 2950 ἐγκαυχὼμεθα
1440 2879 1634 2950 γένος,
1680 2881 1795 2934 ἀλλ’
1841 2881 1936 2934 ἐπὶ

353 2975 684 3049 χρηστότητι
716 2971 1110 3044 σεμνυνώμεθα
1142 2973 1382 3043 τρόπων.

946 3088 1196 3141 ΚΕΦΑΛ.
1241 3087 1316 3142 Ε’.

429 3183 592 3244 Ἴσθι,
624 3174 669 3234 ῶ
718 3180 1002 3243 εὐσεϐείας
1044 3178 1363 3233 θεότευκτον
1410 3178 1653 3249 ἄγαλμα,
1687 3178 1769 3233 ὅτι
1826 3181 1937 3253 ὅσῳ

357 3275 612 3346 μεγάλων
641 3273 889 3344 ἡξιώθης
920 3274 1073 3344 παρὰ
1097 3272 1235 3326 Θεοῦ
1262 3273 1506 3345 δωρεῶν,
1537 3274 1779 3345 τοσούτῳ
1817 3273 1935 3345 μεί-

2030 2115 2128 2186 qui
2172 2125 2232 2169 ut
2277 2116 2482 2186 cogitat
2527 2133 2650 2186 qua:
2689 2119 2865 2187 ipsius
2910 2130 3060 2184 sunt,
3113 2123 3189 2176 ita
3228 2134 3338 2179 tam
3371 2127 3620 2198 loquitur

2031 2223 2154 2279 qua:
2180 2209 2405 2279 cogitat,
2432 2226 2594 2280 quam
2621 2211 2752 2265 facit
2774 2228 2896 2282 quae
2924 2214 3191 2285 loquitur.

2686 2325 2839 2380 CAP.
2877 2328 2964 2382 IV.

2105 2415 2372 2486 Majorum
2426 2417 2718 2472 nobilitate
2769 2435 2838 2474 ne
2884 2421 3012 2489 quis
3057 2437 3116 2476 se
3153 2424 3325 2494 jactet
3365 2443 3378 2480 :
3427 2428 3620 2482 limum

2033 2506 2181 2559 enim
2224 2505 2431 2560 habent
2468 2523 2660 2561 onmes
2686 2511 2906 2577 generis
2936 2522 3242 2578 auctorem,
3273 2525 3328 2569 et
3363 2519 3456 2586 qui
3493 2535 3625 2588 pur-

2034 2613 2174 2666 pura
2220 2598 2494 2669 byssoque
2550 2609 2792 2672 turgeut,
2842 2613 2896 2657 et
2940 2605 3034 2674 qui
3081 2618 3406 2676 paupertate
3437 2620 3491 2666 et
3525 2613 3624 2666 ad-

2034 2703 2195 2742 versa
2238 2690 2555 2746 valetudine
2616 2693 2953 2763 afﬂiguntur,
3016 2705 3127 2750 tam
3170 2699 3264 2768 qui
3310 2701 3623 2758 diademate

2036 2779 2279 2833 redimiti
2346 2790 2494 2848 sunt,
2545 2799 2710 2852 quam
2755 2787 2850 2854 qui
2905 2789 3319 2846 emendicanda:
3378 2798 3626 2863 pecunia:

2037 2883 2202 2924 causa
2242 2879 2695 2939 prosternuntur.
2736 2876 2814 2929 Ne
2863 2877 3032 2946 igitur
3073 2879 3409 2936 lutulentum
3449 2887 3624 2955 jacte-

2037 2976 2163 3017 mus
2192 2977 2386 3034 genus,
2411 2965 2507 3019 sed
2542 2982 2761 3022 morum
2794 2969 3113 3040 integritate
3141 2975 3467 3044 gloriemur.

2698 3079 2850 3134 CAP.
2886 3083 2948 3137 V.

2110 3167 2282 3234 Scito,
2316 3184 2349 3224 ο
2396 3169 2618 3239 pietatis
2655 3170 2924 3226 divinitus
2958 3173 3286 3232 fabricatum
3319 3183 3623 3250 specimen,

2039 3262 2170 3332 quia
2211 3271 2420 3332 quanto
2469 3263 2772 3333 majoribus
2831 3265 3033 3336 dignus
3089 3269 3313 3326 habitus
3376 3289 3457 3338 es,
3529 3277 3626 3329 tri-

355 3369 508 3434 ζονος
566 3369 802 3437 ἀμοιϐῆς
843 3367 1128 3436 ὀφειλέτης
1189 3366 1460 3437 ὑπάρχεις
1518 3367 1686 3438 αὐτῷ.
1723 3366 1934 3421 Οὐκοῦν

2039 3353 2246 3409 buente
2285 3355 2421 3422 Deo,
2467 3357 2815 3419 muneribus,
2863 3366 3015 3413 tanto
3061 3361 3298 3430 majores
3329 3363 3379 3418 ei
3423 3368 3626 3435 gratias

355 3463 554 3524 ἀπόδος
595 3461 672 3529 τῷ
714 3460 976 3532 εὐεργέτῃ
1025 3460 1085 3513 τὺ
1115 3461 1278 3531 χρέος
1301 3461 1402 3530 τῆς
1437 3461 1816 3533 εὐχαριστίας,
1857 3463 1936 3534 τῷ

353 3553 689 3624 λαμϐάνοντι
714 3553 776 3604 τὸ
805 3555 965 3622 χρέος
994 3553 1070 3616 ὡς
1110 3557 1292 3624 χάριν,
1319 3553 1416 3607 καὶ
1449 3553 1548 3626 τὴν
1583 3556 1805 3627 χάριτος
1835 3557 1937 3625 χά-

357 3665 445 3718 ριν
502 3645 839 3700 ἀντιδτδόντι.
868 3645 1041 3708 Αὐτὸς
1073 3646 1184 3714 γὰρ
1231 3647 1319 3699 ἀεὶ
1355 3647 1449 3699 καὶ
1482 3647 1722 3718 χαρίτων
1755 3649 1935 3720 ἄρχει,

357 3740 448 3792 καὶ
481 3740 554 3803 ὡς
584 3741 741 3811 χρέος
779 3739 879 3802 τὰς
913 3738 1146 3809 χάριτας
1177 3739 1502 3793 ἀποδίδωσιν
1529 3757 1542 3768 ·
1583 3741 1940 3812 εὐχαριστίαν

356 3831 414 3884 δὲ
457 3831 612 3895 ζητεῖ
643 3832 773 3900 παρ’
797 3829 977 3902 ἡμῶν,
1018 3830 1079 3883 οὐ
1117 3829 1214 3902 τὴν
1266 3831 1355 3884 διὰ
1394 3833 1656 3904 ῥημάτων
1714 3833 1939 3902 ἀγαθῶν

358 3924 664 3996 προφορὰν,
697 3924 836 3978 ἀλλά
861 3921 1082 3996 τὴῃδιὰ
1109 3927 1456 3996 πραγμάτων
1497 3927 1742 3980 εὐσεϐῶν
1775 3945 1939 3998 προσ·

358 4033 554 4087 φοραν.

965 4188 1214 4242 ΚΕΦΑΑ.
1257 4189 1314 4256 (ἶ
1313 4193 1352 4244 ³.

428 4282 596 4336 υύδὲν
631 4282 803 4346 οὕτως
847 4281 1135 4351 εὐδόκιμον
1183 4280 1478 4350 ἐργάζεται
1528 4280 1840 4351 ἄνθρωπον,
1861 4282 1934 4345 ὡς

354 4376 618 4432 δύνασθαι
662 4374 779 4447 (10)
853 4355 953 4445 μὲν
1006 4373 1042 4428 ἃ
1097 4372 1348 4443 βούλεται
1405 4374 1686 4444 πράττειν,
1752 4375 1835 4428 ἀεὶ
1880 4373 1938 4425 δὲ

358 4468 715 4543 φιλάνθρωπα
769 4469 864 4522 καὶ
903 4464 1188 4536 βούλεσθαι
1247 4465 1340 4520 καὶ
1380 4465 1664 4536 πράττειν.
1721 4465 1936 4538 Ἐπειδὴ

355 4563 536 4616 τοίνυν
570 4563 634 4614 ὲκ
679 4560 814 4614 Θεοῦ
859 4576 944 4612 σοι
989 4557 1312 4627 κεχάρισται
1367 4556 1618 4628 δύναμις,
1649 4553 1717 4629 ἧς
1765 4557 1940 4611 ὲδεῖτο

355 4657 422 4711 δι’
453 4658 658 4728 ἡμᾶςή
691 4655 874 4726 ἀγαθή
917 4669 1011 4706 σου
1063 4653 1338 4725 βούλησις,
1373 4653 1549 4706 πάντα
1599 4651 1693 4705 καὶ
1744 4650 1936 4722 βούλου

357 4748 453 4803 καὶ
505 4749 735 4819 πρᾶττε,
759 4748 834 4811 ῶς
870 4747 1102 4818 ’ἀρέσκει
1155 4744 1233 4814 τῷ
1289 4743 1492 4813 ταύτην
1530 4760 1612 4796 σοι
1657 4743 1934 4799 δεδωκότι.

959 4860 1216 4913 ΚΕΦΑΛ.
1261 4860 1334 4913 Z'.

427 4953 549 5007 Τῶν
600 4953 862 5023 ἐπιγείων
899 4952 1200 5023 χρημάτων
1233 4951 1261 5002 ό
1293 4950 1525 5012 ἄστατος
1571 4949 1798 5013 πλοῦτος
1832 4951 1940 5004 τῶν

359 5045 642 5116 ποταμίων
705 5045 993 5117 ῥευμάτων
1054 5046 1305 5115 μιμεῖται
1369 5042 1461 5095 τὸν
1515 5041 1715 5112 δρόμον
1747 5058 1759 5070 °
1804 5042 1941 5111 πρὸς

358 5139 539 5207 ὀλίγον
575 5139 674 5209 μὲν
707 5139 981 5210 ἐπιρρέων
1002 5141 1115 5201 τοῖς
1142 5136 1288 5207 ἔχειν
1323 5133 1605 5206 νομίζουσι
1631 5151 1646 5165 ·
1692 5135 1940 5204 μετ’όλί-

358 5247 454 5298 γον
474 5230 530 5282 δὲ
548 5229 896 5301 παραρρέων,
915 5232 995 5293 εἰς
1013 5229 1204 5292 ἄλλους
1227 5226 1546 5299 ἀπέρχεται.
1573 5226 1748 5290 Μόνος
1768 5227 1823 5280 δὲ
1846 5230 1943 5298 τῆς

359 5322 607 5385 εὐποιίας
642 5325 670 5376 6
700 5321 994 5392 θησαυρὸς,
1027 5319 1255 5391 μόνιμός
1290 5321 1404 5372 ἐστι
1429 5320 1546 5381 τοῖς
1578 5319 1938 5389 κεκτημένοις

361 5413 523 5468 αὐτόν
544 5428 559 5443 ο
599 5412 707 5467 τῶν
736 5415 844 5486 γὰρ
881 5413 1102 5482 ἀγαθῶν
1132 5413 1310 5484 ἔργων
1338 5413 1394 5466 αἱ
1433 5413 1655 5483 χάριτες
1681 5414 1775 5465 ἐπὶ
1811 5415 1936 5477 τοὺς

361 5505 654 5569 ποιοῦντας
687 5507 1221 5576 ὲπαναστρέφουσιν.

2042 3447 2248 3503 referre
2305 3448 2494 3502 debes.
2551 3449 2697 3520 Ergo
2757 3450 2928 3507 redde
2994 3452 3334 3512 benefactori
3379 3457 3622 3514 debitam

2039 3539 2339 3610 gratiarum
2382 3540 2676 3607 actionem,
2700 3545 3008 3613 acceptanti
3061 3545 3308 3602 debitum
3354 3559 3416 3604 ut
3460 3554 3628 3606 meri-

2039 3641 2180 3698 tum,
2246 3641 2304 3687 et
2354 3633 2626 3688 beneficio
2688 3635 3022 3692 beneficium
3087 3641 3434 3709 rependenti.
3504 3644 3623 3714 Ipse

2039 3725 2186 3778 enim
2242 3738 2460 3792 semper
2509 3732 2566 3777 et
2617 3724 2902 3782 beneﬁciis
2944 3729 3100 3798 prior
3141 3742 3511 3802 promeretur,
3569 3746 3624 3791 ct.

2041 3824 2102 3869 ut
2142 3815 2391 3870 debitum
2438 3815 2705 3870 beneﬁcia
2752 3830 3007 3888 repensat
3037 3839 3050 3874 :
3083 3823 3386 3893 gratiarum
3436 3834 3622 3882 autem

2040 3907 2318 3962 actionem
2355 3905 2529 3978 exigit
2559 3923 2589 3962 a
2632 3909 2814 3974 nobis,
2846 3929 2954 3966 non
2981 3929 3100 3983 quae
3133 3915 3434 3970 verborum
3468 3917 3624 3973 blan—

2038 4000 2236 4055 dorum
2262 3999 2594 4070 prolatione,
2619 4001 2713 4056 sed
2735 4019 2856 4073 qua:
2885 4021 3069 4061 rerum
3095 4008 3309 4078 piarum
3339 4010 3622 4068 oblatione

2039 4108 2106 4162 pe
2117 4107 2172 4146 ra
2178 4093 2351 4165 gitur.

2689 4191 2842 4246 CAP.
2876 4192 2964 4247 Vl.

2107 4283 2273 4337 Nulla
2301 4298 2390 4338 res
2412 4283 2553 4339 adeo
2576 4283 3072 4339 commendabilem
3105 4285 3288 4341 reddit
3316 4288 3618 4355 hominem,

2039 4380 2101 4427 ut
2137 4389 2300 4443 posse
2336 4376 2560 4446 quidem
2589 4392 2712 4447 qum
2754 4377 2888 4432 velit
2918 4375 3157 4443 ellicere,
3193 4395 3413 4450 semper
3435 4393 3620 4437 autem

2039 4464 2280 4521 humana
2313 4475 2371 4521 et
2404 4468 2545 4522 velle
2591 4479 2648 4522 et
2695 4482 2856 4538 agere
2893 4484 2906 4520 :
2943 4469 3205 4538 quoniam
3253 4470 3422 4541 igitur
3449 4489 3479 4526 a
3509 4473 3622 4527 Deo

2042 4556 2142 4612 tibi
2171 4557 2375 4613 donata
2400 4568 2484 4612 est
2511 4559 2748 4614 facultas
2779 4575 2887 4630 qua
2929 4559 3211 4630 indigebat
3256 4573 3484 4632 propter
3520 4581 3622 4618 nos

2041 4647 2186 4703 bona
2227 4656 2320 4703 tua
2362 4649 2638 4713 voluntas,
2683 4650 2869 4704 omnia
2917 4657 2974 4704 et
3012 4649 3151 4705 velis
3173 4660 3228 4706 et
3257 4667 3406 4724 agas,
3456 4663 3620 4723 prout

2041 4742 2093 4796 ei
2117 4741 2298 4812 placet
2321 4741 2414 4810 qui
2441 4757 2562 4796 eam
2588 4740 2688 4796 tibi
2722 4741 2896 4795 dedit.

2685 4852 2837 4908 CAP.
2869 4853 2978 4906 VII.

2112 4942 2480 5000 Terrenarum
2516 4959 2682 5013 opum
2725 4945 3011 4999 instabiles
3036 4945 3244 5002 divitia:
3270 4946 3619 5005 lluviatilium

2042 5035 2323 5090 undarum
2383 5036 2671 5092 imitantur
2711 5054 2936 5092 cursum
2976 5057 2988 5092 :
3038 5039 3317 5092 modiemn
3356 5042 3502 5096 enim
3543 5045 3623 5098 af-

2043 5128 2224 5184 ﬂuunt
2269 5129 2356 5184 his
2404 5129 2498 5199 qui
2556 5130 2759 5186 habere
2815 5147 2874 5185 se
2923 5146 3019 5185 eas
3068 5131 3432 5198 arbitrantur,
3497 5152 3622 5188 mox

2045 5239 2178 5278 vero
2237 5223 2536 5279 reﬂuentes
2572 5223 2640 5278 ad
2688 5223 2829 5278 alios
2878 5223 3171 5278 accedunt.
3222 5223 3383 5278 Solus
3438 5234 3622 5280 autem

2047 5316 2428 5372 beneﬁcentiae
2480 5318 2776 5372 thesaurus
2816 5316 3031 5372 stabilis
3081 5324 3164 5371 est
3211 5317 3624 5385 possidentibus

2044 5426 2173 5466 eum
2220 5426 2235 5464 :
2273 5409 2545 5465 bonarum
2595 5411 2744 5466 enim
2800 5410 3081 5466 actionum
3123 5409 3383 5466 meritum
3425 5413 3492 5468 ad
3521 5429 3623 5467 au-

2044 5515 2227 5562 ctores
2254 5511 2628 5574 retorquetur.

1887 5627 2122 5685 NOTAE.

435 5717 510 5787 (6)
554 5718 702 5770 Ὑπὸ
725 5717 845 5770 τῶν
894 5718 1099 5771 αὑτοῦ.
1131 5717 1223 5773 Sic
1273 5718 1511 5773 habetur
1540 5719 1594 5773 in
1657 5721 1944 5777 codicibus

361 5789 661 5876 Regiisz‘ln
691 5787 866 5876 editis,
889 5802 1020 5841 vero
1055 5789 1161 5876 6.1:?)
1189 5788 1281 5876 τοῦ
1332 5789 1797 5876 ςὺτοῦ.1βΛΝξξῐῖΒ.

434 5859 509 5930 t7)
542 5860 618 5931 Τὸ
642 5859 866 5928 γνῶναί
879 5928 889 5931 _
913 5876 1046 5931 τινα
1070 5859 1310 5912 ἑαυτόν.
1335 5860 1393 5913 lu
1451 5861 1641 5916 codice
1677 5863 1845 5931 [legio
1878 5861 1938 5916 Β.

359 5929 435 5984 Τὸ
461 5928 665 5997 γνῶναι
703 5928 946 5990 ἑαυτούς.
984 5930 1057 5982 In.

432 6001 510 6071 (ὃ)
549 6000 926 6070 Ὶρυχόμενοι.
953 6000 1032 6054 lta
1061 6000 1234 6054 codex
1286 6000 1490 6069 Regius
1519 6000 1578 6055 Β.
1637 6001 1936 6070 Pcrperam

2048 5724 2106 5778 in
2131 5721 2298 5776 editis
2325 5719 2681 5791 τρυχιῦμενοι.
2725 5719 2801 5774 lt).

2233 5790 2486 5876 appara.
2513 5793 2605 5876 Sic
2630 5807 2696 5844 ex
2730 5791 2926 5876 codice.
2952 5790 3121 5860 Regio
3155 5791 3539 5876 B._quperam
3568 5790 3620 5844 in

2049 5862 2219 5919 editis
2257 5862 2507 5930 δώματα,
2540 5871 2601 5916 ut
2623 5879 2688 5914 ex
2712 5869 2970 5916 contextu
3015 5870 3262 5931 apparet.
3295 5862 3370 5915 lu.

2119 5933 2231 6000 (10)
2267 5927 2362 6003 Ὠζ
2391 5932 2708 6003 δύνασθαι.
2737 5934 2793 5987 lu
2830 5927 3119 5989 codicibus
3178 5932 3361 6003 Regiis
3416 5927 3614 6003 legitur

2040 6003 2115 6066 ὡς
2150 6003 2210 6057 τὸ
2229 6001 2505 6058 δύνασθαι.
2528 6003 2606 6058 In.
