4088 6586
549 460 685 528 1167
1867 455 2195 517 AGAPETI
2233 455 2545 517 DIACONI
3704 466 3839 532 1155

1172 572 1324 629 CAP.
1362 571 1502 627 VIII.
2162 578 2208 633 Δ
2290 625 2330 634 ,_
2343 621 2364 628 Α

2162 578 2208 633 Δ
2290 621 2364 634 νε
2832 574 3082 629 ΚΕΦΑΛ.
3152 575 3234 634 II'.

619 670 941 726 lnaceessus
989 666 1216 740 quidem
1257 661 1485 720 exsistis
1532 659 1855 716 hominibus
1905 666 2135 730 propter
2162 627 2207 633 η

2273 627 2647 740 [Άπρόσιτος
2677 665 2777 735 μὲν
2815 666 3084 738 ὑπάρχεις
3123 670 3438 742 ἀνθρώποις
3483 674 3585 729 διὰ
3621 677 3685 730 τὸ
3713 679 3836 750 ’ὑψος

543 761 937 820 celsitudinem
989 720 1158 830 hujus
1199 754 1349 828 quod
1394 753 1488 809 hic
1525 753 1786 808 deorsum
1817 720 1924 817 est;
1956 720 2134 820 impe-

2276 720 2295 740 ‘
2437 720 2449 734 ι
2629 720 2690 735 -ι
2900 720 2999 738 ίιικ
3041 720 3081 731 ί*
3127 720 3436 742 ""r"""'
3488 720 3585 729 ""
3632 720 3741 731 ’ν’
3787 720 3812 733 ν

2240 755 2340 826 τῆς
2373 754 2525 808 κάτω
2555 755 2839 826 βασιλείας
2865 775 2879 790 ο
2913 761 3239 832 εὐπρόσιτος
3275 766 3332 820 δὲ
3371 767 3505 841 γίνῃ
3563 773 3682 836 τοῖς
3729 720 3837 829 δζοῖ

546 810 937 820 νν·-“’-----ν---
989 810 1022 815 --
1037 810 1086 830 *δ
1103 810 1151 812 -η
1209 810 1235 828 1
1909 810 1920 817 ι
2034 810 2052 820 .

543 857 614 912 rii
648 872 663 910 :
696 853 878 910 facilis
909 867 1044 908 vero
1077 849 1234 905 aditu
1263 862 1324 902 es
1354 845 1736 918 indigentibus
1775 843 1848 898 ob
1878 843 1991 898 vim
2035 858 2133 898 su-

2244 847 2430 945 ist-Etim;
2462 848 2553 903 διὰ
2584 850 2644 902 τὸ
2674 851 2875 922 κράτος
2904 855 3003 924 τῆς
3023 815 3150 910 ’ἄνω
3173 810 3834 945 ὲξουσώαὶυέεῖοίγζέ

542 964 735 1020 perna:
789 948 940 1003 illius
987 942 1322 1017 potestatis:
1377 907 1546 1011 atque
1592 936 1778 1009 aperis
1827 951 1992 992 aures
2045 935 2134 990 his

2244 907 2258 917 .
2410 907 2424 911 ν
2712 907 2725 922 .
2855 907 2872 916 -
2958 907 3000 924 ..
3176 907 3420 925 -ε---τν
3475 907 3577 918 η-.
3606 907 3724 920 ...ω
3764 907 3832 930 ,η

2240 942 2308 996 τὰ
2327 936 2442 997 ὦτα
2466 946 2579 1008 τοῖς
2622 946 2728 998 ὑπὸ
2765 947 2956 1011 πενίας
2984 907 3508 1024 πολιορκουμέᾟέ,
3542 957 3632 1013 ἱνα
3677 907 3833 1032 εὕρ-ης

543 1042 640 1113 qui
701 1057 732 1096 a
789 1007 1119 1111 paupertate
1178 1007 1532 1098 obsidentur,
1596 1007 1658 1086 ut
1723 1030 1978 1086 invenias
2035 1027 2134 1085 Dei

2240 1037 2341 1108 τὴν
2373 1039 2470 1092 τοῦ
2509 1038 2647 1094 Θεοῦ
2684 1042 2860 1112 ἀκοὴν
2906 1007 3296 1119 ἀνεῳγμένην;
3325 1007 3833 1126 Οἶοιυγάρῄἃνᾨίς

543 1135 800 1190 auditum
846 1133 1195 1204 adapertum.
1257 1128 1459 1195 Quales
1519 1125 1668 1181 enim
1717 1139 1846 1197 erga
1914 1133 2134 1179 nostros

2239 1131 2532 1202 ἡμετέροις
2558 1132 2848 1204 γενώμεθα
2884 1094 3230 1208 συνδόύλῖοις,⁸
3247 1094 3500 1200 τοιοῦτοί

544 1184 800 1190 ___-___-
1267 1184 1302 1195 η
1784 1184 1813 1197 ν

542 1229 816 1283 fuerimus
848 1240 1169 1289 conservos,
1217 1223 1382 1278 talem
1438 1220 1584 1295 circa
1637 1233 1740 1273 nos
1787 1217 2134 1288 reperiemus

2239 1184 2679 1298 εὑρήσομενιτὸν
2707 1184 3218 1303 λεσττότηνίνψη
3258 1184 3497 1200 "mu"
3539 1184 3668 1218 ΜΡ
3699 1184 3832 1219 ww"

540 1321 860 1376 Dominum.

1200 1429 1351 1485 CAP.
1382 1427 1474 1484 IX.
1515 1455 1520 1459 -

2843 1429 3098 1486 ΚΕΦΔΛ.
3146 1432 3222 1487 0’.

613 1529 920 1585 Sollicitam
969 1524 1324 1596 imperatoris
1367 1521 1607 1576 animam
1662 1515 1871 1589 speculi
1913 1515 1967 1570 in
2005 1528 2130 1568 rno-

2308 1517 2422 1589 Τὴν
2447 1518 2859 1592 πολυμέριμνον
2879 1521 2974 1576 τοῦ
2997 1523 3261 1593 βασιλέως
3280 1527 3488 1601 ψυχὴν,
3510 1535 3819 1605 κατόπτρου

542 1623 676 1676 dum
731 1616 973 1688 abstergi
1035 1621 1278 1686 oportet,
1340 1621 1403 1667 ut
1467 1608 1678 1664 divinis
1735 1603 2131 1676 splendoribus

2235 1609 2394 1681 δίκην
2423 1611 2850 1684 ἀποσμήχεσθαι
2880 1613 3009 1686 χρὴ,
3047 1616 3133 1670 ἵνα
3157 1619 3278 1682 ταῖς
3310 1618 3495 1686 θείαις
3525 1603 3823 1693 αὐγαῖς-ἀεὶ

540 1727 762 1782 semper
802 1717 1082 1773 coruscet,
1118 1719 1420 1774 rerumque
1452 1700 1714 1756 distincta
1745 1697 1957 1768 judicia
2001 1693 2130 1749 inde

2236 1703 2754 1775 καταστράπτηται,
2788 1707 2885 1759 καὶ
2920 1703 3030 1758 τῶν
3071 1711 3422 1780 πραγμάτων
3469 1714 3576 1778 τάς
3620 1717 3822 1786 κρίσεις

536 1802 841 1859 condiscat.
890 1798 1040 1854 Nihil
1083 1797 1232 1852 enim
1279 1804 1387 1849 tam
1419 1791 1638 1848 confert
1673 1788 1742 1843 ad
1785 1784 2130 1857 perspicien-

2235 1793 2446 1849 ἐκεῖθεν
2471 1795 2815 1868 διδάσκηται.
2853 1801 3020 1857 Οὑδὲν
3049 1801 3158 1874 γὰρ
3185 1802 3332 1858 οὓτω
3354 1809 3511 1860 ποιεῖ
3541 1809 3612 1862 τά
3635 1784 3814 1864 δέοντα

537 1897 671 1952 dum
703 1893 840 1965 quid
884 1892 1030 1947 facto
1063 1905 1206 1960 opus
1238 1889 1311 1944 sit
1340 1905 1352 1941 :
1389 1898 1707 1956 quanquam
1747 1881 1791 1936 si
1831 1895 1898 1935 ea
1929 1893 2128 1950 perpe-

2237 1883 2502 1957 καθορᾷν,
2535 1887 2612 1953 ὡς
2639 1887 2700 1942 τὸ
2730 1889 3032 1959 φυλάσσειν
3055 1891 3276 1963 ἐκείνην
3304 1891 3396 1948 διὰ
3431 1896 3640 1960 παντὸς
3666 1897 3821 1952 καθαο

541 1942 671 1952 νε..--
706 1942 840 1965 η---
884 1942 1024 1947 mm
1072 1942 1200 1960 -r-
1243 1942 1256 1944 ε
1407 1942 1423 1956 .
1559 1942 1576 1954 .
1929 1942 1948 1950 -
2033 1942 2050 1948 -

535 1999 633 2043 tuo
661 2003 800 2058 pura
844 1992 1120 2046 servetur,
1167 1982 1297 2036 facit
1338 1995 1461 2050 qua:
1504 1975 1816 2048 peragenda
1843 1982 1975 2029 sunt
1997 1987 2128 2028 con-
2160 1942 2204 2002 Β
2234 1977 2356 2049 ράν.

534 2081 775 2153 spicere,
811 2087 980 2148 atque
1028 2073 1310 2131 custodire
1355 2087 1476 2127 eam
1526 2081 1797 2141 perpetuo
1825 2067 2123 2122 sinceram.

1199 2187 1351 2246 CAP.
1384 2187 1453 2242 X.

2848 2184 3097 2241 ΚΕΦΑΛ.
3145 2189 3204 2242 ι’.

614 2288 792 2344 Sicuti
862 2284 1006 2355 apud
1071 2282 1434 2353 navigantes,
1493 2295 1619 2334 cum
1696 2286 1864 2332 nauta
1948 2287 2124 2344 errat,

2303 2274 2521 2346 Ὠσπερ
2552 2277 2646 2330 ἐπὶ
2686 2277 2795 2330 τῶν
2841 2280 3138 2340 πλεόντων.
3183 2283 3315 2337 ὅταν
3376 2283 3483 2354 μὲν
3549 2285 3578 2338 ό
3629 2282 3813 2351 ναύτης

533 2381 814 2439 modicum
861 2376 1022 2432 affert
1065 2373 1460 2445 navigantibus
1504 2381 1904 2428 nocumentum
1941 2389 1953 2425 :
1995 2387 2124 2426 cum

2229 2365 2436 2439 σφαλῇ,
2470 2369 2678 2441 μικρὰν
2707 2372 2862 2440 φέρει
2890 2374 3005 2437 τοῖς
3035 2374 3374 2444 συμπλέουσι
3403 2375 3622 2446 βλάϐην
3650 2418 3666 2443 ,
3696 2376 3813 2428 ὅταν

533 2491 667 2532 vero
717 2475 836 2544 ipse
877 2471 1242 2542 gubernator,
1282 2465 1456 2521 totius
1491 2463 1660 2520 eﬂicit
1690 2463 1897 2535 navigii
1931 2464 2123 2534 perni-

2225 2457 2283 2512 δὲ
2313 2459 2477 2523 αὑτὸς
2505 2461 2534 2513 ὁ
2558 2461 2926 2535 κυϐερνήτης,
2953 2467 3156 2531 παντὸς
3186 2468 3487 2539 ἐργάζεται
3513 2468 3609 2523 τοῦ
3637 2466 3809 2520 πλοίου

533 2569 720 2625 ciem:
769 2565 850 2620 sic
897 2572 954 2619 et
1003 2562 1058 2617 in
1113 2558 1458 2624 civitatibus,
1508 2558 1553 2613 si
1601 2557 1730 2628 quis
1775 2573 1844 2612 ex
1883 2555 2126 2613 subditis

2226 2553 2510 2607 ἀπώλειαν
2542 2593 2557 2619 ,
2587 2556 2732 2609 οὕτω
2771 2559 2866 2612 καὶ
2896 2560 2955 2611 ἐν
3001 2561 3124 2623 ταῖς
3170 2559 3414 2626 πόλεσιν,
3454 2562 3525 2615 ἂν
3595 2549 3694 2632 μέν
3737 2576 3807 2622 τις

531 2665 748 2731 peccet,
797 2670 908 2710 non
956 2663 1068 2709 tam
1140 2649 1574 2720 rempublicam,
1637 2663 1804 2718 quam
1877 2647 2122 2718 seipsum

2225 2645 2332 2700 τῶν
2379 2647 2702 2718 ἀρχομένων
2757 2650 3005 2722 ἁμάρτῃ,
3045 2651 3108 2706 οὑ
3167 2651 3230 2704 τὸ
3277 2653 3464 2706 κοινὸν
3525 2653 3808 2712 τοσοῦτον,

531 2751 685 2808 laedit
731 2766 744 2804 :
799 2749 886 2803 sin
929 2761 1064 2801 vero
1102 2743 1222 2815 ipse
1286 2743 1569 2813 princeps,
1625 2740 1902 2794 universa:
1955 2737 2125 2793 infert

2223 2737 2349 2791 ὅσον
2375 2737 2566 2791 ἑαυτὸν
2597 2738 2805 2792 ἀδικεῖν
2835 2739 2902 2793 ἂν
2931 2740 2989 2793 δὲ
3030 2740 3192 2805 αὑτὸς
3219 2742 3248 2794 ό
3276 2742 3485 2812 ἄρχων,
3514 2742 3694 2811 πάσης
3725 2741 3805 2810 ἐρ-

532 2841 853 2914 reipublica:
886 2836 1305 2894 detrimentum.
1343 2834 1392 2888 Is
1420 2833 1590 2904 igitur
1635 2840 1697 2886 ut
1724 2848 1837 2886 non
1866 2830 2121 2901 exiguam

2224 2829 2456 2898 γάζεται
2485 2830 2587 2900 τῆς
2611 2831 2890 2895 πολιτείας
2919 2831 3019 2906 τὴν
3059 2833 3286 2904 βλάϐην.
3318 2834 3407 2897 Ὠς
3435 2830 3535 2888 οὖν
3577 2830 3806 2904 μεγάλας

531 2935 858 2992 redditurus
905 2930 1221 2994 rationem,
1272 2927 1319 2981 si
1370 2925 1506 2996 quid
1558 2923 1865 2996 neglexerit
1923 2938 2122 2979 eorum

2226 2921 2438 2990 ὑφέξων
2466 2922 2719 2988 εὐθύνας,
2750 2924 2803 2977 εί
2844 2940 2898 2976 τι
2943 2925 3165 2996 παρίδοι
3207 2925 3317 2978 τῶν
3356 2925 3614 2992 δεόντων,
3673 2922 3804 2994 μετά

531 3043 654 3099 quae
685 3025 832 3080 facto
872 3035 1014 3093 opus
1040 3027 1192 3082 sunt,
1225 3017 1502 3088 exquisita
1541 3014 1831 3084 diligentia
1865 3021 1923 3068 et
1959 3012 2124 3068 dicti-

2223 3015 2430 3086 πολλῆς
2463 3015 2757 3080 ἀκριϐείας
2779 3017 2875 3071 καὶ
2904 3017 3119 3086 λεγέτω
3145 3018 3326 3073 πάντα
3355 3020 3453 3072 καὶ
3497 3017 3800 3092 πραττέτω.

531 3129 611 3178 ιει
634 3127 834 3176 cuncta
867 3126 924 3171 et
953 3113 1188 3169 factitet.

1189 3223 1341 3279 CAP.
1382 3221 1474 3276 XI.

2812 3216 3064 3272 ΚΕΦΑΛ.
3105 3215 3211 3271 IA'.

601 3323 860 3382 Circulus
888 3318 1114 3391 quidam
1147 3316 1514 3370 humanarum
1563 3308 1868 3365 revolvitur
1907 3323 2118 3374 rerum,
2147 3299 2194 3360 C

2185 3299 2194 3359 ἶ
2293 3309 2512 3374 Κύκλος
2539 3326 2626 3374 τις
2661 3309 2771 3363 τῶν
2815 3309 3174 3381 ἀνθρωπίνων
3211 3311 3530 3391 περιτρέχει
3557 3307 3799 3380 πραγμά·

528 3419 624 3491 qui
660 3415 828 3472 modo
869 3389 971 3477 sic,
1022 3409 1188 3465 modo
1211 3407 1370 3462 aliter
1414 3404 1586 3475 agitat
1623 3403 1769 3474 ipsas
1800 3409 1857 3456 et
1879 3401 2120 3457 circum-

2220 3419 2351 3466 των,
2380 3400 2572 3455 ἄλλοτε
2606 3400 2785 3467 ἄλλως
2811 3401 2996 3472 φέρων
3026 3402 3166 3456 αὐτὰ
3194 3389 3304 3456 και
3322 3403 3640 3474 περιφέρων
3671 3418 3687 3433 ’
3712 3398 3799 3454 καὶ

526 3512 682 3568 fert:
723 3517 889 3578 atque
936 3504 994 3559 in
1031 3502 1120 3559 his
1157 3497 1505 3569 inaequalitas
1540 3504 1647 3560 est,
1693 3509 1762 3550 eo
1798 3493 1948 3565 quod
1977 3493 2115 3549 nihil

2217 3495 2431 3558 τούτοις
2483 3494 2738 3566 ἀνισότης
2787 3494 3014 3557 scema
3045 3495 3217 3567 μηδὲν
3260 3496 3371 3548 τῶν
3416 3497 3708 3568 παρόντων
3742 3493 3797 3544 ἐν

527 3621 596 3660 ex
638 3597 1012 3674 praesentibus
1051 3595 1108 3651 in
1155 3593 1353 3648 eodem
1406 3597 1554 3645 statu
1600 3596 1840 3644 maneat.
1883 3585 2117 3656 Oportet

2217 3587 2507 3656 ταυτότητι
2542 3584 2746 3656 μένειν.
2779 3585 2871 3637 Δεῖ
2895 3582 2992 3637 οὖν
3033 3601 3093 3638 σε
3118 3626 3134 3650 ,
3168 3585 3429 3656 κράτιστε
3464 3582 3704 3656 βασιλεῦ,
3743 3583 3797 3634 ἑν

526 3700 696 3770 igitur
743 3705 818 3760 te,
874 3689 1260 3763 potentissime
1302 3686 1624 3755 imperator,
1669 3683 1724 3736 in
1778 3682 1880 3738 liae
1924 3696 2111 3736 rerum

2217 3681 2282 3750 τῇ
2311 3677 2518 3731 τούτων
2548 3676 2908 3770 ἀγχιστρόφῳ
2935 3676 3234 3750 μεταϐολῇ,
3252 3676 3635 3750 ἀμετάϐλητον
3660 3673 3795 3744 ἔχειν

526 3769 778 3844 versatili
823 3783 1132 3839 mutatione
1178 3776 1581 3833 immutabilem
1623 3773 1829 3830 habere
1889 3773 2114 3843 pietatis

1238 3776 1581 3832 Imutabilem
1623 3773 1829 3830 habere
1889 3773 2114 3843 pietatis
2216 3771 2310 3825 τὸν
2335 3769 2536 3840 εὐσεϐῆ
2571 3769 2852 3839 λογισμόν.

527 3881 940 3955 cogitationem.

1155 3986 1308 4042 CAP.
1353 3985 1471 4040 XII.

2809 3970 3059 4025 ΚΕΦΑΛ.
3101 3969 3203 4024 IB'.

595 4089 864 4143 Aversare
906 4079 1531 4138 adulatorum'fallaces
1556 4090 1864 4139 sermones,
1901 4082 2112 4127 utcor-

2296 4067 2666 4138 Ἀποστρέφου
2695 4064 2805 4117 τῶν
2828 4062 3076 4118 κολάκων
3096 4063 3225 4126 τοὺς
3248 4062 3568 4135 ᾴπατηλοὺς
3587 4061 3785 4129 λόγους,

533 4192 727 4233 vorum
771 4189 1004 4246 rapaces
1035 4186 1262 4227 mores:
1291 4169 1370 4224 illi
1403 4182 1643 4238 namque
1679 4165 1932 4237 corporis
1968 4163 2108 4219 επο-

2211 4163 2402 4234 ὥσπερ
2433 4160 2543 4215 τῶν
2573 4159 2828 4231 κοράκων
2859 4160 2984 4222 τοὺς
3015 4159 3401 4229 ἀρπακτικοὺς
3435 4158 3673 4230 τρόπους
3695 4170 3709 4185 ο
3740 4153 3785 4206 oi

525 4270 688 4327 diunt
713 4245 937 4332 oculos;
964 4265 1056 4320 isti
1087 4272 1272 4318 autem
1297 4260 1495 4315 anima:
1524 4259 1786 4313 hebetant
1811 4256 2106 4327 cogitatus,

2214 4254 2314 4326 μὲν
2339 4252 2451 4324 γάρ
2471 4253 2598 4315 τοὺς
2629 4249 2722 4304 τοῦ
2761 4248 3017 4321 σώματος
3045 4250 3432 4322 ὲξορύττουσιν
3459 4245 3781 4321 ὀφθαλμούς⁵

525 4376 651 4417 eum
701 4373 814 4414 non
863 4353 1190 4426 permittant
1218 4349 1536 4420 perspicere
1566 4361 1751 4402 rerum
1775 4344 2104 4400 veritatem:

2209 4348 2258 4401 οί
2304 4344 2385 4412 δὲ,
2440 4344 2568 4407 τοὺς
2614 4343 2714 4415 τῆς
2767 4342 2948 4414 ψυχῆς
3007 4340 3406 4414 ἑξαμϐλύνουσι
3459 4339 3778 4413 λογισμοὺς,

523 4456 610 4510 vel
635 4451 787 4510 enim
811 4445 1206 4504 commendant
1228 4454 1648 4510 nonnunquam,
1670 4436 2107 4509 reprehensione

2213 4438 2290 4511 μὴ
2348 4435 2764 4508 συγχωροῦντες
2809 4437 2944 4508 όρᾷν
2995 4434 3094 4507 τὴν
3130 4435 3240 4491 τῶν
3281 4436 3626 4509 πραγμάτων
3661 4429 3781 4500 ἀλή·

523 4564 646 4621 quae
703 4544 868 4616 digna
918 4548 1080 4605 sunt;
1135 4537 1222 4592 vel
1279 4532 1703 4606 reprehendunt
1754 4531 2104 4602 plerumque,

2209 4533 2385 4587 θειαν.
2415 4532 2485 4584 Ἦ
2513 4531 2625 4604 γὰρ
2654 4530 2977 4585 ἐπαινοῦσιν
3004 4529 3121 4583 ἔσθ’
3150 4531 3239 4584 ὅτε
3269 4529 3339 4584 τὰ
3373 4529 3543 4600 ψόγου
3575 4525 3714 4590 ἀξια,
3746 4522 3775 4588 ἢ

522 4655 646 4712 qua:
677 4635 828 4692 omni
862 4632 1026 4689 laude
1053 4637 1182 4686 sunt
1225 4628 1434 4699 majora
1461 4644 1473 4679 :
1508 4634 1570 4680 ut
1600 4624 1839 4679 duorum
1868 4622 2105 4677 alterum

2162 4648 2182 4701 )
2208 4625 2442 4697 ψέγουσι
2467 4623 2732 4687 πολλάκις
2763 4622 2836 4676 τὰ
2871 4622 3114 4676 ἐπαίνων
3145 4622 3436 4694 κρείττονα
3463 4637 3478 4653 ’
3518 4622 3605 4674 ἱνα
3644 4613 3776 4668 δυοῖν

523 4734 591 4788 ab
625 4731 761 4802 ipsis
784 4725 1187 4788 committatur,
1243 4721 1331 4776 vel
1361 4733 1662 4790 pravorum
1687 4718 1831 4780 laus,
1857 4715 1945 4770 vel
1972 4729 2106 4770 con-

2210 4720 2437 4792 θάτερον
2469 4718 2653 4782 αὐτοῖς
2677 4715 3144 4788 ἀμαρτάνηται.ἣ
3174 4714 3235 4769 τὸ
3262 4713 3436 4769 κακὸν
3459 4706 3773 4777 ἐπαινούμε-

521 4823 847 4880 tnmeliosus
881 4820 1156 4875 bonorum
1187 4821 1558 4882 contemptus.

1453 4821 1558 4866 tus.
2205 4830 2316 4881 νον,
2350 4813 2384 4885 ἢ
2416 4812 2474 4866 τὸ
2496 4811 2660 4867 καλὸν
2687 4810 3067 4884 ὑϐριζόμενον.

1131 4924 1284 4981 CAP.
1334 4921 1475 4977 XIII.

2797 4903 3052 4957 ΚΕΦΑΛ.
3090 4901 3192 4955 II".

591 5027 879 5098 Equalem
922 5025 1143 5092 oportet
1184 5031 1403 5086 semper
1433 5029 1556 5068 esse
1605 5008 1960 5082 imperatoris
1982 5006 2102 5062 ani-

2279 5002 2421 5053 Ἴσον
2452 4993 2594 5052 εἷναι
2612 4996 2718 5068 χρὴ
2740 4996 2974 5049 πάντοτε
2998 4993 3091 5048 τοῦ
3118 4991 3386 5064 βασιλέως
3413 4993 3476 5046 τδ
3506 4987 3765 5061 φρόνημα⁹

521 5133 673 5172 mum
699 5135 713 5170 :
739 5113 944 5170 mutari
965 5114 1112 5166 enim
1140 5121 1242 5178 pro
1267 5119 1456 5159 rerum
1484 5101 1867 5164 varietatibus,
1901 5096 2103 5152 mentis

2201 5093 2261 5147 τὸ
2285 5095 2396 5163 γὰρ
2420 5087 2975 5162 συμμεταϐάλλεσθαι
3009 5089 3128 5151 ταῖς
3165 5086 3272 5140 ζῶν
3317 5085 3650 5156 πραγμάτων
3676 5089 3765 5144 με·

521 5208 798 5266 instabilis
845 5210 1234 5275 argumentum
1284 5195 1573 5252 eﬂicitur:
1624 5193 1860 5248 ﬁrmiter
1913 5200 2099 5247 autem

2198 5185 2476 5250 ταϐολαίς,
2503 5183 2742 5247 διανοίας
2789 5181 3048 5236 ἀϐεϐαίου
3096 5181 3397 5252 τεκμήριον
3429 5181 3634 5249 γίνεται
3665 5187 3678 5200 ’
3711 5165 3764 5219 τδ

518 5302 682 5357 bonis
735 5299 1029 5362 inhaerere,
1080 5296 1140 5350 in
1183 5309 1292 5364 qua
1345 5290 1605 5345 firmitate
1652 5286 1804 5357 pium
1850 5292 2098 5339 vestrum

2197 5277 2256 5331 δὲ
2291 5277 2504 5347 παγίως
2531 5277 2589 5330 ὲν
2620 5278 2734 5339 τοῖς
2761 5276 2950 5339 καλοῖς
2978 5274 3322 5346 ἐρηρεῖσθαι,
3353 5273 3428 5337 ὡς
3453 5274 3514 5326 τὸ
3547 5261 3761 5323 εὐσεϐὲς

518 5388 939 5447 corroboratum
991 5391 1047 5439 et
1095 5383 1262 5436 fixum
1308 5391 1395 5436 est
1447 5377 1764 5449 imperium,
1805 5383 1884 5441 et,
1917 5389 2096 5443 neque

2201 5370 2356 5440 ὑμῶν
2382 5370 2703 5441 ἐστήρικται
2737 5369 2960 5439 κράτος,
2993 5369 3090 5420 καὶ
3119 5368 3257 5438 μήτε
3282 5365 3419 5439 πρὸς
3459 5353 3758 5425 ἀλαζονείαν

518 5496 692 5552 usque
737 5479 806 5534 ad
857 5475 1207 5532 insolentiam
1266 5472 1492 5539 extolli,
1552 5486 1733 5540 neque
1793 5484 1966 5539 usque
2027 5467 2095 5522 ad

2199 5467 2616 5540 ὑπεραίρεσθαι,
2669 5467 2808 5537 μήτε
2857 5466 2996 5537 πρὸς
3051 5464 3290 5532 ἀθυμίαν
3349 5451 3752 5533 καταφέρεσθαιν

515 5574 687 5632 animi
736 5568 1249 5627 consternationem
1299 5565 1488 5636 dejici,
1538 5563 1742 5619 intuta
1771 5562 1944 5618 veluti
1975 5560 2094 5616 basi

2199 5559 2512 5632 βεϐηκότων
2542 5558 2694 5612 ἐστὶν
2727 5557 2990 5622 ἀσφαλῶς
3009 5596 3027 5624 ,
3049 5557 3146 5612 καὶ
3175 5554 3515 5627 ἀκράδαντον
3543 5547 3754 5620 ἑχόντων

518 5666 890 5724 stabilitorum
935 5670 1019 5718 est
1053 5659 1362 5725 hominum,
1398 5657 1752 5712 animamque
1804 5656 2096 5711 inconcus—
2194 5655 2295 5725 τὴν
2315 5651 2518 5724 ψυχήν.

492 5777 630 5819 .sam
663 5757 1009 5815 habentium.

1142 5840 1295 5897 CAP.
1323 5839 1462 5895 XIV.

2762 5833 3017 5888 ΚΕΦΔΛ.
3074 5834 3171 5886 IA'.

577 5943 636 6002 Si
663 5942 788 6017 quis
832 5954 1034 6014 purum
1073 5935 1243 5993 habet
1277 5931 1582 6003 cogitatum
1610 5930 1680 5989 ab
1708 5929 1970 5989 humanis
2001 5947 2093 5988 er-

2264 5929 2335 5987 Εῐ
2352 5946 2437 5996 τις
2467 5924 2941 6000 κεκαθαρισμένον
2994 5924 3108 5996 ἔχει
3139 5926 3231 5980 τὸν
3267 5920 3530 5992 λογισμὸν
3565 5914 3624 5966 ὲκ
3659 5899 3744 5971 τῆς
