4088 6574
337 462 473 526 1169

1559 458 1829 518 CAPITA
1870 456 2426 518 ADMONITORIA.

3486 454 3630 512 11Ἱο

347 577 699 649 ἀνθρωπίνης
755 578 995 645 ἀπάτης,
1026 577 1121 630 καὶ
1154 575 1345 646 βλέπει
1392 576 1452 628 τὸ
1496 575 1777 630 οὑτιδανδν
1829 578 1930 647 τῆς

2067 577 2276 640 oribus,
2313 577 2688 646 perspicitqne
2736 588 2849 627 suae
2885 579 3097 626 natura:
3121 569 3416 631 vilitatem.
3445 569 3629 626 brevi-

346 669 539 725 ἑαυτοῦ
598 668 835 738 φύσεως,
866 669 989 722 τότε
1033 670 1210 741 βραχὺ
1253 671 1347 723 καὶ
1373 669 1670 741 ὠκύμορον
1709 669 1812 740 τῆς
1842 672 1933 723 ὲν-

343 761 517 815 ταῦθα
552 760 721 831 ζωῆς,
747 761 840 815 καὶ
878 762 971 814 τὸν
998 761 1430 833 συνεζευγμένον
1450 764 1517 833 τῇ
1553 762 1718 834 σαρκὶ
1742 763 1936 835 ῥύπον,

346 855 427 917 είς
476 854 568 906 τὸν
605 852 705 922 τῆς
752 853 1135 926 ὑπερηφανίας
1172 856 1275 908 οὐκ
1314 856 1640 926 ἐμπεσεῖται
1668 856 1935 927 κρημνὸν,

348 943 453 997 κᾶν
492 945 550 996 ὲν
582 942 860 1015 ἀξιώματι
892 944 1119 1015 ὑπάρχῃ
1149 944 1362 1017 ὑψηλῷ.

947 1076 1203 1133 ΚΕΦΑΛ.
1261 1079 1362 1133 IE'.

428 1192 602 1263 Ὑπὲρ
675 1190 857 1247 πάντα
915 1192 1016 1264 τῆς
1076 1192 1364 1263 βασιλείας
1418 1194 1488 1249 τά
1570 1194 1780 1260 ἔνδοξα,
1842 1197 1943 1265 τῆς

348 1285 629 1349 εὐσεϐείας
665 1286 728 1339 τὸ
778 1285 998 1357 στέμμα
1052 1286 1146 1341 τὸν
1190 1286 1418 1359 βασιλέα
1469 1289 1705 1353 κοσμεῖ·
1744 1291 1772 1341 ό
1827 1288 1940 1359 γὰρ

350 1380 581 1440 πλοῦτος
621 1379 958 1451 ἀπέρχεται,
991 1378 1090 1435 καλ⁸
1135 1382 1168 1452 ἡ
1208 1381 1337 1447 δόξα
1371 1380 1704 1452 μετέρχεται
1737 1398 1753 1415 ο
1788 1383 1850 1435 τὸ
1880 1383 1941 1437 δὲ

348 1471 506 1535 κλέος
534 1474 633 1543 τῆς
661 1471 849 1526 ἐνθέου
906 1472 1188 1536 πολιτείας
1240 1472 1529 1538 ἀθανάτοις
1581 1472 1741 1527 αίῶσι
1799 1491 1942 1544 συμ-

354 1565 800 1636 παρεκτείνεται,
875 1566 973 1620 καὶ
1028 1565 1199 1639 λήθης
1236 1566 1490 1622 ἐπέκεινα
1554 1567 1681 1631 τοὺς
1716 1566 1941 1638 ἔχοντας

350 1655 474 1729 ίστη
484 1674 558 1711 σι.

928 1792 1185 1847 ΚΕΦΑΛ.
1248 1792 1366 1863 ις’.

420 1907 636 1978 Σφόδρα
679 1923 771 1978 μοι
802 1906 952 1962 δοκεῖ
990 1910 1349 1964 ἀτοπώτατον
1377 1905 1539 1974 εἶναι,
1574 1912 1655 1965 ὅτι
1684 1913 1937 1968 πλούσιοι

2044 674 2328 737 talemque
2364 667 2541 722 veloci
2573 666 2686 719 fato
2736 662 2992 717 obnoxiae
3032 658 3321 730 praesentis
3343 658 3491 721 vitae,
3516 668 3633 712 tum

2042 759 2197 815 carni
2244 760 2567 829 conjunctas
2615 758 2926 825 insitasque
2973 752 3209 816 sordes,
3264 752 3331 807 ad
3359 751 3636 821 superbia:

2041 865 2329 920 nunquam
2384 849 2649 905 illabetur
2679 846 3078 917 praecipitium,
3129 843 3386 915 quamvis
3436 844 3492 898 in
3538 859 3635 899 ex-

2041 943 2189 997 celso
2214 942 2504 1013 dignitatis
2527 941 2754 1012 fastigio
2780 938 3074 995 consistat.

2682 1079 2838 1136 CAP.
2878 1077 2996 1133 XV.

2114 1197 2294 1268 Super
2341 1196 2529 1251 omnia
2569 1194 2837 1266 praeclara
2872 1208 2996 1263 quae
3037 1207 3267 1264 regnum
3300 1189 3491 1254 habet,
3524 1188 3641 1260 pie-

2045 1291 2173 1345 tatis
2204 1291 2500 1359 cultusque
2531 1287 2708 1343 divini
2730 1302 2937 1342 corona
2969 1300 3156 1358 regem
3186 1289 3423 1339 exornat
3449 1298 3465 1338 :
3492 1280 3639 1337 divi-

2046 1383 2135 1439 tia:
2180 1399 2420 1453 namque
2471 1391 2839 1449 evanescunt,
2888 1379 3149 1451 vulgique
3203 1376 3363 1432 favor
3409 1383 3468 1430 et
3507 1389 3643 1429 aura

2046 1476 2247 1532 transit
2288 1494 2302 1530 :
2346 1476 2467 1531 sola
2492 1474 2621 1529 vitae
2656 1475 2770 1528 Deo
2806 1470 3081 1542 placentis
3105 1468 3277 1543 gloria
3309 1463 3642 1522 immortali-

2044 1569 2149 1623 bus
2178 1569 2397 1625 saeculis
2429 1566 2843 1631 coextenditur,
2874 1574 2933 1621 et
2959 1571 3117 1619 trans
3154 1559 3463 1618 oblivionis
3487 1567 3645 1613 tene4~

2044 1660 2173 1716 bras
2198 1660 2434 1716 collocat
2458 1658 2837 1730 possidentes.

2562 1846 2572 1856 .
2672 1792 2825 1849 CAP.
2867 1790 3010 1846 XVI.

2115 1908 2488 1964 Vehementer
2540 1906 2674 1961 mihi
2714 1905 2942 1960 videtur
2988 1902 3458 1959 absurdissimum
3495 1916 3640 1965 esse,

352 2000 444 2052 καὶ
476 1974 707 2070 πένητες
734 2000 1013 2071 ἄνθρωποι
1039 2001 1099 2067 ἐξ
1126 2002 1397 2072 ἀνομοίων
1420 2006 1765 2077 πραγμάτων
1809 2006 1941 2076 βλά-

2067 2001 2199 2072 ιιιοι]
2235 2001 2439 2057 divites
2480 2009 2537 2056 et
2570 2015 2849 2070 pauperes
2882 1998 3140 2053 homines
3175 2014 3243 2053 ex
3282 1994 3650 2052 dissimilibus

352 2092 453 2162 δην
505 2094 809 2164 πάσχουσιν
835 2095 1050 2163 ὁμοίαν.
1085 2098 1149 2150 Οἱ
1176 2099 1275 2164 μὲν
1326 2098 1437 2169 γὰρ
1479 2100 1586 2152 ὑπὸ
1636 2100 1731 2154 τοῦ
1773 2100 1941 2172 κόρου

354 2186 800 2257 διαρρήγνυνται,
824 2189 874 2241 οί
912 2189 970 2242 δὲ
1011 2190 1116 2244 ὑπὸ
1157 2190 1253 2243 τοῦ
1311 2191 1475 2258 λιμοῦ
1510 2193 1941 2265 διαφθείρονται·

357 2277 453 2331 καλ⁵
474 2278 522 2330 οί
555 2278 652 2348 μὲν
705 2280 999 2351 κατέχουσι
1037 2281 1132 2335 τοῦ
1173 2282 1381 2354 κόσμου
1412 2283 1481 2337 τὰ
1520 2286 1735 2355 πέρατα
1759 2328 1774 2352 ,
1812 2287 1860 2339 οί
1889 2285 1947 2340 δὲ

358 2370 457 2422 οὐκ
508 2369 691 2438 ἔχουσι
739 2371 842 2424 ποῦ
906 2372 1105 2443 στῆσαι
1141 2372 1212 2427 τὰ
1266 2374 1541 2445 πέλματα.
1580 2376 1697 2430 Ἵνα
1760 2378 1943 2432 τοίνυν

359 2463 526 2532 ἄμφω
555 2468 655 2535 τῆς
699 2465 887 2533 ὑγείας
915 2466 1172 2537 τύχωσιν,
1196 2469 1492 2540 ἀφαιρέσει
1534 2471 1627 2524 καὶ
1658 2471 1950 2541 προσθέσει

358 2554 582 2619 τούτους
604 2555 990 2627 θεραπευτέον,
1018 2560 1112 2615 καὶ
1123 2559 1259 2632 πρὸς
1280 2561 1499 2633 ἰσότητα
1525 2565 1623 2633 την
1658 2563 1952 2635 ἀνισότητα

364 2648 729 2717 μετενεκτέον.

957 2767 1216 2822 ΚΕΦΑΛ.
1258 2770 1361 2823 IZ'.

450 2853 564 2923 Ἐφ’
603 2855 736 2927 ἡμῖν
800 2858 1086 2932 ἀνεδείχθη
1140 2860 1241 2931 τῆς
1290 2861 1523 2928 εύζωῖας
1568 2865 1596 2916 ό
1652 2864 1866 2933 χρόνος,
1894 2865 1953 2919 ὃν

366 2948 596 3017 προεῖπέ
635 2965 721 3012 τις
748 2949 857 3003 τῶν
890 2952 1136 3007 παλαιῶν
1177 2954 1420 3019 ἔσεσθαι,
1451 2957 1635 3029 ὃτανῆ
1667 2957 1954 3027 φιλόσοφοι

368 3037 846 3112 βασιλεύσωσιν,ἢ
898 3041 1143 3111 βασιλεῖς
1191 3046 1641 3119 φιλοσοφήσωσιο
1702 3050 1796 3105 καὶ
1846 3052 1956 3120 γὰρ

367 3128 788 3198 φιλοσοφοῦντες
809 3133 1082 3204 ἡξιώθητε
1123 3136 1406 3207 βασιλείας
1427 3179 1443 3203 ,
1471 3142 1566 3195 καὶ
1592 3142 1957 3211 βασιλεύσαν-

369 3236 463 3285 τες
486 3221 586 3276 οὑκ
610 3222 887 3294 ἀπέστητε
936 3227 1282 3299 φιλοσοφίας.
1316 3233 1380 3287 ΕΙ
1406 3233 1517 3305 γὰρ
1555 3234 1617 3289 τὸ
1655 3237 1831 3305 φιλεῖν
1871 3256 1958 3292 σο-

2054 2094 2222 2149 rcbus
2254 2093 2655 2149 detrimentum
2695 2092 2877 2148 simile
2914 2090 3241 2162 patiuntur;
3286 2088 3366 2143 illi
3404 2102 3648 2158 namque

2054 2203 2083 2241 a
2106 2187 2263 2258 copia
2288 2202 2473 2242 rerum
2494 2193 2955 2256 perrumpuntur,
2974 2184 3032 2238 hi
3052 2197 3187 2239 vero
3216 2182 3358 2236 fame
3382 2188 3645 2250 pereunt:

2057 2279 2187 2335 item
2219 2279 2299 2334 illi
2331 2286 2612 2349 occupant
2651 2277 2876 2333 ultimos
2905 2276 3098 2331 mundi
3129 2274 3417 2337 terminos,
3455 2272 3510 2326 hi
3537 2287 3650 2325 non

2058 2372 2267 2427 habent
2301 2371 2399 2427 ubi
2436 2371 2642 2426 callosa
2678 2370 2883 2440 pedum
2930 2368 3163 2440 vestigia
3208 2368 3425 2422 sistant.
3450 2365 3520 2421 Ut
3551 2364 3652 2435 igi-

2059 2472 2150 2519 tur
2203 2473 2441 2537 utraque
2498 2479 2628 2534 pars
2671 2462 2928 2518 sanitatis
2980 2462 3114 2516 ﬁant
3156 2458 3653 2531 compotes,aufe-

2059 2557 2235 2613 rendo
2279 2567 2336 2613 et
2386 2556 2755 2612 diminuendo
2785 2556 2924 2611 istos
2959 2568 3153 2625 regere
3181 2560 3425 2623 oportet,
3474 2561 3531 2609 et
3581 2552 3651 2606 ad

2060 2648 2440 2719 aqualitatem
2484 2648 2833 2719 inaequalitas
2865 2644 3251 2700 transferenda
3285 2654 3391 2699 est.

2684 2760 2839 2816 CAP.
2877 2757 3042 2814 XVII.

2132 2853 2345 2908 Nostris
2384 2852 2735 2923 temporibus
2778 2861 3069 2907 ostensum
3107 2856 3195 2905 est
3219 2862 3504 2919 prosperae
3530 2846 3657 2901 vitae

2064 2954 2282 3017 tempus
2324 2946 2473 3015 quod
2519 2945 2777 3016 praedixit
2824 2944 3050 3015 quidam
3086 2957 3154 2998 ex
3182 2942 3468 2997 veteribus
3501 2939 3655 2995 futu-

2066 3053 2209 3103 rum,
2262 3053 2388 3093 cum
2445 3037 2527 3091 vel
2586 3035 2905 3107 philosophi
2959 3033 3293 3105 regnabunt,
3351 3032 3441 3087 vel
3498 3045 3659 3101 reges

2065 3129 2607 3200 pliilOtOphabuntur
2640 3147 2654 3183 :
2693 3143 2820 3184 nam
2858 3135 2977 3182 tum
3020 3125 3468 3197 philosophando
3501 3124 3655 3196 digni

2068 3222 2242 3278 habiti
2295 3238 2466 3293 regno
2509 3221 2669 3286 estis,
2710 3229 2827 3277 tum
2854 3236 2993 3276 vero
3034 3219 3317 3291 regnando
3351 3236 3382 3274 a
3414 3218 3659 3288 philoso—

370 3312 500 3384 φίαν
536 3318 680 3369 ποιεί
714 3318 1054 3390 φιλοσοφίαν,
1096 3322 1241 3394 ἀρχὴ
1298 3325 1354 3378 δὲ
1399 3326 1636 3395 σοφίαςό
1671 3329 1766 3383 τοῦ
1815 3330 1953 3385 Θεοῦ

2067 3314 2195 3385 phia
2238 3329 2350 3369 non
2396 3313 2710 3369 descivistis
2755 3331 2768 3367 :
2815 3314 2862 3369 si
2890 3313 3039 3368 enim
3099 3327 3286 3367 amare
3326 3312 3658 3382 sapientiam

374 3408 562 3477 φόϐος,
601 3409 661 3464 ὃν
699 3412 757 3466 έν
802 3415 917 3478 τοῖς
960 3416 1210 3488 στέρνοις
1244 3419 1400 3490 ὑμῶν
1437 3422 1738 3489 διαπαντὸς
1783 3426 1956 3497 ἔχετε,

373 3498 595 3574 εὔδηλον
622 3504 699 3570 ὡς
729 3505 932 3577 ἀληθὲς
965 3508 1025 3562 τὸ
1064 3512 1198 3581 παρ’
1232 3511 1370 3583 ἐμοῦ
1407 3514 1726 3585 λεγόμενον.

966 3794 1220 3852 ΚΕΦΔΛ.
1261 3798 1368 3852 1Η⁰.

453 3883 689 3939 Βασιλέα
728 3903 788 3940 σε
839 3887 983 3943 κατὰ
1029 3889 1293 3961 ἀλήθειαν
1330 3892 1630 3964 ὁρίζομαι,
1674 3895 1749 3959 ὡς
1809 3897 1966 3968 βασιο

386 3978 563 4033 λεύειν
588 3980 682 4034 κα)⁵
722 3983 946 4054 κρατεῖν
974 3982 1082 4036 τῶν
1122 3982 1329 4052 ἡδονῶν
1365 3983 1667 4055 δυνάμενον
1694 4029 1708 4053 ,
1749 3989 1844 4041 καὶ
1877 3988 1967 4042 τὸν

386 4081 648 4140 στέφανον
676 4073 777 4143 τῆς
820 4074 1181 4146 σωφροσύνης
1232 4076 1662 4148 ἀναδησάμενον,
1696 4081 1787 4132 καὶ
1831 4097 1967 4151 πορ-

387 4161 565 4232 φύραν
626 4164 725 4235 τῆς
766 4164 1115 4237 δικαιοσύνης
1168 4168 1611 4239 ἀμφιασάμενον.
1641 4171 1705 4224 Ἦ
1740 4172 1969 4244 μὲνγὰρ

387 4255 521 4323 ἄλλη
549 4253 772 4320 ἐξουσία
807 4258 899 4311 τὸν
926 4258 1156 4313 θάνατον
1186 4261 1300 4331 ἔχει
1330 4262 1621 4334 διαδοχήν’
1660 4264 1765 4335 ἡδὲ
1794 4266 1973 4320 τοιαύ-

389 4359 454 4412 τη
506 4342 752 4414 βασιλεία
790 4346 891 4418 τὴν
929 4347 1199 4403 ἀθάνατον
1246 4350 1414 4415 σώζει
1456 4353 1758 4426 διαμονήν*
1794 4359 1890 4411 καὶ
1939 4360 1971 4428 ἡ

396 4434 495 4503 μὲν
542 4438 600 4489 έν
631 4435 715 4508 τῷ
754 4438 912 4493 αίῶνι
962 4440 1138 4514 τούτῳ
1177 4442 1398 4497 λύεται·
1435 4447 1463 4499 ὁ
1493 4446 1550 4499 δὲ
1600 4447 1703 4517 τῆς
1749 4450 1974 4504 αἰωνίου

396 4528 668 4593 κολάσεως
709 4529 919 4602 ῥύεται.

984 4648 1237 4705 ΚΕΦΑΛ.
1286 4650 1389 4705 ιθν.

472 4732 533 4785 Et
559 4734 660 4805 τὴν
684 4735 750 4789 ὲκ
780 4736 1000 4792 πάντων
1031 4739 1212 4810 βούλει
1242 4745 1587 4815 καρποῦσθαι
1608 4750 1797 4819 τιμὴν,
1821 4752 1973 4818 γίνου

405 4825 515 4886 τοῖς
536 4823 741 4879 ἅπασιν
777 4828 1077 4901 εὐεργέτης
1109 4831 1290 4896 κοινός
1316 4849 1330 4864 ·
1359 4834 1513 4890 οὐδὲν
1546 4838 1653 4910 γὰρ
1672 4839 1814 4891 οὑτω
1845 4840 1981 4910 πρὸς

405 4916 619 4973 εὔνοιαν
657 4920 971 4990 ἐφέλκεται,
1002 4924 1080 4988 ὡς
1120 4926 1370 4993 εὐποιίας
1401 4930 1561 5002 χάρις
1591 4932 1843 5003 διδομένη
1868 4936 1982 4998 τοῖς

404 5011 717 5082 χρῄζουσιν.
759 5014 825 5068 Ἡ
872 5017 983 5089 γὰρ
1021 5018 1109 5073 διὰ
1158 5019 1324 5089 φόϐον
1372 5014 1637 5095 γινομένη
1686 5024 1981 5095 θεραπεία,

402 5110 959 5181 κατεσχηματισμένη
986 5111 1106 5165 ἐστὶ
1135 5112 1366 5179 θωπεία,
1402 5116 1793 5188 πεπλασμένης
1816 5118 1985 5189 τιμῆς

401 5196 625 5268 ὀνόματι
656 5201 1026 5271 φενακίζουσα
1052 5206 1181 5271 τοὺς
1208 5207 1347 5279 αὐτῇ
1383 5210 1840 5281 προσανέχοντας.

1010 5409 1268 5465 ΚΕΦΛΛ.
1296 5412 1382 5465 K'.

477 5495 659 5569 Σεπτὴ
702 5498 928 5563 δικαίως
968 5500 1121 5555 ἐστὶν
1178 5503 1211 5574 ἡ
1261 5503 1418 5574 ημῶν
1465 5504 1712 5576 βασιλεία
1756 5507 1839 5560 ὅτι
1875 5511 1989 5572 τοίς

409 5589 693 5659 πολεμίοις
736 5591 838 5662 μὲν
886 5592 1126 5649 δεικνύει
1153 5596 1255 5669 τὴν
1281 5597 1552 5665 ἐξουσίαν,
1580 5603 1694 5665 τοῖς
1723 5601 1987 5673 ὑπηκόοις

408 5680 465 5733 δὲ
513 5681 668 5752 νέμει
717 5683 1171 5757 φιλανθρωπίαν*
1209 5689 1306 5743 καὶ
1369 5691 1575 5745 νικῶσα
1622 5692 1867 5757 ἐκείνους
1922 5694 1989 5764 τῇ

410 5770 637 5844 δυνάμει
670 5774 781 5828 τῶν
817 5775 1021 5843 ὅπλων,
1045 5780 1112 5849 τῆ
1151 5779 1339 5849 ἁόπλῳ
1380 5782 1573 5856 ἀγάπῃ
1612 5784 1721 5837 τῶν
1771 5783 1991 5845 οἰκείων

414 5865 643 5933 ἡττᾶται
677 5883 691 5897 ·
727 5868 851 5922 ὅσον
885 5869 994 5940 γὰρ
1047 5870 1241 5943 θηρίου
1272 5874 1366 5927 καὶ
1394 5875 1670 5946 προϐάτου
1708 5875 1764 5930 τὸ
1804 5875 1989 5947 μέσον,

418 5961 674 6017 τοσοῦτον
694 5962 1025 6035 ἁμφότερων
1046 5966 1259 6037 ἡγεῖται
1292 5967 1350 6022 τὸ
1375 5968 1650 6041 διάφορον.

2064 3406 2231 3465 θηὶοίι
2256 3407 2704 3479 philosOphiam;
2741 3406 3085 3477 principium
3116 3412 3306 3460 autem
3347 3403 3658 3474 sapientiae,

2065 3500 2162 3556 Dei
2196 3508 2281 3555 est
2312 3500 2480 3554 timor
2532 3515 2699 3570 quem
2745 3499 2801 3553 in
2854 3496 3179 3570 pectoribus
3210 3497 3414 3552 vestris
3452 3497 3660 3569 jugitcr

2067 3592 2305 3652 habetis,
2359 3591 2572 3647 clarum
2612 3606 2779 3662 quam
2828 3605 3023 3646 verum
3073 3588 3147 3644 sit
3186 3589 3332 3659 quod
3380 3605 3412 3643 a
3452 3604 3538 3643 me
3577 3589 3661 3643 di-

2068 3686 2236 3739 citur.

2669 3799 2822 3856 CAP.
2854 3797 3046 3856 XVIII.

2139 3893 2216 3949 Te
2264 3909 2454 3949 revera
2507 3894 2899 3963 imperatorem
2948 3890 3275 3955 asserimus,
3326 3888 3532 3960 quippe
3561 3888 3656 3959 qui

2070 3995 2126 4041 et
2158 3986 2425 4056 imperare
2450 4000 2515 4041 ac
2537 3984 2811 4041 dominari
2834 3984 3219 4054 voluptatibus
3239 3983 3427 4049 vales;
3454 3990 3509 4037 et
3542 3990 3661 4037 tum

2072 4090 2274 4130 corona
2304 4076 2575 4131 castitatis
2609 4075 2924 4140 redimitus,
2948 4085 3065 4130 tum
3097 4090 3402 4146 purpuram
3425 4074 3662 4145 iustitiae

2075 4167 2306 4224 indutus
2348 4169 2583 4224 incedis.
2633 4168 2769 4224 Aliis
2808 4184 3049 4239 namque
3098 4168 3471 4239 potestatibus
3513 4183 3663 4223 mors

2076 4260 2191 4331 ipsa
2252 4262 2504 4318 succedit
2552 4279 2565 4317 :
2629 4261 3023 4333 hujuscemodi
3074 4275 3210 4316 vero
3272 4276 3500 4331 regnum
3559 4260 3662 4314 im-

2078 4355 2365 4410 mortalem
2417 4363 2602 4411 servat
2649 4356 3077 4426 perpetuitatem
3132 4372 3147 4408 :
3197 4363 3254 4409 et
3300 4353 3392 4408 illa
3445 4355 3550 4409 hoc
3606 4354 3661 4408 in

2078 4449 2279 4502 saeculo
2330 4450 2588 4514 solvitur,
2632 4450 2749 4504 haec
2794 4458 2981 4504 autem
3013 4465 3045 4503 a
3077 4455 3346 4519 perpetuo
3391 4446 3664 4518 supplicia

2080 4540 2372 4595 liberatur.

2707 4651 2863 4709 CAP.
2898 4653 3042 4709 XIX.

2156 4745 2212 4800 Si
2239 4745 2451 4801 honore
2488 4747 2583 4817 qui
2611 4746 2680 4803 ab
2708 4746 2969 4802 omnibus
3003 4745 3395 4816 proﬁciscitur,
3428 4746 3663 4814 perfrui-

2085 4839 2189 4901 vis,
2220 4848 2420 4909 praesta
2442 4848 2492 4894 te
2516 4854 2871 4894 communem
2913 4838 3162 4893 omnium
3204 4836 3621 4893 benefactorem
3651 4855 3661 4887 :

2086 4930 2224 4985 nihil
2263 4931 2413 4985 enim
2453 4931 2593 4987 adeo
2617 4932 2846 4987 attrahit
2884 4930 2953 4986 ad
2983 4930 3446 4994 benevolentiam,
3482 4938 3543 4984 ut
3568 4929 3663 4985 be-

2087 5024 2268 5079 neﬁcii
2303 5025 2476 5096 gratia
2527 5041 2651 5095 quae
2683 5025 2849 5080 datur
2882 5023 3261 5095 indigentibus
3293 5041 3306 5076 :
3341 5021 3488 5093 quod
3514 5022 3662 5077 enim

2088 5117 2159 5172 ob
2182 5127 2389 5173 metum
2420 5126 2713 5188 praestatur
2743 5116 3098 5187 obsequium,
3122 5114 3304 5171 fucata
3331 5114 3669 5187 ﬁgurataque

2087 5220 2175 5267 est
2206 5210 2452 5265 adulatio
2483 5210 2597 5265 ﬁcti
2622 5210 2852 5266 honoris
2891 5208 3075 5273 titulo,
3108 5207 3307 5263 fallens
3327 5222 3424 5264 eos
3446 5208 3539 5279 qui
3566 5210 3668 5280 ipsi

2090 5301 2333 5358 animum
2359 5303 2675 5359 advertunt.

2728 5414 2880 5471 CAP.
2924 5414 3042 5469 XX.

2163 5508 2553 5564 Venerandum
2591 5509 2715 5580 jure
2744 5519 2830 5563 est
2863 5515 3112 5563 vestrum
3145 5505 3438 5576 imperium
3484 5524 3498 5560 :
3541 5506 3666 5576 quia

2094 5602 2349 5669 hostibus
2378 5602 2603 5672 quidem
2635 5617 2751 5657 sua:
2777 5601 3126 5657 demonstrat
3172 5599 3397 5671 pietatis
3422 5600 3668 5661 aculeos,

2094 5694 2335 5750 subditis
2369 5710 2502 5749 vero
2535 5693 2760 5750 exhibet
2795 5693 3203 5748 humanitatem
3235 5710 3248 5746 :
3281 5700 3339 5748 et
3374 5706 3500 5747 cum
3548 5690 3673 5745 illos

2094 5787 2280 5843 vincat
2324 5803 2605 5844 armorum
2651 5788 2728 5853 vi,
2781 5786 2981 5844 inermi
3034 5786 3307 5843 cbaritate
3353 5785 3590 5841 vincitur
3644 5800 3672 5837 a

2098 5878 2211 5935 suis
2244 5891 2259 5932 :
2289 5887 2555 5949 quantum
2588 5880 2740 5935 enim
2766 5878 2894 5935 feras
2922 5888 2980 5935 et
3013 5878 3133 5933 ovis
3174 5857 3537 5933 interstitium
3564 5882 3673 5940 est,

2095 5978 2314 6028 tantum
2342 5986 2463 6029 esse
2491 5973 2637 6030 inter
2668 5988 2769 6030 eos
2798 5971 3103 6030 discrimen
3127 5970 3497 6028 existimatur.
