4088 6540
480 422 614 491 ιιτι

1093 542 1246 600 CAP.
1295 544 1441 601 XXI.

542 635 794 690 Essentia
845 640 1098 706 corporis
1149 641 1379 709 aequalis
1430 655 1492 695 es
1536 641 1768 698 cuilibet
1813 640 2046 707 homini,

470 728 791 798 imperator,
842 738 1115 800 potestate
1153 741 1337 787 autem
1395 733 1683 805 dignitatis
1722 742 2050 790 cunctorum

470 819 693 889 praesidi
736 822 846 878 Deo
880 823 1081 879 similis
1116 841 1129 878 :
1162 840 1273 880 non
1301 826 1450 881 enim
1488 828 1655 883 habet
1694 828 1750 882 in
1799 828 1965 883 terris
1992 843 2050 884 se

473 928 806 984 quemquam
862 916 1137 971 altiorem.
1193 916 1425 989 Oportet
1479 920 1649 993 igitur
1707 921 1922 992 ipsum,
1990 930 2052 976 ut

471 1004 667 1071 Deum,
701 1022 810 1061 non
855 1007 1047 1075 irasci;
1082 1017 1143 1064 ut
1183 1012 1492 1077 mortalem,
1524 1028 1634 1066 non
1663 1012 1849 1068 eﬂ‘erri
1879 1032 1893 1068 :
1923 1029 2049 1068 nam

465 1097 568 1150 etsi
614 1096 791 1169 cﬂigie
837 1099 1026 1157 divina
1052 1100 1359 1157 honoratus
1387 1111 1491 1167 est,
1524 1111 1582 1157 at
1607 1103 1835 1173 pulvere
1864 1111 2049 1160 tamen

466 1197 692 1244 terreno
716 1206 1003 1247 οοιιηθιυε
1044 1203 1157 1260 θείς
1189 1210 1299 1265 quo
1328 1195 1596 1250 edocetur
1620 1203 1683 1250 ιιι
1700 1209 1829 1267 erga
1857 1212 2050 1252 omnes

465 1295 650 1343 servet
681 1288 1074 1357 aequalitatem.

1073 1401 1226 1457 CAP.
1271 1402 1439 1458 XXII.

530 1490 913 1562 Complectere
957 1509 1054 1549 eos
1098 1495 1193 1565 qui
1246 1494 1522 1551 bonorum
1582 1506 1637 1551 te
1680 1497 2045 1553 consiliorum

464 1584 804 1640 admonitum
840 1587 1056 1653 volunt,
1109 1604 1222 1642 non
1264 1603 1363 1644 eos
1405 1590 1501 1659 qui
1551 1590 1768 1645 adulari
1798 1605 2047 1661 saepenu-

463 1690 614 1730 mero
671 1675 917 1731 student.
991 1676 1074 1732 Illi
1150 1679 1297 1733 enim
1356 1680 1505 1750 quod
1558 1697 1751 1737 revera
1798 1682 2043 1751 expedit,

462 1767 834 1838 perspiciunt:
869 1769 924 1823 hi
954 1785 1086 1824 vero
1113 1770 1269 1826 adea
1295 1788 1417 1842 quae
1449 1773 1669 1846 placent
1700 1773 2043 1844 potentibus,

461 1862 768 1931 respiciunt
801 1880 814 1916 :
843 1878 1252 1934 corporumque
1300 1865 1527 1922 umbras
1579 1866 1885 1932 imitantes,
1926 1866 2044 1921 sin—

458 1953 602 2024 gulis
626 1969 819 2010 eorum
853 1954 1018 2010 dictis
1049 1957 1376 2010 eoneinunt.

1059 2066 1214 2122 CAP.
1254 2066 1448 2123 XXIII.

528 2157 715 2214 Talem
772 2168 827 2214 te
882 2168 1083 2229 praesta
1120 2170 1245 2215 tuos
1267 2176 1396 2231 erga
1428 2160 1784 2219 domesticos.
1825 2162 2044 2232 qualem

457 2260 617 2322 optas
645 2267 777 2321 erga
805 2259 858 2307 te
890 2251 1184 2307 Dominum
1216 2268 1337 2308 esse
1364 2272 1376 2307 :
1404 2259 1571 2323 prout
1594 2253 1744 2308 enim
1765 2255 2043 2321 audimus,

458 2343 779 2410 audiemur;
822 2352 878 2400 et
917 2352 979 2399 ut
1011 2345 1362 2416 respicimus,
1399 2345 1768 2416 respiciemur
1796 2362 1826 2401 a
1857 2347 2047 2402 divino

460 2443 769 2507 cunctaque
816 2446 1116 2493 contuente
1166 2448 1413 2508 aspectu.
1458 2439 1680 2494 Priores
1727 2440 1898 2511 igitur
1942 2454 2046 2496 nos

460 2528 859 2585 misericordia:
907 2530 1347 2588 misericordiam
1385 2526 1756 2597 conferamus,
1812 2540 1873 2586 ut
1927 2530 2045 2601 pari

460 2634 560 2690 par
585 2619 935 2691 recipiamus.

1076 2735 1229 2792 CAP.
1280 2735 1469 2793 XXIV.

532 2828 709 2885 Sicuti
726 2829 1000 2900 exquisita
1035 2831 1260 2901 specula
1294 2832 1431 2887 tales
1453 2842 1769 2891 monstrant
1787 2835 2043 2891 vultuum

461 2921 728 2993 imagine,
757 2923 943 2993 qualia
979 2922 1098 2994 ipsa
1146 2932 1276 2979 sunt
1303 2924 1622 2997 archetypa,
1653 2927 1860 2985 nitidas
1888 2930 2048 2986 vide-

457 3012 590 3067 licet
616 3012 935 3077 nitentium,
969 3014 1160 3070 tristes
1181 3021 1368 3071 autem
1413 3018 1772 3075 maerentium
1800 3060 1814 3086 ,
1847 3022 2044 3077 eodem

459 3113 622 3174 pacto
649 3105 859 3176 justum
886 3106 984 3162 Dei
1029 3107 1299 3178 judicium
1324 3109 1532 3166 nostris
1554 3111 1873 3169 actionibus
1904 3115 2045 3171 assi-

458 3198 715 3258 milatur:
734 3198 919 3268 qualia
950 3199 1099 3254 enim
1123 3210 1253 3256 sunt
1280 3218 1405 3273 quae
1437 3218 1467 3259 a
1496 3202 1660 3260 nobis
1687 3214 2040 3276 pratatantur,

459 3293 588 3348 talia
618 3294 734 3364 ipse
751 3293 917 3350 nobis
955 3309 1055 3365 par
1088 3294 1206 3365 pari
1239 3295 1489 3353 referens
1511 3297 1757 3354 exhibet.

1076 3496 1229 3552 CAP.
1254 3496 1422 3554 XXV.

530 3586 786 3642 Delibera
819 3586 913 3641 diu
951 3586 1021 3643 de
1064 3587 1134 3644 iis
1158 3603 1280 3659 quae
1303 3588 1513 3660 agenda
1542 3599 1701 3656 sunt;
1741 3606 2045 3662 exsequere

459 3687 643 3733 autem
682 3695 805 3749 qua:
827 3679 1139 3736 decreveris
1176 3680 1395 3737 naviter
1426 3699 1439 3735 :
1470 3682 1730 3751 quoniam
1767 3683 2043 3754 periculo.

460 3786 581 3824 sum
614 3779 698 3827 est
721 3771 1018 3828 admodum
1037 3772 1445 3853 inconsiderata
1474 3773 1527 3827 in
1547 3774 1712 3829 rebus
1738 3777 2039 3832 temeritas.

1788 429 2111 491 AGAPETI
2150 431 2275 493 DL!
2284 432 2463 494 CONI

2723 547 3001 609 ΚΕΦᾹΛη
3034 545 3168 600 κεν.

2230 636 2309 707 Τῇ
2343 637 2444 707 μὲν
2477 638 2637 709 οὐσίᾳ
2672 640 2765 694 τοῦ
2802 642 3075 712 σώματος,
3105 642 3219 706 ἶσος
3260 640 3426 694 παντὶ
3465 638 3744 712 ἀνθρώπῳ

2157 730 2186 783 ὁ
2215 728 2492 797 βασιλεὺς,
2510 735 2576 803 τῇ
2608 733 2832 805 ἐξουσία
2863 735 2921 788 δέ
2948 734 3043 789 τοῦ
3067 734 3384 805 ἀξιώματος
3411 733 3602 804 ὅμοιός
3622 735 3739 788 ἐστι

2156 822 2235 893 τῷ
2286 825 2380 878 ἐπὶ
2431 826 2651 880 πάντων
2703 826 2980 897 Θεῷ·οὐκ
3034 827 3148 898 ἔχει
3190 826 3301 895 γὰρ
3341 826 3436 878 ἐπὶ
3495 826 3600 897 γῆς
3644 827 3741 881 τὸν

2157 913 2321 967 αὐτοῦ
2370 914 2722 987 ὑψηλότερον.
2754 916 2877 987 Χρὴ
2911 916 3094 972 τοίνυν
3136 916 3301 970 αὐτὸν
3349 914 3440 969 καὶ
3480 916 3557 980 ὡς
3606 919 3740 972 Θεὸν

2160 1006 2235 1076 μὴ
2280 1007 2622 1079 ὀργίζεσθαι,
2654 1009 2747 1063 καὶ
2777 1007 2853 1073 ὡς
2905 1008 3100 1079 θνητὸν
3139 1010 3214 1081 μὴ
3268 1011 3598 1083 ἐπαίρεσθαι
3623 1030 3638 1046 ·
3689 1014 3740 1067 εί

2156 1097 2324 1150 εἰκόνι
2355 1099 2508 1171 θεῖκῇ
2536 1100 2846 1171 τετίμηται,
2873 1100 3011 1155 ἀλλὰ
3045 1102 3140 1155 καὶ
3183 1102 3359 1156 εἰκόνι
3388 1107 3546 1176 χοῖκῇ
3599 1121 3741 1175 συμ-

2155 1190 2457 1244 πέπλεκται
2484 1207 2499 1219 °
2552 1191 2618 1246 δι’
2648 1186 2716 1263 ἧς
2759 1193 3137 1249 ἐκδιδάσκεται
3200 1194 3299 1266 τὴν
3341 1194 3478 1265 πρὸς
3526 1198 3741 1261 πάντας

2160 1281 2403 1353 ἰσότητα.

2714 1399 2968 1453 ΚΕΦΑΛ.
3021 1397 3152 1458 KB’.
3712 1468 3722 1474 ,

2238 1486 2294 1539 Ἀ
2304 1486 2529 1557 ποδέχου
2544 1488 2671 1553 τοὺς
2687 1490 2756 1543 τά
2778 1488 2993 1562 χρηστά
3012 1489 3402 1558 συμϐουλεύειν
3424 1492 3731 1561 ἐθέλοντας,

2153 1578 2289 1633 ἀλλὰ
2336 1579 2411 1653 μὴ
2457 1581 2584 1645 τοὺς
2634 1583 2952 1638 κολακεύειν
2984 1584 3245 1639 ἑκάστοτε
3290 1585 3640 1649 σπεύδοντας.
3666 1588 3733 1640 Οἱ

2156 1675 2255 1742 μὲν
2284 1674 2393 1746 γὰρ
2426 1674 2486 1728 τὸ
2520 1676 2800 1749 συμφέρον
2823 1677 2937 1748 (II)
2967 1677 3267 1749 συνορῶσιν
3288 1678 3346 1732 ἐν
3387 1677 3648 1751 ἀληθείᾳ*
3679 1680 3734 1732 oi

2151 1766 2208 1820 δὲ
2252 1766 2389 1839 πρὸς
2430 1768 2499 1822 τά
2543 1768 2806 1824 δοκοῦντα
2847 1773 2961 1835 τοῖς
2990 1771 3286 1843 κρατοῦσιν
3327 1771 3596 1843 ἀφορῶσι,
3638 1775 3733 1827 καὶ

2152 1859 2258 1912 τῶν
2289 1861 2560 1930 σωμάτιον
2589 1863 2688 1926 τὰς
2724 1863 2887 1926 σκιάς
2929 1863 3288 1936 μιμούμενοι,
3319 1865 3433 1928 τοῖς
3463 1864 3596 1937 παρ’
3631 1865 3733 1919 αὐ-

2148 1950 2255 2004 τῶν
2285 1950 2598 2022 λεγομένοις
2619 1954 2930 2027 συνᾴδουσι.

2417 2135 2423 2142 η
2725 2066 2977 2121 xum.
3013 2066 3141 2122 Kl".

2218 2155 2473 2220 Τοιοῦτος
2504 2158 2658 2227 γίνου
2693 2158 2823 2226 περὶ
2846 2159 2975 2223 τοὺς
3015 2160 3143 2224 σοὺς
3179 2161 3418 2228 οἰκέτας,
3440 2155 3554 2215 οἷον
3590 2160 3732 2235 εὔχῃ

2148 2265 2232 2301 σοι
2255 2248 2346 2303 τὸν
2370 2250 2649 2321 Δεσπότην
2671 2250 2955 2321 γενέσθαν
2986 2251 3063 2315 ὡς
3095 2252 3205 2325 γάρ
3230 2252 3525 2323 ἀκούομεν,
3562 2254 3731 2307 ἀκου-

2148 2338 2481 2411 σθησὸμεθα,
2513 2342 2607 2396 καὶ
2654 2341 2731 2406 ὼς
2781 2343 3018 2415 ὁρῶμεν,
3044 2345 3434 2417 ὁραθησόμεθα
3481 2346 3588 2400 ὑπὸ
3629 2346 3731 2400 τοῦ

2147 2430 2294 2485 θείου
2344 2432 2438 2486 καὶ
2477 2434 2818 2505 παντεφόρου
2849 2435 2962 2507 (12)
2989 2436 3323 2509 βλέμματος.
3359 2437 3731 2510 Προεισενέγ-

2146 2542 2335 2597 κωμεν
2362 2521 2455 2580 οὖν
2475 2525 2554 2598 τῷ
2575 2527 2708 2598 ἐλέῳ
2729 2529 2821 2583 τὸν
2849 2529 3020 2596 ἔλεον,
3036 2530 3123 2584 ἴνα
3151 2529 3229 2601 τῷ
3259 2530 3433 2602 ὁμοίῳ
3459 2532 3520 2585 τὸ
3543 2532 3732 2602 ὅμοιον

2145 2618 2547 2690 ἀντιλάϐωμεν.
2872 2616 2875 2617 ν

2725 2736 2973 2792 ΚΕΦΔΛ.
3015 2738 3141 2792 KA'.

2219 2827 2430 2901 Ὠσπερ
2460 2829 2530 2883 τά
2564 2829 2772 2903 ἀκριϐῆ
2796 2831 2904 2884 τῶν
2938 2831 3268 2902 κατόπτρων
3313 2829 3575 2895 τοιαύτας
3619 2829 3733 2885 δεί-

2146 2919 2418 2984 κνυσιτάς
2454 2919 2565 2975 τῶν
2584 2921 2892 2992 προσώπων
2931 2922 3204 2993 ἐμφάσεις
3233 2962 3249 2989 ,
3288 2917 3488 2994 οἷάπέρ
3523 2923 3731 2978 ἐστιτά

2144 3012 2504 3084 πρωτότυπα,
2545 3015 2748 3088 φαιδρὰ
2791 3016 2892 3087 μὲν
2934 3015 3046 3070 τῶν
3093 3016 3557 3090 φαιδρυνομένων,
3594 3033 3731 3069 σκυ-

2146 3105 2343 3178 θρωπά
2370 3106 2428 3162 δὲ
2468 3108 2580 3163 τῶν
2613 3109 3119 3181 σκυθρωπαζὼτων
3137 3125 3153 3141 ·
3182 3108 3326 3163 οὕτω
3353 3110 3450 3163 καὶ
3479 3110 3512 3179 ἡ
3546 3108 3733 3163 δικαία

2146 3196 2241 3252 τοῦ
2269 3196 2407 3253 Θεοῦ
2458 3199 2639 3271 κρίσις
2665 3200 2788 3264 ταῖς
2817 3200 3121 3272 ἡμετέραις
3144 3199 3411 3270 πράξεσιν
3446 3197 3732 3270 ἐξομοιοῦ-

2146 3309 2257 3348 ται.
2287 3287 2501 3365 Οἶάπερ
2539 3292 2648 3365 γὰρ
2703 3293 2770 3348 ἂν
2882 3293 2951 3347 τὰ
2980 3293 3111 3363 παρ’
3151 3290 3312 3362 ἡμῶν
3360 3290 3726 3363 εἰργασμένα,

2146 3385 2375 3440 τοιαῦτα
2406 3389 2542 3457 ἡμῖν
2575 3387 2639 3439 ἐκ
2659 3383 2768 3439 τῶν
2796 3385 3000 3456 ὁμοίων
3024 3383 3279 3455 παρέχει.

2724 3500 2974 3553 ΚΕΦΛΛ.
3018 3499 3147 3552 ΚΕ’.

2219 3591 2487 3645 Βουλεύου
2522 3593 2622 3663 μὲν
2647 3592 2716 3645 τὰ
2760 3592 3014 3663 πρακτέα
3042 3591 3306 3662 βραδέως,
3336 3590 3547 3644 ἐκτέλει
3569 3589 3627 3642 δὲ
3661 3589 3736 3644 τὰ

2150 3683 2414 3754 κριθέντα
2443 3684 2779 3748 σπουδαίως·
2812 3684 2939 3737 ἐπεὶ
2964 3684 3085 3740 λίαν
3109 3684 3228 3738 ἐστὶ
3258 3684 3550 3756 σφαλερὸν,
3581 3683 3640 3736 τὺ
3669 3683 3734 3737 ἐν

2147 3777 2264 3839 τοῖς
2293 3777 2614 3847 πράγμασιν
2662 3777 3092 3847 ἀπερίσκεπτον.
3136 3776 3199 3830 El
3248 3778 3356 3845 γὰρ
3386 3776 3454 3829 τὰ
3481 3775 3539 3841 ἐξ
3565 3774 3734 3828 ἀϐου-

3600 433 3751 505 tnz
3818 429 3829 437 ’

462 3861 519 3917 Si
546 3862 671 3933 quis
711 3864 861 3919 enim
881 3880 1004 3935 qua:
1029 3881 1093 3920 ex
1127 3865 1438 3920 inconsulta
1467 3873 1650 3922 mente
1702 3868 2039 3937 proveniunt

2149 3868 2268 3933 λίας
2297 3886 2380 3932 τις
2428 3870 2676 3940 ἐννοήσει
2726 3867 2901 3928 κακὰ,
2953 3869 3072 3922 τότε
3120 3867 3390 3938 γνώσεται
3428 3868 3609 3930 καλῶς
3631 3866 3734 3937 τῆς

462 3954 640 4014 mala.
705 3957 1024 4026 conceperit
1081 3956 1287 4018 animo,
1350 3956 1508 4012 facile
1558 3959 1866 4028 eomperiet
1906 3959 2038 4016 boni

2149 3961 2432 4025 εὐϐουλίας
2454 3960 2522 4014 τὰ
2540 3963 2789 4032 χρήσιμα
2810 3978 2825 3995 ο
2853 3960 2930 4023 ὡς
2956 3962 3053 4014 καὶ
3083 3963 3183 4033 τῆς
3211 3961 3398 4031 ὑγείας
3425 3961 3525 4032 τὴν
3547 3960 3731 4032 χάριν,

464 4046 691 4100 consilii
722 4048 1008 4102 commoda
1057 4066 1071 4101 :
1118 4056 1178 4102 ut
1234 4047 1329 4117 qui
1384 4063 1664 4118 prosperas
1709 4050 2043 4109 valetudinis

2152 4053 2289 4123 μετὰ
2313 4053 2412 4121 τὴν
2439 4054 2637 4122 πεῖραν
2665 4054 2765 4123 τῆς
2782 4050 2961 4108 νόσου.
2982 4054 3074 4105 Δεῖ
3099 4051 3303 4112 τοίνυν,
3329 4052 3733 4123 εὐφρονέστατε

464 4136 694 4193 bonum.
733 4145 859 4206 post
903 4138 1277 4208 aegrotationis
1302 4138 1740 4207 experimentum
1770 4144 2041 4211 persenti-

2151 4143 2401 4215 βασιλεῦ,
2434 4145 2530 4198 καὶ
2570 4143 2734 4215 βουλῇ
2784 4143 3149 4215 συνετωτερα,
3173 4142 3269 4197 καὶ
3292 4143 3425 4213 εὐχῇ
3463 4158 3733 4194 συντονωο

465 4236 645 4282 scunt.
678 4229 856 4284 Debes
896 4229 1080 4301 igitur,
1109 4229 1539 4300 prudentissime
1568 4246 1684 4297 rex,
1706 4241 1820 4288 tum
1853 4237 2040 4292 consi-

2149 4239 2286 4310 τέρᾳ
2311 4236 2604 4310 ἐξερευνᾷν
2629 4237 2876 4309 ἀκριϐῶς
2908 4236 2976 4290 τὰ
3001 4237 3319 4291 συνοίσοντα
3343 4236 3420 4307 τῷ
3445 4237 3654 4305 κόσμῳ.

466 4319 539 4372 lio
582 4319 961 4389 prudentiore,
997 4330 1111 4377 tum
1139 4322 1395 4392 precibus
1414 4321 1484 4378 ad
1518 4321 1693 4379 Deum
1740 4325 2189 4399 impensioribus,
2227 4334 2519 4404 exquirere
2578 4331 2873 4403 diligenter
2918 4344 3041 4401 quae
3106 4328 3314 4385 mundo
3369 4337 3500 4384 sunt
3563 4341 3735 4398 espe-

465 4412 668 4469 ditura.

1060 4532 1212 4589 CAP.
1252 4535 1442 4594 XXVI.

532 4622 748 4693 Optime
780 4623 1195 4682 administrabis
1219 4629 1500 4700 egregium
1529 4638 1683 4685 tuum
1719 4630 2035 4702 imperium,

466 4713 511 4769 si
537 4717 720 4771 omnia
751 4714 850 4771 des
880 4732 1103 4787 operam
1152 4720 1487 4789 perspicere,
1516 4735 1620 4776 nec
1649 4722 1923 4794 negligere
1948 4740 2041 4794 pa-

468 4806 605 4863 tiare
653 4807 977 4879 quidquam.
1026 4808 1217 4880 Neque
1271 4811 1419 4865 enim
1467 4827 1699 4882 parvum
1754 4822 1839 4870 est
1873 4815 1929 4870 in
1969 4824 2043 4881 te,

466 4900 612 4969 quod
654 4917 883 4970 parvum
917 4916 1040 4957 esse
1076 4913 1307 4973 apparet
1336 4904 1751 4973 comparatione
1787 4913 2043 4961 tuorum:

467 4993 728 5063 quoniam
786 4994 872 5048 vel
898 4995 1044 5051 exile
1081 4995 1432 5066 imperatoris
1472 4995 1717 5053 Verbum
1769 4998 2043 5071 ingentem

467 5083 683 5140 obtinet
719 5084 865 5155 apud
899 5100 1093 5143 omnes
1118 5088 1251 5142 vim.

976 5264 982 5269 ,
1057 5198 1209 5256 CAP.
1242 5200 1454 5259 xxvu.

539 5287 660 5342 Tibi
701 5288 807 5358 ipsi
837 5291 1183 5347 eustodien‘di
1214 5294 1362 5365 leges
1389 5296 1608 5368 impone
1634 5298 2041 5363 necessitatem,

470 5395 597 5433 cum
651 5397 761 5436 non
818 5382 1023 5439 habeas
1075 5384 1133 5439 in
1183 5388 1349 5443 terris
1375 5390 1470 5459 qui
1502 5398 1555 5446 te
1592 5391 1770 5462 possit
1806 5407 2042 5463 cogere:

468 5473 549 5528 sic
602 5476 752 5530 enim
813 5484 930 5532 tum
988 5477 1169 5549 legum
1206 5495 1319 5550 prae
1370 5491 1423 5537 te
1471 5481 1617 5539 feres
1661 5484 1870 5540 cultum
1905 5485 2044 5554 ipse,

472 5573 600 5622 ante
630 5567 768 5624 alios
814 5584 910 5624 eas
958 5570 1294 5638 reverendo;
1336 5581 1453 5628 tum
1487 5573 1728 5631 subditis
1766 5575 2044 5631 constabit

2720 4540 2972 4595 ΚΕΦΑΛ.
3014 4539 3162 4609 κεῖν.

2222 4634 2456 4706 ’Ἄριστα
2487 4632 2783 4704 διοικήσεις
2825 4633 2926 4705 τὴν
2958 4633 3172 4704 ἀγαθήν
3203 4648 3295 4687 σου
3345 4630 3645 4704 βασιλείαν,
3678 4630 3729 4684 εί

2148 4727 2324 4782 πάντα
2381 4726 2706 4792 σπουδάζεις
2751 4729 2974 4801 ἐφορᾷν,
3019 4728 3115 4780 καὶ
3163 4726 3333 4798 μηδὲν
3391 4726 3557 4797 ἀνέχῃ
3588 4740 3733 4794 παρ-

2142 4817 2297 4888 ορᾷν.
2328 4817 2404 4870 Οὐ
2439 4817 2548 4888 γὰρ
2610 4816 2807 4888 μικρὸν
2858 4817 2953 4869 ἐπὶ
3014 4816 3116 4879 σοὶ.
3155 4817 3295 4889 ὅπερ
3345 4816 3541 4889 μικρὸν
3589 4809 3730 4868 εἶναι

2142 4910 2293 4964 δοκεί
2317 4911 2375 4963 ἐν
2406 4909 2695 4982 συγκρίσει
2723 4911 2833 4964 τῶν
2864 4911 2976 4980 σῶν
2994 4929 3008 4942 ·
3039 4909 3229 4982 ἐπειδὴ
3257 4911 3354 4965 καὶ
3381 4911 3534 4982 ῥῆμα
3567 4911 3725 4982 βασι-

2145 5003 2285 5068 λέως
2317 5004 2474 5075 ψιλὸν
2514 5004 2760 5076 μεγάλην
2793 5003 2909 5076 ἔχει
2942 5003 3095 5076 παρὰ
3129 5006 3297 5059 πᾶσιν
3327 5004 3506 5076 ἰσχύν.

2734 5202 2981 5257 ΚΕΦᾹΛ.
3024 5203 3150 5258 KZ'.

2220 5294 2412 5367 Σαυτῷ
2463 5296 2563 5368 τὴν
2618 5293 2713 5349 τοῦ
2761 5295 3058 5364 φυλάττειν
3106 5295 3233 5358 τοὺς
3278 5292 3478 5364 νόμους
3540 5290 3730 5354 ἐπίθες

2148 5387 2417 5459 ἀνάγκην,
2449 5387 2525 5451 ὡς
2555 5385 2631 5459 μὴ
2669 5384 2808 5457 ἔχων
2845 5386 2940 5440 ἐπὶ
2967 5387 3073 5457 γῆς
3098 5384 3191 5439 τὸν
3227 5385 3525 5455 δυνάμενον
3561 5389 3730 5453 ἀναγ-

2150 5479 2343 5544 κάζειν
2363 5496 2378 5511 ⁸
2408 5477 2549 5533 οὕτω
2589 5480 2697 5551 γάρ
2732 5478 2829 5532 καὶ
2865 5478 2975 5531 τῶν
3004 5477 3185 5549 νόμων
3229 5477 3520 5544 ἐπιδείξεις
3546 5477 3611 5531 τδ
3638 5476 3729 5530 σέ-

2151 5573 2274 5639 ϐας,
2308 5572 2470 5637 αὐτὸς
2506 5572 2612 5643 πρὸ
2646 5571 2758 5628 τῶν
2790 5571 2968 5627 ἄλλων
3001 5570 3228 5636 τούτους
3266 5569 3588 5634 αἰδούμενος
3636 5569 3729 5621 καὶ

1990 5712 2216 5771 NOTAE}.

545 5795 658 5879 (II)
690 5800 754 5879 0.1
770 5800 1021 5879 μὲνγὰρ
1047 5800 1115 5855 τὸ
1168 5803 1498 5879 (ξυμφέρον.
1531 5804 1715 5862 Codex
1741 5806 1944 5879 Regius
1989 5807 2049 5863 Β.

470 5868 522 5923 οί
555 5868 655 5940 μὲν
678 5868 786 5943 γάρ
821 5868 958 5943 πρὸς
982 5868 1162 5944 συμφ.
1188 5868 1423 5931 ΒᾸΝἰιυὶι.

2237 5805 2349 5876 (12)
2377 5805 2784 5876 Παντεςρόρου.
2816 5802 2909 5876 Sic
2936 5802 2991 5857 in
3023 5801 3312 5876 codicibus
3357 5802 3562 5875 Regiis.
3594 5800 3721 5859 Per.

2167 5874 2353 5948 peram
2379 5877 2432 5932 in
2463 5874 2629 5934 editis
2651 5874 3021 5947 παντοφόρον.
3052 5874 3125 5930 I9.
