4112 6530
397 426 535 492 1173

393 656 503 696 νον.

955 762 1208 818 ΚΕΦΑΛ.
1266 767 1404 820 κη’.

469 850 613 903 Ἴσον
652 850 731 922 τῷ
780 852 1148 926 πλημμελεῖν,
1175 858 1237 912 τὸ
1270 860 1344 930 μὴ
1378 858 1610 913 κωλύειν
1634 862 1761 925 τοὺς
1793 862 1972 933 πλημ-

399 942 698 1010 μελοῦντας
735 943 975 1015 λογίζου.
1029 949 1151 1004 Κάν
1206 950 1316 1023 γάρ
1358 969 1441 1015 τις
1491 953 1844 1027 πολιτεύηται
1875 957 1974 1026 μὲν

395 1033 692 1105 ὲνθέσμως,
726 1038 988 1111 ἀνέχηται
1016 1043 1075 1096 δὲ
1107 1043 1217 1097 τῶν
1247 1044 1506 1115 βιούντων
1537 1048 1815 1119 ἀθέσμως,
1850 1067 1973 1101 συν-

397 1126 559 1194 εργδς
588 1127 696 1180 τῶν
735 1132 922 1187 κακῶν
963 1136 1114 1207 παρά
1157 1136 1279 1199 Θεῷ
1306 1138 1585 1209 κρίνεται·
1620 1142 1667 1193 εί
1706 1142 1761 1195 δὲ
1789 1141 1973 1211 βούλει

396 1215 589 1281 διττῶς
625 1218 952 1292 εὐδοκιμεῖν,
989 1227 1080 1279 καὶ
1114 1229 1238 1291 τοὺς
1277 1229 1347 1283 τὰ
1395 1231 1659 1285 κάλλιστα
1687 1233 1974 1301 ποιοῦντας

398 1309 661 1380 προτίμα,
686 1315 782 1368 καὶ
804 1317 917 1380 τοῖς
942 1317 1014 1370 τά
1042 1320 1293 1391 χείριστα
1320 1320 1521 1392 δρῶσιν
1546 1324 1795 1396 ὲπιτίμα.

975 1517 1229 1574 ΚΕΦΑΛ.
1271 1522 1399 1574 ΚΘ’.

467 1603 602 1655 Λίαν
634 1608 933 1678 συμφέρειν
962 1610 1352 1683 ὑπολαμϐάνω,
1384 1616 1444 1668 τὸ
1480 1615 1702 1687 φεύγειν
1734 1619 1833 1685 τάς
1868 1622 1977 1675 τῶν

399 1694 588 1748 κακῶν
621 1697 1051 1771 συνδιαιτήσεις·
1086 1705 1175 1757 τὸν
1209 1706 1317 1778 γὰρ
1346 1708 1580 1762 συνόντα
1615 1710 1849 1765 πάντοτε
1878 1714 1976 1768 ἀν-

399 1785 640 1856 θρώποις
660 1794 983 1864 πονηροῖς,ἢ
1003 1794 1240 1867 παθεῖνῆ
1274 1799 1467 1868 μαθεῖν
1489 1802 1705 1872 ἀνάγκη
1724 1821 1780 1857 τι
1814 1822 1980 1877 πονη-

399 1878 523 1948 ρόν⁸
549 1880 577 1931 ὁ
604 1881 661 1933 δὲ
708 1885 821 1945 τοῖς
875 1886 1103 1953 ἀγαθοῖς
1145 1890 1470 1958 συνδιάγων,
1517 1893 1550 1965 ἢ
1590 1894 1825 1965 μίμησιν
1866 1898 1976 1950 τῶν
2008 1912 2049 1968 Β
2077 1906 2146 1960 ali

399 1970 579 2025 καλῶν
611 1973 1009 2042 ἐκδιδάσκεται,
1049 1978 1080 2049 ἢ
1131 1981 1356 2051 μείωσιν
1401 1982 1511 2037 τῶν
1561 1986 1752 2040 κακῶν
1783 1990 1978 2043 ἐκπαι-

397 2068 635 2125 δεύεται.

1000 2191 1250 2247 ΚΕΦΑΛ.
1293 2194 1373 2250 Λ’.

481 2282 806 2354 Ἐγκόσμιον
851 2284 956 2337 ὑπὸ
1001 2286 1139 2339 Θεοῦ
1191 2286 1502 2353 πιστευθεὶς
1542 2288 1841 2359 βασιλείαν,
1875 2308 1978 2362 μη-

398 2372 513 2425 δενὶ
556 2374 674 2443 χρῶ
719 2373 826 2425 τῶν
863 2375 1119 2445 πονηρῶν
1170 2376 1302 2447 πρὸς
1355 2375 1451 2438 τὰς
1482 2376 1591 2429 τῶν
1635 2377 1979 2449 πραγμάτων

398 2465 716 2535 διοικήσεις.
748 2460 848 2517 Ὧν
879 2466 989 2537 γὰρ
1018 2466 1085 2520 ἂν
1118 2468 1318 2520 ὲκεῖνοι
1344 2466 1530 2530 κακῶς
1551 2467 1978 2538 διαπράξωνται,

399 2560 559 2628 λόγον
594 2560 783 2629 ὑφέξει
813 2559 932 2631 Θεῷ
961 2561 989 2612 ὁ
1016 2559 1115 2630 τὴν
1152 2561 1308 2630 ίσχῦν
1350 2562 1537 2624 αὐτοῖς
1563 2561 1831 2626 δεδωκώς.
1866 2565 1983 2618 Με-

396 2652 471 2705 τά
509 2653 712 2723 πολλῆς
745 2648 839 2707 οὖν
874 2652 1177 2720 ἐξετάσεως
1204 2654 1388 2711 αἰτῶν
1408 2657 1688 2729 ἀρχόντων
1716 2657 1981 2730 προϐολαὶ

401 2748 760 2818 γενέσθωσαν.

986 2956 1236 3012 ΚΕΦΛΛ.
1278 2960 1403 3012 AA'.

475 3053 621 3104 Ἴσον
669 3049 875 3121 νομίζω
924 3051 1112 3114 κακὸν,
1140 3052 1236 3104 καὶ
1273 3051 1379 3104 τῶν
1421 3050 1633 3122 ἐχθρῶν
1674 3049 1981 3121 θυμοῦσθαι

399 3147 521 3198 ταῖς
571 3142 951 3213 κακουργίαις,
1002 3145 1098 3197 καὶ
1149 3142 1257 3197 τῶν
1306 3144 1478 3213 φίλων
1526 3144 1816 3213 θέλγεσθαι
1858 3148 1982 3208 ταῖς

1610 450 1877 510 CAPITA
1917 451 2447 520 ADMONITORIA
2459 510 2471 521 .

392 553 505 610 τοῖς
537 548 799 622 ὑπηκόοις
822 553 1121 622 φανήσεται
1159 554 1220 609 τὸ
1260 562 1599 631 παρανομεῖν
1622 564 1723 617 οὐκ
1755 564 1969 617 ἀκίνδυ-

2080 566 2252 638 legum
2316 574 2827 641 praevaricationem
2892 582 3126 652 periculi
3185 602 3299 645 non
3366 606 3487 649 esse
3548 594 3652 648 im-

3509 476 3647 544 1174

2073 678 2319 720 ηηυῐηηη.

2658 785 2808 842 CAP.
2851 788 3087 846 XXVIII.

2144 872 2399 939 Peccare,
2443 886 2640 932 etnon
2664 877 2925 935 cohibere
2976 891 3288 951 peccantes,
3340 886 3507 941 idem-
3527 904 3651 943 esse

2074 972 2284 1034 putato.
2319 967 2375 1022 Si
2403 970 2526 1038 quis
2550 971 2699 1025 enim
2731 972 2787 1026 in
2810 972 3030 1030 civitate
3074 976 3241 1031 vitam
3268 979 3493 1048 quidem
3533 980 3652 1052 ipse

2078 1055 2327 1113 traducat
2380 1075 2577 1131 teque,
2625 1065 2825 1120 toleret
2883 1075 3067 1121 autem
3117 1068 3369 1127 viventes
3427 1074 3646 1144 inique,

2077 1150 2259 1205 socius
2306 1153 2578 1209 malorum
2618 1157 2763 1227 apud
2812 1159 2985 1214 Deum
3030 1161 3313 1231 judicatur
3354 1168 3545 1235 :quod
3602 1170 3648 1223 si

2076 1242 2214 1297 velis
2254 1242 2507 1300 bifariam
2539 1250 2874 1317 approbari,
2908 1260 2970 1306 ut
3021 1253 3394 1321 pulcherrima
3431 1274 3652 1330 quoque

2076 1344 2331 1404 gerentes
2362 1337 2597 1403 honora,
2628 1340 2704 1396 ita
2734 1344 3020 1400 teterrima
3044 1354 3324 1415 patrantes
3367 1361 3655 1409 contume-

2076 1424 2149 1481 lia
2177 1428 2398 1485 afﬁcito.

2675 1551 2825 1613 CAP.
2854 1556 3047 1612 XXIX.

2148 1636 2422 1707 Expedire
2460 1643 2756 1700 admodum
2792 1638 3034 1703 arbitror
3062 1649 3306 1723 effugere
3353 1669 3651 1723 pravorum

2079 1729 2437 1786 contubernia
2476 1751 2488 1786 :
2523 1735 2617 1804 qui
2674 1737 2822 1792 enim
2866 1754 2991 1794 cum
3036 1741 3355 1799 hominibus
3389 1744 3654 1813 improbis

2079 1831 2297 1887 semper
2333 1833 2603 1889 versatur,
2630 1841 2756 1880 eum
2787 1829 2873 1884 vel
2910 1830 3020 1899 pati
3072 1832 3157 1887 vel
3196 1832 3409 1888 discere
3449 1837 3654 1891 malum

2154 1907 2286 1975 quid
2317 1925 2542 1967 necesse
2570 1924 2652 1968 est
2681 1933 2695 1969 :
2727 1918 2820 1986 qui
2852 1934 2983 1974 vero
3014 1936 3122 1975 una
3140 1937 3264 1977 cum
3290 1922 3449 1979 bonis
3484 1925 3651 2011 degit,

2081 1998 2166 2053 vel
2196 2000 2561 2059 imitationem
2591 2006 2951 2064 honestorum
2980 2012 3265 2081 edocetur,
3297 2016 3381 2071 vel
3416 1998 3657 2074 diminu-

2082 2094 2286 2148 tionem
2313 2094 2575 2151 vitiorum
2606 2100 2895 2156 condiscit.

2683 2211 2835 2268 CAP.
2875 2213 3045 2273 XXX.

2151 2297 2453 2355 Terrarum
2501 2303 2656 2358 orbis
2697 2320 2727 2358 ιι
2762 2305 2874 2361 Deo
2925 2322 3051 2361 cum
3100 2309 3377 2365 creditum
3432 2312 3533 2367 tibi
3584 2316 3658 2369 sit

2080 2405 2330 2460 regnum,
2357 2408 2491 2449 cave
2517 2411 2586 2451 ne
2630 2395 2816 2466 aliquo
2848 2398 3025 2455 utaris
3064 2415 3132 2455 ex
3158 2417 3275 2471 pra'
3295 2401 3341 2457 is
3372 2402 3438 2457 ad
3470 2419 3657 2458 rerum

2080 2480 2587 2541 administrationes
2612 2504 2626 2540 :
2656 2502 2778 2557 quae
2811 2489 2959 2544 enim
2984 2489 3065 2546 illi
3086 2505 3372 2563 perperam
3401 2493 3655 2561 fecerint,

2081 2587 2273 2629 eorum
2303 2574 2575 2633 rationem
2617 2579 2811 2636 reddet
2833 2583 2945 2637 Deo
2975 2581 3071 2653 qui
3109 2584 3373 2655 peccandi
3427 2585 3657 2641 faculta-

2082 2675 2194 2721 tem
2233 2666 2365 2737 ipsis
2395 2669 2707 2727 indulserit.
2734 2673 2924 2745 Magna
2956 2676 3125 2748 igitur
3147 2687 3203 2734 et
3241 2664 3490 2749 diligenti
3530 2696 3655 2735 cum

2081 2762 2519 2830 perscrutatione
2588 2768 3009 2838 magistratuum
3072 2773 3453 2841 promotiones
3502 2773 3655 2840 ﬁant,

2082 2861 2320 2921 oportet.

2677 2979 2830 3035 CAP.
2868 2979 3063 3037 XXXI.

2152 3064 2383 3138 [Equale
2414 3083 2539 3123 reor
2570 3084 2690 3124 esse
2729 3072 2961 3137 malum,
2994 3080 3051 3126 et
3085 3069 3434 3126 inimicorum
3466 3086 3662 3125 excan-

2083 3161 2309 3217 descere
2340 3161 2583 3233 ﬂagitiis,
2606 3172 2662 3219 et
2683 3164 2985 3219 amicorum
3017 3164 3320 3220 demulceri
3350 3163 3660 3218 blanditiis.

400 3234 736 3299 κολακείαις.
773 3236 865 3288 Δεῖ
910 3235 1019 3307 γὰρ
1063 3237 1199 3308 πρὸς
1230 3238 1531 3310 ἑκατέρους
1556 3239 1820 3307 γενναίως
1849 3239 1977 3292 ἀνθ-

2084 3254 2313 3323 Oportet
2335 3255 2482 3309 enim
2521 3254 2773 3325 utrisque
2804 3255 3082 3321 resistere,
3113 3271 3215 3311 nec
3246 3270 3478 3326 usquam
3509 3272 3539 3310 a
3566 3256 3663 3312 de-

400 3328 675 3393 ίστασθαι,
706 3329 799 3381 καὶ
828 3327 923 3380 τοῦ
963 3329 1270 3399 πρέποντος
1311 3331 1580 3400 μηδαμῶς
1621 3330 1977 3399 ἀφίστασθαι,

402 3422 542 3491 μήτε
566 3420 664 3492 τὴν
691 3421 973 3489 ἀλόγιστον
1010 3424 1233 3481 ἐκείνων
1258 3424 1582 3494 δυσμένειαν
1614 3425 1978 3495 ἀμυνόμενον,

402 3515 541 3584 μήτε
572 3514 673 3586 τὴν
720 3515 1057 3572 ἐπίπλαστον
1085 3521 1295 3574 τούτων
1341 3520 1630 3591 εὐμένειαν
1675 3520 1978 3591 ἀμειϐόμεο

399 3624 510 3661 νον.

984 3741 1238 3797 ΚΕΦΑΛ.
1277 3742 1399 3798 AB’.

484 3829 648 3898 Ἧγοῦ
700 3830 927 3895 τούτους
980 3828 1119 3887 εἷναι
1173 3834 1363 3905 φίλους
1427 3834 1849 3906 ἀληθεστάτους,
1907 3840 1981 3912 μὴ

399 3924 527 3985 τοὺς
582 3924 941 3989 ἐπαινοῦντας
989 3926 1204 3981 ἅπαντα
1229 3928 1297 3981 τά
1334 3931 1488 3999 παρά
1527 3931 1623 3983 σοῦ
1679 3930 1975 4001 λεγόμενα,

398 4016 543 4069 ἀλλά
565 4018 695 4080 τοὺς
725 4017 905 4089 κρίσει
936 4019 1124 4092 δικαία
1145 4022 1324 4075 πάντα
1350 4021 1613 4093 πράττειν
1646 4024 1979 4089 σπουδάζον·

396 4128 519 4173 τας,
571 4109 665 4163 καὶ
712 4111 1108 4181 συνηδομένους
1147 4112 1248 4183 μὲν
1291 4112 1384 4165 ἐπὶ
1429 4116 1541 4177 τοῖς
1568 4118 1975 4187 χρηστοτέροις,

397 4203 895 4273 ἑπιστυγνάζοντας
944 4203 1003 4256 δὲ
1049 4204 1144 4258 ἐπὶ
1186 4206 1299 4268 τοῖς
1345 4205 1629 4270 ἐναντίοις.
1664 4201 1826 4262 Οὗτοι
1867 4208 1975 4281 γὰρ

397 4294 568 4359 ὅντως
597 4294 1006 4365 ἀψευδεστάτης
1032 4296 1217 4366 φιλίας
1241 4298 1547 4353 δεικνύουσι
1580 4301 1905 4372 τεκμήριον.

982 4408 1233 4463 ΚΕΦΑΛ.
1268 4409 1391 4465 ΛΓ’.

468 4498 560 4569 Μὴ
587 4497 974 4571 μεταδαλλέτω
1004 4516 1085 4553 σοι
1111 4499 1208 4571 τὴν
1234 4500 1613 4574 μεγαλόφρονα
1633 4501 1857 4573 γνώμην
1875 4502 1977 4573 τῆς

2083 3360 2213 3400 core
2246 3345 2553 3411 discedere,
2588 3361 2771 3415 neque
2802 3345 3241 3401 irrationabilem
3267 3362 3462 3402 eorum
3489 3346 3663 3402 male-

2084 3438 2382 3495 volentiam
2413 3438 2757 3504 ulciscendo,
2781 3454 2962 3510 neque
2984 3438 3236 3497 ﬁctitiam
3262 3440 3462 3495 horum
3495 3438 3665 3497 bene-

2082 3533 2381 3591 volentiam
2412 3532 2843 3593 remunerando.

2672 3740 2826 3798 CAP.
2866 3738 3088 3796 XXXII.

2156 3832 2423 3888 Existima
2477 3832 2797 3888 verissimos
2829 3833 3059 3898 amicos,
3116 3845 3229 3886 non
3282 3828 3381 3899 qui
3432 3827 3663 3884 laudent

2085 3924 2268 3980 omnia
2298 3941 2420 3995 qua:
2444 3912 2705 3980 dicantur
2728 3924 2826 3979 abs
2852 3932 2925 3989 te,
2951 3922 3047 3979 sed
3076 3923 3172 3993 qui
3216 3921 3355 3976 nihil
3390 3937 3501 3975 non
3529 3920 3663 3976 inte-

2084 4032 2182 4087 gro
2211 4016 2421 4087 judicio
2456 4016 2639 4071 facere
2676 4015 3040 4079 contendunt,
3081 4014 3196 4069 sive
3221 4022 3283 4069 ut
3315 4013 3663 4085 gratulentur

2086 4110 2207 4175 tibi,
2241 4110 2286 4165 si
2313 4110 2485 4177 bene;
2518 4109 2828 4173 tristentur,
2868 4109 2913 4163 si
2940 4115 3131 4162 contra
3172 4121 3469 4177 perperam
3504 4104 3663 4159 dixe-

2080 4190 2160 4256 ris
2190 4202 2499 4257 fecerisve:
2534 4200 2591 4255 hi
2636 4201 2785 4256 cnim
2827 4215 3020 4255 revera
3062 4197 3134 4255 ab
3163 4198 3313 4254 omni
3336 4197 3532 4253 fraude
3561 4197 3659 4252 ab-

2084 4292 2363 4348 horrentis
2389 4292 2645 4348 amicitia:
2670 4306 2785 4362 prae
2806 4306 2864 4346 se
2891 4289 3086 4345 ferunt
3105 4289 3367 4361 insignia.

2644 4380 2800 4461 CAP.
2845 4404 3084 4460 xxxut.

2153 4503 2233 4557 Ne
2265 4508 2440 4556 mutet
2470 4499 2568 4556 tibi
2598 4501 3003 4571 magnanimam
3029 4506 3270 4554 mentem
3297 4504 3528 4552 terrena:
3558 4497 3661 4549 hu-

399 4594 646 4662 ὲπιγείου
673 4592 881 4665 ταύτης
909 4592 1227 4657 δυναστείας
1251 4594 1279 4647 ὁ
1306 4594 1491 4663 ὄγκος,
1518 4595 1634 4649 ἀλλ’
1674 4596 1750 4659 ὡς
1782 4596 1977 4665 ἐπίκη-

2080 4595 2170 4665 jus
2200 4592 2487 4663 potestatis
2509 4589 2850 4662 amplitudo;
2875 4589 2973 4646 sed
3018 4596 3081 4643 ut
3119 4588 3373 4659 fragilem
3403 4596 3468 4682 et
3491 4586 3659 4682 cadu-

402 4706 496 4758 ρον
523 4685 723 4741 διέπων
763 4686 961 4758 ἀρχὴν,
985 4685 1257 4757 ἄτρεπτον
1286 4686 1375 4757 ἔχε
1415 4688 1507 4742 τὸν
1571 4688 1696 4742 νοῦν
1734 4688 1793 4742 ὲν
1834 4688 1979 4760 πρά-

401 4797 575 4850 γμασι
608 4781 884 4851 τρεπτοῖς,
922 4779 1064 4849 μήτε
1106 4779 1168 4833 ὲν
1208 4782 1328 4843 ταῖς
1351 4778 1637 4850 εὐθυμίαις
1674 4780 1977 4853 ὲξυψούμε-

400 4889 511 4936 νος.
542 4874 681 4945 μήτε
706 4875 764 4928 ὲν
788 4874 909 4936 ταῖς
931 4870 1193 4943 ἀθυμίαις
1213 4871 1663 4943 ταπεινούμενος.

985 5072 1237 5129 ΚΕΦΑΛ.
1276 5070 1397 5127 ΛΔῨ.

474 5164 909 5236 Ὥσπερνχρυσδς
938 5165 1129 5221 ἄλλοτε
1161 5166 1336 5230 ἄλλως
1380 5165 1484 5220 ὑπὸ
1535 5166 1631 5231 τῆς
1659 5166 1853 5238 τέχνης
1887 5185 1981 5237 μεο

400 5258 834 5329 τατυπούμενος,
865 5259 1128 5331 καὶπρὸς
1173 5259 1409 5331 διάφορα
1440 5258 1687 5329 κοσμίων
1726 5260 1842 5330 εἴδη
1878 5276 1978 5330 με·

401 5350 813 5421 ταποιούμενος,
848 5351 985 5424 ὅπερ
1032 5354 1149 5406 ἐστὶ
1197 5351 1581 5422 διαμένει,κα“ι
1626 5351 1836 5421 τροπὴν
1881 5352 1977 5421 οὐχ

403 5439 697 5510 ὑπομένει’
755 5440 899 5496 οὕτω
945 5442 1040 5498 καὶ
1091 5443 1273 5509 αὐτὸς,
1326 5442 1683 5496 εὐκλεέστατε
1734 5441 1978 5512 βασιλεῦ,

402 5533 569 5605 ἀλλην
598 5532 658 5598 ἐξ
688 5533 857 5604 ἄλλης
887 5534 1132 5606 ἀμείϐων
1162 5534 1357 5607 ἀρχὴν,
1395 5534 1608 5605 φθάσας
1635 5535 1693 5589 δὲ
1736 5535 1829 5588 καὶ
1878 5534 1976 5588 αύ-

403 5623 503 5695 τὴν
532 5626 629 5696 τὴν
666 5626 929 5682 ἀνωτάτω
967 5628 1154 5701 τιμὴν,
1191 5630 1220 5681 ὁ
1258 5627 1420 5691 αύτδς
1448 5627 1746 5699 διαμένεις,
1782 5626 1881 5681 οὐκ
1920 5628 1977 5681 ἐν

402 5718 517 5781 τοῖς
546 5717 733 5783 αὐτοῖς
756 5720 1098 5792 πράγμασιν,
1138 5720 1499 5778 ἀναλλοίωτον
1528 5721 1665 5793 ἔχων
1693 5721 1751 5775 ἐν
1774 5719 1849 5791 τῷ
1874 5736 1973 5775 κα-

404 5806 484 5881 λῷ
515 5810 575 5867 τὸ
605 5811 885 5888 φρΰνημοι·

2086 4696 2211 4736 cum
2268 4696 2466 4752 regens
2519 4681 2933 4751 principatum,
3002 4677 3415 4732 immutabilem
3454 4676 3659 4730 habeto

2082 4774 2423 4829 intellectum
2474 4772 2531 4827 in
2580 4772 2750 4828 rebus
2796 4771 3158 4827 mutabilibus
3196 4786 3209 4823 ε
3256 4768 3427 4823 nimia
3476 4782 3658 4838 neque

2081 4866 2273 4921 lmtitia
2320 4865 2613 4921 sublimem
2648 4873 2704 4922 te
2729 4864 3031 4930 extollens,
3062 4876 3245 4932 neque
3275 4859 3537 4927 maestitia
3576 4859 3657 4912 vi-

2082 4958 2319 5013 lcsccns.

2655 5072 2805 5128 CAP.
2847 5069 3087 5126 XXXIV.

2152 5166 2327 5223 Sicuti
2357 5182 2552 5223 aurum
2584 5166 2836 5238 quamvis
2868 5165 3033 5220 modo
3062 5162 3163 5230 sic,
3192 5160 3356 5217 modo
3379 5158 3540 5215 aliter
3584 5159 3654 5213 ab

2080 5267 2198 5313 arte
2217 5258 2660 5328 transﬁguretur,
2710 5266 2876 5327 atque
2905 5256 2973 5323 ad
2996 5253 3178 5311 varias
3201 5261 3654 5308 ornamentorum

2078 5354 2292 5423 species
2314 5352 2756 5417 transformetur,
2782 5357 3069 5421 permanet
3095 5357 3279 5404 tamen
3304 5347 3357 5403 id
3375 5347 3521 5419 quod
3548 5355 3651 5411 est,

2078 5460 2181 5500 nec
2202 5443 2561 5498 mutationem
2596 5442 2833 5513 patitur;
2873 5440 2953 5497 sic
2987 5439 3104 5512 ipse
3127 5454 3373 5511 quoque,
3400 5437 3651 5509 inclytis-

2078 5535 2216 5591 sime
2236 5535 2560 5605 imperator.
2592 5534 2723 5590 licet
2751 5532 2899 5588 aliud
2919 5549 2987 5588 ex
3015 5532 3125 5588 alio
3158 5547 3259 5602 per
3279 5530 3484 5602 gradus
3508 5529 3654 5585 obti-

2076 5627 2269 5682 nueris
2316 5626 2562 5697 regimen
2589 5670 2603 5693 ,
2656 5624 3089 5697 pervenerisque
3134 5622 3203 5678 ad
3234 5621 3416 5693 ipsum
3458 5635 3650 5691 supre.

2076 5734 2226 5775 mum
2268 5719 2571 5786 honorem,
2624 5718 2771 5773 idem
2830 5727 3013 5774 tamen
3067 5728 3379 5787 permanes,
3434 5727 3546 5767 non
3596 5711 3652 5767 in

2077 5810 2287 5867 eisdem
2342 5812 2527 5879 rebus,
2580 5810 2983 5868 inalterabilem
3036 5807 3327 5865 continens
3385 5805 3441 5862 in
3472 5801 3650 5860 cilicio

2076 5920 2339 5960 ιηιηηυῐη.
