4112 6546
489 433 626 501 1175

1081 561 1234 620 CAP.
1271 561 1488 618 XXXV.

550 654 818 711 Existima
856 662 992 711 tunc
1031 655 1252 713 demum
1282 665 1334 712 te
1369 664 1488 712 tuto
1515 670 1768 726 regnare,
1797 671 1923 711 cum
1956 671 2056 711 vo-

478 749 724 804 lentibus
797 749 1037 818 imperas
1108 749 1432 804 hominibus
1479 766 1493 803 :
1547 749 1641 818 qui
1679 750 1830 804 enim
1881 748 2057 803 invito

477 842 664 910 animo
691 842 1002 912 subjicitur,
1027 841 1395 898 seditionibus
1425 841 1677 907 ﬂuctuat,
1707 849 1864 912 capta
1891 856 2055 896 occa-

476 935 668 1000 sione;
697 934 792 1005 qui
833 949 969 990 vero
996 935 1234 990 vinculis
1260 935 1658 992 benevolentiae
1687 936 1920 1007 regitur,
1948 944 2058 991 sta-

477 1028 650 1084 bilem
671 1038 858 1086 servat
886 1044 1016 1102 erga
1042 1038 1320 1085 rectorem
1346 1029 1741 1085 obedientiam.

1062 1142 1215 1200 CAP.
1247 1142 1488 1200 XXXVI.

547 1234 620 1291 Ut
641 1233 950 1290 dominium
973 1234 1192 1305 imperii
1217 1235 1298 1290 tui
1317 1235 1488 1290 facias
1515 1234 1752 1300 illustre,
1787 1242 2052 1305 quantum

476 1326 650 1382 habes
693 1326 960 1383 adversus
986 1327 1238 1382 subditos
1283 1335 1580 1396 peccantes
1625 1326 1786 1390 iram,
1845 1333 2052 1380 tantam

477 1419 786 1474 habendam
832 1435 954 1475 esse
986 1419 1086 1474 tibi
1132 1419 1398 1475 adversus
1447 1419 1683 1488 teipsum
1731 1425 2054 1488 peccantem

477 1520 734 1576 censete;
757 1526 920 1566 nemo
937 1510 1085 1566 enim
1108 1510 1255 1566 valet
1283 1518 1434 1565 tanta
1458 1511 1754 1581 pollentem
1782 1517 2055 1580 potestate

477 1601 776 1671 corrigere,
805 1600 913 1655 nisi
949 1600 1341 1671 ratio-prepria
1369 1617 1492 1671 qua:
1539 1617 1606 1657 ex
1637 1600 1758 1669 ipso
1786 1607 2053 1671 peccante

477 1701 785 1749 moveatur.

1027 1808 1181 1865 CAP.
1208 1807 1476 1864 XXXVII.

545 1897 796 1969 Magnam
823 1899 916 1970 qui
949 1907 1282 1970 potestatem
1309 1899 1545 1970 adeptus
1590 1907 1698 1964 est,
1725 1897 2047 1970 largitorem
2082 1912 2126 1970 Β

476 1991 770 2060 potestatis
793 1991 1042 2047 imitetur
1079 2007 1183 2062 pro
1204 1991 1458 2046 viribus:
1495 1991 1540 2047 si
1573 1991 1720 2046 enim
1753 1991 2050 2062 imaginem

475 2090 654 2153 gestat
679 2098 864 2138 rerum
898 2083 1152 2154 praesidis
1173 2085 1293 2149 Dei,
1321 2092 1487 2154 atque
1528 2099 1630 2155 per
1663 2084 1845 2154 ipsum
1877 2085 2054 2139 conti-

479 2184 574 2230 net
613 2191 801 2230 rerum
833 2175 1234 2247 principatum,
1264 2177 1320 2231 in
1365 2191 1436 2232 eo
1467 2177 1705 2231 maxime
1747 2175 2055 2230 imitabitur

475 2267 672 2334 Deum,
697 2267 744 2322 si
766 2267 908 2323 nihil
933 2269 1314 2325 misericordia
1337 2269 1636 2341 pretiosius
1663 2268 2014 2341 iudicaverit.

1034 2466 1186 2524 CAP.
1219 2467 1508 2524 XXXVIII.

549 2557 732 2630 Super
761 2573 959 2616 aurum
985 2569 1041 2617 et
1060 2559 1303 2631 lapidem
1337 2560 1644 2632 pretiosum
1677 2558 2056 2616 beneﬁcentia

477 2652 700 2708 divitias
724 2650 888 2708 nbbis
929 2652 1103 2709 veluti
1139 2653 1463 2709 thesaurum
1502 2653 1913 2710 recondamus:
1947 2652 2056 2708 illae

475 2760 714 2816 namque
742 2755 858 2801 tum
889 2745 947 2801 in
985 2747 1242 2817 praesenti
1294 2747 1407 2804 vita
1432 2745 1714 2802 oblectant
1733 2745 2057 2817 spe‘futura:

475 2838 790 2905 fruitionis,
853 2847 970 2894 tum
1016 2839 1075 2894 in
1127 2839 1318 2896 futura
1378 2839 1732 2896 dulcedinem
1787 2837 2052 2904 afferunt,

473 2931 854 3002 experimento
883 2939 1216 3004 gustatuque
1243 2941 1476 3004 speratae
1499 2929 1863 2988 beatitudinis
1891 2947 1906 2984 :
1933 2944 2056 3000 quae

473 3039 608 3078 vero
661 3039 812 3078 nunc
854 3023 1004 3079 circa
1027 3039 1130 3080 nos
1177 3033 1465 3096 apparent,
1517 3033 1778 3095 tanquam
1820 3020 2053 3078 nihilad

474 3128 578 3168 nos
604 3113 961 3184 pertinentia,
993 3128 1063 3168 ne
1088 3129 1190 3169 nos
1217 3113 1449 3169 nimium
1475 3113 1758 3170 allecteut.

1036 3224 1188 3282 CAP.
1228 3224 1474 3281 XXXIX.

540 3317 618 3385 Da
676 3333 904 3387 operam
944 3326 1006 3373 ut
1044 3333 1143 3373 eos
1189 3317 1661 3387 splendidioribus
1707 3317 2049 3375 demerearis

472 3410 1039 3474 remunerationibus,
1064 3411 1305 3480 quicum
1335 3410 1722 3467 benevolentia
1755 3419 2052 3482 capessunt

471 3518 595 3573 quae
627 3503 960 3558 mandantur
999 3503 1100 3558 abs
1144 3512 1197 3558 te
1227 3519 1242 3557 :
1273 3503 1381 3559 hoc
1405 3503 1554 3558 enim
1600 3513 1765 3574 pacto
1795 3512 1852 3558 et
1876 3503 2051 3559 bono-

471 3609 597 3649 rum
623 3595 852 3666 augebis
883 3595 1244 3657 alacritatem.
1288 3603 1346 3651 et
1390 3595 1568 3650 malos
1601 3595 1830 3652 docebis
1857 3605 1919 3650 ut
1946 3596 2048 3652 de-

469 3687 686 3742 discant
732 3687 998 3743 malitiam
1043 3705 1058 3742 :
1110 3687 1324 3744 eisdem
1379 3688 1529 3743 enim
1578 3689 1793 3745 censeri
1853 3688 2050 3762 dignos

469 3780 566 3852 qui
589 3795 703 3836 non
727 3781 924 3837 eadem
943 3780 1175 3846 faciunt,
1209 3781 1671 3838 nimisnefarium
1701 3791 1805 3838 est.

1104 3893 1259 3950 CAP.
1303 3895 1414 3950 XL.

537 3985 1039 4042 Honoratissimum
1081 3986 1327 4041 omnium
1377 3995 1462 4041 est
1529 3988 1818 4057 imperium
1856 4003 1871 4040 :
1917 3997 2050 4044 tunc

466 4088 600 4129 vero
645 4075 732 4130 vel
773 4074 1014 4130 maxime
1064 4074 1230 4145 hujus
1277 4076 1426 4131 modi
1456 4085 1562 4141 est,
1615 4091 1740 4131 cum
1794 4078 1899 4132 hac
1951 4077 2045 4147 qui

469 4166 848 4233 circumdatus
891 4176 979 4222 est
1018 4176 1309 4238 potestate,
1342 4184 1454 4223 non
1499 4169 1568 4223 ad
1624 4169 1960 4238 pertinacem
1991 4177 2048 4224 et

466 4259 820 4315 temerariam
843 4259 1106 4314 saevitiam
1133 4275 1444 4330 propensus
1467 4261 1558 4326 sit,
1595 4260 1690 4316 sed
1720 4260 1788 4315 ad
1813 4261 2045 4331 aequita-

465 4361 579 4407 tem
611 4349 906 4420 respiciat;
936 4351 1347 4407 inclementiam
1371 4362 1434 4408 ut
1453 4352 1685 4408 ferinam
1704 4354 2043 4421 aversanda,

465 4439 868 4499 humanitatem
899 4449 963 4498 ut
994 4443 1109 4499 Deo
1147 4460 1260 4516 pra:
1283 4460 1342 4500 se
1367 4443 1620 4500 ferendo.

1094 4557 1250 4615 CAP.
1289 4556 1428 4613 XLI.

532 4646 714 4719 Eque
757 4649 918 4705 lance
985 4659 1098 4704 tam
1126 4649 1198 4703 ad
1241 4648 1450 4704 amicos
1473 4662 1640 4718 quam
1667 4647 1737 4703 ad
1783 4647 2042 4705 inimicos

465 4758 701 4815 vergens
725 4742 1016 4815 iudicandi
1063 4756 1266 4796 munus
1308 4739 1462 4795 obito
1492 4756 1507 4794 :
1535 4754 1718 4810 neque
1749 4739 1891 4797 bene
1917 4756 2043 4797 sen-

463 4835 735 4914 tientibus
758 4835 827 4892 de
848 4844 902 4891 te
927 4833 1245 4906 gratiﬁcans
1261 4833 1333 4888 ob
1363 4832 1827 4900 benevolentiam,
1861 4849 2042 4900 neque

462 4929 749 4984 malevolis
798 4928 1064 4982 resistens
1109 4935 1338 4997 propter
1371 4925 1693 4982 inimicitias
1726 4943 1740 4981 :
1777 4927 2041 4998 quoniam

461 5019 712 5090 ejusdem
769 5027 854 5074 est
902 5017 1301 5082 absurditatis,
1373 5025 1432 5072 et
1489 5015 1796 5073 secundum
1851 5018 2042 5089 iniqua

459 5118 741 5180 petentem
780 5109 916 5165 dare
944 5107 1120 5173 litem,
1155 5107 1260 5164 etsi
1303 5107 1378 5164 sit
1413 5096 1626 5188 amicus
1665 5116 1756 5166 .et
1779 5109 2038 5182 iniuriam

456 5201 609 5271 justo
642 5200 869 5264 inferre,
904 5199 1010 5255 etsi
1038 5200 1112 5255 sit
1133 5199 1390 5255 inimicus
1429 5217 1443 5253 :
1477 5203 1684 5257 malum
1708 5201 1858 5258 enim
1880 5211 2038 5259 utro-

459 5291 628 5361 bique
657 5290 838 5347 simile
875 5299 982 5357 est,
1015 5292 1234 5348 tametsi
1272 5294 1658 5351 contrariisin
1683 5296 1852 5353 rebus
1885 5298 2038 5354 inve-

458 5383 666 5440 niatur.

1051 5495 1202 5557 CAP.
1235 5500 1399 5557 XLII.

1051 5502 1202 5558 CAP.
1235 5502 1399 5558 XLII.

531 5593 737 5649 lntcnta
784 5571 972 5650 mente
1005 5595 1318 5654 auscultare
1349 5595 1557 5654 debent
1585 5613 1774 5654 rerum
1797 5600 2033 5672 iudices.

1792 446 2116 509 AGAPETI
2153 448 2464 512 DIACONI

2083 569 2132 626 A

2076 3263 2124 3326 C

2070 4608 2122 4668 D

3597 458 3739 528 1176

2735 570 2983 626 ΚΕΦΑΔ.
3023 569 3151 628 AE'.
3471 565 3480 574 ’

2230 661 2438 732 Νόμιζε
2479 660 2602 714 τότε
2647 662 2954 732 βασιλεύειν
2998 662 3281 733 ἀσφαλῶς,
3320 664 3452 720 ὅταν
3494 664 3735 722 ἑκόντων

2157 753 2403 824 ἀνάσσης
2433 753 2545 808 τῶν
2577 754 2901 825 ἀνθρώπων.
2934 756 3010 809 Τὸ
3048 755 3162 826 γὰρ
3193 755 3467 820 ἀκουσίως
3498 757 3735 811 ὑποτατ-

2157 844 2408 914 τόμενον,
2458 843 2742 908 στασιάζει
2787 843 2988 914 καιροῦ
3033 843 3367 914 λαϐόμενον·
3413 843 3476 898 τὸ
3504 844 3562 898 δὲ
3619 849 3734 910 τοῖς

2158 937 2380 1007 θεσμοῖς
2403 939 2504 1006 τῆς
2531 937 2748 1000 εὐνοίας
2773 937 3170 1008 κρατούμενον,
3195 936 3423 1008 βεϐαίαν
3451 936 3565 1010 ἔχει
3596 937 3735 1009 πρὸς

2154 1029 2217 1084 τὸ
2250 1029 2488 1100 κρατοῦν
2513 1030 2613 1101 τὴν
2637 1028 2954 1084 εὐπείθειαν
2975 1030 3114 1100 (15).

2724 1143 2979 1199 ΚΕΦΑΛ.
3021 1145 3165 1212 Δεῖν.

2228 1237 2348 1290 Ἵνα
2385 1236 2447 1289 τὸ
2494 1235 2698 1308 κράτος
2735 1236 2838 1307 τῆς
2883 1236 3166 1307 βασιλείας
3197 1239 3434 1310 ποιήσῃς
3466 1237 3732 1308 ἀοίδιμον,

2153 1326 2286 1397 ὅσην
2309 1325 2456 1398 ἔχεις
2481 1327 2626 1381 κατά
2655 1327 2764 1382 τῶν
2803 1329 3063 1400 ὑπηκόων
3086 1331 3513 1403 ἁμαρτανόντων
3537 1332 3728 1404 ὀργὴν,

2153 1417 2424 1490 τοσαύτην
2473 1419 2620 1490 ἔχειν
2671 1421 2768 1474 καὶ
2813 1421 2958 1476 κατά
3028 1423 3232 1476 σαυτοῦ
3281 1423 3732 1494 πλημμελοῦντος

2154 1511 2338 1578 ἀξίου⁸
2371 1511 2552 1576 οὐδεὶς
2581 1513 2690 1582 γὰρ
2727 1513 2902 1584 ἰσχύει
2933 1515 3027 1570 τὸν
3072 1516 3134 1569 ἐν
3166 1515 3388 1588 ἐξουσίᾳ
3426 1516 3729 1588 τηλικαύτῃ

2153 1603 2456 1670 παιδεύειν,
2513 1607 2563 1658 εί
2624 1605 2701 1676 μὴ
2755 1605 3018 1678 λογισμὸς
3069 1609 3274 1674 οίκεῖος
3326 1609 3386 1676 ἐξ
3433 1607 3600 1663 αὐτοῦ
3636 1608 3729 1662 τοῦ

2153 1695 2607 1768 πλημμελοῦντος
2648 1697 2992 1769 κινούμενος.

2735 1814 2986 1868 ΚΕΦΑΛ.
3027 1812 3153 1868 AZ'.

2233 1900 2294 1954 *Ο
2341 1900 2589 1972 μεγάλης
2633 1901 2884 1967 ἔξουσίας
2931 1902 3350 1973 ἐπιλαϐόμενος,
3395 1901 3490 1956 τὸν
3533 1899 3729 1973 δοτῆρα

2151 1991 2254 2062 τῆς
2302 1991 2552 2057 ἐξουσίας
2605 1993 2885 2065 μιμείσθω
2931 1993 3073 2049 κατά
3097 1993 3358 2065 δύναμινο
3388 1994 3438 2047 εί
3464 1994 3573 2064 γάρ
3608 2009 3727 2056 πως

2152 2085 2252 2156 τὴν
2285 2086 2473 2140 εἰκόνα
2500 2085 2657 2158 φέρει
2688 2087 2784 2141 τοῦ
2829 2087 2924 2140 ἐπὶ
2955 2086 3178 2142 πάντων
3215 2085 3371 2151 Θεοῦ,
3406 2086 3498 2140 καὶ
3529 2086 3596 2140 δι’
3625 2086 3726 2138 αὐ-

2151 2176 2248 2230 τοῦ
2295 2178 2520 2248 κατέχει
2555 2177 2656 2250 τὴν
2711 2179 2803 2232 ἐπὶ
2855 2179 3079 2235 πάντων
3108 2179 3307 2251 ἀρχὴν,
3341 2181 3401 2233 ὲν
3439 2177 3615 2249 τούτῳ
3660 2176 3729 2248 δὴ

2156 2270 2392 2343 μάλιστα
2437 2271 2530 2325 τὸν
2579 2271 2716 2325 Θεὸν
2763 2272 3089 2343 μιμήσεται,
3142 2271 3201 2325 ὲν
3243 2269 3324 2340 τῷ
3376 2268 3538 2340 μηδὲν
3586 2269 3732 2340 ἠγεῖ-

2155 2365 2283 2420 σθαι
2310 2365 2424 2438 (14)
2451 2363 2548 2420 τοῦ
2576 2365 2753 2420 ἐλεεῖν
2783 2363 3226 2438 προτιμώτερον.

2718 2479 2971 2534 ΚΕΦΑΛ.
3018 2479 3151 2533 ΑΠ’.

2235 2567 2408 2641 ’Υπὲρ
2445 2569 2670 2642 χρυσίον
2709 2570 2803 2624 καὶ
2835 2569 2985 2624 λίθον
3013 2569 3192 2641 τίμιον
3219 2569 3319 2640 τῆς
3343 2567 3593 2630 εὐποιίας
3637 2565 3731 2619 τὸν

2154 2659 2386 2716 πλοῦτον
2427 2662 2646 2725 ἑαυτοῖς
2689 2661 3145 2732 θησαυρίσωμεν·
3186 2666 3278 2715 τὸν
3328 2660 3426 2714 καὶ
3453 2655 3556 2712 ὦδε
3591 2675 3727 2712 κατ-

2153 2755 2518 2826 ευφραίνοντα
2549 2757 2615 2825 τῇ
2647 2753 2824 2808 ἑλπίδι
2883 2754 2984 2825 τῆς
3016 2753 3320 2823 μελλούσης
3352 2751 3728 2816 ἀπολαύσεως,

2154 2849 2318 2903 κάκεῖ
2362 2846 2872 2916 καταγλυκαίνοντα
2913 2848 2982 2917 τῇ
3019 2845 3188 2917 πείρᾳ.
3235 2845 3340 2916 τῆς
3382 2843 3729 2912 ἐλπισθείσης

2157 2937 2598 3010 μακαριότητος·
2629 2937 2698 2990 τὰ
2734 2936 2794 2990 δὲ
2828 2935 2926 2993 νῦν
2951 2936 3083 3009 περὶ
3111 2937 3260 3008 ἡμᾶς
3285 2937 3361 3002 ὼς
3394 2934 3551 2990 οὐδὲν
3591 2935 3732 3006 πρὸς

2152 3031 2322 3103 ἡμᾶς.
2361 3029 2436 3100 μὴ
2466 3027 2718 3100 τερπέτω
2749 3028 2922 3099 ἡμᾶς.

2731 3230 2984 3285 ΚΕΦΑΛ.
3023 3228 3149 3284 ΛΘ.

2223 3321 2502 3388 Σπούδαζε
2530 3321 2951 3393 λαμπροτέραις
2977 3321 3307 3392 ἀμείϐεσθαι
3335 3319 3568 3392 δωρεαῖς
3603 3319 3736 3384 τούς

2155 3418 2273 3487 μετ’
2302 3416 2516 3478 εὐνοίας
2538 3413 2908 3477 ποιοῦνταςτά
2939 3412 3094 3484 παρά
3129 3411 3223 3466 σοῦ
3255 3411 3727 3483 προσταττόμεναο

2150 3509 2323 3578 τούτῳ
2367 3508 2476 3579 γὰρ
2520 3505 2596 3578 τῷ
2631 3506 2820 3578 τρόπῳ
2864 3507 2960 3560 καὶ
2992 3506 3101 3560 τῶν
3139 3504 3362 3573 ἀγαθῶν
3403 3504 3731 3574 ὲπαυξήσεις

2149 3602 2248 3675 τὴν
2282 3600 2616 3674 προθυμίαν,
2649 3599 2745 3653 καὶ
2792 3598 2926 3663 τούς
2977 3597 3252 3669 πονηροὺς
3281 3597 3513 3662 διδάξεις
3562 3612 3729 3668 μετα-

2151 3692 2348 3766 μαθεῖν
2380 3691 2479 3763 την
2521 3689 2760 3744 κακίανο
2790 3691 2852 3744 τὸ
2903 3691 3010 3762 γάρ
3062 3690 3173 3743 τῶν
3220 3689 3402 3743 αὐτῶν
3445 3688 3730 3754 ἀξιοῦσθαι

2146 3786 2276 3849 τούς
2307 3783 2384 3856 μὴ
2415 3784 2483 3838 τὰ
2513 3782 2655 3840 αὐτὰ
2685 3781 2997 3850 ποιοῦντας,
3037 3783 3178 3853 ἄγαν
3229 3783 3378 3836 ἐστὶν
3409 3782 3690 3853 ἀθέμιτον.

2746 3897 2994 3951 ΚΕΦΑΛ.
3035 3899 3126 3952 Μ’.

2219 3989 2564 4062 Τιμιώτατον
2594 3991 2815 4044 πάντων
2837 3991 2987 4043 ἐστὶν
3012 3992 3046 4061 ἡ
3081 3987 3360 4060 βασιλεία·
3387 3989 3509 4041 τότε
3536 3987 3592 4040 δὲ
3625 3987 3730 4058 μάο

2145 4086 2308 4139 λιστα
2339 4083 2583 4137 τοιοῦτόν
2619 4086 2790 4145 ἐστιν,
2815 4084 2942 4136 ὅταν
2972 4085 3000 4136 ὁ
3042 4080 3204 4136 τοῦτο
3250 4080 3632 4152 περικείμενος
3663 4080 3727 4134 τὸ

2146 4174 2368 4246 κράτος,
2412 4173 2487 4243 μὴ
2521 4172 2658 4244 πρὸς
2684 4171 2974 4226 αὐθάδειαν
3009 4171 3173 4244 ῥέπῃ,
3206 4170 3344 4224 ἀλλὰ
3389 4170 3526 4234 πρὸς
3556 4168 3729 4223 ἐπιεί-

2145 4280 2300 4318 κειαν
2355 4262 2565 4336 βλέπῃ·
2598 4262 2661 4315 τὺ
2715 4262 2815 4333 μὲν
2873 4259 3266 4333 ἀπάνθρωπον,
3319 4259 3395 4324 ὡς
3463 4258 3728 4329 θηριῶδες

2144 4355 2650 4427 ἀποστρεφόμενος,
2681 4356 2741 4409 τὸ
2764 4355 2822 4408 δὲ
2863 4353 3270 4426 φιλάνθρωπον,
3310 4351 3384 4418 ὡς
3418 4351 3724 4407 θεοείκελον

2145 4449 2582 4520 ἐνδεικνύμενος.

2727 4558 2978 4614 ΚΕΦΔΛ.
3019 4558 3157 4614 MA'.

2222 4655 2384 4718 Ἴσως
2419 4653 2556 4724 πρός
2581 4669 2640 4706 τε
2668 4651 2855 4722 φίλους
2897 4651 2994 4705 καὶ
3025 4651 3259 4723 ἐχθροὺς
3288 4651 3447 4705 ποιοῦ
3476 4650 3575 4716 τάς
3601 4649 3725 4723 κρί-

2149 4766 2287 4815 σεις,
2317 4751 2455 4819 μήτε
2472 4750 2585 4813 τοῖς
2611 4747 2859 4802 εὐνοοῦσι
2887 4747 3246 4819 χαριζόμενος
3261 4746 3350 4801 διὰ
3366 4741 3463 4819 τὴν
3483 4749 3724 4817 εὔνοιαν,

2150 4842 2290 4913 μήτε
2334 4843 2445 4904 τοῖς
2484 4839 2808 4912 δυσμενέσιν
2837 4837 3234 4911 ἀνθιστάμενος
3280 4838 3350 4893 δι’
3380 4841 3681 4912 ἀπέχθειαν
3706 4857 3721 4873 ο

2147 4931 2341 5002 ἐπειδὴ
2369 4933 2469 5002 τῆς
2501 4932 2674 5001 αὐτῆς
2707 4932 2857 4984 ἐστιν
2883 4929 3140 4996 ἀτοπίας,
3200 4929 3296 4986 καὶ
3340 4931 3589 4985 δικαιοῦν
3631 4930 3723 4985 τὸν

2148 5026 2353 5086 ἄδικον,
2388 5026 2440 5078 εί
2473 5026 2570 5078 καὶ
2607 5025 2759 5094 φίλος
2808 5025 3068 5095 ὑπάρχει,
3111 5024 3206 5078 καὶ
3252 5024 3463 5079 ἀδικεῖν
3507 5027 3600 5080 τὸν
3647 5026 3716 5080 δί-

2143 5135 2322 5185 καιον,
2355 5118 2405 5171 εί
2453 5119 2551 5172 καὶ
2603 5116 2798 5188 ἐχθρὸς
2850 5118 3143 5188 τυγχάνειο
3187 5118 3249 5171 τὸ
3286 5116 3397 5189 γὰρ
3453 5119 3624 5172 κακὸν
3663 5119 3722 5172 ἐν

2143 5212 2477 5284 ἀμφοτέροις
2509 5212 2718 5282 ὅμοιον,
2751 5209 2855 5264 κᾶν
2903 5211 2962 5264 ἐν
3010 5212 3126 5276 τοῖς
3155 5213 3423 5276 ἐναντίοις
3455 5212 3720 5284 εὑρίσκη-

2142 5323 2253 5359 ται.

2719 5505 2942 5561 ΚΕΦΑΛ
2955 5545 2967 5558 .
3007 5506 3060 5558 Μ
3069 5502 3140 5558 B'.

2213 5599 2499 5669 Νουνεχῶς
2555 5598 2863 5669 ἀκροᾶσθαι
2918 5598 2998 5652 δεῖ
3035 5601 3163 5663 τούς
3211 5598 3321 5653 τῶν
3372 5602 3720 5672 πραγμάτων

1964 5723 2196 5783 NOTAE.

497 5801 648 5888 ,(15)
673 5807 826 5888 Πρός
857 5809 926 5888 τό
950 5809 1214 5879 κρατοῦν
1242 5811 1358 5888 τὴν
1408 5815 1644 5888 ιιιὺπτείθζ
1697 5815 1880 5876 Codex
1921 5818 2028 5874 ne.

456 5878 580 5950 gius
609 5877 668 5933 Β.
697 5879 834 5954 πρὸς
849 5880 940 5936 τὸν
961 5877 1268 5956 κρατουντά
1289 5877 1343 5937 τι
1370 5883 1578 5942 εὐπείθ.
1616 5886 1851 5945 ΒΑῐωυιι.

2208 5817 2321 5888 (14)
2366 5818 2463 5871 Ἐν
2479 5818 2679 5889 μηδὲν
2698 5817 2778 5884 τῷ
2809 5816 3105 5889 ἡγεῖσθαι.
3133 5816 3236 5889 _Sic
3260 5831 3328 5889 ex
3379 5816 3572 5875 codice
3609 5815 3718 5874 Re-

2133 5886 2242 5961 gio.
2275 5886 2337 5944 A.
2372 5889 2460 5942 At.
2481 5886 2648 5957 editi,
2681 5890 2740 5944 ἓν
2769 5889 2936 5960 μηδὲν
2963 5887 3238 5957 ἡγεῖσθαι.
3285 5886 3340 5943 In
