  <div class='ocr_page' id='page_1' title='image "/cluster/home/n/w/nwhite01/storage/ocr_20150623/86:1/hvd.32044019208909/596.png"; bbox 0 0 4088 6536; ppageno 0'>
   <div class='ocr_carea' id='block_1_1' title="bbox 374 412 509 477">
    <p class='ocr_par' dir='ltr' id='par_1_1' title="bbox 374 412 509 477">
     <span class='ocr_line' id='line_1_1' title="bbox 374 412 509 477; baseline 0.022 -3"><span class='ocrx_word' id='word_1_1' title='bbox 374 412 509 477; x_wconf 76' lang='grc'><strong>117⁵1</strong></span> 
     </span>
    </p>
   </div>
   <div class='ocr_carea' id='block_1_2' title="bbox 1572 432 2437 505">
    <p class='ocr_par' dir='ltr' id='par_1_2' title="bbox 1572 432 2437 505">
     <span class='ocr_line' id='line_1_2' title="bbox 1572 432 2437 505; baseline 0.017 -16"><span class='ocrx_word' id='word_1_2' title='bbox 1572 432 1839 493; x_wconf 81' lang='lat' dir='ltr'><strong>CAPITA</strong></span> <span class='ocrx_word' id='word_1_3' title='bbox 1879 437 2144 499; x_wconf 82' lang='lat' dir='ltr'><strong>ADMON</strong></span> <span class='ocrx_word' id='word_1_4' title='bbox 2155 440 2437 505; x_wconf 81' lang='lat' dir='ltr'><strong>ITORIA.</strong></span> 
     </span>
    </p>
   </div>
   <div class='ocr_carea' id='block_1_3' title="bbox 3495 449 3635 515">
    <p class='ocr_par' dir='ltr' id='par_1_3' title="bbox 3495 449 3635 515">
     <span class='ocr_line' id='line_1_3' title="bbox 3495 449 3635 515; baseline 0.021 -3"><span class='ocrx_word' id='word_1_5' title='bbox 3495 449 3635 515; x_wconf 85' lang='lat'><strong>1178</strong></span> 
     </span>
    </p>
   </div>
   <div class='ocr_carea' id='block_1_4' title="bbox 366 531 1934 638">
    <p class='ocr_par' dir='ltr' id='par_1_4' title="bbox 366 531 1934 638">
     <span class='ocr_line' id='line_1_4' title="bbox 366 531 1934 638; baseline 0.015 -56"><span class='ocrx_word' id='word_1_6' title='bbox 366 531 607 638; x_wconf 44' lang='grc' dir='ltr'>κριτάςσ.</span> <span class='ocrx_word' id='word_1_7' title='bbox 629 534 969 608; x_wconf 81' lang='grc' dir='ltr'>δυσθήρατος</span> <span class='ocrx_word' id='word_1_8' title='bbox 1005 539 1115 612; x_wconf 78' lang='grc' dir='ltr'>γάρ</span> <span class='ocrx_word' id='word_1_9' title='bbox 1145 541 1295 596; x_wconf 80' lang='grc' dir='ltr'>ἐστιν</span> <span class='ocrx_word' id='word_1_10' title='bbox 1329 546 1362 615; x_wconf 81' lang='grc' dir='ltr'>ἡ</span> <span class='ocrx_word' id='word_1_11' title='bbox 1410 543 1504 598; x_wconf 90' lang='grc' dir='ltr'>τοῦ</span> <span class='ocrx_word' id='word_1_12' title='bbox 1538 548 1754 603; x_wconf 89' lang='grc' dir='ltr'>δικαίου</span> <span class='ocrx_word' id='word_1_13' title='bbox 1785 551 1934 621; x_wconf 75' lang='grc' dir='ltr'>εὔρε-</span> 
     </span>
    </p>
   </div>
   <div class='ocr_carea' id='block_1_5' title="bbox 2033 531 3631 638">
    <p class='ocr_par' dir='ltr' id='par_1_5' title="bbox 2049 558 3631 638">
     <span class='ocr_line' id='line_1_5' title="bbox 2049 558 3631 638; baseline 0.008 -27"><span class='ocrx_word' id='word_1_14' title='bbox 2049 558 2290 615; x_wconf 88' lang='lat' dir='ltr'><strong>dillicilis</strong></span> <span class='ocrx_word' id='word_1_15' title='bbox 2324 576 2562 633; x_wconf 81' lang='lat' dir='ltr'><strong>namque</strong></span> <span class='ocrx_word' id='word_1_16' title='bbox 2596 574 2762 634; x_wconf 86' lang='lat' dir='ltr'><strong>captu</strong></span> <span class='ocrx_word' id='word_1_17' title='bbox 2789 573 2869 619; x_wconf 84' lang='lat' dir='ltr'><strong>est</strong></span> <span class='ocrx_word' id='word_1_18' title='bbox 2892 566 3027 637; x_wconf 80' lang='lat' dir='ltr'><strong>justi</strong></span> <span class='ocrx_word' id='word_1_19' title='bbox 3065 566 3322 632; x_wconf 79' lang='lat' dir='ltr'><strong>intentio,</strong></span> <span class='ocrx_word' id='word_1_20' title='bbox 3358 566 3631 638; x_wconf 79' lang='lat' dir='ltr'><strong>facileque</strong></span> 
     </span>
    </p>
   </div>
   <div class='ocr_carea' id='block_1_6' title="bbox 368 626 1942 713">
    <p class='ocr_par' dir='ltr' id='par_1_6' title="bbox 368 626 1942 713">
     <span class='ocr_line' id='line_1_6' title="bbox 368 626 1942 713; baseline 0.013 -36"><span class='ocrx_word' id='word_1_21' title='bbox 368 641 474 690; x_wconf 89' lang='grc' dir='ltr'>σις,</span> <span class='ocrx_word' id='word_1_22' title='bbox 510 626 709 697; x_wconf 79' lang='grc' dir='ltr'><strong>ῥᾳδίως</strong></span> <span class='ocrx_word' id='word_1_23' title='bbox 752 631 1099 700; x_wconf 77' lang='grc' dir='ltr'>ἑκφεύγουσα</span> <span class='ocrx_word' id='word_1_24' title='bbox 1127 638 1255 701; x_wconf 69' lang='grc' dir='ltr'>τοὺς</span> <span class='ocrx_word' id='word_1_25' title='bbox 1292 639 1366 709; x_wconf 80' lang='grc' dir='ltr'><strong>μὴ</strong></span> <span class='ocrx_word' id='word_1_26' title='bbox 1406 638 1527 692; x_wconf 83' lang='grc' dir='ltr'><strong>λίαν</strong></span> <span class='ocrx_word' id='word_1_27' title='bbox 1554 645 1942 713; x_wconf 81' lang='grc' dir='ltr'>προσέχοντας.</span> 
     </span>
    </p>
   </div>
   <div class='ocr_carea' id='block_1_7' title="bbox 372 717 1943 806">
    <p class='ocr_par' dir='ltr' id='par_1_7' title="bbox 372 717 1943 806">
     <span class='ocr_line' id='line_1_7' title="bbox 372 717 1943 806; baseline 0.013 -36"><span class='ocrx_word' id='word_1_28' title='bbox 372 717 472 771; x_wconf 79' lang='grc' dir='ltr'><strong>Ἂν</strong></span> <span class='ocrx_word' id='word_1_29' title='bbox 506 718 563 773; x_wconf 82' lang='grc' dir='ltr'>δὲ</span> <span class='ocrx_word' id='word_1_30' title='bbox 606 721 703 774; x_wconf 80' lang='grc' dir='ltr'>καὶ</span> <span class='ocrx_word' id='word_1_31' title='bbox 730 722 832 793; x_wconf 84' lang='grc' dir='ltr'>τὴν</span> <span class='ocrx_word' id='word_1_32' title='bbox 876 725 986 777; x_wconf 84' lang='grc' dir='ltr'>τῶν</span> <span class='ocrx_word' id='word_1_33' title='bbox 1029 727 1299 796; x_wconf 86' lang='grc' dir='ltr'>λεγόντων</span> <span class='ocrx_word' id='word_1_34' title='bbox 1352 732 1584 800; x_wconf 79' lang='grc' dir='ltr'><strong>ἀφέντες</strong></span> <span class='ocrx_word' id='word_1_35' title='bbox 1638 734 1943 806; x_wconf 88' lang='grc' dir='ltr'>δεινότητα.</span> 
     </span>
    </p>
   </div>
   <div class='ocr_carea' id='block_1_8' title="bbox 366 812 1948 897">
    <p class='ocr_par' dir='ltr' id='par_1_8' title="bbox 366 812 1948 897">
     <span class='ocr_line' id='line_1_8' title="bbox 366 812 1948 897; baseline 0.013 -34"><span class='ocrx_word' id='word_1_36' title='bbox 366 813 462 864; x_wconf 71' lang='grc' dir='ltr'>καὶ</span> <span class='ocrx_word' id='word_1_37' title='bbox 491 812 593 881; x_wconf 80' lang='grc' dir='ltr'>τὴν</span> <span class='ocrx_word' id='word_1_38' title='bbox 615 815 726 869; x_wconf 83' lang='grc' dir='ltr'><strong>τῶν</strong></span> <span class='ocrx_word' id='word_1_39' title='bbox 754 817 1065 885; x_wconf 84' lang='grc' dir='ltr'>λεγομένων</span> <span class='ocrx_word' id='word_1_40' title='bbox 1096 822 1367 892; x_wconf 82' lang='grc' dir='ltr'><strong>παρέντες</strong></span> <span class='ocrx_word' id='word_1_41' title='bbox 1397 825 1755 897; x_wconf 85' lang='grc' dir='ltr'>πιθανότητα,</span> <span class='ocrx_word' id='word_1_42' title='bbox 1785 831 1863 892; x_wconf 90' lang='grc' dir='ltr'><strong>είς</strong></span> <span class='ocrx_word' id='word_1_43' title='bbox 1885 829 1948 883; x_wconf 77' lang='grc' dir='ltr'>τὸ</span> 
     </span>
    </p>
   </div>
   <div class='ocr_carea' id='block_1_9' title="bbox 366 900 1946 985">
    <p class='ocr_par' dir='ltr' id='par_1_9' title="bbox 366 900 1946 985">
     <span class='ocr_line' id='line_1_9' title="bbox 366 900 1946 985; baseline 0.013 -32"><span class='ocrx_word' id='word_1_44' title='bbox 366 900 533 971; x_wconf 73' lang='grc' dir='ltr'>βάθος</span> <span class='ocrx_word' id='word_1_45' title='bbox 572 904 682 958; x_wconf 84' lang='grc' dir='ltr'>τῶν</span> <span class='ocrx_word' id='word_1_46' title='bbox 732 908 1020 978; x_wconf 79' lang='grc' dir='ltr'><strong>νοημάτων</strong></span> <span class='ocrx_word' id='word_1_47' title='bbox 1070 912 1300 977; x_wconf 76' lang='grc' dir='ltr'>ἑαυτοὺς</span> <span class='ocrx_word' id='word_1_48' title='bbox 1347 916 1715 985; x_wconf 77' lang='grc' dir='ltr'><strong>ἐμϐάλλωσιν,</strong></span> <span class='ocrx_word' id='word_1_49' title='bbox 1770 920 1946 985; x_wconf 77' lang='grc' dir='ltr'>οὕτως</span> 
     </span>
    </p>
   </div>
   <div class='ocr_carea' id='block_1_10' title="bbox 365 994 1945 1085">
    <p class='ocr_par' dir='ltr' id='par_1_10' title="bbox 365 994 1945 1085">
     <span class='ocr_line' id='line_1_10' title="bbox 365 994 1945 1085; baseline 0.013 -37"><span class='ocrx_word' id='word_1_50' title='bbox 365 994 723 1069; x_wconf 80' lang='grc' dir='ltr'>ἁνιμήσονται</span> <span class='ocrx_word' id='word_1_51' title='bbox 751 1000 814 1054; x_wconf 88' lang='grc' dir='ltr'><strong>τὸ</strong></span> <span class='ocrx_word' id='word_1_52' title='bbox 845 1002 973 1074; x_wconf 74' lang='grc' dir='ltr'>παρ’</span> <span class='ocrx_word' id='word_1_53' title='bbox 1001 1004 1182 1058; x_wconf 84' lang='grc' dir='ltr'>αὐτῶν</span> <span class='ocrx_word' id='word_1_54' title='bbox 1226 1008 1579 1080; x_wconf 77' lang='grc' dir='ltr'>ζητούμενον,</span> <span class='ocrx_word' id='word_1_55' title='bbox 1619 994 1714 1067; x_wconf 80' lang='grc' dir='ltr'><strong>καὶ</strong></span> <span class='ocrx_word' id='word_1_56' title='bbox 1750 1014 1945 1085; x_wconf 86' lang='grc' dir='ltr'>διπλῆν</span> 
     </span>
    </p>
   </div>
   <div class='ocr_carea' id='block_1_11' title="bbox 363 1087 1943 1174">
    <p class='ocr_par' dir='ltr' id='par_1_11' title="bbox 363 1087 1943 1174">
     <span class='ocr_line' id='line_1_11' title="bbox 363 1087 1943 1174; baseline 0.011 -33"><span class='ocrx_word' id='word_1_57' title='bbox 363 1087 637 1158; x_wconf 76' lang='grc' dir='ltr'><strong>ἁμαρτίαν</strong></span> <span class='ocrx_word' id='word_1_58' title='bbox 688 1091 1067 1159; x_wconf 77' lang='grc' dir='ltr'>ἐκφεύξονται,</span> <span class='ocrx_word' id='word_1_59' title='bbox 1112 1097 1255 1167; x_wconf 86' lang='grc' dir='ltr'>μήτε</span> <span class='ocrx_word' id='word_1_60' title='bbox 1289 1098 1446 1152; x_wconf 75' lang='grc' dir='ltr'>αὐτοὶ</span> <span class='ocrx_word' id='word_1_61' title='bbox 1480 1100 1543 1153; x_wconf 82' lang='grc' dir='ltr'><strong>τὸ</strong></span> <span class='ocrx_word' id='word_1_62' title='bbox 1596 1102 1763 1156; x_wconf 78' lang='grc' dir='ltr'>καλὸν</span> <span class='ocrx_word' id='word_1_63' title='bbox 1806 1121 1943 1174; x_wconf 88' lang='grc' dir='ltr'>προ-</span> 
     </span>
    </p>
   </div>
   <div class='ocr_carea' id='block_1_12' title="bbox 364 1178 1801 1265">
    <p class='ocr_par' dir='ltr' id='par_1_12' title="bbox 364 1178 1801 1265">
     <span class='ocr_line' id='line_1_12' title="bbox 364 1178 1801 1265; baseline 0.013 -33"><span class='ocrx_word' id='word_1_64' title='bbox 364 1178 617 1246; x_wconf 89' lang='grc' dir='ltr'>διδόντες,</span> <span class='ocrx_word' id='word_1_65' title='bbox 646 1183 785 1254; x_wconf 84' lang='grc' dir='ltr'>μήτε</span> <span class='ocrx_word' id='word_1_66' title='bbox 808 1184 990 1249; x_wconf 77' lang='grc' dir='ltr'>ἄλλοις</span> <span class='ocrx_word' id='word_1_67' title='bbox 1018 1186 1181 1242; x_wconf 84' lang='grc' dir='ltr'>τοῦτο</span> <span class='ocrx_word' id='word_1_68' title='bbox 1203 1189 1340 1262; x_wconf 81' lang='grc' dir='ltr'>δρᾷν</span> <span class='ocrx_word' id='word_1_69' title='bbox 1370 1194 1801 1265; x_wconf 87' lang='grc' dir='ltr'>συγχωροῦντες.</span> 
     </span>
    </p>
   </div>
   <div class='ocr_carea' id='block_1_13' title="bbox 930 1324 1372 1383">
    <p class='ocr_par' dir='ltr' id='par_1_13' title="bbox 930 1324 1372 1383">
     <span class='ocr_line' id='line_1_13' title="bbox 930 1324 1372 1383; baseline 0.016 -7"><span class='ocrx_word' id='word_1_70' title='bbox 930 1324 1181 1380; x_wconf 77' lang='grc' dir='ltr'><strong>ΚΕΦΑΛ.</strong></span> <span class='ocrx_word' id='word_1_71' title='bbox 1238 1325 1372 1383; x_wconf 77' lang='grc' dir='ltr'><strong>ΜΓ.</strong></span> 
     </span>
    </p>
   </div>
   <div class='ocr_carea' id='block_1_14' title="bbox 445 1408 1943 1493">
    <p class='ocr_par' dir='ltr' id='par_1_14' title="bbox 445 1408 1943 1493">
     <span class='ocr_line' id='line_1_14' title="bbox 445 1408 1943 1493; baseline 0.011 -33"><span class='ocrx_word' id='word_1_72' title='bbox 445 1408 733 1480; x_wconf 76' lang='grc' dir='ltr'><strong>’ἰσάριθμα</strong></span> <span class='ocrx_word' id='word_1_73' title='bbox 758 1413 877 1476; x_wconf 87' lang='grc' dir='ltr'>τοῖς</span> <span class='ocrx_word' id='word_1_74' title='bbox 910 1413 1136 1486; x_wconf 75' lang='grc' dir='ltr'><strong>ἄστροις</strong></span> <span class='ocrx_word' id='word_1_75' title='bbox 1164 1417 1232 1471; x_wconf 75' lang='grc' dir='ltr'>ἂν</span> <span class='ocrx_word' id='word_1_76' title='bbox 1266 1419 1441 1491; x_wconf 80' lang='grc' dir='ltr'><strong>κτήσῃ</strong></span> <span class='ocrx_word' id='word_1_77' title='bbox 1472 1420 1543 1473; x_wconf 81' lang='grc' dir='ltr'>τὰ</span> <span class='ocrx_word' id='word_1_78' title='bbox 1573 1421 1943 1493; x_wconf 83' lang='grc' dir='ltr'>κατορθώμα-</span> 
     </span>
    </p>
   </div>
   <div class='ocr_carea' id='block_1_15' title="bbox 365 1502 1940 1584">
    <p class='ocr_par' dir='ltr' id='par_1_15' title="bbox 365 1502 1940 1584">
     <span class='ocr_line' id='line_1_15' title="bbox 365 1502 1940 1584; baseline 0.01 -31"><span class='ocrx_word' id='word_1_79' title='bbox 365 1517 455 1569; x_wconf 86' lang='grc' dir='ltr'>τα,</span> <span class='ocrx_word' id='word_1_80' title='bbox 482 1502 740 1557; x_wconf 84' lang='grc' dir='ltr'>οὐδέποτε</span> <span class='ocrx_word' id='word_1_81' title='bbox 767 1507 1010 1576; x_wconf 82' lang='grc' dir='ltr'><strong>νικήσεις</strong></span> <span class='ocrx_word' id='word_1_82' title='bbox 1038 1508 1137 1579; x_wconf 80' lang='grc' dir='ltr'>τὴν</span> <span class='ocrx_word' id='word_1_83' title='bbox 1166 1510 1259 1564; x_wconf 85' lang='grc' dir='ltr'><strong>τοῦ</strong></span> <span class='ocrx_word' id='word_1_84' title='bbox 1301 1511 1434 1565; x_wconf 89' lang='grc' dir='ltr'>Θεοῦ</span> <span class='ocrx_word' id='word_1_85' title='bbox 1458 1512 1772 1584; x_wconf 81' lang='grc' dir='ltr'>ἀγαθότητα</span> <span class='ocrx_word' id='word_1_86' title='bbox 1795 1532 1808 1548; x_wconf 77' lang='grc' dir='ltr'><strong>ο</strong></span> <span class='ocrx_word' id='word_1_87' title='bbox 1839 1516 1940 1569; x_wconf 83' lang='grc' dir='ltr'><strong>ὅσα</strong></span> 
     </span>
    </p>
   </div>
   <div class='ocr_carea' id='block_1_16' title="bbox 364 1594 1939 1673">
    <p class='ocr_par' dir='ltr' id='par_1_16' title="bbox 364 1594 1939 1673">
     <span class='ocr_line' id='line_1_16' title="bbox 364 1594 1939 1673; baseline 0.01 -28"><span class='ocrx_word' id='word_1_88' title='bbox 364 1595 473 1665; x_wconf 77' lang='grc' dir='ltr'>γὰρ</span> <span class='ocrx_word' id='word_1_89' title='bbox 504 1594 569 1647; x_wconf 82' lang='grc' dir='ltr'><strong>ἄν</strong></span> <span class='ocrx_word' id='word_1_90' title='bbox 588 1612 671 1659; x_wconf 87' lang='grc' dir='ltr'><strong>τις</strong></span> <span class='ocrx_word' id='word_1_91' title='bbox 696 1599 1037 1671; x_wconf 74' lang='grc' dir='ltr'><strong>προσενέγκῃ</strong></span> <span class='ocrx_word' id='word_1_92' title='bbox 1067 1601 1186 1673; x_wconf 81' lang='grc' dir='ltr'><strong>Θεῷ</strong></span> <span class='ocrx_word' id='word_1_93' title='bbox 1222 1606 1285 1656; x_wconf 82' lang='grc' dir='ltr'>ὲκ</span> <span class='ocrx_word' id='word_1_94' title='bbox 1316 1604 1426 1655; x_wconf 86' lang='grc' dir='ltr'>τῶν</span> <span class='ocrx_word' id='word_1_95' title='bbox 1453 1603 1641 1671; x_wconf 79' lang='grc' dir='ltr'>αὐτοῦ,</span> <span class='ocrx_word' id='word_1_96' title='bbox 1668 1606 1738 1659; x_wconf 75' lang='grc' dir='ltr'>τὰ</span> <span class='ocrx_word' id='word_1_97' title='bbox 1772 1606 1939 1660; x_wconf 81' lang='grc' dir='ltr'>αὑτοῦ</span> 
     </span>
    </p>
   </div>
   <div class='ocr_carea' id='block_1_17' title="bbox 364 1687 1941 1771">
    <p class='ocr_par' dir='ltr' id='par_1_17' title="bbox 364 1687 1941 1771">
     <span class='ocr_line' id='line_1_17' title="bbox 364 1687 1941 1771; baseline 0.01 -34"><span class='ocrx_word' id='word_1_98' title='bbox 364 1687 668 1757; x_wconf 73' lang='grc' dir='ltr'>προσφέρει</span> <span class='ocrx_word' id='word_1_99' title='bbox 698 1689 849 1760; x_wconf 78' lang='grc' dir='ltr'>αὐτῷ</span> <span class='ocrx_word' id='word_1_100' title='bbox 869 1705 883 1719; x_wconf 85' lang='grc'>⁶</span> <span class='ocrx_word' id='word_1_101' title='bbox 926 1692 1022 1744; x_wconf 74' lang='grc' dir='ltr'><strong>καὶ</strong></span> <span class='ocrx_word' id='word_1_102' title='bbox 1051 1692 1127 1757; x_wconf 86' lang='grc' dir='ltr'>ὼς</span> <span class='ocrx_word' id='word_1_103' title='bbox 1173 1694 1273 1749; x_wconf 83' lang='grc' dir='ltr'><strong>οὐκ</strong></span> <span class='ocrx_word' id='word_1_104' title='bbox 1321 1696 1470 1749; x_wconf 76' lang='grc' dir='ltr'>ἐστιν</span> <span class='ocrx_word' id='word_1_105' title='bbox 1501 1696 1807 1769; x_wconf 76' lang='grc' dir='ltr'>ὑπερϐῆναι</span> <span class='ocrx_word' id='word_1_106' title='bbox 1839 1700 1941 1771; x_wconf 83' lang='grc' dir='ltr'>τὴν</span> 
     </span>
    </p>
   </div>
   <div class='ocr_carea' id='block_1_18' title="bbox 364 1778 1939 1859">
    <p class='ocr_par' dir='ltr' id='par_1_18' title="bbox 364 1778 1939 1859">
     <span class='ocr_line' id='line_1_18' title="bbox 364 1778 1939 1859; baseline 0.01 -28"><span class='ocrx_word' id='word_1_107' title='bbox 364 1778 502 1831; x_wconf 75' lang='grc' dir='ltr'>[δίαν</span> <span class='ocrx_word' id='word_1_108' title='bbox 539 1781 596 1833; x_wconf 83' lang='grc' dir='ltr'>ὲν</span> <span class='ocrx_word' id='word_1_109' title='bbox 636 1780 714 1852; x_wconf 84' lang='grc' dir='ltr'>τῷ</span> <span class='ocrx_word' id='word_1_110' title='bbox 749 1781 884 1853; x_wconf 79' lang='grc' dir='ltr'>ἡλίῳ</span> <span class='ocrx_word' id='word_1_111' title='bbox 938 1785 1119 1849; x_wconf 80' lang='grc' dir='ltr'>σκιὰν,</span> <span class='ocrx_word' id='word_1_112' title='bbox 1158 1788 1655 1859; x_wconf 84' lang='grc' dir='ltr'>προλαμϐάνουσαν</span> <span class='ocrx_word' id='word_1_113' title='bbox 1704 1793 1791 1846; x_wconf 73' lang='grc' dir='ltr'><strong>ἀεὶ</strong></span> <span class='ocrx_word' id='word_1_114' title='bbox 1843 1793 1939 1848; x_wconf 75' lang='grc' dir='ltr'>καὶ</span> 
     </span>
    </p>
   </div>
   <div class='ocr_carea' id='block_1_19' title="bbox 2047 651 3629 725">
    <p class='ocr_par' dir='ltr' id='par_1_19' title="bbox 2047 651 3629 725">
     <span class='ocr_line' id='line_1_19' title="bbox 2047 651 3629 725; baseline 0.006 -20"><span class='ocrx_word' id='word_1_115' title='bbox 2047 651 2292 721; x_wconf 79' lang='lat' dir='ltr'><strong>etl‘ugere</strong></span> <span class='ocrx_word' id='word_1_116' title='bbox 2326 655 2470 709; x_wconf 86' lang='lat' dir='ltr'><strong>solet</strong></span> <span class='ocrx_word' id='word_1_117' title='bbox 2518 672 2627 709; x_wconf 90' lang='lat' dir='ltr'><strong>non</strong></span> <span class='ocrx_word' id='word_1_118' title='bbox 2658 652 2956 711; x_wconf 85' lang='lat' dir='ltr'><strong>admodum</strong></span> <span class='ocrx_word' id='word_1_119' title='bbox 2984 659 3359 713; x_wconf 81' lang='lat' dir='ltr'><strong>attendentes.</strong></span> <span class='ocrx_word' id='word_1_120' title='bbox 3399 658 3556 725; x_wconf 87' lang='lat' dir='ltr'><strong>Quod</strong></span> <span class='ocrx_word' id='word_1_121' title='bbox 3583 661 3629 715; x_wconf 89' lang='lat' dir='ltr'><strong>si</strong></span> 
     </span>
    </p>
   </div>
   <div class='ocr_carea' id='block_1_20' title="bbox 2046 744 3629 819">
    <p class='ocr_par' dir='ltr' id='par_1_20' title="bbox 2046 744 3629 819">
     <span class='ocr_line' id='line_1_20' title="bbox 2046 744 3629 819; baseline 0.006 -24"><span class='ocrx_word' id='word_1_122' title='bbox 2046 744 2417 812; x_wconf 60' lang='lat' dir='ltr'><strong>praetermissa</strong></span> <span class='ocrx_word' id='word_1_123' title='bbox 2464 746 2769 801; x_wconf 83' lang='lat' dir='ltr'><strong>dicentium</strong></span> <span class='ocrx_word' id='word_1_124' title='bbox 2829 748 3182 818; x_wconf 88' lang='lat' dir='ltr'><strong>eloquentia,</strong></span> <span class='ocrx_word' id='word_1_125' title='bbox 3243 749 3629 819; x_wconf 88' lang='lat' dir='ltr'><strong>dictorumque</strong></span> 
     </span>
    </p>
   </div>
   <div class='ocr_carea' id='block_1_21' title="bbox 2046 838 3627 910">
    <p class='ocr_par' dir='ltr' id='par_1_21' title="bbox 2046 838 3627 910">
     <span class='ocr_line' id='line_1_21' title="bbox 2046 838 3627 910; baseline 0.006 -21"><span class='ocrx_word' id='word_1_126' title='bbox 2046 839 2293 908; x_wconf 84' lang='lat' dir='ltr'><strong>neglecta</strong></span> <span class='ocrx_word' id='word_1_127' title='bbox 2328 838 2851 904; x_wconf 84' lang='lat' dir='ltr'><strong>verisimilitudine,</strong></span> <span class='ocrx_word' id='word_1_128' title='bbox 2883 840 2951 894; x_wconf 90' lang='lat' dir='ltr'><strong>ad</strong></span> <span class='ocrx_word' id='word_1_129' title='bbox 3000 840 3404 910; x_wconf 89' lang='lat' dir='ltr'><strong>penitissimam</strong></span> <span class='ocrx_word' id='word_1_130' title='bbox 3437 842 3627 897; x_wconf 89' lang='lat' dir='ltr'><strong>inten-</strong></span> 
     </span>
    </p>
   </div>
   <div class='ocr_carea' id='block_1_22' title="bbox 2046 929 3627 999">
    <p class='ocr_par' dir='ltr' id='par_1_22' title="bbox 2046 929 3627 999">
     <span class='ocr_line' id='line_1_22' title="bbox 2046 929 3627 999; baseline 0.002 -16"><span class='ocrx_word' id='word_1_131' title='bbox 2046 929 2258 983; x_wconf 90' lang='lat' dir='ltr'><strong>tionum</strong></span> <span class='ocrx_word' id='word_1_132' title='bbox 2297 929 2734 999; x_wconf 72' lang='lat' dir='ltr'><strong>profunditatem</strong></span> <span class='ocrx_word' id='word_1_133' title='bbox 2785 932 3233 999; x_wconf 76' lang='lat' dir='ltr'><strong>penetraverint,</strong></span> <span class='ocrx_word' id='word_1_134' title='bbox 3285 933 3366 986; x_wconf 91' lang='lat' dir='ltr'><strong>sic</strong></span> <span class='ocrx_word' id='word_1_135' title='bbox 3402 933 3627 987; x_wconf 88' lang='lat' dir='ltr'><strong>demum</strong></span> 
     </span>
    </p>
   </div>
   <div class='ocr_carea' id='block_1_23' title="bbox 2044 1022 3626 1094">
    <p class='ocr_par' dir='ltr' id='par_1_23' title="bbox 2044 1022 3626 1094">
     <span class='ocr_line' id='line_1_23' title="bbox 2044 1022 3626 1094; baseline 0.002 -19"><span class='ocrx_word' id='word_1_136' title='bbox 2044 1022 2304 1075; x_wconf 89' lang='lat' dir='ltr'><strong>baurient</strong></span> <span class='ocrx_word' id='word_1_137' title='bbox 2336 1022 2485 1091; x_wconf 90' lang='lat' dir='ltr'><strong>quod</strong></span> <span class='ocrx_word' id='word_1_138' title='bbox 2526 1022 2595 1075; x_wconf 88' lang='lat' dir='ltr'><strong>ab</strong></span> <span class='ocrx_word' id='word_1_139' title='bbox 2626 1023 2759 1092; x_wconf 85' lang='lat' dir='ltr'><strong>ipsis</strong></span> <span class='ocrx_word' id='word_1_140' title='bbox 2786 1023 3053 1093; x_wconf 65' lang='lat' dir='ltr'><strong>quaeritur</strong></span> <span class='ocrx_word' id='word_1_141' title='bbox 3082 1023 3397 1094; x_wconf 74' lang='lat' dir='ltr'><strong>geminique</strong></span> <span class='ocrx_word' id='word_1_142' title='bbox 3435 1024 3626 1080; x_wconf 89' lang='lat' dir='ltr'><strong>inson-</strong></span> 
     </span>
    </p>
   </div>
   <div class='ocr_carea' id='block_1_24' title="bbox 2046 1109 3624 1180">
    <p class='ocr_par' dir='ltr' id='par_1_24' title="bbox 2046 1109 3624 1180">
     <span class='ocr_line' id='line_1_24' title="bbox 2046 1109 3624 1180; baseline 0.001 -16"><span class='ocrx_word' id='word_1_143' title='bbox 2046 1119 2129 1164; x_wconf 88' lang='lat' dir='ltr'><strong>tes</strong></span> <span class='ocrx_word' id='word_1_144' title='bbox 2172 1118 2341 1163; x_wconf 91' lang='lat' dir='ltr'><strong>erunt</strong></span> <span class='ocrx_word' id='word_1_145' title='bbox 2378 1109 2589 1174; x_wconf 88' lang='lat' dir='ltr'><strong>delicti,</strong></span> <span class='ocrx_word' id='word_1_146' title='bbox 2618 1126 2798 1179; x_wconf 88' lang='lat' dir='ltr'><strong>neque</strong></span> <span class='ocrx_word' id='word_1_147' title='bbox 2835 1110 2938 1180; x_wconf 91' lang='lat' dir='ltr'><strong>ipsi</strong></span> <span class='ocrx_word' id='word_1_148' title='bbox 2972 1109 3270 1165; x_wconf 87' lang='lat' dir='ltr'><strong>honestum</strong></span> <span class='ocrx_word' id='word_1_149' title='bbox 3312 1111 3624 1179; x_wconf 89' lang='lat' dir='ltr'><strong>prodendo,</strong></span> 
     </span>
    </p>
   </div>
   <div class='ocr_carea' id='block_1_25' title="bbox 2042 1202 3519 1273">
    <p class='ocr_par' dir='ltr' id='par_1_25' title="bbox 2042 1202 3519 1273">
     <span class='ocr_line' id='line_1_25' title="bbox 2042 1202 3519 1273; baseline 0.001 -16"><span class='ocrx_word' id='word_1_150' title='bbox 2042 1218 2222 1273; x_wconf 90' lang='lat' dir='ltr'><strong>neque</strong></span> <span class='ocrx_word' id='word_1_151' title='bbox 2256 1203 2398 1266; x_wconf 88' lang='lat' dir='ltr'><strong>aliis,</strong></span> <span class='ocrx_word' id='word_1_152' title='bbox 2426 1202 2481 1257; x_wconf 91' lang='lat' dir='ltr'><strong>id</strong></span> <span class='ocrx_word' id='word_1_153' title='bbox 2516 1210 2623 1269; x_wconf 92' lang='lat' dir='ltr'><strong>est,</strong></span> <span class='ocrx_word' id='word_1_154' title='bbox 2655 1212 2716 1256; x_wconf 92' lang='lat' dir='ltr'><strong>ut</strong></span> <span class='ocrx_word' id='word_1_155' title='bbox 2745 1203 3116 1270; x_wconf 83' lang='lat' dir='ltr'><strong>committant,</strong></span> <span class='ocrx_word' id='word_1_156' title='bbox 3143 1202 3519 1259; x_wconf 90' lang='lat' dir='ltr'><strong>concedendo.</strong></span> 
     </span>
    </p>
   </div>
   <div class='ocr_carea' id='block_1_26' title="bbox 2640 1335 3031 1393">
    <p class='ocr_par' dir='ltr' id='par_1_26' title="bbox 2640 1335 3031 1393">
     <span class='ocr_line' id='line_1_26' title="bbox 2640 1335 3031 1393; baseline -0.005 0"><span class='ocrx_word' id='word_1_157' title='bbox 2640 1336 2793 1393; x_wconf 83' lang='lat' dir='ltr'><strong>CAP.</strong></span> <span class='ocrx_word' id='word_1_158' title='bbox 2840 1335 3031 1392; x_wconf 78' lang='lat' dir='ltr'><strong>XLIII.</strong></span> 
     </span>
    </p>
   </div>
   <div class='ocr_carea' id='block_1_27' title="bbox 2110 1427 3625 1499">
    <p class='ocr_par' dir='ltr' id='par_1_27' title="bbox 2110 1427 3625 1499">
     <span class='ocr_line' id='line_1_27' title="bbox 2110 1427 3625 1499; baseline 0.001 -16"><span class='ocrx_word' id='word_1_159' title='bbox 2110 1427 2362 1499; x_wconf 63' lang='lat' dir='ltr'><strong>Equalia</strong></span> <span class='ocrx_word' id='word_1_160' title='bbox 2425 1444 2659 1485; x_wconf 90' lang='lat' dir='ltr'><strong>numero</strong></span> <span class='ocrx_word' id='word_1_161' title='bbox 2716 1429 3000 1485; x_wconf 88' lang='lat' dir='ltr'><strong>sideribus</strong></span> <span class='ocrx_word' id='word_1_162' title='bbox 3047 1428 3153 1484; x_wconf 83' lang='lat' dir='ltr'><strong>etsi</strong></span> <span class='ocrx_word' id='word_1_163' title='bbox 3190 1428 3435 1484; x_wconf 86' lang='lat' dir='ltr'><strong>edideris</strong></span> <span class='ocrx_word' id='word_1_164' title='bbox 3477 1427 3625 1484; x_wconf 82' lang='lat' dir='ltr'><strong>bona</strong></span> 
     </span>
    </p>
   </div>
   <div class='ocr_carea' id='block_1_28' title="bbox 2042 1521 3722 1593">
    <p class='ocr_par' dir='ltr' id='par_1_28' title="bbox 2042 1521 3722 1593">
     <span class='ocr_line' id='line_1_28' title="bbox 2042 1521 3722 1593; baseline -0.001 -17"><span class='ocrx_word' id='word_1_165' title='bbox 2042 1538 2230 1593; x_wconf 89' lang='lat' dir='ltr'><strong>opera,</strong></span> <span class='ocrx_word' id='word_1_166' title='bbox 2264 1538 2375 1577; x_wconf 91' lang='lat' dir='ltr'><strong>non</strong></span> <span class='ocrx_word' id='word_1_167' title='bbox 2412 1531 2597 1577; x_wconf 90' lang='lat' dir='ltr'><strong>tamen</strong></span> <span class='ocrx_word' id='word_1_168' title='bbox 2630 1523 2701 1578; x_wconf 93' lang='lat' dir='ltr'><strong>ob</strong></span> <span class='ocrx_word' id='word_1_169' title='bbox 2729 1522 2784 1577; x_wconf 89' lang='lat' dir='ltr'><strong>id</strong></span> <span class='ocrx_word' id='word_1_170' title='bbox 2815 1521 3110 1593; x_wconf 88' lang='lat' dir='ltr'><strong>superahis</strong></span> <span class='ocrx_word' id='word_1_171' title='bbox 3142 1522 3237 1577; x_wconf 90' lang='lat' dir='ltr'><strong>Dei</strong></span> <span class='ocrx_word' id='word_1_172' title='bbox 3273 1521 3622 1587; x_wconf 88' lang='lat' dir='ltr'><strong>bonitatem;</strong></span> <span class='ocrx_word' id='word_1_173' title='bbox 3713 1533 3722 1543; x_wconf 81' lang='lat'><strong><em>‘</em></strong></span> 
     </span>
    </p>
   </div>
   <div class='ocr_carea' id='block_1_29' title="bbox 2041 1612 3622 1685">
    <p class='ocr_par' dir='ltr' id='par_1_29' title="bbox 2041 1612 3622 1685">
     <span class='ocr_line' id='line_1_29' title="bbox 2041 1612 3622 1685; baseline -0.001 -16"><span class='ocrx_word' id='word_1_174' title='bbox 2041 1629 2404 1685; x_wconf 75' lang='lat' dir='ltr'><strong>quaecumque</strong></span> <span class='ocrx_word' id='word_1_175' title='bbox 2428 1615 2577 1669; x_wconf 89' lang='lat' dir='ltr'><strong>enim</strong></span> <span class='ocrx_word' id='word_1_176' title='bbox 2608 1614 2880 1684; x_wconf 85' lang='lat' dir='ltr'><strong>quispiam</strong></span> <span class='ocrx_word' id='word_1_177' title='bbox 2914 1613 3180 1669; x_wconf 88' lang='lat' dir='ltr'><strong>obtulerit</strong></span> <span class='ocrx_word' id='word_1_178' title='bbox 3220 1613 3355 1677; x_wconf 90' lang='lat' dir='ltr'><strong>Deo,</strong></span> <span class='ocrx_word' id='word_1_179' title='bbox 3386 1628 3485 1668; x_wconf 89' lang='lat' dir='ltr'><strong>sua</strong></span> <span class='ocrx_word' id='word_1_180' title='bbox 3516 1612 3622 1683; x_wconf 85' lang='lat' dir='ltr'><strong>ipsi</strong></span> 
     </span>
    </p>
   </div>
   <div class='ocr_carea' id='block_1_30' title="bbox 2039 1702 3621 1761">
    <p class='ocr_par' dir='ltr' id='par_1_30' title="bbox 2039 1702 3621 1761">
     <span class='ocr_line' id='line_1_30' title="bbox 2039 1702 3621 1761; baseline -0.003 -1"><span class='ocrx_word' id='word_1_181' title='bbox 2039 1706 2275 1761; x_wconf 73' lang='lat' dir='ltr'><strong>offeret:</strong></span> <span class='ocrx_word' id='word_1_182' title='bbox 2305 1713 2363 1761; x_wconf 90' lang='lat' dir='ltr'><strong>et</strong></span> <span class='ocrx_word' id='word_1_183' title='bbox 2394 1706 2556 1761; x_wconf 89' lang='lat' dir='ltr'><strong>sicuti</strong></span> <span class='ocrx_word' id='word_1_184' title='bbox 2590 1704 2868 1759; x_wconf 89' lang='lat' dir='ltr'><strong>transilire</strong></span> <span class='ocrx_word' id='word_1_185' title='bbox 2894 1703 2980 1759; x_wconf 88' lang='lat' dir='ltr'><strong>vel</strong></span> <span class='ocrx_word' id='word_1_186' title='bbox 3012 1704 3228 1759; x_wconf 83' lang='lat' dir='ltr'><strong>anteire</strong></span> <span class='ocrx_word' id='word_1_187' title='bbox 3259 1703 3398 1758; x_wconf 91' lang='lat' dir='ltr'><strong>nulli</strong></span> <span class='ocrx_word' id='word_1_188' title='bbox 3454 1702 3621 1757; x_wconf 87' lang='lat' dir='ltr'><strong>datur</strong></span> 
     </span>
    </p>
   </div>
   <div class='ocr_carea' id='block_1_31' title="bbox 2039 1794 3621 1866">
    <p class='ocr_par' dir='ltr' id='par_1_31' title="bbox 2039 1794 3621 1866">
     <span class='ocr_line' id='line_1_31' title="bbox 2039 1794 3621 1866; baseline -0.004 -13"><span class='ocrx_word' id='word_1_189' title='bbox 2039 1814 2197 1854; x_wconf 87' lang='lat' dir='ltr'><strong>suam</strong></span> <span class='ocrx_word' id='word_1_190' title='bbox 2243 1798 2300 1853; x_wconf 91' lang='lat' dir='ltr'><strong>in</strong></span> <span class='ocrx_word' id='word_1_191' title='bbox 2339 1798 2456 1853; x_wconf 90' lang='lat' dir='ltr'><strong>sole</strong></span> <span class='ocrx_word' id='word_1_192' title='bbox 2490 1796 2765 1860; x_wconf 89' lang='lat' dir='ltr'><strong>umbram,</strong></span> <span class='ocrx_word' id='word_1_193' title='bbox 2794 1796 3227 1866; x_wconf 68' lang='lat' dir='ltr'><strong>prmvenientem</strong></span> <span class='ocrx_word' id='word_1_194' title='bbox 3264 1810 3504 1864; x_wconf 86' lang='lat' dir='ltr'><strong>semper,</strong></span> <span class='ocrx_word' id='word_1_195' title='bbox 3533 1794 3621 1848; x_wconf 87' lang='lat' dir='ltr'><strong>vel</strong></span> 
     </span>
    </p>
   </div>
   <div class='ocr_carea' id='block_1_32' title="bbox 356 1870 1934 1963">
    <p class='ocr_par' dir='ltr' id='par_1_32' title="bbox 356 1870 1934 1957">
     <span class='ocr_line' id='line_1_32' title="bbox 356 1870 1934 1957; baseline 0.011 -34"><span class='ocrx_word' id='word_1_196' title='bbox 356 1872 448 1925; x_wconf 71' lang='grc' dir='ltr'>τὸν</span> <span class='ocrx_word' id='word_1_197' title='bbox 483 1870 603 1926; x_wconf 85' lang='grc' dir='ltr'>λίαν</span> <span class='ocrx_word' id='word_1_198' title='bbox 648 1876 1037 1946; x_wconf 77' lang='grc' dir='ltr'>ἐπειγόμενον·</span> <span class='ocrx_word' id='word_1_199' title='bbox 1079 1879 1251 1943; x_wconf 78' lang='grc' dir='ltr'>οὕτως</span> <span class='ocrx_word' id='word_1_200' title='bbox 1289 1884 1410 1936; x_wconf 76' lang='grc' dir='ltr'>οὐδὲ</span> <span class='ocrx_word' id='word_1_201' title='bbox 1444 1885 1543 1953; x_wconf 82' lang='grc' dir='ltr'><strong>τὴν</strong></span> <span class='ocrx_word' id='word_1_202' title='bbox 1585 1886 1934 1957; x_wconf 81' lang='grc' dir='ltr'>ἀνυπέρϐλη-</span> 
     </span>
    </p>
   </div>
   <div class='ocr_carea' id='block_1_33' title="bbox 2033 1870 3620 1963">
    <p class='ocr_par' dir='ltr' id='par_1_33' title="bbox 2036 1885 3620 1960">
     <span class='ocr_line' id='line_1_33' title="bbox 2036 1885 3620 1960; baseline -0.004 -14"><span class='ocrx_word' id='word_1_203' title='bbox 2036 1890 2203 1946; x_wconf 91' lang='lat' dir='ltr'><strong>nimis</strong></span> <span class='ocrx_word' id='word_1_204' title='bbox 2236 1898 2646 1960; x_wconf 88' lang='lat' dir='ltr'><strong>properantem,</strong></span> <span class='ocrx_word' id='word_1_205' title='bbox 2702 1888 2778 1943; x_wconf 88' lang='lat' dir='ltr'><strong>ita</strong></span> <span class='ocrx_word' id='word_1_206' title='bbox 2814 1887 3245 1958; x_wconf 89' lang='lat' dir='ltr'><strong>insuperabilem</strong></span> <span class='ocrx_word' id='word_1_207' title='bbox 3270 1886 3369 1942; x_wconf 90' lang='lat' dir='ltr'><strong>Dei</strong></span> <span class='ocrx_word' id='word_1_208' title='bbox 3402 1885 3620 1941; x_wconf 82' lang='lat' dir='ltr'><strong>bonita-</strong></span> 
     </span>
    </p>
   </div>
   <div class='ocr_carea' id='block_1_34' title="bbox 356 1966 1937 2051">
    <p class='ocr_par' dir='ltr' id='par_1_34' title="bbox 356 1966 1937 2051">
     <span class='ocr_line' id='line_1_34' title="bbox 356 1966 1937 2051; baseline 0.012 -35"><span class='ocrx_word' id='word_1_209' title='bbox 356 1981 448 2017; x_wconf 86' lang='grc' dir='ltr'><strong>τον</strong></span> <span class='ocrx_word' id='word_1_210' title='bbox 478 1966 571 2019; x_wconf 87' lang='grc' dir='ltr'><strong>τοῦ</strong></span> <span class='ocrx_word' id='word_1_211' title='bbox 602 1968 739 2021; x_wconf 80' lang='grc' dir='ltr'>Θεοῦ</span> <span class='ocrx_word' id='word_1_212' title='bbox 762 1972 1112 2043; x_wconf 71' lang='grc' dir='ltr'><strong>χρηστότητα</strong></span> <span class='ocrx_word' id='word_1_213' title='bbox 1141 1976 1262 2039; x_wconf 89' lang='grc' dir='ltr'>ταῖς</span> <span class='ocrx_word' id='word_1_214' title='bbox 1290 1976 1564 2043; x_wconf 77' lang='grc' dir='ltr'>εὐποιίαις</span> <span class='ocrx_word' id='word_1_215' title='bbox 1597 1980 1937 2051; x_wconf 75' lang='grc' dir='ltr'>δπερϐήσον-</span> 
     </span>
    </p>
   </div>
   <div class='ocr_carea' id='block_1_35' title="bbox 355 2056 786 2129">
    <p class='ocr_par' dir='ltr' id='par_1_35' title="bbox 355 2056 786 2129">
     <span class='ocr_line' id='line_1_35' title="bbox 355 2056 786 2129; baseline 0.009 -20"><span class='ocrx_word' id='word_1_216' title='bbox 355 2072 449 2109; x_wconf 84' lang='grc' dir='ltr'>ται</span> <span class='ocrx_word' id='word_1_217' title='bbox 484 2056 582 2111; x_wconf 78' lang='grc' dir='ltr'><strong>ἄνθ</strong></span> <span class='ocrx_word' id='word_1_218' title='bbox 590 2074 786 2129; x_wconf 89' lang='grc' dir='ltr'>ρωποι.</span> 
     </span>
    </p>
   </div>
   <div class='ocr_carea' id='block_1_36' title="bbox 917 2176 1362 2235">
    <p class='ocr_par' dir='ltr' id='par_1_36' title="bbox 917 2176 1362 2235">
     <span class='ocr_line' id='line_1_36' title="bbox 917 2176 1362 2235; baseline 0.011 -6"><span class='ocrx_word' id='word_1_219' title='bbox 917 2176 961 2229; x_wconf 79' lang='grc' dir='ltr'>Κ</span> <span class='ocrx_word' id='word_1_220' title='bbox 975 2176 1171 2232; x_wconf 81' lang='grc' dir='ltr'><strong>ΕΦΑΛ.</strong></span> <span class='ocrx_word' id='word_1_221' title='bbox 1230 2179 1362 2235; x_wconf 71' lang='lat' dir='ltr'><strong>MA&#39;.</strong></span> 
     </span>
    </p>
   </div>
   <div class='ocr_carea' id='block_1_37' title="bbox 441 2263 1935 2347">
    <p class='ocr_par' dir='ltr' id='par_1_37' title="bbox 441 2263 1935 2347">
     <span class='ocr_line' id='line_1_37' title="bbox 441 2263 1935 2347; baseline 0.008 -30"><span class='ocrx_word' id='word_1_222' title='bbox 441 2263 809 2336; x_wconf 75' lang='grc' dir='ltr'>Ἀδαπάνητός</span> <span class='ocrx_word' id='word_1_223' title='bbox 841 2269 959 2322; x_wconf 75' lang='grc' dir='ltr'>ἐστι</span> <span class='ocrx_word' id='word_1_224' title='bbox 986 2270 1085 2340; x_wconf 84' lang='grc' dir='ltr'>τῆς</span> <span class='ocrx_word' id='word_1_225' title='bbox 1120 2271 1373 2336; x_wconf 74' lang='grc' dir='ltr'><strong>εὐποιίας</strong></span> <span class='ocrx_word' id='word_1_226' title='bbox 1401 2274 1429 2326; x_wconf 85' lang='grc' dir='ltr'>ὁ</span> <span class='ocrx_word' id='word_1_227' title='bbox 1460 2271 1690 2337; x_wconf 88' lang='grc' dir='ltr'>πλοῦτος</span> <span class='ocrx_word' id='word_1_228' title='bbox 1711 2290 1725 2305; x_wconf 86' lang='grc'><strong>·</strong></span> <span class='ocrx_word' id='word_1_229' title='bbox 1764 2276 1823 2327; x_wconf 81' lang='grc' dir='ltr'><strong>ὲν</strong></span> <span class='ocrx_word' id='word_1_230' title='bbox 1854 2278 1935 2347; x_wconf 83' lang='grc' dir='ltr'><strong>τῷ</strong></span> 
     </span>
    </p>
   </div>
   <div class='ocr_carea' id='block_1_38' title="bbox 352 2356 1934 2437">
    <p class='ocr_par' dir='ltr' id='par_1_38' title="bbox 352 2356 1934 2437">
     <span class='ocr_line' id='line_1_38' title="bbox 352 2356 1934 2437; baseline 0.008 -27"><span class='ocrx_word' id='word_1_231' title='bbox 352 2356 554 2412; x_wconf 75' lang='grc' dir='ltr'>διδόναι</span> <span class='ocrx_word' id='word_1_232' title='bbox 588 2361 697 2428; x_wconf 67' lang='grc' dir='ltr'><strong>γὰρ</strong></span> <span class='ocrx_word' id='word_1_233' title='bbox 719 2360 1083 2431; x_wconf 78' lang='grc' dir='ltr'>λαμϐάνεται,</span> <span class='ocrx_word' id='word_1_234' title='bbox 1116 2366 1212 2418; x_wconf 77' lang='grc' dir='ltr'><strong>καὶ</strong></span> <span class='ocrx_word' id='word_1_235' title='bbox 1238 2366 1299 2418; x_wconf 81' lang='grc' dir='ltr'><strong>ἐν</strong></span> <span class='ocrx_word' id='word_1_236' title='bbox 1329 2364 1408 2436; x_wconf 83' lang='grc' dir='ltr'>τῷ</span> <span class='ocrx_word' id='word_1_237' title='bbox 1439 2365 1758 2437; x_wconf 77' lang='grc' dir='ltr'>σκορπίζειν</span> <span class='ocrx_word' id='word_1_238' title='bbox 1807 2385 1934 2421; x_wconf 84' lang='grc' dir='ltr'>συν-</span> 
     </span>
    </p>
   </div>
   <div class='ocr_carea' id='block_1_39' title="bbox 353 2449 1932 2534">
    <p class='ocr_par' dir='ltr' id='par_1_39' title="bbox 353 2449 1932 2534">
     <span class='ocr_line' id='line_1_39' title="bbox 353 2449 1932 2534; baseline 0.008 -30"><span class='ocrx_word' id='word_1_239' title='bbox 353 2449 566 2518; x_wconf 83' lang='grc' dir='ltr'>άγεται.</span> <span class='ocrx_word' id='word_1_240' title='bbox 616 2453 817 2508; x_wconf 91' lang='grc' dir='ltr'>Τοῦτον</span> <span class='ocrx_word' id='word_1_241' title='bbox 867 2454 1006 2525; x_wconf 76' lang='grc' dir='ltr'>ἔχων</span> <span class='ocrx_word' id='word_1_242' title='bbox 1042 2458 1101 2511; x_wconf 83' lang='grc' dir='ltr'><strong>ὲν</strong></span> <span class='ocrx_word' id='word_1_243' title='bbox 1126 2462 1192 2531; x_wconf 76' lang='grc' dir='ltr'><strong>τῇ</strong></span> <span class='ocrx_word' id='word_1_244' title='bbox 1226 2460 1375 2532; x_wconf 74' lang='grc' dir='ltr'>ψυχῇ</span> <span class='ocrx_word' id='word_1_245' title='bbox 1413 2476 1531 2524; x_wconf 86' lang='grc' dir='ltr'>σου,</span> <span class='ocrx_word' id='word_1_246' title='bbox 1566 2462 1932 2534; x_wconf 82' lang='grc' dir='ltr'>πλουσιόδωρε</span> 
     </span>
    </p>
   </div>
   <div class='ocr_carea' id='block_1_40' title="bbox 353 2544 1929 2625">
    <p class='ocr_par' dir='ltr' id='par_1_40' title="bbox 353 2544 1929 2625">
     <span class='ocr_line' id='line_1_40' title="bbox 353 2544 1929 2625; baseline 0.007 -29"><span class='ocrx_word' id='word_1_247' title='bbox 353 2544 605 2614; x_wconf 85' lang='grc' dir='ltr'>βασιλεῦ,</span> <span class='ocrx_word' id='word_1_248' title='bbox 638 2546 780 2600; x_wconf 86' lang='grc' dir='ltr'>δίδου</span> <span class='ocrx_word' id='word_1_249' title='bbox 800 2550 949 2602; x_wconf 73' lang='grc' dir='ltr'><strong>⁶πᾶσι</strong></span> <span class='ocrx_word' id='word_1_250' title='bbox 977 2549 1217 2619; x_wconf 69' lang='grc' dir='ltr'>δαψιλῶς</span> <span class='ocrx_word' id='word_1_251' title='bbox 1237 2554 1363 2619; x_wconf 80' lang='grc' dir='ltr'><strong>⁴τοῖς</strong></span> <span class='ocrx_word' id='word_1_252' title='bbox 1392 2551 1603 2607; x_wconf 75' lang='grc' dir='ltr'>αἰτοῦσι</span> <span class='ocrx_word' id='word_1_253' title='bbox 1636 2554 1785 2625; x_wconf 78' lang='grc' dir='ltr'>παρὰ</span> <span class='ocrx_word' id='word_1_254' title='bbox 1812 2553 1929 2607; x_wconf 88' lang='grc' dir='ltr'>σοῦ·</span> 
     </span>
    </p>
   </div>
   <div class='ocr_carea' id='block_1_41' title="bbox 350 2636 1929 2717">
    <p class='ocr_par' dir='ltr' id='par_1_41' title="bbox 350 2636 1929 2717">
     <span class='ocr_line' id='line_1_41' title="bbox 350 2636 1929 2717; baseline 0.008 -29"><span class='ocrx_word' id='word_1_255' title='bbox 350 2636 788 2708; x_wconf 85' lang='grc' dir='ltr'>ἀπειροπλασίας</span> <span class='ocrx_word' id='word_1_256' title='bbox 818 2640 925 2714; x_wconf 82' lang='grc' dir='ltr'>γὰρ</span> <span class='ocrx_word' id='word_1_257' title='bbox 952 2640 1097 2706; x_wconf 76' lang='grc' dir='ltr'>ἔξεις</span> <span class='ocrx_word' id='word_1_258' title='bbox 1121 2642 1219 2705; x_wconf 73' lang='grc' dir='ltr'><strong>τὰς</strong></span> <span class='ocrx_word' id='word_1_259' title='bbox 1244 2644 1384 2717; x_wconf 79' lang='grc' dir='ltr'><strong>ὑπὲρ</strong></span> <span class='ocrx_word' id='word_1_260' title='bbox 1425 2646 1633 2699; x_wconf 85' lang='grc' dir='ltr'>τούτων</span> <span class='ocrx_word' id='word_1_261' title='bbox 1669 2646 1929 2716; x_wconf 74' lang='grc' dir='ltr'>ἀμοιϐὰς,</span> 
     </span>
    </p>
   </div>
   <div class='ocr_carea' id='block_1_42' title="bbox 349 2730 1748 2808">
    <p class='ocr_par' dir='ltr' id='par_1_42' title="bbox 349 2730 1748 2808">
     <span class='ocr_line' id='line_1_42' title="bbox 349 2730 1748 2808; baseline 0.007 -26"><span class='ocrx_word' id='word_1_262' title='bbox 349 2730 479 2783; x_wconf 84' lang='grc' dir='ltr'>ὅταν</span> <span class='ocrx_word' id='word_1_263' title='bbox 504 2730 631 2803; x_wconf 80' lang='grc' dir='ltr'><strong>ἔλθῃ</strong></span> <span class='ocrx_word' id='word_1_264' title='bbox 657 2734 684 2786; x_wconf 88' lang='grc' dir='ltr'><strong>ό</strong></span> <span class='ocrx_word' id='word_1_265' title='bbox 704 2736 896 2805; x_wconf 68' lang='grc' dir='ltr'>καιρὸς</span> <span class='ocrx_word' id='word_1_266' title='bbox 924 2736 1023 2805; x_wconf 78' lang='grc' dir='ltr'>τῆς</span> <span class='ocrx_word' id='word_1_267' title='bbox 1052 2736 1161 2790; x_wconf 83' lang='grc' dir='ltr'>τῶν</span> <span class='ocrx_word' id='word_1_268' title='bbox 1194 2736 1373 2808; x_wconf 73' lang='grc' dir='ltr'>ἔργων</span> <span class='ocrx_word' id='word_1_269' title='bbox 1401 2736 1748 2802; x_wconf 75' lang='grc' dir='ltr'>ἀντιδόσεως.</span> 
     </span>
    </p>
   </div>
   <div class='ocr_carea' id='block_1_43' title="bbox 916 2851 1367 2906">
    <p class='ocr_par' dir='ltr' id='par_1_43' title="bbox 916 2851 1367 2906">
     <span class='ocr_line' id='line_1_43' title="bbox 916 2851 1367 2906; baseline 0.004 -3"><span class='ocrx_word' id='word_1_270' title='bbox 916 2852 1170 2905; x_wconf 80' lang='grc' dir='ltr'><strong>ΚΕΦΑΛ.</strong></span> <span class='ocrx_word' id='word_1_271' title='bbox 1234 2851 1367 2906; x_wconf 84' lang='lat' dir='ltr'><strong>ME&#39;.</strong></span> 
     </span>
    </p>
   </div>
   <div class='ocr_carea' id='block_1_44' title="bbox 419 2934 1933 3014">
    <p class='ocr_par' dir='ltr' id='par_1_44' title="bbox 419 2934 1933 3014">
     <span class='ocr_line' id='line_1_44' title="bbox 419 2934 1933 3014; baseline 0.005 -26"><span class='ocrx_word' id='word_1_272' title='bbox 419 2934 668 3006; x_wconf 81' lang='grc' dir='ltr'>Νεύματι</span> <span class='ocrx_word' id='word_1_273' title='bbox 698 2937 834 2991; x_wconf 82' lang='grc' dir='ltr'>Θεοῦ</span> <span class='ocrx_word' id='word_1_274' title='bbox 866 2940 966 3009; x_wconf 80' lang='grc' dir='ltr'><strong>τὴν</strong></span> <span class='ocrx_word' id='word_1_275' title='bbox 999 2941 1279 3012; x_wconf 81' lang='grc' dir='ltr'>βασιλείαν</span> <span class='ocrx_word' id='word_1_276' title='bbox 1307 2940 1510 3006; x_wconf 87' lang='grc' dir='ltr'><strong>λαϐὼν,</strong></span> <span class='ocrx_word' id='word_1_277' title='bbox 1550 2941 1790 3014; x_wconf 90' lang='grc' dir='ltr'>μίμησαι</span> <span class='ocrx_word' id='word_1_278' title='bbox 1831 2958 1933 2996; x_wconf 86' lang='grc' dir='ltr'>αυ-</span> 
     </span>
    </p>
   </div>
   <div class='ocr_carea' id='block_1_45' title="bbox 348 3026 1932 3103">
    <p class='ocr_par' dir='ltr' id='par_1_45' title="bbox 348 3026 1932 3103">
     <span class='ocr_line' id='line_1_45' title="bbox 348 3026 1932 3103; baseline 0.003 -23"><span class='ocrx_word' id='word_1_279' title='bbox 348 3026 437 3081; x_wconf 76' lang='grc' dir='ltr'><strong>τὸν</strong></span> <span class='ocrx_word' id='word_1_280' title='bbox 462 3027 528 3081; x_wconf 86' lang='grc' dir='ltr'>δι’</span> <span class='ocrx_word' id='word_1_281' title='bbox 552 3028 730 3100; x_wconf 76' lang='grc' dir='ltr'>ἔργων</span> <span class='ocrx_word' id='word_1_282' title='bbox 775 3029 1029 3098; x_wconf 74' lang='grc' dir='ltr'><strong>ἀγαοῶνο</strong></span> <span class='ocrx_word' id='word_1_283' title='bbox 1067 3033 1151 3086; x_wconf 83' lang='grc' dir='ltr'><strong>ὅτι</strong></span> <span class='ocrx_word' id='word_1_284' title='bbox 1189 3033 1298 3086; x_wconf 84' lang='grc' dir='ltr'><strong>τῶν</strong></span> <span class='ocrx_word' id='word_1_285' title='bbox 1332 3028 1390 3087; x_wconf 79' lang='grc' dir='ltr'>εὖ</span> <span class='ocrx_word' id='word_1_286' title='bbox 1417 3035 1593 3087; x_wconf 83' lang='grc' dir='ltr'>ποιεῖν</span> <span class='ocrx_word' id='word_1_287' title='bbox 1616 3033 1932 3103; x_wconf 85' lang='grc' dir='ltr'>δυναμένων</span> 
     </span>
    </p>
   </div>
   <div class='ocr_carea' id='block_1_46' title="bbox 349 3121 1931 3203">
    <p class='ocr_par' dir='ltr' id='par_1_46' title="bbox 349 3121 1931 3203">
     <span class='ocr_line' id='line_1_46' title="bbox 349 3121 1931 3203; baseline 0.004 -28"><span class='ocrx_word' id='word_1_288' title='bbox 349 3121 563 3184; x_wconf 72' lang='grc' dir='ltr'>ἐγένου.</span> <span class='ocrx_word' id='word_1_289' title='bbox 600 3123 717 3176; x_wconf 79' lang='grc' dir='ltr'><strong>ἀλλ’</strong></span> <span class='ocrx_word' id='word_1_290' title='bbox 774 3124 833 3177; x_wconf 84' lang='grc' dir='ltr'><strong>οὺ</strong></span> <span class='ocrx_word' id='word_1_291' title='bbox 879 3124 987 3179; x_wconf 84' lang='grc' dir='ltr'>τῶν</span> <span class='ocrx_word' id='word_1_292' title='bbox 1020 3124 1082 3179; x_wconf 70' lang='lat' dir='ltr'><strong>ab</strong></span> <span class='ocrx_word' id='word_1_293' title='bbox 1119 3125 1312 3179; x_wconf 80' lang='grc' dir='ltr'>παθεῖν</span> <span class='ocrx_word' id='word_1_294' title='bbox 1365 3126 1662 3197; x_wconf 85' lang='grc' dir='ltr'>δεομένων.</span> <span class='ocrx_word' id='word_1_295' title='bbox 1705 3126 1780 3181; x_wconf 81' lang='grc' dir='ltr'>Τὸ</span> <span class='ocrx_word' id='word_1_296' title='bbox 1820 3127 1931 3203; x_wconf 83' lang='grc' dir='ltr'><strong>γὰρ</strong></span> 
     </span>
    </p>
   </div>
   <div class='ocr_carea' id='block_1_47' title="bbox 346 3214 2000 3314">
    <p class='ocr_par' dir='ltr' id='par_1_47' title="bbox 346 3214 2000 3314">
     <span class='ocr_line' id='line_1_47' title="bbox 346 3214 2000 3314; baseline 0.006 -45"><span class='ocrx_word' id='word_1_297' title='bbox 346 3214 1171 3314; x_wconf 36' lang='grc' dir='ltr'>ἕτοιμον-τῆςτῶν-χρημάτων</span> <span class='ocrx_word' id='word_1_298' title='bbox 1217 3222 1502 3292; x_wconf 77' lang='grc' dir='ltr'>δαψιλείας</span> <span class='ocrx_word' id='word_1_299' title='bbox 1537 3223 1930 3294; x_wconf 85' lang='grc' dir='ltr'>ἀνεμπόδιστόν</span> <span class='ocrx_word' id='word_1_300' title='bbox 1959 3257 2000 3314; x_wconf 78' lang='lat' dir='ltr'>c</span> 
     </span>
    </p>
   </div>
   <div class='ocr_carea' id='block_1_48' title="bbox 347 3309 1471 3385">
    <p class='ocr_par' dir='ltr' id='par_1_48' title="bbox 347 3309 1471 3385">
     <span class='ocr_line' id='line_1_48' title="bbox 347 3309 1471 3385; baseline 0.009 -24"><span class='ocrx_word' id='word_1_301' title='bbox 347 3309 464 3362; x_wconf 76' lang='grc' dir='ltr'>ἐστι</span> <span class='ocrx_word' id='word_1_302' title='bbox 493 3310 632 3380; x_wconf 85' lang='grc' dir='ltr'>πρὸς</span> <span class='ocrx_word' id='word_1_303' title='bbox 660 3312 759 3375; x_wconf 78' lang='grc' dir='ltr'><strong>τὰς</strong></span> <span class='ocrx_word' id='word_1_304' title='bbox 788 3312 897 3365; x_wconf 80' lang='grc' dir='ltr'>τῶν</span> <span class='ocrx_word' id='word_1_305' title='bbox 922 3314 1174 3385; x_wconf 88' lang='grc' dir='ltr'>πενήτων</span> <span class='ocrx_word' id='word_1_306' title='bbox 1202 3315 1471 3379; x_wconf 81' lang='grc' dir='ltr'>εὐποιίας.</span> 
     </span>
    </p>
   </div>
   <div class='ocr_carea' id='block_1_49' title="bbox 912 3511 1365 3582">
    <p class='ocr_par' dir='ltr' id='par_1_49' title="bbox 912 3511 1365 3582">
     <span class='ocr_line' id='line_1_49' title="bbox 912 3511 1365 3582; baseline 0.009 -18"><span class='ocrx_word' id='word_1_307' title='bbox 912 3511 1161 3567; x_wconf 74' lang='grc' dir='ltr'><strong>ΚΕΦΑΛ.</strong></span> <span class='ocrx_word' id='word_1_308' title='bbox 1212 3512 1365 3582; x_wconf 68' lang='grc' dir='ltr'>Μετ’.</span> 
     </span>
    </p>
   </div>
   <div class='ocr_carea' id='block_1_50' title="bbox 421 3601 1933 3679">
    <p class='ocr_par' dir='ltr' id='par_1_50' title="bbox 421 3601 1933 3679">
     <span class='ocr_line' id='line_1_50' title="bbox 421 3601 1933 3679; baseline 0.006 -25"><span class='ocrx_word' id='word_1_309' title='bbox 421 3601 635 3674; x_wconf 81' lang='grc' dir='ltr'>Ὠσπερ</span> <span class='ocrx_word' id='word_1_310' title='bbox 684 3602 963 3674; x_wconf 80' lang='grc' dir='ltr'>ὀφθαλμὸς</span> <span class='ocrx_word' id='word_1_311' title='bbox 998 3606 1287 3676; x_wconf 75' lang='grc' dir='ltr'>ἐμπέφυκε</span> <span class='ocrx_word' id='word_1_312' title='bbox 1336 3606 1574 3678; x_wconf 86' lang='grc' dir='ltr'>σώματι,</span> <span class='ocrx_word' id='word_1_313' title='bbox 1605 3608 1750 3662; x_wconf 78' lang='grc' dir='ltr'>οὕτω</span> <span class='ocrx_word' id='word_1_314' title='bbox 1778 3609 1933 3679; x_wconf 79' lang='grc' dir='ltr'>βασι-</span> 
     </span>
    </p>
   </div>
   <div class='ocr_carea' id='block_1_51' title="bbox 347 3690 1932 3771">
    <p class='ocr_par' dir='ltr' id='par_1_51' title="bbox 347 3690 1932 3771">
     <span class='ocr_line' id='line_1_51' title="bbox 347 3690 1932 3771; baseline 0.006 -26"><span class='ocrx_word' id='word_1_315' title='bbox 347 3690 476 3756; x_wconf 79' lang='grc' dir='ltr'>λεὺς</span> <span class='ocrx_word' id='word_1_316' title='bbox 504 3694 582 3765; x_wconf 84' lang='grc' dir='ltr'><strong>τῷ</strong></span> <span class='ocrx_word' id='word_1_317' title='bbox 606 3694 799 3766; x_wconf 83' lang='grc' dir='ltr'>κόσμῳ</span> <span class='ocrx_word' id='word_1_318' title='bbox 826 3697 1186 3767; x_wconf 77' lang='grc' dir='ltr'><strong>ἐνήρμοσται,</strong></span> <span class='ocrx_word' id='word_1_319' title='bbox 1230 3698 1337 3752; x_wconf 78' lang='grc' dir='ltr'>ὑπὸ</span> <span class='ocrx_word' id='word_1_320' title='bbox 1369 3700 1466 3753; x_wconf 89' lang='grc' dir='ltr'>τοῦ</span> <span class='ocrx_word' id='word_1_321' title='bbox 1520 3700 1658 3753; x_wconf 87' lang='grc' dir='ltr'>Θεοῦ</span> <span class='ocrx_word' id='word_1_322' title='bbox 1707 3702 1932 3771; x_wconf 82' lang='grc' dir='ltr'>δεδομέ-</span> 
     </span>
    </p>
   </div>
   <div class='ocr_carea' id='block_1_52' title="bbox 344 3785 1929 3862">
    <p class='ocr_par' dir='ltr' id='par_1_52' title="bbox 344 3785 1929 3862">
     <span class='ocr_line' id='line_1_52' title="bbox 344 3785 1929 3862; baseline 0.006 -26"><span class='ocrx_word' id='word_1_323' title='bbox 344 3799 435 3846; x_wconf 87' lang='grc' dir='ltr'>νος</span> <span class='ocrx_word' id='word_1_324' title='bbox 459 3785 538 3847; x_wconf 89' lang='grc' dir='ltr'><strong>είς</strong></span> <span class='ocrx_word' id='word_1_325' title='bbox 563 3787 857 3857; x_wconf 83' lang='grc' dir='ltr'>συνεργίαν</span> <span class='ocrx_word' id='word_1_326' title='bbox 892 3789 999 3841; x_wconf 87' lang='grc' dir='ltr'>τῶν</span> <span class='ocrx_word' id='word_1_327' title='bbox 1031 3790 1447 3861; x_wconf 77' lang='grc' dir='ltr'>συμφερόντων.</span> <span class='ocrx_word' id='word_1_328' title='bbox 1476 3790 1594 3862; x_wconf 86' lang='grc' dir='ltr'><strong>Χρὴ</strong></span> <span class='ocrx_word' id='word_1_329' title='bbox 1624 3787 1717 3845; x_wconf 75' lang='grc' dir='ltr'><strong>οὖν</strong></span> <span class='ocrx_word' id='word_1_330' title='bbox 1746 3793 1929 3859; x_wconf 76' lang='grc' dir='ltr'><strong>αὑτὸν,</strong></span> 
     </span>
    </p>
   </div>
   <div class='ocr_carea' id='block_1_53' title="bbox 344 3873 1933 3955">
    <p class='ocr_par' dir='ltr' id='par_1_53' title="bbox 344 3873 1933 3955">
     <span class='ocr_line' id='line_1_53' title="bbox 344 3873 1933 3955; baseline 0.006 -27"><span class='ocrx_word' id='word_1_331' title='bbox 344 3873 421 3938; x_wconf 84' lang='grc' dir='ltr'>ὡς</span> <span class='ocrx_word' id='word_1_332' title='bbox 465 3876 685 3931; x_wconf 81' lang='grc' dir='ltr'>οίκείων</span> <span class='ocrx_word' id='word_1_333' title='bbox 723 3879 924 3949; x_wconf 85' lang='grc' dir='ltr'>μελῶν,</span> <span class='ocrx_word' id='word_1_334' title='bbox 970 3879 1117 3934; x_wconf 74' lang='grc' dir='ltr'>οὕτω</span> <span class='ocrx_word' id='word_1_335' title='bbox 1171 3883 1395 3935; x_wconf 80' lang='grc' dir='ltr'>πάντων</span> <span class='ocrx_word' id='word_1_336' title='bbox 1438 3882 1747 3953; x_wconf 81' lang='grc' dir='ltr'>ἀνθρώπων</span> <span class='ocrx_word' id='word_1_337' title='bbox 1797 3901 1933 3955; x_wconf 88' lang='grc' dir='ltr'>προ-</span> 
     </span>
    </p>
   </div>
   <div class='ocr_carea' id='block_1_54' title="bbox 344 3970 1930 4049">
    <p class='ocr_par' dir='ltr' id='par_1_54' title="bbox 344 3970 1930 4049">
     <span class='ocr_line' id='line_1_54' title="bbox 344 3970 1930 4049; baseline 0.006 -28"><span class='ocrx_word' id='word_1_338' title='bbox 344 3970 505 4032; x_wconf 85' lang='grc' dir='ltr'>νοεῖν,</span> <span class='ocrx_word' id='word_1_339' title='bbox 527 3970 614 4023; x_wconf 82' lang='grc' dir='ltr'>ἵνα</span> <span class='ocrx_word' id='word_1_340' title='bbox 646 3972 1067 4041; x_wconf 83' lang='grc' dir='ltr'>προσκόπτωσιν</span> <span class='ocrx_word' id='word_1_341' title='bbox 1092 3974 1203 4045; x_wconf 78' lang='lat' dir='ltr'><strong>(l5)</strong></span> <span class='ocrx_word' id='word_1_342' title='bbox 1230 3976 1288 4029; x_wconf 82' lang='grc' dir='ltr'><strong>ὲν</strong></span> <span class='ocrx_word' id='word_1_343' title='bbox 1312 3973 1517 4039; x_wconf 82' lang='grc' dir='ltr'>καλοῖς,</span> <span class='ocrx_word' id='word_1_344' title='bbox 1540 3977 1634 4030; x_wconf 76' lang='grc' dir='ltr'>καὶ</span> <span class='ocrx_word' id='word_1_345' title='bbox 1664 3976 1740 4048; x_wconf 80' lang='grc' dir='ltr'><strong>μὴ</strong></span> <span class='ocrx_word' id='word_1_346' title='bbox 1761 3995 1930 4049; x_wconf 89' lang='grc' dir='ltr'>προσ-</span> 
     </span>
    </p>
   </div>
   <div class='ocr_carea' id='block_1_55' title="bbox 344 4062 946 4128">
    <p class='ocr_par' dir='ltr' id='par_1_55' title="bbox 344 4062 946 4128">
     <span class='ocr_line' id='line_1_55' title="bbox 344 4062 946 4128; baseline 0.003 -12"><span class='ocrx_word' id='word_1_347' title='bbox 344 4062 620 4116; x_wconf 76' lang='grc' dir='ltr'>κάπτωσιν</span> <span class='ocrx_word' id='word_1_348' title='bbox 646 4064 705 4115; x_wconf 82' lang='grc' dir='ltr'>ὲν</span> <span class='ocrx_word' id='word_1_349' title='bbox 730 4065 946 4128; x_wconf 83' lang='grc' dir='ltr'>κακοῖς.</span> 
     </span>
    </p>
   </div>
   <div class='ocr_carea' id='block_1_56' title="bbox 906 4200 1338 4257">
    <p class='ocr_par' dir='ltr' id='par_1_56' title="bbox 906 4200 1338 4257">
     <span class='ocr_line' id='line_1_56' title="bbox 906 4200 1338 4257; baseline 0.012 -5"><span class='ocrx_word' id='word_1_350' title='bbox 906 4201 1160 4254; x_wconf 80' lang='grc' dir='ltr'><strong>ΚΕΦΑΛ.</strong></span> <span class='ocrx_word' id='word_1_351' title='bbox 1202 4200 1338 4257; x_wconf 88' lang='lat' dir='ltr'><strong>MZ&#39;.</strong></span> 
     </span>
    </p>
   </div>
   <div class='ocr_carea' id='block_1_57' title="bbox 426 4286 1926 4367">
    <p class='ocr_par' dir='ltr' id='par_1_57' title="bbox 426 4286 1926 4367">
     <span class='ocr_line' id='line_1_57' title="bbox 426 4286 1926 4367; baseline 0.007 -29"><span class='ocrx_word' id='word_1_352' title='bbox 426 4286 871 4359; x_wconf 82' lang='grc' dir='ltr'>Ἀσφαλεστάτην</span> <span class='ocrx_word' id='word_1_353' title='bbox 923 4290 1058 4361; x_wconf 76' lang='grc' dir='ltr'>ἡγοῦ</span> <span class='ocrx_word' id='word_1_354' title='bbox 1092 4294 1193 4363; x_wconf 74' lang='grc' dir='ltr'>τῆς</span> <span class='ocrx_word' id='word_1_355' title='bbox 1224 4294 1498 4365; x_wconf 85' lang='grc' dir='ltr'>σωτηρίας</span> <span class='ocrx_word' id='word_1_356' title='bbox 1525 4311 1621 4348; x_wconf 93' lang='grc' dir='ltr'>σου</span> <span class='ocrx_word' id='word_1_357' title='bbox 1653 4294 1926 4367; x_wconf 76' lang='grc' dir='ltr'>φυλακην,</span> 
     </span>
    </p>
   </div>
   <div class='ocr_carea' id='block_1_58' title="bbox 344 4378 1930 4457">
    <p class='ocr_par' dir='ltr' id='par_1_58' title="bbox 344 4378 1930 4457">
     <span class='ocr_line' id='line_1_58' title="bbox 344 4378 1930 4457; baseline 0.006 -28"><span class='ocrx_word' id='word_1_358' title='bbox 344 4378 406 4430; x_wconf 74' lang='grc' dir='ltr'>τὸ</span> <span class='ocrx_word' id='word_1_359' title='bbox 439 4379 709 4448; x_wconf 72' lang='grc' dir='ltr'>μηδέποτέ</span> <span class='ocrx_word' id='word_1_360' title='bbox 743 4397 867 4433; x_wconf 89' lang='grc' dir='ltr'>τινα</span> <span class='ocrx_word' id='word_1_361' title='bbox 893 4382 1002 4435; x_wconf 84' lang='grc' dir='ltr'>τῶν</span> <span class='ocrx_word' id='word_1_362' title='bbox 1035 4384 1297 4453; x_wconf 78' lang='grc' dir='ltr'>ὑπηκόων</span> <span class='ocrx_word' id='word_1_363' title='bbox 1331 4386 1540 4439; x_wconf 79' lang='grc' dir='ltr'>ἀδικεῖν</span> <span class='ocrx_word' id='word_1_364' title='bbox 1562 4404 1575 4417; x_wconf 78' lang='grc' dir='ltr'><strong><em>ο</em></strong></span> <span class='ocrx_word' id='word_1_365' title='bbox 1606 4389 1634 4439; x_wconf 88' lang='grc' dir='ltr'><strong>ό</strong></span> <span class='ocrx_word' id='word_1_366' title='bbox 1664 4388 1771 4457; x_wconf 79' lang='grc' dir='ltr'><strong>γάρ</strong></span> <span class='ocrx_word' id='word_1_367' title='bbox 1806 4404 1930 4439; x_wconf 86' lang='grc' dir='ltr'>τινα</span> 
     </span>
    </p>
   </div>
   <div class='ocr_carea' id='block_1_59' title="bbox 347 4470 1928 4549">
    <p class='ocr_par' dir='ltr' id='par_1_59' title="bbox 347 4470 1928 4549">
     <span class='ocr_line' id='line_1_59' title="bbox 347 4470 1928 4549; baseline 0.005 -26"><span class='ocrx_word' id='word_1_368' title='bbox 347 4470 423 4542; x_wconf 87' lang='grc' dir='ltr'><strong>μὴ</strong></span> <span class='ocrx_word' id='word_1_369' title='bbox 454 4472 674 4536; x_wconf 77' lang='grc' dir='ltr'>ἀδικῶν,</span> <span class='ocrx_word' id='word_1_370' title='bbox 710 4473 808 4543; x_wconf 73' lang='grc' dir='ltr'>οὐχ</span> <span class='ocrx_word' id='word_1_371' title='bbox 838 4475 1111 4545; x_wconf 75' lang='grc' dir='ltr'>ὑφορᾶται</span> <span class='ocrx_word' id='word_1_372' title='bbox 1144 4494 1291 4529; x_wconf 86' lang='grc' dir='ltr'>τινα·</span> <span class='ocrx_word' id='word_1_373' title='bbox 1328 4480 1377 4530; x_wconf 85' lang='grc' dir='ltr'><strong>εί</strong></span> <span class='ocrx_word' id='word_1_374' title='bbox 1407 4479 1463 4531; x_wconf 77' lang='grc' dir='ltr'>δὲ</span> <span class='ocrx_word' id='word_1_375' title='bbox 1506 4479 1565 4531; x_wconf 84' lang='grc' dir='ltr'><strong>τὸ</strong></span> <span class='ocrx_word' id='word_1_376' title='bbox 1598 4480 1675 4549; x_wconf 85' lang='grc' dir='ltr'>μὴ</span> <span class='ocrx_word' id='word_1_377' title='bbox 1721 4480 1928 4532; x_wconf 81' lang='grc' dir='ltr'>ἀδικεῖν</span> 
     </span>
    </p>
   </div>
   <div class='ocr_carea' id='block_1_60' title="bbox 343 4563 1928 4639">
    <p class='ocr_par' dir='ltr' id='par_1_60' title="bbox 343 4563 1928 4639">
     <span class='ocr_line' id='line_1_60' title="bbox 343 4563 1928 4639; baseline 0.003 -22"><span class='ocrx_word' id='word_1_378' title='bbox 343 4563 643 4633; x_wconf 81' lang='grc' dir='ltr'>ἀσφάλειαν</span> <span class='ocrx_word' id='word_1_379' title='bbox 670 4564 940 4635; x_wconf 81' lang='grc' dir='ltr'>προξενεῖ,</span> <span class='ocrx_word' id='word_1_380' title='bbox 966 4567 1025 4618; x_wconf 83' lang='grc' dir='ltr'><strong>τὸ</strong></span> <span class='ocrx_word' id='word_1_381' title='bbox 1057 4568 1371 4639; x_wconf 84' lang='grc' dir='ltr'>εὐεργετεῖν</span> <span class='ocrx_word' id='word_1_382' title='bbox 1413 4568 1597 4638; x_wconf 84' lang='grc' dir='ltr'><strong>πολλῷ</strong></span> <span class='ocrx_word' id='word_1_383' title='bbox 1637 4570 1819 4622; x_wconf 81' lang='grc' dir='ltr'>πλέον.</span> <span class='ocrx_word' id='word_1_384' title='bbox 1855 4570 1928 4621; x_wconf 84' lang='grc' dir='ltr'>Τὸ</span> 
     </span>
    </p>
   </div>
   <div class='ocr_carea' id='block_1_61' title="bbox 343 4655 1925 4734">
    <p class='ocr_par' dir='ltr' id='par_1_61' title="bbox 343 4655 1925 4734">
     <span class='ocr_line' id='line_1_61' title="bbox 343 4655 1925 4734; baseline 0.006 -27"><span class='ocrx_word' id='word_1_385' title='bbox 343 4655 585 4725; x_wconf 80' lang='grc' dir='ltr'>ἀσφαλὲς</span> <span class='ocrx_word' id='word_1_386' title='bbox 613 4656 718 4728; x_wconf 73' lang='grc' dir='ltr'>γὰρ</span> <span class='ocrx_word' id='word_1_387' title='bbox 738 4656 948 4721; x_wconf 84' lang='grc' dir='ltr'>δίδωσι,</span> <span class='ocrx_word' id='word_1_388' title='bbox 979 4660 1072 4713; x_wconf 79' lang='grc' dir='ltr'><strong>καὶ</strong></span> <span class='ocrx_word' id='word_1_389' title='bbox 1102 4661 1163 4713; x_wconf 82' lang='grc' dir='ltr'><strong>τὸ</strong></span> <span class='ocrx_word' id='word_1_390' title='bbox 1194 4660 1494 4732; x_wconf 78' lang='grc' dir='ltr'>προσφιλὲς</span> <span class='ocrx_word' id='word_1_391' title='bbox 1518 4661 1579 4715; x_wconf 86' lang='grc' dir='ltr'><strong>οὺ</strong></span> <span class='ocrx_word' id='word_1_392' title='bbox 1610 4661 1925 4734; x_wconf 84' lang='grc' dir='ltr'>προδίδωσι.</span> 
     </span>
    </p>
   </div>
   <div class='ocr_carea' id='block_1_62' title="bbox 921 4912 1365 4979">
    <p class='ocr_par' dir='ltr' id='par_1_62' title="bbox 921 4912 1365 4979">
     <span class='ocr_line' id='line_1_62' title="bbox 921 4912 1365 4979; baseline 0.007 -4"><span class='ocrx_word' id='word_1_393' title='bbox 921 4912 1176 4975; x_wconf 72' lang='grc' dir='ltr'><strong>ΚΕΦΑΛ.</strong></span> <span class='ocrx_word' id='word_1_394' title='bbox 1220 4923 1365 4979; x_wconf 75' lang='grc' dir='ltr'>Μιιο.</span> 
     </span>
    </p>
   </div>
   <div class='ocr_carea' id='block_1_63' title="bbox 415 5013 1925 5087">
    <p class='ocr_par' dir='ltr' id='par_1_63' title="bbox 415 5013 1925 5087">
     <span class='ocr_line' id='line_1_63' title="bbox 415 5013 1925 5087; baseline 0.005 -22"><span class='ocrx_word' id='word_1_395' title='bbox 415 5013 574 5066; x_wconf 87' lang='grc' dir='ltr'>Γίνου</span> <span class='ocrx_word' id='word_1_396' title='bbox 623 5014 739 5078; x_wconf 88' lang='grc' dir='ltr'>τοῖς</span> <span class='ocrx_word' id='word_1_397' title='bbox 781 5015 1065 5087; x_wconf 80' lang='grc' dir='ltr'>ὑπηκόοις,</span> <span class='ocrx_word' id='word_1_398' title='bbox 1108 5016 1469 5070; x_wconf 78' lang='grc' dir='ltr'>εὐσεϐέστατε</span> <span class='ocrx_word' id='word_1_399' title='bbox 1520 5016 1765 5087; x_wconf 88' lang='grc' dir='ltr'>βασιλεῦ,</span> <span class='ocrx_word' id='word_1_400' title='bbox 1828 5021 1925 5073; x_wconf 71' lang='grc' dir='ltr'><strong>καὶ</strong></span> 
     </span>
    </p>
   </div>
   <div class='ocr_carea' id='block_1_64' title="bbox 346 5105 1922 5178">
    <p class='ocr_par' dir='ltr' id='par_1_64' title="bbox 346 5105 1922 5178">
     <span class='ocr_line' id='line_1_64' title="bbox 346 5105 1922 5178; baseline 0.002 -19"><span class='ocrx_word' id='word_1_401' title='bbox 346 5106 575 5175; x_wconf 72' lang='grc' dir='ltr'>φοϐερὸς</span> <span class='ocrx_word' id='word_1_402' title='bbox 611 5106 698 5160; x_wconf 70' lang='grc' dir='ltr'><strong>διὰ</strong></span> <span class='ocrx_word' id='word_1_403' title='bbox 726 5105 823 5177; x_wconf 87' lang='grc' dir='ltr'><strong>τὴν</strong></span> <span class='ocrx_word' id='word_1_404' title='bbox 858 5107 1134 5178; x_wconf 81' lang='grc' dir='ltr'>ὑπεροχὴν</span> <span class='ocrx_word' id='word_1_405' title='bbox 1158 5107 1257 5177; x_wconf 82' lang='grc' dir='ltr'><strong>τῆς</strong></span> <span class='ocrx_word' id='word_1_406' title='bbox 1296 5107 1565 5172; x_wconf 79' lang='grc' dir='ltr'>ἐξουσίας,</span> <span class='ocrx_word' id='word_1_407' title='bbox 1608 5110 1704 5162; x_wconf 81' lang='grc' dir='ltr'>καὶ</span> <span class='ocrx_word' id='word_1_408' title='bbox 1736 5109 1922 5163; x_wconf 87' lang='grc' dir='ltr'>ποθει-</span> 
     </span>
    </p>
   </div>
   <div class='ocr_carea' id='block_1_65' title="bbox 345 5198 1921 5273">
    <p class='ocr_par' dir='ltr' id='par_1_65' title="bbox 345 5198 1921 5273">
     <span class='ocr_line' id='line_1_65' title="bbox 345 5198 1921 5273; baseline 0.003 -22"><span class='ocrx_word' id='word_1_409' title='bbox 345 5198 435 5260; x_wconf 87' lang='grc' dir='ltr'><strong>νὸς</strong></span> <span class='ocrx_word' id='word_1_410' title='bbox 465 5198 551 5251; x_wconf 69' lang='grc' dir='ltr'><strong>διὰ</strong></span> <span class='ocrx_word' id='word_1_411' title='bbox 580 5200 678 5269; x_wconf 79' lang='grc' dir='ltr'><strong>τὴν</strong></span> <span class='ocrx_word' id='word_1_412' title='bbox 716 5200 962 5270; x_wconf 78' lang='grc' dir='ltr'>παροχὴν</span> <span class='ocrx_word' id='word_1_413' title='bbox 984 5202 1082 5268; x_wconf 78' lang='grc' dir='ltr'>τῆς</span> <span class='ocrx_word' id='word_1_414' title='bbox 1119 5201 1368 5263; x_wconf 82' lang='grc' dir='ltr'>εὐποιίας</span> <span class='ocrx_word' id='word_1_415' title='bbox 1401 5218 1415 5232; x_wconf 90' lang='grc'><strong>·</strong></span> <span class='ocrx_word' id='word_1_416' title='bbox 1452 5202 1590 5273; x_wconf 86' lang='grc' dir='ltr'>μήτε</span> <span class='ocrx_word' id='word_1_417' title='bbox 1621 5202 1716 5255; x_wconf 90' lang='grc' dir='ltr'><strong>τοῦ</strong></span> <span class='ocrx_word' id='word_1_418' title='bbox 1753 5202 1921 5270; x_wconf 86' lang='grc' dir='ltr'>φόϐου</span> 
     </span>
    </p>
   </div>
   <div class='ocr_carea' id='block_1_66' title="bbox 346 5290 1924 5365">
    <p class='ocr_par' dir='ltr' id='par_1_66' title="bbox 346 5290 1924 5365">
     <span class='ocr_line' id='line_1_66' title="bbox 346 5290 1924 5365; baseline 0.004 -24"><span class='ocrx_word' id='word_1_419' title='bbox 346 5291 710 5360; x_wconf 82' lang='grc' dir='ltr'>καταφρονῶν</span> <span class='ocrx_word' id='word_1_420' title='bbox 762 5290 852 5345; x_wconf 85' lang='grc' dir='ltr'>διὰ</span> <span class='ocrx_word' id='word_1_421' title='bbox 896 5292 990 5344; x_wconf 74' lang='grc' dir='ltr'>τὸν</span> <span class='ocrx_word' id='word_1_422' title='bbox 1033 5292 1217 5357; x_wconf 82' lang='grc' dir='ltr'>πόθον,</span> <span class='ocrx_word' id='word_1_423' title='bbox 1262 5294 1400 5364; x_wconf 78' lang='grc' dir='ltr'>μήτε</span> <span class='ocrx_word' id='word_1_424' title='bbox 1422 5293 1515 5346; x_wconf 87' lang='grc' dir='ltr'><strong>τοῦ</strong></span> <span class='ocrx_word' id='word_1_425' title='bbox 1547 5294 1715 5347; x_wconf 84' lang='grc' dir='ltr'>πόθου</span> <span class='ocrx_word' id='word_1_426' title='bbox 1746 5311 1924 5365; x_wconf 86' lang='grc' dir='ltr'>παρα-</span> 
     </span>
    </p>
   </div>
   <div class='ocr_carea' id='block_1_67' title="bbox 346 5380 1921 5457">
    <p class='ocr_par' dir='ltr' id='par_1_67' title="bbox 346 5380 1921 5457">
     <span class='ocr_line' id='line_1_67' title="bbox 346 5380 1921 5457; baseline 0.006 -26"><span class='ocrx_word' id='word_1_427' title='bbox 346 5380 527 5450; x_wconf 84' lang='grc' dir='ltr'><strong>μελῶν</strong></span> <span class='ocrx_word' id='word_1_428' title='bbox 557 5381 647 5435; x_wconf 84' lang='grc' dir='ltr'>διὰ</span> <span class='ocrx_word' id='word_1_429' title='bbox 676 5382 767 5435; x_wconf 81' lang='grc' dir='ltr'><strong>τὸν</strong></span> <span class='ocrx_word' id='word_1_430' title='bbox 798 5383 961 5454; x_wconf 83' lang='grc' dir='ltr'>φόϐον</span> <span class='ocrx_word' id='word_1_431' title='bbox 981 5399 995 5414; x_wconf 89' lang='grc'><strong>·</strong></span> <span class='ocrx_word' id='word_1_432' title='bbox 1027 5383 1163 5437; x_wconf 78' lang='grc' dir='ltr'><strong>ἀλλὰ</strong></span> <span class='ocrx_word' id='word_1_433' title='bbox 1199 5383 1259 5437; x_wconf 70' lang='grc' dir='ltr'>τὸ</span> <span class='ocrx_word' id='word_1_434' title='bbox 1293 5386 1502 5456; x_wconf 77' lang='grc' dir='ltr'>ἥμερον</span> <span class='ocrx_word' id='word_1_435' title='bbox 1534 5386 1674 5457; x_wconf 77' lang='grc' dir='ltr'>ἔχων</span> <span class='ocrx_word' id='word_1_436' title='bbox 1710 5386 1921 5440; x_wconf 83' lang='grc' dir='ltr'>ἀκατα-</span> 
     </span>
    </p>
   </div>
   <div class='ocr_carea' id='block_1_68' title="bbox 343 5472 1881 5549">
    <p class='ocr_par' dir='ltr' id='par_1_68' title="bbox 343 5472 1881 5549">
     <span class='ocr_line' id='line_1_68' title="bbox 343 5472 1881 5549; baseline 0.005 -25"><span class='ocrx_word' id='word_1_437' title='bbox 343 5472 631 5545; x_wconf 87' lang='grc' dir='ltr'>φρόνητον,</span> <span class='ocrx_word' id='word_1_438' title='bbox 663 5476 756 5527; x_wconf 71' lang='grc' dir='ltr'>καὶ</span> <span class='ocrx_word' id='word_1_439' title='bbox 784 5475 846 5528; x_wconf 81' lang='grc' dir='ltr'>τὸ</span> <span class='ocrx_word' id='word_1_440' title='bbox 878 5474 1364 5547; x_wconf 79' lang='grc' dir='ltr'>εὐκαταφρόνητον</span> <span class='ocrx_word' id='word_1_441' title='bbox 1403 5475 1546 5547; x_wconf 79' lang='grc' dir='ltr'>ἔχων</span> <span class='ocrx_word' id='word_1_442' title='bbox 1584 5478 1881 5549; x_wconf 72' lang='grc' dir='ltr'>ἀνήμερον.</span> 
     </span>
    </p>
   </div>
   <div class='ocr_carea' id='block_1_69' title="bbox 2040 1978 3405 2051">
    <p class='ocr_par' dir='ltr' id='par_1_69' title="bbox 2040 1978 3405 2051">
     <span class='ocr_line' id='line_1_69' title="bbox 2040 1978 3405 2051; baseline -0.006 -11"><span class='ocrx_word' id='word_1_443' title='bbox 2040 1992 2176 2048; x_wconf 89' lang='lat' dir='ltr'><strong>tem,</strong></span> <span class='ocrx_word' id='word_1_444' title='bbox 2205 1982 2345 2038; x_wconf 85' lang='lat' dir='ltr'><strong>nulli</strong></span> <span class='ocrx_word' id='word_1_445' title='bbox 2370 1981 2531 2037; x_wconf 87' lang='lat' dir='ltr'><strong>bonis</strong></span> <span class='ocrx_word' id='word_1_446' title='bbox 2556 1980 2822 2051; x_wconf 86' lang='lat' dir='ltr'><strong>operibus</strong></span> <span class='ocrx_word' id='word_1_447' title='bbox 2842 1979 3097 2035; x_wconf 88' lang='lat' dir='ltr'><strong>homines</strong></span> <span class='ocrx_word' id='word_1_448' title='bbox 3116 1978 3405 2035; x_wconf 76' lang='lat' dir='ltr'><strong>excedent.</strong></span> 
     </span>
    </p>
   </div>
   <div class='ocr_carea' id='block_1_70' title="bbox 2652 2177 3030 2235">
    <p class='ocr_par' dir='ltr' id='par_1_70' title="bbox 2652 2177 3030 2235">
     <span class='ocr_line' id='line_1_70' title="bbox 2652 2177 3030 2235; baseline -0.005 0"><span class='ocrx_word' id='word_1_449' title='bbox 2652 2177 2808 2235; x_wconf 84' lang='lat' dir='ltr'><strong>CAP.</strong></span> <span class='ocrx_word' id='word_1_450' title='bbox 2842 2178 3030 2235; x_wconf 76' lang='lat' dir='ltr'><strong>XLIV.</strong></span> 
     </span>
    </p>
   </div>
   <div class='ocr_carea' id='block_1_71' title="bbox 2105 2270 3618 2339">
    <p class='ocr_par' dir='ltr' id='par_1_71' title="bbox 2105 2270 3618 2339">
     <span class='ocr_line' id='line_1_71' title="bbox 2105 2270 3618 2339; baseline -0.004 -11"><span class='ocrx_word' id='word_1_451' title='bbox 2105 2272 2453 2329; x_wconf 72' lang='lat' dir='ltr'><strong>lnexbausta:</strong></span> <span class='ocrx_word' id='word_1_452' title='bbox 2501 2281 2633 2327; x_wconf 86' lang='lat' dir='ltr'><strong>sunt</strong></span> <span class='ocrx_word' id='word_1_453' title='bbox 2685 2270 3070 2325; x_wconf 72' lang='lat' dir='ltr'><strong>beneficentia:</strong></span> <span class='ocrx_word' id='word_1_454' title='bbox 3118 2283 3302 2339; x_wconf 87' lang='lat' dir='ltr'><strong>opes:</strong></span> <span class='ocrx_word' id='word_1_455' title='bbox 3344 2284 3472 2323; x_wconf 90' lang='lat' dir='ltr'><strong>nam</strong></span> <span class='ocrx_word' id='word_1_456' title='bbox 3504 2275 3618 2323; x_wconf 83' lang='lat' dir='ltr'><strong>tar-</strong></span> 
     </span>
    </p>
   </div>
   <div class='ocr_carea' id='block_1_72' title="bbox 2034 2358 3621 2435">
    <p class='ocr_par' dir='ltr' id='par_1_72' title="bbox 2034 2358 3621 2435">
     <span class='ocr_line' id='line_1_72' title="bbox 2034 2358 3621 2435; baseline -0.003 -15"><span class='ocrx_word' id='word_1_457' title='bbox 2034 2365 2235 2435; x_wconf 71' lang='lat' dir='ltr'><strong>giendo</strong></span> <span class='ocrx_word' id='word_1_458' title='bbox 2265 2363 2655 2435; x_wconf 82' lang='lat' dir='ltr'><strong>acquiruntur,</strong></span> <span class='ocrx_word' id='word_1_459' title='bbox 2678 2372 2735 2417; x_wconf 92' lang='lat' dir='ltr'><strong>et</strong></span> <span class='ocrx_word' id='word_1_460' title='bbox 2768 2362 3091 2432; x_wconf 89' lang='lat' dir='ltr'><strong>dissipando</strong></span> <span class='ocrx_word' id='word_1_461' title='bbox 3120 2360 3482 2431; x_wconf 76' lang='lat' dir='ltr'><strong>colliguntur.</strong></span> <span class='ocrx_word' id='word_1_462' title='bbox 3508 2358 3621 2416; x_wconf 78' lang='lat' dir='ltr'><strong>llas</strong></span> 
     </span>
    </p>
   </div>
   <div class='ocr_carea' id='block_1_73' title="bbox 2035 2450 3621 2521">
    <p class='ocr_par' dir='ltr' id='par_1_73' title="bbox 2035 2450 3621 2521">
     <span class='ocr_line' id='line_1_73' title="bbox 2035 2450 3621 2521; baseline -0.005 -10"><span class='ocrx_word' id='word_1_463' title='bbox 2035 2467 2132 2511; x_wconf 90' lang='lat' dir='ltr'><strong>tuo</strong></span> <span class='ocrx_word' id='word_1_464' title='bbox 2162 2456 2360 2511; x_wconf 85' lang='lat' dir='ltr'><strong>insitas</strong></span> <span class='ocrx_word' id='word_1_465' title='bbox 2394 2455 2580 2510; x_wconf 89' lang='lat' dir='ltr'><strong>animo</strong></span> <span class='ocrx_word' id='word_1_466' title='bbox 2612 2454 2842 2519; x_wconf 83' lang='lat' dir='ltr'><strong>habens,</strong></span> <span class='ocrx_word' id='word_1_467' title='bbox 2893 2450 3414 2521; x_wconf 76' lang='lat' dir='ltr'><strong>muniﬁcentissime</strong></span> <span class='ocrx_word' id='word_1_468' title='bbox 3440 2450 3621 2521; x_wconf 85' lang='lat' dir='ltr'><strong>impe-</strong></span> 
     </span>
    </p>
   </div>
   <div class='ocr_carea' id='block_1_74' title="bbox 2034 2542 3617 2619">
    <p class='ocr_par' dir='ltr' id='par_1_74' title="bbox 2034 2542 3617 2619">
     <span class='ocr_line' id='line_1_74' title="bbox 2034 2542 3617 2619; baseline -0.002 -18"><span class='ocrx_word' id='word_1_469' title='bbox 2034 2557 2205 2613; x_wconf 85' lang='lat' dir='ltr'><strong>rator,</strong></span> <span class='ocrx_word' id='word_1_470' title='bbox 2238 2548 2441 2619; x_wconf 78' lang='lat' dir='ltr'><strong>largire</strong></span> <span class='ocrx_word' id='word_1_471' title='bbox 2486 2547 2748 2602; x_wconf 88' lang='lat' dir='ltr'><strong>omnibus</strong></span> <span class='ocrx_word' id='word_1_472' title='bbox 2785 2545 2998 2600; x_wconf 79' lang='lat' dir='ltr'><strong>all‘atim</strong></span> <span class='ocrx_word' id='word_1_473' title='bbox 3026 2542 3349 2613; x_wconf 88' lang='lat' dir='ltr'><strong>petentibus</strong></span> <span class='ocrx_word' id='word_1_474' title='bbox 3380 2543 3481 2598; x_wconf 78' lang='lat' dir='ltr'><strong>abs</strong></span> <span class='ocrx_word' id='word_1_475' title='bbox 3522 2552 3617 2598; x_wconf 88' lang='lat' dir='ltr'><strong>te:</strong></span> 
     </span>
    </p>
   </div>
   <div class='ocr_carea' id='block_1_75' title="bbox 2033 2636 3619 2711">
    <p class='ocr_par' dir='ltr' id='par_1_75' title="bbox 2033 2636 3619 2711">
     <span class='ocr_line' id='line_1_75' title="bbox 2033 2636 3619 2711; baseline -0.005 -14"><span class='ocrx_word' id='word_1_476' title='bbox 2033 2642 2252 2697; x_wconf 79' lang='lat' dir='ltr'><strong>infinito</strong></span> <span class='ocrx_word' id='word_1_477' title='bbox 2280 2640 2428 2696; x_wconf 91' lang='lat' dir='ltr'><strong>enim</strong></span> <span class='ocrx_word' id='word_1_478' title='bbox 2462 2640 2801 2711; x_wconf 88' lang='lat' dir='ltr'><strong>multiplices</strong></span> <span class='ocrx_word' id='word_1_479' title='bbox 2837 2653 2936 2708; x_wconf 89' lang='lat' dir='ltr'><strong>pro</strong></span> <span class='ocrx_word' id='word_1_480' title='bbox 2977 2636 3066 2691; x_wconf 90' lang='lat' dir='ltr'><strong>his</strong></span> <span class='ocrx_word' id='word_1_481' title='bbox 3099 2636 3330 2690; x_wconf 88' lang='lat' dir='ltr'><strong>habebis</strong></span> <span class='ocrx_word' id='word_1_482' title='bbox 3361 2651 3619 2690; x_wconf 84' lang='lat' dir='ltr'><strong>remune-</strong></span> 
     </span>
    </p>
   </div>
   <div class='ocr_carea' id='block_1_76' title="bbox 2035 2728 3480 2803">
    <p class='ocr_par' dir='ltr' id='par_1_76' title="bbox 2035 2728 3480 2803">
     <span class='ocr_line' id='line_1_76' title="bbox 2035 2728 3480 2803; baseline -0.004 -14"><span class='ocrx_word' id='word_1_483' title='bbox 2035 2734 2306 2800; x_wconf 89' lang='lat' dir='ltr'><strong>rationes,</strong></span> <span class='ocrx_word' id='word_1_484' title='bbox 2336 2749 2459 2789; x_wconf 90' lang='lat' dir='ltr'><strong>cum</strong></span> <span class='ocrx_word' id='word_1_485' title='bbox 2486 2742 2706 2803; x_wconf 89' lang='lat' dir='ltr'><strong>tempus</strong></span> <span class='ocrx_word' id='word_1_486' title='bbox 2743 2728 3017 2785; x_wconf 87' lang='lat' dir='ltr'><strong>reddendi</strong></span> <span class='ocrx_word' id='word_1_487' title='bbox 3040 2730 3217 2783; x_wconf 88' lang='lat' dir='ltr'><strong>vicem</strong></span> <span class='ocrx_word' id='word_1_488' title='bbox 3240 2730 3480 2783; x_wconf 88' lang='lat' dir='ltr'><strong>venerit.</strong></span> 
     </span>
    </p>
   </div>
   <div class='ocr_carea' id='block_1_77' title="bbox 2632 2844 2984 2903">
    <p class='ocr_par' dir='ltr' id='par_1_77' title="bbox 2632 2844 2984 2903">
     <span class='ocr_line' id='line_1_77' title="bbox 2632 2844 2984 2903; baseline -0.009 -1"><span class='ocrx_word' id='word_1_489' title='bbox 2632 2846 2787 2903; x_wconf 81' lang='lat' dir='ltr'><strong>CAP.</strong></span> <span class='ocrx_word' id='word_1_490' title='bbox 2821 2844 2984 2900; x_wconf 81' lang='lat' dir='ltr'><strong>XLV.</strong></span> 
     </span>
    </p>
   </div>
   <div class='ocr_carea' id='block_1_78' title="bbox 2103 2934 3618 3011">
    <p class='ocr_par' dir='ltr' id='par_1_78' title="bbox 2103 2934 3618 3011">
     <span class='ocr_line' id='line_1_78' title="bbox 2103 2934 3618 3011; baseline -0.005 -12"><span class='ocrx_word' id='word_1_491' title='bbox 2103 2942 2250 2999; x_wconf 83' lang='lat' dir='ltr'><strong>Nutu</strong></span> <span class='ocrx_word' id='word_1_492' title='bbox 2286 2941 2382 2996; x_wconf 91' lang='lat' dir='ltr'><strong>Dei</strong></span> <span class='ocrx_word' id='word_1_493' title='bbox 2435 2955 2665 3011; x_wconf 83' lang='lat' dir='ltr'><strong>regnum</strong></span> <span class='ocrx_word' id='word_1_494' title='bbox 2703 2937 2971 3007; x_wconf 87' lang='lat' dir='ltr'><strong>adeptus,</strong></span> <span class='ocrx_word' id='word_1_495' title='bbox 3015 2937 3234 2992; x_wconf 89' lang='lat' dir='ltr'><strong>imitare</strong></span> <span class='ocrx_word' id='word_1_496' title='bbox 3271 2950 3398 2990; x_wconf 90' lang='lat' dir='ltr'><strong>eum</strong></span> <span class='ocrx_word' id='word_1_497' title='bbox 3452 2934 3618 2991; x_wconf 80' lang='lat' dir='ltr'><strong>bonis</strong></span> 
     </span>
    </p>
   </div>
   <div class='ocr_carea' id='block_1_79' title="bbox 2032 3032 3614 3107">
    <p class='ocr_par' dir='ltr' id='par_1_79' title="bbox 2032 3032 3614 3107">
     <span class='ocr_line' id='line_1_79' title="bbox 2032 3032 3614 3107; baseline -0.005 -17"><span class='ocrx_word' id='word_1_498' title='bbox 2032 3035 2333 3107; x_wconf 86' lang='lat' dir='ltr'><strong>operibus;</strong></span> <span class='ocrx_word' id='word_1_499' title='bbox 2377 3034 2509 3103; x_wconf 87' lang='lat' dir='ltr'><strong>quia</strong></span> <span class='ocrx_word' id='word_1_500' title='bbox 2560 3032 2705 3086; x_wconf 89' lang='lat' dir='ltr'><strong>inter</strong></span> <span class='ocrx_word' id='word_1_501' title='bbox 2738 3046 2933 3085; x_wconf 89' lang='lat' dir='ltr'><strong>eorum</strong></span> <span class='ocrx_word' id='word_1_502' title='bbox 2976 3044 3271 3085; x_wconf 89' lang='lat' dir='ltr'><strong>numerum</strong></span> <span class='ocrx_word' id='word_1_503' title='bbox 3318 3036 3482 3082; x_wconf 89' lang='lat' dir='ltr'><strong>natus</strong></span> <span class='ocrx_word' id='word_1_504' title='bbox 3529 3042 3614 3095; x_wconf 89' lang='lat' dir='ltr'><strong>es,</strong></span> 
     </span>
    </p>
   </div>
   <div class='ocr_carea' id='block_1_80' title="bbox 2032 3121 3620 3196">
    <p class='ocr_par' dir='ltr' id='par_1_80' title="bbox 2032 3121 3620 3196">
     <span class='ocr_line' id='line_1_80' title="bbox 2032 3121 3620 3196; baseline -0.005 -15"><span class='ocrx_word' id='word_1_505' title='bbox 2032 3125 2303 3182; x_wconf 78' lang='lat' dir='ltr'><strong>beneﬁcio</strong></span> <span class='ocrx_word' id='word_1_506' title='bbox 2336 3125 2430 3196; x_wconf 93' lang='lat' dir='ltr'><strong>qui</strong></span> <span class='ocrx_word' id='word_1_507' title='bbox 2459 3124 2675 3179; x_wconf 83' lang='lat' dir='ltr'><strong>allicere</strong></span> <span class='ocrx_word' id='word_1_508' title='bbox 2709 3132 2962 3194; x_wconf 86' lang='lat' dir='ltr'><strong>possunt,</strong></span> <span class='ocrx_word' id='word_1_509' title='bbox 2995 3137 3105 3177; x_wconf 92' lang='lat' dir='ltr'><strong>non</strong></span> <span class='ocrx_word' id='word_1_510' title='bbox 3126 3122 3221 3192; x_wconf 91' lang='lat' dir='ltr'><strong>qui</strong></span> <span class='ocrx_word' id='word_1_511' title='bbox 3252 3121 3390 3176; x_wconf 82' lang='lat' dir='ltr'><strong>allici</strong></span> <span class='ocrx_word' id='word_1_512' title='bbox 3428 3129 3620 3190; x_wconf 88' lang='lat' dir='ltr'><strong>postu-</strong></span> 
     </span>
    </p>
   </div>
   <div class='ocr_carea' id='block_1_81' title="bbox 2031 3214 3616 3289">
    <p class='ocr_par' dir='ltr' id='par_1_81' title="bbox 2031 3214 3616 3289">
     <span class='ocr_line' id='line_1_81' title="bbox 2031 3214 3616 3289; baseline -0.006 -14"><span class='ocrx_word' id='word_1_513' title='bbox 2031 3219 2190 3275; x_wconf 87' lang='lat' dir='ltr'><strong>lant:</strong></span> <span class='ocrx_word' id='word_1_514' title='bbox 2226 3227 2431 3289; x_wconf 68' lang='lat' dir='ltr'><strong>parata:</strong></span> <span class='ocrx_word' id='word_1_515' title='bbox 2465 3218 2613 3272; x_wconf 91' lang='lat' dir='ltr'><strong>enim</strong></span> <span class='ocrx_word' id='word_1_516' title='bbox 2648 3216 2812 3286; x_wconf 63' lang='lat' dir='ltr'><strong>larga:</strong></span> <span class='ocrx_word' id='word_1_517' title='bbox 2847 3230 3033 3269; x_wconf 89' lang='lat' dir='ltr'><strong>rerum</strong></span> <span class='ocrx_word' id='word_1_518' title='bbox 3062 3214 3235 3284; x_wconf 72' lang='lat' dir='ltr'><strong>copiae</strong></span> <span class='ocrx_word' id='word_1_519' title='bbox 3262 3214 3474 3267; x_wconf 91' lang='lat' dir='ltr'><strong>nullum</strong></span> <span class='ocrx_word' id='word_1_520' title='bbox 3509 3214 3616 3266; x_wconf 80' lang='lat' dir='ltr'><strong>im-</strong></span> 
     </span>
    </p>
   </div>
   <div class='ocr_carea' id='block_1_82' title="bbox 2032 3305 3616 3385">
    <p class='ocr_par' dir='ltr' id='par_1_82' title="bbox 2032 3305 3616 3385">
     <span class='ocr_line' id='line_1_82' title="bbox 2032 3305 3616 3385; baseline -0.004 -17"><span class='ocrx_word' id='word_1_521' title='bbox 2032 3312 2410 3385; x_wconf 88' lang='lat' dir='ltr'><strong>pedimentum</strong></span> <span class='ocrx_word' id='word_1_522' title='bbox 2448 3326 2571 3365; x_wconf 87' lang='lat' dir='ltr'><strong>esse</strong></span> <span class='ocrx_word' id='word_1_523' title='bbox 2601 3318 2804 3381; x_wconf 86' lang='lat' dir='ltr'><strong>potest,</strong></span> <span class='ocrx_word' id='word_1_524' title='bbox 2827 3323 2937 3378; x_wconf 86' lang='lat' dir='ltr'><strong>quo</strong></span> <span class='ocrx_word' id='word_1_525' title='bbox 2958 3306 3143 3363; x_wconf 91' lang='lat' dir='ltr'><strong>minus</strong></span> <span class='ocrx_word' id='word_1_526' title='bbox 3174 3305 3532 3363; x_wconf 84' lang='lat' dir='ltr'><strong>conferantur</strong></span> <span class='ocrx_word' id='word_1_527' title='bbox 3558 3305 3616 3361; x_wconf 89' lang='lat' dir='ltr'><strong>in</strong></span> 
     </span>
    </p>
   </div>
   <div class='ocr_carea' id='block_1_83' title="bbox 2032 3402 2629 3478">
    <p class='ocr_par' dir='ltr' id='par_1_83' title="bbox 2032 3402 2629 3478">
     <span class='ocr_line' id='line_1_83' title="bbox 2032 3402 2629 3478; baseline -0.008 -17"><span class='ocrx_word' id='word_1_528' title='bbox 2032 3421 2309 3478; x_wconf 86' lang='lat' dir='ltr'><strong>pauperes</strong></span> <span class='ocrx_word' id='word_1_529' title='bbox 2337 3402 2629 3460; x_wconf 79' lang='lat' dir='ltr'><strong>beneficia.</strong></span> 
     </span>
    </p>
   </div>
   <div class='ocr_carea' id='block_1_84' title="bbox 2606 3511 2982 3569">
    <p class='ocr_par' dir='ltr' id='par_1_84' title="bbox 2606 3511 2982 3569">
     <span class='ocr_line' id='line_1_84' title="bbox 2606 3511 2982 3569; baseline -0.011 0"><span class='ocrx_word' id='word_1_530' title='bbox 2606 3512 2758 3569; x_wconf 81' lang='lat' dir='ltr'><strong>CAP.</strong></span> <span class='ocrx_word' id='word_1_531' title='bbox 2796 3511 2982 3567; x_wconf 82' lang='lat' dir='ltr'><strong>XLVI.</strong></span> 
     </span>
    </p>
   </div>
   <div class='ocr_carea' id='block_1_85' title="bbox 2103 3604 3618 3674">
    <p class='ocr_par' dir='ltr' id='par_1_85' title="bbox 2103 3604 3618 3674">
     <span class='ocr_line' id='line_1_85' title="bbox 2103 3604 3618 3674; baseline -0.005 -11"><span class='ocrx_word' id='word_1_532' title='bbox 2103 3608 2260 3664; x_wconf 91' lang='lat' dir='ltr'><strong>Sicut</strong></span> <span class='ocrx_word' id='word_1_533' title='bbox 2304 3607 2501 3662; x_wconf 90' lang='lat' dir='ltr'><strong>oculus</strong></span> <span class='ocrx_word' id='word_1_534' title='bbox 2535 3605 2762 3660; x_wconf 89' lang='lat' dir='ltr'><strong>innatus</strong></span> <span class='ocrx_word' id='word_1_535' title='bbox 2796 3613 2882 3660; x_wconf 88' lang='lat' dir='ltr'><strong>est</strong></span> <span class='ocrx_word' id='word_1_536' title='bbox 2911 3604 3157 3674; x_wconf 92' lang='lat' dir='ltr'><strong>corpori,</strong></span> <span class='ocrx_word' id='word_1_537' title='bbox 3191 3606 3267 3660; x_wconf 92' lang='lat' dir='ltr'><strong>ita</strong></span> <span class='ocrx_word' id='word_1_538' title='bbox 3306 3604 3618 3673; x_wconf 89' lang='lat' dir='ltr'><strong>imperator</strong></span> 
     </span>
    </p>
   </div>
   <div class='ocr_carea' id='block_1_86' title="bbox 2031 3693 3616 3768">
    <p class='ocr_par' dir='ltr' id='par_1_86' title="bbox 2031 3693 3616 3768">
     <span class='ocr_line' id='line_1_86' title="bbox 2031 3693 3616 3768; baseline -0.005 -14"><span class='ocrx_word' id='word_1_539' title='bbox 2031 3699 2241 3755; x_wconf 90' lang='lat' dir='ltr'><strong>mundo</strong></span> <span class='ocrx_word' id='word_1_540' title='bbox 2271 3707 2491 3768; x_wconf 89' lang='lat' dir='ltr'><strong>aptatus</strong></span> <span class='ocrx_word' id='word_1_541' title='bbox 2509 3708 2616 3760; x_wconf 83' lang='lat' dir='ltr'><strong>est,</strong></span> <span class='ocrx_word' id='word_1_542' title='bbox 2644 3714 2675 3751; x_wconf 91' lang='lat' dir='ltr'><strong>a</strong></span> <span class='ocrx_word' id='word_1_543' title='bbox 2705 3697 2819 3751; x_wconf 92' lang='lat' dir='ltr'><strong>Deo</strong></span> <span class='ocrx_word' id='word_1_544' title='bbox 2839 3695 3007 3751; x_wconf 68' lang='lat' dir='ltr'><strong>datus</strong></span> <span class='ocrx_word' id='word_1_545' title='bbox 3033 3711 3135 3765; x_wconf 93' lang='lat' dir='ltr'><strong>pro</strong></span> <span class='ocrx_word' id='word_1_546' title='bbox 3168 3693 3616 3750; x_wconf 83' lang='lat' dir='ltr'><strong>administratio-</strong></span> 
     </span>
    </p>
   </div>
   <div class='ocr_carea' id='block_1_87' title="bbox 2029 3788 3618 3860">
    <p class='ocr_par' dir='ltr' id='par_1_87' title="bbox 2029 3788 3618 3860">
     <span class='ocr_line' id='line_1_87' title="bbox 2029 3788 3618 3860; baseline -0.006 -12"><span class='ocrx_word' id='word_1_547' title='bbox 2029 3808 2101 3848; x_wconf 89' lang='lat' dir='ltr'><strong>ne</strong></span> <span class='ocrx_word' id='word_1_548' title='bbox 2134 3807 2329 3847; x_wconf 90' lang='lat' dir='ltr'><strong>eorum</strong></span> <span class='ocrx_word' id='word_1_549' title='bbox 2374 3806 2495 3860; x_wconf 80' lang='lat' dir='ltr'><strong>quae</strong></span> <span class='ocrx_word' id='word_1_550' title='bbox 2527 3790 2652 3845; x_wconf 86' lang='lat' dir='ltr'><strong>usui</strong></span> <span class='ocrx_word' id='word_1_551' title='bbox 2683 3798 2837 3845; x_wconf 89' lang='lat' dir='ltr'><strong>sunt.</strong></span> <span class='ocrx_word' id='word_1_552' title='bbox 2867 3788 3099 3859; x_wconf 88' lang='lat' dir='ltr'><strong>Oportet</strong></span> <span class='ocrx_word' id='word_1_553' title='bbox 3126 3788 3293 3859; x_wconf 80' lang='lat' dir='ltr'><strong>igitur</strong></span> <span class='ocrx_word' id='word_1_554' title='bbox 3330 3801 3459 3843; x_wconf 76' lang='lat' dir='ltr'><strong>eum</strong></span> <span class='ocrx_word' id='word_1_555' title='bbox 3493 3800 3618 3839; x_wconf 81' lang='lat' dir='ltr'><strong>om-</strong></span> 
     </span>
    </p>
   </div>
   <div class='ocr_carea' id='block_1_88' title="bbox 2029 3873 3617 3949">
    <p class='ocr_par' dir='ltr' id='par_1_88' title="bbox 2029 3873 3617 3949">
     <span class='ocr_line' id='line_1_88' title="bbox 2029 3873 3617 3949; baseline -0.005 -12"><span class='ocrx_word' id='word_1_556' title='bbox 2029 3882 2195 3937; x_wconf 91' lang='lat' dir='ltr'><strong>nibus</strong></span> <span class='ocrx_word' id='word_1_557' title='bbox 2250 3880 2571 3935; x_wconf 88' lang='lat' dir='ltr'><strong>bominibus</strong></span> <span class='ocrx_word' id='word_1_558' title='bbox 2603 3879 2761 3949; x_wconf 89' lang='lat' dir='ltr'><strong>quasi</strong></span> <span class='ocrx_word' id='word_1_559' title='bbox 2812 3878 3057 3949; x_wconf 88' lang='lat' dir='ltr'><strong>propriis</strong></span> <span class='ocrx_word' id='word_1_560' title='bbox 3089 3876 3353 3933; x_wconf 90' lang='lat' dir='ltr'><strong>membris</strong></span> <span class='ocrx_word' id='word_1_561' title='bbox 3402 3873 3617 3946; x_wconf 89' lang='lat' dir='ltr'><strong>prospi-</strong></span> 
     </span>
    </p>
   </div>
   <div class='ocr_carea' id='block_1_89' title="bbox 2029 3969 3614 4043">
    <p class='ocr_par' dir='ltr' id='par_1_89' title="bbox 2029 3969 3614 4043">
     <span class='ocr_line' id='line_1_89' title="bbox 2029 3969 3614 4043; baseline -0.004 -13"><span class='ocrx_word' id='word_1_562' title='bbox 2029 3988 2185 4035; x_wconf 87' lang='lat' dir='ltr'><strong>cere.</strong></span> <span class='ocrx_word' id='word_1_563' title='bbox 2226 3983 2289 4028; x_wconf 93' lang='lat' dir='ltr'><strong>ut</strong></span> <span class='ocrx_word' id='word_1_564' title='bbox 2326 3972 2619 4043; x_wconf 78' lang='lat' dir='ltr'><strong>proficiant</strong></span> <span class='ocrx_word' id='word_1_565' title='bbox 2652 3972 2709 4027; x_wconf 91' lang='lat' dir='ltr'><strong>in</strong></span> <span class='ocrx_word' id='word_1_566' title='bbox 2733 3969 2921 4037; x_wconf 89' lang='lat' dir='ltr'><strong>bonis,</strong></span> <span class='ocrx_word' id='word_1_567' title='bbox 2941 3985 3047 4026; x_wconf 87' lang='lat' dir='ltr'><strong>nec</strong></span> <span class='ocrx_word' id='word_1_568' title='bbox 3073 3972 3348 4025; x_wconf 91' lang='lat' dir='ltr'><strong>malorum</strong></span> <span class='ocrx_word' id='word_1_569' title='bbox 3371 3970 3614 4025; x_wconf 73' lang='lat' dir='ltr'><strong>offensa-</strong></span> 
     </span>
    </p>
   </div>
   <div class='ocr_carea' id='block_1_90' title="bbox 2031 4065 2493 4121">
    <p class='ocr_par' dir='ltr' id='par_1_90' title="bbox 2031 4065 2493 4121">
     <span class='ocr_line' id='line_1_90' title="bbox 2031 4065 2493 4121; baseline -0.002 -1"><span class='ocrx_word' id='word_1_570' title='bbox 2031 4065 2157 4120; x_wconf 87' lang='lat' dir='ltr'><strong>culo</strong></span> <span class='ocrx_word' id='word_1_571' title='bbox 2183 4065 2493 4121; x_wconf 88' lang='lat' dir='ltr'><strong>illidantur.</strong></span> 
     </span>
    </p>
   </div>
   <div class='ocr_carea' id='block_1_91' title="bbox 2618 4193 3013 4251">
    <p class='ocr_par' dir='ltr' id='par_1_91' title="bbox 2618 4193 3013 4251">
     <span class='ocr_line' id='line_1_91' title="bbox 2618 4193 3013 4251; baseline -0.005 0"><span class='ocrx_word' id='word_1_572' title='bbox 2618 4195 2769 4251; x_wconf 82' lang='lat' dir='ltr'><strong>CAP.</strong></span> <span class='ocrx_word' id='word_1_573' title='bbox 2801 4193 3013 4251; x_wconf 80' lang='lat' dir='ltr'><strong>XLVII.</strong></span> 
     </span>
    </p>
   </div>
   <div class='ocr_carea' id='block_1_92' title="bbox 2101 4279 3613 4345">
    <p class='ocr_par' dir='ltr' id='par_1_92' title="bbox 2101 4279 3613 4345">
     <span class='ocr_line' id='line_1_92' title="bbox 2101 4279 3613 4345; baseline -0.006 -1"><span class='ocrx_word' id='word_1_574' title='bbox 2101 4289 2455 4345; x_wconf 78' lang='lat' dir='ltr'><strong>Tutissimum</strong></span> <span class='ocrx_word' id='word_1_575' title='bbox 2513 4288 2785 4343; x_wconf 83' lang='lat' dir='ltr'><strong>arbitrare</strong></span> <span class='ocrx_word' id='word_1_576' title='bbox 2819 4287 3017 4342; x_wconf 88' lang='lat' dir='ltr'><strong>salutis</strong></span> <span class='ocrx_word' id='word_1_577' title='bbox 3045 4294 3153 4341; x_wconf 72' lang='lat' dir='ltr'><strong>tum</strong></span> <span class='ocrx_word' id='word_1_578' title='bbox 3200 4282 3533 4344; x_wconf 88' lang='lat' dir='ltr'><strong>custodiam,</strong></span> <span class='ocrx_word' id='word_1_579' title='bbox 3565 4279 3613 4336; x_wconf 85' lang='lat' dir='ltr'><strong>si</strong></span> 
     </span>
    </p>
   </div>
   <div class='ocr_carea' id='block_1_93' title="bbox 2030 4372 3611 4450">
    <p class='ocr_par' dir='ltr' id='par_1_93' title="bbox 2030 4372 3611 4450">
     <span class='ocr_line' id='line_1_93' title="bbox 2030 4372 3611 4450; baseline -0.008 -13"><span class='ocrx_word' id='word_1_580' title='bbox 2030 4384 2309 4437; x_wconf 82' lang='lat' dir='ltr'><strong>neminem</strong></span> <span class='ocrx_word' id='word_1_581' title='bbox 2347 4396 2590 4450; x_wconf 85' lang='lat' dir='ltr'><strong>unquam</strong></span> <span class='ocrx_word' id='word_1_582' title='bbox 2652 4379 3003 4435; x_wconf 86' lang='lat' dir='ltr'><strong>subditorum</strong></span> <span class='ocrx_word' id='word_1_583' title='bbox 3050 4375 3306 4433; x_wconf 73' lang='lat' dir='ltr'><strong>aﬂeceris</strong></span> <span class='ocrx_word' id='word_1_584' title='bbox 3358 4372 3611 4443; x_wconf 84' lang='lat' dir='ltr'><strong>injuria:</strong></span> 
     </span>
    </p>
   </div>
   <div class='ocr_carea' id='block_1_94' title="bbox 2030 4467 3613 4544">
    <p class='ocr_par' dir='ltr' id='par_1_94' title="bbox 2030 4467 3613 4544">
     <span class='ocr_line' id='line_1_94' title="bbox 2030 4467 3613 4544; baseline -0.005 -16"><span class='ocrx_word' id='word_1_585' title='bbox 2030 4474 2125 4544; x_wconf 93' lang='lat' dir='ltr'><strong>qui</strong></span> <span class='ocrx_word' id='word_1_586' title='bbox 2164 4474 2313 4528; x_wconf 90' lang='lat' dir='ltr'><strong>enim</strong></span> <span class='ocrx_word' id='word_1_587' title='bbox 2343 4473 2577 4527; x_wconf 71' lang='lat' dir='ltr'><strong>offendit</strong></span> <span class='ocrx_word' id='word_1_588' title='bbox 2620 4472 2920 4535; x_wconf 89' lang='lat' dir='ltr'><strong>neminem,</strong></span> <span class='ocrx_word' id='word_1_589' title='bbox 2959 4470 3260 4541; x_wconf 92' lang='lat' dir='ltr'><strong>suspicioni</strong></span> <span class='ocrx_word' id='word_1_590' title='bbox 3313 4467 3479 4523; x_wconf 86' lang='lat' dir='ltr'><strong>habet</strong></span> <span class='ocrx_word' id='word_1_591' title='bbox 3510 4479 3613 4520; x_wconf 91' lang='lat' dir='ltr'><strong>ne-</strong></span> 
     </span>
    </p>
   </div>
   <div class='ocr_carea' id='block_1_95' title="bbox 2032 4555 3611 4634">
    <p class='ocr_par' dir='ltr' id='par_1_95' title="bbox 2032 4555 3611 4634">
     <span class='ocr_line' id='line_1_95' title="bbox 2032 4555 3611 4634; baseline -0.005 -17"><span class='ocrx_word' id='word_1_592' title='bbox 2032 4564 2237 4617; x_wconf 91' lang='lat' dir='ltr'><strong>minem</strong></span> <span class='ocrx_word' id='word_1_593' title='bbox 2274 4564 2459 4634; x_wconf 88' lang='lat' dir='ltr'><strong>:quod</strong></span> <span class='ocrx_word' id='word_1_594' title='bbox 2501 4564 2548 4617; x_wconf 91' lang='lat' dir='ltr'><strong>si</strong></span> <span class='ocrx_word' id='word_1_595' title='bbox 2581 4565 2735 4617; x_wconf 88' lang='lat' dir='ltr'><strong>nulla</strong></span> <span class='ocrx_word' id='word_1_596' title='bbox 2765 4577 3101 4633; x_wconf 91' lang='lat' dir='ltr'><strong>quemquam</strong></span> <span class='ocrx_word' id='word_1_597' title='bbox 3132 4560 3351 4615; x_wconf 85' lang='lat' dir='ltr'><strong>allicere</strong></span> <span class='ocrx_word' id='word_1_598' title='bbox 3385 4555 3611 4628; x_wconf 86' lang='lat' dir='ltr'><strong>injuria,</strong></span> 
     </span>
    </p>
   </div>
   <div class='ocr_carea' id='block_1_96' title="bbox 2035 4646 3611 4724">
    <p class='ocr_par' dir='ltr' id='par_1_96' title="bbox 2035 4646 3611 4724">
     <span class='ocr_line' id='line_1_96' title="bbox 2035 4646 3611 4724; baseline -0.006 -16"><span class='ocrx_word' id='word_1_599' title='bbox 2035 4655 2259 4709; x_wconf 88' lang='lat' dir='ltr'><strong>tutelam</strong></span> <span class='ocrx_word' id='word_1_600' title='bbox 2291 4654 2575 4718; x_wconf 87' lang='lat' dir='ltr'><strong>conciliat,</strong></span> <span class='ocrx_word' id='word_1_601' title='bbox 2623 4654 2798 4708; x_wconf 91' lang='lat' dir='ltr'><strong>multo</strong></span> <span class='ocrx_word' id='word_1_602' title='bbox 2824 4653 2999 4724; x_wconf 79' lang='lat' dir='ltr'><strong>magis</strong></span> <span class='ocrx_word' id='word_1_603' title='bbox 3024 4650 3405 4706; x_wconf 78' lang='lat' dir='ltr'><strong>beneflcentiis</strong></span> <span class='ocrx_word' id='word_1_604' title='bbox 3439 4646 3611 4702; x_wconf 88' lang='lat' dir='ltr'><strong>colla-</strong></span> 
     </span>
    </p>
   </div>
   <div class='ocr_carea' id='block_1_97' title="bbox 2030 4739 3613 4813">
    <p class='ocr_par' dir='ltr' id='par_1_97' title="bbox 2030 4739 3613 4813">
     <span class='ocr_line' id='line_1_97' title="bbox 2030 4739 3613 4813; baseline -0.002 -15"><span class='ocrx_word' id='word_1_605' title='bbox 2030 4743 2104 4799; x_wconf 88' lang='lat' dir='ltr'><strong>tis</strong></span> <span class='ocrx_word' id='word_1_606' title='bbox 2150 4743 2201 4798; x_wconf 90' lang='lat' dir='ltr'><strong>id</strong></span> <span class='ocrx_word' id='word_1_607' title='bbox 2236 4744 2534 4813; x_wconf 70' lang='lat' dir='ltr'><strong>praestabit.</strong></span> <span class='ocrx_word' id='word_1_608' title='bbox 2566 4743 2701 4798; x_wconf 89' lang='lat' dir='ltr'><strong>Nam</strong></span> <span class='ocrx_word' id='word_1_609' title='bbox 2736 4752 2797 4798; x_wconf 90' lang='lat' dir='ltr'><strong>ut</strong></span> <span class='ocrx_word' id='word_1_610' title='bbox 2833 4745 3062 4799; x_wconf 90' lang='lat' dir='ltr'><strong>tutelam</strong></span> <span class='ocrx_word' id='word_1_611' title='bbox 3096 4742 3344 4801; x_wconf 76' lang='lat' dir='ltr'><strong>exhibet,</strong></span> <span class='ocrx_word' id='word_1_612' title='bbox 3382 4740 3459 4795; x_wconf 88' lang='lat' dir='ltr'><strong>ita</strong></span> <span class='ocrx_word' id='word_1_613' title='bbox 3481 4739 3613 4795; x_wconf 88' lang='lat' dir='ltr'><strong>eba-</strong></span> 
     </span>
    </p>
   </div>
   <div class='ocr_carea' id='block_1_98' title="bbox 2028 4833 2612 4905">
    <p class='ocr_par' dir='ltr' id='par_1_98' title="bbox 2028 4833 2612 4905">
     <span class='ocr_line' id='line_1_98' title="bbox 2028 4833 2612 4905; baseline 0 -16"><span class='ocrx_word' id='word_1_614' title='bbox 2028 4833 2253 4889; x_wconf 84' lang='lat' dir='ltr'><strong>ritatem</strong></span> <span class='ocrx_word' id='word_1_615' title='bbox 2274 4850 2385 4889; x_wconf 90' lang='lat' dir='ltr'><strong>non</strong></span> <span class='ocrx_word' id='word_1_616' title='bbox 2409 4834 2612 4905; x_wconf 92' lang='lat' dir='ltr'><strong>prodit.</strong></span> 
     </span>
    </p>
   </div>
   <div class='ocr_carea' id='block_1_99' title="bbox 2588 4923 3013 4979">
    <p class='ocr_par' dir='ltr' id='par_1_99' title="bbox 2588 4923 3013 4979">
     <span class='ocr_line' id='line_1_99' title="bbox 2588 4923 3013 4979; baseline -0.005 0"><span class='ocrx_word' id='word_1_617' title='bbox 2588 4923 2741 4979; x_wconf 87' lang='lat' dir='ltr'><strong>CAP.</strong></span> <span class='ocrx_word' id='word_1_618' title='bbox 2780 4923 3013 4977; x_wconf 83' lang='lat' dir='ltr'><strong>XLVIII.</strong></span> 
     </span>
    </p>
   </div>
   <div class='ocr_carea' id='block_1_100' title="bbox 2096 5008 3609 5085">
    <p class='ocr_par' dir='ltr' id='par_1_100' title="bbox 2096 5008 3609 5085">
     <span class='ocr_line' id='line_1_100' title="bbox 2096 5008 3609 5085; baseline -0.005 -14"><span class='ocrx_word' id='word_1_619' title='bbox 2096 5015 2228 5071; x_wconf 88' lang='lat' dir='ltr'><strong>Esto</strong></span> <span class='ocrx_word' id='word_1_620' title='bbox 2257 5015 2521 5080; x_wconf 89' lang='lat' dir='ltr'><strong>subditis,</strong></span> <span class='ocrx_word' id='word_1_621' title='bbox 2552 5015 2901 5085; x_wconf 88' lang='lat' dir='ltr'><strong>pientissime</strong></span> <span class='ocrx_word' id='word_1_622' title='bbox 2940 5015 3264 5084; x_wconf 89' lang='lat' dir='ltr'><strong>imperator,</strong></span> <span class='ocrx_word' id='word_1_623' title='bbox 3325 5018 3383 5067; x_wconf 93' lang='lat' dir='ltr'><strong>et</strong></span> <span class='ocrx_word' id='word_1_624' title='bbox 3414 5008 3609 5065; x_wconf 80' lang='lat' dir='ltr'><strong>formi-</strong></span> 
     </span>
    </p>
   </div>
   <div class='ocr_carea' id='block_1_101' title="bbox 2022 5101 3608 5181">
    <p class='ocr_par' dir='ltr' id='par_1_101' title="bbox 2022 5101 3608 5181">
     <span class='ocr_line' id='line_1_101' title="bbox 2022 5101 3608 5181; baseline -0.004 -18"><span class='ocrx_word' id='word_1_625' title='bbox 2022 5107 2223 5163; x_wconf 91' lang='lat' dir='ltr'><strong>dabilis</strong></span> <span class='ocrx_word' id='word_1_626' title='bbox 2247 5107 2319 5162; x_wconf 90' lang='lat' dir='ltr'><strong>ob</strong></span> <span class='ocrx_word' id='word_1_627' title='bbox 2350 5106 2737 5161; x_wconf 77' lang='lat' dir='ltr'><strong>excellentiam</strong></span> <span class='ocrx_word' id='word_1_628' title='bbox 2783 5106 3099 5181; x_wconf 88' lang='lat' dir='ltr'><strong>potestatis,</strong></span> <span class='ocrx_word' id='word_1_629' title='bbox 3130 5113 3187 5158; x_wconf 91' lang='lat' dir='ltr'><strong>et</strong></span> <span class='ocrx_word' id='word_1_630' title='bbox 3233 5102 3492 5158; x_wconf 82' lang='lat' dir='ltr'><strong>amabilis</strong></span> <span class='ocrx_word' id='word_1_631' title='bbox 3533 5101 3608 5156; x_wconf 91' lang='lat' dir='ltr'><strong>ob</strong></span> 
     </span>
    </p>
   </div>
   <div class='ocr_carea' id='block_1_102' title="bbox 2021 5196 3607 5271">
    <p class='ocr_par' dir='ltr' id='par_1_102' title="bbox 2021 5196 3607 5271">
     <span class='ocr_line' id='line_1_102' title="bbox 2021 5196 3607 5271; baseline -0.005 -15"><span class='ocrx_word' id='word_1_632' title='bbox 2021 5201 2371 5271; x_wconf 81' lang='lat' dir='ltr'><strong>largitionem</strong></span> <span class='ocrx_word' id='word_1_633' title='bbox 2418 5199 2821 5255; x_wconf 69' lang='lat' dir='ltr'><strong>beneficentiae.</strong></span> <span class='ocrx_word' id='word_1_634' title='bbox 2857 5213 3037 5266; x_wconf 86' lang='lat' dir='ltr'><strong>neque</strong></span> <span class='ocrx_word' id='word_1_635' title='bbox 3070 5196 3423 5250; x_wconf 83' lang='lat' dir='ltr'><strong>formidinem</strong></span> <span class='ocrx_word' id='word_1_636' title='bbox 3472 5209 3607 5249; x_wconf 64' lang='lat' dir='ltr'><strong>cono</strong></span> 
     </span>
    </p>
   </div>
   <div class='ocr_carea' id='block_1_103' title="bbox 2020 5289 3607 5362">
    <p class='ocr_par' dir='ltr' id='par_1_103' title="bbox 2020 5289 3607 5362">
     <span class='ocr_line' id='line_1_103' title="bbox 2020 5289 3607 5362; baseline -0.006 -14"><span class='ocrx_word' id='word_1_637' title='bbox 2020 5293 2321 5348; x_wconf 89' lang='lat' dir='ltr'><strong>temnendo</strong></span> <span class='ocrx_word' id='word_1_638' title='bbox 2351 5300 2584 5362; x_wconf 87' lang='lat' dir='ltr'><strong>propter</strong></span> <span class='ocrx_word' id='word_1_639' title='bbox 2610 5306 2878 5353; x_wconf 88' lang='lat' dir='ltr'><strong>amorem,</strong></span> <span class='ocrx_word' id='word_1_640' title='bbox 2906 5304 3010 5345; x_wconf 91' lang='lat' dir='ltr'><strong>nec</strong></span> <span class='ocrx_word' id='word_1_641' title='bbox 3044 5289 3175 5343; x_wconf 91' lang='lat' dir='ltr'><strong>item</strong></span> <span class='ocrx_word' id='word_1_642' title='bbox 3221 5300 3465 5341; x_wconf 88' lang='lat' dir='ltr'><strong>amorem</strong></span> <span class='ocrx_word' id='word_1_643' title='bbox 3505 5300 3607 5339; x_wconf 84' lang='lat' dir='ltr'><strong>ne-</strong></span> 
     </span>
    </p>
   </div>
   <div class='ocr_carea' id='block_1_104' title="bbox 2021 5376 3603 5459">
    <p class='ocr_par' dir='ltr' id='par_1_104' title="bbox 2021 5376 3603 5459">
     <span class='ocr_line' id='line_1_104' title="bbox 2021 5376 3603 5459; baseline -0.007 -18"><span class='ocrx_word' id='word_1_644' title='bbox 2021 5387 2231 5459; x_wconf 80' lang='lat' dir='ltr'><strong>gligens</strong></span> <span class='ocrx_word' id='word_1_645' title='bbox 2263 5385 2334 5440; x_wconf 93' lang='lat' dir='ltr'><strong>ob</strong></span> <span class='ocrx_word' id='word_1_646' title='bbox 2386 5383 2772 5448; x_wconf 88' lang='lat' dir='ltr'><strong>formidinem;</strong></span> <span class='ocrx_word' id='word_1_647' title='bbox 2825 5382 2921 5438; x_wconf 91' lang='lat' dir='ltr'><strong>sed</strong></span> <span class='ocrx_word' id='word_1_648' title='bbox 2976 5391 3085 5437; x_wconf 89' lang='lat' dir='ltr'><strong>tam</strong></span> <span class='ocrx_word' id='word_1_649' title='bbox 3120 5376 3603 5435; x_wconf 85' lang='lat' dir='ltr'><strong>mansuetudinem</strong></span> 
     </span>
    </p>
   </div>
   <div class='ocr_carea' id='block_1_105' title="bbox 2027 5468 3603 5549">
    <p class='ocr_par' dir='ltr' id='par_1_105' title="bbox 2027 5468 3603 5549">
     <span class='ocr_line' id='line_1_105' title="bbox 2027 5468 3603 5549; baseline -0.007 -16"><span class='ocrx_word' id='word_1_650' title='bbox 2027 5495 2142 5549; x_wconf 80' lang='lat' dir='ltr'><strong>pra:</strong></span> <span class='ocrx_word' id='word_1_651' title='bbox 2196 5488 2248 5533; x_wconf 90' lang='lat' dir='ltr'><strong>te</strong></span> <span class='ocrx_word' id='word_1_652' title='bbox 2277 5477 2461 5533; x_wconf 88' lang='lat' dir='ltr'><strong>ferens</strong></span> <span class='ocrx_word' id='word_1_653' title='bbox 2491 5475 2642 5531; x_wconf 87' lang='lat' dir='ltr'><strong>haud</strong></span> <span class='ocrx_word' id='word_1_654' title='bbox 2700 5475 3128 5546; x_wconf 89' lang='lat' dir='ltr'><strong>aspernabilem,</strong></span> <span class='ocrx_word' id='word_1_655' title='bbox 3160 5488 3326 5544; x_wconf 86' lang='lat' dir='ltr'><strong>quam</strong></span> <span class='ocrx_word' id='word_1_656' title='bbox 3377 5468 3603 5526; x_wconf 89' lang='lat' dir='ltr'><strong>nimiam</strong></span> 
     </span>
    </p>
   </div>
   <div class='ocr_carea' id='block_1_106' title="bbox 2026 5562 3606 5640">
    <p class='ocr_par' dir='ltr' id='par_1_106' title="bbox 2026 5562 3606 5640">
     <span class='ocr_line' id='line_1_106' title="bbox 2026 5562 3606 5640; baseline -0.005 -15"><span class='ocrx_word' id='word_1_657' title='bbox 2026 5579 2084 5625; x_wconf 89' lang='lat' dir='ltr'><strong>et</strong></span> <span class='ocrx_word' id='word_1_658' title='bbox 2132 5568 2536 5640; x_wconf 88' lang='lat' dir='ltr'><strong>aspernabilem</strong></span> <span class='ocrx_word' id='word_1_659' title='bbox 2589 5567 3019 5624; x_wconf 63' lang='lat' dir='ltr'><strong>familiaritatem</strong></span> <span class='ocrx_word' id='word_1_660' title='bbox 3062 5565 3262 5621; x_wconf 90' lang='lat' dir='ltr'><strong>immiti</strong></span> <span class='ocrx_word' id='word_1_661' title='bbox 3313 5562 3606 5621; x_wconf 82' lang='lat' dir='ltr'><strong>severitate</strong></span> 
     </span>
    </p>
   </div>
   <div class='ocr_carea' id='block_1_107' title="bbox 2027 5664 2322 5733">
    <p class='ocr_par' dir='ltr' id='par_1_107' title="bbox 2027 5664 2322 5733">
     <span class='ocr_line' id='line_1_107' title="bbox 2027 5664 2322 5733; baseline -0.007 -15"><span class='ocrx_word' id='word_1_662' title='bbox 2027 5664 2322 5733; x_wconf 80' lang='lat' dir='ltr'><strong>castigans.</strong></span> 
     </span>
    </p>
   </div>
   <div class='ocr_carea' id='block_1_108' title="bbox 1854 5774 2088 5833">
    <p class='ocr_par' dir='ltr' id='par_1_108' title="bbox 1854 5774 2088 5833">
     <span class='ocr_line' id='line_1_108' title="bbox 1854 5774 2088 5833; baseline 0.017 -4"><span class='ocrx_word' id='word_1_663' title='bbox 1854 5774 2088 5833; x_wconf 64' lang='lat' dir='ltr'><strong>NOTAE.</strong></span> 
     </span>
    </p>
   </div>
   <div class='ocr_carea' id='block_1_109' title="bbox 416 5775 1934 5941">
    <p class='ocr_par' dir='ltr' id='par_1_109' title="bbox 416 5775 1934 5938">
     <span class='ocr_line' id='line_1_109' title="bbox 416 5775 1934 5938; baseline 0.007 -25"><span class='ocrx_word' id='word_1_664' title='bbox 416 5858 529 5928; x_wconf 69' lang='lat' dir='ltr'><strong>(I5)</strong></span> <span class='ocrx_word' id='word_1_665' title='bbox 581 5861 1072 5930; x_wconf 72' lang='grc' dir='ltr'>Προσκόπτωσιν.</span> <span class='ocrx_word' id='word_1_666' title='bbox 1130 5864 1205 5917; x_wconf 80' lang='lat' dir='ltr'><strong>ita</strong></span> <span class='ocrx_word' id='word_1_667' title='bbox 1264 5865 1483 5922; x_wconf 90' lang='lat' dir='ltr'><strong>codices</strong></span> <span class='ocrx_word' id='word_1_668' title='bbox 1538 5866 1716 5938; x_wconf 77' lang='lat' dir='ltr'><strong>Regii.</strong></span> 
     </span>
    </p>
   </div>
   <div class='ocr_carea' id='block_1_110' title="bbox 2033 5775 2619 5941">
    <p class='ocr_par' dir='ltr' id='par_1_110' title="bbox 2033 5777 2619 5925">
     <span class='ocr_line' id='line_1_110' title="bbox 2033 5777 2088 5833; baseline 0.036 -2"><span class='ocrx_word' id='word_1_669' title='bbox 2033 5777 2088 5833; x_wconf 83' lang='grc' dir='ltr'>Ε.</span> 
     </span>
     <span class='ocr_line' id='line_1_111' title="bbox 2033 5866 2619 5925; baseline -0.002 0"><span class='ocrx_word' id='word_1_670' title='bbox 2033 5870 2351 5925; x_wconf 88' lang='grc' dir='ltr'>οκόπτωσιν.</span> <span class='ocrx_word' id='word_1_671' title='bbox 2384 5866 2619 5924; x_wconf 66' lang='grc' dir='ltr'>Βικυυιι.</span> 
     </span>
    </p>
   </div>
  </div>
