4088 6634
442 418 578 482 1179
676 371 684 378 ’
808 413 817 423 ’
1735 410 2058 476 AGAPETI
2097 411 2407 475 DIACONI
3560 404 3721 473 uso

1029 524 1185 581 CAP.
1226 523 1417 581 XLIX.
2045 532 2092 586 Α

2045 532 2092 586 Α
2697 527 2945 582 ΚΕΦΑΔ.
2981 526 3115 581 ΜΘ’.

462 664 465 665 ν
508 622 639 688 Quae
671 618 912 675 subditis
956 618 1126 673 verbo
1156 618 1313 687 quasi
1352 617 1472 688 lege
1521 613 1857 686 praescribis,
1895 614 2013 670 haec

2193 619 2256 673 ’Ἀ
2284 621 2398 682 τοῖς
2422 618 2688 690 ὑπηκόοις
2717 621 3036 691 νομοθετεῖς
3059 619 3149 674 διὰ
3186 617 3296 672 τῶν
3334 615 3510 683 λόγων
3531 628 3545 644 ’
3575 616 3722 670 ταῦ-

437 722 493 765 tu
525 710 870 781 praeveniens
928 708 1110 778 reipsa
1141 705 1488 777 praestiteris,
1516 716 1577 761 ut
1604 705 1789 760 verbis
1809 704 2014 775 quibus

2115 727 2184 763 τα
2214 711 2507 782 προλαϐὼν
2553 711 2839 778 ὑπέδειξας
2865 712 2954 767 διὰ
2979 711 3088 765 τῶν
3109 711 3319 783 ἔργων⁹
3351 708 3441 763 ἵνα
3472 708 3584 772 τοῖς
3614 706 3713 759 λό-

434 802 775 873 persuades,
836 800 1049 871 integra
1091 814 1315 870 quoque
1360 800 1473 854 vita
1521 798 1854 869 astipulctur
1889 797 2014 852 :sic

2114 820 2233 867 γοις
2265 799 2348 869 οἷς
2398 804 2630 874 πείθεις,
2674 806 2772 862 καὶ
2804 805 3046 879 χρηστὸς
3093 801 3533 874 συναγωνίζηται
3564 800 3711 873 βίος.

433 896 582 950 enim
635 893 1075 949 commendabile
1106 902 1262 948 tuum
1291 890 1635 947 asseverabis
1682 889 1973 962 imperium
1994 932 2010 956 ,

2115 899 2273 952 Οὕτω
2320 899 2432 981 γάρ
2479 899 2771 972 εὐδόκιμον
2826 901 3080 970 ἀποφανῇ
3133 913 3227 951 σου
3258 894 3320 949 τὸ
3359 896 3583 966 κράτος,
3607 896 3714 950 καὶ

433 985 480 1042 si
508 993 565 1041 et
594 983 946 1039 ratiocineris
997 997 1111 1039 non
1160 983 1282 1037 sine
1326 996 1518 1052 opere,
1540 989 1596 1037 et
1621 981 1871 1052 opereris
1900 995 2013 1035 non

1762 981 1871 1038 eris
1900 995 2013 1035 non
2115 989 2290 1059 λέγων
2327 991 2676 1064 πρακτικῶς,
2706 992 2803 1047 καὶ
2831 992 3091 1064 πράττων
3117 987 3376 1058 λογικῶς.

434 1077 556 1132 sine
603 1075 843 1130 ratione.

1087 1189 1239 1247 CAP.
1278 1189 1342 1245 L.

2716 1190 2970 1245 ΚΕΦΔΛ.
3012 1189 3098 1244 N'.

499 1286 610 1344 Eos
641 1288 766 1358 plus
792 1300 937 1349 ama,
962 1282 1331 1341 Serenissime
1372 1281 1701 1351 Imperator,
1760 1278 2012 1350 accipere

2188 1280 2360 1337 Πλέον
2411 1281 2627 1352 ἀγάπα,
2664 1281 2887 1352 βασιλεῦ
2935 1281 3295 1354 γαληνότατε,
3322 1280 3456 1344 τοὺς
3481 1278 3704 1351 λαμϐά-

432 1376 532 1432 abs
569 1386 622 1431 te
654 1374 919 1432 beneﬁcia
953 1374 1049 1444 qui
1073 1373 1403 1444 supplicant,
1437 1386 1601 1441 quam
1625 1369 1723 1424 tibi
1746 1369 1843 1439 qui
1874 1383 2011 1424 con-

2115 1391 2228 1428 νειν
2283 1373 2436 1445 παρὰ
2489 1374 2585 1430 σοῦ
2640 1376 2875 1447 χάριτας
2930 1373 3276 1438 ἱκετεύοντας
3303 1411 3319 1437 ,
3374 1372 3520 1443 ἢπερ
3571 1373 3705 1435 τοὺς

437 1470 666 1524 tendunt
700 1468 901 1524 offerre
930 1481 1161 1520 munera
1209 1481 1223 1518 :
1265 1464 1351 1519 his
1407 1462 1556 1518 enim
1600 1461 1824 1516 debitor
1868 1459 2012 1515 refe-

2117 1467 2522 1534 σπουδάζοντας
2550 1468 2763 1539 δωρεάς
2795 1485 2878 1522 σοι
2910 1466 3270 1540 προσφέρειν.
3296 1463 3424 1528 Τοῖς
3455 1465 3557 1535 μὲν
3587 1463 3700 1534 γὰρ

434 1559 591 1613 rcndi
644 1558 874 1629 gratiam
942 1554 1215 1619 elliceris;
1271 1552 1351 1608 illi
1421 1567 1556 1606 vero
1589 1549 1727 1605 dant
1778 1548 2010 1614 vadem,

2113 1558 2403 1630 ὀφειλέτης
2445 1560 2687 1632 ἀμοιϐῆς
2722 1560 3083 1616 καθίστασαν
3119 1561 3168 1616 οί
3215 1559 3273 1613 δέ
3303 1575 3388 1612 σοι
3427 1557 3522 1613 τὸν
3567 1556 3703 1611 Θεὸν

430 1650 802 1705 vindicantem
849 1648 954 1702 sibi
999 1660 1343 1717 quaecunque
1369 1659 1500 1714 erga
1533 1641 1815 1714 supplices
1871 1656 2009 1696 con-

2113 1650 2401 1723 όφειλέτηι
2432 1653 2670 1721 ποιοῦσι,
2717 1653 2810 1707 τὸν
2857 1651 3233 1722 οἰκειούμενον
3274 1649 3346 1704 τά
3391 1650 3469 1712 είς
3502 1648 3700 1711 αὐτοὺς

432 1740 642 1803 tuleris.
709 1751 769 1795 et
826 1746 1276 1797 remunerantem
1319 1736 1481 1791 bonis
1542 1732 2012 1790 retributionibus

2113 1742 2395 1813 γινόμενα,
2454 1744 2552 1799 καὶ
2603 1744 2972 1816 ἀμειϐόμενον
3005 1743 3244 1814 ἀγαθαῖς
3272 1740 3581 1797 ἀντιδόσεσι
3606 1738 3702 1795 τὸν

431 1841 580 1888 tuam
606 1841 714 1888 tam
750 1833 898 1904 piam
924 1847 1089 1903 quam
1121 1830 1518 1901 perhumanam
1543 1827 1932 1883 intentionem.
2039 1900 2045 1910 ί

1691 1828 1932 1883 itionem.
2039 1900 2077 1910 ,λ
2115 1834 2364 1906 φιλόθεον
2417 1836 2513 1890 καὶ
2540 1836 2921 1910 φιλάνθρωπόν
2949 1853 3043 1890 σου
3082 1835 3305 1890 σκοπόν.

1098 1964 1252 2021 CAP.
1280 1963 1368 2020 LI.
2038 1900 2081 1956 Β
2688 1952 2712 2005 1

2038 1900 2081 1956 Β
2688 1951 2940 2005 ΚΕΦΑΛ.
2973 1947 3102 2003 NA'.
3128 1941 3133 1947 ’

495 2056 642 2113 Solis
686 2056 934 2128 profecto
970 2063 1160 2127 partes
1200 2061 1352 2122 sunt,
1403 2052 1685 2107 illustrare
1716 2049 1890 2105 radiis
1917 2062 2012 2103 or-

2193 2040 2374 2095 Ἦλῐου
2403 2041 2502 2109 μὲν
2523 2040 2686 2113 ἔργον
2713 2044 2854 2107 ἐστὶ,
2885 2040 2947 2096 τὸ
2974 2041 3363 2113 καταλάμπειν
3389 2039 3512 2103 ταῖς
3533 2038 3698 2094 ἀκτῖ-

426 2150 553 2206 hem
594 2170 608 2204 :
632 2149 902 2221 principis
921 2164 1055 2205 vero
1082 2147 1263 2202 virtus
1285 2154 1369 2201 est
1399 2158 1706 2216 egenorum
1730 2140 2006 2197 misereri.

2111 2148 2165 2186 σι
2220 2131 2319 2203 τὴν
2369 2133 2582 2188 κτίσιν
2619 2135 2853 2198 ἄνακτος
2888 2134 2948 2188 δὲ
2997 2133 3192 2205 ἀρετὴ,
3239 2133 3302 2187 τδ
3348 2131 3527 2185 ὲλεετν
3582 2132 3701 2195 τοῖς

426 2243 601 2299 Porro
637 2242 731 2296 illo
758 2241 960 2295 clarior
979 2249 1065 2295 est
1105 2240 1429 2308 imperator,
1452 2235 1549 2307 qui
1580 2235 1707 2305 pius
1733 2242 1820 2304 est
1854 2250 1869 2288 :
1916 2232 2010 2289 ille

2108 2225 2385 2296 δεομένοις
2418 2226 2553 2298 (16).
2588 2226 2862 2283 Κάκείνου
2891 2226 2947 2280 δὲ
2978 2224 3378 2298 φανερώτερος,
3408 2225 3438 2278 ό
3463 2223 3702 2294 εὐσεϐὴς

429 2348 669 2404 namque
697 2332 847 2388 cedit
874 2329 1197 2387 succedenti
1236 2329 1418 2394 nocti;
1452 2327 1546 2383 hic
1573 2332 1759 2381 autem
1791 2321 2011 2394 rapaci-

2112 2317 2365 2389 βασιλεύς
2385 2336 2399 2351 ·
2432 2322 2460 2374 ό
2490 2320 2591 2392 μὲν
2617 2321 2728 2393 γὰρ
2762 2321 3040 2397 ὑποχωρεῖ
3083 2320 3152 2379 τῇ
3195 2318 3413 2390 διαδοχῇ
3438 2318 3541 2386 τῆς
3602 2335 3703 2371 νυ·-

428 2426 528 2480 tati
569 2440 864 2495 pravorum
904 2438 1015 2479 non
1049 2421 1308 2478 concedit
1341 2421 1657 2492 indulgetve
1679 2417 2009 2489 quidquam,

2110 2412 2238 2476 κτός
2257 2430 2271 2445 ·
2301 2415 2329 2467 ό
2364 2413 2421 2468 δὲ
2445 2416 2506 2468 οὐ
2537 2417 2864 2487 παραχωρεῖ
2890 2418 2956 2487 τῇ
2991 2416 3313 2487 συναρπαγῇ
3346 2413 3459 2468 τῶν
3485 2410 3700 2476 κακῶν,

438 2518 537 2573 sed
560 2517 768 2572 lumine
799 2515 1051 2572 veritatis
1075 2514 1383 2586 iniquitatis
1414 2513 1633 2569 occulta
1661 2510 1932 2581 coarguit.

2108 2503 2246 2559 ἀλλά
2272 2505 2348 2576 τῷ
2381 2508 2523 2578 φωτὶ
2544 2507 2647 2578 τῆς
2669 2507 2934 2580 ἀληθείας
2959 2507 3235 2580 ἐξελέγχει
3260 2507 3330 2575 τὰ
3352 2504 3576 2580 κρυπτά
3596 2504 3703 2577 τῆς

2108 2596 2341 2651 ἀδικίας.
2825 2587 2838 2602 ’

2179 2614 2341 2662 ικιας.

1069 2714 1225 2771 CAP.
1260 2712 1374 2768 LII.
1848 2724 1851 2727 ·

1848 2724 1851 2727 ’
2691 2713 2944 2769 ΚΕΦΑΛ.
2983 2714 3110 2768 NB'.

494 2808 712 2864 Priores
737 2806 961 2878 quidem
990 2815 1043 2863 te
1076 2808 1442 2877 imperatores
1460 2801 1809 2873 principatus
1838 2800 2007 2856 ador-

2180 2804 2320 2870 Τοὺς
2350 2804 2449 2874 μὲν
2475 2804 2585 2879 πρὸ
2631 2805 2728 2861 σοῦ
2774 2807 3014 2879 βασιλεῖς
3039 2809 3073 2880 ἡ
3103 2807 3249 2880 ἀρχὴ
3271 2805 3699 2876 κατεκόσμησεο

427 2898 610 2962 navit;
654 2906 712 2952 tu
746 2913 879 2953 vero
910 2913 1061 2962 eum,
1115 2895 1592 2968 prmatantissime,
1643 2893 2006 2949 illustriorem

2110 2901 2175 2954 σὺ
2202 2899 2260 2954 δὲ
2279 2899 2504 2971 ταύτην,
2527 2899 2810 2972 κράτιστε,
2840 2900 3204 2973 φαιδροτέραν
3234 2901 3519 2970 ἐποίησας,
3554 2900 3702 2970 ἡμε-

427 2988 764 3056 reddidisti,
819 2988 1248 3044 mansuetudine
1309 2997 1626 3056 temperans
1670 2984 2008 3055 diluensque

2112 2990 2297 3062 ρότητι
2328 2989 2533 3062 κιρνῶν
2565 2991 2666 3061 τῆς
2698 2991 2951 3057 ἐξουσίας
2978 2990 3072 3045 τὸν
3106 2990 3297 3061 ὄγκον,
3329 2991 3424 3045 καὶ
3458 2986 3703 3060 χρηστό-

427 3090 704 3138 austeram
763 3080 1057 3152 potestatis
1102 3081 1325 3143 molem,
1358 3078 1722 3147 honitateque
1772 3077 2008 3132 vincens

2108 3099 2234 3152 τητι
2261 3081 2426 3136 νικῶν
2454 3081 2564 3135 τῶν
2586 3081 2922 3154 προσιόντων
2961 3099 3046 3136 σοι
3078 3082 3172 3149 τὸν
3193 3081 3381 3152 φόϐον.
3415 3081 3580 3135 Ὅθεν
3617 3079 3701 3151 τῷ

426 3173 750 3229 adeuntium
808 3182 861 3229 te
889 3172 1266 3229 formidinem.
1297 3170 1647 3241 Quapropter
1707 3179 1816 3225 tuae
1848 3184 2007 3224 sere-

2111 3173 2293 3246 λιμένι
2336 3174 2438 3245 τῆς
2492 3174 2593 3244 σῆς
2627 3173 2998 3247 γαληνότητος
3044 3174 3251 3239 πάντες
3303 3174 3703 3247 προσορμῶσιν

425 3267 619 3322 litatis
664 3273 889 3337 portum
920 3266 1164 3321 subeunt
1203 3279 1430 3327 omnes,
1483 3263 1579 3334 qui
1625 3260 2039 3318 misericordia'

2113 3239 2405 3330 oi-éléooe
2430 3239 2702 3337 δεόμενοι,
2753 3239 2851 3321 καὶ
2888 3239 3004 3322 τῶν
3058 3268 3322 3338 κυμάτων
3349 3239 3704 3345 υτῆςῖαπενίιπς

428 3358 679 3427 indigent
734 3357 1106 3426 ﬂuctibusque
1149 3355 1492 3427 paupertatis
1528 3354 1782 3421 liberati,
1825 3362 2013 3426 gratos

2111 3359 2609 3432 ἀπαλλαττόμενοι,
2629 3358 3086 3434 εὐχαριστηρίους
3108 3358 3313 3433 ὕμνους
3338 3376 3421 3413 σοι
3448 3356 3626 3413 ἀναπέ
3634 3377 3705 3428 μ-

428 3451 665 3521 hymnos
693 3447 763 3504 ad
792 3457 846 3505 te
873 3448 1172 3506 missitant.

715 3447 763 3504 id
792 3457 846 3505 te
873 3448 1172 3506 missitant.
2114 3469 2329 3508 πουσιν.

1042 3562 1197 3619 CAP.
1236 3561 1371 3617 LIII.

2705 3568 2958 3623 ΚΕΦΑΛ.
2988 3567 3118 3627 NI".

498 3656 777 3724 Quantum
808 3660 1092 3724 potestate
1114 3652 1334 3707 caeteris
1355 3649 1665 3717 antecellis,
1692 3658 1907 3707 tantum
1928 3649 2014 3706 fa-

2186 3658 2352 3712 ὐσον
2392 3660 2460 3730 τῇ
2493 3658 2784 3729 δυναστείᾳ
2818 3658 3036 3712 πάντων
3087 3654 3467 3728 ὑπερανέχεις.
3507 3651 3704 3708 τοσοῦ-

431 3748 537 3805 ctis
569 3749 737 3803 etiam
779 3745 1019 3802 emicare
1047 3753 1174 3799 ante
1225 3744 1364 3799 alios
1392 3743 1606 3799 enitere
1648 3760 1665 3798 :
1703 3743 2014 3814 persuasis-

2114 3768 2204 3805 τον
2231 3751 2328 3805 καὶ
2368 3754 2483 3816 τοῖς
2510 3750 2695 3823 ἔργοις
2735 3750 3116 3822 ὑπερλάμπειν
3152 3747 3420 3818 ἀγωνίζου
3452 3762 3467 3778 ⁸
3502 3744 3700 3800 ἀναλο-

430 3840 634 3896 simum
656 3839 806 3894 enim
826 3836 968 3891 habe
990 3852 1111 3891 eam
1143 3836 1244 3892 abs
1268 3844 1321 3890 te
1351 3836 1621 3905 postulari
1650 3836 2015 3892 honestorum

2114 3844 2317 3914 γοῦσαν
2346 3844 2457 3917 γάρ
2492 3844 2572 3915 τῷ
2603 3844 2824 3916 μεγέθει
2858 3845 2960 3915 τῆς
2989 3842 3272 3914 δυνάμεως
3307 3841 3407 3912 τὴν
3430 3839 3712 3911 ἐργασίαν.

431 3932 833 4003 operationem,
872 3945 994 4012 qua:
1028 3929 1396 4001 magnitudini
1427 3929 1632 3997 virium
1660 3929 2015 4001 proportione

2115 3938 2224 3992 τῶν
2243 3937 2425 3993 καλῶν
2457 3937 2806 3992 ἀπαιτεῖσθαι
2834 3937 3227 4009 προσδόκησον.
3254 3936 3374 3989 ἰνα
3391 3934 3572 3988 τοίνυν
3594 3949 3705 3986 πα-

432 4024 788 4094 respondeat.
824 4022 895 4077 Ut
929 4022 1097 4093 igitur
1126 4038 1156 4077 a
1192 4023 1304 4077 Deo
1350 4023 1507 4092 quasi
1558 4038 1658 4092 per
1704 4038 2015 4093 praeconem

2119 4033 2189 4103 pit
2214 4031 2352 4085 Θεοῦ
2402 4031 2813 4103 ἀνακηρυχθῇς,
2848 4029 2989 4107 μετά
3013 4028 3105 4085 τοῦ
3138 4028 3403 4098 στεφάνου
3433 4029 3533 4097 τῆς
3559 4026 3702 4098 ἀητ-

431 4118 614 4171 victor
654 4114 980 4179 declareris,
1012 4129 1217 4169 corona
1249 4114 1438 4170 invicti
1471 4115 1688 4185 imperii
1726 4123 1821 4170 tuo
1849 4116 2017 4187 capiti

2115 4124 2278 4193 τήτου
2308 4121 2606 4193 βασιλείας,
2635 4121 2837 4193 κτῆσαι
2866 4122 2962 4175 καὶ
2991 4120 3052 4175 τὸ
3089 4119 3312 4191 στέμμα
3341 4117 3442 4189 τῆς
3466 4116 3575 4170 τῶν
3602 4132 3703 4169 πεο

433 4207 687 4278 imposita
713 4248 726 4271 ,
758 4221 1020 4262 coronam
1050 4205 1218 4261 etiam
1249 4205 1628 4262 beneﬁcentiae
1647 4222 1776 4278 erga
1813 4223 2020 4281 paupe-

981 4222 1020 4260 n
1050 4205 1218 4261 etiam
1249 4205 1628 4262 beneﬁcentiae
1647 4222 1776 4278 erga
1813 4223 2020 4281 paupe-
2116 4213 2292 4285 νήτων
2322 4212 2595 4277 εὐποιίας.

432 4314 523 4356 res
545 4297 844 4369 acquirito.
3334 4349 3363 4398 ί
3376 4341 3419 4401 5

1056 4410 1209 4467 CAP.
1244 4409 1372 4466 LIV.

2683 4414 2939 4469 ΚΕΦΑΛ.
2989 4409 3112 4468 ΝΔ’.

500 4504 893 4575 Contemplare
930 4503 1073 4560 bene
1135 4504 1458 4575 priusquam
1493 4501 1722 4559 mandes
1747 4517 1871 4575 qua:
1899 4502 2017 4562 ﬁeri

2190 4511 2430 4566 Σκέπτου
2460 4510 2594 4583 πρὶν
2618 4507 2927 4565 ἐπιτάττειν
2952 4506 2988 4560 ἃ
3018 4504 3213 4569 θέλεις,
3239 4503 3330 4558 ἴνα
3358 4499 3702 4575 προστάττῃς

428 4600 567 4655 velis
602 4617 616 4655 :
646 4600 727 4655 sic
760 4597 854 4654 (iet
883 4606 954 4670 ut.
974 4612 1194 4669 semper
1224 4596 1534 4669 prudenter
1553 4596 1753 4667 jubeas
1777 4614 1901 4669 quae
1931 4597 2014 4654 l‘as

2117 4606 2406 4679 ἐμφρόνως
2445 4604 2483 4660 ἀ
2543 4605 2705 4676 θέμις
2732 4620 2747 4635 ’
2802 4598 3044 4667 ei)de
3090 4599 3199 4671 γὰρ
3233 4597 3295 4651 τὸ
3314 4596 3413 4665 τῆς
3453 4593 3704 4666 γλώττης

428 4699 556 4746 est:
590 4689 866 4745 lubricum
929 4686 1077 4743 enim
1132 4696 1218 4744 est
1277 4686 1709 4744 instrumentum
1786 4688 2011 4760 linguae,

2120 4700 2373 4772 ὄργανον,
2405 4700 2500 4752 καὶ
2527 4699 2782 4770 μέγιστον
2817 4693 3051 4766 παρέχει
3088 4694 3196 4754 τοῖς
3223 4686 3487 4761 ἀμελοῦσι
3516 4685 3700 4742 κίνδυ-

429 4783 841 4853 maximumque
859 4781 1022 4838 affert
1046 4779 1457 4859 negligentibus
1479 4779 1792 4851 periculum
1822 4797 1836 4834 :
1862 4780 2014 4851 quod

2120 4809 2231 4846 νον.
2261 4791 2324 4844 Ei
2353 4789 2409 4844 δὲ
2437 4789 2529 4843 τὸν
2554 4788 2755 4859 εὐσεϐῆ
2786 4783 3046 4856 λογισμὸν
3080 4784 3155 4847 ὡς
3185 4779 3454 4854 μουσικὴν
3480 4775 3703 4847 ἐπιστῆ-

430 4874 478 4929 si
506 4874 657 4945 pium
697 4873 1040 4929 intellectum
1086 4872 1241 4927 velut
1263 4870 1530 4927 musicam
1564 4871 1644 4926 illi
1674 4869 2012 4941 prazl'eceris,

2121 4899 2234 4947 σεις
2253 4881 2422 4954 αὐτῷ,
2449 4882 2510 4936 τὸ
2536 4878 2907 4953 παναρμόνιον
2934 4877 3034 4948 τῆς
3076 4873 3281 4948 ἀρετῆς
3303 4869 3704 4944 ἀνακρούσεται

430 4965 694 5021 omnibus
721 4965 1023 5022 harmonia:
1056 4964 1304 5021 numeris
1342 4963 1734 5020 concinnatum
1765 4961 2018 5018 modula-
2125 4977 2308 5049 μέλος,

431 5054 584 5111 bitur
624 5055 821 5113 melos.

1066 5168 1225 5226 CAP.
1260 5168 1372 5224 LV.

2689 5149 2942 5205 ΚΕΦΑΛ.
3001 5144 3129 5202 NE’.

503 5260 744 5317 Acutum
774 5261 999 5333 quidem
1030 5277 1152 5319 esse
1186 5269 1406 5332 oportet
1430 5258 1739 5331 principem
1782 5272 1908 5314 cum
1954 5257 2012 5313 in

2202 5248 2358 5315 Ὀξὺν
2402 5248 2502 5321 μὲν
2533 5240 2677 5303 εἶναι
2714 5246 2821 5318 χρὴ
2847 5244 2976 5316 περὶ
3017 5243 3196 5297 πάντα
3221 5240 3314 5296 τὸν
3342 5239 3575 5304 ἄνακτα,
3603 5232 3698 5290 καὶ

432 5355 560 5409 aliis
584 5362 701 5410 tum
730 5328 818 5409 vel
852 5355 1092 5411 maxime
1128 5354 1184 5409 in
1214 5328 1549 5425 proferendo
1577 5328 1646 5408 de
1672 5352 1840 5407 rebus
1868 5350 2013 5407 (ὶίθί-

2125 5343 2358 5415 μάλιστα
2380 5342 2509 5412 περὶ
2533 5339 2634 5403 τάς
2657 5337 2869 5410 κρίσεις
2893 5335 3004 5390 τῶν
3036 5332 3312 5406 δυσχερῶν
3336 5328 3697 5425 πραγμάτωνς

436 5445 661 5502 cillimis
694 5446 908 5517 judicio
938 5465 953 5502 :
990 5447 1203 5503 lentum
1243 5454 1429 5502 autem
1464 5445 1624 5501 valde
1667 5444 1734 5500 ad
1765 5445 2012 5500 irascen-

2123 5436 2319 5509 βραδὺν
2348 5434 2403 5489 δὲ
2435 5433 2556 5499 λίαν
2588 5434 2667 5496 είς
2696 5431 2866 5503 ὀργὴν
2895 5427 3323 5484 ἐπιδείκνυσθαι.
3363 5419 3584 5491 Ἐπειδὴ
3604 5419 3702 5517 καὶ

434 5537 591 5593 dum.
633 5538 701 5593 Et
723 5539 985 5608 quoniam
1021 5538 1338 5594 omnimoda
1372 5537 1469 5594 irae
1514 5537 1762 5593 absentia
1820 5552 2015 5608 asper-

2120 5531 2180 5584 τδ
2214 5528 2388 5600 πάντη
2428 5526 2700 5597 ἀόργητον
2730 5520 3205 5593 εὐκαταφρόνητον
3223 5560 3239 5586 ,
3273 5518 3367 5575 καὶ
3407 5510 3698 5588 θυμούσθω

434 5631 640 5690 habilis
691 5640 812 5700 est,
874 5642 933 5690 et
986 5633 1258 5689 irascatur
1313 5631 1671 5689 mediocriter
1702 5671 1720 5700 ,
1786 5638 1847 5687 et
1902 5644 2016 5687 non

2125 5622 2385 5696 μετρίως,
2415 5619 2513 5675 καὶ
2538 5617 2613 5690 μὴ
2634 5615 2953 5672 θυαούσθωο
2985 5615 3046 5671 τὸ
3076 5612 3198 5688 μὲν,
3226 5613 3314 5668 ἵνα
3346 5611 3455 5669 τῶν
3478 5610 3699 5685 φαύλων

1946 5765 2179 5825 NOTAE.

513 5878 623 5953 (16)
663 5879 739 5936 Τὸ
792 5878 984 5937 ἐλεεῖν
1038 5880 1161 5951 τοῖς
1190 5882 1516 5955 δεομένοις.
1545 5882 1674 5940 Mss.
1713 5883 1847 5955 Reg.
1882 5898 1932 5937 τ.
1964 5880 2011 5936 ἒ.
2054 5878 2127 5935 τοὶ

1190 5882 1516 5955 δεομένοις.
1545 5882 1674 5940 Mss.
1713 5883 1847 5955 Reg.
1882 5898 1932 5937 τ.
1964 5880 2011 5936 ὲ.
2054 5878 2183 5943 τοὺς
2213 5875 2527 5948 δεομένους.
2566 5872 2801 5929 manus.
