4088 6536
320 449 457 512 1ἶ81

1530 451 1798 510 CAPI'I‘A
1838 450 2400 511 ADMONITORIA.

3460 441 3601 507 1182

317 565 415 626 τὰς
457 562 631 633 ὁρμὰς
658 562 959 636 αναστέλλῃ
982 576 999 596 ⁸
1024 563 1084 617 τὸ
1114 562 1171 618 δὲ
1198 602 1213 627 ,
1248 564 1335 617 ἴνα
1368 564 1466 628 τὰς
1496 564 1753 637 ἀφορμὰς
1798 566 1906 618 τῶν

2034 577 2277 621 rascatur
2317 571 2537 635 oportet
2570 581 2582 616 :
2620 562 2751 617 illud
2786 603 2800 625 ,
2860 572 2919 617 ut
2977 576 3275 632 pravorum
3328 558 3600 629 impetum

320 655 574 728 χρηστῶν
604 655 883 729 ἀνιχνεύῃ.

886 858 1137 915 ΚΕΦΑΛ.
1190 858 1337 926 Νςῖν.

400 951 489 1005 Ἐν
509 948 588 1020 τῷ
612 948 830 1020 ἀκριϐεῖ
847 949 947 1019 τῆς
973 948 1202 1021 καρδίας
1237 967 1330 1002 σου
1360 948 1745 1020 βουλευτηρίῳ,
1784 950 1907 1002 ἐπι-

322 1043 501 1114 μελῶς
531 1041 783 1095 κατανόει
812 1041 921 1095 τῶν
947 1042 1215 1095 συνόντων
1251 1058 1331 1094 σοι
1368 1042 1494 1104 τοὺς
1525 1041 1781 1111 τρόπους.
1816 1042 1905 1095 ἴνα

319 1134 594 1207 γινώσκῃς
622 1133 865 1204 ἀκριϐῶς
894 1136 988 1188 καὶ
1022 1136 1147 1198 τοὺς
1172 1136 1231 1188 ἐν
1259 1135 1449 1207 ἀγάπῃ
1476 1134 1905 1205 θεραπεύοντας,

319 1230 414 1282 καὶ
444 1230 569 1291 τοὺς
599 1231 656 1281 ὲν
680 1227 863 1300 ἀπάτῃ
895 1229 1291 1293 κολακεύοντας
1311 1246 1324 1259 ⁸
1352 1229 1538 1282 πολλοὶ
1566 1228 1678 1298 γὰρ
1702 1228 1907 1282 εὐνοεῖν

321 1322 781 1392 ὑποκρινόμενοι,
852 1324 1068 1394 μεγάλα
1121 1326 1248 1390 τοὺς
1316 1326 1677 1391 πιστεύοντας
1738 1344 1909 1382 κατα-

322 1416 565 1471 ϐλάπτον
574 1434 625 1471 σι

892 1530 1143 1583 ΚΕΦΛΛ.
1198 1531 1324 1585 NZ'.

392 1646 565 1714 Λόγον
608 1644 849 1709 ἀκούσας
915 1645 1197 1714 ὠφελῆσαι
1255 1646 1577 1716 δυνάμενον,
1629 1647 1703 1717 μὴ
1750 1643 1921 1717 μόνον’

320 1739 458 1809 ἀκοῇ
486 1740 696 1803 τοῦτον,
729 1738 865 1791 ἀλλά
896 1740 988 1792 καὶ
1012 1738 1209 1807 πράξει
1232 1738 1479 1808 διαδέχου
1499 1757 1512 1770 ·
1549 1739 1693 1794 οὕτω
1716 1741 1826 1812 γάρ
1850 1741 1927 1807 τδρ

320 1828 415 1882 τοῦ
455 1828 720 1899 βασιλέως
745 1829 1063 1898 ἀγλαΐζεται
1090 1830 1310 1901 κράτος,
1341 1831 1468 1884 ὅταν
1496 1832 1529 1903 ἢ
1555 1833 1685 1903 παρ’
1713 1815 1926 1886 ὲαυτοῦί

2013 660 2377 728 comprimat;
2435 657 2541 711 hoc
2566 697 2580 721 ,
2620 665 2679 710 ut
2715 655 3117 726 propensiones
3162 654 3433 707 bonorum
3466 666 3601 721 pcr-

2012 751 2265 821 vestiget.

2671 856 2824 913 CAP.
2860 856 2994 910 LVI.

2086 956 2145 1011 In
2185 952 2459 1023 exquisita
2502 948 2582 1006 tui
2614 947 2801 1004 cordis
2847 946 3003 1000 curia
3032 943 3334 1014 diligenter
3383 938 3603 1011 perspi-

2014 1048 2148 1112 eito,
2197 1045 2648 1101 conversantium
2678 1051 2860 1097 tecum
2890 1053 3075 1094 mores
3108 1045 3169 1091 ut
3203 1048 3503 1105 pernoscas
3533 1031 3603 1086 ad

2014 1140 2301 1203 amussim,
2342 1146 2398 1192 et
2424 1152 2564 1206 quos
2590 1134 2833 1191 charitas
2859 1131 3044 1186 colere
3080 1125 3387 1197 compellit,
3417 1133 3476 1180 et
3504 1122 3602 1194 qui

2015 1234 2116 1291 tibi
2163 1249 2262 1303 per
2315 1229 2567 1284 fraudem
2622 1226 2924 1281 adulantur
2954 1240 2968 1277 :
2997 1221 3253 1293 plerique
3299 1216 3452 1273 enim
3500 1229 3604 1286 per

2014 1326 2463 1382 benevolentiam
2511 1322 2835 1377 simulantes
2857 1359 2871 1383 .
2900 1332 3099 1388 magno
3122 1308 3483 1370 credentibus
3503 1306 3603 1364 de-

2016 1421 2282 1475 trimento
2312 1425 2461 1473 sunt.

2638 1524 2787 1581 CAP.
2837 1523 3000 1579 LVII.

2088 1651 2412 1707 Sermonem
2453 1662 2579 1702 eum
2616 1644 2776 1700 audis
2802 1644 2994 1714 juvare
3017 1638 3320 1699 valentem,
3351 1646 3422 1687 ne
3450 1628 3603 1685 auri-

2018 1745 2123 1800 bus
2162 1742 2347 1804 modo,
2379 1754 2575 1795 verum
2615 1738 2782 1791 etiam
2816 1748 2986 1804 opere
3022 1728 3264 1799 excipite
3297 1746 3310 1780 :
3342 1726 3421 1781 sic
3454 1722 3603 1779 enim

2008 1834 2374 1907 imperatoris
2432 1841 2736 1886 exornatur
2795 1828 3206 1892 decoraturque
3271 1817 3603 1881 dominium,

321 1922 391 1975 τά
418 1922 607 1976 δέοντα
642 1924 860 1993 συνορᾷ,
888 1922 921 1993 ἢ
956 1925 1084 1994 παρ’
1119 1925 1278 1978 ἄλλου
1320 1923 1608 1995 εὑρεθέντα
1643 1924 1909 1996 μηδαμῶς

2026 1944 2145 1983 eum
2174 1926 2262 1981 vel
2304 1942 2371 1980 ex
2405 1940 2463 1979 se
2510 1921 2825 1978 considerat
2861 1933 2983 1988 quae
3023 1913 3275 1971 facienda
3318 1917 3484 1973 sunt,
3518 1908 3605 1963 vel
3638 1911 3646 1921 ‘

324 2018 565 2088 παρορᾷ,
593 2015 728 2068 ἀλλά
773 2016 1033 2085 μανθάνει
1069 2016 1168 2089 μὲν
1206 2018 1651 2089 ἀνεπαισχύντως
1678 2059 1693 2081 ,
1725 2020 1909 2072 ἐπιτε-

323 2108 407 2162 λεῖ
436 2108 493 2162 δὲ
518 2107 924 2180 ἀνυπερθέτως.

910 2224 1138 2277 ΚΕΦΔΛ
1151 2266 1164 2278 .
1197 2224 1329 2281 NII'.

412 2338 734 2409 Ἀκρόπολις
772 2338 872 2410 μὲν
905 2337 1236 2409 ἀπορθήτοις
1263 2338 1500 2409 τείχεσιν
1531 2337 1912 2410 ἠσφαλισμένη

330 2434 663 2502 καταφρονεῖ
690 2431 799 2485 τῶν
845 2431 1278 2502 πολιορκούντων
1307 2431 1477 2492 αὐτὴν
1513 2431 1795 2502 πολεμίων
1824 2446 1839 2461 ’
1881 2433 1915 2502 ἠ

332 2526 562 2597 εὐσεϐὴς
581 2527 637 2579 δὲ
656 2526 900 2596 βασιλεία
917 2526 946 2579 ὐ
955 2526 1071 2595 μῶν
1094 2526 1218 2595 ὲλεη
1228 2526 1488 2596 μοσύναις
1507 2527 1914 2598 τετειχισμένη,

332 2620 426 2671 καὶ
459 2620 789 2689 προσευχαῖς
829 2619 1340 2690 περιπυργουμένη,
1391 2621 1662 2690 ἀήττητος
1705 2618 1918 2688 γίνεται

332 2712 446 2772 τοῖς
474 2708 583 2761 τῶν
617 2708 829 2780 ἐχθρῶν
873 2709 1105 2780 βέλεσιν,
1138 2710 1360 2781 ἀοίδιμα
1404 2712 1526 2764 κατ’
1557 2709 1740 2766 αὐτῶν
1774 2708 1921 2777 ὲγεί-

337 2818 509 2873 ρουσα
539 2806 797 2873 τρόπαια.

910 2916 1162 2970 ΚΕΦΑΛ.
1200 2914 1349 2968 ΝΘῌ

408 3030 626 3100 Χρῆσαι
662 3030 889 3092 δεόντως
915 3032 981 3100 τῇ
1004 3029 1155 3083 κάτω
1186 3030 1435 3101 βασιλείᾳ
1456 3070 1469 3095 ,
1500 3030 1587 3083 ἵνα
1615 3028 1820 3099 κλίμαξ
1844 3046 1927 3083 σοι

339 3119 567 3192 γένηται
614 3122 714 3191 τῆς
767 3120 880 3174 ἀνω
920 3120 1202 3185 εὐδοξίας·
1257 3122 1306 3174 οἱ
1352 3121 1463 3191 γάρ
1498 3120 1704 3190 ταύτην
1746 3120 1928 3183 καλῶς

337 3213 687 3277 διοικοῦντες,
737 3213 876 3283 μετά
907 3213 1113 3284 ταύτης
1156 3214 1417 3283 κάκείνης
1448 3212 1745 3280 ἀξιοῦνται.
1780 3212 1926 3265 Ταύ-

2016 2021 2085 2075 ab
2110 2020 2218 2075 alio
2245 2025 2463 2087 reperta
2492 2031 2603 2069 non
2651 2011 2891 2082 despicit
2919 2051 2933 2075 ,
2980 2008 3078 2064 sed
3136 2017 3252 2061 tum
3282 2003 3448 2057 discit
3485 2001 3604 2056 sine

2014 2113 2371 2177 verecundia,
2412 2118 2526 2165 tum
2567 2107 2895 2177 exsequitur
2923 2105 3041 2158 sine
3089 2098 3463 2156 cunctatione.

2628 2226 2781 2282 CAP.
2812 2222 2996 2279 LVIII.

2088 2350 2199 2406 Arx
2226 2346 2452 2420 quidem
2479 2340 2869 2400 munitissimis
2922 2335 3199 2393 moenibus
3261 2331 3441 2387 cincta
3474 2342 3604 2383 con-

2017 2442 2219 2497 temnit
2253 2439 2575 2495 obsidentes
2607 2452 2667 2491 se
2694 2434 2887 2488 hostes
2920 2448 2933 2484 :
2967 2430 3118 2500 pium
3150 2433 3335 2482 autem
3354 2430 3605 2478 vestrum

2018 2533 2337 2602 imperium,
2370 2546 2495 2585 cum
2535 2539 2592 2583 et
2633 2523 2970 2581 liberalitate
3003 2534 3135 2590 erga
3172 2517 3404 2571 miseros
3438 2510 3607 2567 veluti

2020 2643 2182 2682 muro
2216 2626 2461 2680 cinctum
2508 2630 2566 2677 et
2590 2634 2820 2691 precum
2857 2614 3109 2670 turribus
3160 2609 3608 2670 corroboratum,
3650 2622 3651 2625 η

2020 2721 2097 2775 sit
2125 2718 2418 2779 invictum,
2443 2715 2611 2769 nullis
2635 2711 2880 2765 hostium
2904 2707 3028 2762 telis
3052 2703 3305 2775 pervium
3336 2700 3397 2755 ﬁt
3429 2717 3444 2754 :
3470 2714 3597 2770 pra:-

2020 2811 2167 2867 cIara
2193 2818 2249 2864 et
2281 2806 2524 2864 celebria
2552 2812 2746 2859 contra
2775 2815 2872 2854 eos
2906 2798 3128 2868 erigens
3170 2804 3397 2864 tropaea.

2675 2916 2828 2973 CAP.
2866 2912 3004 2970 LIX.

2097 3036 2265 3092 Utere
2296 3044 2357 3090 ut
2398 3038 2620 3103 oportet
2645 3044 2817 3100 regno
2848 3027 2954 3081 hoc
2984 3022 3247 3079 inferiore
3280 3059 3294 3082 ,
3356 3025 3419 3072 ut
3466 3014 3612 3070 scala

2028 3129 2127 3183 tibi
2172 3130 2265 3182 ﬁat
2297 3124 2603 3197 superioris
2630 3121 2902 3177 claritatis
2935 3136 2950 3173 :
2986 3117 3081 3188 qui
3124 3114 3276 3171 enim
3321 3112 3431 3165 hoc
3461 3116 3610 3164 recte

2028 3221 2361 3294 gubernant,
2404 3219 2493 3273 illa
2543 3229 2764 3286 quoque
2792 3208 3146 3283 postmodum
3173 3204 3325 3275 digni
3367 3216 3604 3257 censenv

338 3324 439 3374 την
478 3307 534 3361 δὲ
584 3306 846 3362 διοικοῦσι
886 3306 1091 3373 καλῶς,
1124 3307 1175 3360 οί
1216 3307 1484 3377 πατρικὸν
1530 3305 1924 3376 τοῖςάρχομέ-

2029 3285 2140 3368 tur.
2196 3310 2310 3367 lloc
2352 3319 2537 3365 autem
2566 3285 2744 3361 irecte
2796 3304 3145 3375 gubernant,
3180 3296 3275 3368 qui
3323 3303 3608 3366 paternam

341 3411 451 3457 νοις
486 3397 918 3471 ἐπιδεικνύοντες
950 3396 1112 3450 πόθον
1138 3437 1152 3461 ,
1186 3397 1283 3451 καὶ
1316 3398 1545 3469 ἀρχικον
1577 3398 1705 3467 παρ’
1745 3397 1924 3450 αὐτῶν

2029 3406 2268 3464 subditis
2291 3403 2594 3459 ostendunt
2625 3398 2978 3461 charitatem,
3012 3403 3068 3449 et
3092 3389 3329 3463 principi
3359 3386 3611 3443 debitum

341 3486 833 3557 ἀντιλαμϐάνοντες
860 3488 1025 3557 φόϐον
1047 3504 1060 3518 ’
1089 3489 1342 3553 ἀπειλαῖς
1376 3488 1475 3560 μὲν
1509 3486 1578 3541 τὰ
1607 3480 1924 3558 πταίσματα

2028 3500 2099 3555 ab
2132 3498 2264 3569 ipsis
2296 3495 2575 3565 recipiunt
2626 3493 2884 3547 timorem
2915 3506 2929 3542 :
2964 3488 3154 3556 itaque
3190 3483 3359 3540 minis
3386 3477 3611 3551 quidem

341 3576 895 3649 προαναστέλλοντες,
950 3580 1245 3651 τιμωρίαις
1298 3580 1356 3634 δὲ
1385 3581 1580 3652 πεῖραν
1627 3578 1808 3643 αὐτοῖς
1865 3578 1924 3632 οὐ

2028 3593 2162 3647 vitia
2202 3596 2593 3660 compescunt;
2647 3580 2909 3654 supplicii
2967 3588 3154 3636 autem
3202 3588 3427 3632 sensum
3479 3568 3608 3642 ipsis

342 3668 735 3741 προσάγοντες.

956 3782 1213 3837 ΚΕΦΑΛ.
1250 3781 1327 3838 Ξ’.

425 3894 662 3967 Ἰμάτιον
693 3895 1037 3951 ἀπαλαίωτόν
1066 3897 1180 3949 ἐστι
1207 3896 1268 3948 τὸ
1300 3896 1400 3966 τῆς
1426 3895 1673 3960 εὐποιίας
1708 3897 1927 3968 περιϐό-

342 3989 493 4042 λαιον
522 4029 536 4053 ,
585 3989 676 4042 καὶ
712 3989 1037 4062 ἀδιάφθορος
1080 3989 1241 4060 στολὴ
1270 3991 1303 4059 ἡ
1357 3989 1493 4059 πρὸς
1523 3990 1649 4051 τοὺς
1692 3991 1930 4060 πένητας

346 4081 573 4153 στοργή.
612 4082 704 4132 Δεῖ
735 4075 828 4133 οῦν
858 4080 946 4133 τὸν
979 4078 1301 4151 βουλόμενον
1325 4078 1564 4144 εὐσεϐῶς
1594 4079 1925 4151 βασιλεύειν,

343 4172 608 4234 τοιούτοις
628 4170 890 4241 ἐνδύμασι
911 4170 1008 4241 τὴν
1024 4171 1200 4242 ψυχὴν
1225 4173 1588 4238 καλλωπίζειν
1611 4188 1624 4201 ·
1650 4172 1929 4241 φιλοπτω-

346 4262 466 4333 χίας
495 4264 604 4334 γάρ
626 4262 999 4335 ἠμφιεσμένος
1026 4263 1335 4336 πορφύραν,
1368 4266 1461 4319 καὶ
1490 4265 1745 4335 οὐρανίου
1778 4265 1933 4337 βασιο

346 4355 495 4421 λείας
528 4356 902 4421 καταξιοῖηαι.

940 4472 1191 4527 ΚΕΦΑΛ.
1244 4472 1363 4530 EA'.

418 4586 701 4658 Σκῆπτρον
725 4586 1000 4658 βασιλείας
1026 4588 1178 4659 παρά
1199 4587 1334 4641 Θεοῦ
1357 4587 1667 4659 δεξάμενος,
1693 4588 1927 4643 σκέπτου

350 4677 469 4742 πῶς
500 4679 718 4749 ἀρέσεις
754 4678 834 4749 τῷ
865 4678 1074 4749 ταύτην
1116 4696 1198 4733 σοι
1240 4678 1529 4732 δεδωκότιο
1567 4681 1661 4733 καὶ
1685 4680 1762 4743 ὡς
1793 4680 1931 4734 πάν-

348 4788 457 4823 των
480 4771 783 4842 ἀνθρώπων
808 4772 899 4824 ὐπ’
926 4769 1095 4825 αὐτοῦ
1123 4770 1504 4842 προτιμηθεὶς,
1532 4770 1692 4824 πλέον
1718 4772 1934 4825 πάντων

351 4864 573 4932 ἐπείγου
596 4864 1024 4937 καταγεραίρειν
1048 4864 1234 4919 αὐτόν.
1256 4862 1429 4917 Τοῦτο
1450 4863 1507 4917 δὲ
1528 4864 1699 4937 γέρας
1718 4867 1935 4935 ἡγεῖται

356 4957 649 5027 μέγιστον,
705 4957 771 5011 ἂν
822 4958 898 5021 ὡς
952 4955 1116 5010 αὐτὸν
1164 4955 1293 5018 τοὺς
1350 4954 1443 5008 ὐπ’
1494 4955 1661 5009 αὐτοῦ
1704 4956 1935 5010 διαπλα-

356 5049 577 5114 σθέντας
605 5051 758 5122 δρᾷς,
787 5051 883 5105 καὶ
912 5050 988 5115 ὡς
1019 5049 1199 5122 χρεὼν
1229 5047 1533 5119 καταϐολὴν
1561 5047 1659 5114 τὰς
1688 5048 1937 5116 εὐποιίας

353 5138 605 5211 πληροῖς.

935 5344 1187 5397 ΚΕΦΛΛ.
1228 5342 1346 5399 EB’.

424 5438 655 5509 Τρέχειν
712 5437 814 5509 μὶν
842 5437 924 5503 είς
959 5439 1056 5509 τὴν
1086 5438 1199 5493 ἀνω
1230 5437 1483 5509 βοήθειαν
1515 5438 1621 5501 πᾶς
1649 5437 1937 5509 ἄνθρωπος

352 5530 580 5598 ὀφείλει,
629 5531 660 5584 ό
689 5530 963 5601 σωτηρίας
998 5530 1319 5602 γλιχόμενος
1349 5546 1362 5560 ·
1394 5531 1423 5582 ὁ
1454 5528 1706 5599 βασιλεὺς
1744 5528 1799 5581 δὲ
1829 5529 1938 5599 πρὸ

356 5623 597 5687 πάντων,
633 5623 709 5686 ὡς
740 5622 1023 5695 μεριμνῶν
1056 5624 1195 5694 ὐπὲρ
1230 5623 1467 5677 πάντων.
1512 5623 1650 5678 Ὑπὸ
1674 5622 1768 5676 τοῦ
1799 5621 1934 5676 Θεοῦ

358 5712 467 5783 γὰρ
513 5712 946 5785 φυλαττόμενος,
1000 5714 1251 5778 καὶτοὺς
1298 5714 1589 5787 πολεμίους
1628 5715 1936 5784 καταγωνί-

356 5808 509 5870 ζεται
559 5809 821 5877 γενναίως
844 5852 858 5877 ,
894 5812 991 5866 καὶ
1026 5811 1153 5875 τούς
1196 5810 1426 5875 οἰκείους
1477 5812 1935 5883 κατασφαλίζεται

360 5900 689 5964 σπουδαίως.

2029 3682 2355 3752 neutiquam
2385 3678 2667 3750 inﬂigunt.

2662 3783 2814 3840 CAP.
2872 3780 2988 3836 LX.

2100 3901 2503 3957 Vestimentum
2554 3915 2667 3955 non
2715 3908 3071 3955 veterascens
3120 3902 3206 3949 est
3234 3888 3613 3947 beneﬁcentia

2030 3994 2356 4055 amictus,et
2387 3992 2708 4061 incorrupta
2753 3991 2892 4045 stola
2918 3997 3003 4044 est
3040 3985 3283 4043 charitas
3309 3998 3439 4053 erga
3466 3996 3604 4051 pau-

2031 4101 2208 4157 peres.
2241 4085 2412 4156 Igitur
2449 4093 2672 4155 Oportet
2703 4082 2798 4152 qui
2830 4082 2915 4152 pie
2943 4093 3177 4151 regnare
3202 4076 3347 4141 vult,
3408 4073 3609 4129 talium

2033 4177 2485 4232 indumentorum
2536 4173 2959 4246 pulchritudine
3004 4170 3244 4225 animam
3298 4178 3613 4235 exornare;

2031 4269 2240 4324 amoris
2270 4267 2419 4322 enim
2452 4267 2507 4321 in
2535 4281 2741 4337 egenos
2766 4265 2861 4335 qui
2915 4262 3169 4327 indutusT
3207 4267 3296 4314 est
3322 4260 3614 4329 'purpura,

2032 4362 2274 4419 caelestis
2300 4376 2526 4433 quoque
2556 4358 2711 4431 regni
2744 4372 2971 4427 compos
2990 4353 3246 4410 ellicitur.

2691 4471 2844 4528 CAP.
2886 4469 3026 4524 LXI.

2108 4589 2399 4659 Sceptrum
2436 4584 2655 4655 imperii
2679 4599 2803 4639 cum
2827 4598 2857 4636 a
2888 4582 3002 4635 Deo
3024 4575 3355 4647 susceperis,
3381 4572 3614 4644 cogitato

2036 4680 2367 4752 quibusnam
2420 4677 2602 4732 modis
2657 4675 2903 4746 placebis
2949 4672 3001 4727 ei
3054 4670 3148 4741 qui
3196 4669 3247 4723 id
3282 4668 3379 4723 tibi
3420 4665 3598 4721 dedit:

2038 4786 2273 4840 cumque
2292 4768 2555 4823 omnibus
2577 4765 2899 4820 hominibus
2927 4764 2995 4817 ab
3018 4779 3085 4817 eo
3100 4763 3176 4817 sis
3200 4761 3481 4831 praelatus,
3506 4771 3615 4827 prae

2037 4864 2302 4919 omnibus
2334 4878 2462 4917 eum
2494 4861 2769 4916 honorare
2816 4857 3036 4912 festina.
3086 4856 3257 4909 Porro
3288 4852 3341 4907 id
3374 4852 3491 4921 ipse
3520 4850 3615 4905 lto-

2037 4965 2446 5014 nestamentnm
2505 4954 2812 5008 arbitratur
2874 4948 3220 5010 maximum,
3281 4946 3326 5000 si
3387 4941 3612 5015 perinde

2038 5050 2193 5104 illum
2246 5063 2310 5102 ac
2355 5054 2584 5101 caederes
2616 5043 2686 5098 ab
2716 5059 2784 5097 eo
2829 5042 3095 5096 formatos
3136 5038 3396 5107 accipias,
3451 5046 3613 5091 atoue

2040 5150 2102 5195 ut
2126 5139 2299 5195 debiti
2343 5136 2747 5194 exsolutionem
2788 5131 3169 5189 benefaciendi
3209 5145 3411 5185 munus
3440 5128 3613 5183 adim-

2039 5233 2209 5303 pleas.

2673 5338 2825 5394 CAP.
2853 5337 3016 5393 LXII.

2113 5439 2419 5493 Recurrere
2439 5444 2505 5492 ad
2532 5452 2833 5507 supernum
2863 5433 3128 5489 auxilium
3154 5445 3281 5487 cum
3305 5429 3471 5484 homo
3496 5425 3619 5498 qui-

2039 5531 2122 5586 vis
2163 5530 2369 5596 debet,
2402 5545 2501 5599 pro
2533 5530 2711 5585 salute
2764 5545 2978 5600 rogans,
3009 5536 3122 5582 tum
3146 5534 3272 5580 ante
3301 5538 3493 5579 omnes
3520 5522 3622 5576 im-

2040 5634 2301 5695 perator,
2354 5631 2547 5693 utpote
2577 5623 2672 5693 qui
2706 5640 2808 5693 pro
2860 5622 3119 5677 omnibus
3170 5618 3443 5676 sollicitus
3489 5623 3615 5671 est:

2040 5734 2167 5773 cum
2230 5718 2381 5773 enim
2433 5732 2464 5771 a
2523 5716 2637 5771 Deo
2692 5708 3047 5780 custoditur,
3105 5722 3216 5769 tam
3286 5710 3474 5765 hostes
3525 5722 3619 5777 ge-

2042 5828 2239 5867 nerosa
2286 5828 2452 5868 manu
2502 5811 2781 5877 debellat,
2838 5821 2998 5876 quam
3054 5821 3185 5864 suos
3246 5804 3438 5860 sedulo
3468 5816 3619 5861 com-

2042 5914 2239 5960 ιιιιιῐιιῑ.
