4112 6554
445 451 586 515 1183
1297 443 1624 508 AGAPETI
1662 431 1973 501 DIACONI

2114 425 2282 487 PITA
2321 420 2882 484 ADMONITORIA.
3567 414 3705 478 1184

1073 561 1228 616 CAP.
1275 560 1459 614 LXIII.

508 659 655 712 Deus
720 655 874 710 nulla
931 669 991 709 re
1031 654 1290 724 indiget:
1326 653 1628 722 imperator
1690 648 1812 704 solo
1881 645 2016 700 Deo.

435 747 660 802 Imitare
691 745 862 816 igitur
895 744 1104 798 nullius
1153 743 1425 814 indigum,
1471 740 1902 811 petentibusque
1933 736 2019 790 fac

438 841 666 896 uberem
703 837 1102 892 misericordiae
1139 837 1378 905 copiam.
1424 851 1533 889 non
1564 841 1812 890 exactam
1858 831 2015 886 insti-

439 938 600 985 tuens
635 944 762 984 cum
789 928 901 983 tuis
928 927 1250 982 domesticis
1279 927 1580 989 rationem,
1613 925 1709 981 sed
1758 923 2019 980 omnibus

435 1031 708 1092 praestans
757 1037 880 1092 quae
931 1021 1000 1076 ad
1053 1020 1224 1075 vitam
1283 1027 1414 1075 sunt
1453 1018 1812 1074 necessaria:
1843 1017 2018 1071 multo

435 1118 586 1169 enim
623 1113 798 1169 satius
834 1123 921 1168 est
947 1121 1175 1184 propter
1222 1113 1421 1185 dignos
1448 1113 1614 1168 etiam
1663 1111 2017 1182 indignorum

435 1205 711 1270 misereri,
731 1221 897 1276 quam
929 1205 1283 1277 indignorum
1307 1205 1446 1260 vitio
1473 1205 1670 1276 dignos
1695 1203 1763 1259 iis
1792 1203 2020 1260 defrau-

436 1297 572 1354 dare
603 1313 726 1368 quae
755 1305 1067 1353 merentur.

1071 1409 1223 1465 CAP.
1260 1408 1448 1464 LXIV.

505 1498 734 1554 Veniam
788 1515 912 1555 cum
972 1501 1303 1556 delictorum
1364 1511 1587 1556 tuorum
1645 1509 1840 1571 petas,
1897 1502 2016 1573 ipse

433 1608 655 1662 quoque
712 1603 766 1648 te
815 1593 1234 1649 offendentibus
1291 1595 1518 1664 ignosce
1557 1611 1571 1647 :
1609 1594 1874 1664 quoniam
1930 1610 2017 1650 re-

433 1676 1049 1740 missioni‘retribuitur
1075 1685 1351 1750 remissio,
1395 1694 1452 1740 et
1483 1695 1689 1741 nostrae
1718 1701 1846 1741 cum
1877 1702 2016 1743 con-

432 1776 612 1831 servis
667 1776 878 1834 nostris
920 1779 1397 1847 reconciliationi,
1421 1779 1518 1836 Dei
1547 1779 1794 1837 amicitia
1843 1788 1899 1837 et
1934 1781 2016 1837 fa-

432 1863 739 1922 miliaritas.

1064 1982 1218 2039 CAP.
1246 1984 1408 2042 LXV.

499 2068 607 2137 Qui
629 2071 768 2127 nulli
791 2073 1013 2130 crimini
1046 2078 1322 2134 obnoxius
1351 2095 1584 2151 regnare
1618 2081 1835 2147 studet,
1887 2099 2014 2140 cum

431 2170 594 2218 notas
617 2179 820 2221 cavere
845 2165 1013 2222 debet
1038 2185 1162 2239 qua:
1194 2169 1509 2227 forinsecus
1541 2174 1859 2240 inuruntur,
1897 2185 2014 2230 tum

431 2253 678 2324 seipsum
720 2266 848 2312 ante
901 2259 1038 2315 alios
1063 2263 1470 2330 verecundari,
1517 2273 1578 2320 ut
1609 2276 1666 2322 et
1690 2275 1881 2337 aperte
1919 2268 2018 2326 de-

433 2343 688 2415 linquere
715 2347 995 2405 abstineat
1035 2362 1265 2421 propter
1287 2355 1448 2420 alios,
1475 2365 1530 2412 et
1555 2373 1585 2412 a
1622 2373 1682 2413 se
1713 2358 1831 2429 ipso
1858 2360 2015 2415 cohi-

432 2434 662 2506 beatur,
698 2441 1002 2510 quominus
1043 2445 1256 2514 privata
1307 2462 1563 2504 seorsum
1626 2450 1832 2521 ﬂagitia
1863 2467 2016 2507 com-

431 2528 640 2586 mittat.
694 2531 751 2588 Si
792 2536 940 2590 enim
973 2552 1042 2593 ex
1089 2539 1330 2595 subditis
1378 2551 1511 2596 sunt
1557 2543 1654 2614 qui
1701 2546 2014 2602 reverentia

433 2619 585 2767 tigni
637 2623 935 2694 habentur,
981 2630 1160 2686 multo
1191 2632 1366 2698 magis
1388 2648 1453 2688 ea
1483 2633 1685 2706 dignus
1713 2634 2016 2706 imperator

433 2727 464 2767 e
524 2713 688 2767 citur.

431 2713 688 2770 efﬁcitur.

1049 2830 1200 2890 CAP.
1235 2833 1421 2891 LXVI.

501 2916 706 2974 Privati
737 2920 932 2976 vitium
976 2938 1100 2980 esse
1143 2942 1332 2983 assero
1361 2969 1376 2994 ,
1423 2938 1644 2999 patrare
1683 2947 1851 3002 prava
1883 2950 2015 3006 sup-

430 3008 709 3081 plicioque
732 3013 899 3086 digna
934 3034 946 3070 :
977 3018 1248 3090 principis
1264 3036 1398 3076 vero
1424 3024 1668 3093 culpam,
1696 3042 1804 3080 non
1831 3026 2012 3084 facere

429 3115 553 3170 quae
579 3101 810 3160 honesta
843 3116 973 3161 sunt
994 3108 1343 3181 salutemque
1371 3114 1615 3183 pariunt.
1640 3117 1831 3187 Neque
1861 3119 2010 3174 enim

430 3193 701 3250 malorum
730 3198 1066 3256 abstinentia
1103 3202 1372 3272 justifieat
1406 3207 1735 3278 principem,
1777 3210 1876 3266 sed
1910 3211 2012 3266 bo-

2696 535 2951 589 ΚΕΦΑΔ.
3007 529 3126 588 EI".

2205 632 2264 684 Ὀ
2323 630 2422 701 μὲν
2448 630 2582 694 Θεὸς
2607 628 2823 692 οὐδενὸς
2863 627 3035 679 δεῖται
3061 644 3075 658 ο
3101 628 3132 680 δ
3167 624 3423 696 βασιλεὺς
3451 625 3507 678 δὲ
3541 625 3704 696 μόνου

2121 723 2280 777 Θεοῦ.
2306 722 2494 792 Μιμοῦ
2521 722 2703 775 τοίνυν
2737 719 2830 774 τὸν
2858 719 3074 782 οὐδενὸς
3103 719 3380 788 δεόμενον,
3416 721 3509 772 καὶ
3547 719 3706 790 δαψι-

2121 812 2276 868 λεύου
2323 818 2435 878 τοῖς
2477 813 2686 868 αἰτοῦσι
2718 813 2808 866 τὸν
2842 812 3012 875 ἔλεον,
3053 809 3129 881 μὴ
3173 809 3706 880 ἀκριὸολογούμενος

2122 909 2250 978 περὶ
2277 909 2404 964 τοὺς
2434 909 2559 971 σοὺς
2579 907 2816 972 οἰκέτας,
2844 905 2978 959 ἀλλά
3005 906 3140 958 πᾶσι
3162 903 3417 976 παρέχων
3443 905 3542 968 τάς
3569 907 3705 975 πρὸς

2119 1000 2180 1054 τὸ
2206 1000 2304 1071 ζῇν
2326 1001 2594 1072 αἰτήσεις.
2633 1001 2774 1053 Πολὺ
2814 1000 2924 1071 γὰρ
2961 999 3211 1070 κρεῖττόν
3243 1000 3358 1052 ἐστι
3397 999 3486 1052 διὰ
3520 1000 3704 1066 ἀξίους

2120 1091 2291 1146 ἐλεεῖν
2319 1092 2414 1145 καὶ
2443 1093 2569 1156 τοὺς
2603 1089 2939 1164 ἀναξίους,ἢ
2978 1092 3104 1155 τοὺς
3141 1090 3328 1156 ἀξίους
3375 1093 3702 1163 ἀποστερεῖν

2119 1186 2208 1242 διὰ
2235 1187 2362 1252 τοὺς
2388 1185 2663 1252 ἀναξίους.

2701 1383 2956 1438 ΚΕΦΑΛ.
3014 1383 3133 1440 ΞΜ.

2188 1477 2526 1548 Συγγνώμην
2543 1475 2862 1546 αἰτούμενος
2889 1477 3327 1548 ἁμαρτημάτων,
3357 1478 3696 1547 συγγίνωσκε

2117 1575 2212 1626 καὶ
2251 1572 2417 1634 αὐτὸς
2448 1574 2562 1636 τοῖς
2603 1572 2683 1636 είς
2705 1571 2765 1624 σὲ
2791 1569 3204 1642 πλημμελοῦσιν
3226 1589 3240 1602 ·
3269 1573 3354 1626 ὅτι
3384 1572 3577 1642 ἀφέσει
3602 1575 3698 1628 ἀν-

2114 1666 2369 1720 τιδίδοται
2423 1666 2616 1733 ἄφεσις
2640 1705 2656 1730 ,
2726 1665 2820 1718 καὶ
2875 1667 2944 1737 τῇ
2997 1665 3134 1737 πρὸς
3186 1665 3315 1728 τοὺς
3376 1666 3698 1737 ὁμοδούλους

2115 1760 2272 1831 ἡμῶν
2311 1759 2648 1832 καταλλαγῇ,
2689 1763 2724 1830 η
2770 1758 2909 1831 πρὸς
2955 1759 3088 1814 Θεὸν
3135 1759 3290 1830 φιλία
3339 1763 3434 1815 καὶ
3479 1764 3698 1817 οἰκείω-

2119 1869 2202 1916 σις
2234 1850 2372 1923 (17).

2697 1963 2950 2019 ΚΕΦΑΛ.
3002 1964 3122 2020 ΞΕ’.

2188 2063 2280 2114 Δεῖ
2313 2061 2406 2115 τὸν
2437 2061 2745 2132 ἀμέμπτως
2765 2062 3022 2115 ἀνάσσειν
3052 2059 3439 2128 ἐσπουδακότα,
3471 2063 3566 2117 καὶ
3591 2062 3695 2128 τὰς

2113 2153 2222 2206 τῶν
2239 2153 2439 2220 ἔξωθεν
2461 2153 2680 2220 ἀδοξίας
2703 2155 3089 2224 φυλάττεσθαι,
3109 2156 3201 2208 καὶ
3220 2156 3408 2209 ἑαυτὸν
3428 2156 3534 2227 πρό
3551 2157 3700 2210 ὲκεί-

2115 2264 2225 2299 νων
2273 2247 2651 2317 αἰσχύνεσθαι,
2690 2250 2777 2302 ἵνα
2807 2250 2898 2302 καὶ
2936 2248 3030 2302 τοῦ
3063 2248 3314 2319 φανερῶς
3359 2250 3702 2320 ἁμαρτάνειν

2114 2336 2181 2390 δι’
2213 2335 2452 2403 ἐκείνους
2474 2339 2766 2408 ἀπέχηται,
2792 2339 2886 2392 καὶ
2913 2337 3006 2392 τοῦ
3041 2341 3160 2393 κατ’
3185 2340 3320 2393 ἰδίαν
3355 2339 3700 2411 πλημμελεῖν

2117 2429 2210 2498 ὑφ’
2232 2429 2428 2482 ἑαυτοῦ
2459 2429 2759 2498 κωλύηται.
2793 2430 2855 2483 Et
2881 2430 2987 2502 γὰρ
3017 2431 3066 2483 ol
3095 2431 3326 2502 ὑπήκοοι
3353 2429 3537 2494 αἰδοῦς
3557 2429 3699 2496 ἄξιοι

2117 2517 2422 2587 φαίνονται,
2457 2518 2640 2589 πολλῷ
2671 2519 2834 2575 πλέον
2867 2521 2897 2573 ό
2925 2517 3180 2590 βασιλεὺς
3203 2519 3354 2585 ἄξιος
3375 2520 3582 2594 ταύτης
3611 2523 3698 2591 γί-

2116 2627 2289 2664 νεται.

2675 2818 2927 2871 ΚΕΦΑΛ.
2979 2817 3116 2887 squ

2197 2905 2430 2960 Ἰδιὼτου
2462 2908 2564 2980 μὲν
2593 2903 2734 2962 εἶναι
2765 2911 2967 2964 κακίαν
2993 2911 3161 2982 φημὶ,
3185 2910 3248 2964 τὸ
3271 2913 3534 2984 πράττειν
3555 2911 3698 2984 φαῦ-

2113 2999 2181 3052 λα
2203 3002 2295 3053 καὶ
2327 3001 2602 3065 κολάσεως
2625 3003 2781 3067 ἀξια·
2813 3001 3074 3074 ἄρχοντος
3102 3003 3160 3056 δὲ
3197 3004 3490 3075 πονηρίαν,
3523 3005 3584 3060 τὸ
3621 3007 3697 3078 μὴ

2114 3094 2286 3145 ποιεῖν
2312 3091 2382 3146 τὰ
2410 3091 2550 3148 καλά
2574 3095 2667 3147 καὶ
2697 3093 2969 3166 σωτηρίας
3001 3093 3262 3166 πρόξενα.
3289 3097 3364 3150 Οὐ
3394 3096 3504 3168 γὰρ
3533 3096 3702 3168 ήτῷν

2114 3183 2300 3237 κακῶν
2322 3185 2500 3256 ἀποχὴ
2523 3184 2720 3240 δικαιοῖ
2741 3186 2830 3239 τὸν
2848 3185 3174 3256 κρατοῦντα,
3196 3187 3362 3260 ἀλλ’ἡ
3386 3188 3494 3241 τῶν
3516 3189 3699 3244 καλῶν

430 3299 630 3339 norum
664 3287 838 3343 editio
867 3300 1098 3347 coronat
1144 3294 1426 3350 eumdem.
1475 3296 1556 3352 Ne
1605 3297 1774 3368 igitur
1803 3301 2012 3358 malitia

2117 3275 2333 3346 παροχὴ
2358 3279 2613 3344 στεφανοῖ
2642 3276 2733 3330 τὸν
2765 3276 3030 3333 τοιοῦτον.
3067 3278 3157 3349 Μὴ
3197 3278 3358 3350 μόνον
3387 3279 3570 3334 τοίνυν
3595 3298 3696 3335 πο-

430 3373 698 3432 duntaxat
728 3380 1008 3440 abstinere
1035 3385 1260 3457 cogitet,
1297 3389 1395 3444 sed
1419 3390 1694 3460 justitiam
1727 3393 1896 3448 etiam
1922 3409 2014 3450 ca-

431 3486 656 3540 pessere
690 3477 1015 3534 contendat.

1011 3589 1164 3647 CAP.
1203 3593 1410 3651 LXVII.

503 3670 839 3744 Dignitatem
890 3683 1218 3752 splendores
1269 3703 1420 3742 mors
1451 3689 1598 3746 haud
1643 3692 2010 3753 reformidat:

429 3765 687 3862 omnibus
736 3771 885 3826 enim
921 3789 1151 3832 voraces
1194 3793 1326 3835 suos
1373 3780 1568 3839 dentes
1611 3785 1812 3858 inﬁgit.
1868 3789 2012 3862 Ergo

429 3865 560 3912 ante
595 3857 746 3915 illius
784 3863 1194 3922 ineluctabilem
1240 3869 1540 3927 adventum
1574 3890 1743 3945 opum
1793 3857 2011 3947 copiam

432 3958 874 4045 transportemus
903 3957 958 4011 in
995 3960 1196 4016 coelum
1226 3981 1240 4018 :
1271 3979 1435 4019 nemo
1473 3968 1622 4022 enim
1651 3987 1775 4040 qua:
1800 3974 2014 4045 colligit

432 4039 491 4094 in
544 4045 780 4111 mundo,
839 4048 970 4104 illuc
1005 4052 1288 4121 profectus
1318 4057 1582 4125 abducit,
1625 4039 1720 4116 sed
1753 4039 2014 4124 omnib—us

433 4130 490 4185 in
534 4141 678 4281 ἔοι-το
731 4137 1049 4209 derelictis,
1109 4146 1294 4202 nudus
1337 4148 1407 4204 de
1449 4150 1560 4206 vita
1593 4167 1696 4208 sua
1738 4156 2011 4216 rationem

433 4225 529 4280 red
574 4227 635 4281 it.

431 4225 635 4283 reddit.

1028 4347 1180 4406 CAP.
1210 4351 1442 4412 LXVIII.

501 4450 811 4522 Imperator
856 4458 1081 4528 quidem
1131 4471 1219 4519 est
1247 4467 1494 4524 omnium
1551 4470 1852 4542 dominus;
1913 4477 2009 4533 sed

432 4541 550 4612 ipse
598 4559 723 4600 cum
774 4550 1038 4609 omnibus
1069 4555 1165 4610 Dei
1201 4573 1396 4616 servus
1426 4563 1660 4620 exsistit.
1693 4541 1845 4622 Tum
1879 4585 2010 4625 vero

431 4634 668 4691 maxime
700 4640 990 4698 vocabitur
1017 4643 1296 4715 dominus,
1350 4667 1475 4708 cum
1511 4654 1629 4724 ipse
1682 4657 1787 4712 sibi
1827 4657 2008 4714 domi-

431 4725 574 4821 nari,
607 4745 709 4821 nec
758 4731 970 4791 illicitis
997 4740 1376 4811 voluptatibus
1424 4746 1680 4804 famulari
1723 4751 2005 4821 patietur;

431 4817 528 4872 sed
563 4820 891 4894 adjutricem
921 4830 1065 4898 piam
1108 4835 1376 4892 rationem
1401 4817 2007 4909 assumens-invictam

430 4911 648 4971 scilicet
668 4917 1089 4979 moderatricem
1124 4928 1295 4984 animi
1329 4934 1814 5000 perturbationum
1835 4939 2006 4996 ratio-

431 5003 520 5057 nis
541 5009 871 5078 expertium,
915 5014 1214 5076 indomitas
1235 5022 1570 5092 cupiditates
1597 5038 1879 5086 armatura
1912 5047 2007 5089 ca-

431 5097 706 5158 stimonia:
741 5105 1000 5164 debellat.

1031 5223 1184 5282 CAP.
1236 5227 1424 5285 LXIX.

504 5305 977 5401 Quemadmodum
1031 5319 1240 5401 umbra;
1281 5338 1517 5394 corpora
1570 5308 1892 5394 sectantur,
1929 5327 2014 5384 sic

435 5399 651 5455 animas
679 5401 883 5475 flagitia
911 5399 1270 5480 comitantur,
1301 5417 1543 5476 evidenti
1567 5419 1742 5491 effigie
1765 5421 2014 5478 actiones

437 5494 824 5564 exprimentia.
851 5500 980 5558 ldeo
1001 5507 1211 5564 nemini
1239 5509 1321 5567 fas
1343 5519 1428 5568 est
1453 5512 1508 5568 in
1529 5514 1740 5586 judicio
1768 5530 1971 5588 negare
1997 5531 2012 5571 :

433 5590 554 5658 ipsa
593 5590 742 5647 enim
765 5594 1202 5674 uniuscujusque
1217 5619 1384 5676 opera
1409 5607 1849 5677 obtestabantur,
1869 5608 2016 5665 haud

2113 3369 2303 3440 νηρίας
2333 3366 2634 3439 ἀπέχεσθαι
2666 3368 2970 3438 λογιζέσθω
2997 3412 3012 3437 ,
3049 3369 3186 3425 ἀλλά
3223 3373 3321 3425 καὶ
3350 3371 3696 3445 δικαιοσύνης

2113 3459 2438 3531 ἀντέχεσθαι
2471 3461 2842 3526 σπουδαξέτω.
3389 3457 3398 3466 ”

2693 3578 2947 3632 ΚΕΦΑΛ.
2986 3578 3105 3633 ΞΖ’.

2197 3668 2548 3741 ’Λξιωμάτων
2563 3670 2959 3742 λαμπρότητας
2973 3671 3032 3724 οὐ
3048 3671 3376 3725 δυσωπεῖται
3395 3673 3425 3725 ό
3445 3672 3692 3736 θάνατος·
3711 3682 3717 3686 “

2112 3766 2255 3820 κατά
2285 3767 2500 3820 πάντων
2534 3766 2643 3839 γὰρ
2685 3766 2966 3821 ἐπιϐάλλει
3005 3767 3132 3830 τοὺς
3170 3767 3505 3837 παμφάγους
3531 3767 3699 3822 αὐτοῦ

2111 3858 2351 3922 ὀδόντας.
2385 3858 2596 3913 Οὐκοῦν
2628 3859 2853 3931 πρὸτῆς
2889 3860 3100 3914 ἐκείνου
3142 3861 3515 3933 ἀπαραιτήτου
3556 3877 3699 3931 παρ’

2111 3953 2300 4016 ουσίας
2334 3993 2348 4018 ,
2405 3952 2729 4025 μεταθῶμεν
2777 3954 2858 4018 είς
2913 3953 3144 4025 οὐρανὸν
3189 3955 3290 4027 τὴν
3331 3954 3442 4009 τῶν
3480 3956 3696 4026 χρημάο

2112 4063 2219 4100 των
2269 4047 2607 4116 περιουσίαν.
2643 4046 2834 4112 Οὐδεὶς
2862 4047 2971 4120 γὰρ
3017 4047 3053 4102 ἃ
3105 4049 3164 4100 ὲν
3206 4051 3398 4120 κόσμῳ
3447 4049 3696 4117 συνάγει,

2114 4141 2293 4192 ἐκεῖσε
2339 4139 2705 4211 ἀποδημήσας
2757 4139 2963 4209 ἀπάγει
2991 4180 3007 4206 ,
3053 4139 3193 4194 ἀλλά
3239 4141 3418 4194 πάντα
3471 4137 3695 4196 καταλι-

2112 4231 2232 4285 πὼν
2264 4231 2359 4288 ἐπὶ
2393 4233 2519 4304 γῆς,
2545 4232 2754 4302 γυμνὸς
2777 4231 3150 4301 λογοθετεῖται
3178 4233 3270 4287 τὸν
3305 4233 3422 4305 βίον
3451 4231 3644 4287 αὐτοῦ.

2680 4351 2932 4405 ΚΕΦΑΔ.
2982 4349 3108 4405 ΞΙΡ.

2183 4465 2387 4538 Κύριος
2433 4469 2532 4537 μὲν
2576 4467 2796 4521 πάντων
2843 4467 2990 4520 ἐστὶν
3020 4468 3049 4519 ὁ
3081 4465 3335 4534 βασιλεὺς
3365 4508 3380 4532 ,
3407 4465 3593 4529 δοῦλος
3639 4465 3698 4519 δὲ

2040 4607 2089 4668 D
2119 4559 2256 4630 μετά
2301 4561 2521 4615 πάντων
2571 4560 2805 4632 ὑπάρχει
2831 4559 2990 4614 Θεοῦ.
3032 4559 3168 4613 Τότε
3192 4559 3248 4613 δὲ
3277 4559 3515 4630 μάλιστα
3564 4557 3699 4630 κλη-

2117 4657 2344 4728 θήσεται
2389 4656 2610 4729 κύριος,
2657 4657 2786 4710 ὅταν
2829 4655 2992 4718 αὐτὸς
3033 4653 3228 4708 ἑαυτοῦ
3274 4653 3511 4726 δεσπόζῃ
3539 4694 3554 4716 .
3601 4650 3699 4706 καὶ

2117 4751 2237 4813 ταῖς
2270 4749 2492 4814 ἀτόποις
2549 4751 2762 4822 ἡδοναῖς
2820 4748 2894 4820 μὴ
2923 4744 3185 4819 δουλεύῃ,
3222 4745 3363 4800 ἀλλά
3407 4745 3698 4816 σύμμαχον

2118 4841 2256 4911 ἔχων
2304 4841 2395 4894 τὸν
2454 4841 2654 4911 εὐσεϐῆ
2693 4840 2992 4910 λογισμὸν.
3041 4838 3135 4892 τὸν
3207 4838 3478 4910 ἀήττητον
3530 4842 3695 4892 αὐτου

2117 4933 2364 5005 κράτορα
2412 4931 2524 4986 τῶν
2585 4932 2796 5002 ἀλόγων
2852 4929 3041 4986 παθῶν
3067 4969 3083 4995 ,
3156 4931 3285 4994 τοὺς
3343 4929 3698 5000 πανδαμάτο-

2121 5043 2222 5098 ρας
2248 5025 2458 5098 ἔρωτας
2484 5029 2552 5099 τῇ
2613 5024 2888 5098 πανοπλίᾳ
2923 5024 3024 5095 τῆς
3049 5022 3409 5096 σωφροσύνης
3440 5039 3698 5093 καταγω-

2113 5121 2348 5196 νίζηται.

2695 5238 2950 5292 ΚΕΦΑΛ.
2984 5233 3104 5291 ΞΘ’.

2192 5336 2289 5387 ’ον
2308 5333 2513 5405 τρόπον
2537 5335 2593 5389 αἱ
2636 5335 2788 5387 σκιαὶ
2812 5335 2926 5395 τοῖς
2953 5331 3200 5399 σώμασιν
3229 5327 3456 5382 ἕπονται
3476 5368 3492 5392 ,
3522 5323 3699 5386 οὕτως

2119 5425 2388 5497 ἁμαρτίαι
2431 5429 2553 5491 ταῖς
2607 5425 2806 5496 ψυχαῖς
2861 5421 3267 5484 ἀκολουθοῦσιν.
3316 5419 3560 5492 ἐναργῶς
3599 5417 3700 5479 τὰς

2123 5517 2353 5589 πράξεις
2400 5517 2844 5586 ὲξεικονίζουσαι.
2888 5516 2988 5572 Διά
3022 5515 3180 5570 τοῦτο
3222 5516 3323 5569 οὐκ
3352 5513 3501 5567 ἔστιν
3541 5511 3599 5564 ὲν
3628 5510 3698 5578 τῇ

2124 5610 2304 5678 κρίσει
2334 5609 2692 5681 ἀρνήσασθαι·
2713 5609 2852 5663 αὑτά
2880 5608 2990 5680 γὰρ
3016 5607 3248 5662 ἑκάστου
3278 5604 3701 5676 καταμαρτυρή-

2000 5765 2229 5822 NOTAE.

514 5863 632 5942 (17)
671 5873 777 5932 Καί
799 5878 1196 5949 οίκείωσις.1η
1255 5882 1448 5942 codice
1481 5883 1654 5952 Regio
1705 5885 1765 5944 Β.
1793 5885 2013 5950 legitur.

2114 5883 2148 5937 ιὶ
2173 5881 2428 5951 ὁμοίωσις
2459 5881 2690 5951 γίνεται.
2721 5881 2956 5938 Bantius.
