4068 6584
320 491 458 557 1193

1533 487 1633 548 DE
1673 488 1958 549 SECTIS.
1999 513 2069 525 -··
2105 487 2268 547 ACT.
2308 488 2354 545 Ι.

3440 475 3579 542 1194

316 617 641 676 perrarum,
671 601 767 672 qui
797 599 904 655 fuit
933 596 1066 654 olim
1093 599 1394 654 cardinalis
1424 599 1683 665 Salviati,
1713 599 1916 656 deinde
1948 599 2130 672 gentis
2157 595 2580 660 Columnensis,
2610 603 2666 650 et
2695 609 2781 648 me
2808 603 3090 665 postremo
3111 602 3238 650 ante
3269 593 3372 649 hos
3400 607 3581 648 annos

313 695 550 768 praeside
581 693 648 749 ad
679 691 1071 748 bibliothecam
1093 691 1414 748 Vaticanam
1453 694 1638 763 pretio
1677 693 1979 750 translatus
2012 703 2126 760 est;
2160 692 2284 762 cepi
2319 691 2613 747 consilium
2647 689 2822 745 Graeci
2861 697 3043 744 textus
3075 689 3342 760 elegantis
3375 688 3584 759 oppido

316 803 373 849 et
396 791 520 862 puri
555 791 699 862 typis
729 789 1089 861 imprimendi
1126 805 1140 842 :
1173 803 1283 857 qua
1312 787 1369 841 in
1401 801 1460 842 re
1495 797 1611 842 tum
1657 787 1783 842 aliis
1813 787 2122 843 commodis
2155 776 2388 858 (legesis
2415 786 2522 839 col.
2572 784 2761 850 l976),
2804 791 2918 837 tum
2955 781 3243 837 securitati
3273 783 3582 853 praesertim

315 887 528 944 servire
552 901 638 940 me
660 885 904 941 arbitror
926 901 940 939 :
963 899 1091 938 nam
1111 881 1158 938 si
1195 880 1338 936 forte
1376 892 1506 936 casu
1541 880 1728 952 aliquo
1747 880 2046 936 Vaticanus
2079 879 2256 935 codex
2294 878 2527 949 periret,
2551 885 2662 931 non
2697 874 2859 932 facile
2893 874 3024 930 alibi
3059 874 3116 930 id
3149 876 3378 945 jactura;
3408 891 3584 946 genus

318 990 688 1050 repararetur.

325 1166 3566 1210 Μ

397 1200 489 1207 κοκνυς
498 1197 716 1208 ’ν’-ι..-

729 1339 1376 1480 LEONTII
1469 1339 2351 1478 BYZANTINI
2446 1344 3176 1480 MONACHI

1007 1908 1287 2015 QUIE
1374 1902 2010 2001 HACTENUS
2105 1901 2904 2001 PRODIERUNT

1103 2123 1288 2169 SIMUL
1319 2123 1664 2201 (ῙΟΙιΙιΕΕΤᾼ,
1693 2123 2044 2170 RECENSITA
2071 2125 2384 2180 NOTISQUE
2415 2126 2820 2170 ILLUSTRATA.

1295 2380 2551 2424 ψ

506 2650 1294 2775 ΛΕΟΝΤΙΟΥ
1370 2653 1900 2776 ΣΧΟΛΑ

2005 2660 2481 2777 ΉΚΟΥ
2553 2587 3450 2782 ΒΥΖΑΝΤΙΟΥ

1643 2883 2282 3021 ΣΧΟΛΙΑ

318 3120 456 3174 ΑΠΟ
499 3121 730 3174 ΦΩΝΗΣ
767 3120 1148 3186 ΘΕΟΔΩΡΟΥ,
1197 3122 1335 3175 ΤΟΥ
1382 3120 1950 3175 ΘΕΟΦΙΛΕΣΤΑΤΟΥ
1990 3121 2169 3173 ABBA
2214 3121 2333 3172 ΚΑΙ
2387 3119 2793 3174 ΣΟΦΩΤΑΤΟΥ
2846 3123 3260 3190 ΦΙΛΟΣυΦΟΥ,
3308 3122 3452 3178 ΤΗΝ
3500 3127 3584 3180 'l'l‘I

1079 3211 1286 3266 ΘΕΙΑΝ
1329 3211 1447 3267 ΚΑΙ
1485 3212 1840 3266 ΕΞΩἸΊΚΗΝ
1877 3211 2493 3266 ΦΙΛΟΣΟΦΗΣΑΝΤΟΣ
2532 3213 2830 3267 ΓΡΔΦΗΝ.

1009 3451 1512 3555 LEONTII
1587 3457 2184 3560 ADVOCATI
2263 3428 2925 3558 BYZANTINI

1618 3680 2304 3814 SCHOLIA

321 3926 425 3988 EX
460 3925 613 3987 ORE
645 3927 1040 3988 THEODORI
1083 3923 1691 3989 RELIGIOSISSIMI
1729 3921 2070 4002 ABBATIS,
2113 3919 2711 4003 DOCTlSSIMIQUE
2752 3933 3246 4011 PHILOSOPHI,
3289 3937 3581 3999 DIVINIS

912 4018 1252 4082 PARITER
1289 4017 1831 4094 EXTERNISQUE
1870 4021 2232 4081 LITTERIS
2268 4022 2614 4098 ERUDITI,
2656 4023 3022 4086 EXCEPTA.

708 4142 1004 4245 Interprete
1033 4173 1240 4231 JOANNE'
1263 4171 2006 4244 LEUNCLM’IO.-—-(GALLAND.
2042 4172 2155 4228 γει.
2179 4173 2419 4228 Patrum
2455 4173 2702 4230 Biblioth.
2738 4183 2780 4230 t.
2813 4175 2930 4244 ΧΠ,
2958 4191 3013 4248 p.
3045 4177 3194 4249 625.)

838 4428 1090 4495 ΠΡΑΞΙΣ
1131 4429 1382 4483 ιιριιτιι.

403 4522 730 4590 Ἀναγκαῖον
776 4523 917 4587 ἐστι,
958 4522 1252 4591 μέλλοντας
1280 4525 1429 4594 ἡμᾶς
1485 4526 1749 4597 αἱρέσεων
1783 4529 1904 4580 ἐπι-

320 4616 648 4688 μνησθῆναι,
665 4619 883 4687 πρῶτον
902 4618 1028 4687 περὶ
1062 4617 1346 4686 τεσσάρων
1377 4617 1539 4671 τινῶν
1563 4620 1621 4671 ὲν
1650 4624 1771 4682 ταῖς
1793 4620 1903 4673 τῶν

319 4711 582 4781 Πατέρων
607 4712 841 4782 κρήσεσι
885 4710 1179 4765 διαλαϐεῖν.
1219 4711 1343 4763 Εἰσὶ
1389 4711 1446 4763 δὲ
1486 4705 1667 4767 αὗται.
1721 4713 1903 4779 οὐσία,

317 4803 504 4872 φύσις,
551 4804 874 4867 ὑπόστασις,
919 4804 1231 4872 πρόσωπον.
1287 4804 1485 4858 Ἰστέον
1510 4800 1604 4859 οὖν
1631 4806 1714 4858 ὅτι
1746 4807 1903 4859 οὐσία

319 4897 416 4950 καὶ
449 4897 614 4966 φύσις
641 4897 840 4951 ταυτόν
861 4897 977 4948 ἐστι
1015 4895 1146 4966 παρ’
1177 4897 1358 4960 αὐτοῖς
1389 4913 1403 4928 ο
1440 4897 1534 4950 καὶ
1563 4898 1748 4962 πάλιν,
1768 4899 1903 4952 ὑπό-

320 5008 511 5055 στασις
551 4991 648 5045 καὶ
681 4992 978 5063 πρόσωπον
1017 4989 1234 5044 ταυτὸν.
1292 4989 1465 5044 Obuia.
1490 4990 1549 5044 δέ
1577 4992 1749 5056 ἐστιν,
1784 4992 1902 5060 ἤτοι

317 5083 502 5156 φύσις,
547 5087 680 5157 παρ’
721 5086 930 5150 αὐτοῖς,
975 5084 1113 5155 ὅπερ
1155 5085 1202 5138 οἱ
1232 5083 1510 5153 φιλόσοφοι
1542 5084 1792 5153 λέγουσιν
1822 5082 1902 5139 εἷ-

317 5178 427 5241 δος.
477 5172 631 5250 Εἶδος
667 5177 747 5245 δὲ,
781 5179 842 5232 τὸ
889 5180 1032 5233 κατὰ
1066 5177 1280 5232 πολλῶν
1309 5178 1405 5232 καὶ
1431 5178 1799 5250 διαφερόντων
1825 5179 1904 5252 τῷ

317 5267 536 5342 ἀριθμῷ
576 5272 893 5343 λεγόμενον.
942 5273 1274 5327 Ὑπόστασιν
1325 5273 1407 5338 δὲ,
1436 5275 1567 5345 ,ἦτοι
1608 5275 1903 5345 πρόσωπον

319 5361 601 5428 καλοῦσιν,
629 5363 766 5435 ὅπερ
795 5365 846 5417 οἱ
875 5365 1156 5435 φιλόσοφοι
1182 5366 1386 5436 ἄτομον
1416 5366 1606 5421 οὐσίαν
1629 5367 1848 5436 λέγουσι
1884 5386 1897 5400 ·

316 5454 502 5518 καλῶς
530 5455 588 5508 δὲ
611 5457 1086 5528 προστεθείκαμεν
1112 5460 1316 5527 ἄτομον
1344 5460 1556 5516 οὐσίαν.
1580 5462 1644 5515 Oi
1672 5460 1781 5533 γὰρ
1811 5463 1902 5515 ὲκ-

313 5547 699 5620 κλησιαστικοὶ
759 5549 828 5604 τὰ
869 5551 1047 5621 ἄτομα
1097 5551 1206 5604 τῶν
1255 5553 1716 5624 συμϐεϐηκότων,
1778 5554 1902 5608 οὔτε

314 5640 612 5712 πρόσωπον
643 5640 922 5706 καλοῦσιν,
957 5641 1082 5695 οὔτε
1121 5643 1446 5700 ὑπόστασιν.
1480 5645 1697 5700 Τούτων
1726 5647 1902 5709 οὕτως

285 5734 803 5806 ’σι-προεγνωσμένων,
853 5736 887 5804 ἡ
931 5735 1177 5808 ἡμετέρα
1218 5737 1401 5802 πίστις
1443 5738 1611 5804 ἐστὶν,
1655 5740 1740 5793 ὅτι
1800 5737 1897 5809 μία

311 5829 429 5882 ἐστὶ
458 5828 648 5898 Θεότης
688 5829 745 5882 ὲν
771 5828 948 5898 τρισὶν
979 5829 1312 5884 ὑποστάσεσι
1340 5833 1626 5903 νοουμένη.
1655 5833 1811 5886 Ἔστι
1839 5833 1896 5886 δὲ

315 5918 416 5989 μία
457 5917 760 5981 ὑπόστασις
794 5919 829 5988 ἡ
867 5916 962 5970 τοῦ
1005 5920 1237 5988 Πατρδς,
1287 5922 1382 5976 καὶ
1417 5925 1576 5994 μέαή
1614 5923 1708 5977 τοῦ
1741 5924 1892 5990 Υἱοῦ,

557 6013 833 6080 Ριτοοι.
869 6019 986 6081 ϐει.
1023 6015 1352 6078 LXXXVI.

2553 4429 2759 4487 ACTIO
2805 4433 3041 4490 PRIMA.

2076 4527 2118 4580 l.
2146 4526 2285 4582 Cum
2313 4543 2380 4580 ex
2414 4525 2768 4597 antiquitatis
2803 4531 3070 4583 memoria
3107 4538 3384 4584 sectarum
3415 4530 3588 4584 histo-

2007 4621 2144 4674 riam
2178 4621 2470 4691 repetituri
2499 4623 2692 4689 simus,
2718 4623 3092 4678 necessarium
3122 4631 3227 4686 est,
3257 4623 3324 4677 de
3346 4631 3585 4692 quatuor

2006 4721 2068 4767 ut
2108 4715 2395 4770 vocabulis
2443 4731 2566 4786 quae
2616 4718 2673 4772 in
2716 4719 2940 4772 Patrum
2991 4717 3156 4771 dictis
3205 4717 3584 4786 reperiuntur,

2005 4806 2196 4875 paucis
2232 4808 2591 4864 disseramus.
2635 4811 2712 4865 Ea
2760 4809 3030 4865 vocabula
3082 4817 3212 4864 sunt
3248 4808 3581 4872 substantia,

2005 4908 2222 4964 natura,
2268 4902 2595 4973 hypostasis,
2642 4917 2900 4974 persona.
2941 4903 3240 4958 Sciendum
3271 4917 3403 4972 ergo
3451 4897 3588 4956 sub-

2004 4995 2262 5048 stantiam
2281 5003 2337 5048 et
2358 5006 2612 5051 naturam
2633 4997 2778 5066 apud
2807 4997 2954 5066 ipsos
2977 4996 3121 5050 idem
3143 5011 3286 5050 esse:
3306 5009 3370 5050 ac
3393 5009 3587 5050 rursus

2006 5086 2174 5154 idem,
2229 5088 2564 5160 hypostasim
2626 5099 2683 5144 et
2737 5105 3052 5160 personam.
3099 5088 3423 5143 Substantia
3469 5088 3586 5142 sive

2005 5187 2201 5232 natura
2249 5187 2334 5233 est
2379 5179 2524 5248 apud
2580 5195 2710 5243 eos,
2771 5179 2920 5249 quod
2966 5177 3280 5249 philosophi
3345 5178 3584 5246 speciem

2003 5280 2224 5327 vocant.
2251 5272 2319 5327 Et
2348 5273 2562 5342 species
2589 5282 2696 5337 est,
2721 5287 2844 5343 quae
2877 5273 2946 5328 de
2980 5273 3236 5343 pluribus
3268 5287 3332 5327 ac
3354 5286 3587 5326 numero

2005 5366 2242 5422 diversis
2293 5367 2519 5422 dicitur.
2577 5367 2907 5439 llypostasin
2954 5381 3086 5422 vero
3133 5367 3250 5421 sive
3293 5379 3586 5435 personam

2003 5470 2236 5528 vocant,
2284 5461 2433 5531 quod
2467 5460 2785 5531 philosophi
2836 5460 3178 5517 individuam
3215 5459 3582 5514 substantiam

2004 5552 2228 5608 dicunt:
2272 5563 2336 5609 ac
2381 5563 2532 5610 recte
2576 5555 2799 5626 quidem
2851 5555 3188 5627 adiecimus,
3241 5552 3583 5608 individuam

2005 5645 2408 5700 substantiam:
2443 5661 2571 5701 nam
2601 5648 2965 5702 ecclesiastici
2992 5647 3298 5718 scriptores
3328 5645 3590 5700 acciden-

2005 5737 2140 5790 tium
2159 5736 2442 5792 individua
2461 5753 2564 5792 nec
2580 5752 2874 5808 personam
2891 5746 3110 5802 vocant,
3125 5751 3228 5791 nec
3241 5734 3584 5807 bypostasin.

2007 5827 2105 5882 llis
2127 5827 2204 5881 ita
2241 5827 2623 5898 praecognitis,
2663 5829 2824 5884 [idem
2860 5829 3002 5884 hanc
3033 5828 3380 5899 proﬁtemur,
3417 5840 3586 5878 unam

2006 5922 2218 5979 scilicet
2237 5937 2359 5979 esse
2380 5922 2749 5991 divinitatem,
2772 5937 2894 5994 quae
2915 5922 3090 5978 tribus
3108 5921 3164 5975 in
3194 5917 3585 5991 hypostasibus

3177 6013 3258 6074 38
