4068 6584
516 449 651 515 1195

1749 446 2057 507 LEONTII
2098 446 2505 507 BYZANTINI

3644 442 3785 508 1196

513 559 874 629 intelligatur.
905 556 1023 613 Una
1060 554 1238 610 Patris
1265 561 1351 608 cst
1376 551 1710 624 hypostasis,
1742 551 1913 606 altera
1942 551 2086 619 Filii,

2212 553 2287 606 ιαι
2319 553 2416 624 μία
2454 555 2487 624 ἡ
2521 551 2617 605 τοῦ
2648 549 2807 622 ἁγίου
2837 549 3158 624 Πνεύματος
3191 569 3204 584 ο
3237 549 3412 607 ταῦτα
3442 551 3499 608 δὲ
3531 554 3600 610 τά
3630 559 3783 628 τρία.

513 656 673 711 tertia
707 651 946 723 Spiritus
973 649 1146 705 sancti
1170 668 1182 702 :
1220 657 1385 718 atque
1414 647 1533 702 haec
1561 646 1664 700 tria
1693 645 1830 700 nihil
1855 647 2000 700 inter
2031 659 2090 699 se

2212 645 2344 697 ὠδὶν
2393 642 2640 715 ἀλλήλων
2695 644 3067 714 διαφέρουσιν,
3135 647 3182 698 εί
3231 645 3305 716 μὴ
3359 647 3518 716 μόνον
3547 650 3685 703 κατὰ
3713 651 3786 702 τά

516 749 803 810 diﬂ‘erunt,
836 744 942 800 nisi
964 744 1082 798 solo
1097 741 1496 812 proprietatum
1520 747 1798 808 respectu;
1821 746 2094 808 quatenus

2217 733 2465 805 διώματα
2487 752 2501 764 ·
2544 735 2687 789 κατὰ
2723 736 2805 799 τὸ,
2845 734 2937 788 τὸν
2967 735 3089 805 μὲν,
3115 731 3256 788 εῖναι
3283 736 3503 808 Πατέρα
3532 755 3546 769 ·
3579 739 3673 792 τὸν
3702 740 3785 798 δὲ,

515 841 606 894 hic
637 841 796 894 Pater
821 844 924 900 est,
951 835 1090 889 alter
1119 833 1312 898 Filius,
1347 832 1544 887 tertius
1571 830 1814 900 Spiritus
1844 839 2090 885 sanctus.

514 935 649 988 Nam
683 932 882 985 horum
913 928 1077 981 trium
1102 941 1210 980 una
1236 933 1321 980 est
1355 924 1686 988 substantia,
1722 932 1779 978 et
1802 939 1908 978 una
1943 931 2096 994 pote-

517 1038 650 1091 stas,
685 1041 793 1079 una
818 1023 1094 1077 voluntas.
1127 1020 1185 1073 In
1215 1020 1321 1074 hoc
1364 1026 1579 1073 tantum
1624 1016 1913 1082 dillerunt,
1946 1016 2094 1086 quod

2199 827 2326 880 Υίόν
2363 843 2380 860 ο
2419 828 2510 880 τὸν
2542 827 2623 912 δέ,
2660 828 2885 898 Πνεῦμα
2916 828 3092 896 ἆγιον.
3133 828 3292 883 Ἐπεὶ
3319 829 3419 900 μία
3447 831 3602 885 οὐσία
3624 833 3787 902 ἡτῶν

2197 914 2388 985 τριῶν,
2419 917 2512 970 καὶ
2545 915 2646 986 μία
2697 917 2950 989 δύναμις,
3000 918 3097 971 καὶ
3133 917 3233 987 μία
3275 916 3552 990 βούλησις.
3614 922 3790 975 Τοῦτο

2203 1007 2364 1078 μόνον
2395 1007 2767 1078 διαφέρουσιν,
2803 1009 2883 1062 ὅτι
2918 1009 2947 1060 6
2991 1009 3090 1080 μὲν
3125 1009 3255 1074 Υἱὸς
3291 1013 3548 1079 γεννᾶται
3589 1015 3654 1068 ἐκ
3693 1017 3790 1069 τοῦ

519 1117 691 1170 Filius
711 1131 776 1170 ex
801 1115 958 1168 Patre
981 1109 1240 1182 gignitur,
1259 1109 1499 1179 Spiritus
1514 1125 1578 1162 ex
1602 1123 1668 1162 co
1687 1108 1954 1178 procedit.
1975 1106 2096 1174 Quo

2212 1097 2438 1167 11ατρὸς,
2460 1097 2522 1149 τὸ
2541 1097 2598 1149 δὲ
2625 1096 2848 1167 Πνεῦμα
2876 1097 3239 1168 ἐκπορεύεται
3269 1098 3327 1166 ἐξ
3363 1101 3556 1156 αὐτοῦ.
3579 1103 3703 1166 Πῶς
3733 1103 3791 1156 δὲ

520 1216 702 1261 autem
728 1204 891 1258 modo
922 1204 1005 1257 vel
1029 1201 1199 1256 Filius
1225 1216 1293 1254 ex
1329 1215 1395 1254 eo
1422 1199 1702 1270 gignatur,
1737 1199 1822 1252 vel
1856 1198 2099 1268 Spiritus

2212 1191 2459 1258 γεννᾶται
2494 1191 2522 1242 6
2552 1188 2679 1252 Υἱὸς
2718 1187 2777 1255 ἐξ
2827 1189 3017 1253 αὑτοῦ,
3061 1190 3095 1260 ἢ
3152 1190 3271 1255 πῶς
3319 1191 3678 1264 ἐκπορεύεται
3730 1198 3794 1248 τί

521 1307 743 1352 sanctus
765 1295 1050 1366 procedat,
1087 1293 1359 1348 curiosius
1385 1292 1826 1362 investigandum
1859 1300 2097 1346 nonest.

524 1388 822 1442 Sciendum
867 1401 1023 1450 vero,
1053 1400 1164 1439 non
1194 1385 1438 1438 humano
1463 1399 1614 1437 more
1644 1382 1844 1445 Patris,
1870 1389 1926 1435 et
1951 1379 2097 1445 Filii,

522 1488 578 1532 ct
611 1478 786 1533 sancti
819 1475 1059 1546 Spiritus
1088 1489 1254 1528 voces
1284 1471 1657 1542 accipiendas.
1683 1470 1900 1542 Quippe
1932 1485 2101 1524 sacrae

526 1569 746 1622 Littera:
763 1568 842 1622 sic
857 1565 976 1620 istis
993 1562 1320 1634 simpliciter
1336 1561 1800 1633 appellationibus
1821 1576 1933 1616 usae
1949 1569 2100 1624 sunt,

525 1667 692 1729 prout
733 1658 801 1712 de
836 1658 1002 1711 rebus
1038 1657 1108 1711 iis
1143 1655 1344 1710 docere
1375 1670 1441 1709 ac
1478 1654 1628 1724 loqui
1670 1653 1848 1718 licuit,
1885 1667 2101 1723 nosque

525 1749 718 1804 auditu
760 1749 1046 1819 percipere
1091 1746 1392 1818 potuimus.
1430 1745 1556 1799 llzec
1591 1761 1722 1815 ergo
1754 1752 1944 1799 sancta
1982 1742 2106 1796 Tri—

527 1840 690 1905 nitas,
722 1854 938 1908 unaque
972 1837 1254 1900 divinitas,
1288 1851 1516 1905 prorsus
1549 1851 1614 1889 ex
1646 1834 1822 1889 nihilo
1852 1833 2105 1889 condidit

2204 1277 2426 1346 Πνεῦμα
2451 1276 2512 1330 τὸ
2535 1277 2712 1346 ἅγιον,
2739 1278 2801 1331 ού
2827 1277 2908 1330 δεῖ
2939 1281 3422 1350 περιεργάζεσθαι.
3472 1282 3672 1338 Ἰστέον
3707 1285 3790 1346 δὲ.

2201 1370 2285 1422 ὅτι
2313 1369 2414 1438 οὐχ
2448 1367 2523 1431 ὼς
2558 1367 2651 1420 ἐπὶ
2679 1367 2774 1421 τοῦ
2803 1368 3094 1440 ἀνθρώπου
3125 1370 3205 1423 δεῖ
3242 1375 3386 1426 νοεῖν
3415 1374 3508 1427 τὸν
3546 1377 3792 1448 Πατέρα,

2204 1463 2300 1515 καὶ
2323 1462 2413 1514 τὸν
2437 1461 2588 1526 Υίὸν,
2630 1461 2814 1515 καὶτὸ
2854 1463 3010 1532 ἅγιον
3035 1463 3310 1534 ,11νεῦμα.
3381 1466 3447 1520 Ἠ
3503 1467 3615 1538 γὰρ
3661 1468 3795 1537 ἁγία

2205 1551 2399 1622 Γραφὴ
2428 1551 2600 1616 οὕτως
2627 1551 2814 1617 ἁπλῶς
2843 1552 3017 1607 ταῦτα
3057 1555 3363 1626 ὠνόμασεν,
3398 1555 3474 1620 ὡς
3512 1559 3579 1612 ἂν
3617 1560 3795 1630 ηὐπό-

2210 1663 2342 1717 ρησε
2365 1647 2494 1716 περὶ
2520 1646 2701 1701 αὐτῶν
2723 1645 2935 1712 διδάξαι
2954 1650 3046 1702 καὶ
3079 1651 3276 1711 εἰπεῖν.
3315 1652 3410 1704 καὶ
3439 1653 3602 1723 ἡμεῖς
3629 1653 3788 1724 δυνη-

2209 1739 2435 1810 θείημεν
2486 1739 2740 1794 ἀκοῦσαι.
2787 1741 2937 1814 Αὕτη
2969 1743 3152 1798 τοίνυν
3186 1745 3220 1814 ή
3263 1745 3394 1814 ἁγία
3446 1746 3637 1817 Τριάς,
3693 1749 3795 1818 μία

2210 1836 2423 1906 θεότης,
2460 1837 2523 1890 ἐκ
2553 1836 2648 1890 τοῦ
2689 1837 2916 1908 μηδαμῆ
2961 1837 3228 1909 μηδαμῶς
3261 1839 3436 1905 ὄντος,
3468 1842 3687 1913 ἐποίησε
3720 1843 3794 1895 τά

528 1932 823 1996 universa,
865 1931 993 1984 'tam
1042 1927 1401 1998 aspectabilia
1443 1942 1608 1996 quam
1664 1924 2101 1996 inaspectabilia.

2212 1929 2410 1996 πάντα,
2437 1932 2508 1985 τά
2532 1948 2594 1984 τε
2627 1930 2823 2003 ὁρατά,
2861 1932 2957 1984 καὶ
2988 1933 3220 2004 ἀόρατα.
3268 1935 3330 1987 El
3359 1935 3417 1987 δὲ
3469 1935 3536 1989 τὰ
3578 1936 3787 2008 ἀόρατα

525 2024 668 2080 Num
722 2037 856 2077 vero
904 2020 1317 2091 inaspectabilia
1368 2020 1524 2089 prius
1570 2019 1711 2073 facta
1758 2017 2000 2084 fuerint,
2038 2035 2107 2071 ex

528 2115 894 2186 sequentibus
922 2113 1312 2183 intelligemus.

597 2211 664 2264 ll.
692 2210 806 2265 Hoc
831 2208 1054 2279 quidem
1086 2207 1395 2270 sciendum,
1428 2208 1599 2260 Deum
1626 2221 1721 2260 sex
1752 2205 1950 2261 diebus
1983 2204 2106 2258 uni—

532 2319 689 2358 versa
733 2301 1078 2365 condidisse,
1139 2299 1418 2354 hominem
1467 2299 1662 2352 ultimo
1709 2297 1799 2350 die
1856 2312 2107 2362 creasse,

533 2404 776 2449 creatum
814 2393 870 2445 in
909 2390 1165 2461 paradiso
1199 2388 1521 2444 collocasse.
1545 2385 1689 2453 Quid
1727 2395 1913 2440 autem
1946 2401 2108 2455 para—

530 2489 687 2542 disus
717 2486 809 2552 sit,
851 2484 1113 2553 deinceps
1143 2496 1561 2553 cognoscemus.
1601 2481 1741 2535 Hinc
1771 2481 1916 2534 Deus
1944 2495 2109 2534 carne

532 2581 600 2634 de
624 2578 865 2634 hominis
884 2585 1036 2632 costa
1049 2574 1286 2646 quadam
1303 2581 1542 2643 sumpta,
1561 2572 1820 2628 feminam
1840 2572 2106 2635 condidit,

533 2674 622 2728 cui
643 2672 863 2742 quidem
888 2669 956 2724 ab
974 2668 1183 2722 Adamo
1205 2667 1330 2722 Erae
1356 2681 1559 2720 nomen
1582 2673 1668 2721 est
1691 2666 1947 2722 inditum.
1971 2666 2112 2721 Prae-

532 2765 753 2836 scripsit
777 2774 960 2818 autem
999 2761 1134 2831 ipsis
1159 2760 1479 2814 mandatum
1505 2760 1672 2824 Deus,
1704 2759 1792 2814 cui
1822 2760 1867 2814 si
1899 2759 2113 2814 obtem-

533 2864 814 2928 perarent,
843 2857 1022 2910 salvos
1044 2853 1197 2918 fore,
1231 2853 1315 2907 sin
1345 2859 1554 2916 autem,
1574 2851 1875 2907 morituros
1895 2852 2108 2906 aiebat:

532 2948 680 3018 quod
714 2962 838 3002 cum
867 2946 947 3000 illi
975 2960 1087 2999 non
1117 2943 1528 3013 praestitissent,
1557 2942 1720 3014 ejecti
1751 2943 1819 2998 de
1849 2942 2112 3013 paradiso

533 3040 777 3094 fuerunt:
801 3037 964 3092 simul
986 3037 1133 3090 Deus
1155 3035 1456 3088 humanum
1479 3049 1652 3104 genus
1667 3044 1752 3089 est
1771 3044 2110 3089 exsecratus.

535 3131 740 3202 Ejectis
780 3139 964 3184 autem
993 3127 1146 3196 ipsis,
1178 3127 1423 3182 Adamus
1453 3141 1582 3180 cum
1607 3126 1720 3204 Eva
1751 3141 1866 3181 rem
1890 3126 2109 3192 habuit,

533 3224 724 3293 eisque
755 3223 869 3277 nati
903 3230 1034 3275 sunt
1066 3228 1176 3274 tres
1204 3219 1323 3284 ﬁlii,
1349 3218 1579 3281 Cainus,
1613 3217 1839 3284 Abelus,
1878 3218 2104 3273 Sethns.

535 3313 631 3368 liis
664 3312 992 3382 procreatis,
1027 3309 1217 3378 augeri
1252 3324 1425 3380 genus
1460 3310 1760 3364 humanum
1795 3310 1995 3380 coepit,
2045 3326 2110 3365 ac

535 3401 829 3456 Dominum
879 3399 1195 3454 otl‘endere:
1247 3396 1341 3467 qui
1377 3397 1601 3467 quidem
1649 3396 1729 3451 ira
1770 3405 2110 3463 commotus,

535 3495 617 3549 eis
652 3491 922 3550 diluvium
957 3487 1205 3553 immisit,
1237 3503 1267 3542 c
1291 3504 1402 3556 quo
1433 3489 1584 3544 solus
1608 3486 1721 3543 Noa
1755 3503 1880 3543 cum
1917 3503 2111 3554 uxore,

537 3585 716 3638 tribus
734 3585 861 3640 [iliis
875 3592 1144 3639 eteorum
1164 3584 1452 3648 uxoribus,
1470 3590 1595 3637 octo
1611 3582 1821 3638 scilicet
1836 3581 2111 3648 homines,

538 3678 673 3734 salvi
703 3686 1018 3732 evaserunt.
1053 3677 1150 3733 llis
1179 3679 1433 3741 servatis,
1471 3677 1670 3730 iterum
1706 3691 1842 3746 gens
1873 3675 2114 3730 humana

537 3771 803 3836 excrevit,
821 3785 1150 3841 cmpcrcque
1162 3770 1598 3827 rursusadorare
1623 3768 1934 3824 simulacra.
1958 3767 2114 3823 Tunc

539 3865 684 3920 Deus
703 3861 759 3916 in
779 3861 1156 3916 Abrahamum
1171 3861 1631 3931 conjecitoculos,
1651 3861 1931 3916 hominem
1952 3859 2115 3916 Chal-

539 3957 740 4023 daeum,
770 3955 1112 4011 habitantem
1147 3958 1202 4009 in
1236 3955 1649 4025 Mesopotamia.
1669 3954 1908 4017 Discede,
1933 3953 2115 4024 inquit

537 4066 665 4106 cum
691 4049 995 4120 appellans,
1025 4068 1056 4104 a
1087 4051 1324 4119 cognatis
1350 4050 1451 4102 tuis
1486 4057 1534 4102 et
1561 4049 1738 4118 patria
1766 4056 1880 4113 tua,
1911 4049 1968 4101 in
1995 4064 2114 4102 eam

541 4143 807 4213 regionem
839 4159 1000 4214 quam
1031 4159 1125 4212 ego
1161 4141 1255 4195 tibi
1297 4144 1602 4195 monstrabo
1631 4143 1673 4196 ‘.
1703 4139 1823 4207 Quo
1861 4140 1989 4196 inde
2029 4141 2116 4196 di-

539 4247 748 4304 gresso,
778 4233 924 4287 Deus
947 4232 998 4286 ei
1025 4240 1228 4286 terram
1243 4230 1607 4285 Chananaaam
1633 4229 1748 4285 sive
1771 4232 2113 4287 Palaestinam

537 4325 800 4385 ostendit.
839 4324 1128 4395 inquiens:
1173 4322 1474 4395 Hujusego
1512 4331 1561 4378 te
1592 4339 1944 4394 possessorem
1985 4341 2111 4379 con—

536 4422 754 4474 stituam
772 4420 812 4472 '.
839 4419 900 4472 ln
923 4417 1026 4472 hac
1043 4415 1210 4488 igitur
1233 4415 1456 4487 regione
1483 4415 1834 4473 Abrahamus
1865 4417 2111 4474 lsaacum

534 4513 747 4586 genuit,
779 4512 997 4566 lsaacus
1015 4508 1303 4574 Jacobum,
1323 4509 1562 4565 Jacobus
1591 4509 1659 4563 12
1685 4510 1846 4573 ﬁlios,
1874 4527 2111 4581 quorum

2208 2023 2474 2095 πρότερον
2504 2023 2772 2094 ἐγένοντο,
2809 2024 2868 2078 ἐν
2895 2025 3008 2089 τοῖς
3035 2025 3236 2097 ἐφεξῆς
3268 2027 3637 2099 μαθησόμεθα.

2281 2199 2453 2254 Τοῦτο
2477 2200 2534 2253 δέ
2563 2199 2646 2254 δεῖ
2671 2199 2899 2268 γνῶναι,
2937 2203 3022 2256 ὅτι
3049 2202 3108 2256 ἐν
3143 2202 3203 2268 ἓξ
3228 2203 3465 2276 ἡμέραις
3490 2206 3745 2278 ἐποίησεν
3764 2212 3799 2264 6

2209 2294 2343 2359 Θεὸς
2380 2295 2451 2349 τὰ
2506 2296 2686 2350 πάντα
2709 2313 2722 2326 ·
2773 2299 2830 2350 ἐν
2878 2299 2944 2368 τῇ
2980 2296 3183 2369 ὑστέρᾳ
3210 2297 3287 2363 δὲ,
3327 2298 3554 2370 ἐποίησε
3581 2300 3672 2354 τὸν
3701 2303 3799 2356 ἄν·-

2213 2387 2433 2458 θρωπον
2463 2404 2474 2417 ·
2514 2389 2611 2443 καὶ
2641 2391 2876 2461 ποιήσας
2902 2390 3085 2457 αὑτὸν,
3106 2391 3261 2445 ἔθετο
3289 2393 3452 2447 αὑτὸν
3483 2395 3540 2446 ἐν
3574 2394 3653 2465 τῷ
3693 2414 3801 2450 πα-

2216 2481 2466 2552 ραδείσῳ.
2503 2481 2568 2534 Τί
2609 2481 2666 2535 δέ
2711 2484 2858 2536 ἐστιν
2896 2485 2925 2536 6
2969 2484 3321 2556 παράδεισος,
3369 2486 3430 2538 ἐν
3461 2489 3574 2551 τοῖς
3598 2489 3800 2558 ἐφεξῆς

2212 2571 2561 2644 γνωσόμεθα.
2596 2573 2794 2627 Λαϐὼν
2817 2574 2875 2627 δέ
2908 2576 2936 2628 6
2965 2575 3100 2640 Θεὸς
3129 2577 3194 2629 ἐκ
3215 2577 3313 2648 τῆς
3345 2581 3477 2648 μιᾶς
3500 2579 3610 2632 τῶν
3634 2581 3798 2634 πλευ-

2216 2663 2328 2734 ρῶν
2351 2664 2515 2718 αὐτοῦ
2549 2665 2752 2738 σάρκα,
2793 2667 3020 2737 ἐποίησε
3050 2672 3306 2737 γυναῖκα,
3347 2670 3471 2742 ἥτις
3503 2671 3799 2744 ὠνομάσθη

2212 2755 2322 2808 ἀπὸ
2347 2755 2443 2809 τοῦ
2478 2756 2648 2828 Ἀδάμ
2681 2756 2817 2814 Εὔα.
2857 2758 3196 2814 Ἐνετείλατο
3227 2762 3285 2816 δὲ
3325 2763 3513 2828 αὐτοῖς
3551 2766 3798 2838 ἐντολὴν,

2213 2847 2406 2915 εἰπὼν,
2439 2849 2522 2902 ὅτι
2547 2851 2610 2902 Ei
2645 2849 2746 2921 μὲν
2793 2851 3070 2923 φυλάξητε
3103 2853 3295 2924 αὐτὴν,
3331 2855 3645 2927 σωθήσεσθε
3676 2874 3693 2890 ο
3747 2862 3800 2912 εἰ

2213 2941 2271 2994 δὲ
2307 2941 2471 3012 μήγε,
2511 2941 2897 2998 ἀποθανεῖσθε.
2935 2945 3046 2998 Kal
3081 2945 3155 3017 μὴ
3185 2946 3541 3016 φυλάξαντες,
3571 2949 3803 3022 ἐξεϐλή-

2217 3031 2392 3104 θησαν
2426 3033 2492 3086 ὲκ
2533 3032 2629 3086 τοῦ
2663 3035 2993 3105 παραδείσου
3027 3052 3040 3066 ·
3079 3037 3176 3090 καὶ
3200 3039 3585 3108 ἐκατηράσατο
3612 3043 3640 3094 6
3665 3042 3804 3104 Θεὸς

2213 3125 2276 3177 τὸ
2307 3124 2645 3196 ἀνθρώπινον
2672 3128 2846 3196 γένος.
2887 3127 3296 3200 Ἐκϐληθέντων
3338 3131 3394 3186 δὲ
3439 3131 3616 3187 αὐτῶν
3653 3135 3806 3202 ἔγνω

2229 3218 2398 3287 Ἀδὰμ
2422 3218 2522 3290 τὴν
2557 3218 2724 3286 Εὔαν,
2777 3222 2870 3273 καὶ
2916 3221 3165 3288 ἐγένοντο
3221 3223 3404 3288 αὐτοῖς
3445 3227 3592 3296 τρεῖς
3647 3228 3802 3291 υἱοὶ,

2216 3308 2379 3372 Κάῖν,
2411 3311 2506 3364 καὶ
2560 3310 2761 3374 Ἀϐελ,
2808 3311 2904 3364 καὶ
2950 3311 3085 3383 Ζήθ.
3131 3313 3352 3367 Τούτων
3401 3316 3802 3386 γεννηθέντων,

2215 3401 2508 3456 ἐπλεόνασε
2567 3403 2629 3455 τὸ
2690 3403 2847 3472 γένος
2888 3404 3000 3459 τῶν
3050 3404 3387 3477 ἀνθρώπωνο
3426 3409 3520 3462 καὶ
3562 3409 3804 3482 ἤρξαντο

2217 3494 2682 3566 παραπικραίνειν
2708 3494 2798 3548 τὸν
2829 3495 3037 3565 Κύριον
3063 3513 3081 3528 ’
3127 3499 3156 3551 6
3185 3497 3241 3551 δὲ
3282 3498 3578 3570 ὀργισθεὶς,
3627 3502 3804 3574 έπεμ-

2214 3586 2316 3658 ψεν
2354 3587 2538 3652 αὐτοῖς
2568 3587 2659 3642 τὸν
2702 3589 3110 3661 κατακλυσμὸν,
3145 3590 3204 3656 ἐξ
3248 3585 3312 3646 οῦ
3355 3593 3512 3664 μόνος
3540 3595 3722 3667 ἐσώθη
3771 3601 3804 3650 6

2215 3680 2361 3745 Νῶε,
2403 3681 2498 3734 καὶ
2529 3681 2742 3753 ὴγυνὴ,
2770 3683 2865 3737 καὶ
2914 3683 2964 3736 οἱ
3008 3686 3158 3754 τρεῖς
3201 3684 3307 3738 υἱοὶ
3352 3686 3540 3755 αὑτοῦ,
3595 3689 3690 3742 καὶ
3740 3693 3801 3743 αἱ

2215 3775 2476 3841 γυναῖκες
2498 3772 2699 3840 αὐτῶν,
2728 3776 2777 3828 οί
2815 3775 3018 3838 πάντες
3041 3775 3206 3830 ὀκτώ.
3239 3778 3457 3832 Τούτων
3489 3779 3798 3846 σωθέντων,

2217 3866 2381 3920 πάλιν
2433 3867 2761 3922 ἐπλεόνασεν
2795 3870 2830 3941 ἡ
2863 3868 3182 3941 ἀνθρωπίνη
3223 3871 3410 3941 γενεὰ,
3445 3874 3538 3927 καὶ
3562 3874 3800 3946 ἧρξαντο

2216 3958 2382 4013 πάλιν
2431 3958 2674 4023 εἰδώλοις
2724 3963 3071 4030 προσκυνεῖν.
3113 3962 3224 4016 Kal
3270 3964 3394 4017 τότε
3448 3965 3802 4036 ἐπέϐλεψενὸ

2215 4051 2348 4114 Θεὸς
2367 4053 2448 4117 είς
2471 4052 2564 4106 τὸν
2610 4052 2880 4125 Ἀϐραὰμ,
2911 4053 3078 4126 ἄνδρα
3099 4053 3385 4129 Χαλδαῖον,
3415 4057 3518 4129 τῆς
3540 4060 3797 4114 Μεσοπο-

2214 4144 2419 4214 ταμίας
2455 4143 2661 4215 χώρας,
2697 4145 2792 4200 καὶ
2844 4142 2996 4200 εἶπεν
3034 4127 3182 4218 αύτῷ
3207 4163 3222 4179 ·
3263 4127 3518 4213 Ἔξελθε
3566 4149 3636 4203 ἐκ
3685 4149 3801 4220 τῆς

2216 4237 2577 4306 συγγενείας
2603 4253 2742 4300 σου,
2777 4238 2875 4292 καί
2915 4237 3026 4308 τῆς
3059 4237 3173 4309 γῆς
3204 4255 3342 4308 σου,
3376 4241 3476 4296 καί
3502 4240 3679 4312 δεῦρο
3709 4248 3800 4311 εις

2215 4330 2334 4401 γῆν
2373 4327 2456 4399 ἣν
2485 4331 2600 4400 ἐγὼ
2649 4345 2749 4384 σοι
2792 4328 2990 4394 δείξω.
3032 4331 3145 4384 Καὶ
3183 4330 3398 4400 ἐξῆλθε.
3457 4333 3552 4386 καὶ
3595 4331 3800 4398 ἔδειξεν

2214 4422 2364 4494 αὐτῷ
2393 4425 2422 4478 ὁ
2454 4422 2586 4486 Θεὸς
2615 4422 2713 4492 τὴν
2735 4423 2840 4492 γῆν
2866 4425 2966 4493 τῆς
2993 4423 3330 4488 Χαναναίας,
3364 4425 3483 4494 ἦτοι
3507 4425 3803 4480 Παλαιστί-

2213 4533 2333 4587 νης,
2369 4514 2541 4570 είπὼν
2580 4515 2732 4586 αύτῷ
2766 4531 2781 4546 ο
2821 4516 3048 4584 Ταύτης
3078 4531 3154 4570 σε
3185 4517 3551 4587 καταστήσω
3581 4523 3801 4588 κληροο

539 4620 680 4659 unus
710 4613 831 4660 erat
854 4601 1045 4659 Judas.
1081 4601 1146 4656 Hi
1179 4610 1310 4656 sunt
1337 4602 1418 4656 illi
1448 4603 1514 4657 12
1540 4602 1885 4673 patriarchae,
1909 4604 2107 4673 quibus

2213 4609 2424 4678 νόμον.
2497 4606 2822 4678 Ἐγέννησεν
2867 4603 2960 4662 οῦν
2993 4611 3050 4662 ὲν
3088 4612 3153 4680 τῇ
3199 4612 3270 4680 γῇ
3315 4611 3344 4664 6
3403 4610 3656 4682 Ἀϐραὰμ
3703 4616 3800 4665 τὸν

534 4698 642 4752 hoc
662 4711 866 4752 nomen
897 4711 1048 4751 exeo
1077 4694 1291 4757 datum,
1321 4694 1472 4765 quod
1493 4696 1559 4749 12
1588 4695 1842 4752 tribubus
1871 4697 2113 4766 appella-

537 4792 717 4847 tiones
759 4789 1034 4845 dederint.
1082 4787 1435 4844 Vocabantur
1479 4796 1664 4843 autem
1712 4787 2005 4854 Israelitae,
2056 4799 2112 4844 et

536 4883 786 4949 llebrazi,
825 4890 881 4938 et
919 4880 1123 4946 Judaei;
1174 4895 1412 4950 quorum
1458 4880 1744 4935 nominum
1793 4881 2032 4951 primum
2079 4898 2110 4936 a

530 4980 737 5035 Jacobo
763 4977 910 5033 nacti
943 4985 1103 5042 sunt;
1149 4975 1238 5030 cui
1269 4975 1417 5030 Deus
1446 4975 1746 5045 aliquando
1779 4976 1951 5030 dixit:
1991 4975 2109 5031 Non

527 5073 753 5126 Iacobus
801 5070 1160 5142 appellabere,
1196 5075 1290 5126 sed
1333 5071 1568 5126 Israelus
1595 5072 1636 5136 ³,
1683 5070 1735 5126 id
1779 5078 1898 5136 est,
1950 5086 2109 5126 mens

531 5167 702 5219 Deum
715 5164 1008 5234 aspiciens.
1058 5165 1248 5237 Itaque
1285 5166 1541 5223 aJacobo
1567 5165 1657 5220 cui
1679 5173 2104 5235 cognomentum

532 5256 720 5312 lsraeli
751 5257 962 5322 datum,
990 5257 1250 5314 lsraelitze
1275 5259 1440 5325 dicti;
1465 5257 1677 5313 Hebraei
1706 5273 1859 5322 vero,
1889 5257 1958 5312 ab
1992 5274 2104 5312 uno

530 5349 598 5404 de
630 5349 925 5405 Abrahami
957 5350 1181 5420 proavis
1208 5350 1444 5406 lelebero.
1477 5349 1650 5406 Judaei
1681 5349 1922 5420 denique
1948 5350 2104 5405 dice-

530 5439 752 5506 bantur,
777 5457 888 5496 non
909 5443 1135 5512 proprie
1153 5441 1398 5496 universi
1419 5482 1433 5505 ,
1461 5439 1843 5510 sedquotquot
1863 5455 1930 5494 ex
1949 5440 2104 5496 Juda:

530 5532 676 5586 tribu
707 5535 980 5604 originem
1005 5536 1315 5590 ducebant:
1364 5533 1732 5588 nihilominus
1763 5540 1820 5589 et
1844 5533 1969 5589 aliis
2000 5534 2106 5590 hoc

528 5641 732 5680 nomen
763 5626 991 5682 abusive
1025 5627 1378 5682 tribuebatur
1426 5641 1492 5681 ex
1522 5641 1586 5682 ea
1623 5641 1820 5693 causa,
1855 5626 2002 5698 quod
2036 5641 2102 5680 ex

530 5718 621 5773 illa
656 5720 805 5774 tribu
833 5736 992 5792 reges
1015 5721 1366 5776 creabantur.

601 5894 619 5926 ⁸
646 5893 784 5951 Gen.
822 5912 913 5963 xu,
952 5898 1001 5952 1.
1079 5899 1098 5927 ²
1125 5897 1258 5954 ibid.
1287 5901 1338 5953 7.
1416 5899 1434 5930 ³
1459 5898 1594 5954 Gen.
1648 5914 1812 5983 gxxxv,
1871 5897 1960 5952 l0.

2228 4699 2436 4764 Ἰσαὰκ,
2469 4703 2498 4755 6
2531 4701 2588 4754 δέ
2625 4700 2834 4765 Ἰσαάκ,
2861 4701 2954 4755 τὸν
2994 4701 3189 4756 Ἰακώϐ
3217 4717 3234 4733 ·
3269 4703 3298 4756 6
3324 4703 3383 4757 δέ
3422 4703 3617 4757 Ἰακὼϐ
3640 4706 3796 4774 ἐγέν-

2215 4809 2346 4862 νησε
2373 4792 2439 4863 ιβ’
2471 4792 2663 4857 τέκνα,
2687 4785 2761 4846 ὧν
2795 4789 2875 4858 εἷς
2914 4791 2982 4862 ἦν
3013 4795 3041 4846 6
3081 4794 3307 4858 Ἰούδας.
3353 4788 3514 4850 Οὗτοι
3560 4791 3699 4868 ἦσαν
3744 4799 3796 4851 οἱ

2215 4886 2285 4960 ιβ’
2325 4887 2664 4960 πατριάρχαι
2700 4903 2714 4920 °
2772 4888 3109 4958 πατριάρχαι
3156 4888 3212 4942 δὲ
3243 4888 3573 4961 ἐκλήθησαν,
3604 4890 3794 4962 ἐπειδὴ

2210 4983 2265 5035 αί
2288 4981 2498 5034 δώδεκα
2519 4980 2685 5051 φυλαὶ
2712 4981 2773 5044 ἐξ
2789 4981 2973 5035 αὐτῶν
3000 4979 3425 5053 ὠνομάσθησαν.
3470 4980 3798 5036 Ἑκαλοῦντο

2209 5074 2266 5128 δὲ
2317 5068 2464 5129 οὗτοι
2507 5073 2867 5146 Ἰσραηλῖται,
2908 5076 3005 5129 καὶ
3049 5073 3316 5147 Ἑϐραῖοι,
3358 5077 3453 5128 καὶ
3504 5075 3748 5129 Ἰουδαῖοι
3779 5091 3793 5104 ·

2210 5167 2303 5221 καὶ
2345 5166 2679 5238 Ἰσραηλῖται
2715 5166 2815 5236 μέν
2843 5166 3160 5232 ἐκαλοῦντο,
3193 5167 3268 5232 ὼς
3300 5168 3408 5220 ἀπὸ
3434 5165 3530 5220 τοῦ
3577 5166 3792 5221 Ἰακώϐ·

2205 5257 2379 5328 τούτῳ
2413 5257 2520 5329 γὰρ
2565 5254 2720 5312 εἶπεν
2752 5260 2781 5311 ό
2812 5257 2966 5323 Θεὸς,
2993 5259 3074 5312 ὅτι
3111 5259 3192 5312 οὺ
3233 5258 3515 5326 κληθήσῃ
3563 5256 3794 5322 Ἰακὼϐ,

2211 5352 2352 5405 ἀλλ’
2381 5351 2650 5420 Ἰσραὴλ,
2675 5350 2822 5406 τοῦτ’
2844 5351 2983 5416 ἐστι,
3011 5351 3155 5413 Νοῦς
3189 5349 3330 5422 ὁρῶν
3355 5350 3511 5406 Θεόν.
3540 5349 3674 5403 Ἀπὸ
3695 5348 3792 5401 τοῦ

2223 5442 2417 5497 Ἰακὼϐ
2443 5440 2556 5511 οῦν,
2589 5444 2684 5498 τοῦ
2714 5444 3109 5516 ὀνομασθέντος
3146 5443 3385 5515 Ἰσραὴλ,
3408 5443 3661 5511 ἐλέγοντο
3686 5443 3794 5494 Ἰσο

2212 5534 2494 5607 ραηλῖταιο
2543 5535 2786 5607 Ἑϐραῖοι
2815 5536 2896 5600 δὲ,
2923 5535 3031 5589 ἀπὸ
3059 5535 3153 5589 τοῦ
3191 5535 3359 5605 Ἔϐερ
3391 5533 3487 5588 τοῦ
3517 5535 3792 5606 προπάτο-

2213 5645 2304 5700 ρος
2343 5625 2613 5699 Ἀϐραάμ.
2652 5627 2897 5681 Ἰουδαῖοι
2932 5628 2990 5681 δὲ
3018 5627 3287 5696 ἐλέγοντο,
3313 5628 3372 5680 οὐ
3407 5626 3613 5698 κυρίως
3650 5626 3788 5680 πάν-

2209 5736 2321 5785 τες,
2353 5719 2469 5774 ἀλλ’
2495 5720 2544 5773 οἱ
2574 5720 2940 5792 καταγόμενοι
2976 5720 3085 5775 ἀπὸ
3113 5723 3209 5792 τῆς
3238 5719 3412 5791 φυλῆς
3441 5721 3535 5774 τοῦ
3577 5719 3743 5773 Ἰούδα
3769 5735 3786 5752 ο
