4068 6594
313 491 446 553 1197

1523 486 1620 545 DE
1659 482 1936 543 SECTIS.
1979 507 2048 517 --
2076 482 2234 541 ACT.
2280 483 2328 541 Ι.

3432 476 3569 542 1198

309 598 768 672 καταχρηστικῶς
794 598 852 651 δὲ
885 598 1136 666 ἐλέγοντο
1171 595 1433 660 Ἰουδαῖοι,
1460 594 1548 648 διὰ
1583 594 1644 647 τὸ
1690 594 1755 645 ἐκ
1794 594 1891 661 τῆς
1930 591 2104 662 φυλῆς
2160 591 2364 663 ταύτης
2395 591 2641 661 γίνεσθαι
2673 592 2798 654 τοὺς
2867 590 3133 661 βασιλεῖς·
3162 591 3257 644 καὶ
3280 591 3346 644 ἐκ
3376 591 3570 645 τούτου

306 694 658 765 ἐπεκράτησε
684 691 743 743 τὸ
774 691 944 761 ὄνομα
973 690 1067 742 ἐπὶ
1099 690 1335 742 πάντων.

377 790 597 844 Τούτων
622 788 732 840 τῶν
764 786 830 856 ιβ’
867 782 933 856 ἦν
980 787 1018 838 6
1066 785 1286 853 Ἰωσὴφ,
1330 783 1390 837 ὃν
1448 781 1792 854 παρεζὴλουν
1843 781 1892 832 οἱ

2067 777 2158 832 ΠΙ.
2192 777 2252 832 1η
2300 779 2501 833 horum
2534 780 2604 834 12
2638 794 2870 835 numero
2900 781 3174 850 Joserhus
3207 790 3359 847 erat,
3404 797 3571 853 quem

305 882 456 938 ἄλλοι
504 879 745 949 ἀδελφοὶ,
785 878 890 940 ἕως
921 869 983 929 οὗ
1027 875 1319 946 ἐπώλησαν
1365 874 1529 929 αὐτὸν
1579 872 1890 944 ἀνθρώποις

306 975 566 1030 ἀπιοῦσιν
599 972 680 1034 είς
720 971 1017 1039 Αἴγυπτον.
1061 962 1231 1032 Οὗτος
1271 967 1440 1022 ἐλθὼν
1474 968 1557 1030 είς
1586 965 1886 1034 Αἴγυπτον,

306 1070 434 1139 ἔσχε
484 1067 647 1136 χάριν
698 1066 928 1116 ἐνώπιον
973 1060 1177 1133 Φαραὼ
1222 1060 1316 1114 τοῦ
1343 1059 1630 1131 βασιλέως,
1660 1057 1890 1111 καὶτῶν

307 1165 487 1214 ἐκεῖσε
517 1174 530 1187 ⁸
569 1157 731 1227 λιμοῦ
766 1156 823 1209 δὲ
871 1155 1169 1226 γενομένου
1225 1154 1283 1207 ἐν
1337 1152 1697 1223 Παλαιστίνῃ,
1752 1150 1892 1218 μετά

308 1254 415 1306 τῶν
464 1251 597 1304 υἱῶν
643 1247 832 1315 αὑτοῦ,
888 1248 981 1302 καὶ
1024 1246 1134 1301 τῶν
1162 1246 1371 1300 παίδων
1396 1245 1506 1298 τῶν
1538 1243 1669 1296 υἱῶν
1698 1240 1886 1304 αὑτοῦ,

308 1347 530 1398 πάντων
563 1348 658 1406 οε’,
697 1335 864 1413 ἦλθεν
895 1341 924 1392 6
958 1337 1156 1392 Ἰακὼὸ
1194 1339 1274 1399 εἰς
1315 1337 1610 1404 Αἴγυπτον,
1652 1332 1890 1395 ἀκούσας

309 1436 447 1491 εἶναι
483 1439 630 1489 σῖτον
663 1432 831 1487 πολύν
863 1447 877 1460 °
908 1432 1002 1485 καὶ
1025 1428 1420 1501 γνωρισθέντες
1477 1427 1582 1480 ὑπὸ
1637 1424 1729 1478 τοῦ
1787 1424 1895 1477 Ἰω-

310 1531 442 1602 σὴφ,
475 1529 698 1599 ἔμειναν
744 1527 945 1579 ἐκεῖσε.
982 1522 1421 1592 Τελευτήσαντος
1470 1519 1527 1572 δὲ
1576 1518 1757 1572 ἐκεῖσε
1798 1515 1891 1570 τοῦ

323 1622 518 1678 Ἰακὼὸ
561 1622 656 1675 καὶ
704 1619 796 1673 τοῦ
847 1618 1070 1688 Ἰωσὴφ,
1100 1614 1494 1671 κατεπονοῦντο
1519 1612 1627 1667 ἀπὸ
1656 1611 1763 1665 τῶν
1794 1611 1891 1663 Αί-

310 1718 557 1788 γυπτίων
581 1717 628 1768 οί
671 1712 1022 1783 Ἰσραηλῖται.
1062 1712 1172 1763 Καὶ
1215 1711 1337 1781 τότε
1391 1707 1637 1779 ἐμνήσθη
1688 1707 1717 1759 6
1763 1704 1895 1768 Θεὸς

310 1812 410 1882 τῆς
444 1810 689 1879 ἐντολῆς,
718 1802 785 1877 ἧς
807 1806 1112 1859 ἐνετείλατο
1134 1802 1212 1874 τῷ
1255 1801 1529 1873 Ἀϐραάμ.
1558 1798 1669 1853 Καὶ
1694 1798 1894 1866 ἐξήγα-

312 1922 409 1974 γεν
439 1903 637 1966 αὐτοὺς
675 1901 783 1955 ἀπὸ
809 1899 1089 1968 Αἰγύπτου
1124 1896 1212 1950 διὰ
1244 1894 1490 1958 Μωσέως
1536 1893 1631 1946 τοῦ
1673 1892 1895 1964 προφή-

312 2015 428 2060 του,
468 1996 629 2059 ὄντας
655 1995 699 2065 χ’
727 1992 991 2064 χιλιάδας,
1013 1991 1185 2061 χωρὶς
1212 1987 1420 2041 παίδων
1458 1986 1552 2040 καὶ
1590 1984 1892 2054 γυναικῶν.

317 2092 580 2161 Ἔμειναν
608 2088 662 2141 δὲ
692 2089 750 2139 ἐν
779 2088 845 2155 τῇ
879 2084 1072 2153 ἐρήμῳ
1111 2080 1205 2149 ἐτη
1239 2085 1314 2150 μ’,
1365 2079 1454 2132 ὅτε
1487 2078 1585 2131 καὶ
1613 2075 1705 2129 τὸν
1730 2076 1895 2146 νόμον

313 2182 545 2235 δέδωκεν
568 2180 749 2241 αὑτοῖς
769 2178 798 2229 6
826 2175 956 2238 Θεὸς
984 2174 1074 2228 διὰ
1102 2171 1345 2233 Μωσέως
1368 2187 1383 2202 ο
1422 2166 1565 2242 ἦσαν
1612 2169 1669 2223 δὲ
1716 2169 1894 2222 πάντα

318 2275 599 2336 ποιοῦντες
631 2271 918 2326 κατέναντι
949 2267 1044 2321 τοῦ
1074 2266 1268 2337 νόμου,
1293 2265 1370 2328 ῶς
1392 2281 1556 2334 φησιν
1595 2264 1629 2334 ἡ
1679 2262 1718 2313 Γ
1723 2261 1892 2332 ραφή.

318 2369 427 2423 Καὶ
453 2367 592 2438 μετὰ
626 2371 677 2436 μ’
708 2364 803 2432 ἐτη
833 2361 1055 2433 ἐξῆλθον
1094 2363 1160 2413 ἐκ
1189 2360 1287 2429 τῆς
1323 2359 1531 2428 ἐρήμου
1558 2357 1639 2419 εἰς
1666 2354 1765 2424 τὴν
1792 2353 1896 2423 γῆν

315 2460 415 2529 τῆς
448 2456 805 2527 ἐπαγγελίας,
843 2454 939 2507 τοῦ
970 2452 1217 2512 Μωσέως
1248 2449 1632 2511 ἀποθανόντος.
1676 2445 1895 2499 Ἐλθόν-

314 2568 404 2612 τες
434 2549 491 2601 δέ
514 2549 593 2612 εἰς
612 2547 710 2617 τὴν
737 2547 839 2614 γῆν
865 2543 1091 2611 ταύτην,
1113 2540 1233 2594 οὐδὲ
1257 2539 1428 2601 ούτως
1453 2537 1895 2606 ἐπεστράφησαν,

317 2642 615 2713 προφητῶν
643 2638 853 2692 πολλῶν
885 2634 1355 2705 ἀναφαινομὲνων,
1389 2629 1676 2685 καὶπολλὰ
1714 2629 1899 2690 αὐτοῖς

320 2734 733 2807 παραινούντων
769 2748 782 2761 ·
831 2729 947 2783 ἀλλ’
985 2728 1207 2797 ἔμειναν
1260 2725 1309 2777 οί
1356 2723 1529 2776 αὐτοί.
1571 2721 1679 2774 Καὶ
1715 2720 1838 2771 τότε
1872 2719 1900 2771 ὁ

226 2833 231 2839 ”
322 2828 450 2890 Υῶς
490 2826 587 2879 καὶ
613 2824 784 2892 Λόγος
812 2821 904 2875 τοῦ
950 2819 1104 2883 Θεοῦ,
1138 2820 1430 2891 ἐνοικήσας
1465 2814 1532 2868 δι’
1563 2813 1711 2883 ἡμᾶς
1740 2814 1798 2864 ἐν
1831 2814 1897 2882 τῇ

321 2918 589 2988 Θεοτόκῳ,
636 2917 796 2986 σῶμα
830 2914 1192 2981 ἐνδυσάμενος
1218 2909 1487 2979 ἔμψυχον,
1516 2905 1720 2977 νοερὸν,
1751 2904 1900 2972 λογι-

323 3013 440 3077 κὸν,
469 3012 564 3065 καὶ
596 3008 783 3071 ἁπλῶς
809 3009 986 3060 εἰπεῖν
1016 3003 1385 3075 ἀνθρώπινον,
1433 2999 1619 3073 ήνώθη
1674 2998 1753 3069 τῷ
1808 3000 1901 3051 ἀν-

324 3104 581 3175 θρωπίνῳ
606 3101 842 3171 σώματι,
875 3098 1218 3169 ἀσυγχύτως,
1239 3094 1529 3165 ἀληθινῶς,
1555 3092 1897 3160 ἁδιαιρέτως’

323 3197 598 3269 ἀληθινῶς
652 3197 790 3266 μὲν,
839 3195 923 3247 ὃτι
975 3192 1073 3263 μία
1129 3190 1466 3250 ὑπόστασις,
1521 3188 1584 3238 ἐκ
1622 3183 1717 3237 τοῦ
1764 3180 1900 3236 Θεοῦ

324 3293 499 3361 Λόγου
534 3292 628 3344 καὶ
675 3290 767 3342 τοῦ
828 3286 1171 3358 ἀνθρωπίνου
1226 3282 1478 3353 σώματος
1523 3276 1857 3346 ἀπετελέσθη
1885 3293 1899 3306 ·
1926 3306 1937 3315 κ

324 3382 642 3453 ἁσυγχύτως
695 3381 772 3443 δὲ,
819 3380 903 3433 ὅτι
962 3376 1102 3448 μετά
1136 3373 1233 3445 τὴν
1276 3374 1468 3426 ἐνωσιν
1524 3368 1798 3439 ἐφυλάχθη
1834 3366 1903 3420 τὰ

1991 872 2176 927 caeteri
2207 870 2405 928 fratres
2426 873 2777 929 tetnulatione
2808 873 3042 943 quadam
3072 876 3571 945 persequebantur.

1991 963 2171 1020 donec
2201 980 2329 1020 eum
2363 965 2582 1020 tandem
2622 966 2759 1021 viris
2794 965 3127 1036 quibusdam
3173 967 3230 1022 in
3274 968 3573 1041 Aigyptum

1992 1062 2479 1131 proficiscentibus
2518 1064 2842 1120 venderent.
2878 1064 2938 1119 in
2982 1064 3275 1136 Egyptum
3319 1067 3572 1128 delatus.

1992 1156 2137 1225 apud
2172 1157 2518 1213 Pharaonem
2557 1173 2738 1229 regem
2770 1168 2827 1213 et
2868 1158 3006 1213 alios
3059 1158 3264 1214 ibidem
3298 1160 3576 1231 gratiosus

1992 1264 2116 1304 esse
2144 1252 2313 1321 coepit
2348 1270 2361 1305 :
2396 1267 2633 1320 cumque
2678 1268 2909 1308 annonae
2953 1254 3153 1310 caritas
3185 1254 3486 1310 exstitisset
3518 1256 3573 1310 in

1994 1339 2315 1403 Palzestina.
2354 1343 2593 1397 Iacobus
2630 1360 2753 1398 cum
2802 1343 2927 1398 ﬁliis
2976 1345 3383 1415 nepotibusque
3426 1333 3575 1412 suis,

1994 1434 2269 1503 capitibus
2291 1436 2516 1491 omnino
2536 1436 2623 1498 75,
2640 1437 2694 1490 in
2715 1435 3010 1506 Egyptum
3033 1439 3205 1503 venit,
3231 1438 3325 1493 ubi
3358 1438 3576 1509 copiam

1993 1544 2115 1584 esse
2167 1543 2417 1599 magnam
2466 1544 2698 1582 annonae
2756 1528 3099 1583 iuaudisset:
3170 1538 3334 1600 atque
3389 1532 3480 1588 hic
3545 1548 3577 1587 a

1993 1621 2233 1690 Josepho
2270 1621 2472 1691 agniti,
2528 1630 2871 1675 manserunt.
2902 1620 3109 1675 Ibidem
3145 1623 3439 1678 exstinctis
3480 1623 3575 1678 Ja-

1996 1716 2136 1770 cobo
2152 1724 2207 1769 et
2224 1715 2485 1784 Josepho,
2504 1715 2572 1769 ab
2592 1714 2860 1786 [Egyptiis
2874 1717 3135 1772 lsraelitae
3170 1718 3572 1788 amigebantur.

1996 1808 2186 1878 Itaque
2222 1808 2542 1862 recordatus
2577 1820 2661 1863 est
2694 1809 2860 1873 Deus,
2894 1809 3028 1878 quid
3072 1810 3447 1866 Abrahamum
3492 1812 3576 1867 fa-

1997 1913 2123 1954 cere
2148 1898 2428 1969 iussisset:
2460 1914 2667 1968 eosque
2699 1915 2797 1969 per
2831 1900 3037 1956 Mosem
3067 1911 3249 1957 vatem
3284 1904 3477 1959 eduxit
3507 1921 3576 1960 ex

1996 1990 2251 2063 Egypto,
2279 2003 2538 2047 sexcenta
2568 1991 2782 2047 scilicet
2811 1992 3100 2049 hominum
3136 1996 3329 2060 millia,
3366 1998 3578 2068 absque

1998 2084 2188 2153 pueris
2224 2090 2281 2138 et
2316 2083 2678 2138 mulierculis.
2710 2083 3030 2139 Manserunt
3061 2098 3245 2141 autem
3288 2089 3343 2142 in
3375 2090 3576 2145 solitu-

1997 2176 2126 2232 dine
2159 2177 2319 2233 annis
2342 2177 2431 2242 40,
2452 2192 2562 2247 quo
2592 2185 2839 2248 tempore
2868 2179 3043 2250 legem
3070 2196 3291 2251 quoque
3315 2182 3462 2237 Deus
3495 2183 3578 2239 eis

1998 2287 2097 2341 per
2130 2271 2333 2325 Mosem
2366 2269 2556 2324 dedit:
2589 2271 2677 2325 cui
2704 2271 2927 2341 quidem
2974 2273 3081 2343 legi
3117 2274 3324 2341 omnia,
3351 2289 3453 2330 ceu
3485 2292 3578 2331 sa-

1998 2377 2107 2416 cra:
2150 2360 2371 2415 Litterae
2431 2360 2771 2429 loquuntur,
2816 2361 3048 2416 adversa
3110 2362 3404 2418 faciebant.
3451 2365 3581 2422 Post

1998 2466 2204 2505 annum
2230 2450 2299 2505 40
2324 2450 2530 2520 egressi
2563 2458 2693 2504 sunt
2720 2449 2787 2505 de
2816 2450 3115 2507 solitudine
3144 2452 3199 2506 in
3226 2463 3428 2508 terram
3452 2470 3582 2525 pro-

1999 2545 2262 2610 missam,
2313 2544 2463 2599 Mose
2508 2545 2676 2599 rebus
2722 2543 2981 2600 humanis
3013 2556 3290 2616 exempto.
3342 2547 3401 2602 in
3434 2548 3581 2603 hanc.

2004 2640 2264 2705 traducti,
2307 2655 2377 2693 ne
2414 2639 2495 2694 sic
2528 2639 2754 2709 quidem
2786 2640 3040 2694 conversi
3073 2648 3223 2704 sunt,
3256 2640 3387 2696 licet
3420 2642 3581 2696 multi

2002 2739 2152 2784 vates
2185 2731 2538 2795 exsisterent,
2570 2745 2777 2800 eosque
2815 2731 3118 2800 plurimum
3153 2733 3583 2788 cohortarentur

2002 2838 2065 2875 ac
2090 2821 2443 2885 instruerent;
2470 2823 2563 2877 sed
2583 2823 2746 2876 iidem
2772 2832 3116 2877 manserunt.
3140 2824 3384 2879 Tandem
3408 2826 3584 2880 Filius

2002 2922 2059 2967 et
2095 2913 2289 2967 Sermo
2330 2914 2448 2978 Dei,
2488 2898 2796 2969 constituto
2829 2925 3056 2985 pr0pter
3104 2931 3206 2970 nos
3248 2916 3301 2971 in
3348 2918 3583 2988 Deipara

2002 3005 2227 3076 Virgine
2258 3006 2561 3070 domicilio,
2603 3022 2727 3061 cum
2775 3022 2979 3077 corpus
3020 3008 3354 3073 animatum,
3398 3020 3583 3065 mente

2004 3099 2318 3168 praeditum,
2358 3098 2589 3153 rationis
2615 3101 2914 3170 particeps,
2951 3109 3007 3153 et
3034 3099 3365 3170 simpliciter
3401 3110 3463 3156 ut
3501 3102 3586 3156 lo-

2005 3208 2167 3261 quar,
2205 3193 2508 3247 humanum
2544 3193 2836 3256 induisset,
2872 3193 3051 3249 eidem
3084 3194 3330 3249 humano
3362 3193 3585 3265 corpori

2005 3288 2197 3341 unitus
2236 3296 2319 3341 est
2350 3287 2488 3340 citra
2520 3286 2925 3349 confusionem,
2957 3296 3015 3342 et
3036 3302 3187 3350 vere.
3219 3288 3468 3358 citraque
3502 3287 3585 3342 di-

2004 3380 2277 3434 visionem
2307 3398 2319 3433 :
2350 3396 2501 3445 vere,
2537 3381 2800 3452 quoniam
2838 3397 2908 3436 ex
2935 3381 3047 3436 Deo
3073 3382 3344 3435 Sermone
3385 3382 3586 3436 huma-

327 3477 615 3539 ἱνωθέντα,
656 3474 820 3544 μηδὲν
844 3471 953 3525 τῶν
986 3469 1104 3524 κατ’
1161 3468 1351 3521 οὐσίαν
1406 3463 1855 3534 μεταλλαξάντων
1884 3478 1896 3491 ·

2009 3491 2191 3545 noque
2219 3491 2471 3545 corpore,
2505 3476 2816 3546 hypostasis
2850 3475 3103 3529 absoluta
3134 3484 3219 3530 est
3257 3491 3396 3529 una:
3448 3475 3587 3530 citra

326 3568 653 3640 ἀδιαιρέτως
702 3567 777 3629 δέ,
813 3566 895 3619 ὅτι
946 3564 1042 3635 μία
1092 3564 1239 3616 ἐστὶν
1285 3560 1318 3630 ἡ
1360 3557 1538 3611 αὐτῶν
1582 3556 1903 3617 ὑπόστασις.

326 3663 512 3717 Ταῦτα
534 3661 590 3714 δέ
626 3662 805 3715 πάντα
825 3658 935 3712 ἀπὸ
961 3658 1058 3728 τῆς
1090 3656 1254 3723 ἁγίας
1284 3651 1506 3723 Γραφῆς
1547 3646 1903 3717 πιστούμεθα.

339 3757 491 3819 Ἐνὸς
520 3755 629 3826 γάρ
670 3754 765 3808 καὶ
796 3753 888 3805 τοῦ
927 3748 1092 3804 αὑτοῦ
1122 3749 1197 3811 ὡς
1244 3748 1352 3800 ἀπὸ
1380 3745 1653 3815 διαφόρων
1693 3741 1908 3810 φύσεων

330 3850 479 3919 λέγει
518 3850 657 3920 ἔργα
692 3847 974 3916 γινόμενα,
1017 3843 1148 3896 ποτὲ
1193 3842 1290 3910 μὲν
1330 3839 1485 3903 Θεοῦ,
1538 3836 1668 3890 ποτὲ
1708 3835 1765 3889 δέ
1820 3836 1910 3886 ἀν-

334 3941 577 4014 θρώπου.
606 3942 794 3995 Πάντα
823 3939 954 4009 γὰρ,
988 3938 1088 3990 ὅσα
1130 3935 1210 3987 δεῖ
1267 3933 1552 4002 ἄνθρωπον
1595 3929 1906 3998 ὑπομεῖναι,

334 4035 629 4105 ὑπέμεινεν
663 4050 676 4065 ο
718 4030 914 4101 ἐτέχθη
941 4030 1069 4101 γὰρ,
1113 4027 1206 4081 καὶ
1235 4020 1775 4094 ἐγαλακτοτροφήθη,
1816 4018 1910 4071 καὶ

332 4126 567 4198 ἐτράφη,
604 4125 699 4178 καὶ
729 4122 957 4194 ηῦξησε,
982 4121 1077 4173 καὶ
1108 4118 1396 4188 γενόμενος
1427 4114 1562 4167 ἐτῶν
1589 4111 1633 4165 λ’
1685 4109 1911 4164 ἐϐαπτί-

334 4222 459 4293 σθη,
500 4221 595 4273 καὶ
618 4217 756 4290 μετά
788 4217 847 4269 τὸ
890 4215 1173 4284 βάπτισμα
1212 4209 1415 4281 ἤρξατο
1464 4208 1665 4275 σημεῖα
1714 4206 1908 4265 ποιεῖν,

336 4318 431 4370 καὶ
482 4314 754 4369 διδάσκειν
813 4313 942 4372 τοὺς
1006 4304 1295 4368 Ἰουδαίους
1329 4318 1342 4332 ·
1398 4302 1494 4355 καὶ
1544 4299 1620 4369 τῷ
1670 4300 1750 4367 λγ¹
1800 4298 1912 4349 ἔτει

337 4404 686 4477 ἐσταυρώθη,
720 4404 814 4457 καὶ
836 4398 1175 4472 σταυρωθεὶς
1204 4396 1403 4465 ἀνέστη
1433 4396 1497 4465 τῇ
1524 4392 1681 4463 τρίτη
1704 4390 1911 4461 ἡμέρᾳ,

337 4501 433 4554 καὶ
461 4494 739 4566 ἀνελήφθη
781 4495 860 4556 είς
893 4492 1020 4554 τοὺς
1057 4488 1320 4559 οὐρανοὺς
1351 4487 1489 4555 μετὰ
1513 4483 1607 4536 τοῦ
1637 4482 1909 4550 σώματος,

341 4593 436 4645 καὶ
466 4590 560 4644 νῦν
589 4586 879 4650 καθέζεται
927 4583 1045 4653 μετ’
1082 4581 1249 4635 αὑτοῦ
1281 4582 1339 4633 ἐν
1370 4579 1519 4648 δεξιᾷ
1550 4576 1642 4629 τοῦ
1680 4574 1911 4645 Πατρὸς,

339 4681 438 4737 καὶ
472 4680 634 4742 αὑτός
662 4679 810 4731 ἐστιν
833 4675 861 4726 ὁ
892 4672 1101 4743 μέλλων
1132 4673 1211 4732 εἰς
1248 4668 1348 4739 τὴν
1391 4667 1689 4721 ἀνάστασιν
1731 4664 1913 4733 κρῖναι

339 4776 547 4841 ζῶντας
581 4772 677 4826 καὶ
708 4765 958 4839 νεκρούς.
990 4762 1141 4832 Αὕτη
1176 4761 1324 4814 ἐστὶν
1354 4761 1387 4831 ἡ
1415 4758 1599 4822 πίστις
1641 4755 1751 4809 τῶν
1780 4755 1914 4825 Χρι-

340 4866 591 4921 στιανῶν.

408 5131 631 5188 Τούτων
667 5125 761 5184 οὖν
806 5126 982 5188 οὕτως
1018 5126 1273 5196 ἐχόντων,
1321 5124 1378 5175 ἐν
1409 5123 1475 5193 τῇ
1504 5117 1752 5191 παρούσῃ
1782 5117 1916 5173 θεω-

346 5224 438 5296 ρίᾳ
479 5221 759 5293 τεσσάρων
800 5218 1069 5290 αἱρέσεων
1106 5218 1272 5288 ἡμεῖς
1324 5210 1788 5283 ἐπιμνησθῶμεν·
1842 5203 1917 5265 ὧν

342 5321 396 5373 αἱ
432 5317 530 5389 μὲν
549 5315 662 5380 δύο,
691 5314 818 5386 περὶ
843 5311 1125 5379 θεολογίας
1173 5312 1331 5374 εἰσὶν,
1371 5309 1437 5359 ἐκ
1480 5303 1776 5373 διαμέτρου
1810 5320 1917 5375 μα-

343 5413 569 5485 χόμεναι
622 5407 900 5477 ἀλλήλαις.
948 5403 1240 5466 Σαϐέλλιος
1273 5402 1380 5473 γὰρ
1412 5400 1540 5471 μίαν
1574 5397 1736 5466 φύσιν
1766 5398 1919 5467 ἔλεγε

343 5505 441 5576 τῆς
469 5505 629 5571 ἁγίας
661 5499 913 5571 Τριάδος,
941 5500 1035 5550 καὶ
1066 5496 1191 5567 μίαν
1217 5494 1512 5547 ὑπόστασιν
1546 5489 1917 5561 πολυώνυμον.

355 5596 494 5649 ’0δέ
546 5596 767 5665 ’Ἄρειος
811 5594 962 5664 τρεῖς
1018 5591 1346 5652 ὑποστάσεις
1394 5588 1570 5655 ἔλεγε,
1608 5584 1727 5640 ’καὶ
1775 5586 1923 5656 τρεῖς

346 5688 536 5758 φύσεις
563 5685 852 5756 ἐκφύλους.
893 5684 1117 5756 Πρῶτον
1156 5682 1266 5753 γὰρ
1303 5681 1485 5750 ἔλεγεν
1522 5676 1661 5735 εἶναι
1692 5680 1784 5733 τὸν
1808 5682 1923 5733 Πα-

345 5783 501 5854 τέρα,
530 5782 811 5851 ποιήματα
839 5778 896 5831 δὲ
925 5774 1092 5829 αὑτοῦ
1122 5775 1216 5828 τὸν
1246 5774 1374 5827 Υίδν
1411 5774 1506 5827 καὶ
1533 5773 1593 5826 τὸ
1620 5772 1841 5843 Πνεῦμα
1865 5771 1924 5824 τὸ

347 5875 523 5942 ἆγιον,
573 5873 841 5942 γενόμενα
892 5868 952 5932 ἐξ
1010 5866 1177 5920 αὑτοῦ
1227 5866 1362 5937 πρὸς
1402 5866 1707 5936 ὑπουργίαν
1733 5867 1841 5921 τῶν
1865 5866 1925 5931 ἐξ

344 5961 511 6017 αὑτοῦ
559 5957 1026 6029 κτισθησομένων.
1075 5954 1294 6011 Τούτων
1333 5954 1507 6020 οὕτως
1544 5958 1792 6026 ἀλλήλοις
1818 5977 1923 6024 μα-

1939 4820 1992 4882 D

2009 3568 2417 3633 confusionem,
2463 3570 2726 3638 quoniam
2772 3577 2898 3638 post
2931 3568 3191 3623 unionem
3222 3567 3590 3622 nihilominus

2011 3661 2180 3715 unita:
2208 3677 2296 3716 res
2322 3662 2485 3715 salvae
2510 3670 2675 3730 atque
2702 3661 2929 3730 integrae
2952 3669 3198 3723 manent,
3223 3676 3333 3714 non
3362 3660 3590 3713 mutatis

2011 3750 2473 3805 substantialihus
2521 3751 2994 3821 proprietatibus:
3047 3750 3186 3805 citra
3226 3750 3586 3817 divisionem,

2010 3842 2273 3912 quoniam
2300 3860 2408 3897 una
2430 3852 2515 3897 est
2536 3859 2727 3897 earum
2751 3843 3081 3913 hypostasis.
3110 3843 3317 3897 Horum
3340 3845 3589 3900 omnium

2012 3935 2173 3990 fidem
2204 3952 2374 3991 sacra:
2397 3936 2555 3991 nobis
2579 3935 2797 3991 Littera
2816 3935 3047 3991 faciunt.
3074 3936 3164 3991 Sic
3186 3936 3332 3991 enim
3356 3938 3591 4008 loquun-

2015 4040 2104 4085 tur
2135 4030 2203 4084 de
2249 4045 2359 4085 uno
2386 4038 2441 4084 et
2477 4029 2695 4095 eodem,
2743 4044 2807 4083 ac
2837 4029 2883 4083 si
2911 4028 3152 4084 diversis
3182 4045 3212 4083 a
3254 4031 3471 4085 naturis
3497 4047 3591 4085 ac-

2015 4125 2194 4179 tiones
2228 4125 2357 4194 ipsa:
2389 4125 2777 4194 provenirent;
2810 4139 2958 4177 nunc
2979 4123 3204 4193 quidem
3230 4141 3260 4179 a
3290 4125 3421 4189 Deo,
3443 4139 3591 4179 nunc

2014 4222 2198 4268 autem
2233 4213 2302 4268 ab
2340 4212 2584 4267 homine.
2621 4212 2755 4266 Nam
2786 4213 2993 4275 omnia,
3031 4228 3376 4283 quaecunque
3418 4213 3590 4268 susti-

2014 4325 2145 4363 nere
2202 4307 2485 4362 hominem
2536 4314 2775 4375 oportet,
2828 4306 3123 4360 sustinuit:
3178 4306 3234 4359 in
3279 4306 3457 4361 lucem
3509 4317 3593 4362 est

2013 4401 2219 4466 editus,
2240 4400 2381 4454 lacte
2409 4400 2674 4460 nutritus,
2703 4398 2993 4461 educatus,
3016 4406 3211 4451 auctus
3235 4405 3443 4453 statura
3470 4414 3593 4453 cor-

2015 4492 2187 4562 poris,
2218 4498 2274 4545 et
2299 4506 2474 4545 annos
2530 4497 2692 4544 natus
2735 4490 2804 4544 '50
2847 4489 3159 4558 baptizatus
3200 4487 3324 4554 fuit,
3366 4504 3432 4543 ac
3470 4498 3593 4558 post

2015 4583 2351 4653 baptismum
2374 4581 2624 4651 prodigia
2648 4580 2829 4635 facere
2846 4581 3104 4649 ccepit,et
3125 4579 3344 4634 Judzeos
3367 4579 3588 4634 docere:

2016 4687 2272 4742 annoque
2302 4671 2372 4724 ’55
2399 4671 2453 4724 in
2484 4686 2704 4725 crucem
2741 4678 2929 4723 actus:
2968 4684 3080 4739 quo
3112 4670 3277 4733 facto,
3304 4668 3469 4722 tertio
3504 4668 3593 4723 die

2018 4761 2320 4817 resurrexit
2340 4768 2397 4814 et
2422 4759 2477 4813 in
2501 4759 2670 4814 cmlos
2692 4766 3007 4827 assumptus
3030 4774 3153 4813 cum
3176 4772 3439 4826 corpore:
3468 4772 3591 4810 cum

2019 4869 2130 4926 quo
2169 4853 2281 4925 jam
2311 4851 2490 4907 Patris
2517 4850 2583 4905 ad
2630 4850 2910 4905 dexteram
2947 4851 3121 4913 sedet,
3158 4857 3351 4918 estque
3393 4849 3457 4913 is,
3499 4849 3593 4918 qui

2019 4948 2177 5002 vivos
2199 4955 2253 5000 et
2286 4952 2537 4999 mortuos
2582 4942 2636 4996 in
2692 4941 3095 4997 resurrectione
3136 4939 3425 5010 judicabit.
3470 4938 3595 4993 Haec

2020 5039 2459 5095 Christianorum
2498 5037 2634 5092 fides
2660 5047 2764 5090 est.

2093 5133 2182 5190 1V.
2219 5132 2399 5202 Atque
2443 5131 2530 5185 his
2578 5129 2653 5183 ita
2688 5126 3001 5190 declaratis,
3048 5126 3103 5178 in
3139 5126 3241 5179 hac
3278 5123 3594 5178 considera-

2022 5231 2173 5286 tione
2210 5236 2396 5283 nostra
2437 5227 2505 5280 de
2550 5234 2787 5294 quatuor
2837 5221 3001 5275 sectis
3047 5215 3595 5272 commemorandum

2022 5325 2159 5379 erit:
2193 5333 2425 5391 quarum
2457 5304 2578 5372 dom.
2615 5315 2866 5385 quidem,
2911 5312 2979 5366 ad
3024 5310 3328 5364 doctrinam
3366 5308 3435 5363 de
3484 5308 3595 5363 Deo

2024 5399 2317 5484 spectant.‘
2342 5427 2407 5467 ex
2445 5410 2714 5465 diametro
2750 5420 2937 5461 secum
2990 5403 3223 5457 invicem
3265 5406 3592 5471 pugnantes.

2024 5505 2235 5573 Quippe
2265 5501 2538 5558 Sabellius
2572 5514 2735 5554 unam
2781 5503 2984 5550 sanctae
3016 5492 3302 5548 Trinitatis
3340 5502 3596 5547 naturam

2026 5598 2263 5663 dicebat,
2292 5606 2349 5652 et
2387 5610 2551 5649 unam
2584 5589 2949 5663 hypostasim,
2984 5587 3279 5642 habentem
3309 5584 3466 5655 plura
3498 5599 3599 5639 no-

2024 5691 2195 5745 mina.
2226 5689 2385 5742 Arius
2415 5697 2596 5740 autem
2628 5700 2748 5739 esse
2791 5692 2901 5737 tres
2933 5681 3115 5735 aiebat
3156 5679 3501 5749 hypostases,
3535 5692 3599 5732 ac

2028 5794 2141 5839 tres
2169 5780 2373 5835 diversi
2413 5779 2629 5850 generis
2661 5780 2904 5830 naturas‘.
2939 5774 3072 5828 Nam
3103 5771 3341 5841 primum
3381 5768 3600 5824 dicebat

2027 5886 2148 5927 esse
2184 5872 2421 5931 Patrem.
2471 5872 2697 5939 ejusque
2734 5874 2914 5921 creata
2969 5862 3164 5917 Filiqu
3232 5869 3287 5915 et
3331 5859 3599 5929 Spiritum

2028 5972 2304 6023 sanctum.
2336 5962 2402 6018 ab
2437 5962 2553 6019 ipso
2582 5960 2722 6013 facta
2758 5956 2824 6010 ad
2859 5950 3213 6009 serviendum
3254 5950 3305 6003 ei
3351 5949 3404 6005 in
3443 5963 3599 6003 crea-
