4020 6564
497 465 634 530 1199

1768 471 2079 533 LEONTII
2120 472 2527 537 BYZANTINI

3626 485 3779 549 1200

494 585 648 639 tione
675 595 861 638 rerum
906 580 1345 637 condendarum.
1380 580 1480 636 llis
1509 580 1565 636 in
1600 580 1750 638 hunc
1785 583 2010 638 modum
2043 599 2060 637 ι

2177 585 2447 658 χομένων,
2489 589 2522 660 ἡ
2576 588 2875 660 Ἐκκλησία
2921 592 3090 662 μέσον
3119 596 3446 668 χορεύουσα,
3470 600 3596 656 οὔτε
3626 604 3708 670 ὠς
3743 606 3780 657 ὁ

493 691 555 732 se
580 674 822 730 invicem
852 671 1278 737 dissidentibus,
1310 672 1557 728 Ecclesia
1594 672 1778 727 medio
1808 673 2071 729 incedens

492 771 716 835 itinere,
750 782 857 822 nec
894 781 1050 821 more
1092 763 1319 820 Sabellii
1346 764 1428 818 sic
1457 778 1619 818 unam
1659 772 1914 819 naturam
1956 772 2069 820 tra-

491 865 651 928 dens,
684 868 747 917 ut
780 876 890 915 una
921 872 1142 929 quoque
1175 865 1453 912 statuatur
1484 856 1816 927 hypostasis,
1858 873 1962 913 nec
1995 857 2070 911 ita

493 969 607 1012 tres
639 954 988 1027 hypostases,
1023 951 1093 1006 de
1130 951 1249 1005 Arii
1284 953 1581 1020 sententia,
1609 960 1672 1007 ut
1716 962 1830 1007 tres
1876 952 2069 1007 itidem

492 1056 706 1102 natura:
734 1052 1053 1100 statuantur
1089 1042 1315 1114 (quippe
1354 1042 1650 1107 Sabellius,
1675 1052 1900 1113 propter
1941 1043 2070 1099 uni-

490 1149 664 1195 tatem
696 1144 909 1192 natura:
939 1136 994 1191 in
1021 1149 1268 1191 errorem
1303 1144 1480 1200 actus,
1514 1151 1681 1189 unam
1712 1150 1932 1207 quoque
1960 1144 2073 1191 tra-

492 1233 663 1288 debat
691 1228 1051 1303 hypostasin:
1088 1228 1255 1283 Arius
1288 1242 1443 1292 vero,
1483 1236 1717 1298 propter
1747 1228 2073 1300 hypostases

492 1333 625 1388 tres,
647 1328 759 1376 tres
779 1334 999 1390 quoque
1016 1325 1148 1373 natu
1158 1333 1246 1372 ras
1262 1332 1384 1372 esse
1399 1316 1643 1388 dicebat)
1663 1334 1677 1369 :
1695 1318 1881 1373 medio
1903 1319 2073 1390 igitur

490 1414 639 1469 inter
666 1413 767 1468 nos
796 1411 1043 1466 Ecclesia
1082 1408 1349 1465 incedens
1378 1408 1601 1475 itinere,
1637 1426 1800 1466 unam
1824 1395 2070 1467 esse'Dei

490 1516 748 1563 naturam
785 1504 921 1560 dicit
962 1504 1022 1558 in
1061 1502 1242 1558 tribus
1276 1502 1687 1574 hypostasibus.
1719 1503 1902 1574 Atque
1952 1504 2070 1562 haec

489 1612 577 1662 est
600 1605 657 1659 in
676 1602 948 1659 Trinitate
967 1601 1171 1665 unitas,
1189 1608 1245 1655 et
1262 1600 1317 1654 in
1344 1598 1555 1654 unitate
1573 1599 1841 1654 Trinitas.
1860 1599 2069 1656 Deinde

489 1697 746 1754 similiter
775 1710 844 1750 ex
875 1694 1146 1749 diametro
1179 1691 1337 1763 quasi
1369 1692 1692 1763 pugnabant
1712 1691 1860 1748 inter
1890 1708 1972 1758 se,
2000 1692 2069 1749 de

490 1788 871 1846 incarnatione
904 1787 1001 1842 Dei
1034 1785 1337 1851 Sermonis,
1364 1786 1655 1841 Nestorius
1680 1794 1736 1842 et
1769 1786 2065 1857 Eutyches.

487 1885 702 1954 Quippe
737 1880 1024 1937 Nestorins
1072 1879 1210 1935 duas
1238 1878 1328 1934 ille
1350 1879 1574 1949 quidem
1601 1888 1829 1934 naturas
1860 1879 2071 1935 fateba-

2177 677 2470 743 Σασέλλιος
2495 679 2625 750 μίαν
2654 682 2818 752 φύσιν
2843 682 3165 753 δοξάζουσα,
3187 688 3329 743 ὥστε
3351 692 3444 746 καὶ
3470 695 3602 765 μίαν
3629 696 3779 751 ὑπόο

2175 788 2368 825 στασιν
2396 770 2643 837 δοξάζειν
2676 790 2690 804 ·
2727 775 2851 828 οὔτε
2883 775 2961 840 ὡς
3002 779 3031 830 6
3061 780 3283 851 Ἀρειος
3319 785 3474 852 τρεῖς
3516 786 3778 841 ὑποστά-

2175 875 2313 926 σεις,
2342 861 2429 914 ἵνα
2463 862 2559 914 καὶ
2579 865 2732 934 τρεῖς
2751 864 2953 938 δοξάσῃ
2989 866 3183 936 φύσεις
3211 869 3261 941 (6
3292 871 3394 941 μὲν
3418 873 3528 947 γάρ
3559 876 3779 931 Σαϐελ-

2171 950 2287 1014 λιος
2334 951 2443 1005 ἀπὸ
2489 953 2591 1024 τῆς
2643 955 2775 1024 μιᾶς
2821 956 3038 1027 φύσεως
3087 958 3465 1032 πλανώμενος,
3497 967 3589 1019 καὶ
3628 968 3776 1037 μίαν

2173 1040 2475 1097 ὑπόστασιν
2532 1044 2785 1112 ἐδόξασεν
2814 1063 2832 1079 ο
2888 1048 2918 1100 6
2954 1048 3011 1101 δὲ
3065 1051 3285 1121 Ἀρειος
3320 1051 3414 1108 διὰ
3451 1057 3552 1122 τὰς
3608 1063 3778 1130 τρεῖς

2171 1134 2520 1202 ὑποστάσεις,
2554 1138 2648 1191 καὶ
2674 1142 2827 1211 τρεῖς
2869 1141 3063 1210 φύσεις
3090 1142 3290 1215 ἐλεγε)’
3329 1148 3634 1218 χορεύουσα
3667 1152 3777 1206 οὖν

2175 1224 2342 1295 μέσον
2391 1227 2601 1283 τούτων
2651 1231 2685 1301 ή
2742 1231 3063 1305 Ἐκκλησία,
3133 1237 3261 1308 μίαν
3294 1239 3460 1308 φύσιν
3481 1240 3634 1312 λέγει
3665 1245 3773 1299 τοῦ

2171 1317 2306 1372 Θεοῦ
2342 1319 2402 1374 ὲν
2427 1321 2606 1390 τρισὶν
2642 1322 2996 1381 ὑποστάσεσι.
3053 1329 3164 1383 Καὶ
3216 1329 3356 1404 αὕτη
3401 1334 3552 1388 ἐστὶν
3608 1337 3644 1406 ἡ
3701 1338 3774 1391 ἐν

2172 1410 2365 1480 Τριάδι
2395 1412 2583 1482 μονὰς,
2621 1416 2717 1469 καὶ
2748 1416 2783 1488 ἠ
2812 1420 2871 1471 ὲν
2902 1418 3094 1488 μονάδι
3117 1423 3307 1493 Τριάς.
3340 1422 3475 1479 Εἶτα
3503 1429 3597 1481 καὶ
3630 1431 3771 1499 περὶ

2168 1501 2273 1572 τῆς
2300 1504 2770 1576 ὲνανθρωπήσεως
2798 1507 2898 1561 τοῦ
2921 1507 3058 1563 Θεοῦ
3080 1511 3258 1582 Λόγου
3297 1514 3488 1589 ὥσπερ
3524 1520 3588 1572 ὲκ
3642 1520 3770 1574 δια-

2175 1594 2379 1664 μέτρου
2410 1596 2679 1666 ἐμάχοντο
2713 1598 2852 1670 πρὸς
2880 1598 3167 1671 ἀλλήλους,
3194 1603 3222 1656 ὂ
3253 1620 3312 1658 τε
3340 1606 3637 1678 Νεστόριος
3663 1612 3767 1664 καὶ

2170 1685 2443 1758 Εὑτυχής.
2493 1688 2551 1742 '0
2589 1689 2688 1761 μὲν
2729 1691 2840 1762 γὰρ
2872 1693 3166 1764 Νεστόριος
3204 1695 3361 1768 ἔλεγε
3402 1699 3496 1753 δύο
3538 1702 3764 1771 φύσεις,

2169 1779 2271 1833 οὑκ
2313 1779 2466 1849 ἔλεγε
2497 1781 2554 1834 δὲ
2579 1781 2752 1846 αὑτάς
2782 1784 3038 1852 δέξασθαι
3083 1787 3298 1847 ἕνωσιν.
3360 1791 3520 1846 Ἀλλὰ
3568 1795 3764 1865 σχέσιν

2172 1871 2375 1945 πολλὴν
2398 1873 2553 1944 ἔχειν⁴
2580 1874 2673 1929 τὸν
2713 1876 3003 1945 ἄνθρωπον
3044 1881 3254 1935 ἐκεῖνον
3293 1882 3429 1954 πρὸς
3462 1884 3560 1938 τὸν
3603 1886 3756 1953 Υἱὸν,

492 1987 617 2042 tur;
653 1974 751 2031 sed
788 1989 899 2028 non
934 1972 1157 2028 dicebat
1185 1986 1378 2027 earum
1406 1971 1605 2027 factam
1636 1972 1925 2028 unionem.
1954 1972 2060 2028 Ma-

2169 1964 2310 2019 ὦστε
2335 1968 2429 2020 καὶ
2456 1967 2527 2020 δι’
2550 1968 2718 2022 αὑτοῦ
2768 1971 3036 2040 ἐνεργεῖν,
3084 1974 3189 2028 ὅσα
3227 1974 3475 2045 βούλεται
3499 1992 3513 2007 ο
3550 1979 3642 2031 καὶ
3678 1979 3753 2032 δι’

487 2082 651 2137 gnam
673 2064 894 2120 volebat
909 2078 1029 2119 esse
1052 2062 1217 2133 hujus
1246 2062 1490 2118 hominis
1511 2063 1579 2117 ad
1597 2061 1798 2118 Filium
1823 2062 2071 2119 all‘ectio-

488 2177 655 2226 nem;
687 2160 827 2215 adeo
870 2157 1118 2229 quidem,
1152 2164 1213 2213 ut
1241 2173 1343 2229 per
1370 2172 1500 2213 eum
1545 2174 1890 2229 quacunque
1932 2158 2069 2214 velit

490 2253 727 2319 elliciat;
761 2266 995 2322 eamque
1024 2250 1096 2305 ob
1127 2265 1350 2306 causam
1381 2251 1563 2306 aiebat
1587 2251 1736 2306 hunc
1781 2252 2066 2308 hominem

488 2346 686 2401 Filium
710 2358 930 2414 quoque
946 2342 1233 2413 appellari.
1249 2341 1406 2408 Quod
1423 2342 1469 2397 si
1492 2343 1617 2412 quis
1636 2343 1930 2415 obiiceret:
1954 2343 2068 2400 Cur

488 2454 660 2494 unum
702 2436 903 2492 Filium
950 2434 1092 2490 dicis
1122 2449 1264 2499 esse,
1308 2450 1419 2489 non
1462 2434 1644 2490 duos?
1687 2436 2068 2507 respondisset

486 2529 799 2597 Nestorius,
831 2535 1044 2583 tantum
1073 2542 1196 2583 esse
1219 2543 1466 2582 amorem
1497 2535 1554 2583 et
1582 2528 1932 2585 atl‘ectionem
1965 2531 2064 2587 Dei

487 2622 771 2681 Sermonis
794 2637 923 2692 erga
947 2621 1097 2676 hunc
1126 2619 1431 2687 hominem,
1462 2630 1524 2676 ut
1555 2620 1685 2689 duo,
1715 2622 1891 2678 Filius
1920 2639 2065 2680 unus

486 2716 747 2789 appellati
781 2715 1010 2771 fuerint.
1038 2713 1316 2786 Eutyches
1353 2729 1489 2771 vero
1521 2715 1854 2786 perhibebat
1896 2733 2062 2772 unam

485 2823 608 2865 esse
629 2806 974 2880 bypostasin,
999 2814 1056 2861 et
1080 2814 1189 2860 tam
1218 2815 1428 2861 arctam
1456 2806 1641 2862 aiebat
1674 2807 1939 2863 unionem
1963 2809 2062 2865 Dei

486 2900 771 2958 Sermonis
799 2915 924 2955 cum
953 2898 1177 2954 homine
1201 2898 1435 2965 factam,
1476 2890 1539 2954 ut
1561 2899 1731 2955 etiam
1752 2900 1820 2955 de
1846 2901 2064 2956 duabus

487 3010 596 3050 una
625 2992 794 3050 fuerit
832 2993 1031 3049 effecta
1075 3002 1295 3048 natura.
1330 2993 1547 3049 Rursus
1575 3001 1760 3048 autem
1807 2993 2059 3049 Ecclesia

485 3086 670 3144 medio
702 3102 935 3157 pergens
966 3085 1110 3140 inter
1137 3085 1238 3140 hos
1271 3084 1492 3151 itinere,
1523 3099 1627 3140 nec
1658 3084 1797 3141 duas
1833 3094 2062 3141 naturas

484 3183 561 3237 ita
584 3195 710 3236 cum
729 3177 986 3235 Nestorio
1006 3177 1231 3243 fatetur,
1257 3184 1319 3231 ut
1336 3192 1450 3232 non
1470 3186 1528 3233 et
1550 3176 1811 3232 unionem
1853 3175 2056 3233 factam

2170 2060 2306 2114 αὑτὸ
2338 2061 2492 2130 ἔλεγε
2521 2063 2726 2117 καὶτὸν
2752 2063 3043 2136 ἄνθρωπον
3070 2068 3302 2133 ἐκεῖνον,
3326 2069 3455 2123 Υίὸν
3474 2070 3752 2139 λέγεσθαι.

2168 2155 2324 2221 Είτις
2355 2156 2413 2209 δὲ
2439 2157 2587 2212 είποι
2611 2157 2752 2230 πρὸς
2770 2159 2954 2225 αὑτὸν,
2984 2162 3094 2217 Καὶ
3115 2161 3259 2215 διατί
3295 2163 3391 2217 ἕνα
3419 2163 3594 2233 λέγεις
3620 2165 3761 2219 Υἱὺν

2168 2249 2261 2302 καὶ
2292 2248 2368 2321 μὴ
2394 2248 2487 2303 δύο
2513 2268 2528 2315 ;
2553 2251 2991 2323 ἀνταπεκρίνατο
3023 2253 3091 2308 ἂν
3118 2254 3147 2306 ό
3166 2254 3479 2328 Νεστόριος·
3505 2257 3759 2329 Τοσαύτη

2165 2337 2235 2413 ἦν
2268 2343 2302 2414 ἡ
2338 2342 2488 2413 φιλία
2514 2344 2610 2398 καὶ
2649 2346 2683 2416 ἡ
2719 2346 2907 2416 σχέσις
2944 2345 3041 2399 τοῦ
3081 2345 3217 2400 Θεοῦ
3263 2347 3439 2417 Λόγου
3483 2350 3624 2421 πρὸς
3663 2351 3761 2404 τὸν

2166 2432 2480 2506 ἄνθρωπον,
2504 2434 2587 2488 ὅτι
2614 2435 2665 2489 οί
2696 2434 2790 2489 δύο
2827 2430 2907 2501 εἷς
2941 2436 3070 2501 Υἱὸς
3099 2437 3372 2507 ἐλέγοντο.
3411 2440 3469 2494 ’0
3495 2440 3553 2494 δὲ
3580 2441 3758 2495 Εὐτυ-

2166 2527 2269 2598 χὴς
2301 2526 2430 2598 μίαν
2458 2528 2757 2583 ὑπόστασιν
2782 2529 2991 2599 ἔλεγεν,
3040 2530 3137 2586 καὶ
3174 2533 3450 2606 τοσαύτην
3481 2534 3637 2604 ἔλεγε
3665 2553 3760 2605 γε-

2165 2622 2356 2678 νέσθαι
2403 2623 2598 2679 ἕνωσιν
2632 2624 2730 2679 τοῦ
2769 2625 2906 2681 Θεοῦ
2943 2626 3122 2697 Λόγου
3159 2628 3295 2699 πρὸς
3321 2630 3413 2683 τὸν
3442 2630 3753 2702 ἄνθρωπον,

2163 2715 2305 2770 ὥστε
2346 2717 2439 2771 καὶ
2486 2718 2618 2788 μίαν
2665 2718 2829 2788 φύσιν
2876 2719 3306 2793 ἀποτελεσθῆναι
3353 2727 3419 2778 ἐκ
3473 2724 3582 2779 τῶν
3634 2724 3754 2778 δύο.

2164 2811 2334 2866 Πάλιν
2371 2812 2429 2866 δὲ
2478 2812 2779 2885 Ἐκκλησία
2838 2814 3003 2886 μέσον
3029 2816 3327 2888 χορεύουσα
3360 2817 3587 2882 τούτων,
3622 2817 3754 2872 οὔτε

2161 2903 2255 2957 δύο
2287 2902 2480 2973 φύσεις
2509 2904 2699 2974 ἔλεγεν
2727 2905 2805 2970 ὡς
2831 2908 2859 2959 6
2904 2908 3227 2980 Νεστόριος,
3265 2908 3405 2964 ὥστε
3453 2911 3592 2982 μηδὲ
3616 2911 3756 2965 ἐνω-

2163 3010 2249 3073 σιν
2274 2996 2452 3050 εἰπεῖν
2488 2996 2855 3069 γεγενῆσθαι·
2909 2999 3026 3052 ἀλλ’
3071 2998 3197 3055 οὑτε
3245 3002 3501 3075 τοιαύτην
3555 3004 3756 3058 ἕνωσίν

2161 3105 2346 3159 φησιν,
2377 3088 2455 3152 ὡς
2495 3091 2524 3143 6
2571 3090 2842 3163 Εὐτυχὴς,
2889 3093 3244 3165 γεγενῆσθαι,
3281 3095 3422 3149 ὥστε
3475 3097 3571 3150 καὶ
3618 3097 3757 3168 μίαν

2162 3180 2326 3249 φύσιν
2352 3180 2551 3234 εἰπεῖν.
2600 3179 2658 3233 '0
2702 3183 2804 3251 μὲν
2852 3183 2962 3252 γὰρ
3008 3183 3304 3255 Νεστόριος
3364 3185 3456 3239 διὰ
3503 3185 3602 3249 τὰς
3654 3186 3758 3240 δύο

484 3273 661 3329 dicat:
714 3285 820 3325 nec
861 3268 1107 3325 vicissim
1152 3268 1317 3323 talem
1346 3268 1486 3323 dicit
1510 3268 1777 3322 unionem
1825 3268 2060 3334 factam,

2165 3270 2380 3340 φύσεις,
2415 3272 2517 3326 οὑκ
2551 3272 2707 3342 ἔλεγε
2728 3274 3056 3345 γεγενῆσθαι
3085 3276 3279 3330 ἕνωσιν
3307 3293 3321 3309 ο
3358 3279 3387 3331 6
3419 3276 3476 3331 δὲ
3502 3277 3752 3349 Εὑτυχὴς

483 3364 703 3435 qualem
718 3362 1020 3433 Eutyches,
1041 3369 1102 3416 ut
1118 3376 1284 3416 unam
1306 3376 1528 3431 quoque
1548 3369 1801 3414 naturam
1825 3368 2057 3415 asserat.

482 3455 771 3512 Nestorius
801 3454 951 3510 enim
978 3462 1274 3525 propterea
1309 3452 1457 3524 quod
1501 3451 1625 3507 duae
1662 3459 1873 3507 naturae
1925 3452 2059 3518 sint,

482 3547 744 3603 unionem
775 3544 975 3600 factam
1002 3544 1240 3616 negabat
1285 3561 1299 3598 :
1336 3543 1615 3615 Eutyches
1648 3552 1875 3613 propter
1899 3543 2061 3598 unio-

482 3656 646 3707 nem,
706 3648 964 3696 naturam
1017 3636 1239 3693 dicebat
1296 3651 1485 3691 unam.
1542 3636 1747 3691 Verum
1809 3635 2059 3692 Ecclesia

482 3734 654 3790 tradit
695 3748 859 3788 unam
895 3747 1018 3787 esse
1060 3729 1403 3803 bypostasin,
1450 3729 1668 3785 duabus
1715 3729 1771 3784 in
1821 3728 2057 3784 naturis.

483 3831 661 3900 Atque
686 3828 803 3884 haac
832 3826 1084 3882 doctrina
1113 3826 1182 3881 de
1213 3825 1594 3881 incarnatione
1617 3823 1763 3891 Filii,
1790 3823 2062 3879 doctrinae

482 3920 552 3976 de
585 3920 858 3975 Trinitate
884 3918 1008 3974 vice
1041 3933 1201 3973 versa
1234 3916 1553 3989 respondet,
1588 3915 1733 3972 sicut
1770 3914 1932 3970 divus
1967 3914 2062 3970 ille

479 4013 777 4086 Gregorius
796 4013 892 4068 ait:
916 4013 1053 4068 Nam
1077 4011 1203 4067 istic
1224 4012 1493 4067 unitatem
1507 4020 1718 4065 naturae
1736 4007 2059 4074 tribuimus,

481 4106 779 4162 discrimen
841 4104 1232 4178 liypostasibus
1285 4121 1298 4158 :

480 4196 704 4269 quidem
729 4196 820 4253 hic
845 4211 1008 4268 agere
1042 4195 1209 4252 modo
1240 4195 1428 4252 libuit.

2165 3362 2254 3417 διὰ
2299 3362 2400 3436 τὴν
2447 3363 2662 3430 ἕνωσιν,
2702 3366 2798 3420 καὶ
2843 3367 2976 3439 μίαν
3014 3367 3178 3438 φύσιν
3222 3368 3429 3439 ἔλεγεν.
3472 3370 3634 3425 Ἀλλὰ
3662 3372 3755 3426 δο-

2169 3456 2324 3522 ξάζει
2375 3458 2409 3528 ὴ
2450 3458 2746 3530 Ἐκκλησία
2781 3460 2911 3531 μίαν
2956 3460 3255 3516 ὑπόστασιν
3291 3463 3351 3517 ὲν
3391 3462 3487 3517 δύο
3524 3463 3749 3534 φύσεσι.

2166 3549 2278 3602 Καὶ
2320 3548 2438 3602 ἔστι
2479 3549 2540 3602 τὸ
2578 3551 2708 3622 περὶ⁵
2741 3550 2841 3621 τῆς
2874 3551 3344 3626 ὲνανθρωπήσεως
3375 3555 3552 3627 δόγμα
3595 3556 3753 3610 ἀντί-

2168 3656 2400 3711 στροφον
2445 3640 2522 3711 τῷ
2568 3643 2698 3714 περὶ
2735 3641 2838 3712 τῆς
2881 3642 3180 3714 θεολογίας,
3225 3644 3302 3711 ὥς
3336 3663 3503 3716 φησιν
3542 3647 3572 3699 6
3604 3645 3752 3711 θεῖος

2167 3733 2469 3805 Γρηγόριος
2495 3750 2511 3765 ⁸
2557 3734 2707 3789 Ἐκεῖ
2737 3736 2836 3806 μὲν
2868 3736 2980 3809 γὰρ
3007 3738 3069 3791 τὸ
3103 3739 3161 3792 ἓν
3191 3740 3511 3811 παρέχομεν
3540 3743 3610 3812 τῇ
3641 3740 3750 3809 φύ-

2168 3841 2272 3891 σει,
2300 3824 2362 3877 τὸ
2394 3825 2450 3878 δὲ
2480 3824 2737 3899 διάφορον
2762 3830 2883 3892 ταῖς
2906 3829 3269 3885 ὑποστάσεσιν
3291 3846 3304 3858 ·
3328 3830 3565 3887 ἐνταῦθα
3591 3830 3649 3884 δὲ
3682 3832 3751 3885 ἐκ

2164 3915 2261 3971 τοῦ
2295 3917 2563 3984 ἐναντίου,
2599 3919 2661 3973 τὸ
2692 3919 2793 3990 μὲν
2833 3921 2912 3990 ἓν,
2946 3924 3013 3994 τῇ
3046 3923 3377 3978 ὑποστάσει*
3401 3924 3539 3979 τὸδὲ
3559 3924 3754 3996 διάφο-

2169 4026 2280 4080 ρον,
2311 4012 2432 4075 ταῖς
2458 4010 2706 4082 φύσεσιν.
2749 4012 2840 4069 Ἐν
2865 4013 3079 4079 τούτοις
3098 4016 3133 4086 ἠ
3165 4016 3388 4088 πρᾶξις.

1368 4103 1459 4159 hic
1488 4111 1672 4159 autem
1699 4116 1733 4157 e
1791 4099 2096 4166 contrario,
2128 4101 2397 4157 unitatem
2441 4102 2760 4176 hypostasi,
2810 4104 3109 4162 discrimen
3156 4107 3390 4163 naturis.
3433 4107 3513 4163 Ac
3548 4105 3617 4162 de
3655 4105 3749 4161 his

2052 4337 2195 4349 --ιο

477 4410 616 4471 Hac
644 4407 1205 4498 secundnActione
1255 4407 1410 4498 (1μίιί
1453 4407 1622 4469 sacri
1653 4405 1806 4498 libri
1828 4406 2163 4498 atriusque
2218 4404 2596 4498 Τεεεαηιεηιί
2631 4405 3143 4498 complectantur,
3183 4407 3435 4498 paucis,
3470 4405 3748 4498 dilucide

557 4499 765 4551 tamen
806 4486 1189 4551 declaratur.
1209 4558 1215 4568 ε

1108 4629 1316 4688 ACTIO
1349 4631 1416 4686 ll.

547 4727 836 4800 Sequitur,
869 4737 932 4781 ut
974 4732 1098 4797 post
1132 4726 1222 4780 illa
1261 4728 1371 4797 jam
1419 4724 1727 4796 praemissa,
1772 4722 1843 4780 de
1883 4720 2051 4781 sectis

475 4820 809 4894 quibusdam
842 4818 1090 4874 breviter
1118 4832 1364 4888 agamus.
1393 4817 1673 4874 Universae
1693 4815 1919 4887 quidem
1945 4831 2050 4873 nu-

475 4929 629 4969 mero
658 4912 727 4967 84
753 4919 904 4977 sunt,
928 4925 1067 4980 quas
1094 4907 1437 4980 Epiphanius
1466 4907 1632 4979 Cypri
1661 4907 1892 4964 antistes
1912 4922 2050 4965 enu-

473 5013 674 5062 merat.
700 5004 861 5059 Prius
889 5011 1076 5058 tamen
1095 5017 1258 5072 quam
1284 5017 1380 5056 eas
1408 5000 1763 5073 attingamus,
1789 5000 1963 5057 libros
1980 4999 2053 5057 ab

472 5100 723 5157 Ecclesia
745 5106 1002 5169 receptos
1034 5111 1447 5153 recenseamus.
1473 5095 1648 5168 Igitur
1672 5111 1741 5151 ex
1770 5094 1931 5150 libris
1953 5109 2048 5150 ec-

380 5200 392 5213 κ
472 5189 819 5255 clesiasticis,
851 5189 945 5243 alii
976 5189 1276 5261 Scriptum
1306 5188 1521 5246 Veteris
1550 5198 1701 5255 sunt,
1729 5187 1821 5244 alii
1860 5187 2045 5245 Nova.

471 5283 727 5338 Veterem
750 5280 1095 5351 Scripturam
1118 5297 1380 5338 vocamus
1399 5296 1541 5347 eam,
1559 5297 1681 5352 quae
1696 5288 1824 5337 ante
1839 5279 2047 5337 Christi

472 5376 775 5432 adventum
808 5374 1011 5431 litteris
1039 5374 1259 5445 prodita
1302 5374 1441 5429 fuit:
1484 5375 1715 5442 Novam,
1749 5390 1873 5445 quae
1922 5382 2048 5445 post

472 5469 647 5541 ipsius
670 5467 992 5524 adventum.
1021 5466 1241 5524 Veteris
1263 5468 1391 5524 libri
1429 5476 1559 5523 sunt
1587 5466 1681 5533 22,
1713 5466 1915 5538 partim
1957 5466 2046 5521 hi-

470 5560 685 5626 storici,
719 5559 919 5633 partim
947 5558 1279 5630 prophetici,
1310 5559 1512 5630 partim
1548 5566 1824 5629 praecepta
1862 5557 2045 5614 conti-

467 5663 687 5721 nentes,
717 5652 918 5725 partim
949 5651 1019 5707 ad
1053 5652 1457 5708 concinendum
1499 5650 1651 5707 facti.
1680 5650 1840 5718 Quod
1876 5651 1921 5704 si
1960 5650 2042 5704 al-

469 5752 651 5800 terum
679 5743 736 5798 in
761 5743 937 5798 altero
964 5740 1169 5797 alicubi
1201 5743 1499 5813 reperitur,
1532 5757 1565 5798 a
1610 5742 1824 5813 potiore
1858 5747 2043 5796 tamen

469 5846 623 5906 parte
670 5834 903 5907 singulis
951 5834 1351 5905 appellationes
1395 5836 1555 5892 datae.
1605 5834 1869 5891 Historici
1908 5833 2040 5889 libri

469 5939 598 5987 sunt
622 5928 707 5986 l2.
731 5930 949 5986 Primus
966 5936 1052 5983 est
1075 5927 1327 5994 Genesis,
1352 5945 1550 6000 resque
1565 5938 1748 6002 gestas
1763 5944 1793 5985 a
1814 5927 1954 5984 cond
1963 5927 2040 5981 ito

1317 4487 1659 4549 ebrworum
1713 4494 1772 4548 et
1816 4484 2365 4548 Samaritanorum
2414 4484 2671 4547 hereses
2711 4484 3114 4565 ted-plicantur
3152 4484 3206 4547 οὶ
3251 4485 3651 4565 refelluntur.

2775 4627 3026 4684 ΠΡΑΞΙΣ
3063 4629 3140 4684 B'.

2241 4719 2558 4775 Ἀκόλουθόν
2582 4722 2698 4776 ἐστι
2732 4720 2875 4792 μετὰ
2914 4721 2985 4775 τά
3023 4722 3388 4793 προλαϐόντα,
3433 4723 3564 4796 περὶ
3592 4725 3743 4796 αἱρέ-

2159 4812 2300 4868 σεών
2328 4830 2492 4867 τινων
2529 4812 2827 4871 διαλαὸεῖν.
2868 4814 2991 4868 Εἰσὶ
3017 4814 3073 4868 δὲ
3119 4816 3175 4869 αἱ
3198 4816 3372 4869 πᾶσαι
3402 4816 3509 4881 πδ¹,
3536 4815 3605 4881 ἃς
3632 4819 3742 4872 άπ-

2156 4906 2473 4980 αριθμείται
2523 4906 2843 4976 Ἐπιφάνιος
2873 4908 2903 4960 6
2949 4906 3178 4978 Κύπρου
3220 4908 3538 4973 ἐπίσκοπος.
3576 4909 3738 4965 Ἀλλὰ

2156 4999 2266 5071 πρὸ
2308 4998 2403 5054 τοῦ
2445 4999 2687 5071 ἅψασθαι
2746 5001 2894 5071 ἡμᾶς
2938 4999 3142 5067 αὑτῶν,
3174 5000 3315 5065 τέως
3333 5002 3739 5074 ἀπαριθμησὼ-

2157 5090 2302 5164 μεθα
2322 5093 2392 5146 τά
2423 5092 2859 5165 ὲκκλησιαστικὰ
2893 5092 3092 5166 βιϐλία.
3146 5093 3270 5147 Τῶν
3313 5094 3495 5150 τοίνυν
3538 5095 3741 5168 ἐκκλη-

2157 5184 2456 5265 σιαστικιῖψ
2486 5185 2729 5258 βιϐλίων,
2750 5187 2820 5241 τά
2849 5186 2948 5258 μὲν
2967 5187 3066 5260 τῆς
3089 5185 3331 5252 Παλαιᾶς
3356 5188 3464 5242 είσι
3488 5188 3737 5260 Γραφῆς·

2154 5277 2226 5333 τὰ
2253 5276 2331 5345 δὲ,
2372 5278 2473 5350 τῆς
2508 5278 2676 5343 Νέας.
2722 5280 2970 5334 Παλαιὰν
2998 5279 3055 5334 δὲ
3094 5280 3327 5351 λέγομεν
3357 5281 3602 5353 Γραφὴν,
3636 5280 3740 5353 τὴν

2152 5371 2263 5440 πρὸ
2288 5371 2389 5441 τῆς
2415 5370 2721 5443 παρουσίας
2753 5369 2849 5424 τοῦ
2872 5370 3113 5442 Χριστοῦ
3137 5386 3151 5400 '
3178 5370 3326 5424 Νέαν
3353 5371 3434 5437 δὲ,
3463 5371 3561 5443 τὴν
3597 5372 3741 5442 μετά

2151 5461 2254 5533 τὴν
2283 5460 2609 5534 παρουσίαν.
2625 5462 2737 5533 Τῆς
2760 5461 2861 5533 μὲν
2874 5461 2968 5517 οὑν
2986 5462 3231 5527 Παλαιᾶς
3249 5460 3432 5533 βιϐλία
3450 5463 3591 5517 είσὶν
3628 5461 3735 5532 κβ’,

2152 5547 2229 5609 ὧν
2250 5554 2321 5609 τά
2353 5556 2454 5627 μέν
2480 5556 2619 5609 εἰσιν
2660 5556 2917 5628 ἱστορικά
2943 5570 2957 5586 ·
3000 5555 3071 5609 τὰ
3124 5555 3207 5620 δὲ,
3252 5555 3570 5629 προφητικά
3596 5572 3612 5586 ·
3667 5555 3740 5609 τὰ

2149 5649 2231 5717 δὲ,
2281 5650 2649 5721 παραινετικά
2672 5664 2688 5682 ⁸
2733 5650 2803 5704 τὰ
2829 5649 2910 5716 δὲ,
2945 5649 3084 5721 πρὸς
3110 5649 3169 5703 τὸ
3196 5647 3422 5720 ψάλλειν
3444 5647 3736 5719 γενόμενα.

2150 5742 2214 5798 El
2238 5741 2295 5796 δὲ
2334 5743 2431 5798 καὶ
2464 5741 2696 5798 ἕκαστον
2742 5744 2802 5797 ἐν
2844 5743 3063 5815 ἑκάστῳ
3103 5741 3442 5814 εὑρίσκεται,
3481 5739 3600 5795 ἀλλ’
3640 5738 3740 5794 οὖν

2148 5834 2259 5889 ἀπὸ
2286 5833 2381 5889 τοῦ
2422 5835 2813 5902 πλεονάζοντος
2856 5835 3090 5890 ἕκαστον
3119 5834 3404 5906 κέκληται.
3437 5833 3521 5888 Τά
3548 5831 3735 5886 τοίνυν

2151 5929 2398 6003 ἱστορικὰ
2427 5929 2607 6000 βιὸλία
2635 5929 2745 5983 εἰσὶ
2775 5928 2865 6000 ιβ’,
2892 5924 2966 5985 ἄν
2997 5928 3212 6001 πρῶτόν
3235 5929 3386 5982 ἔστιν
3419 5928 3453 5999 ἡ
3490 5927 3733 5995 Γένεσις,
