4020 6584
327 520 460 586 1201

1532 532 1630 591 DE
1671 531 1948 592 SECTIS.
1989 557 2058 570 -
2087 534 2248 593 ACT.
2289 534 2374 594 II.

3450 527 3618 620 ηδε,

315 634 564 707 περιέχει
589 635 646 688 δὲ
691 635 850 691 τοῦτο
877 637 937 692 τὺ
987 637 1196 708 βιϐλίον
1233 639 1301 694 τὰ
1345 640 1454 695 ἀπὸ
1495 642 1594 710 τῆς
1637 643 1909 712 ποιήσεως

2035 644 2158 699 :(elo
2183 659 2248 700 ac
2285 654 2451 710 terra,
2483 661 2655 716 usque
2683 647 2752 700 ad
2785 646 3006 716 Iosephi
3043 655 3280 700 mortem
3325 642 3595 698 continet.

315 728 412 784 τοῦ
450 728 686 800 ούρανοῦ
731 731 826 786 καὶ
871 733 970 802 τῆς
1024 733 1146 804 γῆς,
1201 733 1305 796 ἓως
1356 735 1456 806 τῆς
1509 735 1768 805 τελευτῆς
1814 733 1908 789 τοῦ

333 821 556 891 Ἰωσήφ.
598 821 862 892 Δεύτερόν
889 823 1040 875 ἐστιν
1075 825 1107 895 ἡ
1137 823 1355 889 Ἔξοδος
1381 843 1392 859 ι
1434 822 1680 898 περιέχει
1719 823 1776 877 δὲ
1815 823 1910 877 καὶ

318 914 479 970 τοῦτο
509 916 619 972 ἀπὸ
648 917 751 986 τῆς
777 917 1035 989 τελευτῆς
1073 919 1168 973 τοῦ
1212 920 1432 992 Ἰωσὴφ,
1474 921 1570 974 καὶ
1600 921 1698 988 τῆς
1733 919 1908 985 ἐξόδου

318 1010 428 1062 τῶν
473 1011 846 1082 Ἰσραηλιτῶν,
879 1013 985 1073 ἕως
1017 1013 1126 1066 τῶν
1159 1015 1467 1084 γενομένων
1491 1014 1619 1086 ἄχρι
1645 1013 1740 1067 τοῦ
1772 1012 1910 1082 φθά-

322 1119 413 1158 σαι
442 1104 642 1168 αὐτοὺς
681 1104 742 1157 τὸ
773 1104 900 1174 ὄρος
943 1106 1035 1159 τοῦ
1079 1108 1230 1162 Σινᾶ.
1266 1106 1453 1160 Ταῦτα
1499 1106 1555 1160 δέ
1599 1107 1716 1159 ἐστι
1747 1123 1760 1136 ·
1793 1104 1911 1168 πῶς

320 1194 420 1267 τὴν
463 1195 734 1268 Ἐρυθρὰν
793 1197 1073 1252 θάλασσαν
1117 1199 1466 1271 διεπέρασαν,
1507 1199 1604 1252 καὶ
1643 1199 1696 1253 τί
1739 1199 1798 1250 ἐν
1830 1196 1911 1268 τῷ

325 1285 534 1355 μεταξὺ
561 1287 777 1356 γέγονε,
801 1289 899 1343 καὶ
931 1289 1047 1354 πῶς
1073 1290 1164 1344 τὸν
1197 1291 1360 1361 νόμον
1388 1290 1477 1346 διὰ
1509 1290 1754 1354 Μωσέως
1785 1289 1911 1343 ἔλα-

323 1379 417 1433 ϐον
441 1380 550 1434 ἀπὸ
587 1379 684 1434 τοῦ
719 1381 878 1436 Θεοῦ.
910 1383 1106 1451 Τρίτον
1140 1384 1257 1436 ἐστὶ
1287 1383 1514 1454 βιϐλίον,
1549 1385 1597 1436 oi
1628 1382 1911 1452 λεγόμενοι

325 1471 597 1544 Ἀριθμοὶ,
626 1475 685 1526 ὲν
709 1470 789 1538 οἷς
820 1476 1219 1548 ἁπαριθμεῖται
1238 1476 1337 1539 τὰς
1357 1475 1531 1546 φυλὰς
1559 1475 1665 1528 τῶν
1694 1476 1912 1546 Ἰσραη-

327 1565 523 1630 λιτῶν,
551 1566 647 1621 καὶ
676 1568 804 1630 τοὺς
851 1568 1122 1639 ἄρχοντας
1153 1568 1351 1622 αὐτῶν.
1386 1567 1661 1640 Τέταρτόν
1694 1569 1810 1620 ἐστι
1851 1565 1912 1619 τδ

324 1658 633 1724 Λευῖτικὸν,
662 1659 722 1713 ὲν
754 1651 796 1728 ᾧ
835 1661 1187 1731 προστάττει,
1223 1661 1340 1724 πῶς
1368 1660 1450 1714 δεῖ
1475 1659 1762 1731 λατρεύειν
1787 1658 1914 1721 τοὺς

329 1747 493 1818 ἱερεῖς
525 1763 538 1778 ο
572 1746 696 1800 ὅθεν
736 1749 830 1800 καὶ
875 1748 1078 1820 ἐκλήθη
1132 1749 1417 1802 Λευῖτικόν
1446 1765 1460 1780 ⁸
1508 1749 1617 1803 ἀπὸ
1662 1747 1772 1820 γὰρ
1814 1748 1915 1818 τῆς

325 1837 502 1909 φυλῆς
518 1837 629 1892 τῶν
649 1839 892 1892 Λευῖτῶν
911 1840 1157 1909 ἐγίνοντο
1181 1843 1230 1894 οἱ
1262 1843 1448 1912 ἱερεῖς.
1473 1842 1734 1912 Πέμπτον
1773 1840 1912 1905 ἐστὶ,

323 1925 385 1978 τὸ
430 1927 867 1997 Δευτερονόμιον,
916 1931 975 1983 ὲν
1011 1922 1056 1998 ᾧ
1091 1929 1166 1994 ὠς
1210 1931 1268 1984 ὲν
1299 1931 1517 2002 συνόψει
1547 1933 1815 2004 διηγεῖται
1848 1929 1916 1982 τὰ

2017 736 2191 802 Alter,
2228 736 2483 804 Exodus;
2509 748 2566 794 et
2589 755 2619 793 a
2650 748 2829 793 morte
2855 739 3080 809 Iosephi
3114 746 3170 793 et
3198 736 3352 792 exitu
3378 735 3600 790 Israeli-

2021 840 2200 886 tarum
2237 840 2391 902 gesta
2422 832 2811 902 complectitur
2855 831 2924 886 ad
2960 830 3093 885 illud
3141 845 3319 899 usque
3357 836 3599 898 tempus.

2018 939 2128 994 quo
2159 923 2226 978 ad
2251 933 2490 978 montem
2522 924 2710 979 Sinam
2739 931 3135 994 pervenerunt.
3169 922 3245 976 Ea
3269 936 3404 976 vero
3432 930 3594 976 sunt:

2019 1016 2300 1084 quomodo
2341 1032 2491 1071 mare
2525 1017 2777 1072 Rubrum
2836 1015 3188 1076 transierint,
3224 1013 3356 1083 quid
3392 1014 3600 1067 interea

2019 1108 2165 1162 factu
2175 1125 2246 1168 m.
2266 1109 2542 1178 quomodo
2560 1110 2734 1179 legem
2752 1125 2782 1162 a
2802 1109 2915 1163 Deo
2929 1124 3027 1178 per
3045 1107 3244 1161 Mosem
3263 1105 3599 1175 acceperint.

2020 1200 2244 1255 Tertius
2265 1201 2405 1254 liber
2426 1210 2531 1262 est.
2553 1217 2717 1270 quem
2742 1201 3014 1256 Numeros
3039 1209 3266 1264 vocant;
3289 1213 3400 1268 quo
3423 1196 3604 1252 tribus

2019 1291 2395 1346 lsraelitarum
2413 1307 2718 1361 eorumque
2738 1290 3019 1361 principes
3032 1295 3414 1345 recensentur.
3430 1286 3606 1352 Quar-

2021 1390 2131 1447 tus,
2152 1382 2435 1438 Leviticus
2482 1391 2601 1449 est;
2655 1399 2765 1451 quo
2808 1381 3147 1453 praecipitur,
3180 1395 3291 1451 quo
3340 1379 3447 1434 ritu
3494 1379 3606 1432 Deo

2020 1475 2230 1530 servire
2261 1475 2574 1531 sacerdotes
2600 1475 2867 1530 debeant:
2893 1475 3038 1530 unde
3059 1483 3114 1529 et
3145 1473 3375 1528 chitici
3404 1487 3605 1526 nomen

2024 1565 2253 1618 invenit.
2285 1565 2421 1619 Nam
2453 1566 2521 1620 de
2553 1565 2870 1620 Levitarum
2909 1565 3058 1619 tribu
3099 1563 3421 1620 sacerdotes
3456 1577 3606 1616 crea-

2023 1658 2248 1712 bantur.
2281 1657 2519 1724 Quintus
2545 1666 2648 1724 est,
2679 1657 3204 1723 Deuteronomium;
3244 1656 3298 1710 in
3323 1671 3433 1725 quo
3454 1655 3606 1708 velut

2025 1751 2080 1804 in
2109 1751 2352 1822 synopsi,
2385 1750 2454 1804 ab
2486 1751 2634 1806 exitu
2668 1752 2808 1806 facta
2843 1759 3052 1816 narrat,
3078 1765 3252 1820 usque
3272 1748 3340 1804 ad
3365 1757 3604 1803 montem

2025 1843 2233 1898 Sinam.
2266 1843 2423 1907 Item,
2455 1843 2622 1897 latius
2649 1843 2876 1914 exponit
2905 1845 3104 1913 legem.
3137 1841 3294 1899 Unde
3341 1842 3596 1895 Deutcro

2022 1934 2271 1988 nomium
2299 1944 2588 2000 vocarunt,
2623 1934 2779 2004 quasi
2807 1935 2982 2004 legem
3016 1934 3290 1989 iteratam.
3323 1931 3457 1986 Nam
3485 1944 3607 1999 qua:

324 2017 433 2072 ἀπὸ
464 2021 563 2090 τῆς
603 2018 813 2084 Ἐξόδου
835 2022 1119 2090 γενόμενα,
1149 2023 1311 2094 μέχρι
1337 2022 1429 2076 τοῦ
1457 2023 1616 2096 ὅρους
1639 2024 1734 2076 τοῦ
1765 2023 1914 2088 Σινᾶ,

2035 2025 2088 2081 le
2125 2026 2243 2097 lege
2271 2026 2513 2082 breviter
2538 2027 2592 2080 in
2614 2025 2802 2080 Exodo
2831 2026 3150 2096 praescripta
3175 2033 3326 2088 sunt,
3353 2038 3416 2078 ca
3441 2022 3608 2076 latius

327 2112 420 2164 καὶ
454 2112 556 2175 ὅτι,
592 2110 683 2165 τὸν
714 2113 876 2183 νόμον
906 2114 1153 2178 πλατέως
1187 2114 1481 2176 ἐκτίθεται,
1517 2115 1639 2169 ὅθεν
1663 2117 1758 2169 καὶ
1785 2117 1916 2168 Δευ-

2026 2117 2082 2171 in
2114 2117 2548 2173 Deuteronomio
2579 2134 2705 2173 cum
2741 2119 2996 2188 pluribus
3021 2117 3146 2172 aliis
3178 2117 3498 2171 traduntur.

328 2205 643 2275 τερονόμιον
676 2205 900 2279 ἐκλήθη.
941 2209 1008 2260 Ἀ
1041 2209 1150 2280 γὰρ
1188 2209 1245 2262 ὲν
1278 2213 1344 2282 τῇ
1389 2208 1586 2282 Ἐξόδῳ
1622 2209 1695 2274 ὡς
1764 2209 1824 2263 ἐν
1869 2209 2120 2281 συντόμῳ
2151 2210 2464 2283 γέγραπται
2499 2214 2628 2284 περὶ
2664 2212 2758 2266 τοῦ
2787 2213 2978 2284 νόμου,
3033 2211 3208 2264 ταῦτα
3277 2209 3608 2275 πλατύτερον

333 2301 391 2353 ὲν
414 2299 491 2369 τῷ
534 2302 938 2374 Δευτερονομίῳ
979 2305 1329 2377 παραδίδοται
1374 2307 1512 2378 μετὰ
1567 2305 1661 2359 καὶ
1717 2305 1922 2375 ἑτέρων
1959 2304 2155 2363 ἄλλων.
2891 2309 2935 2352 δ’

401 2393 584 2449 Ταῦτα
613 2396 763 2451 δὲτὰ
795 2399 960 2452 πέντε
1015 2399 1218 2470 βιϐλία,
1266 2401 1469 2467 πάντες
1519 2402 1614 2456 τοῦ
1671 2401 1919 2464 Μωσέως

335 2487 706 2562 μαρτυροῦσιν
726 2487 866 2546 εἷναι
897 2511 910 2523 ·
951 2493 1020 2546 τὰ
1041 2493 1150 2566 γὰρ
1180 2495 1403 2566 ἐφεξῆς,
1430 2495 1604 2560 οὐδεὶς
1635 2492 1744 2552 οἶδε
1775 2496 1920 2559 τίνος

339 2581 464 2634 εἰσί.
513 2581 781 2651 Λέγονται
837 2585 894 2638 δὲ
945 2586 1144 2652 ταῦτα,
1188 2589 1225 2659 ὴ
1269 2589 1661 2661 Πεντάτευχος.
1719 2589 1920 2644 Ἕκτον

338 2673 476 2744 μετὰ
499 2674 560 2728 τὸ
590 2677 1012 2750 Δευτερονόμιόν
1035 2682 1204 2747 ἐστιν,
1265 2683 1475 2753 Ἰησοῦς
1509 2684 1602 2737 τοῦ
1633 2684 1810 2754 Ναυῆ,
1863 2685 1921 2735 ὲν

332 2757 640 2835 ᾧλέγεται,
670 2769 788 2833 πῶς
833 2770 1072 2842 ἐξήγαγε
1110 2776 1236 2838 τοὺς
1292 2774 1632 2849 Ἰσραηλίτας
1675 2776 1783 2830 ἀπὸ
1825 2777 1922 2848 τῆς

335 2857 544 2929 ἐρήμου
569 2857 650 2924 είς
671 2860 773 2932 τὴν
793 2863 894 2934 γῆν
917 2865 1015 2935 τῆς
1038 2867 1371 2936 ἐπαγγελίας
1404 2870 1433 2922 ό
1476 2869 1706 2940 Ἰησοῦς,
1746 2869 1926 2941 μαθη-

334 2950 433 3023 τὴς
473 2954 766 3024 γενόμενος
811 2956 907 3009 τοῦ
952 2958 1220 3025 Μωσέως,
1260 2962 1355 3014 καὶ
1395 2960 1716 3034 ίσοδύναμος
1753 2962 1922 3033 αὐτῷ.

339 3043 611 3116 ’Ἑϐδομόν
635 3048 804 3114 ἐστιν,
834 3049 885 3102 οἱ
915 3049 1202 3120 λεγόμενοι
1241 3054 1462 3120 Κριταί.
1509 3055 1787 3118 Ἐλθόντες
1815 3055 1927 3128 γὰρ

335 3137 384 3190 οί
431 3139 760 3211 Ἰσραηλῖται
784 3143 864 3205 είς
891 3142 990 3214 τὴν
1022 3144 1125 3214 γῆν
1154 3147 1254 3214 τῆς
1277 3147 1638 3215 ἐπαγγελίας,
1658 3147 1922 3219 ἐποίησαν

2094 2403 2161 2458 ll.
2208 2403 2388 2474 Atque
2438 2404 2540 2458 hos
2578 2402 2825 2474 quinque
2893 2402 3104 2466 libros,
3149 2398 3394 2454 universi
3446 2397 3610 2452 Mosis

2015 2514 2144 2555 esse
2175 2508 2486 2554 testantur:
2521 2498 2616 2568 qui
2646 2498 2795 2553 enim
2827 2503 3136 2566 sequuntur
3167 2492 3428 2564 proximi,
3451 2493 3609 2563 cujus

2024 2593 2158 2658 sint,
2177 2608 2343 2648 nemo
2365 2592 2540 2648 novit.
2556 2591 2651 2647 Isti
2675 2591 2898 2661 quidem
2913 2587 3298 2642 Pentateuchus
3318 2595 3606 2641 vocantur.

2026 2684 2226 2739 Sextus
2266 2683 2757 2739 Deuteronomium
2786 2679 3038 2751 sequitur
3074 2679 3234 2740 liber,
3273 2678 3433 2732 Jesus
3462 2677 3611 2731 Nave

2027 2776 2209 2841 (ilius;
2241 2793 2419 2847 coque
2455 2784 2733 2838 narratur,
2764 2789 2876 2843 quo
2912 2779 3075 2842 pacto
3118 2771 3280 2826 Jcsus
3307 2769 3402 2840 qui
3444 2767 3612 2823 Mosis

2023 2869 2332 2940 discipulus
2371 2869 2589 2930 fuerat.
2642 2877 2699 2922 et
2752 2874 3024 2938 potestate
3074 2871 3197 2933 post
3253 2863 3434 2932 ipsum
3491 2860 3610 2930 pari

2025 2970 2277 3032 prmerat,
2301 2961 2623 3016 lsraelitasc
2649 2958 2948 3014 solitudine
2975 2955 3303 3026 promissam
3327 2954 3382 3007 in
3409 2959 3609 3008 terram

2024 3053 2342 3110 deduxerit.
2367 3053 2649 3122 Septimus
2673 3060 2779 3114 est,
2798 3049 2892 3119 qui
2916 3048 3174 3104 Iudicum
3192 3061 3394 3101 nomen
3421 3043 3608 3098 habet:

2026 3162 2152 3202 nam
2184 3161 2308 3201 cum
2344 3145 2399 3200 in
2435 3154 2640 3200 terram
2676 3143 3002 3214 promissam
3041 3140 3273 3196 lsralitre
3305 3136 3609 3198 venissent,

337 3231 548 3295 ἑαυτοῖς
580 3233 793 3303 κριτὰς,
829 3234 916 3288 ἵνα
950 3237 1178 3308 κρίνωσι
1206 3238 1299 3290 τὸν
1339 3239 1489 3294 λαόν.
1528 3239 1778 3304 Βασιλεῖς
1812 3241 1920 3312 γὰρ

2035 3240 2241 3309 iudices
2265 3239 2371 3294 sibi
2399 3237 2833 3302 constituerunt,
2869 3235 2962 3306 qui
2988 3234 3192 3306 populo
3216 3234 3311 3301 jus
3337 3232 3611 3286 dicerent.

335 3322 435 3376 οὐκ
479 3318 648 3394 εἶχον,
712 3328 873 3396 μόνον
917 3328 1010 3381 τὸν
1066 3329 1198 3382 Θεὸν
1255 3330 1481 3402 βασιλέα
1540 3332 1919 3402 ὀνομάζοντες.

2031 3333 2271 3404 Regibus
2317 3332 2466 3387 enim
2516 3330 2816 3395 carebant,
2864 3329 3156 3396 solumque
3205 3326 3376 3379 Deum
3430 3338 3614 3393 regem

349 3412 569 3487 Ἐπειδὴ
589 3417 682 3471 οῦν
705 3421 762 3472 ὲν
787 3420 962 3492 τούτῳ
985 3421 1062 3492 τῷ
1082 3422 1275 3495 βιϐλίῳ
1292 3425 1587 3493 διηγεῖται,
1615 3426 1715 3480 ὅσα
1738 3427 1926 3498 ἐποίη-

2035 3444 2191 3483 suum
2216 3425 2588 3497 appellabant.
2615 3425 2806 3494 Itaque
2833 3422 2978 3477 liber
3009 3421 3102 3474 hic
3127 3419 3385 3474 Judicum
3413 3431 3620 3471 nomen

340 3523 439 3560 σαν
472 3509 522 3561 οἱ
557 3512 744 3580 κριταὶ
790 3512 955 3584 μέχρι
994 3514 1102 3568 τῶν
1154 3515 1444 3587 βασιλέων.
1497 3516 1599 3571 Διὰ
1635 3518 1796 3572 τοῦτο
1839 3518 1929 3573 ἐκ·

339 3599 500 3672 λήθη,
556 3603 606 3654 οἰ
658 3603 884 3674 Κριταί.
940 3606 1165 3675 Ὄγδοόν
1222 3610 1339 3662 ἐστι
1392 3609 1598 3681 βιϐλίον
1650 3612 1684 3682 ἡ
1747 3610 1927 3668 Ῥούθ.

351 3691 505 3746 Ῥοὺο
544 3693 599 3746 δὲ
633 3694 878 3763 λέγεται,
913 3699 1102 3770 ἐπειδὴ
1152 3703 1209 3753 ἐν
1253 3701 1404 3772 αύτῷ
1455 3701 1749 3773 διηγεῖται,
1814 3702 1931 3766 πῶς

342 3787 373 3858 ἡ
415 3786 569 3841 Ῥοὺθ
598 3788 735 3860 γυνὴ
772 3789 908 3844 οῦσα
939 3791 1242 3856 Μωαϐῖτις,
1285 3794 1366 3856 είς
1401 3795 1526 3858 τοὺς
1595 3794 1932 3867 Ἰσραηλίτας

344 3878 606 3952 μετέστη.
637 3877 747 3938 Ἦν
777 3881 834 3936 δὲ
865 3883 1006 3954 αῦτη
1035 3885 1172 3956 γυνὴ
1212 3885 1305 3938 τοῦ
1349 3889 1693 3958 προπάτορος
1745 3887 1929 3942 Δαϐίδ.

344 3975 496 4029 Μετὰ
521 3974 700 4030 ταῦτά
732 3978 847 4031 ἐστι
877 3977 972 4032 δύο
1003 3977 1205 4048 βιϐλία,
1233 3981 1326 4033 καὶ
1353 3981 1602 4052 περιέχει
1641 3981 1738 4045 τὰς
1779 3981 1933 4051 βασι-

342 4067 514 4132 λείας.
543 4069 822 4141 Τέσσαρες
858 4071 968 4143 γάρ
998 4071 1105 4124 εἰσι
1155 4071 1307 4140 λόγοι
1349 4074 1458 4127 τῶν
1509 4073 1820 4144 βασιλειῶν,
1876 4078 1933 4128 ἐν

342 4159 436 4214 δύο
467 4159 696 4229 βιϐλίοις
728 4163 1044 4234 φερόμενοι.

428 4253 817 4307 Ἐϐασίλευσαν
881 4255 938 4308 δὲ
980 4256 1031 4309 oi
1086 4256 1354 4324 Ἰουδαῖοι,
1398 4258 1509 4313 ἀπὸ
1555 4259 1814 4330 τοιαύτης
1861 4261 1936 4314 αἱ·

345 4347 486 4411 τίας.
531 4347 591 4400 Ὀ
621 4347 897 4420 Σαμουὴλ,
930 4349 990 4414 ὃς
1019 4349 1238 4420 ἐγένετο
1279 4351 1510 4423 ὕστερος
1557 4353 1670 4408 τῶν
1707 4353 1932 4425 κριτῶν,

348 4441 488 4513 ἀνὴρ
526 4441 746 4512 ἐγένετο
778 4446 1070 4516 προφήτης
1111 4446 1206 4500 καὶ
1244 4446 1442 4518 μέγας,
1475 4448 1626 4511 ὅστις
1663 4447 1801 4518 μετὰ
1829 4448 1936 4502 πά-

351 4550 450 4602 σης
504 4534 856 4606 δικαιοσύνης
902 4536 1090 4609 ἔκρινε
1150 4538 1244 4593 τὸν
1294 4539 1422 4593 λαὸν
1482 4540 1723 4611 Ἰσραήλ.
1770 4535 1938 4604 Οὗτος

350 4625 476 4698 ἔσχε
527 4627 620 4681 δύο
667 4629 888 4696 παῖδας,
939 4630 1138 4696 οἵτινες
1173 4631 1522 4703 γηράσαντος
1556 4631 1651 4684 τοῦ
1682 4633 1940 4705 Σαμουὴλ

351 4721 632 4792 γενόμενοι
663 4722 872 4794 κριταὶ,
919 4723 1020 4778 οὐκ
1069 4723 1294 4796 ἔκριναν
1349 4724 1440 4778 τὸν
1493 4724 1621 4778 λαὸν
1673 4726 1816 4779 κατὰ
1870 4727 1940 4780 τὰ

2029 3520 2264 3589 accepit,
2286 3516 2431 3588 quod
2451 3517 2504 3570 in
2524 3531 2591 3571 eo
2610 3522 3121 3571 commemorentur
3145 3526 3233 3565 res
3250 3509 3318 3564 ab
3335 3507 3624 3579 judicibus.

2029 3613 2098 3669 ad
2140 3627 2297 3683 reges
2343 3626 2519 3680 usque
2573 3618 2761 3681 gestae.
2792 3608 3032 3663 Octavus
3064 3605 3266 3661 Ruthae
3309 3603 3450 3657 liber
3496 3609 3623 3664 est,

2031 3713 2322 3776 propterea
2348 3703 2430 3758 sic
2451 3702 2656 3766 dictus,
2681 3701 2829 3771 quod
2864 3699 2919 3754 in
2947 3714 3014 3754 eo
3033 3706 3292 3752 narretur
3322 3708 3433 3764 quo
3459 3701 3618 3762 pacto

2030 3798 2238 3862 Rutha,
2260 3795 2462 3851 mulier
2482 3794 2705 3850 natione
2735 3791 3012 3857 Moabitis,
3041 3789 3110 3845 ad
3136 3788 3412 3844 lsraelitas
3435 3800 3620 3840 acces-

2032 3891 2186 3946 serit.
2212 3889 2345 3943 Erat
2370 3896 2556 3942 autem
2591 3886 2709 3941 haec
2738 3887 2826 3940 avi
2858 3883 3081 3939 Davidis
3112 3897 3272 3938 uxor.
3299 3879 3619 3936 Secundum

2033 3983 2135 4038 hos
2165 3981 2294 4036 libri
2329 3980 2440 4034 duo
2471 3987 2622 4045 sunt,
2655 3976 2752 4048 qui
2787 3990 3086 4048 regnorum
3114 3972 3403 4029 historiam
3439 3970 3619 4025 conti-

2033 4073 2415 4145 nentzquippe
2447 4071 2576 4126 libri
2607 4081 2736 4126 sunt
2773 4069 2842 4125 de
2880 4067 3072 4140 regnis
3095 4066 3325 4122 omnino
3357 4072 3630 4134 quatuor,

2036 4169 2194 4224 libris
2226 4167 2446 4224 duobus
2473 4165 2888 4236 comprehensi.

2107 4260 2197 4315 lll.
2233 4259 2482 4329 Regnum
2523 4257 2845 4312 Judzeorum
2890 4255 3034 4309 hanc
3083 4253 3353 4325 originem
3403 4251 3620 4306 habuit.

2038 4353 2349 4417 Samuelus,
2383 4351 2631 4424 judicum
2661 4359 2996 4420 postremus,
3029 4357 3084 4401 et
3113 4355 3268 4401 vates
3307 4355 3364 4400 et
3394 4362 3625 4415 magnus

2039 4447 2123 4502 vir
2156 4445 2409 4510 exstitit;
2450 4445 2543 4514 qui
2577 4443 2885 4515 justissimc
2920 4443 3122 4512 populo
3156 4439 3462 4494 Israelitico
3497 4453 3621 4491 cum

2040 4548 2314 4612 potestate
2346 4538 2552 4610 judicis
2581 4536 2822 4607 praefuit.
2864 4537 3036 4590 Erant
3069 4534 3203 4589 huic
3234 4533 3346 4587 duo
3384 4533 3500 4594 lilii,
3531 4531 3626 4600 qui

2042 4618 2305 4685 Samuelo
2323 4628 2433 4697 jam
2460 4626 2614 4681 senio
2636 4626 2889 4680 confecto
2915 4624 3130 4695 judi‘ces
3153 4622 3438 4686 declarati,
3459 4620 3629 4692 patris

2047 4721 2102 4775 in
2129 4721 2254 4792 jure
2284 4717 2529 4773 dicundo
2555 4717 2824 4788 justitiam
2853 4725 2912 4770 ct
2941 4715 3262 4785 zequitatem
3291 4728 3401 4766 non
3438 4710 3622 4765 imita-

350 4783 827 4882 δικαιώματα-τοῦ
861 4783 1075 4888 ίῙατρός
1104 4836 1118 4847 ·
1142 4783 1153 4796 ⁸
1174 4817 1310 4870 ἀλλὰ
1347 4817 1497 4888 δῶρα
1545 4817 1927 4888 λαμϐάνοντες,

2046 4817 2280 4871 bantur:
2321 4813 2416 4892 sed
2458 4826 2687 4866 munera
2734 4809 3018 4880 capientes
3053 4807 3381 4880 judiciarias
3429 4821 3628 4861 causas

354 4908 667 4979 προεδίδουν
694 4909 794 4972 τὰς
822 4909 1054 4981 κρίσεις.
1093 4909 1352 4981 Γέροντος
1384 4909 1479 4964 οῦν
1511 4910 1662 4974 ὄντος
1689 4910 1783 4964 τοῦ
1823 4912 1941 4965 Πα-

356 5002 482 5074 τρὺς
506 5003 710 5068 αὐτῶν,
744 5004 1092 5075 συνήχθησαν
1141 5005 1192 5058 οἱ
1257 5004 1616 5076 Ἰσραηλῖται,
1662 5005 1944 5069 αἰτοῦντες

355 5093 518 5147 αὑτὸν
545 5096 894 5164 μεταστεῖλαι
932 5098 1118 5162 αὐτοῖς
1148 5096 1396 5168 βασιλέα.
1443 5097 1502 5152 Ὀ
1544 5096 1602 5151 δὲ
1647 5097 1943 5169 εὐχόμενος

357 5182 432 5253 τῷ
458 5183 578 5255 Θεῷ
607 5187 737 5255 περί
764 5186 980 5252 τούτου,
1008 5189 1266 5258 ἤκουσεν,
1313 5188 1396 5241 ὅτι
1425 5188 1698 5256 Ποίησον
1737 5189 1944 5254 αὐτοῖς

352 5277 640 5341 βασιλέα.
683 5281 764 5333 Οὐ
790 5281 900 5349 γὰρ
931 5280 1008 5334 σὲ
1039 5280 1485 5345 ἐξουδένωσαν,
1522 5281 1662 5336 ἀλλ’
1687 5280 1815 5351 ἐμὲ,
1858 5283 1945 5335 αὶ-

359 5369 656 5437 τήσαντες
693 5370 934 5436 ἑαυτοῖς
985 5373 1277 5438 βασιλέα.
1335 5373 1392 5428 Ὀ
1451 5374 1508 5427 δὲ
1551 5373 1798 5437 ἀκούσας
1848 5372 1944 5428 τοῦ

359 5462 520 5526 θεοῦ,
549 5464 809 5536 ἐποίησεν
841 5466 1024 5530 αὐτοῖς
1060 5467 1288 5537 βασιλέα
1312 5468 1407 5522 τὸν
1449 5468 1643 5534 Σαοὺλ,
1681 5467 1849 5540 ἄνδρα
1881 5469 1947 5522 ἐκ

360 5554 536 5625 φυλῆς
567 5557 828 5627 Βενιαμίν
857 5575 872 5588 ·
903 5559 1053 5621 ὅστις
1084 5559 1255 5631 ἄρξας
1297 5559 1394 5631 ἔτη
1442 5558 1516 5630 μ’,
1568 5559 1670 5614 οὐκ
1714 5558 1948 5629 ἐφύλαξε

360 5649 458 5712 τὰς
493 5649 715 5714 ἐντολὰς
742 5651 836 5705 τοῦ
867 5651 1024 5707 Θεοῦ.
1060 5654 1171 5707 Καὶ
1205 5653 1325 5708 τότε
1374 5654 1404 5706 ὁ
1437 5653 1570 5716 Θεὸς
1607 5652 1726 5708 ἀντ’
1779 5652 1946 5707 αὐτοῦ

362 5739 455 5791 τὸν
477 5741 640 5795 Δαϐὶδ
664 5743 887 5813 ἐποίησε
925 5745 1150 5815 βασιλέα
1171 5746 1270 5817 τῆς
1298 5745 1472 5815 φυλῆς
1489 5744 1584 5798 τοῦ
1628 5745 1816 5799 Ἰούδα.
1839 5744 1948 5798 Καὶ

364 5831 460 5887 απ*
485 5833 693 5888 ἐκείνου
715 5834 930 5906 ἔμεινεν
964 5840 994 5908 ἡ
1032 5838 1172 5910 φυλὴ
1221 5839 1312 5892 τοῦ
1356 5837 1525 5893 Ἰούδα
1560 5836 1946 5909 βασιλεύουσα,

443 6017 463 6043 ⁵
504 6013 527 6070 l
572 6013 705 6085 Reg.
735 6014 904 6081 vu,7.

2048 4893 2374 4980 prodebant.
2403 4904 2753 4975 Quapropter
2775 4903 2831 4957 in
2858 4903 2961 4958 ista
2985 4902 3228 4958 Samucli
3262 4909 3485 4955 senecta
3510 4899 3622 4955 col~

2046 5003 2224 5057 lectus
2252 4999 2627 5054 lsraelitarum
2659 4997 2919 5067 populus,
2949 4996 3018 5050 ab
3059 5011 3127 5050 eo
3155 4993 3398 5065 petebat,
3444 5007 3630 5062 regem

2048 5095 2153 5152 sibi
2182 5093 2518 5165 designaret.
2542 5091 2637 5146 llle
2665 5091 2810 5146 votis
2839 5091 2910 5145 ob
2936 5090 3082 5144 hanc
3115 5103 3340 5142 causam
3365 5087 3432 5141 ad
3457 5088 3626 5142 Deum

2049 5188 2353 5260 conceptis,
2389 5202 2716 5257 responsum
2748 5185 2894 5247 tulit,
2922 5199 3033 5254 quo
3068 5196 3252 5252 regem
3292 5181 3377 5236 eis
3422 5179 3627 5235 consli-

2049 5291 2206 5336 tuere
2251 5279 2580 5353 jubebatur.
2618 5277 2736 5332 Non
2780 5278 2940 5340 enim,
2982 5275 3162 5345 inquit
3190 5274 3358 5336 Deus,
3392 5279 3442 5325 te
3481 5271 3630 5325 nihili

2049 5373 2282 5442 fecerunt
2323 5387 2440 5442 rege
2480 5367 2783 5440 postulato;
2814 5367 2904 5421 sed
2932 5383 3012 5421 me
3050 5367 3223 5438 ipsum
3244 5364 3285 5419 ⁵.
3341 5361 3644 5419 Samuelus.

2052 5475 2280 5536 accepto
2317 5464 2412 5520 Dci
2444 5478 2732 5534 responso,
2768 5462 2993 5516 Saulum
3026 5461 3108 5514 eis
3135 5473 3318 5529 regem
3349 5455 3522 5520 dedit,
3555 5453 3637 5508 vi—

2054 5575 2174 5613 rum
2199 5555 2563 5629 Beujaminca‘,
2590 5555 2800 5609 tribus:
2824 5554 2917 5624 qui
2947 5569 3118 5624 regno
3138 5551 3384 5607 aunile
3406 5549 3633 5620 potitus,

2056 5649 2330 5706 mandatis
2360 5649 2454 5704 Dei
2493 5665 2600 5702 non
2644 5657 2729 5702 est
2751 5648 3068 5702 obsecutus.
3090 5646 3271 5712 Quare
3294 5644 3440 5698 Deus
3463 5640 3640 5711 ipsius

2058 5746 2180 5798 loco
2205 5741 2467 5796 Davidcm
2492 5756 2522 5794 c
2552 5740 2697 5794 tribu
2728 5739 2866 5794 Juda
2901 5754 3085 5809 regem
3115 5736 3279 5792 fecit:
3307 5753 3335 5788 a
3359 5749 3469 5804 quo
3502 5742 3639 5787 tem~

2063 5851 2191 5909 pore
2227 5833 2366 5892 Juda
2402 5833 2582 5890 tribus
2613 5834 2666 5892 in
2705 5833 3051 5908 possessione
3088 5831 3241 5904 regni
3268 5828 3489 5894 mansit,
3511 5825 3651 5883 liliis
