4020 6552
422 600 439 615 ο
472 521 608 588 1203

1732 530 2042 592 LEONTII
2084 530 2491 592 BYZANTINI

3599 536 3754 602 1204

463 646 759 710 parentum
789 638 844 694 in
875 648 1205 710 potestatem
1234 641 1695 709 succedentibus;
1727 643 1903 699 donec
1935 643 2040 697 Na-

2150 646 2275 708 παῖς
2320 646 2718 717 παρϊπατρέτ
2749 645 3098 718 ἐκδεχόμενοι
3127 646 3233 718 τὴν
3262 648 3544 719 βασιλείαν
3571 667 3586 681 ·
3629 651 3752 715 ἕως

464 731 898 788 buchodonosor
941 748 1009 786 eo
1042 749 1168 790 cum
1204 734 1380 806 copiis
1416 739 1718 807 profectus,
1757 735 1815 792 in
1866 736 2045 792 servi-

463 830 640 880 tutem
673 824 1051 898 Hierosolyma
1080 835 1240 898 capta
1266 826 1497 898 redegit.
1527 827 1718 884 Nonus
1744 843 1876 899 ergo
1898 826 2050 883 deci-

462 933 698 989 musque
747 918 892 974 liber
939 919 1128 991 Regna
1178 921 1487 977 continent.
1534 921 1876 977 Undecimus
1922 930 2045 986 est,

466 1009 927 1080 Paralipomena;
965 1012 1114 1082 quod
1155 1028 1359 1068 nomen
1404 1012 1617 1069 invenit
1659 1028 1728 1068 ex
1773 1028 1862 1079 eo,
1896 1011 2046 1083 quod

465 1103 952 1159 commemorando
984 1114 1374 1174 persequatur,
1410 1121 1530 1176 quae
1559 1106 1830 1160 librorum
1854 1105 1923 1161 de
1956 1121 2046 1161 re-

465 1196 588 1266 gnis
629 1206 886 1254 auctores
923 1198 1245 1254 omiserant.
1280 1198 1656 1255 Duodecimus
1693 1199 1841 1255 inter
1868 1199 2048 1255 histo-

465 1288 615 1344 ricos
660 1289 835 1345 libros
864 1290 1068 1346 Esdras
1095 1298 1200 1357 est,
1234 1305 1344 1360 quo
1375 1289 1517 1344 facta
1562 1299 1689 1360 post
1726 1289 2045 1346 Iudaeorum

465 1381 843 1451 captivitatem
860 1391 1235 1453 exponuntur,
1248 1396 1425 1451 usque
1447 1380 1515 1435 ad
1533 1395 1727 1436 eorum
1745 1396 1813 1436 ex
1826 1380 2047 1452 Assyria

469 1483 615 1528 terra
672 1473 933 1540 reditum,
983 1473 1080 1544 qui
1134 1481 1398 1544 regnante
1446 1472 1590 1545 Cyro
1623 1472 1848 1529 accidit.
1886 1473 1955 1528 Et
1987 1472 2046 1526 hi

464 1567 692 1638 quidem
719 1575 851 1622 sunt
880 1564 1130 1621 historici
1162 1564 1312 1619 libri.

535 1657 625 1714 IV.
699 1654 1015 1726 Prophetici
1048 1654 1295 1725 quinque
1320 1663 1452 1709 sunt
1487 1669 1504 1708 :
1540 1654 1774 1724 primus,
1836 1652 2043 1718 Isaias;

463 1752 624 1815 alter,
649 1751 950 1819 Jeremias;
986 1748 1202 1815 tertius,
1235 1749 1608 1815 iezechielus;
1638 1756 1892 1819 quartus,
1943 1748 2048 1802 Da-

2147 728 2212 789 οὑ
2247 727 2726 809 Ναϐουχοδονόσορ
2769 737 2940 793 ἐλθὼν
2980 738 3415 812 ἠνδραποδίσατο
3451 740 3521 795 τὰ
3572 742 3753 813 Ἰερο-

2151 828 2381 900 σόλυμα.
2405 829 2479 883 Τὸ
2504 827 2599 887 οὖν
2624 830 2844 885 ἔννατον
2881 832 2979 885 καὶ
3002 830 3226 887 δέκατον
3261 831 3469 903 βιϐλίον
3487 834 3751 907 περιέχει

2148 921 2250 985 τὰς
2282 920 2593 985 Βασιλείας.
2634 921 2955 977 Ἐνδέκατόν
2992 924 3165 988 ἐστιν,
3208 924 3266 977 αί
3308 924 3751 995 Παραλειπόμεο

2149 1031 2258 1068 ναι.
2295 1013 2776 1085 Παραλειπὸμεναι
2807 1013 2865 1067 δέ
2891 1013 3226 1086 ἐκλήθησαν,
3254 1016 3439 1088 ἐπειδὴ
3460 1020 3519 1069 ἐν
3543 1017 3751 1082 αὑταῖς

2149 1105 2522 1179 διεξέρχεται,
2577 1107 2615 1163 ἃ.
2664 1106 2968 1179 παρέλιπον
3025 1109 3076 1161 oi
3128 1107 3582 1179 συγγραψάμενοι
3635 1110 3749 1174 τὰς

2150 1200 2460 1265 Βασιλείας.
2496 1200 2807 1255 Δωδὲκατόν
2850 1204 2968 1255 ἐστι
3013 1202 3126 1257 τῶν
3175 1202 3464 1274 ἱστορικῶν
3513 1201 3749 1272 βιϐλίων

2148 1292 2178 1346 ὁ
2210 1292 2467 1364 Ἔσδρας,
2493 1293 2553 1347 ἐν
2584 1285 2628 1361 ᾧ
2662 1293 2779 1345 ἐστι
2808 1292 2879 1346 τὰ
2909 1292 3047 1364 μετὰ
3075 1294 3177 1365 τὴν
3208 1292 3591 1365 αἰχμαλωσίαν
3623 1294 3748 1346 τῶν

2162 1385 2438 1440 Ἰουδαίων
2467 1384 2758 1455 γενόμενα,
2779 1385 2887 1449 ἕως
2916 1387 3016 1457 τῆς
3060 1385 3323 1440 ἐπανόδου
3380 1385 3584 1452 αὐτῶν,
3635 1387 3746 1457 τῆς

2149 1478 2260 1533 άπὸ
2306 1478 2418 1533 τῶν
2472 1478 2799 1549 Ἀσσυρίων,
2857 1478 2952 1534 ἐπὶ
2996 1480 3184 1552 Κύρου
3242 1481 3563 1552 γενομένης.
3622 1481 3744 1534 Καὶ

2147 1572 2323 1625 ταῦτα
2353 1573 2452 1645 μὲν
2476 1575 2748 1645 ἱστορικά.

2220 1666 2543 1739 Προφητικά
2585 1667 2644 1723 δέ
2698 1671 2805 1723 είσι
2858 1669 3056 1727 πέντε.
3112 1661 3213 1723 Ὧν
3251 1667 3470 1739 πρῶτόν
3504 1669 3657 1723 ἐστιν
3704 1669 3740 1722 ὁ

2164 1760 2413 1824 Ἡσαΐας·
2437 1759 2692 1833 δεύτερον
2719 1764 2749 1817 ὁ
2794 1760 3103 1833 Ἱερεμίας·
3141 1760 3325 1833 τρίτον
3365 1762 3394 1815 ὁ
3441 1760 3731 1834 Ἰεζεκιήλ·

461 1843 673 1912 niclus;
709 1844 938 1915 quintus
967 1862 998 1902 a
1025 1847 1316 1918 prophetis
1350 1843 1645 1900 duodecim
1674 1841 1900 1909 dicitur,
1934 1856 2042 1911 quo

2150 1854 2431 1923 τέταρτον,
2481 1856 2509 1908 ό
2547 1853 2767 1925 Δανιὴλ·
2803 1855 3076 1925 πέμπτον,
3122 1854 3186 1908 τὸ
3227 1854 3735 1925 Δωδεκαπρόςρητον

461 1936 673 1993 scilicet
705 1939 926 1995 oracula
957 1939 1250 1995 duodecim
1286 1949 1475 1994 vatum
1529 1936 1902 1993 continentur.
1939 1932 2042 2001 Qui

2150 1943 2465 2017 λεγόμενον,
2497 1947 2555 1998 ἐν
2574 1939 2620 2015 ᾧ
2640 1945 2849 2001 δώδεκα
2873 1946 3172 2018 προφητῶν
3202 1948 3381 2000 κεῖται
3403 1948 3728 2018 προφητεία.

460 2039 733 2103 ρτωεερῑο
758 2032 1064 2098 continent,
1078 2040 1319 2105 quatuor
1340 2031 1461 2087 libri
1490 2038 1620 2087 sunt
1638 2048 1650 2083 :
1670 2028 1884 2100 primus
1895 2026 2042 2091 Jobi,

2150 2008 2519 2110 Παραινετικά
2563 2008 2670 2093 είσι
2724 2008 2931 2110 βιϐλία.
2961 2008 3024 2093 .
3049 2008 3162 2093 ’Ὧν
3207 2040 3428 2112 πρῶτον
3450 2008 3535 2094 '6'
3567 2008 3723 2093 Ἰώϐ·

458 2140 625 2194 quem
658 2126 911 2180 nonnulli
940 2126 1315 2195 conscriptum
1351 2124 1421 2179 ab
1459 2122 1700 2193 Josepho
1739 2127 2042 2190 putarunt;

2150 2131 2305 2186 τοῦτο
2331 2133 2389 2188 δέ
2417 2150 2564 2198 τινες
2587 2133 2849 2204 ἐνόμισαν
2892 2134 3158 2205 Ἰωσήπου
3193 2129 3334 2188 εἶναι
3363 2133 3733 2208 σύγγραμμα.

459 2218 626 2281 alter,
661 2216 964 2272 Proverbia
1014 2217 1365 2281 Salomonis;
1401 2215 1633 2281 tertius,
1681 2211 2042 2269 Ecclesiastes

2150 2223 2408 2296 Δεύτερόν
2456 2227 2625 2290 ἐστιν,
2667 2226 2724 2279 αἱ
2764 2226 3060 2297 Παροιμίαι
3095 2224 3475 2299 Σολομῶντος·
3522 2226 3735 2299 τρίτον,

459 2310 576 2366 sive
609 2309 1012 2377 Concionator;
1045 2320 1300 2381 quartus,
1339 2308 1628 2371 Canticum
1674 2305 2041 2364 canticorum.

458 2402 531 2459 Et
557 2412 681 2475 post
709 2403 884 2460 libros
917 2403 1015 2475 qui
1068 2411 1345 2476 praecepta
1377 2402 1683 2466 continent,
1749 2399 1855 2455 hoc
1907 2397 2047 2453 Cau-

464 2495 635 2551 ticum
675 2495 1016 2552 canticorum
1045 2496 1239 2551 ordine
1263 2496 1574 2566 proximum
1603 2494 1931 2550 collocatum
1951 2504 2042 2547 es~

464 2604 524 2644 se
554 2587 702 2652 dico,
726 2598 1015 2660 propterea
1027 2589 1175 2660 quod
1195 2589 1441 2661 ipsarum
1471 2603 1654 2644 rerum
1672 2583 2042 2645 consideratio

464 2678 764 2735 sublimior
793 2679 886 2735 sit.
914 2680 983 2735 Hi
1013 2696 1146 2737 vero
1175 2691 1289 2737 tres
1317 2679 1467 2746 libri,
1522 2678 1835 2734 Salomonis
1888 2685 2039 2732 sunt.

463 2772 725 2844 Sequitur
744 2773 1089 2830 Psalterium.
1116 2774 1295 2830 Habes
1318 2773 1616 2844 Scriptura:
1627 2772 1844 2827 Veteris
1869 2770 2043 2825 libros

461 2864 550 2919 2‘2.
590 2864 779 2930 Novae,
816 2880 913 2921 sex
951 2865 1080 2920 libri
1125 2873 1288 2930 sunt;
1324 2878 1561 2935 quorum
1611 2862 1744 2924 duo,
1801 2867 2042 2931 quatuor

456 2957 825 3028 evangelistas
855 2957 1175 3012 continent:
1217 2957 1433 3027 primus
1476 2955 1777 3010 Mattheum
1808 2963 1866 3009 et
1895 2953 2040 3008 Mar-

458 3065 608 3116 cum,
642 3050 783 3105 alter
807 3050 1011 3106 Lucam
1042 3060 1098 3107 et
1149 3051 1455 3117 Joannem;
1521 3047 1723 3103 tertius
1775 3059 1860 3102 est
1905 3046 2042 3102 Acta

456 3143 875 3213 apostolorum;
913 3152 1168 3212 quartus,
1199 3142 1459 3214 Epistola:
1509 3140 1813 3204 catholicas,
1844 3155 2043 3194 nume—

458 3252 523 3290 ro
550 3244 799 3307 septem:
822 3238 1022 3308 prima,
1053 3237 1282 3303 Jacobi;
1319 3234 1560 3292 secunda
1611 3243 1670 3290 et
1702 3235 1885 3299 tertia,
1934 3233 2040 3288 Pc-

2144 2319 2174 2371 ὁ
2215 2318 2651 2391 Ἐκκλησιαστής
2681 2337 2696 2352 ·
2726 2319 3011 2392 τέταρτον,
3062 2321 3125 2375 τὸ
3147 2317 3340 2394 τᾼσμκι,
3384 2318 3492 2374 τῶν
3547 2319 3737 2391 ᾀσμά-

2143 2431 2276 2470 των.
2302 2413 2577 2486 Τετάχθαι
2619 2415 2676 2470 δὲ
2726 2414 2821 2472 νῦν
2866 2415 3006 2487 μετὰ
3056 2414 3127 2469 τά
3170 2415 3538 2489 παραινετικὰ
3567 2413 3648 2485 (α)
3674 2414 3739 2468 τὸ

2144 2503 2339 2579 ’ᾼσμα
2369 2507 2478 2562 τῶν
2501 2508 2765 2580 ᾀσμάτων
2794 2508 2959 2578 λέγω,
3002 2508 3191 2580 ἐπειδὴ
3222 2509 3255 2579 ἡ
3283 2506 3489 2561 τούτων
3526 2505 3736 2577 θεωρία

2146 2598 2453 2672 ὑψηλοτέρα
2486 2600 2824 2656 ἐστίνΛΕίσὶ
2868 2600 2925 2655 δὲ
2950 2600 3127 2655 ταῦτα
3154 2599 3224 2654 τά
3254 2598 3383 2670 τρία
3424 2596 3609 2669 βιϐλία
3634 2597 3733 2652 τοῦ

2145 2693 2512 2764 Σολομῶντος.
2565 2693 2718 2749 Μετᾶ
2766 2692 2944 2747 ταῦτά
2975 2695 3093 2747 ἐστι
3128 2691 3189 2746 τὸ
3233 2692 3575 2763 Ψαλτήριον.
3614 2692 3733 2745 Καὶ

2143 2786 2319 2840 ταῦτα
2364 2787 2465 2858 μέν
2517 2786 2626 2841 εἱσι
2662 2786 2734 2841 τὰ
2781 2785 2864 2857 κβ⁰
2894 2785 3076 2857 βιϐλία
3101 2785 3198 2857 τῆς
3243 2778 3642 2854 Παλαιᾶςῦτῆς
3671 2783 3731 2836 δέ

2144 2879 2311 2943 Νέας,
2333 2876 2395 2944 ἐξ
2420 2880 2525 2933 είσι
2553 2877 2755 2949 βιϐλία,
2791 2869 2867 2932 ὧν
2896 2878 2992 2932 δύο
3022 2878 3268 2951 περιέχει
3295 2877 3423 2940 τοὺς
3450 2875 3733 2946 τέσσαρας

2144 2972 2538 3042 εὐαγγελιστάς
2559 2989 2573 3003 ·
2606 2971 2668 3025 τὸ
2700 2971 2799 3043 μὲν
2829 2970 2937 3042 γάρ
2971 2970 3085 3043 ἔχει
3126 2969 3405 3025 Ματθαῖον
3434 2970 3530 3024 καὶ
3570 2968 3733 3041 Μάρ-

2144 3083 2262 3133 κον,
2317 3063 2379 3118 τὸ
2428 3064 2488 3118 δὲ
2545 3064 2753 3135 ἕτερον,
2806 3064 3026 3118 Λουκᾶν
3068 3064 3163 3118 καὶ
3203 3061 3492 3133 Ἰωάννην·
3541 3063 3733 3135 τρίτον

2144 3157 2324 3223 ἐστὶν,
2361 3156 2418 3209 αἱ
2471 3155 2710 3227 Πράξεις
2757 3154 2867 3208 τῶν
2907 3155 3259 3209 ἀποστόλων·
3310 3153 3576 3226 τέταρτον
3607 3195 3624 3218 ,
3673 3153 3732 3206 αί

2150 3247 2440 3302 κκθολικαὶ
2482 3248 2828 3314 Ἐπιστολαὶ,
2875 3243 3033 3302 οὖσαι
3069 3248 3229 3302 ἑπτά·
3277 3241 3353 3302 ὧν
3389 3244 3583 3319 πρώτη
3630 3244 3731 3299 τοῦ

461 3330 568 3396 tri;
604 3338 821 3400 quarta,
852 3329 1066 3401 quinta,
1098 3338 1272 3395 sexta,
1292 3328 1551 3395 Joannis;
1578 3326 1834 3398 septima,
1863 3325 2039 3382 Judze.

2160 3340 2422 3395 Ἰακώϐου
2459 3341 2611 3394 ἐστί·
2652 3342 2685 3411 ἡ
2718 3341 2764 3412 β’
2789 3341 2885 3395 καὶ
2925 3342 2958 3413 ἡ
2988 3339 3060 3410 γ’,
3092 3341 3326 3412 Πέτρου·
3375 3341 3413 3410 ἡ
3439 3339 3505 3406 δ’,
3534 3338 3632 3393 καὶ
3663 3343 3730 3404 ε’,

457 3424 755 3499 Catholica:
795 3425 910 3481 sive
947 3424 1233 3497 generales
1260 3423 1421 3478 dicta:
1454 3431 1605 3484 sunt,
1640 3420 1788 3491 quod
1830 3435 1941 3475 non
1977 3417 2045 3473 ad

459 3532 623 3571 unam
659 3516 881 3586 scripta:
911 3515 1023 3570 sint
1054 3522 1294 3585 gentem,
1339 3513 1419 3568 uti
1447 3512 1724 3578 Paulinaa,
1754 3510 1853 3566 sed
1876 3524 2045 3581 gene-

461 3609 653 3664 raliter
684 3608 751 3663 ad
789 3622 1001 3663 omnes.
1058 3606 1297 3674 Quintus
1345 3605 1510 3670 liber,
1553 3605 1624 3661 14
1675 3603 1851 3659 sancti
1890 3600 2045 3658 Pauli

2151 3433 2243 3485 καὶ
2273 3432 2348 3498 ς’,
2373 3432 2470 3486 τοῦ
2517 3433 2788 3488 Ἰωάννου·
2826 3434 2861 3504 ἡ
2889 3433 2945 3486 δὲ
2975 3433 3041 3500 ζ’,
3072 3433 3167 3487 τοῦ
3208 3433 3401 3489 Ἰούδα.
3424 3429 3735 3485 Καθολικαὶ

2149 3527 2206 3581 δὲ
2228 3526 2558 3606 ἐκλήθησαν,
2596 3526 2784 3595 ἐπειδὴ
2827 3527 2892 3581 οὑ
2935 3526 3073 3599 πρὸς
3111 3526 3172 3581 ἓν
3205 3524 3356 3590 ἔθνος
3381 3523 3732 3595 ἐγράφησαν,

2147 3617 2223 3682 ὡς
2253 3619 2311 3671 αί
2341 3616 2435 3671 τοῦ
2467 3616 2682 3672 Παύλου
2700 3658 2715 3680 ,
2746 3616 2884 3672 ἀλλὰ
2911 3616 3144 3670 καθόλου
3173 3614 3313 3687 πρὸς
3342 3615 3540 3671 πάντα.
3574 3612 3735 3683 Πέμ-

458 3701 732 3771 Epistolas.
775 3699 976 3757 Sextus
1017 3700 1189 3756 sancti
1223 3698 1450 3755 Joannis
1475 3696 1775 3754 Revelatio.
1804 3695 1872 3752 Hi
1918 3702 2042 3752 sunt

2150 3729 2283 3766 πτον
2330 3711 2565 3783 βιϐλίον,
2601 3711 2658 3765 αἱ
2696 3709 2756 3765 ιδ’
2792 3711 2889 3765 τοῦ
2946 3711 3104 3780 ἁγίου
3161 3708 3379 3763 Παύλου
3425 3706 3734 3762 ἐπιστολαί.

458 3793 621 3858 libri,
651 3801 762 3847 tam
804 3792 971 3863 prisci
1017 3808 1181 3862 quam
1230 3800 1511 3858 recentes,
1541 3789 1636 3862 qui
1688 3790 1744 3845 in
1798 3788 2042 3845 Ecclesia

459 3901 561 3955 pro
586 3886 874 3945 canonicis
905 3885 1214 3952 habentur;
1234 3902 1300 3943 ac
1332 3886 1545 3957 priscos
1576 3883 1804 3957 quidem
1849 3897 2045 3938 omnes

464 3978 679 4034 Hebraei
714 3978 1015 4050 recipiunt.

530 4179 595 4235 ν.
636 4179 768 4245 Qua:
802 4193 928 4234 cum
963 4178 1039 4235 ita
1092 4180 1223 4244 sint,
1283 4193 1465 4249 operae
1490 4178 1732 4249 pretium
1817 4177 1987 4232 luerit
2018 4215 2036 4242 ,

461 4271 817 4327 Hebraeorum
857 4271 1109 4342 dogmata
1144 4272 1325 4341 primo
1366 4270 1487 4325 loco
1544 4269 1783 4341 exponi;
1830 4278 1886 4325 et
1926 4269 2041 4340 pri-

460 4379 633 4429 unum,
658 4379 781 4434 qua:
818 4362 887 4419 ad
926 4363 1233 4419 doctrinam
1268 4362 1339 4418 de
1375 4363 1488 4418 Deo
1537 4363 1834 4432 pertinent.
1868 4361 2041 4433 igitur

459 4455 676 4512 Hebraei
722 4471 886 4513 unam
928 4455 1123 4511 dicunt
1154 4454 1476 4529 hypostasin
1535 4455 1674 4526 (sive
1722 4453 2036 4525 personam)

459 4565 734 4622 unamque
782 4558 1034 4607 naturam
1070 4548 1205 4611 Dei;
1240 4547 1445 4603 nullam
1494 4549 1654 4619 plane
1708 4547 2039 4604 Trinitatem

457 4640 834 4709 admittentes,
870 4658 935 4698 ac
951 4656 1132 4713 neque
1159 4643 1400 4707 Patrem,
1436 4658 1617 4713 neque
1649 4642 1871 4709 Filium,
1937 4660 2038 4700 ne-

457 4751 565 4805 que
581 4734 846 4806 Spiritum
864 4745 1115 4792 sanctum
1131 4736 1408 4792 dicentes:
1442 4735 1547 4792 nisi
1563 4735 1704 4791 forte
1725 4736 1809 4792 sic
1838 4737 2011 4792 Deum
2024 4778 2040 4801 ,

460 4829 718 4899 inquiunt
743 4870 759 4894 ,
802 4829 1143 4899 appellemus
1181 4831 1418 4894 Patrem,
1447 4837 1507 4883 ut
1537 4830 1632 4899 qui
1673 4829 1920 4885 omnium
1969 4831 2043 4887 sit

459 4922 746 4977 hominum
776 4933 951 4992 pater.
983 4921 1157 4978 Unam
1179 4938 1246 4977 ex
1278 4937 1346 4978 eo
1372 4923 1609 4993 probant
1632 4938 1754 4977 esse
1777 4923 2041 4994 hypostao

460 5007 546 5063 sin
599 5009 718 5072 Dei,
749 5009 878 5080 quia
912 5010 1091 5066 Moses
1142 5009 1378 5067 dixerit:
1413 5012 1572 5077 Audi,
1610 5012 1811 5078 Israel,
1852 5011 2040 5067 Domi-

460 5116 561 5154 nus
592 5100 730 5156 Deus
759 5110 904 5168 tuus,
939 5102 1196 5158 Dominus
1212 5120 1350 5160 unus
1379 5115 1456 5160 est
1486 5106 1530 5160 ".
1564 5105 1675 5161 Nos
1715 5114 1899 5161 autem
1949 5122 2041 5161 re-

459 5195 794 5264 spondemus
815 5196 919 5261 eis,
939 5198 1046 5253 hoc
1065 5214 1094 5252 a
1118 5197 1265 5253 Mose
1283 5198 1518 5264 dictum,
1548 5198 1877 5269 respiciente
1903 5198 2037 5254 sub-

457 5286 736 5352 stantiam,
764 5303 873 5342 non
898 5287 1252 5358 hypostases:
1292 5288 1495 5361 quippe
1532 5305 1633 5345 nos
1655 5290 1820 5345 etiam
1865 5290 2038 5345 Deum

460 5392 633 5431 unum
652 5378 910 5446 dicimus,
942 5380 999 5435 in
1031 5381 1208 5437 tribus
1247 5380 1655 5454 hypostasibus.
1684 5382 1750 5437 Et
1774 5397 1894 5438 esse
1912 5381 2041 5436 Tri-

457 5470 713 5536 nitatem,
747 5472 1003 5542 pluribus
1042 5474 1259 5531 ostendi
1297 5475 1640 5547 argumentis
1676 5483 1876 5545 potest.
1914 5475 2039 5529 Pri-

458 5575 611 5616 mum
647 5576 715 5617 ex
751 5561 848 5617 Dei
901 5563 1104 5629 verbis,
1166 5564 1223 5619 in
1244 5563 1445 5620 Genesi
1501 5563 1738 5619 dicentis
1784 5582 1796 5615 :
1848 5561 2041 5617 Facia-

458 5671 576 5710 mus
599 5656 861 5712 hominem
880 5658 920 5712 ⁸.
951 5658 1069 5713 Νοη
1087 5658 1236 5713 enim
1259 5658 1500 5728 plurium
1524 5672 1758 5712 numero
1782 5656 2034 5720 dixisset,

531 5793 550 5824 ⁵
584 5794 741 5851 Deut.
784 5813 858 5860 τι.
888 5796 941 5851 4.
1019 5796 1039 5827 ⁵
1064 5795 1201 5851 Gen.
1240 5812 1278 5861 ι,
1315 5795 1403 5851 26.

531 5937 774 6003 ((1)de
802 5941 900 6013 _t(‘¢
960 5958 1199 6009 παραιν.
1254 5941 1461 5997 Sensus
1516 5940 1702 6013 exigit,
1757 5941 1897 6013 μετᾶ
1928 5943 2037 5997 τῶν

461 6011 886 6080 παραινετικῶν,
948 6029 1088 6081 cum,
1138 6028 1247 6069 non
1299 6023 1411 6085 post
1427 6029 1446 6080 ;
1481 6016 1559 6070 uti
1612 6011 1812 6085 postea
1842 6022 2038 6072 nactus

2151 3805 2349 3861 Ἕκτον
2391 3807 2561 3873 ἐστὶν,
2610 3806 2644 3877 ἡ
2687 3804 3061 3875 Ἀποκάλυψις
3106 3802 3203 3857 τοῦ
3253 3803 3412 3873 ἁγίου
3456 3800 3733 3856 Ἰωάννου.

2146 3896 2335 3952 Ταῦτά
2371 3899 2489 3951 ἐστι
2533 3895 2603 3951 τὰ
2649 3896 3044 3968 κανονιζόμενα
3090 3894 3272 3966 βιϐλία
3303 3896 3362 3948 ἐν
3383 3895 3450 3965 τῇ
3494 3891 3734 3961 Ἐκκλη-

2148 3989 2260 4058 σία,
2290 3989 2385 4043 καὶ
2417 3989 2648 4054 παλαιὰ,
2678 3988 2774 4044 καὶ
2804 3988 2932 4043 νέα·
2977 3984 3054 4043 ὧν
3078 3987 3150 4042 τά
3177 3986 3387 4043 παλαιὰ
3434 3986 3614 4039 πάντα
3639 3983 3733 4037 δέ-

2145 4100 2332 4152 χονται
2359 4085 2408 4136 οἱ
2445 4082 2714 4152 Ἑϐραῖοι.

2216 4174 2437 4228 Τούτων
2485 4174 2660 4239 οὕτως
2697 4175 2955 4245 ἐχόντων,
2999 4173 3150 4239 ἄξιον
3205 4170 3463 4226 ἐκθέσθαι
3509 4166 3735 4242 πρῶτον

2143 4268 2211 4322 τά
2238 4267 2347 4322 τῶν
2383 4266 2656 4338 Ἐϐραίων
2683 4267 2951 4337 δόγματα,
2978 4267 3074 4320 καὶ
3104 4263 3328 4337 πρῶτον
3350 4263 3418 4317 τὰ
3449 4263 3580 4334 περὶ
3611 4260 3733 4314 Geo-

2145 4363 2353 4430 λογίας.
2385 4363 2449 4415 Οἱ
2490 4360 2674 4414 τοίνυν
2714 4359 2958 4431 Ἑϐραῖοι
2996 4356 3126 4430 μίαν
3166 4358 3474 4411 ὑπόστασιν
3502 4355 3733 4424 λέγουσι

2144 4454 2237 4507 τοῦ
2271 4453 2431 4517 Θεοῦ,
2464 4456 2559 4510 καὶ
2588 4454 2718 4524 μίαν
2755 4452 2942 4525 φύσιν.
2978 4447 3188 4524 Τρῖάδα
3215 4449 3275 4504 δέ
3301 4447 3539 4520 οὐδαμοῦ
3570 4444 3734 4512 δοξά-

2145 4548 2351 4614 ζουσιν,
2379 4547 2500 4602 οὑδὲ
2527 4547 2801 4616 λέγουσιν,
2824 4545 2949 4602 οὔτε
2986 4543 3230 4616 Πατέρα,
3262 4543 3389 4597 οὗτε
3421 4541 3568 4607 Υίὸν,
3602 4541 3732 4595 οὒτε

2146 4638 2302 4708 ἆγιον
2333 4638 2597 4709 Πνεῦμα·
2631 4639 2681 4690 εί
2729 4636 2804 4710 μὴ
2847 4636 2957 4709 ἄρα
3003 4634 3224 4706 Πατέρα
3263 4633 3538 4705 εἴποιμεν,
3569 4634 3729 4703 φασὶ,

2145 4731 2238 4786 τὸν
2280 4730 2437 4798 Θεὸν,
2460 4730 2536 4795 ὡς
2557 4730 2771 4802 πατέρα
2794 4731 3014 4784 πάντων
3037 4726 3343 4798 ἀνθρώπων
3363 4727 3514 4782 ὄντα.
3559 4727 3734 4796 ’ἰσχυ-

2151 4824 2390 4896 ρίζονται
2421 4823 2481 4878 δὲ
2513 4822 2644 4894 μίαν
2666 4823 2967 4878 ὑπόστασιν
2993 4818 3133 4877 εἶναι
3166 4821 3263 4875 τοῦ
3298 4819 3459 4885 Θεοῦ,
3490 4819 3601 4874 ἀπὸ
3631 4818 3730 4872 τοῦ

2148 4919 2322 4971 εἰπεῖν
2343 4917 2437 4971 τὸν
2465 4918 2692 4972 Μωσέα·
2723 4920 2956 4985 Ἄκουε,
2992 4920 3263 4990 Ἰσραὴλ,
3288 4918 3501 4986 Κύριος
3520 4918 3554 4971 ὀ
3584 4915 3731 4981 Θεός

2146 5023 2285 5074 σου,
2321 5010 2538 5078 Κύριος
2582 5004 2670 5077 εἷς
2716 5010 2910 5067 ἐστιν.
2961 5009 3154 5080 Ἡμεῖς
3200 5010 3260 5065 δὲ
3308 5009 3545 5079 λέγομεν
3591 5005 3733 5075 πρὸς

2146 5100 2366 5168 αὑτοὺς,
2406 5101 2490 5155 ὅτι
2521 5100 2682 5156 τοῦτο
2726 5097 2881 5157 εἶπεν
2903 5105 2932 5157 ὁ
2965 5104 3193 5174 Μωσῆς,
3224 5103 3556 5159 ἀποϐλέπων
3590 5101 3731 5172 πρὸς

2145 5195 2247 5267 τὴν
2274 5196 2486 5261 οὐσίαν,
2511 5197 2574 5251 οὐ
2602 5195 2740 5270 πρὸς
2771 5198 2871 5261 τὰς
2898 5197 3248 5261 ὑποστάσεις.
3293 5199 3403 5253 Καὶ
3431 5199 3592 5270 ἡμεῖς
3619 5196 3734 5267 γὰρ

2146 5288 2241 5343 ἕνα
2269 5289 2402 5345 Θεὸν
2433 5290 2698 5360 λέγομεν,
2732 5291 2791 5343 ἐν
2822 5290 3005 5363 τρισὶν
3033 5291 3419 5346 ὑποστάσεσιν.
3457 5290 3610 5344 Ἐπεὶ
3647 5289 3733 5342 ὅτι

2146 5383 2319 5454 Τριάς
2344 5383 2515 5448 ἐστιν,
2550 5383 2660 5439 ἀπὸ
2678 5384 2891 5438 πολλῶν
2918 5384 3035 5438 ἔστι
3059 5384 3254 5450 δεῖξαι.
3286 5383 3513 5456 Πρῶτον
3531 5381 3626 5452 ἀφ’
3652 5376 3735 5436 ὧν

2140 5476 2293 5545 λέγει
2314 5477 2446 5542 Θεὸς
2469 5480 2527 5531 ἐν
2549 5481 2617 5550 τῇ
2636 5478 2875 5543 Γενέσει,
2900 5479 2983 5533 ὅτι
3009 5477 3367 5547 Ποιήσωμεν
3382 5476 3729 5549 ἄνθρωπον·

2140 5571 2244 5625 οὑκ
2277 5569 2344 5624 ἂν
2371 5572 2482 5642 γὰρ
2517 5571 2671 5641 ἔλεγε
2704 5573 3110 5644 πληθυντικῶς,
3146 5572 3535 5644 Ποιήσωμεν,
3566 5574 3616 5626 εί
3652 5571 3730 5642 μὴ

2143 5662 2234 5715 καὶ
2269 5661 2421 5716 ἄλλοι
2451 5660 2600 5733 αὑτῷ
2630 5663 2730 5732 τῆς
2757 5663 3042 5735 δυνάμεως
3065 5662 3405 5721 ἐκοινώνουν.
3438 5661 3726 5731 Δεύτερον,

2146 5959 2266 5999 sum
2305 5944 2359 5997 in
2380 5959 2485 5998 ms.
2521 5941 2704 6013 Regia:
2743 5940 3115 6013 bibliotheca}.
3164 5938 3429 5997 Comen.
3485 5935 3556 5993 ad
3594 5934 3726 5991 Con.

2147 6017 2258 6071 slil.
2298 6023 2473 6087 apost.
2508 6014 2586 6070 lib
2612 6011 2804 6084 ποθι).
2839 6012 2894 6081 6,
2920 6019 3036 6069 not.
3069 6011 3123 6069 5.
