4068 6546
359 489 499 559 1205

1547 513 1646 574 DE
1684 514 1965 578 SECTIS.
2007 544 2078 556 --
2118 523 2279 584 AC'l‘.
2324 525 2408 585 Π.

3494 529 3631 596 ῙΞθθ

352 613 447 679 ἀφ’
475 601 552 664 ὧν
584 609 748 712 πάλιν
777 611 838 665 ὲν
867 614 931 682 τῇ
970 613 1185 670 Γενέσει
1217 617 1387 688 λέγει,
1409 621 1490 675 ὅτι
1526 623 1683 679 Ἰδοὺ
1711 627 1945 696 ἐγένετο

2053 632 2356 702 Faciamus,
2389 639 2574 694 sinon
2617 649 2672 695 et
2708 641 2848 696 alios
2883 644 3175 712 potestatis
3215 657 3502 704 consortes
3534 650 3634 704 ha-

364 703 536 775 Ἁδάμ
566 703 648 770 ὡς
685 698 774 771 εἷς
819 705 890 770 ἐξ
933 707 1117 775 ἡμῶν.
1154 709 1278 763 ’Ότι
1315 712 1414 782 μὲν
1443 710 1537 769 οὖν
1583 718 1715 786 άγία
1745 719 1940 789 Τριάς,

349 797 460 850 ἀπὸ
491 797 703 852 πολλῶν
751 797 868 853 ἔστι
919 800 1114 866 δεῖξαι.
1160 804 1529 879 Μετέλθωμεν
1573 810 1630 864 δὲ
1669 811 1800 878 νῦν,
1850 814 1945 867 καὶ

349 890 634 959 δείξωμεν,
672 889 790 956 πῶς
839 891 1122 958 δοξάζουσι
1167 896 1296 965 περὶ
1358 900 1459 970 τὴν
1527 902 1945 977 ὲνανθρώπησιν

349 984 442 1036 τοῦ
501 985 763 1056 Χριστοῦ.
820 987 1001 1059 Τριῶν
1039 989 1220 1046 τοίνυν
1276 994 1629 1066 ζητουμένων
1669 1000 1803 1070 περὶ
1849 1001 1943 1054 τοῦ

350 1076 612 1148 Χριστοῦ,
664 1079 713 1132 εί
766 1080 1009 1152 ἔρχεται,
1051 1086 1100 1137 εί
1149 1085 1251 1155 ήδη
1289 1083 1447 1155 ἦλθε,
1496 1089 1592 1143 καὶ
1639 1091 1857 1162 τρίτον,
1893 1093 1942 1146 εἰ

349 1167 483 1232 Θεὸς
506 1170 534 1222 6
572 1169 762 1226 ἐλθών
802 1174 933 1246 περὶ
967 1177 1066 1246 μὲν
1104 1183 1198 1232 τοῦ
1235 1183 1469 1252 πρώτου,
1502 1185 1551 1235 εἰ
1578 1181 1822 1254 ἔρχεται,
1847 1185 1941 1238 οὐ·

348 1261 438 1316 δέν
465 1262 548 1316 δεῖ
582 1264 782 1334 λέγειν.
814 1268 925 1320 Καὶ
947 1269 1102 1324 αὐτοὶ
1129 1271 1236 1345 γὰρ
1272 1273 1657 1344 ὁμολογοῦσιν,
1684 1277 1767 1330 ὅτι
1794 1277 1936 1347 ἥξει.

353 1354 488 1426 Περὶ
515 1355 574 1410 δὲ
604 1358 712 1413 τῶν
740 1359 916 1414 ἄλλων
962 1362 1078 1426 δύο,
1109 1363 1229 1419 δέον
1269 1367 1388 1420 ἐστὶ
1415 1366 1590 1431 δεῖξαι
1617 1368 1818 1434 αὐτοὺς
1843 1389 1938 1425 κα-

351 1447 463 1512 κῶς
497 1447 778 1518 λέγοντας.
829 1454 1016 1524 Ἡμῶν
1066 1457 1250 1512 τοίνυν
1297 1459 1601 1527 λεγόντων,
1647 1464 1729 1516 ὅτι
1779 1460 1935 1533 ἦλθε,

351 1533 456 1595 καῖ
473 1543 634 1598 τοῦτο
665 1544 990 1603 δεικνύντων
1019 1549 1127 1604 ἀπὸ
1162 1553 1394 1618 πολλῶν,
1439 1557 1657 1627 πρῶτον
1696 1556 1796 1628 μὲν
1830 1559 1939 1612 ἀπὸ

351 1637 460 1691 τῶν
490 1639 756 1709 σημείων,
790 1635 865 1695 ὧν
893 1643 1138 1715 ἐποίησε,
1181 1646 1436 1720 δεύτερον
1471 1649 1528 1703 δὲ
1551 1692 1567 1717 ,
1601 1651 1711 1705 ἀπὸ
1743 1649 1838 1705 τοῦ
1876 1650 1936 1716 ἐξ

349 1730 518 1784 ι’ὺτοῦ
548 1733 917 1805 καταλυθῆναι
947 1737 1016 1789 τὰ
1054 1737 1249 1792 εἴδωλα
1280 1741 1329 1808 (6
1360 1741 1474 1812 γὰρ
1513 1742 1741 1807 Ἡσαΐας
1762 1743 1932 1810 λέγει·

361 1822 521 1878 Ἰδοὺ
557 1825 778 1894 Κύριος
811 1826 1066 1896 κάθηται
1098 1829 1196 1883 ἐπὶ
1234 1831 1496 1900 νεφέλης
1529 1835 1800 1904 κούφης,
1834 1834 1934 1888 καὶ

351 1915 484 1983 ἥξει
528 1919 616 1984 είς
667 1919 990 1988 Αἴγυπτον,
1020 1920 1119 1975 καὶ
1161 1923 1595 1991 σεισθήσονται
1632 1931 1705 1980 τὰ
1739 1943 1933 1995 χειρο-

2053 729 2230 784 heret.
2259 731 2515 786 Secundo
2544 749 2608 788 ex
2646 733 2714 789 iis
2777 751 2898 804 quae
2932 753 3124 792 rursus
3173 739 3226 792 in
3265 739 3465 796 Genesi
3502 758 3634 812 pro-

2053 824 2160 879 tert
2188 842 2200 878 :
2233 825 2367 878 Ecce
2394 828 2565 896 [actus
2607 837 2684 882 est
2717 829 2987 896 Adamus,
3045 831 3188 886 velut
3247 851 3380 888 unus
3429 851 3492 890 ea:
3535 853 3633 890 no-

2049 916 2125 968 bis
2154 917 2196 970 ".
2241 916 2500 972 Pluribus
2531 919 2716 989 itaque
2746 920 2970 990 probari
3013 931 3213 992 potest,
3239 940 3361 980 esse
3390 936 3633 983 sanctam

2049 1007 2394 1064 Trinitatem.
2428 1011 2534 1066 Sed
2567 1012 3001 1084 progrediamur,
3030 1025 3086 1069 et
3114 1015 3247 1085 quid
3275 1017 3342 1072 de
3379 1019 3636 1076 incarna-

2049 1102 2198 1157 tione
2227 1102 2430 1159 Christi
2452 1107 2714 1172 sentiant,
2734 1108 3109 1164 ostendamus.
3128 1109 3265 1165 Cum
3287 1127 3418 1181 ergo
3440 1113 3543 1167 tria
3567 1114 3635 1168 de

2044 1192 2265 1250 Christo
2293 1195 2349 1250 in
2393 1198 2755 1266 quaestionem
2789 1200 2978 1254 venire
3013 1201 3246 1266 soleant,
3281 1218 3350 1256 an
3411 1203 3597 1258 veniat
3618 1245 3631 1266 ,

2043 1300 2114 1340 an
2144 1288 2394 1349 venerit;
2433 1296 2490 1344 et
2514 1289 2677 1345 tertio
2711 1290 2854 1356 loco,
2893 1291 3036 1348 sitne
3080 1293 3175 1364 qui
3223 1295 3398 1361 venit,
3447 1295 3630 1350 Deus:

2044 1375 2111 1431 de
2142 1377 2343 1447 primo,
2385 1382 2460 1434 an
2514 1381 2724 1438 scilicet
2768 1383 2970 1450 veniat,
3023 1385 3159 1440 nihil
3213 1402 3354 1456 opus
3413 1395 3497 1441 est
3553 1387 3636 1441 di-

2043 1466 2122 1531 ci;
2186 1483 2314 1523 nam
2372 1470 2593 1540 ipsimet
2646 1485 2943 1529 venturum
2987 1475 3248 1530 fatentur.
3301 1476 3376 1531 De
3417 1477 3635 1531 duobus

2040 1558 2253 1613 caeteris
2289 1561 2652 1630 probandum,
2687 1579 2782 1620 eos
2815 1567 2956 1621 male
2986 1567 3158 1636 loqui.
3189 1568 3401 1638 Quippe
3436 1568 3635 1624 dieen-
3666 1569 3676 1574 ’

2041 1647 2191 1704 tibus
2222 1650 2404 1718 nobis,
2430 1669 2556 1707 eum
2589 1656 2828 1723 venisse,
2867 1665 3033 1728 atque
3067 1659 3171 1713 hoc
3213 1659 3392 1730 ipsum
3446 1661 3634 1715 multis

2039 1743 2378 1811 argumentis
2442 1746 2890 1804 ostendentibus:
2921 1751 3159 1820 primum
3197 1767 3262 1806 ex
3293 1752 3467 1824 signis
3512 1771 3634 1823 qua:

2037 1831 2203 1900 fecit;
2257 1835 2457 1892 deinde
2499 1854 2567 1894 ex
2639 1857 2706 1896 eo
2768 1843 2915 1912 quod
2963 1843 3032 1898 ab
3093 1844 3210 1915 ipso
3259 1845 3474 1901 sublata
3525 1846 3636 1901 sint

2037 1940 2068 1980 e
2130 1928 2312 1983 medio
2358 1930 2650 1988 simulacra
2693 1935 2842 2004 (nam
2893 1937 3062 1992 Isaias
3097 1937 3305 2008 inquit:
3352 1938 3485 1993 Ecce
3531 1939 3635 1993 Do-

349 2010 570 2078 ποιήτα
590 2012 889 2080 Αἰγύπτου
921 2012 1042 2068 ἀπὸ
1078 2015 1404 2083 προσώπου
1435 2017 1653 2090 αὑτοῦ)
1679 2037 1691 2050 ·
1724 2018 1928 2090 τρίτον,

2050 2017 2212 2071 minus
2235 2020 2290 2072 in
2316 2019 2413 2074 levi
2444 2023 2576 2077 nube
2603 2026 2852 2087 considet,
2883 2043 2945 2080 ac
2970 2028 3023 2080 in
3051 2027 3338 2100 Egyptian
3372 2032 3560 2094 veniet,
3582 2041 3636 2080 et

351 2101 443 2170 ἀφ’
473 2093 548 2154 ὧν
576 2100 726 2168 λέγει
759 2105 786 2156 6
814 2104 1035 2172 Δανιὴλο
1064 2107 1122 2159 αἱ
1150 2106 1259 2178 γὰρ
1291 2106 1664 2179 ἑϐδομήκοντα
1692 2110 1930 2181 ἑϐδομά-

349 2195 438 2258 δες
467 2194 576 2249 τῶν
598 2195 756 2260 ἐτῶν,
793 2195 859 2262 ἃς
891 2198 1044 2268 λέγει
1074 2200 1223 2272 αὐτῷ
1256 2202 1284 2255 6
1315 2202 1569 2274 ἄγγελος,
1601 2204 1686 2274 ἐφ’
1709 2197 1772 2258 οὗ
1794 2203 1924 2275 χρό-

353 2303 441 2340 νου
467 2285 547 2340 δεῖ
573 2288 668 2341 καὶ
694 2289 982 2345 ἐκϐάλλειν
1015 2293 1207 2359 αὑτὰς,
1258 2296 1337 2358 είς
1387 2295 1514 2357 τοὺς
1560 2296 1789 2368 χρόνους
1826 2295 1922 2350 τοῦ

352 2379 584 2448 Χριστοῦ
598 2381 1017 2454 καταλήγουσιν.
1050 2386 1205 2440 Ἔστι
1233 2386 1290 2440 δὲ
1322 2389 1354 2458 ἠ
1384 2388 1646 2460 ἀρχὴτῆς
1677 2388 1929 2462 ἐκϐολῆς,

350 2469 460 2524 ἀπὸ
484 2471 578 2526 τοῦ
613 2472 690 2527 κδ’
715 2473 870 2540 ἔτους
921 2476 1283 2550 Ἀρταξέρξου
1315 2479 1408 2533 τοῦ
1447 2481 1854 2553 Μακρόχειρος.

435 2655 624 2727 Ἦμῶν
654 2650 748 2710 οὖν
775 2655 947 2710 ταῦτα
981 2658 1308 2713 δεικνύντων
1334 2661 1539 2726 αὐτοῖς,
1565 2660 1931 2734 διισχυρίζον-

351 2764 442 2800 ται
461 2746 732 2816 λέγοντες,
756 2749 838 2802 ὅτι
869 2749 970 2802 οὒκ
991 2745 1147 2821 ἦλθε.
1182 2749 1345 2819 Λέγει
1367 2752 1496 2823 γὰρ,
1530 2754 1716 2821 φασιν,
1744 2754 1772 2808 6
1794 2752 1933 2823 ψαλ-

359 2840 480 2911 μδς,
515 2841 599 2894 ὅτι
637 2841 732 2894 Ἐν
751 2843 880 2910 ταῖς
911 2842 1158 2912 ἡμέραις
1184 2843 1372 2899 αὑτοῦ
1410 2845 1690 2900 ἀνατελεῖ
1713 2845 1936 2900 δικαιο-

357 2931 541 3000 σύνη,
570 2933 666 2986 καί
698 2931 933 3001 πλῆθος
957 2935 1202 3004 είρήνης
1223 2953 1235 2966 ·
1271 2936 1366 2990 καὶ
1394 2937 1557 3009 ἕτερα
1583 2939 1809 2992 τοιαῦτα
1831 2954 1938 2990 πα-

363 3023 697 3093 ραφέρουσιν
730 3025 841 3079 ἀπὸ
881 3028 982 3096 τῆς
1013 3028 1178 3096 ἁγίας
1209 3028 1453 3100 Γραφῆς.
1492 3030 1608 3084 Νῦν
1631 3030 1717 3095 δὲ,
1752 3030 1940 3100 φασὶν,

359 3115 514 3170 οὐδὲν
547 3115 756 3171 τούτων
799 3117 1046 3190 ὁρῶμεν·
1084 3119 1223 3174 ἀλλὰ
1253 3122 1572 3175 τούναντίον
1594 3163 1608 3187 ,
1642 3123 1945 3176 πλεονάσα-

363 3223 462 3259 σαν
495 3206 708 3260 ἀδικίαν
735 3209 832 3262 καὶ
850 3209 1134 3281 ἁμαρτίας
1157 3211 1360 3276 πολλὰς
1396 3211 1713 3283 γινομένας.
1754 3213 1948 3283 Ἡμεῖς

360 3301 420 3352 δὲ
457 3301 593 3370 πρὸς
620 3301 782 3356 τοῦτο
812 3301 1068 3373 λέγομεν,
1097 3303 1181 3358 ὅτι
1226 3305 1381 3374 διττὴ
1430 3307 1580 3359 ἐστιν
1605 3307 1639 3375 ἠ
1672 3305 1948 3375 παρουσία.

362 3393 456 3446 τοῦ
487 3394 746 3466 Χριστοῦο
784 3395 818 3465 ἡ
854 3394 952 3464 μὲν
983 3395 1124 3464 μετὰ
1150 3396 1330 3468 δόξης,
1364 3399 1431 3468 ἣν
1454 3399 1482 3451 6
1510 3397 1711 3467 Δανιὴλ
1737 3397 1948 3470 διεξέρ-

2037 2109 2254 2182 [Εῃυριὶ
2304 2115 2594 2171 simulacra
2622 2135 2784 2172 manu
2838 2121 2979 2190 facta
3024 2124 3332 2190 quatientur
3375 2124 3439 2178 ab
3472 2125 3634 2194 ipsius

2037 2215 2313 2275 conspectu
2340 2206 2382 2278 ⁸)
2404 2226 2418 2272 ;
2441 2210 2624 2276 tertio,
2654 2210 2722 2265 de
2743 2212 2930 2267 verbis
2968 2213 3180 2268 Danieli
3209 2215 3349 2269 vatis
3382 2233 3394 2268 :
3427 2215 3631 2268 ctenim

2039 2294 2144 2350 illae
2177 2311 2446 2352 annorum
2506 2309 2852 2373 septuaginta
2882 2307 3202 2375 septimanae
3233 2305 3300 2360 de
3332 2307 3534 2375 quibus
3565 2308 3630 2361 ad

2037 2404 2162 2443 eum
2190 2393 2415 2462 angelus
2438 2394 2775 2463 loquitur,ah
2797 2397 2890 2450 illo
2909 2407 3152 2467 tempore
3177 2414 3286 2468 quo
3313 2398 3635 2454 inchoanda:

2036 2492 2185 2549 sunt,
2213 2483 2267 2537 in
2300 2500 2474 2541 annos
2513 2487 2716 2543 Christi
2751 2489 3028 2544 desinunt.
3059 2491 3264 2559 Estque
3301 2490 3632 2560 principium

1993 2627 1996 2630 .
2034 2578 2457 2647 computationis
2503 2578 2572 2633 ab
2612 2579 2928 2634 Artaxerxis
2983 2579 3300 2650 Longimani
3333 2595 3478 2634 anno
3526 2580 3615 2636 2:1.

2107 2668 2192 2721 Vl.
2229 2667 2400 2722 Nobis
2439 2668 2606 2738 igitur
2650 2669 2765 2722 haec
2801 2668 2883 2723 eis
2911 2668 3348 2733 ostendentibus,
3381 2670 3481 2740 ipsi
3526 2686 3634 2724 non

2037 2759 2248 2815 venisse
2282 2759 2560 2816 Christum
2592 2760 2883 2815 atlirmant.
2916 2761 2976 2814 lu
3025 2761 3242 2815 Psalmo
3287 2761 3515 2824 dicitur,
3552 2761 3635 2816 in-

2037 2853 2265 2923 quiunt:
2325 2853 2494 2925 Ipsius
2558 2863 2790 2925 tempore
2833 2854 3102 2924 justitiam
3136 2864 3182 2908 et
3240 2858 3384 2925 pacis
3424 2857 3632 2928 copiam

2038 2949 2366 3002 exorituram
2394 2949 2458 3014 9;
2500 2948 2718 3019 aliaque
2751 2949 2876 3002 talia
2921 2949 2989 3003 de
3027 2951 3196 3005 sacris
3234 2951 3455 3008 Litteris
3493 2954 3634 3008 male

2052 3037 2363 3106 proferunt.
2395 3038 2553 3093 Nunc
2574 3040 2782 3103 autem,
2809 3038 3089 3108 inquiunt,
3115 3041 3252 3094 nihil
3284 3041 3481 3094 horum
3515 3057 3634 3095 eer-

2054 3133 2236 3186 nimus
2253 3173 2267 3197 ,
2295 3132 2391 3188 sed
2417 3147 2448 3188 e
2472 3132 2774 3196 contrario,
2800 3132 3041 3187 crevisse
3071 3133 3323 3204 injurias,
3353 3133 3636 3203 multaque

2053 3235 2278 3296 peccata
2324 3225 2629 3298 designari.
2661 3225 2744 3280 Ad
2780 3226 2887 3279 hoc
2918 3239 3018 3278 nos
3066 3223 3487 3295 respondemus,
3541 3225 3637 3278 ad-

2054 3327 2282 3372 ventum
2307 3317 2514 3373 Christi
2533 3317 2810 3389 duplicem
2831 3332 2952 3371 esse
2979 3334 2992 3369 :
3029 3333 3198 3372 unum
3226 3332 3352 3371 cum
3378 3317 3637 3384 maiesta-

2057 3423 2132 3474 te,
2149 3411 2218 3466 de
2240 3426 2350 3480 quo
2375 3411 2636 3467 Danielus
2661 3423 3078 3475 commemorat,
3103 3413 3360 3483 inquiens
3383 3430 3394 3465 :
3431 3412 3634 3481 Offere-

364 3500 519 3555 χεται
554 3483 766 3553 λέγων’
828 3483 1102 3539 Ἐσεῐδον
1151 3485 1222 3538 ἐν
1252 3485 1502 3556 ὁράματι
1541 3486 1653 3556 τῆς
1691 3487 1943 3554 νυκτὸς,

2050 3505 2134 3557 bat
2155 3521 2210 3558 se
2245 3506 2369 3558 mihi
2411 3507 2581 3559 visum
2617 3515 2968 3560 nocturnum:
3010 3515 3059 3560 et
3091 3522 3204 3559 ecce
3233 3505 3451 3576 quidam
3481 3507 3637 3574 quasi

366 3574 463 3629 καὶ
504 3575 632 3630 ίδοὺ
655 3577 736 3642 ὡς
760 3575 893 3641 Υἱὸς
921 3576 1239 3646 ἀνθρώπου
1269 3578 1367 3632 ἐπὶ
1401 3578 1520 3632 τῶν
1546 3577 1824 3648 νεφελῶν
1847 3580 1955 3634 τοῦ

366 3669 628 3738 οὐρανοῦ
654 3670 980 3740 ἐρχόμενος
1003 3667 1100 3740 ἦν,
1124 3671 1221 3724 καὶ
1249 3671 1387 3739 ἄχρι
1414 3671 1522 3726 τοῦ
1543 3670 1810 3725 Παλαιθῦ
1835 3670 1956 3725 τῶν

366 3763 603 3833 ἡμερῶν
629 3763 860 3833 ἔφθασε
883 3803 897 3827 ,
937 3763 1035 3818 καὶ
1075 3762 1236 3830 αὐτῷ
1272 3764 1450 3833 ἐδόθη
1486 3766 1525 3834 ἡ
1552 3764 1710 3834 ἀρχὴ
1733 3807 1747 3828 ,
1786 3767 1883 3819 καὶ
1913 3766 1951 3832 ἡ

367 3858 529 3927 τιμὴ,
557 3857 656 3912 καί
691 3857 729 3924 ἡ
773 3857 1046 3922 ἐξουσίιν
1090 3856 1286 3911 πάντα
1332 3857 1406 3910 τὰ
1436 3858 1580 3926 ἔθνη
1625 3858 1786 3923 αὐτῷ
1813 3858 1954 3910 δου-

365 3953 688 4014 λεύσουσι,
726 3951 822 4005 καὶ⁹
854 3951 922 4004 τὰ
957 3951 1104 4022 ἑξῆς.
1142 3950 1206 4003 Ἦ
1245 3950 1325 4014 δὲ,
1375 3950 1512 4020 μετὰ
1543 3948 1950 4015 ταπεινώσεως,

368 4043 496 4108 περὶ
516 4036 584 4116 ἧς
616 4041 766 4112 λέγει
802 4044 830 4096 6
869 4042 1097 4105 Ἡσαΐας
1122 4057 1135 4071 ·
1170 4042 1281 4096 Καὶ
1316 4041 1560 4111 εἴδομεν
1603 4039 1821 4103 αὐτὸν,
1855 4040 1953 4095 καὶ

366 4139 478 4194 οὐκ
522 4132 688 4206 εῖχεν
723 4132 921 4204 εἶδος,
981 4135 1127 4190 οὐδὲ
1169 4133 1434 4200 κάλλος,
1483 4133 1646 4189 ἀλλὰ
1689 4133 1754 4187 τὸ
1793 4130 1953 4200 εἶδος

365 4228 553 4285 αὑτοῦ
605 4228 836 4299 ἄτιμον,
877 4228 976 4283 καὶ
1021 4227 1304 4282 ἐκλεῖπον
1347 4227 1506 4296 παρὰ
1545 4226 1776 4292 πάντας
1809 4225 1952 4293 τοὺς

366 4322 736 4391 ἀνθρώπους.
771 4321 940 4376 Ὅταν
982 4317 1074 4376 οῦν
1100 4315 1255 4375 εἶπεν
1299 4323 1326 4374 6
1372 4319 1621 4390 ψαλμὸς,
1647 4320 1730 4372 ὅτι
1757 4319 1952 4373 ἀνατε-

367 4415 451 4468 λεῖ
489 4417 546 4468 ὲν
589 4417 711 4478 ταῖς
757 4415 994 4487 ἡμέραις
1025 4413 1192 4469 αὑτοῦ
1223 4413 1572 4485 δικαιοσύνη,
1603 4411 1768 4467 τοῦτο
1797 4411 1951 4480 λέγει

367 4507 443 4572 ώς
489 4507 626 4579 πρὸς
672 4507 772 4578 τὴν
817 4506 1030 4573 ἔνδοξον
1079 4507 1383 4578 μέλλουσαν
1428 4505 1756 4572 παρουσίαν.
1796 4505 1952 4558 Ἐπεὶ

368 4601 451 4653 ὅτι
477 4599 699 4664 πάντως
719 4599 932 4669 ἀνάγκη
965 4599 1240 4670 ἁμαρτίας
1264 4599 1522 4668 γενέσθαι
1554 4598 1647 4652 ἐπὶ
1667 4598 1766 4668 τῆς
1800 4595 1950 4669 πρώο

367 4709 467 4762 της
489 4691 790 4764 παρουσίας
815 4692 908 4746 τοῦ
934 4692 1190 4762 Χριστοῦ,
1220 4691 1443 4762 εὔδηλον
1472 4691 1745 4747 ἐντεῦθεν.
1783 4692 1954 4763 Ἐρω·

368 4783 446 4838 τῶ
474 4783 586 4857 γὰρ
625 4783 847 4847 αὐτούς·
891 4783 1030 4854 Ἰδῐῳ
1060 4783 1278 4854 θανάτῳ
1323 4782 1676 4838 ἀποθανεῖται
1720 4786 1749 4837 6
1794 4784 1952 4856 ἐρχό-

2057 3595 2223 3651 F'ilius
2254 3598 2480 3651 hominis
2520 3599 2574 3651 in
2604 3598 2824 3652 nubibus
2856 3598 2971 3652 ειείί
3009 3598 3268 3662 veniebat,
3301 3605 3350 3650 et
3383 3612 3545 3666 usque
3569 3595 3638 3649 ad

2057 3689 2344 3760 Antiquam
2367 3689 2572 3744 dierum
2594 3692 2829 3757 accessit,
2857 3693 3007 3760 eique
3030 3691 3215 3744 datum
3233 3697 3308 3742 est
3331 3689 3632 3757 imperium,

2056 3789 2104 3831 et
2144 3779 2310 3833 honor
2349 3791 2396 3834 et
2423 3788 2695 3851 potestas;
2735 3791 2784 3836 et
2809 3799 2988 3835 omnes
3009 3789 3186 3852 gentes
3225 3781 3271 3833 ei
3302 3780 3527 3833 servient
3559 3778 3636 3840 ιθ,

2054 3882 2108 3927 et
2140 3882 2356 3928 eaztera.
2386 3875 2633 3929 Alterum
2657 3890 2781 3930 cum
2806 3874 3142 3940 humilitate,
3167 3873 3360 3941 dequo
3388 3871 3638 3940 loquitur

2056 3965 2252 4021 Isaias:
2289 3967 2359 4020 Et
2387 3967 2610 4021 vidimus
2655 3984 2792 4032 eum,
2817 3983 2910 4020 nec
2937 3967 3161 4036 speciem
3193 3964 3417 4019 habebat
3440 3963 3633 4027 ullam,

2055 4074 2148 4112 nec
2177 4058 2652 4130 pulchritudinem:
2694 4061 2799 4113 imo
2833 4061 3028 4130 species
3068 4059 3180 4129 ejus
3217 4066 3332 4111 erat
3359 4058 3548 4127 turpis,
3587 4063 3637 4108 et

2055 4147 2198 4217 infra
2251 4164 2428 4201 omnes
2481 4149 2713 4201 homines
2750 4147 2827 4201 “.
2879 4146 3016 4201 Cum
3058 4161 3187 4217 ergo
3219 4145 3468 4200 Psalmus
3522 4143 3633 4207 ait,

2053 4235 2392 4290 exorituram
2432 4235 2606 4305 ipsius
2638 4233 3291 4305 temporibusjustitiam,
3325 4233 3430 4286 hoc
3453 4231 3635 4301 ipsum

2056 4328 2466 4398 dicitrespectu
2498 4327 2671 4382 futuri
2706 4326 3004 4397 aliquando
3057 4324 3281 4396 gloriosi
3336 4325 3632 4379 adventus.

2056 4423 2189 4477 Nam
2225 4422 2278 4477 in
2309 4422 2489 4492 primo
2516 4420 2720 4478 Christi
2755 4419 2994 4474 adventu
3024 4417 3336 4473 necessario
3362 4416 3634 4477 futurum,

2055 4521 2119 4568 ut
2161 4520 2387 4583 peccata
2425 4511 2582 4576 ﬁant,
2633 4509 2722 4565 vel
2751 4509 2882 4563 hinc
2921 4509 3087 4578 plane
3131 4506 3487 4561 manifestum
3527 4513 3632 4559 est.

2058 4607 2316 4661 Hebraeos
2347 4605 2494 4660 enim
2528 4604 2812 4674 interrogo
2835 4621 2848 4657 :
2872 4602 3209 4657 Morieturne
3259 4601 3517 4656 Christus
3545 4599 3636 4652 ille

2056 4697 2151 4768 qui
2190 4696 2394 4762 veniet,
2431 4713 2460 4750 a
2493 4695 2700 4764 seipso,
2758 4709 2825 4748 an
2879 4709 3007 4748 eum
3043 4692 3302 4748 occident
3354 4693 3494 4746 alii?
3530 4693 3637 4746 Re—

2058 4789 2331 4860 spondent
2351 4789 2588 4853 scilicet,
2616 4788 2684 4842 ab
2709 4787 2832 4842 aliis
2854 4785 3239 4842 occidendum.
3261 4783 3399 4852 Quid
3420 4796 3602 4839 autem
3617 4786 3638 4837 '2

374 4895 536 4948 μενος
561 4877 823 4952 Χριστὸς,
869 4876 902 4949 ἢ
943 4877 1093 4930 ἄλλοι
1121 4876 1284 4930 αὑτὸν
1317 4875 1752 4943 ἀποκτενοῦσιν;
1793 4875 1945 4930 Ἀπο-

2059 4870 2159 4950 qui
2221 4881 2384 4936 talem
2437 4888 2764 4950 tantumque
2817 4878 3038 4934 necabit
3085 4878 3407 4940 hominem,
3451 4892 3636 4931 annon

371 4969 649 5042 κρίνονται
691 4969 960 5042 δηλονότι,
995 4969 1071 5033 ώς
1109 4969 1260 5022 ἄλλοι
1296 4968 1459 5023 αὐτὸν
1495 4968 1838 5038 φονεύσουσι.
1888 4970 1930 5022 Τ
1939 4969 1955 5023 ί

371 5061 466 5129 δέ;
512 5063 540 5115 6
572 5063 664 5116 τὸν
691 5064 938 5118 τοιοῦτον
970 5063 1146 5134 μέγαν
1181 5062 1471 5134 ἄνθρωπον
1496 5061 1858 5128 ἀποκτείνων,
1893 5064 1956 5116 οὑ

377 5155 631 5226 μεγάλως
685 5156 1025 5229 ἁμαρτάνεις
1079 5155 1305 5219 Πάντως
1360 5156 1651 5228 φήσουσιν,
1691 5155 1774 5209 ὅτι
1824 5156 1953 5210 Ναί.

375 5244 585 5301 Οὐκοῦν
615 5248 666 5300 εἰ
695 5246 872 5302 ταῦτα
908 5248 1082 5313 οὕτως
1110 5248 1250 5320 ἔχει,
1278 5248 1493 5316 ἀνάγκη
1526 5247 1748 5310 πάντως
1775 5248 1958 5320 ἁμαρ-

375 5342 495 5395 τίαν
524 5342 781 5412 γενέσθαι
822 5345 916 5397 ἐπὶ
942 5347 1042 5416 τῆς
1073 5345 1169 5398 τοῦ
1214 5344 1454 5414 Χριστοῦ
1493 5342 1716 5412 πρώτης
1752 5361 1956 5414 παρου-

380 5435 502 5500 σίας
523 5451 537 5466 ο
560 5435 700 5489 ὥστε
733 5437 762 5489 6
804 5435 1020 5508 ψαλμὸς
1052 5438 1222 5508 λέγει,
1257 5438 1353 5491 ἐπὶ
1381 5439 1482 5508 τῆς
1505 5437 1787 5508 δευτέρας.
1823 5436 1951 5489 Ἀλ-

379 5527 486 5591 λως
517 5545 576 5581 τε
615 5529 710 5582 καὶ
737 5528 972 5600 ἀλλαχοῦ
1005 5548 1173 5602 φησιν
1204 5533 1232 5584 6
1272 5529 1488 5600 ψαλμός
1509 5547 1522 5560 ·
1557 5526 1746 5585 Εἶπεν
1770 5532 1802 5584 ό
1841 5530 1956 5583 Κύ-

372 5637 506 5692 ριος
550 5621 630 5687 τῷ
663 5622 855 5690 Κυρίῳ
883 5639 1023 5692 μου,
1060 5623 1258 5679 Κάθου
1305 5627 1374 5679 ἐκ
1417 5625 1632 5690 δεξιῶν
1668 5642 1819 5692 μου,
1847 5622 1959 5688 ἓως

378 5712 456 5767 ἂν
485 5711 566 5768 θῶ
596 5713 736 5780 τοὺς
768 5714 1025 5783 ἐχθρούς
1074 5732 1192 5770 σου
1251 5717 1586 5771 ὑποπόδιον
1607 5714 1728 5769 τῶν
1756 5714 1958 5769 ποδῶν

378 5822 513 5861 σου.
551 5807 714 5878 Δηλοῖ
738 5809 846 5879 γὰρ
878 5809 960 5863 ὅτι
991 5809 1148 5880 ἔσχεν
1183 5810 1434 5880 ἐχθρούς.
1472 5811 1646 5864 Ὅπου
1680 5809 1736 5863 δὲ
1767 5809 1955 5879 ἔχθρα,

450 5921 470 5949 ⁷
510 5919 648 5977 Gen.
684 5938 764 5981 in.
807 5921 896 5977 2'2.
995 5921 1015 5952 ⁸
1045 5922 1293 5987 κωλῆ.
1336 5925 1385 5981 1,.

1462 5925 1674 5982 .’.Psal.
1728 5941 1870 5990 uxr,
1918 5925 1967 5978 7.

380 6006 485 6052 cu.
532 5991 575 6044 1.

2058 4971 2310 5041 peccabit
2333 4970 2616 5042 graviter?
2648 4969 2888 5025 Omnino
2912 4977 3272 5039 peccaturum
3305 4967 3512 5022 dicent.
3544 4967 3637 5021 Er-

2057 5080 2125 5135 go
2156 5064 2201 5118 si
2229 5063 2335 5117 hoc
2360 5061 2706 5123 conceditur,
2747 5061 2972 5116 omnino
2998 5074 3222 5114 necesse
3256 5066 3359 5124 est,
3387 5059 3439 5112 in
3459 5056 3637 5127 primo

2059 5155 2261 5212 Christi
2282 5156 2520 5211 adventu
2543 5163 2765 5226 peccata
2805 5153 2922 5208 ﬁeri
2943 5171 2962 5219 ;
2987 5152 3238 5222 adeoque
3271 5151 3479 5205 dictum
3503 5149 3636 5202 illud

2063 5251 2262 5306 Psalmi
2317 5249 2387 5304 de
2423 5249 2664 5304 adventu
2726 5247 2974 5303 secundo
3048 5245 3157 5300 erit
3206 5242 3632 5314 accipiendum;

2063 5344 2367 5414 praesertim
2400 5357 2525 5398 cum
2569 5350 2626 5396 et
2673 5340 2808 5425 alibi
2851 5338 3102 5395 Psalmus
3145 5335 3320 5390 dicat:
3356 5334 3503 5388 Dixit
3537 5332 3640 5385 Πυ-

2066 5439 2238 5492 minus
2272 5435 2498 5490 Domino
2526 5451 2639 5488 meo
2659 5450 2676 5486 :
2699 5433 2829 5488 Sede
2863 5451 2895 5487 a
2924 5432 3123 5485 dextris
3152 5431 3311 5493 meis,
3347 5429 3510 5482 donec
3545 5444 3644 5496 ρος

2055 5545 2210 5583 suere
2240 5528 2480 5582 inimicos
2529 5535 2666 5592 tuos,
2710 5523 3000 5579 scabellum
3043 5523 3238 5594 "pedum
3295 5530 3508 5574 tuorum
3569 5519 3634 5569 ¹².

2058 5621 2268 5675 lndieat
2283 5618 2453 5683 enim,
2476 5617 2759 5672 Christum
2782 5616 3043 5672 habuisse
3076 5614 3349 5668 inimicos.
3380 5610 3480 5667 Ubi
3502 5624 3653 5664 vero.

2058 5712 2346 5769 inimicitia
2377 5719 2482 5776 est,
2525 5711 2600 5764 ibi
2651 5725 2756 5764 non
2785 5717 2873 5764 est
2909 5725 3034 5778 pax.
3071 5707 3354 5762 Christum
3394 5703 3634 5772 denique

2057 5822 2166 5861 non
2193 5819 2315 5860 esse
2344 5805 2536 5868 Deum,
2568 5802 2635 5858 de
2663 5791 2773 5872 quo
2801 5801 2966 5856 tertio
2997 5800 3120 5853 loco
3153 5797 3437 5868 qmeritur,
3465 5810 3531 5849 ex
3568 5791 3650 5847 iis.

2067 5923 2107 5953 “’
2149 5921 2284 5981 Dan.
2332 5937 2424 5985 vn,
2483 5919 2566 5987 15,
2624 5919 2704 5974 ιιι.
2807 5919 2842 5949 ”
2882 5917 2983 5973 lsa.
3025 5915 3219 5981 Lm,?.,
3266 5916 3318 5970 5.
3415 5915 3456 5943 ¹²
3492 5909 3656 5970 1³8³1..
