4020 6544
476 451 610 521 ιιςη

1730 457 2041 520 LEONTII
2086 454 2494 518 BYZANTINI

3600 434 3752 500 1208

469 589 594 642 quae
625 572 803 629 Moses
830 571 991 636 dixit,
1014 571 1327 627 aﬂirmant:
1369 570 1556 627 Vatem
1597 572 1738 627 vobis
1779 572 2043 629 suscitabit

2150 570 2251 624 οὐκ
2291 568 2437 625 ἔστιν
2471 566 2685 639 εἰρήνη.
2739 565 2876 636 Περὶ
2921 563 2979 617 δὲ
3020 560 3116 617 τοῦ
3166 559 3243 632 μὴ
3285 552 3429 611 εἶναι
3464 553 3599 608 Θεὸν
3644 555 3752 613 τὸν

469 663 729 721 Dominus
761 664 903 718 Deus
928 678 994 718 ea:
1030 663 1285 735 fratribus
1319 664 1535 727 nostris,
1566 665 1668 717 mei
1700 662 1931 719 similem
1964 663 2006 694 "
2033 701 2045 717 .

468 756 634 823 Ecce,
652 757 930 828 inquiunt,
950 769 1061 812 non
1081 755 1257 818 Deum
1269 756 1586 827 appellavit,
1606 755 1702 811 sed
1718 764 1921 811 vatem.
1938 755 2052 816 Nos

469 857 657 909 autem
680 849 749 915 ad
774 850 881 906 hoc
903 848 1323 921 respondemus,
1344 846 1627 903 Christum
1649 847 1837 903 omnia
1859 846 2049 903 fuisse:

469 958 598 999 nam
631 952 688 999 et
714 943 881 999 homo
907 953 1046 1008 erat,
1066 951 1125 999 et
1141 952 1314 1009 vates,
1338 950 1396 999 et
1418 943 1565 998 Deus
1591 960 1605 995 :
1638 940 1823 1012 itaque
1853 941 2052 1012 quovis

469 1036 736 1106 appellari
750 1037 972 1093 nomine
983 1044 1221 1106 poterat.
1236 1034 1453 1091 Etenim
1475 1034 1623 1106 quod
1641 1036 1788 1093 Deus
1806 1042 1947 1098 erat,
1961 1035 2052 1090 de-

470 1135 773 1193 monstrata
807 1127 1133 1197 quaestione,
1165 1144 1235 1183 an
1276 1126 1513 1190 venerit,
1546 1142 1615 1183 ex
1652 1127 1783 1181 novi
1824 1125 2052 1189 foederis

470 1219 750 1290 Scriptura
772 1220 994 1291 probari
1016 1221 1174 1276 facile
1198 1227 1403 1290 posset.
1427 1219 1629 1281 Verum
1645 1229 1703 1274 et
1717 1217 1851 1274 illud
1865 1228 2053 1277 osten-

470 1314 668 1369 demus
694 1331 726 1370 e
757 1314 1042 1386 Scriptura
1063 1314 1259 1370 veteri.
1288 1314 1424 1370 Nam
1458 1312 1749 1371 manifesto
1780 1312 2051 1377 Ieremias

468 1406 525 1460 id
548 1406 751 1463 alicubi
783 1406 920 1462 dicit
947 1406 1037 1462 bis
1054 1407 1262 1463 verbis:
1294 1406 1393 1461 Hic
1420 1405 1562 1461 Deus
1591 1413 1768 1459 noster
1791 1414 1886 1471 est,
1908 1405 2049 1467 alius

465 1516 585 1555 cum
610 1516 671 1555 eo
703 1517 807 1555 non
842 1501 1257 1573 comparabitur.
1280 1499 1502 1555 Omnem
1528 1500 1763 1554 scientia:
1788 1499 1928 1553 viam
1960 1501 2049 1553 in-

466 1594 625 1658 venit,
650 1609 868 1665 eamque
888 1593 1083 1649 Jacobo
1120 1609 1282 1665 puero
1305 1609 1401 1647 suo
1427 1592 1589 1659 dedit,
1609 1601 1660 1647 et
1674 1592 1865 1647 dilecto
1897 1593 1962 1649 ab
1992 1608 2049 1647 se

462 1681 689 1737 Israelo.
721 1682 1022 1741 Secundam
1068 1688 1178 1741 haec
1226 1686 1284 1739 in
1328 1695 1473 1740 terra
1516 1693 1823 1757 compertus
1858 1694 1957 1751 est,
1999 1694 2050 1740 et

462 1774 602 1827 inter
645 1776 879 1839 homines
928 1787 1169 1833 versatus
1211 1778 1275 1832 ν’.
1313 1777 1441 1837 Haec
1482 1775 1649 1846 igitur
1681 1776 2043 1832 Hebraeorum

461 1866 717 1939 dogmata
746 1877 896 1936 sunt,
933 1877 991 1924 et
1020 1870 1342 1927 eorumdem
1374 1868 1758 1926 refutationes.

2156 661 2429 736 Χριστὸν,
2463 663 2601 741 ὅπερ
2634 655 2705 731 ἦν
2740 660 2924 730 τρίτον
2971 654 3330 728 ζητούμενον,
3366 649 3749 723 ἰσχυρίζονται

2156 756 2251 827 ἀφ’
2289 750 2364 810 ὧν
2398 755 2555 810 εἶπεν
2597 755 2627 807 ὁ
2658 751 2901 818 Μωσῆςε
2932 746 3260 818 Προφήτην
3298 746 3443 815 ὑμῖν
3466 741 3750 811 ἀναστήσ-

2154 865 2251 906 σει
2273 850 2487 917 Κύριος
2514 849 2548 901 ὁ
2581 846 2727 912 Θεὸς
2749 845 2821 898 ἐκ
2844 841 2961 897 τῶν
2979 839 3263 911 ἀδελφῶν
3292 837 3485 908 ἡμῶν,
3506 837 3588 903 ὡς
3609 835 3745 905 ἐμέ.

2166 942 2298 998 Ἰδοὺ
2323 942 2456 1013 γὰρ,
2491 940 2656 1011 φασιν
2680 980 2696 1006 ,
2726 938 2790 993 οὐ
2830 935 2966 990 Θεὸν
3013 935 3177 989 αὐτὸν
3209 926 3385 996 εἶπεν,
3424 930 3564 987 ἀλλὰ
3596 946 3747 997 προ-

2154 1038 2355 1109 φήτην.
2397 1036 2590 1107 Ἡμεῖς
2611 1033 2669 1086 δὲ
2700 1030 2838 1105 πρὸς
2872 1029 3034 1086 τοῦτο
3056 1029 3314 1098 λέγομεν,
3342 1027 3429 1085 ὃτι
3461 1024 3643 1080 πάντα
3664 1019 3746 1094 ἦν

2156 1130 2185 1182 6
2213 1126 2470 1197 Χριστός
2501 1124 2599 1179 καὶ
2628 1123 2917 1194 ἄνθρωπος
2937 1121 3048 1191 γὰρ
3073 1112 3165 1191 ἦν,
3189 1117 3285 1171 καὶ
3309 1116 3619 1189 προφήτης,
3638 1112 3749 1167 καὶ

2154 1221 2306 1285 Θεός·
2339 1219 2762 1289 ὁθενουνδήποτε
2800 1215 2927 1286 ἐξῆν
2962 1214 3123 1268 αὑτὸν
3152 1211 3440 1282 ὀνομάσαι.
3470 1210 3595 1264 Ὀτι
3625 1210 3750 1279 γὰρ
3786 1272 3793 1277 _

2154 1313 2289 1376 Θεὸς
2311 1307 2402 1384 ἦν,
2431 1310 2735 1382 δειχθέντος
2759 1306 2876 1373 τοῦ,
2901 1307 2950 1361 εί
2983 1303 3141 1377 ἦλθε,
3182 1303 3364 1375 ῥᾴδιον
3400 1298 3469 1373 ἦν
3495 1299 3605 1354 ἀπὸ
3634 1301 3746 1371 τῆς

2152 1405 2298 1469 Νέας
2324 1404 2545 1475 Γραφῆς
2581 1400 2882 1466 ἀποδεῖξαι.
2910 1398 3057 1469 Πλὴν
3084 1398 3180 1451 καὶ
3210 1395 3318 1453 ἀπὸ
3345 1394 3446 1465 τῆς
3468 1411 3474 1454 ξ
3490 1393 3746 1456 ﬂanti;

2150 1496 2399 1568 δείξομεν
2424 1494 2600 1557 τοῦτο.
2628 1493 2770 1565 Φησὶ
2796 1492 2907 1563 γάρ
2939 1508 3043 1545 που
3068 1489 3243 1558 λέγων
3263 1484 3424 1541 τοῦτο
3461 1482 3751 1555 Ἱερεμίας

2150 1572 2483 1659 ἀναφανδόν·
2512 1582 2705 1654 Οὗτος
2732 1590 2765 1641 ό
2797 1587 2940 1652 Θεὸς
2970 1580 3162 1654 ἡμῶν,
3193 1582 3266 1635 οὐ
3299 1577 3743 1650 λογισθήσεται

2150 1683 2352 1750 ἕτερος
2376 1680 2526 1750 πρὸς
2554 1680 2776 1734 αὐτόν·
2806 1676 3017 1746 ἐξεῦρε
3054 1672 3266 1730 πᾶσαν
3299 1672 3446 1728 ὀδόν
3478 1669 3740 1737 ἐπιστή-

2146 1794 2288 1846 μης,
2336 1774 2435 1829 καί
2470 1774 2697 1828 ἔδωκεν
2736 1771 2932 1838 αὐτὴν
2969 1770 3173 1827 Ἰακὼό
3194 1767 3275 1835 τῷ
3306 1767 3471 1821 παιδί
3500 1765 3693 1820 αὑτοῦ
3715 1806 3737 1829 ,

2149 1868 2513 1935 καὶἸσραὴλ
2547 1866 2627 1932 τῷ
2653 1865 3017 1937 ἠγαπτυιένῳ
3039 1863 3142 1920 ὑπ’
3165 1860 3372 1921 αὑτοῦ.
3402 1859 3561 1916 Μετὰ
3586 1860 3740 1915 ταῦ-

460 1976 535 2014 τα
564 1960 666 2015 ἐπὶ
705 1959 816 2028 τῆς
846 1960 960 2032 γῆς
992 1961 1157 2031 ὤφθη
1179 2001 1195 2025 ,
1229 1962 1330 2017 καὶ
1372 1962 1498 2030 τοῖς
1523 1960 1860 2031 ἀνθρώποις
1901 1961 2394 2031 συνανεστράξρη.
2459 1960 2651 2019 Ταῦτα
2720 1960 2819 2030 μὲν
2884 1954 2981 2018 οὖν
3033 1954 3145 2013 εἱσι
3182 1956 3252 2019 τὰ
3284 1953 3393 2008 τῶν
3439 1954 3729 2031 Ἐϐραίων,

462 2051 558 2106 καὶ
588 2053 644 2105 αί
677 2050 813 2121 πρὸς
850 2052 992 2106 αὐτᾶ
1032 2051 1356 2121 ἀντιλογίαι.
2507 2115 2517 2124 ,

534 2143 645 2198 νιι.
677 2143 835 2199 Nunc
879 2143 947 2198 ad
995 2144 1470 2201 Samaritanorum
1526 2160 1750 2216 quoque
1795 2144 2043 2217 dogmata

2220 2144 2590 2214 Μετέλθωμεν
2617 2143 2675 2198 δὲ
2697 2145 2793 2199 καὶ
2814 2143 2908 2198 ἐπὶ
2936 2142 3007 2199 τὰ
3033 2142 3285 2213 δόγματα
3311 2141 3421 2196 τῶν
3445 2141 3737 2212 Σαμαρει-

464 2243 828 2291 transeamus.
883 2234 992 2292 Sed
1027 2237 1408 2308 cognoscenda
1447 2237 1606 2308 prius
1632 2237 1867 2297 historia
1896 2251 2043 2307 quat-

2149 2234 2281 2290 τῶν.
2323 2234 2483 2288 Ἀλλὰ
2519 2233 2739 2304 πρῶτον
2789 2234 3030 2306 ἱστορίαν
3076 2233 3200 2287 τινὰ
3240 2233 3524 2305 μάθωμεν,
3561 2232 3739 2286 πόθεν

463 2328 612 2392 dam,
665 2326 812 2382 unde
849 2327 1063 2384 scilicet
1122 2329 1240 2383 haec
1272 2330 1748 2385 Samaritanon
1798 2336 1919 2385 orta
1974 2328 2043 2385 sit

2152 2329 2459 2399 κατάγεται
2488 2330 2524 2398 ἡ
2560 2328 2776 2397 αἵρεσις
2820 2327 2928 2382 τῶν
2960 2327 3340 2399 Σαμαρειτῶν.
3363 2325 3521 2382 Μετὰ
3550 2325 3648 2385 οὖν
3670 2325 3740 2379 τὸ

463 2419 714 2476 haeresis.
748 2420 1044 2490 Postquam
1071 2436 1202 2493 ergo
1227 2420 1427 2479 Saulus
1448 2423 1607 2478 annis
1635 2422 1704 2478 40
1740 2431 2047 2494 regnasset,

465 2514 727 2569 Davidem
766 2515 911 2570 Deus
946 2530 979 2570 e
1014 2514 1156 2570 Juda
1183 2515 1333 2571 tribu
1364 2523 1721 2587 prognatum,
1764 2516 1888 2588 ejus
1923 2516 2047 2571 loco

464 2625 651 2681 regem
681 2611 1055 2667 lsraelitarum
1090 2612 1378 2668 constituit
1407 2630 1422 2667 :
1460 2629 1524 2668 ac
1551 2612 1775 2669 Davidis
1814 2612 2047 2683 posteri-

464 2711 546 2757 tas
586 2701 646 2758 in
693 2704 1042 2774 possessione
1073 2704 1226 2775 regni
1278 2705 1518 2769 mansit,
1565 2708 1698 2763 liliis
1748 2718 2044 2779 parentum

463 2793 757 2863 imperium
791 2795 1227 2866 excipientibus,
1261 2810 1437 2866 usque
1466 2797 1534 2853 ad
1570 2797 1878 2854 Sedeciam.
1925 2797 2044 2854 Ca:-

463 2895 642 2941 terum
677 2898 897 2944 mortuo
922 2889 1127 2945 Davide
1154 2904 1303 2960 rege,
1336 2888 1596 2945 Solomon
1628 2891 1777 2947 ﬁlius
1808 2893 1930 2962 ejus
1957 2908 2045 2947 re-

459 2994 627 3049 gnum
650 2982 914 3050 suscepit.
943 2981 1205 3053 Hicjuste
1227 2982 1425 3053 agebat
1448 2983 1635 3040 omnia
1665 3001 1679 3038 :
1708 2991 2046 3055 quapropter

458 3072 510 3128 ei
543 3073 689 3127 Deus
704 3087 957 3143 magnam
976 3073 1301 3144 sapientiam
1335 3080 1777 3149 potestatemque
1809 3074 2044 3146 largitus

459 3170 565 3218 est.
602 3164 808 3221 Verum
842 3163 936 3220 ubi
967 3166 1388 3232 consenuisset,
1438 3166 1693 3223 adoravit
1723 3166 2041 3233 simulacra,

460 3255 731 3311 uxoribus
761 3257 876 3312 suis
897 3256 1307 3328 obtemperans.
1340 3258 1513 3324 Quam
1570 3258 1645 3313 ob
1673 3274 1895 3314 causam
1928 3258 2041 3314 ira-

460 3358 555 3405 tus
582 3351 744 3417 Deus,
781 3351 1146 3409 Hieroboamo
1180 3352 1491 3408 Solomonis
1535 3367 1696 3408 servo
1752 3352 1922 3419 dixit,
1980 3367 2041 3408 se

459 3442 651 3499 decem
725 3443 935 3499 domini
999 3444 1085 3499 sui
1154 3445 1385 3514 sceptris
1456 3460 1583 3499 eum
1651 3444 2037 3515 praefecturum

460 3551 677 3607 regem,
710 3537 756 3590 si
795 3535 1068 3592 voluntati
1114 3510 1318 3593 divinae
1365 3510 1869 3607 pariturusvesset:
1906 3538 2038 3594 reli-
2067 3510 2109 3568 ο

460 3645 573 3701 qua
597 3629 828 3699 quidem
863 3628 976 3683 duo
1016 3637 1231 3700 sceptra
1272 3628 1556 3685 Solomoni
1606 3646 1665 3685 se
1695 3630 2038 3697 relicturum,

458 3740 687 3794 propter
739 3732 953 3794 patrem
1001 3724 1176 3795 ipsius
1211 3724 1471 3781 Davidem
1509 3743 1524 3780 :
1556 3734 1720 3798 atque
1749 3726 1866 3782 hate
1918 3736 2042 3797 post

457 3824 691 3872 mortem
726 3818 1038 3873 Solomonis
1071 3818 1310 3888 primum
1357 3830 1648 3875 eventura.
1679 3819 1819 3876 Cum
1851 3829 2039 3876 autem

457 3918 714 3963 mortuus
743 3907 939 3965 fuisset
972 3908 1231 3965 Solomon
1257 3950 1271 3974 ,
1310 3910 1459 3966 filius
1514 3911 1690 3982 ipsius
1720 3911 2041 3967 Roboamus

458 4000 514 4057 in
546 4000 697 4072 regni
728 4000 1073 4070 possessione
1105 4018 1467 4060 successurus
1493 4013 1636 4060 erat.
1686 4004 1876 4075 Itaque
1927 4005 2042 4061 col-

458 4090 585 4144 lecti
638 4090 707 4145 ad
761 4092 939 4160 ipsum
974 4092 1267 4156 lsraelitae,
1297 4094 1379 4153 sic
1417 4109 1548 4150 eum
1592 4095 2034 4166 compellavere:

455 4183 627 4237 Nimis
664 4186 815 4254 gravi
846 4201 938 4239 nos
972 4186 1105 4256 jugo
1150 4194 1304 4256 pater
1344 4196 1465 4243 tuus
1518 4190 1778 4259 oppressit
1810 4205 1828 4243 :
1858 4197 1916 4243 tu
1952 4188 2037 4258 {ac

456 4272 782 4331 talerabiiius
808 4275 1075 4348 leviusque
1096 4279 1187 4339 sit,
1212 4288 1263 4332 et
1294 4281 1581 4341 serviemus
1620 4279 1711 4334 tibi
1736 4279 1800 4333 ³⁵.
1844 4279 1930 4345 Ad
1969 4296 2035 4336 ea

453 4366 815 4422 Roboamus:
846 4366 1097 4423 Triduum
1122 4369 1251 4423 mihi
1284 4370 1566 4435 concedite,
1603 4387 1881 4443 meamque
1906 4388 2036 4426 can-

453 4457 634 4513 silium
657 4458 798 4513 vobis
825 4474 1087 4530 exponam
1120 4462 1185 4514 ιθ.
1218 4460 1298 4519 Ac
1321 4461 1601 4533 digressus
1630 4462 1703 4519 ab
1729 4463 1831 4529 eis,
1855 4462 2036 4533 primo

456 4566 572 4605 rem
605 4565 731 4607 cum
764 4559 896 4607 natu
912 4552 1215 4624 majoribus
1235 4554 1429 4611 amicis
1454 4555 1705 4625 paternis
1723 4555 2035 4610 communi-

454 4643 613 4700 cabat
637 4663 651 4699 :
675 4642 770 4715 qui
787 4644 1135 4703 deliniendos
1152 4646 1522 4705 Israelitarum
1553 4648 1772 4704 animos
1786 4648 2031 4715 aiebant,

454 4752 565 4807 quo
594 4737 745 4794 facto
774 4737 1034 4794 lubenter
1069 4739 1196 4795 illos
1220 4740 1324 4810 ipsi
1353 4740 1677 4799 servituros.
1707 4741 1846 4797 Hinc
1865 4742 2034 4798 etiam

452 4829 521 4884 ad
539 4830 985 4926 adolescentulos
1006 4832 1324 4926 retulit.illli
1345 4818 1794 4903 respondendum
1819 4835 2029 4901 dixere,
2059 4865 2110 4926 υ

452 4922 813 4993 gracilitatem
848 4922 1114 4981 Roboami
1139 4924 1457 4981 solidiorem
1486 4941 1621 4983 esse
1641 4927 1830 4982 lumbo
1854 4936 2035 4998 pater-

452 5024 545 5067 no.
590 5010 813 5068 Patrem
838 5010 1022 5084 ﬂagris
1055 5029 1153 5070 eos
1183 5014 1500 5086 castigasse,
1535 5032 1594 5072 se
1636 5018 2034 5089 castigaturum

449 5103 859 5173 scorpionibus.
893 5106 991 5162 His
1016 5122 1276 5167 assensus
1295 5109 1632 5174 Roboamus,
1662 5111 1720 5165 in
1745 5127 1868 5175 eam
1908 5127 2036 5176 seu-

450 5198 681 5252 tentiam
716 5198 982 5256 lsraelitis
1022 5202 1325 5273 respondit.
1378 5202 1463 5259 Illi
1491 5219 1627 5261 vero
1660 5204 1906 5260 vicissim
1952 5205 2037 5260 di-

448 5305 579 5344 xere
613 5308 626 5344 :
656 5289 738 5345 Tu
770 5292 991 5349 Davidis
1019 5295 1190 5363 patris
1211 5296 1290 5350 tui
1320 5295 1588 5351 familiam
1609 5295 2028 5353 administrato:

449 5392 507 5438 et
533 5383 796 5440 Israelita:
817 5386 1053 5457 quisque
1086 5404 1217 5445 suas
1243 5389 1312 5445 ad
1335 5390 1532 5446 domos
1561 5406 1626 5446 ac
1676 5390 2030 5448 tabernacula

449 5485 803 5533 revertuntor
832 5479 898 5532 "'.
953 5478 1167 5546 Quibus
1195 5483 1455 5552 prolatis,
1491 5484 1561 5539 ab
1592 5500 1660 5541 eo
1684 5485 2030 5543 diverterunt

447 5567 736 5637 universi,
784 5572 1001 5628 duabus
1052 5578 1301 5647 exceptis
1348 5576 1628 5644 tribubus,
1674 5578 2028 5651 Benjaminca

445 5662 662 5719 scilicet
707 5674 767 5720 et
814 5666 1038 5732 Judaaa,
1095 5684 1330 5738 quarum
1369 5681 1530 5727 erant
1563 5671 1621 5729 in
1653 5672 1863 5730 ditione
1914 5683 2025 5730 tam

448 5753 820 5830 Hierosolyma
866 5775 1031 5831 quam
1080 5761 1201 5819 loca
1246 5764 1585 5821 continentia
1622 5784 1635 5818 :
1673 5766 1862 5823 decem
1893 5784 2026 5824 vero

521 5937 564 5970 "
600 5939 761 5998 Deut.
791 5957 938 6010 xvm,
981 5944 1061 6010 l5,
1100 5945 1183 6000 18.

2152 2421 2474 2494 βασιλεῦσαι
2503 2423 2597 2477 τὸν
2620 2421 2791 2475 Σαοὺλ
2817 2420 2911 2492 ἔτη
2942 2427 3017 2492 μ’,
3042 2420 3376 2492 κατέστησεν
3408 2420 3525 2474 ἀντ’
3558 2418 3737 2472 αὐτοῦ

2147 2518 2177 2570 6
2206 2515 2340 2580 Θεὸς
2384 2514 2479 2569 τὸν
2518 2513 2684 2567 Δαϐὶδ
2730 2512 2958 2583 βασιλέα
2998 2512 3107 2566 τῶν
3146 2510 3522 2583 Ἰσραηλιτῶν,
3555 2509 3738 2580 ἄνδρα

2147 2609 2247 2680 τῆς
2272 2608 2448 2679 φυλῆς
2478 2607 2669 2663 Ἰούδα⁸
2700 2605 2795 2662 καὶ
2828 2605 3045 2677 ἔμεινεν
3069 2607 3103 2676 ἡ
3124 2604 3295 2674 γενεὰ
3315 2603 3410 2658 τοῦ
3432 2601 3603 2657 Δασὶδ
3632 2601 3739 2673 βα-

2149 2701 2472 2765 σιλεύουσα,
2507 2702 2639 2764 παῖς
2675 2700 2827 2774 παρὰ
2860 2698 3069 2769 πατρὸς
3098 2697 3459 2768 ἐκδεχόμενος
3489 2695 3589 2767 τὴν
3625 2695 3736 2765 ἀρ-

2147 2793 2269 2866 χὴν,
2305 2793 2465 2867 μέχρι
2496 2792 2771 2847 Σεδεκίου.
2815 2790 3204 2853 Ἀποθανόντος
3230 2788 3287 2842 δὲ
3329 2787 3425 2842 τοῦ
3463 2786 3736 2858 βασιλέως

2146 2887 2330 2950 Δαὸὶδ,
2360 2888 2388 2940 6
2431 2884 2684 2955 Σολομῶν
2726 2886 2755 2938 6
2803 2883 2919 2947 υἱὸς
2949 2880 3115 2936 αὐτοῦ
3154 2879 3373 2946 ἐδέξατο
3422 2880 3523 2950 τὴν
3571 2878 3737 2948 βασι-

2144 2979 2318 3035 λείαν.
2336 2972 2506 3042 Οὗτος
2529 2978 2630 3047 μὲν
2652 2973 2746 3032 οὖν
2768 2977 2949 3031 πάντα
2978 2977 3118 3046 μετὰ
3143 2972 3497 3043 δικαιοσύνης
3521 2969 3736 3042 ἔπρατ-

2143 3089 2255 3135 τεν,
2289 3068 2417 3125 ὅθεν.
2441 3071 2470 3124 6
2500 3069 2633 3133 Θεὸς
2657 3069 2859 3138 πολλὴν
2891 3068 3045 3138 αὐτῷ
3058 3067 3252 3135 σοφίαν
3278 3064 3374 3119 καὶ
3403 3062 3732 3118 δυναστείαν

2144 3164 2462 3234 ἐχαρίσατο.
2507 3163 2764 3234 Γηράσας
2816 3162 2908 3225 δὲ,
2965 3161 3379 3232 προσεκύνησεν
3445 3156 3727 3221 εἰδώλοις,

2144 3257 2469 3327 πειθόμενος
2500 3258 2619 3319 “cui;
2656 3255 2851 3317 ἑαυτοῦ
2887 3254 3156 3324 γυναιξίν.
3181 3254 3345 3309 Ὅθεν
3383 3250 3665 3323 ὀργισθεὶς
3698 3252 3732 3303 6

2143 3350 2295 3413 Θεὸς,
2351 3347 2505 3403 εἶπεν
2549 3349 2853 3420 Ἰεροόοὰμ,
2890 3349 2969 3419 τῷ
3010 3348 3186 3419 δούλῳ
3226 3346 3429 3413 αὐτοῦ,
3452 3347 3541 3409 ,ὅτι
3594 3344 3729 3400 Ἐὰν

2145 3445 2380 3514 ποιήσῃς
2421 3443 2481 3495 τὸ
2514 3442 2729 3513 θέλημά
2773 3460 2913 3515 μου,
2967 3444 3062 3497 ἐπὶ
3107 3442 3243 3496 δέκα
3286 3443 3583 3513 σκήπτρων
3625 3439 3729 3495 τοῦ

2142 3538 2403 3592 δεσπότου
2435 3553 2532 3590 σου
2563 3537 2894 3603 καταστήσω
2941 3554 3002 3590 σε
3035 3535 3293 3607 βασιλέα·
3328 3535 3398 3590 τὰ
3443 3536 3553 3606 γὰρ
3586 3533 3729 3589 ἄλλα

2140 3630 2234 3691 δύο
2266 3631 2432 3694 ἐάσω,
2471 3629 2562 3683 διὰ
2586 3630 2680 3684 τὸν
2716 3630 2902 3695 Δαϐὶδ,
2936 3630 3030 3684 τὸν
3065 3630 3283 3703 πατέρα
3311 3628 3501 3685 αὐτοϋ.
3525 3630 3728 3684 Ἔσται

2141 3721 2200 3775 δὲ
2232 3720 2405 3775 ταῦτα
2454 3723 2594 3793 μετὰ
2642 3723 2705 3776 τὸ
2745 3722 3041 3777 ἀποθανεῖν
3087 3722 3272 3777 αὐτόν.
3331 3721 3728 3785 Ἀποθανόντος

2140 3815 2199 3870 δὲ
2231 3815 2577 3885 Σολομῶντος
2603 3857 2618 3877 ,
2658 3814 2861 3886 ἤμελλε
2899 3816 2999 3885 τῆς
3033 3814 3314 3885 βασιλείας
3360 3814 3727 3886 κληρονομεῖν

2140 3910 2169 3962 6
2192 3908 2307 3973 υίὸς
2330 3906 2498 3962 αὐτοῦ
2541 3907 2795 3980 Ῥοϐοάμ.
2828 3908 2939 3962 Καὶ
2974 3906 3326 3978 συλλεγέντες
3363 3908 3413 3961 οί
3455 3904 3728 3977 Ἰσραηλί-

2118 4019 2252 4077 aut,
2282 3997 2436 4056 εἷπον
2469 4002 2606 4073 πρὸς
2626 4001 2790 4057 αὐτόν
2812 4019 2826 4033 ·
2871 4002 2944 4056 '0.
2962 4000 3162 4069 πατήρ
3187 4017 3308 4056 σου
3332 3999 3586 4069 ἐϐάρυνε
3614 4000 3729 4055 τὸν

2139 4095 2319 4165 ζυγὸν
2348 4095 2536 4166 ἡμῶν,
2568 4096 2707 4151 ἀλλ’
2726 4094 3075 4165 ἐιίάφρυνον
3094 4093 3176 4149 σὺ
3201 4094 3390 4151 αὐτὸν
3408 4094 3508 4164 ἀφ’
3528 4093 3723 4164 ἡμῶν,

2138 4185 2245 4241 καὶ
2271 4186 2690 4256 δουλεύσομέν
2715 4202 2835 4243 σοι.
2879 4186 2940 4240 '0
2979 4186 3037 4240 δὲ
3074 4186 3213 4258 πρὸς
3244 4186 3441 4249 αὐτοὺς
3484 4187 3726 4257 ἁπεκρί-

2139 4295 2300 4339 νατοο
2345 4277 2596 4333 Ἐνδοτέ
2627 4297 2731 4348 μοι
2773 4277 2930 4345 τρεῖς
2972 4277 3223 4348 ἡμέρας,
3259 4277 3361 4331 καί
3389 4276 3549 4342 λέξω
3578 4276 3728 4344 ὑμῖν

2138 4372 2254 4440 τὴν
2286 4371 2533 4440 βουλήν·
2573 4390 2713 4442 μου.
2754 4370 3033 4426 Ἀπελθὼν.
3060 4371 3140 4435 δὲ,
3184 4369 3398 4444 πρῶτον
3444 4371 3556 4433 τοῖς
3585 4386 3725 4439 πρε-

2139 4464 2422 4537 σϐυτέροις
2443 4465 2552 4519 τῶν
2583 4464 2855 4536 πατρῴων
2894 4462 3061 4518 αὐτοῦ
3088 4465 3259 4535 φίλων
3280 4461 3686 4521 ἀνεκοινώσατο
3706 4479 3723 4493 ·

2135 4558 2186 4615 οἱ
2219 4557 2277 4612 δὲ
2310 4557 2448 4629 πρὸς
2496 4558 2659 4612 αὐτὸν
2693 4554 2881 4610 εἶπονο
2927 4555 3279 4626 Θεράπευσον
3331 4554 3424 4608 τὸν
3478 4553 3723 4625 Ἰσραὴλ,

2136 4651 2233 4706 καὶ
2259 4650 2541 4705 δουλεύσει
2559 4668 2664 4706 σοι.
2708 4648 2957 4704 Ἀνέθετο
2977 4649 3035 4703 δὲ
3073 4648 3170 4702 καὶ
3201 4648 3533 4719 παιδαρίοις.
3566 4645 3631 4701 Oi
3659 4647 3723 4701 δὲ

2136 4739 2290 4801 εἷπον
2316 4744 2490 4816 αὐτῷ,
2520 4744 2604 4798 ὅτι
2631 4743 2766 4798 Είπὲ
2798 4743 2936 4813 πρὸς
2955 4742 3173 4808 αὐτοὺς,
3195 4742 3279 4796 ὅτι
3320 4741 3389 4796 Ἦν
3413 4742 3723 4813 σμικρότης

2141 4854 2265 4907 μου,
2303 4837 2647 4908 στερεωτέρα
2675 4837 2796 4890 ἐστὶ
2826 4837 2928 4907 τῆς
2969 4834 3174 4903 ὀσφύος
3210 4835 3304 4890 τοῦ
3347 4835 3557 4907 πατρός
3590 4853 3717 4907 μου.

2147 4931 2386 4993 Ἐκεῖνος
2425 4930 2572 5001 ὑμᾶς
2617 4929 2873 5000 μάστιξιν
2900 4928 3248 4992 ἐπαίδευσεν,
3283 4928 3395 4998 ἐγὼ
3431 4929 3723 5001 σκορπίοις

2134 5021 2434 5075 παιδεύσω.
2477 5020 2706 5084 Τούτοις
2767 5020 3016 5084 πεισθεὶς
3064 5020 3338 5091 Ῥοὸοὰμ,
3394 5018 3568 5073 ταῦτα
3606 5021 3721 5080 τοῖς

2146 5114 2511 5187 Ἰσραηλίταις
2539 5115 2900 5188 ἀπεκρίνατο.
2935 5118 2998 5167 (li
3024 5114 3081 5168 δὲ
3123 5113 3456 5187 Ἰσραηλῖται
3482 5112 3721 5181 ἀπεκρί-

2133 5224 2329 5265 ναντο*
2386 5210 2559 5263 Βόσκε
2601 5210 2695 5263 τὸν
2752 5206 2901 5263 οἶκόν
2944 5226 3040 5261 σου
3089 5207 3275 5274 Δαᾶὶδ,
3320 5210 3350 5261 ό
3392 5206 3451 5260 δὲ
3499 5206 3722 5279 Ἰσραὴλ

2138 5303 2369 5364 ἕκαστος
2403 5301 2763 5374 ἁποχωρείτω
2798 5304 2881 5366 είς
2915 5303 2985 5355 τὰ
3019 5302 3356 5373 σκηνώματα
3384 5299 3572 5355 αὐτοῦ.
3611 5301 3723 5352 Καὶ

2134 5396 2311 5451 ταῦτα
2340 5396 2609 5462 εἰπόντες,
2641 5394 3111 5468 ἀπεχωρίσθησαν
3135 5392 3300 5448 αὐτοῦ
3329 5394 3552 5457 πάντες,
3580 5391 3721 5464 πλὴν

2133 5489 2229 5544 δύο
2272 5488 2477 5559 φυλῶν,
2511 5490 2610 5558 τῆς
2638 5506 2697 5542 τε
2750 5488 3033 5559 Βενιαμὶν.
3082 5487 3180 5541 καὶ
3224 5487 3324 5558 τῆς
3373 5486 3468 5540 τοῦ
3522 5485 3717 5545 Ἰούδα.

2132 5575 2305 5638 Abeat
2337 5582 2438 5654 μὲν
2479 5583 2536 5636 ai
2572 5581 2666 5636 δύο
2691 5582 2758 5637 τὰ
2802 5581 3155 5654 Ἱεροσόλυμα
3174 5575 3342 5652 εἶχον,
3383 5580 3485 5635 καὶ.
3512 5580 3582 5635 τὰ
3615 5579 3721 5633 πέ-

2135 5676 2224 5747 ριξ
2261 5674 2455 5743 αὐτ-ἧς’
2483 5676 2541 5729 αί
2563 5675 2621 5731 δὲ
2646 5675 3125 5747 ἁποχωρισθεῖσαι,
3139 5674 3298 5742 δέκα,
3322 5674 3557 5745 τὰπερὶ
3575 5672 3720 5729 Ned-

2131 5767 2288 5821 πόλιν
2342 5763 2507 5839 εἶχον.
2571 5765 2896 5839 Ἐκαλοῦντο
2943 5766 3004 5823 δὲ
3052 5768 3111 5821 ai
3163 5767 3263 5838 μὲν
3316 5766 3449 5823 δέκα
3509 5766 3676 5838 φυλαὶ
3702 5807 3719 5830 ,

1288 5947 1599 6004 ίδΒιιιύοΙι.
1646 5964 1726 6015 ιιι,
1776 5948 1964 6007 56-58.

2143 5950 2185 6006 ll
2219 5948 2354 6022 Reg.
2380 5966 2474 6022 xu,
2511 5952 2565 6021 ό,
2597 5952 2651 6008 5.
2730 5952 2774 5985 “
2809 5951 2949 6009 ibid.
3030 5952 3072 5983 "
3104 5950 3241 6008 ibid.
3273 5952 3364 6009 16.
