4020 6518
264 444 406 511 19-309

1507 457 1608 516 DE
1644 456 1928 517 secus.
1956 483 2025 492 —
2050 459 2211 519 ACT.
2249 460 2333 519 Il.
2431 417 2438 424 ’

3403 450 3538 513 1210

278 563 635 634 Ἰσραηλῖται,
671 564 782 618 ἀπὸ
824 563 918 617 τοῦ
961 565 1352 631 πλεονάζοντος
1386 566 1760 639 λαμϐάνοντες
1791 569 1854 622 τὸ

1965 571 2138 628 tribus
2179 572 2287 628 illae
2335 588 2458 642 quae
2528 571 2899 627 secessionem
2945 570 3233 634 fecerant,
3299 569 3536 622 vicinam

264 655 458 724 ὖνομα·
499 657 556 708 αι
590 654 648 708 δὲ
685 654 798 721 δύο,
841 657 1111 712 Ἰουδαῖοι.
1139 659 1206 713 Δί
1238 655 1335 713 οὖν
1367 660 1503 714 δέκα
1535 662 1853 732 προστησὰο

271 766 433 819 μεναι
471 748 654 804 αὐτῶν
697 750 984 822 Ἶεροδοὰμ
1020 751 1114 806 τὸν
1141 752 1327 808 δοῦλον
1356 754 1451 808 τοῦ
1484 754 1855 824 Σολομῶντος,

271 838 514 909 συνεχῶς
541 840 848 911 ἐπολέμουν
875 840 1015 914 πρὸς
1051 840 1362 906 Ἰουδαίους·
1394 844 1586 915 ἐπειδὴ
1610 844 1666 897 δὲ
1693 845 1856 913 νόμος

267 927 340 1004 ἦν
371 931 590 1003 ἑκάστῳ
613 932 722 985 ἔτει
757 937 1084 1003 προσκυνεῖν
1109 935 1236 999 τοὺς
1272 935 1558 1006 Ἐϐραίους
1592 936 1650 988 ἐν
1699 933 1857 1003 Ἱερο-

272 1025 529 1096 σολύμοις
559 1029 627 1098 τῇ
664 1025 904 1096 κιϐωτῷ.
941 1027 1202 1099 φοϐηθεὶς
1229 1029 1258 1083 ὁ
1296 1027 1598 1100 Ἱεροὸοὰμ,
1643 1027 1718 1099 μὴ
1755 1028 1854 1081 αύ-

269 1118 639 1189 τομολήσωσι,
677 1118 914 1188 συνεχῶς
959 1119 1219 1185 ἀπιόντες
1265 1121 1419 1175 ἐκεῖ·
1477 1120 1707 1190 ἐποίησε
1762 1119 1857 1172 δύο

269 1211 534 1282 δαμάλεις
561 1214 770 1284 χρυσᾶς
790 1252 806 1276 ,
846 1214 940 1266 καὶ
969 1209 1124 1267 εἶπεν
1153 1215 1363 1279 αὐτοῖς,
1399 1214 1484 1267 ὅτι
1519 1207 1680 1267 Οὗτοί
1716 1214 1856 1266 εἰσιν

272 1305 322 1358 oi
353 1305 488 1369 θεοὶ,
531 1306 582 1359 οἱ
613 1305 980 1374 ἐξαγαγόντες
1022 1306 1170 1374 ὑμᾶς
1208 1305 1268 1373 ἐξ
1307 1305 1607 1374 Αἰγύπτου·
1641 1303 1858 1366 τούτοις

274 1400 658 1468 προσκυνεῖτε.
711 1398 823 1452 Kal
867 1399 918 1451 οἱ
962 1399 1294 1468 Ἰσραηλῖται
1337 1395 1458 1463 οὖν,
1495 1397 1592 1452 καὶ
1633 1398 1682 1450 οί
1727 1397 1861 1450 Ἰου-

269 1487 430 1554 δαῖοι,
466 1486 576 1542 ἀπὸ
608 1487 704 1542 τοῦ
756 1487 1044 1559 Ἰεροὸοὰμ
1085 1488 1514 1560 είδωλολάτρουν
1537 1529 1554 1553 ,
1598 1487 1691 1542 ἐπὶ
1729 1488 1859 1540 πολ-

269 1579 396 1643 λοὺς
421 1578 700 1650 βασιλέας·
747 1579 853 1645 ἕως
897 1572 957 1633 οὗ
987 1583 1016 1633 ὁ
1051 1579 1185 1640 Θεὸς
1217 1580 1495 1652 ὀργισθεὶς
1532 1581 1741 1652 ἢγαγεν
1773 1581 1859 1632 ἐπ’

272 1673 468 1737 αὐτοὺς
496 1672 590 1726 τὸν
617 1672 841 1742 βασιλέα
870 1673 980 1726 τῶν
1018 1674 1323 1746 Ἀσσυρίων
1342 1674 1437 1727 τὸν
1466 1671 1855 1744 Σαλμανασάρ·

271 1766 366 1820 καλ⁵
395 1765 746 1837 ᾑχμαλὼτισε
768 1767 866 1828 τὰς
896 1766 1027 1820 δέκα
1064 1768 1240 1838 φυλὰς
1270 1768 1378 1820 τῶν
1422 1765 1855 1838 Ἰσραηλιτικῶν·

267 1859 398 1920 τοὺς
427 1859 539 1930 γὰρ
568 1859 856 1940 Ἰουδαίους
890 1860 1012 1913 οὐδὲ
1036 1861 1400 1932 ἐπολέμησεν.
1433 1858 1859 1930 Λίχμαλωτίσας

268 1955 326 2008 δὲ
347 1956 474 2020 τοὺς
507 1953 870 2026 Ἰσραηλίτας,
906 1954 1022 2007 ἀντ’
1053 1953 1234 2009 αὐτῶν
1272 1953 1465 2017 ἄλλους
1507 1953 1687 2006 ἐκεῖσε
1712 1969 1861 2005 κατ-
1891 1946 1931 1999 Β

274 2047 494 2118 ἑστησε,
529 2047 666 2119 πρὸς
699 2047 948 2119 φυλακὴν
985 2047 1087 2115 τῆς
1123 2046 1306 2118 χώρας
1327 2089 1342 2113 ,
1377 2047 1574 2110 οἵτινες
1624 2045 1862 2116 ἐκλήθη-

275 2154 377 2190 σαν
403 2138 768 2208 Σαμαρεῖται·
793 2136 984 2208 ἐπειδὴ
1010 2136 1362 2208 Σαμαρείτης
1388 2136 1610 2206 λέγεται
1630 2137 1659 2188 ὁ
1685 2133 1862 2205 φύλαξ

276 2229 410 2298 παρ’
453 2229 750 2301 Ἑϐραίοις.
795 2230 1030 2294 Τούτους
1083 2229 1142 2283 δὲ
1197 2230 1320 2283 ἀντὶ
1357 2229 1466 2283 τῶν
1514 2227 1864 2300 Ἰσραηλιτῶν

277 2323 584 2389 οἰκοῦντας,
613 2325 829 2388 λέοντες
853 2324 1179 2378 ἀπέκτεινον
1201 2321 1442 2385 πυκνῶς·
1473 2321 1578 2385 ἕως
1599 2314 1661 2374 οὗ
1693 2319 1866 2387 ἐπεμ-

268 2422 400 2490 ψαν,
431 2421 687 2490 λέγοντες
726 2421 803 2494 τῷ
841 2421 1054 2491 βασιλεῖ
1079 2422 1189 2474 τῶν
1225 2419 1558 2490 Ἀσσυρίων,
1591 2420 1673 2471 ὅτι
1705 2416 1868 2470 Λέον-

270 2532 364 2580 τες
397 2517 547 2585 ἡμᾶς
587 2515 935 2578 ἁπόλλουσιν,
984 2514 1174 2585 ἐπειδὴ
1223 2513 1324 2567 οὐκ
1356 2513 1520 2583 ῐσμεν
1567 2510 1862 2582 λατρεῦσαι

271 2607 350 2678 τῷ
392 2608 514 2679 Θεῷ
561 2610 662 2678 τῆς
709 2607 816 2677 γῆς
859 2605 1084 2677 ταύτης.
1121 2607 1307 2662 Ταῦτα
1349 2606 1596 2668 ἀκούσας
1637 2607 1666 2657 ὁ
1712 2603 1860 2673 βασι-

271 2699 421 2764 λεὺς,
449 2699 696 2771 ἔπεμψεν
723 2701 908 2763 αὐτοῖς
944 2701 1043 2754 ἕνα
1070 2699 1176 2752 τῶν
1210 2697 1760 2770 αἰχμαλωτισθέντων
1792 2695 1868 2746 ἱε-

274 2792 438 2862 ρέων,
473 2793 570 2845 ἐπὶ
605 2794 668 2846 τὸ
699 2792 911 2860 διδάξαι
939 2793 1183 2858 ξαύτοὺς,
1237 2792 1356 2855 πῶς
1407 2792 1488 2846 δεῖ
1539 2791 1866 2861 προσκυνεῖν

271 2884 352 2955 τῷ
383 2884 503 2955 Θεῷ
541 2886 642 2956 τῆς
671 2887 776 2955 γῆς
825 2886 1068 2955 ἐκείνης.
1119 2885 1181 2938 '0
1223 2885 1282 2941 δὲ
1327 2883 1520 2943 ἐλθὼν,
1559 2882 1712 2936 οὐδὲν
1740 2881 1868 2935 ἄλλο

273 2977 511 3044 ἐδίδαξεν
545 2979 766 3042 αὐτοὺς,
814 2977 891 3042 ὦς
928 2995 1092 3047 φασιν
1139 2979 1188 3031 οἱ
1239 2977 1441 3041 ἔξωθεν
1495 2972 1865 3044 ἱστοροῦντες,

275 3072 325 3124 εί
362 3073 439 3144 μὴ
475 3072 636 3143 μόνον
669 3072 769 3142 τὴν
797 3071 1194 3141 Πεντὰτευχον,
1231 3071 1353 3124 ὅθεν
1377 3071 1472 3126 καὶ
1503 3071 1667 3141 μόνην
1696 3068 1867 3140 αὐτὴν

271 3164 520 3234 δέχονται
571 3165 621 3218 οί
670 3165 1029 3234 Σαμαρεῖται.
1081 3163 1293 3234 Μέχρις
1340 3162 1434 3217 οῦν
1483 3162 1593 3216 τῶν
1632 3160 1866 3216 ἐνταῦθα

273 3256 426 3326 λέγει
455 3259 487 3327 ἠ
515 3257 729 3328 Γραφή.

344 3440 459 3498 Καὶ
487 3438 594 3493 ἀπὸ
625 3438 834 3493 τούτων
864 3439 1085 3508 λέγουσι
1127 3439 1459 3508 γεγενῆσθαι
1493 3439 1625 3502 τοὺς
1671 3439 1863 3508 Σαμα-

276 3532 482 3604 ρείτας·
510 3531 544 3598 ἠ
584 3529 641 3583 δὲ
688 3530 904 3601 αἵρεσις
932 3530 1112 3584 αὐτῶν
1152 3528 1381 3599 τοιαύτη
1415 3528 1554 3582 ἐστί.
1596 3528 1731 3599 Περὶ
1766 3528 1866 3599 μὲν

272 3626 374 3696 τὴν
416 3623 720 3694 θεολογίαν,
767 3623 838 3678 τὰ
884 3623 1029 3680 αὐτὰ.
1077 3622 1368 3690 δοξάζουσι
1411 3625 1522 3685 τοῖς
1566 3623 1860 3693 Ἑϐραίοις·

281 3717 414 3787 μίαν
438 3715 550 3787 γὰρ
577 3715 904 3779 ὑπόστασιν,
927 3717 1021 3770 καὶ
1047 3715 1176 3785 μίαν
1204 3713 1367 3785 φύσιν
1391 3714 1697 3780 δοξάζουσι.
1727 3715 1866 3784 Περὶ

273 3810 331 3863 δὲ
360 3809 458 3881 τὴν
481 3808 900 3881 ὲνανθρὼπησιν
923 3809 1018 3864 τοῦ
1045 3809 1307 3880 Χριστοῦ,
1328 3807 1506 3884 οὕτως
1532 3808 1768 3879 ἔχουσιν.
1788 3810 1863 3862 Οὐ

276 3901 648 3966 πιστεύουσιν,
679 3903 761 3957 ὅτι
791 3899 982 3974 ἦλθεν,
1010 3902 1127 3956 ἀλλ’
1164 3902 1248 3956 ὅτι
1299 3902 1482 3972 μέλλει
1517 3901 1716 3963 ἐλθεῖν,
1742 3901 1866 3955 οὐδὲ

273 3995 356 4049 ὅτι
396 3994 563 4058 Θεὸς,
614 3995 643 4047 ὁ
680 3995 1011 4066 ἐρχόμενος,
1068 3995 1207 4050 ἀλλὰ
1247 3998 1561 4066 προφήτης.
1619 3992 1758 4048 Οὔτε
1808 3993 1866 4047 δὲ

274 4086 505 4157 ἄγγελον
549 4086 866 4153 δοξάζουσιν
913 4083 1078 4152 εἶναι,
1132 4087 1256 4143 οὔτε
1318 4087 1497 4160 ψυχὴν
1558 4088 1824 4142 ἀθάνατον
1847 4127 1863 4152 ,

275 4178 401 4232 οὔτε
457 4177 782 4234 ἀνάστασιν.
869 4180 946 4234 Οὐ
1011 4180 1510 4250 συγκατατίθενται
1585 4181 1696 4252 γὰρ
1749 4182 1866 4244 τοῖς

287 4273 588 4347 Ἑϐραίοις,
638 4273 722 4327 ὄτι
785 4273 1021 4345 Χριστὸς
1058 4275 1244 4346 μέλλει
1299 4277 1484 4346 κρῖναι
1524 4274 1736 4339 ζῶντας
1772 4274 1866 4328 καὶ

275 4365 526 4436 νεκρούς.
555 4364 668 4420 Καὶ
700 4366 784 4419 ὄτι
812 4367 915 4437 μέν
955 4367 1096 4421 εἰσιν
1127 4367 1374 4437 ἄγγελοι,
1409 4366 1726 4437 ἐλέγχονται
1757 4366 1867 4421 ἀπὸ

274 4461 377 4529 τῆς
403 4460 806 4531 Πεντατεύχου·
831 4462 952 4515 ἐκεῖ
979 4462 1089 4532 γάρ
1119 4478 1314 4532 φησιν·
1360 4460 1518 4515 Ἰδοὺ
1545 4463 1578 4515 ό
1607 4461 1866 4530 ἄγγελός

273 4571 392 4624 μου
443 4555 876 4621 προπορεύεται
903 4556 1018 4621 πρὸ
1070 4554 1399 4622 προσώπου
1425 4569 1565 4608 σου.
1613 4555 1745 4620 Kal,
1781 4555 1864 4608 ὅτι

1958 665 2185 735 Neapoli
2219 665 2499 736 regionem
2529 667 2892 736 occupabant.
2921 666 2987 720 Et
3019 665 3437 735 appellabantur
3457 664 3541 719 ha:

1957 758 2148 813 decem
2211 759 2426 824 tribus,
2475 759 2769 822 lsraelitm,
2805 774 3006 814 nomen
3065 773 3096 812 a
3153 757 3344 826 majori
3386 765 3540 827 parte

1957 851 2244 906 consecuti
2272 869 2285 905 :
2319 851 2548 921 reliqua:
2573 867 2707 906 vero
2733 851 2876 915 dum,
2909 850 3109 906 Judaei.
3140 850 3346 904 Tribus
3372 850 3542 920 igitur

1957 944 2147 999 decem
2181 945 2531 1009 Jeroboamo,
2563 944 2874 1000 Solomonis
2901 960 3084 1007 servo,
3121 943 3225 998 sibi
3258 943 3540 1012 praal'ecto,

1957 1037 2222 1092 continua
2257 1053 2381 1093 cum
2421 1038 2628 1093 Judaeis
2685 1037 2828 1092 bella
2861 1035 3130 1107 gerebant
3163 1052 3176 1089 :
3214 1042 3271 1089 et
3295 1035 3423 1105 quia
3454 1036 3542 1090 lex

1957 1140 2112 1194 erat,
2172 1140 2232 1186 ut
2291 1132 2504 1185 Hebrmi
2559 1130 2858 1200 quotannis
2912 1145 3098 1185 arcam
3145 1128 3544 1198 Hierosolymis

1958 1224 2278 1287 adorarent,
2308 1225 2520 1280 veritus
2545 1224 2910 1279 Jeroboamus
2932 1264 2946 1288 ,
2994 1238 3064 1277 ne
3117 1222 3439 1292 frequenter
3478 1237 3544 1276 eo

1959 1328 2351 1382 commeantes,
2391 1317 2756 1388 transfugium
2778 1316 3026 1371 facerent
3058 1333 3072 1369 :
3106 1315 3244 1370 duas
3278 1316 3543 1386 iuvencas

1957 1427 2156 1466 aureas
2186 1411 2334 1475 fecit,
2370 1411 2597 1481 suisque
2621 1411 2780 1474 dixit,
2812 1411 2914 1466 hos
2953 1411 3076 1465 illos
3107 1425 3230 1465 esse
3257 1409 3412 1474 deos,
3449 1408 3543 1478 qui

1958 1520 2026 1558 ex
2067 1504 2301 1576 [Egypto
2345 1505 2624 1560 Israelitas
2668 1504 2995 1560 eduxissent
3029 1523 3041 1558 :
3083 1519 3180 1558 eos
3227 1503 3541 1558 adorarent.

1959 1599 2078 1667 Quo
2109 1601 2314 1655 factum
2345 1609 2450 1665 est,
2482 1609 2545 1654 ut
2588 1599 2798 1670 pariter
2823 1607 2880 1653 et
2916 1598 3178 1652 Israelita
3198 1639 3212 1662 ,
3263 1605 3317 1651 et
3343 1596 3542 1657 Judaei,

1959 1694 2029 1749 ab
2054 1693 2369 1748 Jeroboami
2420 1691 2760 1762 temporibus
2787 1691 3081 1746 simulacra
3111 1689 3214 1743 sub
3241 1689 3543 1742 multorum

1961 1802 2153 1857 regum
2196 1785 2428 1856 imperio
2454 1785 2736 1849 colerent,
2785 1783 2964 1838 donec
3001 1784 3178 1836 iratus
3224 1782 3390 1843 Deus,
3421 1779 3543 1834 Sal-

1964 1892 2314 1931 manasarum
2344 1875 2694 1947 Assyriorum
2729 1889 2912 1944 regem
2941 1873 2995 1926 in
3023 1888 3123 1927 eos
3155 1872 3332 1926 duxit.
3367 1872 3418 1926 ls
3451 1871 3546 1924 de-

1963 1986 2082 2024 cem
2140 1969 2511 2024 lsraelitarum
2564 1967 2746 2022 tribus
2793 1967 2849 2021 in
2905 1967 3228 2021 servitutem
3279 1963 3541 2034 redegit:

1963 2061 2168 2117 Iudaeis
2194 2075 2263 2115 ne
2289 2061 2496 2116 bellum
2525 2060 2751 2130 quidem
2792 2059 2998 2114 intulit.
3027 2059 3276 2127 Cumque
3300 2057 3547 2126 captivos

1965 2155 2238 2209 lsraelitas
2263 2153 2603 2218 abduxisset,
2633 2153 2771 2208 alios
2803 2152 3009 2208 ibidem
3053 2167 3245 2206 eorum
3283 2151 3423 2214 loco,
3453 2163 3544 2202 re-

1965 2247 2144 2319 gionis
2183 2245 2558 2302 custodiendae
2594 2261 2780 2309 causa,
2811 2243 3137 2308 constituit;
3170 2242 3264 2312 qui
3301 2241 3547 2296 Samari-

1969 2340 2080 2394 tani
2107 2347 2238 2394 sunt
2269 2339 2473 2403 vocati,
2505 2339 2709 2408 quippe
2743 2337 3036 2397 Samarita,
3087 2343 3276 2389 custos
3301 2333 3549 2388 llebrteis

1967 2432 2190 2487 dicitur.
2227 2433 2334 2486 Eos
2371 2440 2559 2486 autem
2593 2431 2900 2485 incolentes
2938 2428 3305 2484 lsraclitarum
3348 2435 3545 2488 terras,

1968 2539 2348 2596 saepenumero
2367 2523 2559 2578 leones
2585 2521 3028 2585 interficiebant;
3057 2519 3234 2574 donec
3256 2518 3438 2573 missis
3465 2517 3547 2570 le-

1967 2619 2108 2689 gatis
2131 2659 2145 2682 ,
2191 2616 2540 2688 Assyriorum
2575 2614 2687 2685 regi
2720 2612 3096 2684 signiﬁcarent
3121 2652 3136 2672 ,
3197 2611 3267 2664 ab
3297 2608 3552 2664 leonibus

1968 2711 2034 2765 ad
2059 2710 2493 2764 internecionem
2540 2724 2598 2764 se
2643 2707 2838 2771 deleri,
2868 2715 3162 2776 propterea
3191 2703 3340 2773 quod
3380 2702 3550 2756 ritum

1969 2805 2186 2860 colendi
2209 2807 2379 2858 Deum
2401 2803 2548 2857 illius
2571 2801 2811 2872 regionis
2841 2801 3180 2872 ignorarent.
3214 2798 3428 2864 Quibus
3453 2813 3550 2850 rex

1968 2897 2194 2959 auditis,
2224 2910 2392 2949 unum
2419 2910 2485 2948 ex
2512 2893 2770 2947 abductis
2799 2893 2853 2946 in
2885 2890 3261 2960 captivitatem
3292 2886 3550 2942 sacerdo-

1973 2990 2120 3044 tibus
2152 2989 2218 3042 ad
2245 3004 2341 3043 eos
2365 2987 2534 3050 misit,
2563 2987 2657 3056 qui
2693 2985 2946 3048 doceret,
2979 2998 3090 3054 quo
3123 2989 3284 3051 pacto
3310 2978 3553 3049 regionis

1971 3080 2119 3135 illius
2157 3081 2303 3135 Deus
2357 3087 2505 3134 esset
2558 3078 2896 3133 adorandus.
2953 3077 3004 3132 Is
3063 3075 3155 3130 ubi
3214 3073 3553 3135 advenisset,

1969 3174 2112 3228 nihil
2138 3173 2286 3228 aliud
2315 3187 2412 3228 eos
2441 3171 2652 3237 docuit,
2685 3179 2744 3225 ut
2768 3170 3014 3226 extranei
3049 3169 3350 3237 scriptores
3374 3165 3550 3224 aiunt,

1895 3290 1938 3348 ο
1972 3268 2076 3321 nisi
2106 3265 2548 3321 Pentateuchum
2583 3282 2596 3318 :
2629 3265 2990 3335 quamobrem
3045 3262 3190 3315 illam
3245 3261 3416 3315 solam
3449 3257 3549 3312 Sa-

1971 3358 2226 3413 maritani
2254 3357 2552 3428 recipiunt.
2582 3356 2859 3411 Hactenus
2882 3353 3174 3423 Scriptura
3201 3367 3380 3405 sacra.

2036 3452 2174 3506 Vlll.
2200 3450 2502 3506 Perhibent
2529 3458 2735 3513 autem,
2759 3449 2828 3503 ab
2853 3449 2942 3502 his
2962 3457 3117 3502 ortos
3140 3444 3547 3499 Samaritanos:

1966 3557 2203 3611 quorum
2237 3549 2322 3596 est
2375 3539 2695 3611 bujusmodi
2728 3548 2909 3594 secta:
2944 3537 3003 3592 In
3054 3536 3305 3592 doctrina
3341 3534 3408 3588 de
3438 3535 3553 3588 Deo

1967 3649 2090 3687 enim
2140 3633 2387 3688 Hebraeis
2443 3633 2639 3688 eadem
2669 3638 2924 3686 statuunt
2953 3647 2966 3683 :
3003 3643 3172 3682 unam
3207 3625 3552 3697 hypostasin,

1965 3736 2024 3783 et
2065 3740 2228 3780 unam
2274 3739 2401 3780 esse
2435 3731 2691 3778 naturam
2721 3722 3024 3777 tradentes.
3085 3718 3241 3784 Quod
3273 3717 3339 3771 ad
3372 3717 3554 3770 incar-

1966 3821 2248 3875 nationem
2311 3817 2522 3873 Christi
2577 3818 2822 3878 attinet,
2878 3816 2986 3869 hoc
3039 3813 3205 3868 modo
3259 3810 3554 3865 sentiunt:

1965 3913 2244 3969 Christum
2288 3910 2512 3966 venisse
2539 3924 2652 3963 non
2685 3908 2956 3970 credunt,
3010 3913 3306 3961 venturum
3361 3899 3554 3956 existi-

1965 4013 2151 4060 mant:
2179 4020 2285 4060 nec
2309 4004 2483 4059 Deum
2507 4017 2629 4060 esse
2661 4002 2757 4072 qui
2783 4000 3006 4064 veniat,
3039 3998 3135 4053 sed
3165 4007 3369 4052 vatem.
3411 3995 3554 4050 Prte-

1967 4107 2118 4153 terea
2169 4111 2277 4152 nec
2327 4095 2582 4166 angelum
2640 4094 2942 4164 opinantur
2973 4106 3096 4146 esse
3120 4131 3135 4153 ,
3171 4105 3277 4143 nec
3315 4087 3556 4141 animam

1966 4189 2358 4251 immortalem,
2402 4203 2507 4243 nec
2546 4186 3036 4242 resurrectionem.
3092 4184 3212 4238 Non
3251 4182 3400 4237 enim
3444 4180 3552 4235 He-

1965 4283 2128 4339 braeis
2188 4280 2606 4343 assentiuntur,
2651 4277 3014 4334 credentibus
3057 4277 3341 4332 Christum
3401 4275 3562 4329 vivos

1965 4387 2132 4447 atque
2156 4384 2405 4430 mortuos
2433 4373 2834 4445 judicaturum.
2858 4372 3132 4427 Caeterum
3156 4369 3384 4439 angelos
3411 4383 3559 4432 esse,

1966 4467 2035 4522 de
2068 4465 2446 4521 Pentateucho
2489 4463 2902 4519 convincuntur
2928 4505 2942 4528 ,
2998 4478 3067 4517 ex
3127 4460 3284 4514 hisee
3325 4459 3514 4514 verbis
3542 4479 3560 4511 :-

1967 4560 2100 4614 Ecce
2132 4558 2354 4630 angelus
2381 4575 2526 4612 meus
2559 4565 2685 4611 ante
2715 4555 2898 4625 faciem
2921 4565 3070 4608 tuam
3101 4554 3262 4623 prwit
3289 4551 3352 4604 ’⁸.
3384 4551 3517 4604 ltcnt
3543 4568 3553 4602 :

283 4651 576 4718 Ἀγγελος
619 4650 842 4717 Κυρίου
884 4649 1145 4703 ἐκάλεσε
1198 4649 1316 4717 τὴν
1367 4651 1575 4721 Ἅγαρ.
1611 4652 1754 4715 Kal,
1784 4652 1865 4704 ὅτι

1971 4651 2204 4723 Angelus
2239 4651 2449 4704 Domini
2477 4648 2812 4720 compellavit
2841 4647 3072 4716 Agarem
3112 4647 3174 4697 ‘9.
3218 4645 3353 4698 Item
3396 4660 3410 4696 :
3448 4641 3558 4696 Λη-

291 4741 622 4797 Ἐκάλεσεν
652 4742 908 4812 ἅγγελος
937 4742 1161 4809 Κυρίου
1183 4742 1290 4795 τὸν
1334 4741 1610 4811 Ἀϐραάμ.
1647 4743 1754 4795 Kal
1787 4742 1871 4796 ὅτι

275 4835 583 4904 Εὶσῆλθον
607 4839 661 4890 ol
691 4834 936 4904 ἄγγελοι
970 4835 1056 4900 είς
1088 4834 1344 4903 Σόδομα,
1375 4835 1472 4887 καὶ
1500 4834 1665 4905 ἕτερα
1687 4833 1872 4887 τοιαῦ-

279 4947 367 4982 τα.
403 4928 512 4982 Kal
541 4929 681 4997 ὅτιή
715 4927 863 4998 ψυχὴ
906 4927 1076 4997 θνητὴ
1122 4928 1260 4987 ἐστι,
1294 4926 1449 4995 φασὶ,
1483 4927 1578 4980 καὶ
1607 4927 1707 4980 ούκ
1733 4927 1872 4980 ἀθά-

281 5037 475 5085 νατος,
510 5021 847 5090 μαρτυρεῖὸ
902 5018 1184 5088 Μωῦσῆς,
1233 5017 1424 5083 εἰπὼν,
1480 5020 1572 5089 Μὴ
1629 5018 1872 5086 φάγεσθε

281 5107 445 5182 αἷμα,
481 5112 598 5166 ἀλλ’
632 5115 843 5184 ἐκχεῖτε
874 5113 1010 5165 αὐτὸ
1044 5113 1186 5167 κατὰ
1215 5113 1314 5182 τῆς
1357 5112 1485 5183 γῆς.
1528 5112 1738 5176 Παντὸς
1761 5112 1872 5183 γὰρ

283 5206 423 5270 ζὼου
460 5206 521 5259 τὸ
554 5203 716 5276 αἷμα,
805 5206 952 5278 ψυχὴ
992 5205 1181 5261 αὐτοῦ.
1225 5206 1422 5275 Ἡμεῖς
1456 5206 1513 5259 δὲ
1545 5207 1682 5276 πρὸς
1709 5204 1873 5260 τοῦτο

282 5297 536 5369 λέγομεν,
573 5299 656 5352 ὅτι
701 5297 918 5368 πρῶτον
962 5299 1062 5368 μὲν
1090 5298 1190 5351 ούκ
1222 5296 1342 5349 ἔστι
1381 5297 1443 5350 τὸ
1493 5291 1632 5366 αἷμα
1662 5296 1872 5368 ἡψυχὴ

283 5391 393 5443 τῶν
420 5389 596 5454 ζώων,
637 5388 754 5441 ἀλλ’
786 5390 973 5459 ἐπειδὴ
1019 5389 1112 5442 τοῦ
1161 5389 1392 5459 αἵματος
1422 5389 1748 5459 ἐκχεομένου
1780 5391 1875 5442 καὶ

285 5484 318 5552 ἡ
357 5480 507 5554 ψυχὴ
561 5481 891 5536 απόλλυται·
949 5483 1012 5534 ἐκ
1049 5482 1248 5535 τούτου
1305 5482 1435 5552 περὶ
1489 5483 1584 5536 τοῦ
1635 5483 1868 5554 αἵματος

285 5572 499 5641 κτηνῶν
535 5567 603 5643 ἦν
635 5571 784 5643 αύτῷ
806 5575 834 5626 ὁ
864 5572 1044 5640 λόγος,
1074 5574 1112 5626 ἃ
1145 5575 1239 5628 καὶ
1272 5575 1434 5646 ἡμεῖς
1471 5575 1643 5645 θνητὰ
1668 5574 1866 5646 ὁμολο-

286 5663 492 5735 γοῦμεν
526 5661 686 5720 εἶναι·
717 5667 779 5719 οὐ
817 5667 944 5737 περὶ
962 5666 1286 5737 ἀνθρώπων.
1324 5668 1434 5720 Kal
1479 5669 1586 5723 ἀπὸ
1629 5670 1870 5740 ἱστορίας

290 5841 404 5968 u‘“
439 5844 611 5899 Exod.
649 5860 796 5900 xxm.
831 5843 918 5899 20.
1001 5845 1040 5878 ¹⁹
1074 5844 1214 5903 Gen.
1246 5864 1366 5913 XXI:
1408 5848 1488 5903 Π-

1593 5848 1636 5882 ²⁰
1677 5852 1815 5906 Gen.
1851 5866 1978 5910 xxn.
2017 5849 2097 5905 ll.

1973 4748 2121 4821 gelus
2147 4747 2362 4801 Domini
2392 4743 2733 4812 compellavit
2755 4739 3118 4795 Abrahamum
3143 4738 3210 4789 '°.
3260 4736 3395 4789 Item
3427 4751 3440 4786 :
3468 4733 3560 4787 ln-

1971 4843 2137 4914 gressi
2184 4848 2310 4894 sunt
2356 4836 2533 4908 angeli
2573 4835 2922 4892 Sodomorum
2951 4832 3201 4902 oppidum
3230 4830 3300 4882 “.
3327 4828 3565 4896 Aliaque

1974 4934 2124 4988 talia.
2148 4931 2430 4986 Mortalem
2450 4945 2583 4982 vero
2599 4927 2837 4982 animam
2855 4940 3000 4985 esse,
3021 4939 3132 4976 non
3155 4920 3520 4975 immortalem
3543 4962 3560 4983 ,

1975 5033 2232 5087 testatur,
2283 5022 2546 5092 inquiunt
2584 5018 2711 5090 ipsi,
2743 5017 2930 5072 verbis
2973 5016 3124 5070 hisce
3156 5015 3336 5070 Moses
3367 5030 3380 5065 :
3422 5013 3560 5066 Sani-

1971 5117 2192 5187 guinem
2224 5132 2294 5170 ne
2329 5113 2713 5175 comederitis,
2746 5110 2841 5165 sed
2885 5125 3012 5164 eum
3059 5107 3114 5161 in
3150 5117 3352 5162 terram
3381 5104 3562 5160 ellum

1973 5210 2109 5265 dite.
2162 5210 2298 5264 Nam
2338 5206 2593 5278 cujusvis
2621 5203 2880 5260 animalis
2932 5200 3195 5271 sanguis,
3254 5197 3428 5268 ipsius
3476 5205 3562 5251 est

1972 5303 2154 5359 anima
2184 5302 2250 5355 δ’.
2303 5299 2412 5355 Sed
2449 5314 2554 5354 nos
2591 5298 2658 5351 ad
2707 5297 2813 5350 hoc
2845 5293 3269 5364 respondemus,
3303 5289 3559 5363 primum

1973 5409 2081 5451 nou
2109 5408 2229 5448 esse
2257 5392 2585 5464 sanguinem
2609 5387 2932 5442 animalium
2957 5386 3197 5440 animam
3221 5400 3236 5441 :
3281 5381 3376 5437 sed
3419 5396 3560 5450 quo-

1972 5487 2122 5540 niam
2143 5484 2320 5539 cll‘uso
2337 5483 2628 5556 sanguine,
2658 5481 2840 5536 anima
2857 5495 3080 5550 quoque
3098 5477 3313 5542 interit,
3350 5473 3562 5529 idcirco

1976 5577 2044 5632 de
2091 5575 2356 5647 sanguine
2404 5576 2785 5645 jnmcntorum
2835 5573 2917 5628 sic
2970 5571 3256 5641 loquitur,
3292 5583 3415 5637 qua:
3462 5582 3563 5620 nos

1979 5686 2200 5742 quoque
2224 5670 2389 5725 morti
2415 5669 2656 5724 obnoxia
2684 5669 2922 5724 fatemur
2945 5681 3066 5722 esse
3091 5684 3106 5733 ;
3147 5680 3258 5719 non
3292 5663 3360 5718 de
3386 5661 3562 5716 homi-

2198 5850 2238 5879 “
2281 5849 2417 5905 Gen.
2447 5866 2552 5914 nx,
2601 5851 2642 5904 Ι.
2749 5852 2792 5881 θ’
2847 5847 3022 5903 chit.
3058 5843 3268 5910 111,17;
3304 5855 3431 5906 ml,
3474 5838 3561 5904 l3,
