  <div class='ocr_page' id='page_1' title='image "/cluster/home/n/w/nwhite01/storage/ocr_20150623/86:1/hvd.32044019208909/613.png"; bbox 0 0 4020 6540; ppageno 0'>
   <div class='ocr_carea' id='block_1_1' title="bbox 477 459 3778 540">
    <p class='ocr_par' dir='ltr' id='par_1_1' title="bbox 477 459 3778 540">
     <span class='ocr_line' id='line_1_1' title="bbox 477 459 3778 540; baseline -0.012 -1"><span class='ocrx_word' id='word_1_1' title='bbox 477 472 604 540; x_wconf 66' lang='lat'><strong>1211</strong></span> <span class='ocrx_word' id='word_1_2' title='bbox 1732 461 2045 522; x_wconf 81' lang='lat' dir='ltr'><strong>LEONTII</strong></span> <span class='ocrx_word' id='word_1_3' title='bbox 2086 459 2498 521; x_wconf 76' lang='lat' dir='ltr'><strong>BYZANTINI</strong></span> <span class='ocrx_word' id='word_1_4' title='bbox 3614 460 3708 526; x_wconf 57' lang='lat'><strong>12;</strong></span> <span class='ocrx_word' id='word_1_5' title='bbox 3726 464 3778 525; x_wconf 64' lang='lat'><strong>.3</strong></span> 
     </span>
    </p>
   </div>
   <div class='ocr_carea' id='block_1_2' title="bbox 475 567 2054 650">
    <p class='ocr_par' dir='ltr' id='par_1_2' title="bbox 475 569 2054 650">
     <span class='ocr_line' id='line_1_2' title="bbox 475 569 2054 650; baseline -0.011 -9"><span class='ocrx_word' id='word_1_6' title='bbox 475 586 658 641; x_wconf 89' lang='lat' dir='ltr'><strong>nibus.</strong></span> <span class='ocrx_word' id='word_1_7' title='bbox 689 581 836 650; x_wconf 85' lang='lat' dir='ltr'><strong>Quin</strong></span> <span class='ocrx_word' id='word_1_8' title='bbox 877 589 934 636; x_wconf 93' lang='lat' dir='ltr'><strong>et</strong></span> <span class='ocrx_word' id='word_1_9' title='bbox 971 577 1213 635; x_wconf 85' lang='lat' dir='ltr'><strong>animam</strong></span> <span class='ocrx_word' id='word_1_10' title='bbox 1237 589 1362 631; x_wconf 90' lang='lat' dir='ltr'><strong>esse</strong></span> <span class='ocrx_word' id='word_1_11' title='bbox 1392 572 1784 638; x_wconf 87' lang='lat' dir='ltr'><strong>immortalem,</strong></span> <span class='ocrx_word' id='word_1_12' title='bbox 1819 581 1877 627; x_wconf 91' lang='lat' dir='ltr'><strong>et</strong></span> <span class='ocrx_word' id='word_1_13' title='bbox 1908 569 2054 642; x_wconf 88' lang='lat' dir='ltr'><strong>judi-</strong></span> 
     </span>
    </p>
   </div>
   <div class='ocr_carea' id='block_1_3' title="bbox 2159 567 3771 650">
    <p class='ocr_par' dir='ltr' id='par_1_3' title="bbox 2160 567 3771 642">
     <span class='ocr_line' id='line_1_3' title="bbox 2160 567 3771 642; baseline 0.002 -21"><span class='ocrx_word' id='word_1_14' title='bbox 2160 568 2218 621; x_wconf 79' lang='grc' dir='ltr'>δὲ</span> <span class='ocrx_word' id='word_1_15' title='bbox 2248 568 2593 639; x_wconf 82' lang='grc' dir='ltr'>δεικνύομεν,</span> <span class='ocrx_word' id='word_1_16' title='bbox 2621 568 2704 623; x_wconf 83' lang='grc' dir='ltr'>ὅτι</span> <span class='ocrx_word' id='word_1_17' title='bbox 2745 567 2841 622; x_wconf 76' lang='grc' dir='ltr'><strong>καὶ</strong></span> <span class='ocrx_word' id='word_1_18' title='bbox 2870 567 3141 634; x_wconf 82' lang='grc' dir='ltr'>ἀθάνατός</span> <span class='ocrx_word' id='word_1_19' title='bbox 3187 569 3337 624; x_wconf 70' lang='grc' dir='ltr'>ἐστιν</span> <span class='ocrx_word' id='word_1_20' title='bbox 3380 571 3413 639; x_wconf 90' lang='grc' dir='ltr'><strong>ή</strong></span> <span class='ocrx_word' id='word_1_21' title='bbox 3442 569 3613 642; x_wconf 77' lang='grc' dir='ltr'>ψυχή.</span> <span class='ocrx_word' id='word_1_22' title='bbox 3654 573 3771 625; x_wconf 68' lang='grc' dir='ltr'><strong>καὶ</strong></span> 
     </span>
    </p>
   </div>
   <div class='ocr_carea' id='block_1_4' title="bbox 475 665 2055 736">
    <p class='ocr_par' dir='ltr' id='par_1_4' title="bbox 475 665 2055 736">
     <span class='ocr_line' id='line_1_4' title="bbox 475 665 2055 736; baseline -0.008 -4"><span class='ocrx_word' id='word_1_23' title='bbox 475 678 622 732; x_wconf 88' lang='lat' dir='ltr'><strong>cium</strong></span> <span class='ocrx_word' id='word_1_24' title='bbox 677 674 795 730; x_wconf 89' lang='lat' dir='ltr'><strong>fore</strong></span> <span class='ocrx_word' id='word_1_25' title='bbox 861 680 1245 735; x_wconf 91' lang='lat' dir='ltr'><strong>mortuorum,</strong></span> <span class='ocrx_word' id='word_1_26' title='bbox 1312 684 1381 723; x_wconf 72' lang='lat' dir='ltr'><strong>ex</strong></span> <span class='ocrx_word' id='word_1_27' title='bbox 1444 666 1680 721; x_wconf 90' lang='lat' dir='ltr'><strong>historia</strong></span> <span class='ocrx_word' id='word_1_28' title='bbox 1728 665 2055 736; x_wconf 81' lang='lat' dir='ltr'><strong>probamus.</strong></span> 
     </span>
    </p>
   </div>
   <div class='ocr_carea' id='block_1_5' title="bbox 473 756 2056 828">
    <p class='ocr_par' dir='ltr' id='par_1_5' title="bbox 473 756 2056 828">
     <span class='ocr_line' id='line_1_5' title="bbox 473 756 2056 828; baseline -0.008 -5"><span class='ocrx_word' id='word_1_29' title='bbox 473 768 680 824; x_wconf 86' lang='lat' dir='ltr'><strong>Cainus</strong></span> <span class='ocrx_word' id='word_1_30' title='bbox 696 773 755 821; x_wconf 89' lang='lat' dir='ltr'><strong>et</strong></span> <span class='ocrx_word' id='word_1_31' title='bbox 784 763 996 820; x_wconf 83' lang='lat' dir='ltr'><strong>Abelus</strong></span> <span class='ocrx_word' id='word_1_32' title='bbox 1025 761 1138 816; x_wconf 89' lang='lat' dir='ltr'><strong>duo</strong></span> <span class='ocrx_word' id='word_1_33' title='bbox 1178 759 1379 814; x_wconf 78' lang='lat' dir='ltr'><strong>fratres</strong></span> <span class='ocrx_word' id='word_1_34' title='bbox 1412 767 1593 822; x_wconf 91' lang='lat' dir='ltr'><strong>erant,</strong></span> <span class='ocrx_word' id='word_1_35' title='bbox 1622 771 1769 812; x_wconf 91' lang='lat' dir='ltr'><strong>unus</strong></span> <span class='ocrx_word' id='word_1_36' title='bbox 1792 756 2056 828; x_wconf 80' lang='lat' dir='ltr'><strong>agricola,</strong></span> 
     </span>
    </p>
   </div>
   <div class='ocr_carea' id='block_1_6' title="bbox 475 844 2059 931">
    <p class='ocr_par' dir='ltr' id='par_1_6' title="bbox 475 844 2059 931">
     <span class='ocr_line' id='line_1_6' title="bbox 475 844 2059 931; baseline -0.01 -13"><span class='ocrx_word' id='word_1_37' title='bbox 475 868 666 931; x_wconf 88' lang='lat' dir='ltr'><strong>pastor</strong></span> <span class='ocrx_word' id='word_1_38' title='bbox 718 859 906 914; x_wconf 86' lang='lat' dir='ltr'><strong>alter:</strong></span> <span class='ocrx_word' id='word_1_39' title='bbox 938 844 1144 927; x_wconf 87' lang='lat' dir='ltr'><strong>quibus</strong></span> <span class='ocrx_word' id='word_1_40' title='bbox 1196 853 1470 909; x_wconf 90' lang='lat' dir='ltr'><strong>ambobus</strong></span> <span class='ocrx_word' id='word_1_41' title='bbox 1526 866 1640 906; x_wconf 89' lang='lat' dir='ltr'><strong>rem</strong></span> <span class='ocrx_word' id='word_1_42' title='bbox 1668 851 1783 906; x_wconf 92' lang='lat' dir='ltr'><strong>Deo</strong></span> <span class='ocrx_word' id='word_1_43' title='bbox 1845 864 2059 904; x_wconf 83' lang='lat' dir='ltr'><strong>sacram</strong></span> 
     </span>
    </p>
   </div>
   <div class='ocr_carea' id='block_1_7' title="bbox 475 940 2055 1017">
    <p class='ocr_par' dir='ltr' id='par_1_7' title="bbox 475 940 2055 1017">
     <span class='ocr_line' id='line_1_7' title="bbox 475 940 2055 1017; baseline -0.011 -6"><span class='ocrx_word' id='word_1_44' title='bbox 475 953 878 1017; x_wconf 75' lang='lat' dir='ltr'><strong>factitantibus,</strong></span> <span class='ocrx_word' id='word_1_45' title='bbox 920 950 1155 1006; x_wconf 87' lang='lat' dir='ltr'><strong>Abelum</strong></span> <span class='ocrx_word' id='word_1_46' title='bbox 1192 950 1339 1003; x_wconf 88' lang='lat' dir='ltr'><strong>Deus</strong></span> <span class='ocrx_word' id='word_1_47' title='bbox 1385 955 1449 1002; x_wconf 88' lang='lat' dir='ltr'><strong>ut</strong></span> <span class='ocrx_word' id='word_1_48' title='bbox 1486 946 1697 1016; x_wconf 88' lang='lat' dir='ltr'><strong>justum</strong></span> <span class='ocrx_word' id='word_1_49' title='bbox 1725 940 2055 1012; x_wconf 84' lang='lat' dir='ltr'><strong>acceptavit,</strong></span> 
     </span>
    </p>
   </div>
   <div class='ocr_carea' id='block_1_8' title="bbox 476 1033 2057 1118">
    <p class='ocr_par' dir='ltr' id='par_1_8' title="bbox 476 1033 2057 1118">
     <span class='ocr_line' id='line_1_8' title="bbox 476 1033 2057 1118; baseline -0.01 -16"><span class='ocrx_word' id='word_1_50' title='bbox 476 1046 726 1118; x_wconf 83' lang='lat' dir='ltr'><strong>neglecto</strong></span> <span class='ocrx_word' id='word_1_51' title='bbox 744 1042 938 1100; x_wconf 90' lang='lat' dir='ltr'><strong>Caino.</strong></span> <span class='ocrx_word' id='word_1_52' title='bbox 964 1042 1017 1098; x_wconf 91' lang='lat' dir='ltr'><strong>Is</strong></span> <span class='ocrx_word' id='word_1_53' title='bbox 1031 1042 1177 1096; x_wconf 90' lang='lat' dir='ltr'><strong>hanc</strong></span> <span class='ocrx_word' id='word_1_54' title='bbox 1197 1040 1269 1094; x_wconf 91' lang='lat' dir='ltr'><strong>ob</strong></span> <span class='ocrx_word' id='word_1_55' title='bbox 1292 1053 1515 1094; x_wconf 86' lang='lat' dir='ltr'><strong>causam</strong></span> <span class='ocrx_word' id='word_1_56' title='bbox 1537 1036 1804 1091; x_wconf 86' lang='lat' dir='ltr'><strong>adversus</strong></span> <span class='ocrx_word' id='word_1_57' title='bbox 1822 1033 2057 1089; x_wconf 80' lang='lat' dir='ltr'><strong>Abelum</strong></span> 
     </span>
    </p>
   </div>
   <div class='ocr_carea' id='block_1_9' title="bbox 474 1128 2056 1206">
    <p class='ocr_par' dir='ltr' id='par_1_9' title="bbox 474 1128 2056 1206">
     <span class='ocr_line' id='line_1_9' title="bbox 474 1128 2056 1206; baseline -0.009 -11"><span class='ocrx_word' id='word_1_58' title='bbox 474 1137 825 1195; x_wconf 71' lang='lat' dir='ltr'><strong>aemulatione</strong></span> <span class='ocrx_word' id='word_1_59' title='bbox 861 1145 1149 1206; x_wconf 86' lang='lat' dir='ltr'><strong>concepta.</strong></span> <span class='ocrx_word' id='word_1_60' title='bbox 1193 1133 1414 1190; x_wconf 86' lang='lat' dir='ltr'><strong>tandem</strong></span> <span class='ocrx_word' id='word_1_61' title='bbox 1455 1146 1582 1186; x_wconf 91' lang='lat' dir='ltr'><strong>eum</strong></span> <span class='ocrx_word' id='word_1_62' title='bbox 1637 1130 1860 1186; x_wconf 87' lang='lat' dir='ltr'><strong>occidit.</strong></span> <span class='ocrx_word' id='word_1_63' title='bbox 1917 1128 2056 1184; x_wconf 90' lang='lat' dir='ltr'><strong>Cum</strong></span> 
     </span>
    </p>
   </div>
   <div class='ocr_carea' id='block_1_10' title="bbox 473 1222 2057 1304">
    <p class='ocr_par' dir='ltr' id='par_1_10' title="bbox 473 1222 2057 1304">
     <span class='ocr_line' id='line_1_10' title="bbox 473 1222 2057 1304; baseline -0.006 -16"><span class='ocrx_word' id='word_1_64' title='bbox 473 1248 606 1304; x_wconf 84' lang='lat' dir='ltr'><strong>ergo</strong></span> <span class='ocrx_word' id='word_1_65' title='bbox 621 1230 952 1287; x_wconf 89' lang='lat' dir='ltr'><strong>Samaritani</strong></span> <span class='ocrx_word' id='word_1_66' title='bbox 978 1230 1187 1291; x_wconf 86' lang='lat' dir='ltr'><strong>dicant,</strong></span> <span class='ocrx_word' id='word_1_67' title='bbox 1207 1227 1261 1282; x_wconf 93' lang='lat' dir='ltr'><strong>in</strong></span> <span class='ocrx_word' id='word_1_68' title='bbox 1284 1228 1390 1282; x_wconf 86' lang='lat' dir='ltr'><strong>hac</strong></span> <span class='ocrx_word' id='word_1_69' title='bbox 1413 1226 1525 1281; x_wconf 89' lang='lat' dir='ltr'><strong>vita</strong></span> <span class='ocrx_word' id='word_1_70' title='bbox 1547 1223 1894 1295; x_wconf 87' lang='lat' dir='ltr'><strong>compensari</strong></span> <span class='ocrx_word' id='word_1_71' title='bbox 1918 1222 2057 1279; x_wconf 89' lang='lat' dir='ltr'><strong>facta</strong></span> 
     </span>
    </p>
   </div>
   <div class='ocr_carea' id='block_1_11' title="bbox 474 1317 2057 1396">
    <p class='ocr_par' dir='ltr' id='par_1_11' title="bbox 474 1317 2057 1396">
     <span class='ocr_line' id='line_1_11' title="bbox 474 1317 2057 1396; baseline -0.006 -16"><span class='ocrx_word' id='word_1_72' title='bbox 474 1324 720 1396; x_wconf 81' lang='lat' dir='ltr'><strong>cujusvis</strong></span> <span class='ocrx_word' id='word_1_73' title='bbox 742 1364 758 1387; x_wconf 87' lang='lat'><strong>,</strong></span> <span class='ocrx_word' id='word_1_74' title='bbox 798 1321 932 1394; x_wconf 92' lang='lat' dir='ltr'><strong>quid</strong></span> <span class='ocrx_word' id='word_1_75' title='bbox 965 1322 1035 1378; x_wconf 92' lang='lat' dir='ltr'><strong>de</strong></span> <span class='ocrx_word' id='word_1_76' title='bbox 1066 1321 1243 1377; x_wconf 88' lang='lat' dir='ltr'><strong>Abelo</strong></span> <span class='ocrx_word' id='word_1_77' title='bbox 1273 1320 1460 1375; x_wconf 86' lang='lat' dir='ltr'><strong>dicere</strong></span> <span class='ocrx_word' id='word_1_78' title='bbox 1507 1333 1804 1389; x_wconf 84' lang='lat' dir='ltr'><strong>possumus</strong></span> <span class='ocrx_word' id='word_1_79' title='bbox 1826 1357 1842 1381; x_wconf 88' lang='lat'><strong>,</strong></span> <span class='ocrx_word' id='word_1_80' title='bbox 1898 1317 2057 1387; x_wconf 80' lang='lat' dir='ltr'><strong>cujus</strong></span> 
     </span>
    </p>
   </div>
   <div class='ocr_carea' id='block_1_12' title="bbox 469 1408 2054 1486">
    <p class='ocr_par' dir='ltr' id='par_1_12' title="bbox 469 1408 2054 1486">
     <span class='ocr_line' id='line_1_12' title="bbox 469 1408 2054 1486; baseline -0.004 -17"><span class='ocrx_word' id='word_1_81' title='bbox 469 1414 699 1486; x_wconf 68' lang='lat' dir='ltr'><strong>iustitia:</strong></span> <span class='ocrx_word' id='word_1_82' title='bbox 711 1415 858 1470; x_wconf 89' lang='lat' dir='ltr'><strong>Deus</strong></span> <span class='ocrx_word' id='word_1_83' title='bbox 876 1413 994 1483; x_wconf 87' lang='lat' dir='ltr'><strong>ipse</strong></span> <span class='ocrx_word' id='word_1_84' title='bbox 1018 1411 1397 1469; x_wconf 88' lang='lat' dir='ltr'><strong>testimonium</strong></span> <span class='ocrx_word' id='word_1_85' title='bbox 1419 1409 1740 1481; x_wconf 86' lang='lat' dir='ltr'><strong>perhibuit?</strong></span> <span class='ocrx_word' id='word_1_86' title='bbox 1756 1408 2054 1475; x_wconf 88' lang='lat' dir='ltr'><strong>Nimirum,</strong></span> 
     </span>
    </p>
   </div>
   <div class='ocr_carea' id='block_1_13' title="bbox 473 1502 2053 1579">
    <p class='ocr_par' dir='ltr' id='par_1_13' title="bbox 473 1502 2053 1579">
     <span class='ocr_line' id='line_1_13' title="bbox 473 1502 2053 1579; baseline -0.004 -16"><span class='ocrx_word' id='word_1_87' title='bbox 473 1507 622 1579; x_wconf 90' lang='lat' dir='ltr'><strong>quod</strong></span> <span class='ocrx_word' id='word_1_88' title='bbox 646 1506 713 1562; x_wconf 88' lang='lat' dir='ltr'><strong>ad</strong></span> <span class='ocrx_word' id='word_1_89' title='bbox 738 1506 880 1561; x_wconf 91' lang='lat' dir='ltr'><strong>hanc</strong></span> <span class='ocrx_word' id='word_1_90' title='bbox 907 1504 1077 1559; x_wconf 89' lang='lat' dir='ltr'><strong>vitam</strong></span> <span class='ocrx_word' id='word_1_91' title='bbox 1103 1505 1328 1570; x_wconf 89' lang='lat' dir='ltr'><strong>attinet,</strong></span> <span class='ocrx_word' id='word_1_92' title='bbox 1358 1503 1501 1558; x_wconf 91' lang='lat' dir='ltr'><strong>mala</strong></span> <span class='ocrx_word' id='word_1_93' title='bbox 1520 1518 1623 1573; x_wconf 93' lang='lat' dir='ltr'><strong>pro</strong></span> <span class='ocrx_word' id='word_1_94' title='bbox 1647 1503 1808 1558; x_wconf 90' lang='lat' dir='ltr'><strong>bonis</strong></span> <span class='ocrx_word' id='word_1_95' title='bbox 1826 1502 2053 1573; x_wconf 87' lang='lat' dir='ltr'><strong>recepit.</strong></span> 
     </span>
    </p>
   </div>
   <div class='ocr_carea' id='block_1_14' title="bbox 474 1596 2053 1667">
    <p class='ocr_par' dir='ltr' id='par_1_14' title="bbox 474 1596 2053 1667">
     <span class='ocr_line' id='line_1_14' title="bbox 474 1596 2053 1667; baseline -0.004 -11"><span class='ocrx_word' id='word_1_96' title='bbox 474 1600 631 1657; x_wconf 88' lang='lat' dir='ltr'><strong>Unde</strong></span> <span class='ocrx_word' id='word_1_97' title='bbox 654 1598 951 1654; x_wconf 88' lang='lat' dir='ltr'><strong>manifesto</strong></span> <span class='ocrx_word' id='word_1_98' title='bbox 980 1605 1151 1667; x_wconf 88' lang='lat' dir='ltr'><strong>patet,</strong></span> <span class='ocrx_word' id='word_1_99' title='bbox 1174 1604 1230 1652; x_wconf 91' lang='lat' dir='ltr'><strong>et</strong></span> <span class='ocrx_word' id='word_1_100' title='bbox 1250 1596 1622 1651; x_wconf 89' lang='lat' dir='ltr'><strong>immortalem</strong></span> <span class='ocrx_word' id='word_1_101' title='bbox 1646 1611 1768 1652; x_wconf 90' lang='lat' dir='ltr'><strong>esse</strong></span> <span class='ocrx_word' id='word_1_102' title='bbox 1789 1596 2053 1662; x_wconf 84' lang='lat' dir='ltr'><strong>animam,</strong></span> 
     </span>
    </p>
   </div>
   <div class='ocr_carea' id='block_1_15' title="bbox 473 1688 2056 1755">
    <p class='ocr_par' dir='ltr' id='par_1_15' title="bbox 473 1688 2056 1755">
     <span class='ocr_line' id='line_1_15' title="bbox 473 1688 2056 1755; baseline -0.004 -5"><span class='ocrx_word' id='word_1_103' title='bbox 473 1704 531 1750; x_wconf 83' lang='lat' dir='ltr'><strong>et</strong></span> <span class='ocrx_word' id='word_1_104' title='bbox 559 1691 1030 1750; x_wconf 88' lang='lat' dir='ltr'><strong>resurrectionem</strong></span> <span class='ocrx_word' id='word_1_105' title='bbox 1064 1706 1189 1747; x_wconf 90' lang='lat' dir='ltr'><strong>esse</strong></span> <span class='ocrx_word' id='word_1_106' title='bbox 1212 1731 1227 1755; x_wconf 93' lang='lat'><strong>,</strong></span> <span class='ocrx_word' id='word_1_107' title='bbox 1274 1688 1445 1745; x_wconf 85' lang='lat' dir='ltr'><strong>statui</strong></span> <span class='ocrx_word' id='word_1_108' title='bbox 1487 1689 1693 1745; x_wconf 84' lang='lat' dir='ltr'><strong>debere</strong></span> <span class='ocrx_word' id='word_1_109' title='bbox 1726 1706 1740 1742; x_wconf 89' lang='lat'><strong>:</strong></span> <span class='ocrx_word' id='word_1_110' title='bbox 1775 1704 1904 1744; x_wconf 91' lang='lat' dir='ltr'><strong>nam</strong></span> <span class='ocrx_word' id='word_1_111' title='bbox 1946 1688 2056 1744; x_wconf 88' lang='lat' dir='ltr'><strong>nisi</strong></span> 
     </span>
    </p>
   </div>
   <div class='ocr_carea' id='block_1_16' title="bbox 472 1780 2055 1855">
    <p class='ocr_par' dir='ltr' id='par_1_16' title="bbox 472 1780 2055 1855">
     <span class='ocr_line' id='line_1_16' title="bbox 472 1780 2055 1855; baseline -0.003 -14"><span class='ocrx_word' id='word_1_112' title='bbox 472 1787 583 1842; x_wconf 79' lang='lat' dir='ltr'><strong>vita</strong></span> <span class='ocrx_word' id='word_1_113' title='bbox 613 1793 869 1849; x_wconf 89' lang='lat' dir='ltr'><strong>restaret,</strong></span> <span class='ocrx_word' id='word_1_114' title='bbox 903 1785 958 1839; x_wconf 93' lang='lat' dir='ltr'><strong>in</strong></span> <span class='ocrx_word' id='word_1_115' title='bbox 989 1800 1099 1855; x_wconf 88' lang='lat' dir='ltr'><strong>qua</strong></span> <span class='ocrx_word' id='word_1_116' title='bbox 1134 1798 1362 1838; x_wconf 87' lang='lat' dir='ltr'><strong>suarum</strong></span> <span class='ocrx_word' id='word_1_117' title='bbox 1388 1782 1666 1837; x_wconf 88' lang='lat' dir='ltr'><strong>actionum</strong></span> <span class='ocrx_word' id='word_1_118' title='bbox 1695 1781 1785 1836; x_wconf 91' lang='lat' dir='ltr'><strong>ille</strong></span> <span class='ocrx_word' id='word_1_119' title='bbox 1812 1780 2055 1836; x_wconf 88' lang='lat' dir='ltr'><strong>fructum</strong></span> 
     </span>
    </p>
   </div>
   <div class='ocr_carea' id='block_1_17' title="bbox 474 1871 2057 1947">
    <p class='ocr_par' dir='ltr' id='par_1_17' title="bbox 474 1871 2057 1947">
     <span class='ocr_line' id='line_1_17' title="bbox 474 1871 2057 1947; baseline -0.004 -15"><span class='ocrx_word' id='word_1_120' title='bbox 474 1878 686 1947; x_wconf 85' lang='lat' dir='ltr'><strong>capiet,</strong></span> <span class='ocrx_word' id='word_1_121' title='bbox 728 1891 1079 1946; x_wconf 82' lang='lat' dir='ltr'><strong>nequaquam</strong></span> <span class='ocrx_word' id='word_1_122' title='bbox 1115 1874 1201 1929; x_wconf 92' lang='lat' dir='ltr'><strong>vir</strong></span> <span class='ocrx_word' id='word_1_123' title='bbox 1234 1872 1361 1928; x_wconf 89' lang='lat' dir='ltr'><strong>talis</strong></span> <span class='ocrx_word' id='word_1_124' title='bbox 1407 1872 1685 1928; x_wconf 88' lang='lat' dir='ltr'><strong>immerito</strong></span> <span class='ocrx_word' id='word_1_125' title='bbox 1743 1871 1942 1927; x_wconf 83' lang='lat' dir='ltr'><strong>fuisset</strong></span> <span class='ocrx_word' id='word_1_126' title='bbox 1971 1871 2057 1926; x_wconf 90' lang='lat' dir='ltr'><strong>in-</strong></span> 
     </span>
    </p>
   </div>
   <div class='ocr_carea' id='block_1_18' title="bbox 477 1962 2055 2038">
    <p class='ocr_par' dir='ltr' id='par_1_18' title="bbox 477 1962 2055 2038">
     <span class='ocr_line' id='line_1_18' title="bbox 477 1962 2055 2038; baseline -0.005 -13"><span class='ocrx_word' id='word_1_127' title='bbox 477 1974 801 2038; x_wconf 84' lang='lat' dir='ltr'><strong>teremptus.</strong></span> <span class='ocrx_word' id='word_1_128' title='bbox 824 1968 892 2022; x_wconf 87' lang='lat' dir='ltr'><strong>Et</strong></span> <span class='ocrx_word' id='word_1_129' title='bbox 913 1966 1032 2021; x_wconf 71' lang='lat' dir='ltr'><strong>haec</strong></span> <span class='ocrx_word' id='word_1_130' title='bbox 1046 1964 1274 2036; x_wconf 85' lang='lat' dir='ltr'><strong>quidem</strong></span> <span class='ocrx_word' id='word_1_131' title='bbox 1296 1962 1766 2019; x_wconf 84' lang='lat' dir='ltr'><strong>Samaritanorum</strong></span> <span class='ocrx_word' id='word_1_132' title='bbox 1785 1970 1870 2017; x_wconf 92' lang='lat' dir='ltr'><strong>est</strong></span> <span class='ocrx_word' id='word_1_133' title='bbox 1883 1972 2055 2017; x_wconf 84' lang='lat' dir='ltr'><strong>secta.</strong></span> 
     </span>
    </p>
   </div>
   <div class='ocr_carea' id='block_1_19' title="bbox 474 2055 2058 2130">
    <p class='ocr_par' dir='ltr' id='par_1_19' title="bbox 474 2055 2058 2130">
     <span class='ocr_line' id='line_1_19' title="bbox 474 2055 2058 2130; baseline -0.004 -13"><span class='ocrx_word' id='word_1_134' title='bbox 474 2060 771 2117; x_wconf 78' lang='lat' dir='ltr'><strong>Sciendum</strong></span> <span class='ocrx_word' id='word_1_135' title='bbox 794 2073 949 2124; x_wconf 87' lang='lat' dir='ltr'><strong>vero,</strong></span> <span class='ocrx_word' id='word_1_136' title='bbox 968 2072 1154 2130; x_wconf 89' lang='lat' dir='ltr'><strong>regem</strong></span> <span class='ocrx_word' id='word_1_137' title='bbox 1168 2056 1521 2129; x_wconf 80' lang='lat' dir='ltr'><strong>Assyriorum</strong></span> <span class='ocrx_word' id='word_1_138' title='bbox 1545 2055 2058 2111; x_wconf 85' lang='lat' dir='ltr'><strong>Nabuchodonoso-</strong></span> 
     </span>
    </p>
   </div>
   <div class='ocr_carea' id='block_1_20' title="bbox 474 2148 2059 2224">
    <p class='ocr_par' dir='ltr' id='par_1_20' title="bbox 474 2148 2059 2224">
     <span class='ocr_line' id='line_1_20' title="bbox 474 2148 2059 2224; baseline -0.003 -17"><span class='ocrx_word' id='word_1_139' title='bbox 474 2171 619 2218; x_wconf 87' lang='lat' dir='ltr'><strong>rum,</strong></span> <span class='ocrx_word' id='word_1_140' title='bbox 633 2169 783 2219; x_wconf 89' lang='lat' dir='ltr'><strong>cum,</strong></span> <span class='ocrx_word' id='word_1_141' title='bbox 797 2161 1063 2224; x_wconf 80' lang='lat' dir='ltr'><strong>regnante</strong></span> <span class='ocrx_word' id='word_1_142' title='bbox 1079 2150 1328 2211; x_wconf 84' lang='lat' dir='ltr'><strong>Sedecia,</strong></span> <span class='ocrx_word' id='word_1_143' title='bbox 1347 2164 1474 2205; x_wconf 92' lang='lat' dir='ltr'><strong>cum</strong></span> <span class='ocrx_word' id='word_1_144' title='bbox 1489 2149 1667 2220; x_wconf 91' lang='lat' dir='ltr'><strong>copiis</strong></span> <span class='ocrx_word' id='word_1_145' title='bbox 1679 2148 2059 2219; x_wconf 79' lang='lat' dir='ltr'><strong>Hierosolyma</strong></span> 
     </span>
    </p>
   </div>
   <div class='ocr_carea' id='block_1_21' title="bbox 475 2241 2057 2316">
    <p class='ocr_par' dir='ltr' id='par_1_21' title="bbox 475 2241 2057 2316">
     <span class='ocr_line' id='line_1_21' title="bbox 475 2241 2057 2316; baseline -0.001 -18"><span class='ocrx_word' id='word_1_146' title='bbox 475 2251 738 2310; x_wconf 71' lang='lat' dir='ltr'><strong>venisset,</strong></span> <span class='ocrx_word' id='word_1_147' title='bbox 755 2246 973 2302; x_wconf 72' lang='lat' dir='ltr'><strong>Iudaeos</strong></span> <span class='ocrx_word' id='word_1_148' title='bbox 991 2245 1046 2299; x_wconf 93' lang='lat' dir='ltr'><strong>in</strong></span> <span class='ocrx_word' id='word_1_149' title='bbox 1066 2243 1442 2316; x_wconf 82' lang='lat' dir='ltr'><strong>captivitatem</strong></span> <span class='ocrx_word' id='word_1_150' title='bbox 1468 2244 1785 2307; x_wconf 84' lang='lat' dir='ltr'><strong>abduxisse,</strong></span> <span class='ocrx_word' id='word_1_151' title='bbox 1804 2251 1970 2313; x_wconf 90' lang='lat' dir='ltr'><strong>atque</strong></span> <span class='ocrx_word' id='word_1_152' title='bbox 2001 2241 2057 2296; x_wconf 91' lang='lat' dir='ltr'><strong>in</strong></span> 
     </span>
    </p>
   </div>
   <div class='ocr_carea' id='block_1_22' title="bbox 475 2332 2059 2406">
    <p class='ocr_par' dir='ltr' id='par_1_22' title="bbox 475 2332 2059 2406">
     <span class='ocr_line' id='line_1_22' title="bbox 475 2332 2059 2406; baseline -0.003 -14"><span class='ocrx_word' id='word_1_153' title='bbox 475 2337 757 2393; x_wconf 79' lang='lat' dir='ltr'><strong>Persidem</strong></span> <span class='ocrx_word' id='word_1_154' title='bbox 779 2336 1128 2392; x_wconf 86' lang='lat' dir='ltr'><strong>transtulisse</strong></span> <span class='ocrx_word' id='word_1_155' title='bbox 1153 2355 1166 2390; x_wconf 91' lang='lat'><strong>:</strong></span> <span class='ocrx_word' id='word_1_156' title='bbox 1189 2349 1430 2406; x_wconf 89' lang='lat' dir='ltr'><strong>quorum</strong></span> <span class='ocrx_word' id='word_1_157' title='bbox 1454 2334 1512 2389; x_wconf 90' lang='lat' dir='ltr'><strong>in</strong></span> <span class='ocrx_word' id='word_1_158' title='bbox 1536 2348 1768 2389; x_wconf 90' lang='lat' dir='ltr'><strong>numero</strong></span> <span class='ocrx_word' id='word_1_159' title='bbox 1792 2332 2059 2399; x_wconf 79' lang='lat' dir='ltr'><strong>Ananias,</strong></span> 
     </span>
    </p>
   </div>
   <div class='ocr_carea' id='block_1_23' title="bbox 474 2426 2057 2496">
    <p class='ocr_par' dir='ltr' id='par_1_23' title="bbox 474 2426 2057 2496">
     <span class='ocr_line' id='line_1_23' title="bbox 474 2426 2057 2496; baseline -0.002 -12"><span class='ocrx_word' id='word_1_160' title='bbox 474 2429 719 2495; x_wconf 77' lang='lat' dir='ltr'><strong>Azarias,</strong></span> <span class='ocrx_word' id='word_1_161' title='bbox 743 2429 1024 2496; x_wconf 87' lang='lat' dir='ltr'><strong>Misaelus,</strong></span> <span class='ocrx_word' id='word_1_162' title='bbox 1046 2427 1388 2487; x_wconf 82' lang='lat' dir='ltr'><strong>lezeehielus</strong></span> <span class='ocrx_word' id='word_1_163' title='bbox 1402 2435 1459 2483; x_wconf 92' lang='lat' dir='ltr'><strong>et</strong></span> <span class='ocrx_word' id='word_1_164' title='bbox 1481 2426 1706 2481; x_wconf 89' lang='lat' dir='ltr'><strong>Esdras.</strong></span> <span class='ocrx_word' id='word_1_165' title='bbox 1733 2426 1858 2481; x_wconf 88' lang='lat' dir='ltr'><strong>Post</strong></span> <span class='ocrx_word' id='word_1_166' title='bbox 1882 2440 2057 2482; x_wconf 87' lang='lat' dir='ltr'><strong>annos</strong></span> 
     </span>
    </p>
   </div>
   <div class='ocr_carea' id='block_1_24' title="bbox 473 2518 2056 2595">
    <p class='ocr_par' dir='ltr' id='par_1_24' title="bbox 473 2518 2056 2595">
     <span class='ocr_line' id='line_1_24' title="bbox 473 2518 2056 2595; baseline -0.003 -17"><span class='ocrx_word' id='word_1_167' title='bbox 473 2522 838 2595; x_wconf 86' lang='lat' dir='ltr'><strong>septuaginta,</strong></span> <span class='ocrx_word' id='word_1_168' title='bbox 858 2531 1126 2595; x_wconf 78' lang='lat' dir='ltr'><strong>regnante</strong></span> <span class='ocrx_word' id='word_1_169' title='bbox 1139 2522 1304 2595; x_wconf 82' lang='lat' dir='ltr'><strong>Cyro,</strong></span> <span class='ocrx_word' id='word_1_170' title='bbox 1320 2536 1520 2576; x_wconf 83' lang='lat' dir='ltr'><strong>rursus</strong></span> <span class='ocrx_word' id='word_1_171' title='bbox 1535 2518 1911 2592; x_wconf 78' lang='lat' dir='ltr'><strong>Hierosolyma</strong></span> <span class='ocrx_word' id='word_1_172' title='bbox 1923 2534 2056 2591; x_wconf 89' lang='lat' dir='ltr'><strong>pro-</strong></span> 
     </span>
    </p>
   </div>
   <div class='ocr_carea' id='block_1_25' title="bbox 473 2612 2058 2687">
    <p class='ocr_par' dir='ltr' id='par_1_25' title="bbox 473 2612 2058 2687">
     <span class='ocr_line' id='line_1_25' title="bbox 473 2612 2058 2687; baseline -0.001 -19"><span class='ocrx_word' id='word_1_173' title='bbox 473 2616 603 2670; x_wconf 90' lang='lat' dir='ltr'><strong>fecti</strong></span> <span class='ocrx_word' id='word_1_174' title='bbox 651 2621 803 2679; x_wconf 85' lang='lat' dir='ltr'><strong>sunt,</strong></span> <span class='ocrx_word' id='word_1_175' title='bbox 841 2630 968 2670; x_wconf 92' lang='lat' dir='ltr'><strong>cum</strong></span> <span class='ocrx_word' id='word_1_176' title='bbox 996 2613 1172 2687; x_wconf 86' lang='lat' dir='ltr'><strong>Cyrus</strong></span> <span class='ocrx_word' id='word_1_177' title='bbox 1201 2614 1285 2671; x_wconf 90' lang='lat' dir='ltr'><strong>eis</strong></span> <span class='ocrx_word' id='word_1_178' title='bbox 1330 2612 1573 2669; x_wconf 87' lang='lat' dir='ltr'><strong>reditum</strong></span> <span class='ocrx_word' id='word_1_179' title='bbox 1601 2623 1893 2685; x_wconf 89' lang='lat' dir='ltr'><strong>propterea</strong></span> <span class='ocrx_word' id='word_1_180' title='bbox 1923 2628 2058 2669; x_wconf 90' lang='lat' dir='ltr'><strong>con-</strong></span> 
     </span>
    </p>
   </div>
   <div class='ocr_carea' id='block_1_26' title="bbox 472 2704 2057 2776">
    <p class='ocr_par' dir='ltr' id='par_1_26' title="bbox 472 2704 2057 2776">
     <span class='ocr_line' id='line_1_26' title="bbox 472 2704 2057 2776; baseline 0 -17"><span class='ocrx_word' id='word_1_181' title='bbox 472 2705 753 2770; x_wconf 85' lang='lat' dir='ltr'><strong>cessisset,</strong></span> <span class='ocrx_word' id='word_1_182' title='bbox 779 2705 928 2776; x_wconf 90' lang='lat' dir='ltr'><strong>quod</strong></span> <span class='ocrx_word' id='word_1_183' title='bbox 960 2704 1013 2761; x_wconf 90' lang='lat' dir='ltr'><strong>ei</strong></span> <span class='ocrx_word' id='word_1_184' title='bbox 1042 2705 1305 2776; x_wconf 89' lang='lat' dir='ltr'><strong>pleraque</strong></span> <span class='ocrx_word' id='word_1_185' title='bbox 1325 2705 1623 2775; x_wconf 89' lang='lat' dir='ltr'><strong>peripsum</strong></span> <span class='ocrx_word' id='word_1_186' title='bbox 1647 2704 1888 2774; x_wconf 85' lang='lat' dir='ltr'><strong>gerenda</strong></span> <span class='ocrx_word' id='word_1_187' title='bbox 1913 2720 2057 2774; x_wconf 65' lang='lat' dir='ltr'><strong>pra:-</strong></span> 
     </span>
    </p>
   </div>
   <div class='ocr_carea' id='block_1_27' title="bbox 364 2790 2054 2869">
    <p class='ocr_par' dir='ltr' id='par_1_27' title="bbox 364 2790 2054 2869">
     <span class='ocr_line' id='line_1_27' title="bbox 364 2790 2054 2869; baseline -0.001 -17"><span class='ocrx_word' id='word_1_188' title='bbox 364 2790 370 2796; x_wconf 67' lang='grc'><strong>’</strong></span> <span class='ocrx_word' id='word_1_189' title='bbox 472 2799 763 2855; x_wconf 76' lang='lat' dir='ltr'><strong>dixissent.</strong></span> <span class='ocrx_word' id='word_1_190' title='bbox 828 2796 988 2855; x_wconf 83' lang='lat' dir='ltr'><strong>Hunc</strong></span> <span class='ocrx_word' id='word_1_191' title='bbox 1031 2798 1270 2854; x_wconf 89' lang='lat' dir='ltr'><strong>reditum</strong></span> <span class='ocrx_word' id='word_1_192' title='bbox 1316 2798 1614 2869; x_wconf 87' lang='lat' dir='ltr'><strong>descripsit</strong></span> <span class='ocrx_word' id='word_1_193' title='bbox 1663 2798 1910 2864; x_wconf 88' lang='lat' dir='ltr'><strong>Esdras;</strong></span> <span class='ocrx_word' id='word_1_194' title='bbox 1959 2798 2054 2868; x_wconf 90' lang='lat' dir='ltr'><strong>qui</strong></span> 
     </span>
    </p>
   </div>
   <div class='ocr_carea' id='block_1_28' title="bbox 471 2889 2057 2964">
    <p class='ocr_par' dir='ltr' id='par_1_28' title="bbox 471 2889 2057 2964">
     <span class='ocr_line' id='line_1_28' title="bbox 471 2889 2057 2964; baseline -0.001 -18"><span class='ocrx_word' id='word_1_195' title='bbox 471 2907 598 2947; x_wconf 86' lang='lat' dir='ltr'><strong>eum</strong></span> <span class='ocrx_word' id='word_1_196' title='bbox 632 2891 1015 2964; x_wconf 84' lang='lat' dir='ltr'><strong>Hierosolyma</strong></span> <span class='ocrx_word' id='word_1_197' title='bbox 1067 2892 1351 2958; x_wconf 80' lang='lat' dir='ltr'><strong>venisset,</strong></span> <span class='ocrx_word' id='word_1_198' title='bbox 1405 2905 1711 2962; x_wconf 88' lang='lat' dir='ltr'><strong>omnesque</strong></span> <span class='ocrx_word' id='word_1_199' title='bbox 1763 2891 1940 2947; x_wconf 88' lang='lat' dir='ltr'><strong>libros</strong></span> <span class='ocrx_word' id='word_1_200' title='bbox 2001 2889 2057 2944; x_wconf 84' lang='lat' dir='ltr'><strong>id</strong></span> 
     </span>
    </p>
   </div>
   <div class='ocr_carea' id='block_1_29' title="bbox 473 2983 2055 3057">
    <p class='ocr_par' dir='ltr' id='par_1_29' title="bbox 473 2983 2055 3057">
     <span class='ocr_line' id='line_1_29' title="bbox 473 2983 2055 3057; baseline -0.001 -17"><span class='ocrx_word' id='word_1_201' title='bbox 473 2986 759 3057; x_wconf 87' lang='lat' dir='ltr'><strong>temporis,</strong></span> <span class='ocrx_word' id='word_1_202' title='bbox 784 3001 896 3057; x_wconf 88' lang='lat' dir='ltr'><strong>quo</strong></span> <span class='ocrx_word' id='word_1_203' title='bbox 926 2986 983 3041; x_wconf 92' lang='lat' dir='ltr'><strong>in</strong></span> <span class='ocrx_word' id='word_1_204' title='bbox 1018 2984 1399 3056; x_wconf 86' lang='lat' dir='ltr'><strong>captivitatem</strong></span> <span class='ocrx_word' id='word_1_205' title='bbox 1439 2983 1666 3040; x_wconf 91' lang='lat' dir='ltr'><strong>abducti</strong></span> <span class='ocrx_word' id='word_1_206' title='bbox 1695 2983 1938 3047; x_wconf 85' lang='lat' dir='ltr'><strong>fuerant,</strong></span> <span class='ocrx_word' id='word_1_207' title='bbox 1966 2999 2055 3038; x_wconf 86' lang='lat' dir='ltr'><strong>re-</strong></span> 
     </span>
    </p>
   </div>
   <div class='ocr_carea' id='block_1_30' title="bbox 470 3074 2056 3147">
    <p class='ocr_par' dir='ltr' id='par_1_30' title="bbox 470 3074 2056 3147">
     <span class='ocr_line' id='line_1_30' title="bbox 470 3074 2056 3147; baseline -0.004 -12"><span class='ocrx_word' id='word_1_208' title='bbox 470 3078 706 3147; x_wconf 85' lang='lat' dir='ltr'><strong>perisset</strong></span> <span class='ocrx_word' id='word_1_209' title='bbox 742 3084 968 3134; x_wconf 83' lang='lat' dir='ltr'><strong>exustos</strong></span> <span class='ocrx_word' id='word_1_210' title='bbox 994 3094 1008 3132; x_wconf 90' lang='lat'><strong>:</strong></span> <span class='ocrx_word' id='word_1_211' title='bbox 1039 3093 1108 3133; x_wconf 82' lang='lat' dir='ltr'><strong>ex</strong></span> <span class='ocrx_word' id='word_1_212' title='bbox 1140 3076 1411 3132; x_wconf 88' lang='lat' dir='ltr'><strong>memoria</strong></span> <span class='ocrx_word' id='word_1_213' title='bbox 1437 3076 1798 3147; x_wconf 90' lang='lat' dir='ltr'><strong>depromptos</strong></span> <span class='ocrx_word' id='word_1_214' title='bbox 1830 3074 1956 3130; x_wconf 91' lang='lat' dir='ltr'><strong>illos</strong></span> <span class='ocrx_word' id='word_1_215' title='bbox 1985 3076 2056 3129; x_wconf 73' lang='grc'><strong>22</strong></span> 
     </span>
    </p>
   </div>
   <div class='ocr_carea' id='block_1_31' title="bbox 2161 659 3775 741">
    <p class='ocr_par' dir='ltr' id='par_1_31' title="bbox 2161 659 3775 741">
     <span class='ocr_line' id='line_1_31' title="bbox 2161 659 3775 741; baseline 0.001 -25"><span class='ocrx_word' id='word_1_216' title='bbox 2161 662 2341 731; x_wconf 87' lang='grc' dir='ltr'>κρίσις</span> <span class='ocrx_word' id='word_1_217' title='bbox 2379 662 2498 716; x_wconf 74' lang='grc' dir='ltr'>ἐστὶ</span> <span class='ocrx_word' id='word_1_218' title='bbox 2543 662 2779 734; x_wconf 83' lang='grc' dir='ltr'><strong>νεκρῶν.</strong></span> <span class='ocrx_word' id='word_1_219' title='bbox 2828 663 2888 717; x_wconf 89' lang='lat'><strong>&#39;0</strong></span> <span class='ocrx_word' id='word_1_220' title='bbox 2924 664 3068 719; x_wconf 82' lang='grc' dir='ltr'>Κάϊν</span> <span class='ocrx_word' id='word_1_221' title='bbox 3122 664 3218 718; x_wconf 77' lang='grc' dir='ltr'>καὶ</span> <span class='ocrx_word' id='word_1_222' title='bbox 3256 663 3447 729; x_wconf 71' lang='grc' dir='ltr'>Ἅϐελ,</span> <span class='ocrx_word' id='word_1_223' title='bbox 3475 664 3570 741; x_wconf 76' lang='grc' dir='ltr'>δύο</span> <span class='ocrx_word' id='word_1_224' title='bbox 3601 659 3775 736; x_wconf 77' lang='grc' dir='ltr'>ἦσαν</span> 
     </span>
    </p>
   </div>
   <div class='ocr_carea' id='block_1_32' title="bbox 2160 751 3767 831">
    <p class='ocr_par' dir='ltr' id='par_1_32' title="bbox 2160 751 3767 831">
     <span class='ocr_line' id='line_1_32' title="bbox 2160 751 3767 831; baseline 0.002 -23"><span class='ocrx_word' id='word_1_225' title='bbox 2160 755 2400 824; x_wconf 56' lang='grc' dir='ltr'>ἀδελφώ</span> <span class='ocrx_word' id='word_1_226' title='bbox 2438 756 2534 810; x_wconf 72' lang='grc' dir='ltr'>καὶ</span> <span class='ocrx_word' id='word_1_227' title='bbox 2582 759 2611 811; x_wconf 99' lang='lat'><strong>6</strong></span> <span class='ocrx_word' id='word_1_228' title='bbox 2656 757 2757 828; x_wconf 77' lang='grc' dir='ltr'>μὲν</span> <span class='ocrx_word' id='word_1_229' title='bbox 2797 751 2866 827; x_wconf 79' lang='grc' dir='ltr'>ἦν</span> <span class='ocrx_word' id='word_1_230' title='bbox 2911 758 3178 828; x_wconf 77' lang='grc' dir='ltr'>γεωργὸς,</span> <span class='ocrx_word' id='word_1_231' title='bbox 3218 759 3248 812; x_wconf 90' lang='grc' dir='ltr'><strong>ό</strong></span> <span class='ocrx_word' id='word_1_232' title='bbox 3287 757 3346 811; x_wconf 82' lang='grc' dir='ltr'>δὲ</span> <span class='ocrx_word' id='word_1_233' title='bbox 3386 757 3609 831; x_wconf 76' lang='grc' dir='ltr'><strong>ποιμήν⁸</strong></span> <span class='ocrx_word' id='word_1_234' title='bbox 3650 759 3767 811; x_wconf 70' lang='grc' dir='ltr'>καὶ</span> 
     </span>
    </p>
   </div>
   <div class='ocr_carea' id='block_1_33' title="bbox 2160 848 3766 921">
    <p class='ocr_par' dir='ltr' id='par_1_33' title="bbox 2160 848 3766 921">
     <span class='ocr_line' id='line_1_33' title="bbox 2160 848 3766 921; baseline 0 -18"><span class='ocrx_word' id='word_1_235' title='bbox 2160 849 2361 903; x_wconf 72' lang='grc' dir='ltr'>ἔθυσαν</span> <span class='ocrx_word' id='word_1_236' title='bbox 2399 849 2702 921; x_wconf 84' lang='grc' dir='ltr'>ἀμφότεροι</span> <span class='ocrx_word' id='word_1_237' title='bbox 2735 848 2815 921; x_wconf 83' lang='grc' dir='ltr'>τῷ</span> <span class='ocrx_word' id='word_1_238' title='bbox 2848 850 3002 921; x_wconf 85' lang='grc' dir='ltr'><strong>Θεῷ·</strong></span> <span class='ocrx_word' id='word_1_239' title='bbox 3051 852 3146 906; x_wconf 59' lang='grc' dir='ltr'><strong>καὶ¹</strong></span> <span class='ocrx_word' id='word_1_240' title='bbox 3184 850 3277 905; x_wconf 79' lang='grc' dir='ltr'>τὸν</span> <span class='ocrx_word' id='word_1_241' title='bbox 3319 851 3511 917; x_wconf 76' lang='grc' dir='ltr'><strong>ΙἈϐελ,</strong></span> <span class='ocrx_word' id='word_1_242' title='bbox 3558 850 3637 915; x_wconf 85' lang='grc' dir='ltr'><strong>ῶς</strong></span> <span class='ocrx_word' id='word_1_243' title='bbox 3666 851 3766 904; x_wconf 82' lang='grc' dir='ltr'>δί-</span> 
     </span>
    </p>
   </div>
   <div class='ocr_carea' id='block_1_34' title="bbox 2162 941 3766 1015">
    <p class='ocr_par' dir='ltr' id='par_1_34' title="bbox 2162 941 3766 1015">
     <span class='ocr_line' id='line_1_34' title="bbox 2162 941 3766 1015; baseline 0.001 -20"><span class='ocrx_word' id='word_1_244' title='bbox 2162 959 2337 1007; x_wconf 87' lang='grc' dir='ltr'>καιον,</span> <span class='ocrx_word' id='word_1_245' title='bbox 2372 941 2740 1015; x_wconf 81' lang='grc' dir='ltr'>προσεδέξατο</span> <span class='ocrx_word' id='word_1_246' title='bbox 2763 983 2779 1008; x_wconf 84' lang='grc'><strong>,</strong></span> <span class='ocrx_word' id='word_1_247' title='bbox 2812 943 2905 997; x_wconf 82' lang='grc' dir='ltr'>τὸν</span> <span class='ocrx_word' id='word_1_248' title='bbox 2934 943 2991 997; x_wconf 89' lang='grc' dir='ltr'>δὲ</span> <span class='ocrx_word' id='word_1_249' title='bbox 3026 944 3189 1005; x_wconf 86' lang='grc' dir='ltr'>Κάῖν.</span> <span class='ocrx_word' id='word_1_250' title='bbox 3239 944 3447 998; x_wconf 79' lang='grc' dir='ltr'>οὐκέτι.</span> <span class='ocrx_word' id='word_1_251' title='bbox 3503 942 3766 998; x_wconf 82' lang='grc' dir='ltr'><strong>Ἐκεῖθεν</strong></span> 
     </span>
    </p>
   </div>
   <div class='ocr_carea' id='block_1_35' title="bbox 2159 1034 3759 1109">
    <p class='ocr_par' dir='ltr' id='par_1_35' title="bbox 2159 1034 3759 1109">
     <span class='ocr_line' id='line_1_35' title="bbox 2159 1034 3759 1109; baseline -0.001 -17"><span class='ocrx_word' id='word_1_252' title='bbox 2159 1035 2253 1092; x_wconf 76' lang='grc' dir='ltr'>οὖν</span> <span class='ocrx_word' id='word_1_253' title='bbox 2311 1035 2631 1109; x_wconf 78' lang='grc' dir='ltr'>παρεζήλου</span> <span class='ocrx_word' id='word_1_254' title='bbox 2679 1035 2770 1089; x_wconf 78' lang='grc' dir='ltr'>τὸν</span> <span class='ocrx_word' id='word_1_255' title='bbox 2824 1035 3012 1100; x_wconf 80' lang='grc' dir='ltr'>Ἀδελ,</span> <span class='ocrx_word' id='word_1_256' title='bbox 3049 1034 3157 1101; x_wconf 74' lang='grc' dir='ltr'>ἕως</span> <span class='ocrx_word' id='word_1_257' title='bbox 3213 1036 3381 1089; x_wconf 75' lang='grc' dir='ltr'>αὑτὸν</span> <span class='ocrx_word' id='word_1_258' title='bbox 3427 1035 3759 1090; x_wconf 82' lang='grc' dir='ltr'>ἀπέκτεινε.</span> 
     </span>
    </p>
   </div>
   <div class='ocr_carea' id='block_1_36' title="bbox 2160 1127 3764 1205">
    <p class='ocr_par' dir='ltr' id='par_1_36' title="bbox 2160 1127 3764 1205">
     <span class='ocr_line' id='line_1_36' title="bbox 2160 1127 3764 1205; baseline -0.002 -20"><span class='ocrx_word' id='word_1_259' title='bbox 2160 1131 2283 1186; x_wconf 87' lang='grc' dir='ltr'><strong>Τῶν</strong></span> <span class='ocrx_word' id='word_1_260' title='bbox 2320 1127 2415 1186; x_wconf 79' lang='grc' dir='ltr'><strong>οὖν</strong></span> <span class='ocrx_word' id='word_1_261' title='bbox 2443 1132 2801 1205; x_wconf 82' lang='grc' dir='ltr'><strong>Σαμαρειτῶν</strong></span> <span class='ocrx_word' id='word_1_262' title='bbox 2830 1130 3119 1200; x_wconf 84' lang='grc' dir='ltr'>λεγόντων.</span> <span class='ocrx_word' id='word_1_263' title='bbox 3149 1132 3207 1185; x_wconf 78' lang='grc' dir='ltr'>ὲν</span> <span class='ocrx_word' id='word_1_264' title='bbox 3235 1130 3315 1202; x_wconf 83' lang='grc' dir='ltr'><strong>τῷ</strong></span> <span class='ocrx_word' id='word_1_265' title='bbox 3342 1129 3439 1184; x_wconf 89' lang='grc' dir='ltr'><strong>νῦν</strong></span> <span class='ocrx_word' id='word_1_266' title='bbox 3479 1128 3578 1199; x_wconf 83' lang='grc' dir='ltr'><strong>βίῳ</strong></span> <span class='ocrx_word' id='word_1_267' title='bbox 3608 1129 3764 1182; x_wconf 83' lang='grc' dir='ltr'>ἀπο-</span> 
     </span>
    </p>
   </div>
   <div class='ocr_carea' id='block_1_37' title="bbox 2158 1221 3763 1296">
    <p class='ocr_par' dir='ltr' id='par_1_37' title="bbox 2158 1221 3763 1296">
     <span class='ocr_line' id='line_1_37' title="bbox 2158 1221 3763 1296; baseline -0.001 -19"><span class='ocrx_word' id='word_1_268' title='bbox 2158 1224 2458 1296; x_wconf 78' lang='grc' dir='ltr'>λαμϐάνειν</span> <span class='ocrx_word' id='word_1_269' title='bbox 2504 1224 2643 1294; x_wconf 78' lang='grc' dir='ltr'>πρὸς</span> <span class='ocrx_word' id='word_1_270' title='bbox 2697 1224 2797 1288; x_wconf 79' lang='grc' dir='ltr'>τὰς</span> <span class='ocrx_word' id='word_1_271' title='bbox 2860 1221 3056 1279; x_wconf 82' lang='grc' dir='ltr'>ἑαυτοῦ</span> <span class='ocrx_word' id='word_1_272' title='bbox 3106 1223 3337 1296; x_wconf 82' lang='grc' dir='ltr'>πράξεις</span> <span class='ocrx_word' id='word_1_273' title='bbox 3385 1224 3620 1277; x_wconf 76' lang='grc' dir='ltr'>ἕκαστον</span> <span class='ocrx_word' id='word_1_274' title='bbox 3648 1240 3665 1255; x_wconf 74' lang='grc'><em>’</em></span> <span class='ocrx_word' id='word_1_275' title='bbox 3696 1222 3763 1276; x_wconf 77' lang='grc' dir='ltr'><strong>τί</strong></span> 
     </span>
    </p>
   </div>
   <div class='ocr_carea' id='block_1_38' title="bbox 2159 1311 3762 1390">
    <p class='ocr_par' dir='ltr' id='par_1_38' title="bbox 2159 1311 3762 1390">
     <span class='ocr_line' id='line_1_38' title="bbox 2159 1311 3762 1390; baseline -0.001 -18"><span class='ocrx_word' id='word_1_276' title='bbox 2159 1318 2358 1390; x_wconf 78' lang='grc' dir='ltr'>ἔχομεν</span> <span class='ocrx_word' id='word_1_277' title='bbox 2400 1320 2578 1373; x_wconf 76' lang='grc' dir='ltr'>εἰπεῖν</span> <span class='ocrx_word' id='word_1_278' title='bbox 2603 1318 2734 1390; x_wconf 77' lang='grc' dir='ltr'>περὶ</span> <span class='ocrx_word' id='word_1_279' title='bbox 2763 1318 2858 1373; x_wconf 91' lang='grc' dir='ltr'><strong>τοῦ</strong></span> <span class='ocrx_word' id='word_1_280' title='bbox 2892 1317 3080 1381; x_wconf 74' lang='grc' dir='ltr'>Ἅϐελ,</span> <span class='ocrx_word' id='word_1_281' title='bbox 3192 1317 3544 1389; x_wconf 81' lang='grc' dir='ltr'>δικαιοσύνην</span> <span class='ocrx_word' id='word_1_282' title='bbox 3569 1318 3762 1389; x_wconf 81' lang='grc' dir='ltr'>ἐμαρ-</span> 
     </span>
    </p>
   </div>
   <div class='ocr_carea' id='block_1_39' title="bbox 2157 1408 3758 1484">
    <p class='ocr_par' dir='ltr' id='par_1_39' title="bbox 2157 1408 3758 1484">
     <span class='ocr_line' id='line_1_39' title="bbox 2157 1408 3758 1484; baseline -0.002 -17"><span class='ocrx_word' id='word_1_283' title='bbox 2157 1411 2397 1484; x_wconf 81' lang='grc' dir='ltr'>τύρησεν</span> <span class='ocrx_word' id='word_1_284' title='bbox 2428 1412 2457 1466; x_wconf 87' lang='lat'><strong>6</strong></span> <span class='ocrx_word' id='word_1_285' title='bbox 2491 1411 2655 1477; x_wconf 73' lang='lat'><strong>866;;</strong></span> <span class='ocrx_word' id='word_1_286' title='bbox 2694 1412 2861 1466; x_wconf 82' lang='grc' dir='ltr'>Ὅσον</span> <span class='ocrx_word' id='word_1_287' title='bbox 2894 1411 3004 1482; x_wconf 84' lang='grc' dir='ltr'><strong>γὰρ</strong></span> <span class='ocrx_word' id='word_1_288' title='bbox 3032 1409 3140 1465; x_wconf 83' lang='grc' dir='ltr'>ἀπὸ</span> <span class='ocrx_word' id='word_1_289' title='bbox 3165 1409 3260 1463; x_wconf 89' lang='grc' dir='ltr'><strong>τοῦ</strong></span> <span class='ocrx_word' id='word_1_290' title='bbox 3299 1408 3394 1462; x_wconf 88' lang='grc' dir='ltr'><strong>νῦν</strong></span> <span class='ocrx_word' id='word_1_291' title='bbox 3429 1410 3570 1481; x_wconf 80' lang='grc' dir='ltr'>βίου,</span> <span class='ocrx_word' id='word_1_292' title='bbox 3595 1410 3758 1464; x_wconf 83' lang='grc' dir='ltr'>κα.κά</span> 
     </span>
    </p>
   </div>
   <div class='ocr_carea' id='block_1_40' title="bbox 2159 1500 3757 1574">
    <p class='ocr_par' dir='ltr' id='par_1_40' title="bbox 2159 1500 3757 1574">
     <span class='ocr_line' id='line_1_40' title="bbox 2159 1500 3757 1574; baseline -0.002 -14"><span class='ocrx_word' id='word_1_293' title='bbox 2159 1506 2281 1560; x_wconf 78' lang='grc' dir='ltr'>ἀντὶ</span> <span class='ocrx_word' id='word_1_294' title='bbox 2309 1504 2491 1561; x_wconf 85' lang='grc' dir='ltr'>καλῶν</span> <span class='ocrx_word' id='word_1_295' title='bbox 2520 1504 2818 1560; x_wconf 77' lang='grc' dir='ltr'>ἀπέλαϐεν.</span> <span class='ocrx_word' id='word_1_296' title='bbox 2868 1505 2964 1559; x_wconf 90' lang='grc' dir='ltr'><strong>Ἐκ</strong></span> <span class='ocrx_word' id='word_1_297' title='bbox 2983 1505 3175 1559; x_wconf 86' lang='grc' dir='ltr'>τούτου</span> <span class='ocrx_word' id='word_1_298' title='bbox 3201 1500 3296 1558; x_wconf 78' lang='grc' dir='ltr'><strong>οὖν</strong></span> <span class='ocrx_word' id='word_1_299' title='bbox 3325 1503 3509 1574; x_wconf 81' lang='grc' dir='ltr'>δῆλον,</span> <span class='ocrx_word' id='word_1_300' title='bbox 3539 1504 3621 1557; x_wconf 83' lang='grc' dir='ltr'>ὃτι</span> <span class='ocrx_word' id='word_1_301' title='bbox 3652 1503 3757 1557; x_wconf 77' lang='grc' dir='ltr'><strong>καὶ</strong></span> 
     </span>
    </p>
   </div>
   <div class='ocr_carea' id='block_1_41' title="bbox 2156 1596 3751 1672">
    <p class='ocr_par' dir='ltr' id='par_1_41' title="bbox 2156 1596 3751 1672">
     <span class='ocr_line' id='line_1_41' title="bbox 2156 1596 3751 1672; baseline -0.003 -18"><span class='ocrx_word' id='word_1_302' title='bbox 2156 1601 2190 1671; x_wconf 86' lang='grc' dir='ltr'><strong>ή</strong></span> <span class='ocrx_word' id='word_1_303' title='bbox 2231 1598 2381 1672; x_wconf 80' lang='grc' dir='ltr'>ψυχὴ</span> <span class='ocrx_word' id='word_1_304' title='bbox 2418 1598 2689 1663; x_wconf 82' lang='grc' dir='ltr'>ἀθάνατός</span> <span class='ocrx_word' id='word_1_305' title='bbox 2734 1599 2874 1660; x_wconf 77' lang='grc' dir='ltr'>ἐστι.</span> <span class='ocrx_word' id='word_1_306' title='bbox 2909 1599 3005 1653; x_wconf 73' lang='grc' dir='ltr'>καὶ</span> <span class='ocrx_word' id='word_1_307' title='bbox 3035 1600 3334 1653; x_wconf 82' lang='grc' dir='ltr'><strong>ἀνάστασιν</strong></span> <span class='ocrx_word' id='word_1_308' title='bbox 3362 1598 3445 1652; x_wconf 82' lang='grc' dir='ltr'><strong>δεῖ</strong></span> <span class='ocrx_word' id='word_1_309' title='bbox 3474 1596 3751 1662; x_wconf 77' lang='grc' dir='ltr'>δοξάζεινο</span> 
     </span>
    </p>
   </div>
   <div class='ocr_carea' id='block_1_42' title="bbox 2158 1685 3755 1767">
    <p class='ocr_par' dir='ltr' id='par_1_42' title="bbox 2158 1685 3755 1767">
     <span class='ocr_line' id='line_1_42' title="bbox 2158 1685 3755 1767; baseline 0 -23"><span class='ocrx_word' id='word_1_310' title='bbox 2158 1693 2206 1745; x_wconf 88' lang='grc' dir='ltr'><strong>εί</strong></span> <span class='ocrx_word' id='word_1_311' title='bbox 2244 1693 2319 1762; x_wconf 84' lang='grc' dir='ltr'>μὴ</span> <span class='ocrx_word' id='word_1_312' title='bbox 2346 1691 2459 1763; x_wconf 82' lang='grc' dir='ltr'><strong>γὰρ</strong></span> <span class='ocrx_word' id='word_1_313' title='bbox 2495 1686 2585 1763; x_wconf 82' lang='grc' dir='ltr'>ἦν,</span> <span class='ocrx_word' id='word_1_314' title='bbox 2613 1693 2671 1746; x_wconf 80' lang='grc' dir='ltr'>ὲν</span> <span class='ocrx_word' id='word_1_315' title='bbox 2770 1691 2880 1748; x_wconf 89' lang='grc' dir='ltr'><strong>τῶν</strong></span> <span class='ocrx_word' id='word_1_316' title='bbox 2909 1692 3130 1747; x_wconf 77' lang='grc' dir='ltr'><strong>οἰκείων</strong></span> <span class='ocrx_word' id='word_1_317' title='bbox 3170 1692 3397 1764; x_wconf 78' lang='grc' dir='ltr'>ἔμελλεν</span> <span class='ocrx_word' id='word_1_318' title='bbox 3432 1692 3755 1746; x_wconf 85' lang='grc' dir='ltr'>ἀπολαῦσαι</span> 
     </span>
    </p>
   </div>
   <div class='ocr_carea' id='block_1_43' title="bbox 2159 1783 3755 1855">
    <p class='ocr_par' dir='ltr' id='par_1_43' title="bbox 2159 1783 3755 1855">
     <span class='ocr_line' id='line_1_43' title="bbox 2159 1783 3755 1855; baseline 0.001 -19"><span class='ocrx_word' id='word_1_319' title='bbox 2159 1783 2434 1853; x_wconf 83' lang='grc' dir='ltr'>πράξεων,</span> <span class='ocrx_word' id='word_1_320' title='bbox 2464 1784 2567 1837; x_wconf 77' lang='grc' dir='ltr'>οὐκ</span> <span class='ocrx_word' id='word_1_321' title='bbox 2598 1783 2665 1837; x_wconf 82' lang='grc' dir='ltr'>ἂν</span> <span class='ocrx_word' id='word_1_322' title='bbox 2693 1786 2721 1838; x_wconf 91' lang='grc' dir='ltr'><strong>ὀ</strong></span> <span class='ocrx_word' id='word_1_323' title='bbox 2747 1784 2993 1849; x_wconf 87' lang='grc' dir='ltr'>τοιοῦτος</span> <span class='ocrx_word' id='word_1_324' title='bbox 3025 1785 3230 1851; x_wconf 85' lang='grc' dir='ltr'>ἀδίκως</span> <span class='ocrx_word' id='word_1_325' title='bbox 3258 1783 3556 1839; x_wconf 80' lang='grc' dir='ltr'><strong>ἀπέθανεν.</strong></span> <span class='ocrx_word' id='word_1_326' title='bbox 3595 1784 3755 1855; x_wconf 77' lang='grc' dir='ltr'>Αὕτη</span> 
     </span>
    </p>
   </div>
   <div class='ocr_carea' id='block_1_44' title="bbox 2158 1876 3753 1949">
    <p class='ocr_par' dir='ltr' id='par_1_44' title="bbox 2158 1876 3753 1949">
     <span class='ocr_line' id='line_1_44' title="bbox 2158 1876 3753 1949; baseline 0.001 -20"><span class='ocrx_word' id='word_1_327' title='bbox 2158 1876 2308 1930; x_wconf 70' lang='grc' dir='ltr'>ἐστὶν</span> <span class='ocrx_word' id='word_1_328' title='bbox 2358 1878 2393 1947; x_wconf 87' lang='grc' dir='ltr'><strong>ή</strong></span> <span class='ocrx_word' id='word_1_329' title='bbox 2430 1877 2644 1949; x_wconf 81' lang='grc' dir='ltr'>αἵρεσις</span> <span class='ocrx_word' id='word_1_330' title='bbox 2687 1879 2797 1931; x_wconf 83' lang='grc' dir='ltr'><strong>τῶν</strong></span> <span class='ocrx_word' id='word_1_331' title='bbox 2855 1878 3235 1949; x_wconf 87' lang='grc' dir='ltr'>Σαμαρειτῶν.</span> <span class='ocrx_word' id='word_1_332' title='bbox 3285 1879 3484 1933; x_wconf 72' lang='grc' dir='ltr'>’ἰστέον</span> <span class='ocrx_word' id='word_1_333' title='bbox 3525 1878 3613 1940; x_wconf 80' lang='grc' dir='ltr'>δὲ,</span> <span class='ocrx_word' id='word_1_334' title='bbox 3660 1879 3753 1931; x_wconf 82' lang='grc' dir='ltr'>ὅτι</span> 
     </span>
    </p>
   </div>
   <div class='ocr_carea' id='block_1_45' title="bbox 2159 1969 3751 2043">
    <p class='ocr_par' dir='ltr' id='par_1_45' title="bbox 2159 1969 3751 2043">
     <span class='ocr_line' id='line_1_45' title="bbox 2159 1969 3751 2043; baseline -0.001 -20"><span class='ocrx_word' id='word_1_335' title='bbox 2159 1970 2638 2043; x_wconf 77' lang='grc' dir='ltr'>Ναϐουχοδονόσορ</span> <span class='ocrx_word' id='word_1_336' title='bbox 2670 1973 2698 2026; x_wconf 87' lang='lat'><strong>6</strong></span> <span class='ocrx_word' id='word_1_337' title='bbox 2733 1971 2991 2043; x_wconf 83' lang='grc' dir='ltr'>βασιλεὺς</span> <span class='ocrx_word' id='word_1_338' title='bbox 3040 1972 3154 2027; x_wconf 88' lang='grc' dir='ltr'><strong>τῶν</strong></span> <span class='ocrx_word' id='word_1_339' title='bbox 3195 1972 3522 2043; x_wconf 78' lang='grc' dir='ltr'><strong>Ἀσσυρίων,</strong></span> <span class='ocrx_word' id='word_1_340' title='bbox 3572 1969 3751 2024; x_wconf 76' lang='grc' dir='ltr'>ἐλθὼν</span> 
     </span>
    </p>
   </div>
   <div class='ocr_carea' id='block_1_46' title="bbox 2160 2065 3755 2138">
    <p class='ocr_par' dir='ltr' id='par_1_46' title="bbox 2160 2065 3755 2138">
     <span class='ocr_line' id='line_1_46' title="bbox 2160 2065 3755 2138; baseline 0 -19"><span class='ocrx_word' id='word_1_341' title='bbox 2160 2068 2242 2129; x_wconf 86' lang='grc' dir='ltr'><strong>είς</strong></span> <span class='ocrx_word' id='word_1_342' title='bbox 2268 2066 2337 2121; x_wconf 86' lang='grc' dir='ltr'><strong>τά</strong></span> <span class='ocrx_word' id='word_1_343' title='bbox 2390 2065 2739 2138; x_wconf 86' lang='grc' dir='ltr'>Ἰεροσόλυμα</span> <span class='ocrx_word' id='word_1_344' title='bbox 2781 2066 2874 2119; x_wconf 75' lang='grc' dir='ltr'><strong>ἐπὶ</strong></span> <span class='ocrx_word' id='word_1_345' title='bbox 2899 2066 3150 2121; x_wconf 85' lang='grc' dir='ltr'>Σεδεκίου</span> <span class='ocrx_word' id='word_1_346' title='bbox 3190 2066 3285 2120; x_wconf 88' lang='grc' dir='ltr'><strong>τοῦ</strong></span> <span class='ocrx_word' id='word_1_347' title='bbox 3323 2066 3609 2135; x_wconf 80' lang='grc' dir='ltr'>βασιλέως,</span> <span class='ocrx_word' id='word_1_348' title='bbox 3643 2067 3755 2120; x_wconf 66' lang='grc' dir='ltr'>καὶ</span> 
     </span>
    </p>
   </div>
   <div class='ocr_carea' id='block_1_47' title="bbox 2160 2154 3757 2228">
    <p class='ocr_par' dir='ltr' id='par_1_47' title="bbox 2160 2154 3757 2228">
     <span class='ocr_line' id='line_1_47' title="bbox 2160 2154 3757 2228; baseline 0.002 -19"><span class='ocrx_word' id='word_1_349' title='bbox 2160 2157 2288 2221; x_wconf 78' lang='grc' dir='ltr'>τοὺς</span> <span class='ocrx_word' id='word_1_350' title='bbox 2324 2155 2614 2219; x_wconf 77' lang='grc' dir='ltr'><strong>Ἰουδαίους</strong></span> <span class='ocrx_word' id='word_1_351' title='bbox 2652 2154 3072 2226; x_wconf 75' lang='grc' dir='ltr'>ᾐγμαλώτευσε,</span> <span class='ocrx_word' id='word_1_352' title='bbox 3111 2157 3208 2211; x_wconf 67' lang='grc' dir='ltr'><strong>καλ⁵</strong></span> <span class='ocrx_word' id='word_1_353' title='bbox 3246 2156 3440 2213; x_wconf 78' lang='grc' dir='ltr'>ἐλαϐεν</span> <span class='ocrx_word' id='word_1_354' title='bbox 3479 2159 3562 2223; x_wconf 89' lang='grc' dir='ltr'><strong>είς</strong></span> <span class='ocrx_word' id='word_1_355' title='bbox 3607 2159 3757 2228; x_wconf 85' lang='grc' dir='ltr'>Περ-</span> 
     </span>
    </p>
   </div>
   <div class='ocr_carea' id='block_1_48' title="bbox 2164 2245 3757 2322">
    <p class='ocr_par' dir='ltr' id='par_1_48' title="bbox 2164 2245 3757 2322">
     <span class='ocr_line' id='line_1_48' title="bbox 2164 2245 3757 2322; baseline -0.001 -18"><span class='ocrx_word' id='word_1_356' title='bbox 2164 2251 2303 2304; x_wconf 85' lang='grc' dir='ltr'>σίδα·</span> <span class='ocrx_word' id='word_1_357' title='bbox 2347 2250 2408 2304; x_wconf 85' lang='grc' dir='ltr'>ὲν</span> <span class='ocrx_word' id='word_1_358' title='bbox 2453 2245 2536 2313; x_wconf 72' lang='grc' dir='ltr'><strong>οἷς</strong></span> <span class='ocrx_word' id='word_1_359' title='bbox 2578 2245 2649 2322; x_wconf 83' lang='grc' dir='ltr'>ἦν</span> <span class='ocrx_word' id='word_1_360' title='bbox 2700 2249 2970 2312; x_wconf 84' lang='grc' dir='ltr'>Ἀνανίας.</span> <span class='ocrx_word' id='word_1_361' title='bbox 3010 2248 3302 2322; x_wconf 80' lang='grc' dir='ltr'>Ἀζαρίας,</span> <span class='ocrx_word' id='word_1_362' title='bbox 3348 2251 3598 2321; x_wconf 79' lang='grc' dir='ltr'>Μισαὴλ,</span> <span class='ocrx_word' id='word_1_363' title='bbox 3650 2251 3757 2304; x_wconf 74' lang='grc' dir='ltr'><strong>καὶ</strong></span> 
     </span>
    </p>
   </div>
   <div class='ocr_carea' id='block_1_49' title="bbox 2174 2336 3756 2413">
    <p class='ocr_par' dir='ltr' id='par_1_49' title="bbox 2174 2336 3756 2413">
     <span class='ocr_line' id='line_1_49' title="bbox 2174 2336 3756 2413; baseline 0.001 -18"><span class='ocrx_word' id='word_1_364' title='bbox 2174 2342 2458 2413; x_wconf 76' lang='grc' dir='ltr'>Ἰεςεκιὴλ,</span> <span class='ocrx_word' id='word_1_365' title='bbox 2495 2341 2589 2396; x_wconf 74' lang='grc' dir='ltr'><strong>καὶ</strong></span> <span class='ocrx_word' id='word_1_366' title='bbox 2636 2341 2893 2410; x_wconf 79' lang='grc' dir='ltr'>Ἔσδρας.</span> <span class='ocrx_word' id='word_1_367' title='bbox 2940 2341 3100 2397; x_wconf 83' lang='grc' dir='ltr'>Μετά</span> <span class='ocrx_word' id='word_1_368' title='bbox 3139 2336 3234 2396; x_wconf 77' lang='grc' dir='ltr'>οὖν</span> <span class='ocrx_word' id='word_1_369' title='bbox 3262 2349 3305 2396; x_wconf 83' lang='grc' dir='ltr'><strong>ο¹</strong></span> <span class='ocrx_word' id='word_1_370' title='bbox 3338 2342 3468 2413; x_wconf 77' lang='grc' dir='ltr'>ἐτη,</span> <span class='ocrx_word' id='word_1_371' title='bbox 3499 2343 3594 2396; x_wconf 76' lang='grc' dir='ltr'><strong>ἐπὶ</strong></span> <span class='ocrx_word' id='word_1_372' title='bbox 3630 2343 3756 2396; x_wconf 76' lang='grc' dir='ltr'><strong>Κῦ-</strong></span> 
     </span>
    </p>
   </div>
   <div class='ocr_carea' id='block_1_50' title="bbox 2168 2430 3753 2504">
    <p class='ocr_par' dir='ltr' id='par_1_50' title="bbox 2168 2430 3753 2504">
     <span class='ocr_line' id='line_1_50' title="bbox 2168 2430 3753 2504; baseline 0.001 -18"><span class='ocrx_word' id='word_1_373' title='bbox 2168 2449 2263 2502; x_wconf 87' lang='grc' dir='ltr'><strong>ρου</strong></span> <span class='ocrx_word' id='word_1_374' title='bbox 2293 2430 2386 2485; x_wconf 87' lang='grc' dir='ltr'><strong>τοῦ</strong></span> <span class='ocrx_word' id='word_1_375' title='bbox 2429 2431 2715 2503; x_wconf 81' lang='grc' dir='ltr'>βασιλέως,</span> <span class='ocrx_word' id='word_1_376' title='bbox 2754 2433 3094 2488; x_wconf 80' lang='grc' dir='ltr'>ἐπανέλυσαν</span> <span class='ocrx_word' id='word_1_377' title='bbox 3139 2434 3221 2499; x_wconf 87' lang='grc' dir='ltr'><strong>είς</strong></span> <span class='ocrx_word' id='word_1_378' title='bbox 3261 2433 3331 2486; x_wconf 90' lang='grc' dir='ltr'><strong>τά</strong></span> <span class='ocrx_word' id='word_1_379' title='bbox 3369 2434 3753 2504; x_wconf 82' lang='grc' dir='ltr'>Ἱεροσόλυμα.</span> 
     </span>
    </p>
   </div>
   <div class='ocr_carea' id='block_1_51' title="bbox 2164 2523 3754 2597">
    <p class='ocr_par' dir='ltr' id='par_1_51' title="bbox 2164 2523 3754 2597">
     <span class='ocr_line' id='line_1_51' title="bbox 2164 2523 3754 2597; baseline 0.001 -18"><span class='ocrx_word' id='word_1_380' title='bbox 2164 2523 2258 2579; x_wconf 88' lang='grc' dir='ltr'><strong>τοῦ</strong></span> <span class='ocrx_word' id='word_1_381' title='bbox 2295 2524 2481 2595; x_wconf 79' lang='grc' dir='ltr'>Κύρου</span> <span class='ocrx_word' id='word_1_382' title='bbox 2509 2524 2695 2589; x_wconf 83' lang='grc' dir='ltr'>αὐτοῖς</span> <span class='ocrx_word' id='word_1_383' title='bbox 2729 2526 3188 2597; x_wconf 77' lang='grc' dir='ltr'>συγχωρήσαντος</span> <span class='ocrx_word' id='word_1_384' title='bbox 3215 2526 3313 2597; x_wconf 75' lang='grc' dir='ltr'>τὴν</span> <span class='ocrx_word' id='word_1_385' title='bbox 3341 2527 3625 2587; x_wconf 74' lang='grc' dir='ltr'>ἐπάνοδον.</span> <span class='ocrx_word' id='word_1_386' title='bbox 3657 2527 3754 2581; x_wconf 86' lang='grc' dir='ltr'><strong>διά</strong></span> 
     </span>
    </p>
   </div>
   <div class='ocr_carea' id='block_1_52' title="bbox 2163 2614 3753 2690">
    <p class='ocr_par' dir='ltr' id='par_1_52' title="bbox 2163 2614 3753 2690">
     <span class='ocr_line' id='line_1_52' title="bbox 2163 2614 3753 2690; baseline 0.003 -19"><span class='ocrx_word' id='word_1_387' title='bbox 2163 2617 2225 2671; x_wconf 86' lang='grc' dir='ltr'>τὸ</span> <span class='ocrx_word' id='word_1_388' title='bbox 2255 2616 2427 2673; x_wconf 85' lang='grc' dir='ltr'>πολλά</span> <span class='ocrx_word' id='word_1_389' title='bbox 2454 2618 2605 2690; x_wconf 80' lang='grc' dir='ltr'>αὐτῷ</span> <span class='ocrx_word' id='word_1_390' title='bbox 2635 2618 2945 2688; x_wconf 78' lang='grc' dir='ltr'>προλέγειν.</span> <span class='ocrx_word' id='word_1_391' title='bbox 2977 2614 3052 2673; x_wconf 82' lang='grc' dir='ltr'><strong>ῶν</strong></span> <span class='ocrx_word' id='word_1_392' title='bbox 3080 2619 3285 2690; x_wconf 72' lang='grc' dir='ltr'>ἤμελλε</span> <span class='ocrx_word' id='word_1_393' title='bbox 3333 2622 3531 2673; x_wconf 82' lang='grc' dir='ltr'><strong>ποιεῖν.</strong></span> <span class='ocrx_word' id='word_1_394' title='bbox 3587 2620 3648 2673; x_wconf 88' lang='lat'><strong>&#39;0</strong></span> <span class='ocrx_word' id='word_1_395' title='bbox 3690 2621 3753 2675; x_wconf 72' lang='grc' dir='ltr'>δὲ</span> 
     </span>
    </p>
   </div>
   <div class='ocr_carea' id='block_1_53' title="bbox 2169 2708 3754 2782">
    <p class='ocr_par' dir='ltr' id='par_1_53' title="bbox 2169 2708 3754 2782">
     <span class='ocr_line' id='line_1_53' title="bbox 2169 2708 3754 2782; baseline 0.001 -20"><span class='ocrx_word' id='word_1_396' title='bbox 2169 2709 2407 2782; x_wconf 84' lang='grc' dir='ltr'>Ἔσδρας</span> <span class='ocrx_word' id='word_1_397' title='bbox 2478 2708 2859 2782; x_wconf 76' lang='grc' dir='ltr'>συνεγράψατο</span> <span class='ocrx_word' id='word_1_398' title='bbox 2912 2710 3011 2781; x_wconf 80' lang='grc' dir='ltr'>τὴν</span> <span class='ocrx_word' id='word_1_399' title='bbox 3068 2710 3329 2764; x_wconf 75' lang='grc' dir='ltr'><strong>ἐπάνοδον</strong></span> <span class='ocrx_word' id='word_1_400' title='bbox 3386 2710 3608 2764; x_wconf 67' lang='grc' dir='ltr'>αὐτῶνθ</span> <span class='ocrx_word' id='word_1_401' title='bbox 3649 2711 3754 2764; x_wconf 75' lang='grc' dir='ltr'><strong>καὶ</strong></span> 
     </span>
    </p>
   </div>
   <div class='ocr_carea' id='block_1_54' title="bbox 2156 2799 3751 2872">
    <p class='ocr_par' dir='ltr' id='par_1_54' title="bbox 2156 2799 3751 2872">
     <span class='ocr_line' id='line_1_54' title="bbox 2156 2799 3751 2872; baseline 0.001 -19"><span class='ocrx_word' id='word_1_402' title='bbox 2156 2799 2326 2854; x_wconf 79' lang='grc' dir='ltr'>ἐλθὼν</span> <span class='ocrx_word' id='word_1_403' title='bbox 2365 2802 2445 2866; x_wconf 83' lang='grc' dir='ltr'>εἰς</span> <span class='ocrx_word' id='word_1_404' title='bbox 2473 2800 2544 2855; x_wconf 78' lang='grc' dir='ltr'><strong>τὰ</strong></span> <span class='ocrx_word' id='word_1_405' title='bbox 2589 2800 2967 2872; x_wconf 84' lang='grc' dir='ltr'>Ἱεροσόλυμα,</span> <span class='ocrx_word' id='word_1_406' title='bbox 2993 2803 3088 2855; x_wconf 77' lang='grc' dir='ltr'>καὶ</span> <span class='ocrx_word' id='word_1_407' title='bbox 3120 2800 3320 2872; x_wconf 81' lang='grc' dir='ltr'>εὑρὼν,</span> <span class='ocrx_word' id='word_1_408' title='bbox 3348 2801 3431 2855; x_wconf 82' lang='grc' dir='ltr'>ὅτι</span> <span class='ocrx_word' id='word_1_409' title='bbox 3464 2802 3644 2856; x_wconf 81' lang='grc' dir='ltr'>πάντα</span> <span class='ocrx_word' id='word_1_410' title='bbox 3672 2800 3751 2854; x_wconf 74' lang='grc' dir='ltr'>τὰ</span> 
     </span>
    </p>
   </div>
   <div class='ocr_carea' id='block_1_55' title="bbox 2162 2888 3753 2966">
    <p class='ocr_par' dir='ltr' id='par_1_55' title="bbox 2162 2888 3753 2966">
     <span class='ocr_line' id='line_1_55' title="bbox 2162 2888 3753 2966; baseline 0.001 -21"><span class='ocrx_word' id='word_1_411' title='bbox 2162 2891 2348 2963; x_wconf 79' lang='grc' dir='ltr'>βιϐλία</span> <span class='ocrx_word' id='word_1_412' title='bbox 2375 2888 2517 2964; x_wconf 79' lang='grc' dir='ltr'>ἦσαν</span> <span class='ocrx_word' id='word_1_413' title='bbox 2547 2892 2842 2959; x_wconf 82' lang='grc' dir='ltr'>καυθέντα,</span> <span class='ocrx_word' id='word_1_414' title='bbox 2867 2894 3031 2964; x_wconf 81' lang='grc' dir='ltr'>ἡνίκα</span> <span class='ocrx_word' id='word_1_415' title='bbox 3071 2892 3595 2966; x_wconf 72' lang='grc' dir='ltr'>ᾐχμαλωτίσθησαν,</span> <span class='ocrx_word' id='word_1_416' title='bbox 3635 2892 3753 2946; x_wconf 85' lang='lat'>61:6</span> 
     </span>
    </p>
   </div>
   <div class='ocr_carea' id='block_1_56' title="bbox 2156 2985 3756 3057">
    <p class='ocr_par' dir='ltr' id='par_1_56' title="bbox 2156 2985 3756 3057">
     <span class='ocr_line' id='line_1_56' title="bbox 2156 2985 3756 3057; baseline 0 -18"><span class='ocrx_word' id='word_1_417' title='bbox 2156 2986 2379 3057; x_wconf 84' lang='grc' dir='ltr'><strong>μνήμης</strong></span> <span class='ocrx_word' id='word_1_418' title='bbox 2423 2985 2642 3055; x_wconf 82' lang='grc' dir='ltr'>λέγεται</span> <span class='ocrx_word' id='word_1_419' title='bbox 2677 2986 3102 3057; x_wconf 70' lang='grc' dir='ltr'>συγγράψασοαι</span> <span class='ocrx_word' id='word_1_420' title='bbox 3145 2986 3215 3039; x_wconf 81' lang='grc' dir='ltr'>τὰ</span> <span class='ocrx_word' id='word_1_421' title='bbox 3244 2986 3328 3056; x_wconf 78' lang='grc' dir='ltr'><strong>κβ¹</strong></span> <span class='ocrx_word' id='word_1_422' title='bbox 3361 2986 3563 3056; x_wconf 70' lang='grc' dir='ltr'>βιϐλίον</span> <span class='ocrx_word' id='word_1_423' title='bbox 3600 2988 3756 3056; x_wconf 74' lang='grc' dir='ltr'>ὅπερ</span> 
     </span>
    </p>
   </div>
   <div class='ocr_carea' id='block_1_57' title="bbox 2153 3068 3750 3152">
    <p class='ocr_par' dir='ltr' id='par_1_57' title="bbox 2153 3068 3750 3152">
     <span class='ocr_line' id='line_1_57' title="bbox 2153 3068 3750 3152; baseline 0.003 -21"><span class='ocrx_word' id='word_1_424' title='bbox 2153 3079 2213 3132; x_wconf 85' lang='grc' dir='ltr'>ὲν</span> <span class='ocrx_word' id='word_1_425' title='bbox 2229 3080 2345 3137; x_wconf 83' lang='grc' dir='ltr'>τοῖς</span> <span class='ocrx_word' id='word_1_426' title='bbox 2376 3078 2489 3132; x_wconf 85' lang='grc' dir='ltr'>ἄνω</span> <span class='ocrx_word' id='word_1_427' title='bbox 2524 3078 3058 3151; x_wconf 85' lang='grc' dir='ltr'>ἀπηριθμησάμεθα,</span> <span class='ocrx_word' id='word_1_428' title='bbox 3107 3078 3198 3132; x_wconf 85' lang='grc' dir='ltr'>Ἑν</span> <span class='ocrx_word' id='word_1_429' title='bbox 3224 3068 3437 3144; x_wconf 73' lang='grc' dir='ltr'>τούτδις</span> <span class='ocrx_word' id='word_1_430' title='bbox 3459 3081 3493 3152; x_wconf 89' lang='grc' dir='ltr'><strong>ή</strong></span> <span class='ocrx_word' id='word_1_431' title='bbox 3517 3076 3750 3150; x_wconf 76' lang='grc' dir='ltr'>Θεωρία.</span> 
     </span>
    </p>
   </div>
   <div class='ocr_carea' id='block_1_58' title="bbox 469 3168 3200 3244">
    <p class='ocr_par' dir='ltr' id='par_1_58' title="bbox 469 3168 3200 3244">
     <span class='ocr_line' id='line_1_58' title="bbox 469 3168 3200 3244; baseline -0 -16"><span class='ocrx_word' id='word_1_432' title='bbox 469 3173 642 3229; x_wconf 90' lang='lat' dir='ltr'><strong>libros</strong></span> <span class='ocrx_word' id='word_1_433' title='bbox 672 3186 814 3244; x_wconf 89' lang='lat' dir='ltr'><strong>quos</strong></span> <span class='ocrx_word' id='word_1_434' title='bbox 833 3186 999 3243; x_wconf 88' lang='lat' dir='ltr'><strong>supra</strong></span> <span class='ocrx_word' id='word_1_435' title='bbox 1030 3170 1433 3236; x_wconf 89' lang='lat' dir='ltr'><strong>rccensuimus,</strong></span> <span class='ocrx_word' id='word_1_436' title='bbox 1466 3170 1523 3225; x_wconf 93' lang='lat' dir='ltr'><strong>in</strong></span> <span class='ocrx_word' id='word_1_437' title='bbox 1554 3169 1771 3225; x_wconf 88' lang='lat' dir='ltr'><strong>litteras</strong></span> <span class='ocrx_word' id='word_1_438' title='bbox 1794 3168 2047 3225; x_wconf 88' lang='lat' dir='ltr'><strong>retulisse</strong></span> <span class='ocrx_word' id='word_1_439' title='bbox 2078 3170 2428 3241; x_wconf 84' lang='lat' dir='ltr'><strong>perhibetur.</strong></span> <span class='ocrx_word' id='word_1_440' title='bbox 2464 3171 2591 3228; x_wconf 65' lang='lat' dir='ltr'><strong>Iltec</strong></span> <span class='ocrx_word' id='word_1_441' title='bbox 2621 3170 2976 3228; x_wconf 89' lang='lat' dir='ltr'><strong>considerare</strong></span> <span class='ocrx_word' id='word_1_442' title='bbox 3015 3170 3200 3227; x_wconf 90' lang='lat' dir='ltr'><strong>libuit.</strong></span> 
     </span>
    </p>
   </div>
   <div class='ocr_carea' id='block_1_59' title="bbox 469 3360 3757 3439">
    <p class='ocr_par' dir='ltr' id='par_1_59' title="bbox 469 3360 3757 3439">
     <span class='ocr_line' id='line_1_59' title="bbox 469 3360 3757 3439; baseline -0.001 -15"><span class='ocrx_word' id='word_1_443' title='bbox 469 3365 607 3425; x_wconf 84' lang='lat' dir='ltr'><strong>Hac</strong></span> <span class='ocrx_word' id='word_1_444' title='bbox 641 3362 829 3424; x_wconf 87' lang='lat' dir='ltr'><strong>tertia</strong></span> <span class='ocrx_word' id='word_1_445' title='bbox 865 3361 1130 3422; x_wconf 80' lang='lat' dir='ltr'><strong>Actione</strong></span> <span class='ocrx_word' id='word_1_446' title='bbox 1168 3362 1543 3423; x_wconf 81' lang='lat' dir='ltr'><strong>dividuntur</strong></span> <span class='ocrx_word' id='word_1_447' title='bbox 1580 3368 1862 3439; x_wconf 67' lang='lat' dir='ltr'><strong>tempore</strong></span> <span class='ocrx_word' id='word_1_448' title='bbox 1903 3378 2035 3439; x_wconf 68' lang='lat' dir='ltr'><strong>quin</strong></span> <span class='ocrx_word' id='word_1_449' title='bbox 2069 3379 2108 3419; x_wconf 84' lang='grc' dir='ltr'><strong>α</strong></span> <span class='ocrx_word' id='word_1_450' title='bbox 2146 3362 2497 3439; x_wconf 72' lang='grc' dir='ltr'>παιίυἰιαιο</span> <span class='ocrx_word' id='word_1_451' title='bbox 2528 3361 2771 3423; x_wconf 79' lang='lat' dir='ltr'><strong>Christi</strong></span> <span class='ocrx_word' id='word_1_452' title='bbox 2814 3361 2897 3421; x_wconf 85' lang='lat' dir='ltr'><strong>ad</strong></span> <span class='ocrx_word' id='word_1_453' title='bbox 2964 3360 3295 3439; x_wconf 80' lang='lat' dir='ltr'><strong>imperium</strong></span> <span class='ocrx_word' id='word_1_454' title='bbox 3318 3360 3757 3439; x_wconf 72' lang='lat' dir='ltr'><strong>Constantini</strong></span> 
     </span>
    </p>
   </div>
   <div class='ocr_carea' id='block_1_60' title="bbox 538 3438 3668 3523">
    <p class='ocr_par' dir='ltr' id='par_1_60' title="bbox 538 3438 3668 3523">
     <span class='ocr_line' id='line_1_60' title="bbox 538 3438 3668 3523; baseline -0.001 -19"><span class='ocrx_word' id='word_1_455' title='bbox 538 3441 925 3523; x_wconf 64' lang='lat' dir='ltr'><strong>eri/luxerunt</strong></span> <span class='ocrx_word' id='word_1_456' title='bbox 946 3461 966 3500; x_wconf 92' lang='lat'><strong><em>:</em></strong></span> <span class='ocrx_word' id='word_1_457' title='bbox 997 3451 1446 3501; x_wconf 81' lang='lat' dir='ltr'><strong>enumerantur</strong></span> <span class='ocrx_word' id='word_1_458' title='bbox 1468 3448 1683 3519; x_wconf 83' lang='lat' dir='ltr'><strong>patres</strong></span> <span class='ocrx_word' id='word_1_459' title='bbox 1704 3438 2132 3513; x_wconf 71' lang='lat' dir='ltr'><strong>ecclesiastici,</strong></span> <span class='ocrx_word' id='word_1_460' title='bbox 2161 3442 2271 3520; x_wconf 83' lang='lat' dir='ltr'><strong>qui</strong></span> <span class='ocrx_word' id='word_1_461' title='bbox 2301 3449 2432 3502; x_wconf 85' lang='lat' dir='ltr'><strong>toto</strong></span> <span class='ocrx_word' id='word_1_462' title='bbox 2458 3438 2564 3502; x_wconf 82' lang='lat' dir='ltr'><strong>illo</strong></span> <span class='ocrx_word' id='word_1_463' title='bbox 2588 3441 2934 3502; x_wconf 76' lang='lat' dir='ltr'><strong>interstitio</strong></span> <span class='ocrx_word' id='word_1_464' title='bbox 2966 3438 3265 3519; x_wconf 71' lang='lat' dir='ltr'><strong>temporis</strong></span> <span class='ocrx_word' id='word_1_465' title='bbox 3290 3438 3668 3516; x_wconf 76' lang='lat' dir='ltr'><strong>ﬂoruerunt.</strong></span> 
     </span>
    </p>
   </div>
   <div class='ocr_carea' id='block_1_61' title="bbox 1104 3541 1442 3598">
    <p class='ocr_par' dir='ltr' id='par_1_61' title="bbox 1104 3541 1442 3598">
     <span class='ocr_line' id='line_1_61' title="bbox 1104 3541 1442 3598; baseline 0.003 -2"><span class='ocrx_word' id='word_1_466' title='bbox 1104 3541 1313 3598; x_wconf 82' lang='lat' dir='ltr'><strong>ACTIO</strong></span> <span class='ocrx_word' id='word_1_467' title='bbox 1352 3542 1442 3598; x_wconf 85' lang='lat' dir='ltr'><strong>Ill.</strong></span> 
     </span>
    </p>
   </div>
   <div class='ocr_carea' id='block_1_62' title="bbox 538 3634 2131 3706">
    <p class='ocr_par' dir='ltr' id='par_1_62' title="bbox 538 3634 2131 3706">
     <span class='ocr_line' id='line_1_62' title="bbox 538 3634 2131 3706; baseline -0.003 -13"><span class='ocrx_word' id='word_1_468' title='bbox 538 3636 809 3705; x_wconf 87' lang='lat' dir='ltr'><strong>Quoniam</strong></span> <span class='ocrx_word' id='word_1_469' title='bbox 833 3636 903 3693; x_wconf 89' lang='lat' dir='ltr'><strong>de</strong></span> <span class='ocrx_word' id='word_1_470' title='bbox 924 3634 1260 3693; x_wconf 83' lang='lat' dir='ltr'><strong>Christianis</strong></span> <span class='ocrx_word' id='word_1_471' title='bbox 1304 3634 1654 3706; x_wconf 80' lang='lat' dir='ltr'><strong>dogmatibus</strong></span> <span class='ocrx_word' id='word_1_472' title='bbox 1675 3634 1930 3690; x_wconf 89' lang='lat' dir='ltr'><strong>habenda</strong></span> <span class='ocrx_word' id='word_1_473' title='bbox 1950 3634 2058 3690; x_wconf 91' lang='lat' dir='ltr'><strong>erit</strong></span> <span class='ocrx_word' id='word_1_474' title='bbox 2127 3684 2131 3688; x_wconf 94' lang='lat'><strong>.</strong></span> 
     </span>
    </p>
   </div>
   <div class='ocr_carea' id='block_1_63' title="bbox 466 3725 2055 3797">
    <p class='ocr_par' dir='ltr' id='par_1_63' title="bbox 466 3725 2055 3797">
     <span class='ocr_line' id='line_1_63' title="bbox 466 3725 2055 3797; baseline -0.004 -10"><span class='ocrx_word' id='word_1_475' title='bbox 466 3729 689 3796; x_wconf 83' lang='lat' dir='ltr'><strong>oratio,</strong></span> <span class='ocrx_word' id='word_1_476' title='bbox 739 3728 1115 3785; x_wconf 88' lang='lat' dir='ltr'><strong>necessarium</strong></span> <span class='ocrx_word' id='word_1_477' title='bbox 1161 3734 1283 3791; x_wconf 89' lang='lat' dir='ltr'><strong>est,</strong></span> <span class='ocrx_word' id='word_1_478' title='bbox 1341 3733 1655 3797; x_wconf 88' lang='lat' dir='ltr'><strong>temporum</strong></span> <span class='ocrx_word' id='word_1_479' title='bbox 1699 3725 2055 3797; x_wconf 87' lang='lat' dir='ltr'><strong>partitionem</strong></span> 
     </span>
    </p>
   </div>
   <div class='ocr_carea' id='block_1_64' title="bbox 469 3819 2058 3895">
    <p class='ocr_par' dir='ltr' id='par_1_64' title="bbox 469 3819 2058 3895">
     <span class='ocr_line' id='line_1_64' title="bbox 469 3819 2058 3895; baseline -0.004 -14"><span class='ocrx_word' id='word_1_480' title='bbox 469 3824 761 3895; x_wconf 83' lang='lat' dir='ltr'><strong>quamdam</strong></span> <span class='ocrx_word' id='word_1_481' title='bbox 792 3822 1033 3887; x_wconf 86' lang='lat' dir='ltr'><strong>institui,</strong></span> <span class='ocrx_word' id='word_1_482' title='bbox 1056 3829 1118 3876; x_wconf 91' lang='lat' dir='ltr'><strong>ut</strong></span> <span class='ocrx_word' id='word_1_483' title='bbox 1142 3820 1276 3876; x_wconf 91' lang='lat' dir='ltr'><strong>hinc</strong></span> <span class='ocrx_word' id='word_1_484' title='bbox 1295 3834 1712 3892; x_wconf 79' lang='lat' dir='ltr'><strong>cognoscamus,</strong></span> <span class='ocrx_word' id='word_1_485' title='bbox 1740 3820 1836 3890; x_wconf 89' lang='lat' dir='ltr'><strong>qui</strong></span> <span class='ocrx_word' id='word_1_486' title='bbox 1866 3819 2058 3876; x_wconf 91' lang='lat' dir='ltr'><strong>docto-</strong></span> 
     </span>
    </p>
   </div>
   <div class='ocr_carea' id='block_1_65' title="bbox 471 3910 2056 3987">
    <p class='ocr_par' dir='ltr' id='par_1_65' title="bbox 471 3910 2056 3987">
     <span class='ocr_line' id='line_1_65' title="bbox 471 3910 2056 3987; baseline -0.002 -17"><span class='ocrx_word' id='word_1_487' title='bbox 471 3932 581 3980; x_wconf 90' lang='lat' dir='ltr'><strong>res,</strong></span> <span class='ocrx_word' id='word_1_488' title='bbox 609 3931 733 3987; x_wconf 83' lang='lat' dir='ltr'><strong>quae</strong></span> <span class='ocrx_word' id='word_1_489' title='bbox 761 3921 927 3971; x_wconf 68' lang='lat' dir='ltr'><strong>sectae</strong></span> <span class='ocrx_word' id='word_1_490' title='bbox 950 3912 1190 3979; x_wconf 79' lang='lat' dir='ltr'><strong>fuerint;</strong></span> <span class='ocrx_word' id='word_1_491' title='bbox 1221 3926 1459 3982; x_wconf 88' lang='lat' dir='ltr'><strong>quarum</strong></span> <span class='ocrx_word' id='word_1_492' title='bbox 1484 3910 1749 3981; x_wconf 65' lang='lat' dir='ltr'><strong>quaelibet</strong></span> <span class='ocrx_word' id='word_1_493' title='bbox 1778 3911 1971 3967; x_wconf 89' lang='lat' dir='ltr'><strong>Patres</strong></span> <span class='ocrx_word' id='word_1_494' title='bbox 1995 3925 2056 3967; x_wconf 90' lang='lat' dir='ltr'><strong>se</strong></span> 
     </span>
    </p>
   </div>
   <div class='ocr_carea' id='block_1_66' title="bbox 470 4003 2055 4078">
    <p class='ocr_par' dir='ltr' id='par_1_66' title="bbox 470 4003 2055 4078">
     <span class='ocr_line' id='line_1_66' title="bbox 470 4003 2055 4078; baseline -0.001 -17"><span class='ocrx_word' id='word_1_495' title='bbox 470 4010 685 4078; x_wconf 75' lang='lat' dir='ltr'><strong>priores</strong></span> <span class='ocrx_word' id='word_1_496' title='bbox 735 4007 1017 4072; x_wconf 90' lang='lat' dir='ltr'><strong>admittit,</strong></span> <span class='ocrx_word' id='word_1_497' title='bbox 1064 4005 1410 4077; x_wconf 83' lang='lat' dir='ltr'><strong>posteriores</strong></span> <span class='ocrx_word' id='word_1_498' title='bbox 1462 4003 1664 4075; x_wconf 84' lang='lat' dir='ltr'><strong>rejieit.</strong></span> <span class='ocrx_word' id='word_1_499' title='bbox 1718 4003 2055 4075; x_wconf 87' lang='lat' dir='ltr'><strong>Temporum</strong></span> 
     </span>
    </p>
   </div>
   <div class='ocr_carea' id='block_1_67' title="bbox 471 4087 2053 4173">
    <p class='ocr_par' dir='ltr' id='par_1_67' title="bbox 471 4087 2053 4173">
     <span class='ocr_line' id='line_1_67' title="bbox 471 4087 2053 4173; baseline -0.001 -20"><span class='ocrx_word' id='word_1_500' title='bbox 471 4087 771 4173; x_wconf 28' lang='lat' dir='ltr'><strong>igitur-alia</strong></span> <span class='ocrx_word' id='word_1_501' title='bbox 793 4095 1003 4156; x_wconf 89' lang='lat' dir='ltr'><strong>Christi</strong></span> <span class='ocrx_word' id='word_1_502' title='bbox 1030 4098 1377 4153; x_wconf 87' lang='lat' dir='ltr'><strong>nativitatem</strong></span> <span class='ocrx_word' id='word_1_503' title='bbox 1402 4095 1767 4168; x_wconf 66' lang='lat' dir='ltr'><strong>praecedunt,</strong></span> <span class='ocrx_word' id='word_1_504' title='bbox 1816 4098 2053 4168; x_wconf 89' lang='lat' dir='ltr'><strong>quorum</strong></span> 
     </span>
    </p>
   </div>
   <div class='ocr_carea' id='block_1_68' title="bbox 470 4189 2050 4279">
    <p class='ocr_par' dir='ltr' id='par_1_68' title="bbox 470 4189 2050 4279">
     <span class='ocr_line' id='line_1_68' title="bbox 470 4189 2050 4279; baseline -0.003 -30"><span class='ocrx_word' id='word_1_505' title='bbox 470 4209 637 4266; x_wconf 91' lang='lat' dir='ltr'><strong>supra</strong></span> <span class='ocrx_word' id='word_1_506' title='bbox 656 4193 997 4250; x_wconf 88' lang='lat' dir='ltr'><strong>mentionem</strong></span> <span class='ocrx_word' id='word_1_507' title='bbox 1015 4191 1249 4247; x_wconf 87' lang='lat' dir='ltr'><strong>fecimus</strong></span> <span class='ocrx_word' id='word_1_508' title='bbox 1269 4208 1284 4245; x_wconf 90' lang='lat'><strong>:</strong></span> <span class='ocrx_word' id='word_1_509' title='bbox 1299 4190 1408 4246; x_wconf 90' lang='lat' dir='ltr'><strong>alia</strong></span> <span class='ocrx_word' id='word_1_510' title='bbox 1420 4189 1704 4247; x_wconf 84' lang='lat' dir='ltr'><strong>Christum</strong></span> <span class='ocrx_word' id='word_1_511' title='bbox 1720 4198 2050 4279; x_wconf 67' lang='lat' dir='ltr'><strong>sequuntur.</strong></span> 
     </span>
    </p>
   </div>
   <div class='ocr_carea' id='block_1_69' title="bbox 471 4283 2049 4357">
    <p class='ocr_par' dir='ltr' id='par_1_69' title="bbox 471 4283 2049 4357">
     <span class='ocr_line' id='line_1_69' title="bbox 471 4283 2049 4357; baseline -0.004 -15"><span class='ocrx_word' id='word_1_512' title='bbox 471 4288 680 4342; x_wconf 85' lang='lat' dir='ltr'><strong>llorum</strong></span> <span class='ocrx_word' id='word_1_513' title='bbox 713 4296 839 4357; x_wconf 90' lang='lat' dir='ltr'><strong>post</strong></span> <span class='ocrx_word' id='word_1_514' title='bbox 865 4284 1148 4342; x_wconf 85' lang='lat' dir='ltr'><strong>Christum</strong></span> <span class='ocrx_word' id='word_1_515' title='bbox 1175 4294 1492 4356; x_wconf 87' lang='lat' dir='ltr'><strong>temporum</strong></span> <span class='ocrx_word' id='word_1_516' title='bbox 1521 4284 1641 4340; x_wconf 54' lang='lat' dir='ltr'><strong>haec</strong></span> <span class='ocrx_word' id='word_1_517' title='bbox 1680 4290 1767 4340; x_wconf 89' lang='lat' dir='ltr'><strong>est</strong></span> <span class='ocrx_word' id='word_1_518' title='bbox 1808 4283 2010 4339; x_wconf 86' lang='lat' dir='ltr'><strong>divisio</strong></span> <span class='ocrx_word' id='word_1_519' title='bbox 2037 4300 2049 4336; x_wconf 90' lang='lat'><strong>:</strong></span> 
     </span>
    </p>
   </div>
   <div class='ocr_carea' id='block_1_70' title="bbox 468 4376 2053 4451">
    <p class='ocr_par' dir='ltr' id='par_1_70' title="bbox 468 4376 2053 4451">
     <span class='ocr_line' id='line_1_70' title="bbox 468 4376 2053 4451; baseline -0.003 -16"><span class='ocrx_word' id='word_1_520' title='bbox 468 4380 669 4451; x_wconf 85' lang='lat' dir='ltr'><strong>partim</strong></span> <span class='ocrx_word' id='word_1_521' title='bbox 713 4394 742 4433; x_wconf 89' lang='lat' dir='ltr'><strong>a</strong></span> <span class='ocrx_word' id='word_1_522' title='bbox 777 4377 1070 4433; x_wconf 87' lang='lat' dir='ltr'><strong>nativitate</strong></span> <span class='ocrx_word' id='word_1_523' title='bbox 1097 4376 1305 4434; x_wconf 89' lang='lat' dir='ltr'><strong>Christi</strong></span> <span class='ocrx_word' id='word_1_524' title='bbox 1345 4377 1413 4433; x_wconf 92' lang='lat' dir='ltr'><strong>ad</strong></span> <span class='ocrx_word' id='word_1_525' title='bbox 1458 4377 1751 4447; x_wconf 89' lang='lat' dir='ltr'><strong>imperium</strong></span> <span class='ocrx_word' id='word_1_526' title='bbox 1781 4376 2053 4432; x_wconf 86' lang='lat' dir='ltr'><strong>Constan-</strong></span> 
     </span>
    </p>
   </div>
   <div class='ocr_carea' id='block_1_71' title="bbox 471 4469 2052 4545">
    <p class='ocr_par' dir='ltr' id='par_1_71' title="bbox 471 4469 2052 4545">
     <span class='ocr_line' id='line_1_71' title="bbox 471 4469 2052 4545; baseline -0.003 -16"><span class='ocrx_word' id='word_1_527' title='bbox 471 4474 570 4530; x_wconf 88' lang='lat' dir='ltr'><strong>tini</strong></span> <span class='ocrx_word' id='word_1_528' title='bbox 634 4473 959 4545; x_wconf 89' lang='lat' dir='ltr'><strong>pertinent,</strong></span> <span class='ocrx_word' id='word_1_529' title='bbox 1040 4472 1244 4543; x_wconf 88' lang='lat' dir='ltr'><strong>partim</strong></span> <span class='ocrx_word' id='word_1_530' title='bbox 1307 4472 1378 4527; x_wconf 91' lang='lat' dir='ltr'><strong>ab</strong></span> <span class='ocrx_word' id='word_1_531' title='bbox 1434 4470 1653 4542; x_wconf 91' lang='lat' dir='ltr'><strong>imperii</strong></span> <span class='ocrx_word' id='word_1_532' title='bbox 1703 4469 2052 4525; x_wconf 90' lang='lat' dir='ltr'><strong>Constantini</strong></span> 
     </span>
    </p>
   </div>
   <div class='ocr_carea' id='block_1_72' title="bbox 466 4562 2052 4637">
    <p class='ocr_par' dir='ltr' id='par_1_72' title="bbox 466 4562 2052 4637">
     <span class='ocr_line' id='line_1_72' title="bbox 466 4562 2052 4637; baseline -0.003 -17"><span class='ocrx_word' id='word_1_533' title='bbox 466 4565 742 4637; x_wconf 85' lang='lat' dir='ltr'><strong>principio</strong></span> <span class='ocrx_word' id='word_1_534' title='bbox 787 4565 855 4620; x_wconf 89' lang='lat' dir='ltr'><strong>ad</strong></span> <span class='ocrx_word' id='word_1_535' title='bbox 902 4570 1151 4621; x_wconf 86' lang='lat' dir='ltr'><strong>nostram</strong></span> <span class='ocrx_word' id='word_1_536' title='bbox 1198 4564 1547 4620; x_wconf 82' lang='lat' dir='ltr'><strong>memoriam.</strong></span> <span class='ocrx_word' id='word_1_537' title='bbox 1603 4563 1819 4617; x_wconf 81' lang='lat' dir='ltr'><strong>Rursus</strong></span> <span class='ocrx_word' id='word_1_538' title='bbox 1847 4562 1979 4617; x_wconf 91' lang='lat' dir='ltr'><strong>anni</strong></span> <span class='ocrx_word' id='word_1_539' title='bbox 2021 4577 2052 4617; x_wconf 90' lang='lat' dir='ltr'><strong>a</strong></span> 
     </span>
    </p>
   </div>
   <div class='ocr_carea' id='block_1_73' title="bbox 468 4654 2050 4728">
    <p class='ocr_par' dir='ltr' id='par_1_73' title="bbox 468 4654 2050 4728">
     <span class='ocr_line' id='line_1_73' title="bbox 468 4654 2050 4728; baseline -0.001 -16"><span class='ocrx_word' id='word_1_540' title='bbox 468 4659 757 4714; x_wconf 88' lang='lat' dir='ltr'><strong>nativitate</strong></span> <span class='ocrx_word' id='word_1_541' title='bbox 797 4657 1007 4714; x_wconf 89' lang='lat' dir='ltr'><strong>Christi</strong></span> <span class='ocrx_word' id='word_1_542' title='bbox 1041 4673 1219 4728; x_wconf 88' lang='lat' dir='ltr'><strong>usque</strong></span> <span class='ocrx_word' id='word_1_543' title='bbox 1253 4657 1323 4712; x_wconf 92' lang='lat' dir='ltr'><strong>ad</strong></span> <span class='ocrx_word' id='word_1_544' title='bbox 1365 4655 1659 4727; x_wconf 89' lang='lat' dir='ltr'><strong>imperium</strong></span> <span class='ocrx_word' id='word_1_545' title='bbox 1702 4654 2050 4712; x_wconf 90' lang='lat' dir='ltr'><strong>Constantini</strong></span> 
     </span>
    </p>
   </div>
   <div class='ocr_carea' id='block_1_74' title="bbox 467 4749 2055 4821">
    <p class='ocr_par' dir='ltr' id='par_1_74' title="bbox 467 4749 2055 4821">
     <span class='ocr_line' id='line_1_74' title="bbox 467 4749 2055 4821; baseline -0.003 -16"><span class='ocrx_word' id='word_1_546' title='bbox 467 4749 719 4821; x_wconf 85' lang='lat' dir='ltr'><strong>triplices</strong></span> <span class='ocrx_word' id='word_1_547' title='bbox 743 4756 894 4804; x_wconf 85' lang='lat' dir='ltr'><strong>sunt.</strong></span> <span class='ocrx_word' id='word_1_548' title='bbox 933 4749 1071 4804; x_wconf 87' lang='lat' dir='ltr'><strong>Nam</strong></span> <span class='ocrx_word' id='word_1_549' title='bbox 1118 4764 1184 4804; x_wconf 79' lang='lat' dir='ltr'><strong>ex</strong></span> <span class='ocrx_word' id='word_1_550' title='bbox 1215 4749 1298 4804; x_wconf 88' lang='lat' dir='ltr'><strong>eis</strong></span> <span class='ocrx_word' id='word_1_551' title='bbox 1337 4749 1430 4804; x_wconf 85' lang='lat' dir='ltr'><strong>alii</strong></span> <span class='ocrx_word' id='word_1_552' title='bbox 1479 4756 1847 4804; x_wconf 85' lang='lat' dir='ltr'><strong>numerantur</strong></span> <span class='ocrx_word' id='word_1_553' title='bbox 1890 4762 1921 4801; x_wconf 90' lang='lat' dir='ltr'><strong>a</strong></span> <span class='ocrx_word' id='word_1_554' title='bbox 1957 4762 2055 4801; x_wconf 84' lang='lat' dir='ltr'><strong>na-</strong></span> 
     </span>
    </p>
   </div>
   <div class='ocr_carea' id='block_1_75' title="bbox 467 4836 2050 4911">
    <p class='ocr_par' dir='ltr' id='par_1_75' title="bbox 467 4836 2050 4911">
     <span class='ocr_line' id='line_1_75' title="bbox 467 4836 2050 4911; baseline -0.003 -16"><span class='ocrx_word' id='word_1_555' title='bbox 467 4842 681 4897; x_wconf 85' lang='lat' dir='ltr'><strong>tivitatc</strong></span> <span class='ocrx_word' id='word_1_556' title='bbox 697 4840 908 4898; x_wconf 88' lang='lat' dir='ltr'><strong>Christi</strong></span> <span class='ocrx_word' id='word_1_557' title='bbox 935 4856 1110 4911; x_wconf 92' lang='lat' dir='ltr'><strong>usque</strong></span> <span class='ocrx_word' id='word_1_558' title='bbox 1142 4839 1209 4894; x_wconf 90' lang='lat' dir='ltr'><strong>ad</strong></span> <span class='ocrx_word' id='word_1_559' title='bbox 1239 4838 1416 4909; x_wconf 88' lang='lat' dir='ltr'><strong>ipsius</strong></span> <span class='ocrx_word' id='word_1_560' title='bbox 1444 4838 1882 4910; x_wconf 88' lang='lat' dir='ltr'><strong>assumptionem</strong></span> <span class='ocrx_word' id='word_1_561' title='bbox 1908 4854 1923 4904; x_wconf 90' lang='lat'><strong>;</strong></span> <span class='ocrx_word' id='word_1_562' title='bbox 1959 4836 2050 4893; x_wconf 85' lang='lat' dir='ltr'><strong>alii</strong></span> 
     </span>
    </p>
   </div>
   <div class='ocr_carea' id='block_1_76' title="bbox 2775 3543 3141 3597">
    <p class='ocr_par' dir='ltr' id='par_1_76' title="bbox 2775 3543 3141 3597">
     <span class='ocr_line' id='line_1_76' title="bbox 2775 3543 3141 3597; baseline -0.003 -1"><span class='ocrx_word' id='word_1_563' title='bbox 2775 3543 3025 3597; x_wconf 78' lang='grc' dir='ltr'><strong>ΠΡΑΞΙΣ</strong></span> <span class='ocrx_word' id='word_1_564' title='bbox 3064 3543 3141 3596; x_wconf 82' lang='grc' dir='ltr'><strong>Γ¹.</strong></span> 
     </span>
    </p>
   </div>
   <div class='ocr_carea' id='block_1_77' title="bbox 2242 3632 3753 3708">
    <p class='ocr_par' dir='ltr' id='par_1_77' title="bbox 2242 3632 3753 3708">
     <span class='ocr_line' id='line_1_77' title="bbox 2242 3632 3753 3708; baseline -0.001 -18"><span class='ocrx_word' id='word_1_565' title='bbox 2242 3635 2459 3696; x_wconf 75' lang='grc' dir='ltr'>Ἐπειδὴ</span> <span class='ocrx_word' id='word_1_566' title='bbox 2483 3635 2613 3708; x_wconf 67' lang='grc' dir='ltr'><strong>περὶΙ</strong></span> <span class='ocrx_word' id='word_1_567' title='bbox 2626 3632 2972 3707; x_wconf 82' lang='grc' dir='ltr'>Χριστιανῶν</span> <span class='ocrx_word' id='word_1_568' title='bbox 3000 3633 3292 3706; x_wconf 78' lang='grc' dir='ltr'>δογμάτων</span> <span class='ocrx_word' id='word_1_569' title='bbox 3312 3636 3340 3688; x_wconf 88' lang='lat'><strong>6</strong></span> <span class='ocrx_word' id='word_1_570' title='bbox 3367 3634 3546 3702; x_wconf 85' lang='grc' dir='ltr'>λόγος,</span> <span class='ocrx_word' id='word_1_571' title='bbox 3571 3635 3753 3706; x_wconf 77' lang='grc' dir='ltr'>ἀναγο</span> 
     </span>
    </p>
   </div>
   <div class='ocr_carea' id='block_1_78' title="bbox 2162 3726 3751 3801">
    <p class='ocr_par' dir='ltr' id='par_1_78' title="bbox 2162 3726 3751 3801">
     <span class='ocr_line' id='line_1_78' title="bbox 2162 3726 3751 3801; baseline 0 -18"><span class='ocrx_word' id='word_1_572' title='bbox 2162 3729 2314 3783; x_wconf 76' lang='grc' dir='ltr'>κατόν</span> <span class='ocrx_word' id='word_1_573' title='bbox 2359 3730 2475 3782; x_wconf 76' lang='grc' dir='ltr'>ἐστι</span> <span class='ocrx_word' id='word_1_574' title='bbox 2507 3727 2618 3781; x_wconf 89' lang='grc' dir='ltr'><strong>τῶν</strong></span> <span class='ocrx_word' id='word_1_575' title='bbox 2650 3727 2860 3801; x_wconf 79' lang='grc' dir='ltr'>χρόνων</span> <span class='ocrx_word' id='word_1_576' title='bbox 2893 3726 3162 3798; x_wconf 88' lang='grc' dir='ltr'>διαίρεσίν</span> <span class='ocrx_word' id='word_1_577' title='bbox 3207 3744 3327 3780; x_wconf 92' lang='grc' dir='ltr'>τινα</span> <span class='ocrx_word' id='word_1_578' title='bbox 3367 3728 3709 3800; x_wconf 86' lang='grc' dir='ltr'>ποιήσασθαι</span> <span class='ocrx_word' id='word_1_579' title='bbox 3734 3746 3751 3762; x_wconf 87' lang='grc'><strong>·</strong></span> 
     </span>
    </p>
   </div>
   <div class='ocr_carea' id='block_1_79' title="bbox 2161 3819 3750 3891">
    <p class='ocr_par' dir='ltr' id='par_1_79' title="bbox 2161 3819 3750 3891">
     <span class='ocr_line' id='line_1_79' title="bbox 2161 3819 3750 3891; baseline 0 -14"><span class='ocrx_word' id='word_1_580' title='bbox 2161 3824 2249 3878; x_wconf 81' lang='grc' dir='ltr'>ἵνα</span> <span class='ocrx_word' id='word_1_581' title='bbox 2276 3825 2342 3877; x_wconf 83' lang='grc' dir='ltr'>ὲκ</span> <span class='ocrx_word' id='word_1_582' title='bbox 2375 3820 2584 3875; x_wconf 82' lang='grc' dir='ltr'>τούτων</span> <span class='ocrx_word' id='word_1_583' title='bbox 2613 3820 2833 3891; x_wconf 85' lang='grc' dir='ltr'>γνῶμεν</span> <span class='ocrx_word' id='word_1_584' title='bbox 2852 3859 2867 3883; x_wconf 89' lang='grc'><strong>,</strong></span> <span class='ocrx_word' id='word_1_585' title='bbox 2893 3819 3042 3885; x_wconf 85' lang='grc' dir='ltr'>τίνες</span> <span class='ocrx_word' id='word_1_586' title='bbox 3084 3819 3418 3886; x_wconf 80' lang='grc' dir='ltr'>διδάσκαλοι,</span> <span class='ocrx_word' id='word_1_587' title='bbox 3467 3822 3561 3874; x_wconf 72' lang='grc' dir='ltr'>καὶ</span> <span class='ocrx_word' id='word_1_588' title='bbox 3596 3823 3750 3877; x_wconf 83' lang='grc' dir='ltr'>ποῖαι</span> 
     </span>
    </p>
   </div>
   <div class='ocr_carea' id='block_1_80' title="bbox 2156 3907 3752 3986">
    <p class='ocr_par' dir='ltr' id='par_1_80' title="bbox 2156 3907 3752 3986">
     <span class='ocr_line' id='line_1_80' title="bbox 2156 3907 3752 3986; baseline 0 -16"><span class='ocrx_word' id='word_1_589' title='bbox 2156 3916 2419 3986; x_wconf 76' lang='grc' dir='ltr'>αἱρέσεις,</span> <span class='ocrx_word' id='word_1_590' title='bbox 2463 3907 2539 3969; x_wconf 84' lang='grc' dir='ltr'><strong>ὧν</strong></span> <span class='ocrx_word' id='word_1_591' title='bbox 2592 3914 2799 3984; x_wconf 79' lang='grc' dir='ltr'>ἑκάστη</span> <span class='ocrx_word' id='word_1_592' title='bbox 2831 3914 2959 3977; x_wconf 78' lang='grc' dir='ltr'>τοὺς</span> <span class='ocrx_word' id='word_1_593' title='bbox 3015 3913 3116 3984; x_wconf 82' lang='grc' dir='ltr'>μὲν</span> <span class='ocrx_word' id='word_1_594' title='bbox 3168 3913 3277 3985; x_wconf 82' lang='grc' dir='ltr'>πρὸ</span> <span class='ocrx_word' id='word_1_595' title='bbox 3325 3914 3494 3985; x_wconf 82' lang='grc' dir='ltr'>αὐτῆς</span> <span class='ocrx_word' id='word_1_596' title='bbox 3526 3914 3752 3986; x_wconf 80' lang='grc' dir='ltr'>δέχεται</span> 
     </span>
    </p>
   </div>
   <div class='ocr_carea' id='block_1_81' title="bbox 2158 4006 3753 4079">
    <p class='ocr_par' dir='ltr' id='par_1_81' title="bbox 2158 4006 3753 4079">
     <span class='ocr_line' id='line_1_81' title="bbox 2158 4006 3753 4079; baseline -0.001 -17"><span class='ocrx_word' id='word_1_597' title='bbox 2158 4008 2430 4079; x_wconf 81' lang='grc' dir='ltr'>Πατέρας,</span> <span class='ocrx_word' id='word_1_598' title='bbox 2464 4007 2592 4070; x_wconf 75' lang='grc' dir='ltr'>τοὺς</span> <span class='ocrx_word' id='word_1_599' title='bbox 2632 4007 2689 4061; x_wconf 86' lang='grc' dir='ltr'>δὲ</span> <span class='ocrx_word' id='word_1_600' title='bbox 2735 4008 2855 4077; x_wconf 74' lang='grc' dir='ltr'>μετ’</span> <span class='ocrx_word' id='word_1_601' title='bbox 2908 4007 3080 4078; x_wconf 81' lang='grc' dir='ltr'>αὐτὴν</span> <span class='ocrx_word' id='word_1_602' title='bbox 3122 4007 3332 4061; x_wconf 80' lang='grc' dir='ltr'>οὐκέτι.</span> <span class='ocrx_word' id='word_1_603' title='bbox 3390 4006 3513 4061; x_wconf 86' lang='grc' dir='ltr'>Τῶν</span> <span class='ocrx_word' id='word_1_604' title='bbox 3564 4008 3753 4061; x_wconf 79' lang='grc' dir='ltr'>τοίνυν</span> 
     </span>
    </p>
   </div>
   <div class='ocr_carea' id='block_1_82' title="bbox 2155 4094 3751 4173">
    <p class='ocr_par' dir='ltr' id='par_1_82' title="bbox 2155 4094 3751 4173">
     <span class='ocr_line' id='line_1_82' title="bbox 2155 4094 3751 4173; baseline -0.002 -16"><span class='ocrx_word' id='word_1_605' title='bbox 2155 4102 2383 4173; x_wconf 83' lang='grc' dir='ltr'>χρόνων,</span> <span class='ocrx_word' id='word_1_606' title='bbox 2417 4103 2466 4156; x_wconf 78' lang='lat' dir='ltr'><strong>oi</strong></span> <span class='ocrx_word' id='word_1_607' title='bbox 2502 4101 2601 4171; x_wconf 82' lang='grc' dir='ltr'>μέν</span> <span class='ocrx_word' id='word_1_608' title='bbox 2662 4102 2770 4155; x_wconf 89' lang='grc' dir='ltr'>εἱσι</span> <span class='ocrx_word' id='word_1_609' title='bbox 2818 4101 2928 4172; x_wconf 77' lang='grc' dir='ltr'>πρὸ</span> <span class='ocrx_word' id='word_1_610' title='bbox 2971 4100 3247 4173; x_wconf 86' lang='grc' dir='ltr'>Χριστοῦ,</span> <span class='ocrx_word' id='word_1_611' title='bbox 3286 4094 3362 4155; x_wconf 82' lang='grc' dir='ltr'>ὧν</span> <span class='ocrx_word' id='word_1_612' title='bbox 3396 4101 3496 4173; x_wconf 77' lang='grc' dir='ltr'><strong>ήδη</strong></span> <span class='ocrx_word' id='word_1_613' title='bbox 3541 4104 3601 4155; x_wconf 80' lang='grc' dir='ltr'>ὲν</span> <span class='ocrx_word' id='word_1_614' title='bbox 3632 4105 3751 4167; x_wconf 81' lang='grc' dir='ltr'>τοῖς</span> 
     </span>
    </p>
   </div>
   <div class='ocr_carea' id='block_1_83' title="bbox 2156 4189 3744 4264">
    <p class='ocr_par' dir='ltr' id='par_1_83' title="bbox 2156 4189 3744 4264">
     <span class='ocr_line' id='line_1_83' title="bbox 2156 4189 3744 4264; baseline 0.001 -22"><span class='ocrx_word' id='word_1_615' title='bbox 2156 4190 2523 4263; x_wconf 76' lang='grc' dir='ltr'>προλαϐοῦσιν</span> <span class='ocrx_word' id='word_1_616' title='bbox 2553 4190 2945 4264; x_wconf 77' lang='grc' dir='ltr'>ἐμνήσθημεν·</span> <span class='ocrx_word' id='word_1_617' title='bbox 2987 4190 3038 4243; x_wconf 80' lang='grc' dir='ltr'>οἱ</span> <span class='ocrx_word' id='word_1_618' title='bbox 3072 4189 3153 4254; x_wconf 85' lang='grc' dir='ltr'>δὲ,</span> <span class='ocrx_word' id='word_1_619' title='bbox 3189 4190 3329 4262; x_wconf 86' lang='grc' dir='ltr'><strong>μετά</strong></span> <span class='ocrx_word' id='word_1_620' title='bbox 3369 4190 3461 4244; x_wconf 79' lang='grc' dir='ltr'>τὸν</span> <span class='ocrx_word' id='word_1_621' title='bbox 3487 4191 3744 4262; x_wconf 83' lang='grc' dir='ltr'>Χριστόν.</span> 
     </span>
    </p>
   </div>
   <div class='ocr_carea' id='block_1_84' title="bbox 2156 4282 3743 4357">
    <p class='ocr_par' dir='ltr' id='par_1_84' title="bbox 2156 4282 3743 4357">
     <span class='ocr_line' id='line_1_84' title="bbox 2156 4282 3743 4357; baseline -0.001 -17"><span class='ocrx_word' id='word_1_622' title='bbox 2156 4287 2267 4340; x_wconf 79' lang='grc' dir='ltr'><strong>Καὶ</strong></span> <span class='ocrx_word' id='word_1_623' title='bbox 2311 4285 2428 4340; x_wconf 78' lang='grc' dir='ltr'>ἔστι</span> <span class='ocrx_word' id='word_1_624' title='bbox 2453 4284 2564 4340; x_wconf 88' lang='grc' dir='ltr'><strong>τῶν</strong></span> <span class='ocrx_word' id='word_1_625' title='bbox 2591 4283 2728 4357; x_wconf 82' lang='grc' dir='ltr'>μετὰ</span> <span class='ocrx_word' id='word_1_626' title='bbox 2755 4283 2848 4338; x_wconf 81' lang='grc' dir='ltr'><strong>τὸν</strong></span> <span class='ocrx_word' id='word_1_627' title='bbox 2872 4282 3109 4355; x_wconf 76' lang='grc' dir='ltr'>Χριστὸν</span> <span class='ocrx_word' id='word_1_628' title='bbox 3135 4285 3170 4356; x_wconf 85' lang='grc' dir='ltr'><strong>ή</strong></span> <span class='ocrx_word' id='word_1_629' title='bbox 3197 4283 3465 4356; x_wconf 88' lang='grc' dir='ltr'>διαίρεσις</span> <span class='ocrx_word' id='word_1_630' title='bbox 3494 4283 3743 4356; x_wconf 80' lang='grc' dir='ltr'>τοιαύτη.</span> 
     </span>
    </p>
   </div>
   <div class='ocr_carea' id='block_1_85' title="bbox 2157 4372 3742 4447">
    <p class='ocr_par' dir='ltr' id='par_1_85' title="bbox 2157 4372 3742 4447">
     <span class='ocr_line' id='line_1_85' title="bbox 2157 4372 3742 4447; baseline -0.003 -16"><span class='ocrx_word' id='word_1_631' title='bbox 2157 4379 2219 4431; x_wconf 81' lang='grc' dir='ltr'><strong>Οἱ</strong></span> <span class='ocrx_word' id='word_1_632' title='bbox 2260 4377 2360 4447; x_wconf 78' lang='grc' dir='ltr'>μὲν</span> <span class='ocrx_word' id='word_1_633' title='bbox 2398 4374 2509 4447; x_wconf 82' lang='grc' dir='ltr'>γάρ</span> <span class='ocrx_word' id='word_1_634' title='bbox 2541 4376 2682 4429; x_wconf 79' lang='grc' dir='ltr'>εἰσιν</span> <span class='ocrx_word' id='word_1_635' title='bbox 2730 4374 2841 4428; x_wconf 82' lang='grc' dir='ltr'>ἀπὸ</span> <span class='ocrx_word' id='word_1_636' title='bbox 2885 4374 2984 4444; x_wconf 84' lang='grc' dir='ltr'>τῆς</span> <span class='ocrx_word' id='word_1_637' title='bbox 3017 4375 3327 4443; x_wconf 84' lang='grc' dir='ltr'>γεννήσεως</span> <span class='ocrx_word' id='word_1_638' title='bbox 3353 4372 3450 4427; x_wconf 87' lang='grc' dir='ltr'><strong>τοῦ</strong></span> <span class='ocrx_word' id='word_1_639' title='bbox 3480 4373 3742 4445; x_wconf 79' lang='grc' dir='ltr'>Χριστοῦ,</span> 
     </span>
    </p>
   </div>
   <div class='ocr_carea' id='block_1_86' title="bbox 2155 4465 3745 4541">
    <p class='ocr_par' dir='ltr' id='par_1_86' title="bbox 2155 4465 3745 4541">
     <span class='ocr_line' id='line_1_86' title="bbox 2155 4465 3745 4541; baseline -0.003 -16"><span class='ocrx_word' id='word_1_640' title='bbox 2155 4471 2283 4541; x_wconf 77' lang='grc' dir='ltr'>ἄχρι</span> <span class='ocrx_word' id='word_1_641' title='bbox 2317 4469 2418 4538; x_wconf 79' lang='grc' dir='ltr'>τῆς</span> <span class='ocrx_word' id='word_1_642' title='bbox 2453 4467 2733 4539; x_wconf 79' lang='grc' dir='ltr'>βασιλείας</span> <span class='ocrx_word' id='word_1_643' title='bbox 2780 4465 3221 4521; x_wconf 88' lang='grc' dir='ltr'>Κωνσταντίνου.</span> <span class='ocrx_word' id='word_1_644' title='bbox 3255 4466 3319 4520; x_wconf 78' lang='lat' dir='ltr'><strong>Oi</strong></span> <span class='ocrx_word' id='word_1_645' title='bbox 3379 4465 3437 4520; x_wconf 83' lang='grc' dir='ltr'>δὲ</span> <span class='ocrx_word' id='word_1_646' title='bbox 3486 4465 3597 4521; x_wconf 80' lang='grc' dir='ltr'>ἀπὸ</span> <span class='ocrx_word' id='word_1_647' title='bbox 3643 4468 3745 4538; x_wconf 80' lang='grc' dir='ltr'>τῆς</span> 
     </span>
    </p>
   </div>
   <div class='ocr_carea' id='block_1_87' title="bbox 2154 4558 3739 4636">
    <p class='ocr_par' dir='ltr' id='par_1_87' title="bbox 2154 4558 3739 4636">
     <span class='ocr_line' id='line_1_87' title="bbox 2154 4558 3739 4636; baseline -0.003 -18"><span class='ocrx_word' id='word_1_648' title='bbox 2154 4563 2332 4636; x_wconf 81' lang='grc' dir='ltr'>ἀρχῆς</span> <span class='ocrx_word' id='word_1_649' title='bbox 2365 4561 2468 4634; x_wconf 82' lang='grc' dir='ltr'>τῆς</span> <span class='ocrx_word' id='word_1_650' title='bbox 2506 4561 2796 4633; x_wconf 82' lang='grc' dir='ltr'>βασιλείας</span> <span class='ocrx_word' id='word_1_651' title='bbox 2837 4559 3280 4621; x_wconf 86' lang='grc' dir='ltr'>Κωνσταντίνου,</span> <span class='ocrx_word' id='word_1_652' title='bbox 3314 4558 3446 4630; x_wconf 77' lang='grc' dir='ltr'>ἄχρι</span> <span class='ocrx_word' id='word_1_653' title='bbox 3482 4558 3579 4613; x_wconf 90' lang='grc' dir='ltr'><strong>τοῦ</strong></span> <span class='ocrx_word' id='word_1_654' title='bbox 3622 4558 3739 4614; x_wconf 82' lang='grc' dir='ltr'>νῦν.</span> 
     </span>
    </p>
   </div>
   <div class='ocr_carea' id='block_1_88' title="bbox 2169 4650 3740 4725">
    <p class='ocr_par' dir='ltr' id='par_1_88' title="bbox 2169 4650 3740 4725">
     <span class='ocr_line' id='line_1_88' title="bbox 2169 4650 3740 4725; baseline -0.003 -16"><span class='ocrx_word' id='word_1_655' title='bbox 2169 4653 2648 4725; x_wconf 88' lang='grc' dir='ltr'>Ύποδιαιροῦνται</span> <span class='ocrx_word' id='word_1_656' title='bbox 2672 4652 2729 4704; x_wconf 83' lang='grc' dir='ltr'>δὲ</span> <span class='ocrx_word' id='word_1_657' title='bbox 2757 4651 2921 4705; x_wconf 85' lang='grc' dir='ltr'>πάλιν</span> <span class='ocrx_word' id='word_1_658' title='bbox 2950 4651 2999 4704; x_wconf 75' lang='lat' dir='ltr'><strong>oi</strong></span> <span class='ocrx_word' id='word_1_659' title='bbox 3032 4650 3143 4704; x_wconf 88' lang='lat'>61:6</span> <span class='ocrx_word' id='word_1_660' title='bbox 3181 4651 3282 4722; x_wconf 81' lang='grc' dir='ltr'>τῆς</span> <span class='ocrx_word' id='word_1_661' title='bbox 3306 4651 3616 4720; x_wconf 72' lang='grc' dir='ltr'>γεννήσεως</span> <span class='ocrx_word' id='word_1_662' title='bbox 3644 4650 3740 4705; x_wconf 87' lang='grc' dir='ltr'><strong>τοῦ</strong></span> 
     </span>
    </p>
   </div>
   <div class='ocr_carea' id='block_1_89' title="bbox 2154 4741 3742 4821">
    <p class='ocr_par' dir='ltr' id='par_1_89' title="bbox 2154 4741 3742 4821">
     <span class='ocr_line' id='line_1_89' title="bbox 2154 4741 3742 4821; baseline -0.003 -19"><span class='ocrx_word' id='word_1_663' title='bbox 2154 4746 2421 4821; x_wconf 83' lang='grc' dir='ltr'>Χριστοῦ,</span> <span class='ocrx_word' id='word_1_664' title='bbox 2449 4745 2583 4817; x_wconf 77' lang='grc' dir='ltr'>ἄχρι</span> <span class='ocrx_word' id='word_1_665' title='bbox 2615 4745 2716 4816; x_wconf 79' lang='grc' dir='ltr'>τῆς</span> <span class='ocrx_word' id='word_1_666' title='bbox 2746 4742 3024 4815; x_wconf 84' lang='grc' dir='ltr'>βασιλείας</span> <span class='ocrx_word' id='word_1_667' title='bbox 3059 4741 3155 4797; x_wconf 91' lang='grc' dir='ltr'><strong>τοῦ</strong></span> <span class='ocrx_word' id='word_1_668' title='bbox 3184 4742 3621 4810; x_wconf 83' lang='grc' dir='ltr'>Κωνσταντίνου,</span> <span class='ocrx_word' id='word_1_669' title='bbox 3660 4746 3742 4808; x_wconf 80' lang='grc' dir='ltr'><strong>είς</strong></span> 
     </span>
    </p>
   </div>
   <div class='ocr_carea' id='block_1_90' title="bbox 2150 4828 3738 4912">
    <p class='ocr_par' dir='ltr' id='par_1_90' title="bbox 2150 4828 3738 4912">
     <span class='ocr_line' id='line_1_90' title="bbox 2150 4828 3738 4912; baseline -0.001 -20"><span class='ocrx_word' id='word_1_670' title='bbox 2150 4842 2328 4912; x_wconf 84' lang='grc' dir='ltr'>τρεῖς.</span> <span class='ocrx_word' id='word_1_671' title='bbox 2358 4840 2423 4894; x_wconf 87' lang='grc' dir='ltr'>Οί</span> <span class='ocrx_word' id='word_1_672' title='bbox 2476 4839 2577 4910; x_wconf 82' lang='grc' dir='ltr'>μὲν</span> <span class='ocrx_word' id='word_1_673' title='bbox 2613 4838 2913 4910; x_wconf 71' lang='grc' dir='ltr'>γάρ-εἰσιν</span> <span class='ocrx_word' id='word_1_674' title='bbox 2958 4828 3071 4891; x_wconf 84' lang='lat'>61:6</span> <span class='ocrx_word' id='word_1_675' title='bbox 3121 4838 3222 4907; x_wconf 82' lang='grc' dir='ltr'>τῆς</span> <span class='ocrx_word' id='word_1_676' title='bbox 3284 4838 3591 4908; x_wconf 85' lang='grc' dir='ltr'>γεννήσεως</span> <span class='ocrx_word' id='word_1_677' title='bbox 3646 4836 3738 4891; x_wconf 85' lang='grc' dir='ltr'><strong>τοῦ</strong></span> 
     </span>
    </p>
   </div>
   <div class='ocr_carea' id='block_1_91' title="bbox 463 4914 2054 5005">
    <p class='ocr_par' dir='ltr' id='par_1_91' title="bbox 463 4930 2049 5005">
     <span class='ocr_line' id='line_1_91' title="bbox 463 4930 2049 5005; baseline -0.003 -16"><span class='ocrx_word' id='word_1_678' title='bbox 463 4936 534 4991; x_wconf 87' lang='lat' dir='ltr'><strong>ab</strong></span> <span class='ocrx_word' id='word_1_679' title='bbox 556 4934 958 5005; x_wconf 86' lang='lat' dir='ltr'><strong>assumptione,</strong></span> <span class='ocrx_word' id='word_1_680' title='bbox 985 4931 1055 4989; x_wconf 88' lang='lat' dir='ltr'><strong>de</strong></span> <span class='ocrx_word' id='word_1_681' title='bbox 1084 4931 1292 5003; x_wconf 89' lang='lat' dir='ltr'><strong>quibus</strong></span> <span class='ocrx_word' id='word_1_682' title='bbox 1319 4932 1698 5001; x_wconf 85' lang='lat' dir='ltr'><strong>apostolorum</strong></span> <span class='ocrx_word' id='word_1_683' title='bbox 1734 4930 1873 4986; x_wconf 86' lang='lat' dir='ltr'><strong>Acta</strong></span> <span class='ocrx_word' id='word_1_684' title='bbox 1920 4946 2049 5001; x_wconf 87' lang='lat' dir='ltr'><strong>per-</strong></span> 
     </span>
    </p>
   </div>
   <div class='ocr_carea' id='block_1_92' title="bbox 2159 4914 3739 5005">
    <p class='ocr_par' dir='ltr' id='par_1_92' title="bbox 2159 4928 3739 5002">
     <span class='ocr_line' id='line_1_92' title="bbox 2159 4928 3739 5002; baseline -0.002 -16"><span class='ocrx_word' id='word_1_685' title='bbox 2159 4929 2397 5002; x_wconf 79' lang='grc' dir='ltr'>Χριστοῦ</span> <span class='ocrx_word' id='word_1_686' title='bbox 2450 4931 2578 5002; x_wconf 82' lang='grc' dir='ltr'>ἄχρι</span> <span class='ocrx_word' id='word_1_687' title='bbox 2640 4930 2744 5001; x_wconf 83' lang='grc' dir='ltr'>τῆς</span> <span class='ocrx_word' id='word_1_688' title='bbox 2781 4928 3106 5001; x_wconf 77' lang='grc' dir='ltr'>ἀναλήψεως</span> <span class='ocrx_word' id='word_1_689' title='bbox 3164 4928 3371 4983; x_wconf 80' lang='grc' dir='ltr'>αὑτοῦ·</span> <span class='ocrx_word' id='word_1_690' title='bbox 3418 4929 3469 4983; x_wconf 78' lang='lat' dir='ltr'><strong>oi</strong></span> <span class='ocrx_word' id='word_1_691' title='bbox 3522 4930 3581 4983; x_wconf 81' lang='grc' dir='ltr'>δὲ</span> <span class='ocrx_word' id='word_1_692' title='bbox 3633 4929 3739 4983; x_wconf 76' lang='grc' dir='ltr'>ἀπὸ</span> 
     </span>
    </p>
   </div>
   <div class='ocr_carea' id='block_1_93' title="bbox 468 5022 2047 5094">
    <p class='ocr_par' dir='ltr' id='par_1_93' title="bbox 468 5022 2047 5094">
     <span class='ocr_line' id='line_1_93' title="bbox 468 5022 2047 5094; baseline -0.002 -13"><span class='ocrx_word' id='word_1_693' title='bbox 468 5034 737 5093; x_wconf 89' lang='lat' dir='ltr'><strong>tractant;</strong></span> <span class='ocrx_word' id='word_1_694' title='bbox 758 5025 852 5080; x_wconf 90' lang='lat' dir='ltr'><strong>alii</strong></span> <span class='ocrx_word' id='word_1_695' title='bbox 879 5039 910 5079; x_wconf 91' lang='lat' dir='ltr'><strong>a</strong></span> <span class='ocrx_word' id='word_1_696' title='bbox 931 5022 1165 5094; x_wconf 91' lang='lat' dir='ltr'><strong>periodo</strong></span> <span class='ocrx_word' id='word_1_697' title='bbox 1187 5032 1246 5079; x_wconf 91' lang='lat' dir='ltr'><strong>et</strong></span> <span class='ocrx_word' id='word_1_698' title='bbox 1267 5022 1425 5078; x_wconf 87' lang='lat' dir='ltr'><strong>obitu</strong></span> <span class='ocrx_word' id='word_1_699' title='bbox 1442 5022 1844 5094; x_wconf 84' lang='lat' dir='ltr'><strong>apostolorum,</strong></span> <span class='ocrx_word' id='word_1_700' title='bbox 1871 5037 2047 5094; x_wconf 88' lang='lat' dir='ltr'><strong>usque</strong></span> 
     </span>
    </p>
   </div>
   <div class='ocr_carea' id='block_1_94' title="bbox 466 5115 2048 5188">
    <p class='ocr_par' dir='ltr' id='par_1_94' title="bbox 466 5115 2048 5188">
     <span class='ocr_line' id='line_1_94' title="bbox 466 5115 2048 5188; baseline -0.002 -15"><span class='ocrx_word' id='word_1_701' title='bbox 466 5117 534 5173; x_wconf 85' lang='lat' dir='ltr'><strong>ad</strong></span> <span class='ocrx_word' id='word_1_702' title='bbox 563 5116 904 5188; x_wconf 88' lang='lat' dir='ltr'><strong>principium</strong></span> <span class='ocrx_word' id='word_1_703' title='bbox 940 5115 1159 5186; x_wconf 88' lang='lat' dir='ltr'><strong>imperii</strong></span> <span class='ocrx_word' id='word_1_704' title='bbox 1190 5115 1537 5172; x_wconf 89' lang='lat' dir='ltr'><strong>Constantini</strong></span> <span class='ocrx_word' id='word_1_705' title='bbox 1570 5133 1583 5170; x_wconf 90' lang='lat'><strong>:</strong></span> <span class='ocrx_word' id='word_1_706' title='bbox 1620 5116 1689 5171; x_wconf 92' lang='lat' dir='ltr'><strong>de</strong></span> <span class='ocrx_word' id='word_1_707' title='bbox 1722 5116 1926 5186; x_wconf 87' lang='lat' dir='ltr'><strong>quibus</strong></span> <span class='ocrx_word' id='word_1_708' title='bbox 1960 5116 2048 5171; x_wconf 80' lang='lat' dir='ltr'><strong>hi-</strong></span> 
     </span>
    </p>
   </div>
   <div class='ocr_carea' id='block_1_95' title="bbox 467 5207 2047 5280">
    <p class='ocr_par' dir='ltr' id='par_1_95' title="bbox 467 5207 2047 5280">
     <span class='ocr_line' id='line_1_95' title="bbox 467 5207 2047 5280; baseline -0.001 -15"><span class='ocrx_word' id='word_1_709' title='bbox 467 5209 660 5265; x_wconf 90' lang='lat' dir='ltr'><strong>storici</strong></span> <span class='ocrx_word' id='word_1_710' title='bbox 687 5208 912 5279; x_wconf 88' lang='lat' dir='ltr'><strong>quidam</strong></span> <span class='ocrx_word' id='word_1_711' title='bbox 951 5208 1317 5265; x_wconf 88' lang='lat' dir='ltr'><strong>ecclesiastici</strong></span> <span class='ocrx_word' id='word_1_712' title='bbox 1348 5207 1630 5264; x_wconf 64' lang='lat' dir='ltr'><strong>memoriae</strong></span> <span class='ocrx_word' id='word_1_713' title='bbox 1661 5208 2047 5280; x_wconf 89' lang='lat' dir='ltr'><strong>prodiderunt,</strong></span> 
     </span>
    </p>
   </div>
   <div class='ocr_carea' id='block_1_96' title="bbox 466 5299 2049 5377">
    <p class='ocr_par' dir='ltr' id='par_1_96' title="bbox 466 5299 2049 5377">
     <span class='ocr_line' id='line_1_96' title="bbox 466 5299 2049 5377; baseline -0.003 -18"><span class='ocrx_word' id='word_1_714' title='bbox 466 5302 1053 5377; x_wconf 61' lang='lat' dir='ltr'><strong>Eusebiusyamphili,</strong></span> <span class='ocrx_word' id='word_1_715' title='bbox 1076 5313 1133 5357; x_wconf 91' lang='lat' dir='ltr'><strong>et</strong></span> <span class='ocrx_word' id='word_1_716' title='bbox 1148 5300 1556 5367; x_wconf 85' lang='lat' dir='ltr'><strong>Theodoritus;</strong></span> <span class='ocrx_word' id='word_1_717' title='bbox 1580 5316 1818 5372; x_wconf 90' lang='lat' dir='ltr'><strong>quorum</strong></span> <span class='ocrx_word' id='word_1_718' title='bbox 1844 5299 2049 5370; x_wconf 89' lang='lat' dir='ltr'><strong>scripta</strong></span> 
     </span>
    </p>
   </div>
   <div class='ocr_carea' id='block_1_97' title="bbox 467 5393 2049 5467">
    <p class='ocr_par' dir='ltr' id='par_1_97' title="bbox 467 5393 2049 5467">
     <span class='ocr_line' id='line_1_97' title="bbox 467 5393 2049 5467; baseline -0.004 -14"><span class='ocrx_word' id='word_1_719' title='bbox 467 5396 784 5453; x_wconf 88' lang='lat' dir='ltr'><strong>necessario</strong></span> <span class='ocrx_word' id='word_1_720' title='bbox 816 5412 928 5452; x_wconf 88' lang='lat' dir='ltr'><strong>non</strong></span> <span class='ocrx_word' id='word_1_721' title='bbox 959 5395 1280 5467; x_wconf 89' lang='lat' dir='ltr'><strong>recipimus.</strong></span> <span class='ocrx_word' id='word_1_722' title='bbox 1316 5395 1451 5451; x_wconf 87' lang='lat' dir='ltr'><strong>Nam</strong></span> <span class='ocrx_word' id='word_1_723' title='bbox 1483 5402 1639 5450; x_wconf 78' lang='lat' dir='ltr'><strong>extra</strong></span> <span class='ocrx_word' id='word_1_724' title='bbox 1668 5393 2049 5465; x_wconf 83' lang='lat' dir='ltr'><strong>apostolorum</strong></span> 
     </span>
    </p>
   </div>
   <div class='ocr_carea' id='block_1_98' title="bbox 468 5486 2051 5559">
    <p class='ocr_par' dir='ltr' id='par_1_98' title="bbox 468 5486 2051 5559">
     <span class='ocr_line' id='line_1_98' title="bbox 468 5486 2051 5559; baseline -0.003 -14"><span class='ocrx_word' id='word_1_725' title='bbox 468 5491 603 5545; x_wconf 83' lang='lat' dir='ltr'><strong>Acta</strong></span> <span class='ocrx_word' id='word_1_726' title='bbox 627 5488 767 5545; x_wconf 89' lang='lat' dir='ltr'><strong>nihil</strong></span> <span class='ocrx_word' id='word_1_727' title='bbox 807 5488 1009 5543; x_wconf 88' lang='lat' dir='ltr'><strong>horum</strong></span> <span class='ocrx_word' id='word_1_728' title='bbox 1056 5496 1120 5543; x_wconf 89' lang='lat' dir='ltr'><strong>ut</strong></span> <span class='ocrx_word' id='word_1_729' title='bbox 1163 5486 1545 5551; x_wconf 79' lang='lat' dir='ltr'><strong>admittatnus,</strong></span> <span class='ocrx_word' id='word_1_730' title='bbox 1584 5486 1814 5543; x_wconf 84' lang='lat' dir='ltr'><strong>Patrum</strong></span> <span class='ocrx_word' id='word_1_731' title='bbox 1845 5486 2051 5559; x_wconf 84' lang='lat' dir='ltr'><strong>regulis</strong></span> 
     </span>
    </p>
   </div>
   <div class='ocr_carea' id='block_1_99' title="bbox 469 5578 2052 5637">
    <p class='ocr_par' dir='ltr' id='par_1_99' title="bbox 469 5578 2052 5637">
     <span class='ocr_line' id='line_1_99' title="bbox 469 5578 2052 5637; baseline -0.001 0"><span class='ocrx_word' id='word_1_732' title='bbox 469 5581 742 5637; x_wconf 86' lang='lat' dir='ltr'><strong>sancitum</strong></span> <span class='ocrx_word' id='word_1_733' title='bbox 786 5588 893 5637; x_wconf 88' lang='lat' dir='ltr'><strong>est.</strong></span> <span class='ocrx_word' id='word_1_734' title='bbox 942 5578 1086 5635; x_wconf 84' lang='lat' dir='ltr'><strong>Anni</strong></span> <span class='ocrx_word' id='word_1_735' title='bbox 1130 5596 1262 5635; x_wconf 89' lang='lat' dir='ltr'><strong>vero</strong></span> <span class='ocrx_word' id='word_1_736' title='bbox 1307 5580 1377 5636; x_wconf 89' lang='lat' dir='ltr'><strong>ab</strong></span> <span class='ocrx_word' id='word_1_737' title='bbox 1408 5580 1568 5637; x_wconf 91' lang='lat' dir='ltr'><strong>initio</strong></span> <span class='ocrx_word' id='word_1_738' title='bbox 1610 5579 2052 5637; x_wconf 88' lang='lat' dir='ltr'><strong>Constantiniani</strong></span> 
     </span>
    </p>
   </div>
   <div class='ocr_carea' id='block_1_100' title="bbox 470 5673 2049 5747">
    <p class='ocr_par' dir='ltr' id='par_1_100' title="bbox 470 5673 2049 5747">
     <span class='ocr_line' id='line_1_100' title="bbox 470 5673 2049 5747; baseline -0.003 -16"><span class='ocrx_word' id='word_1_739' title='bbox 470 5675 625 5747; x_wconf 77' lang='lat' dir='ltr'><strong>regni</strong></span> <span class='ocrx_word' id='word_1_740' title='bbox 677 5674 746 5729; x_wconf 88' lang='lat' dir='ltr'><strong>ad</strong></span> <span class='ocrx_word' id='word_1_741' title='bbox 787 5683 1034 5730; x_wconf 88' lang='lat' dir='ltr'><strong>nostram</strong></span> <span class='ocrx_word' id='word_1_742' title='bbox 1079 5680 1294 5729; x_wconf 63' lang='lat' dir='ltr'><strong>aetatem</strong></span> <span class='ocrx_word' id='word_1_743' title='bbox 1326 5674 1640 5745; x_wconf 71' lang='lat' dir='ltr'><strong>usque,.sic</strong></span> <span class='ocrx_word' id='word_1_744' title='bbox 1675 5673 2003 5729; x_wconf 88' lang='lat' dir='ltr'><strong>dividuntur</strong></span> <span class='ocrx_word' id='word_1_745' title='bbox 2035 5692 2049 5727; x_wconf 89' lang='lat'><strong>:</strong></span> 
     </span>
    </p>
   </div>
   <div class='ocr_carea' id='block_1_101' title="bbox 469 5766 2052 5839">
    <p class='ocr_par' dir='ltr' id='par_1_101' title="bbox 469 5766 2052 5839">
     <span class='ocr_line' id='line_1_101' title="bbox 469 5766 2052 5839; baseline -0.001 -15"><span class='ocrx_word' id='word_1_746' title='bbox 469 5770 563 5825; x_wconf 89' lang='lat' dir='ltr'><strong>alii</strong></span> <span class='ocrx_word' id='word_1_747' title='bbox 597 5786 628 5825; x_wconf 86' lang='lat' dir='ltr'><strong>a</strong></span> <span class='ocrx_word' id='word_1_748' title='bbox 663 5768 1011 5825; x_wconf 88' lang='lat' dir='ltr'><strong>Constantini</strong></span> <span class='ocrx_word' id='word_1_749' title='bbox 1064 5766 1297 5839; x_wconf 90' lang='lat' dir='ltr'><strong>imperio</strong></span> <span class='ocrx_word' id='word_1_750' title='bbox 1351 5774 1739 5832; x_wconf 88' lang='lat' dir='ltr'><strong>numerantur,</strong></span> <span class='ocrx_word' id='word_1_751' title='bbox 1779 5783 1954 5838; x_wconf 84' lang='lat' dir='ltr'><strong>usque</strong></span> <span class='ocrx_word' id='word_1_752' title='bbox 1982 5768 2052 5823; x_wconf 89' lang='lat' dir='ltr'><strong>ad</strong></span> 
     </span>
    </p>
   </div>
   <div class='ocr_carea' id='block_1_102' title="bbox 471 5860 2052 5931">
    <p class='ocr_par' dir='ltr' id='par_1_102' title="bbox 471 5860 2052 5931">
     <span class='ocr_line' id='line_1_102' title="bbox 471 5860 2052 5931; baseline 0 -15"><span class='ocrx_word' id='word_1_753' title='bbox 471 5862 691 5921; x_wconf 89' lang='lat' dir='ltr'><strong>initium</strong></span> <span class='ocrx_word' id='word_1_754' title='bbox 715 5872 918 5918; x_wconf 71' lang='lat' dir='ltr'><strong>coactae</strong></span> <span class='ocrx_word' id='word_1_755' title='bbox 938 5860 1133 5931; x_wconf 79' lang='lat' dir='ltr'><strong>synodi</strong></span> <span class='ocrx_word' id='word_1_756' title='bbox 1155 5860 1625 5917; x_wconf 88' lang='lat' dir='ltr'><strong>Chalcedonensis</strong></span> <span class='ocrx_word' id='word_1_757' title='bbox 1650 5879 1661 5914; x_wconf 87' lang='lat'><strong>:</strong></span> <span class='ocrx_word' id='word_1_758' title='bbox 1689 5861 1781 5915; x_wconf 88' lang='lat' dir='ltr'><strong>alii</strong></span> <span class='ocrx_word' id='word_1_759' title='bbox 1806 5878 1836 5916; x_wconf 89' lang='lat' dir='ltr'><strong>a</strong></span> <span class='ocrx_word' id='word_1_760' title='bbox 1859 5870 2052 5917; x_wconf 86' lang='lat' dir='ltr'><strong>coacta</strong></span> 
     </span>
    </p>
   </div>
   <div class='ocr_carea' id='block_1_103' title="bbox 467 5954 2024 6027">
    <p class='ocr_par' dir='ltr' id='par_1_103' title="bbox 467 5954 2024 6027">
     <span class='ocr_line' id='line_1_103' title="bbox 467 5954 2024 6027; baseline -0.003 -16"><span class='ocrx_word' id='word_1_761' title='bbox 467 5954 904 6019; x_wconf 73' lang='lat' dir='ltr'><strong>Chalcedonensi</strong></span> <span class='ocrx_word' id='word_1_762' title='bbox 936 5954 1178 6027; x_wconf 79' lang='lat' dir='ltr'><strong>synodo,</strong></span> <span class='ocrx_word' id='word_1_763' title='bbox 1230 5954 1297 6011; x_wconf 84' lang='lat' dir='ltr'><strong>ad</strong></span> <span class='ocrx_word' id='word_1_764' title='bbox 1331 5964 1523 6011; x_wconf 87' lang='lat' dir='ltr'><strong>nostra</strong></span> <span class='ocrx_word' id='word_1_765' title='bbox 1571 5969 1743 6024; x_wconf 84' lang='lat' dir='ltr'><strong>usque</strong></span> <span class='ocrx_word' id='word_1_766' title='bbox 1778 5961 2024 6025; x_wconf 82' lang='lat' dir='ltr'><strong>tempora</strong></span> 
     </span>
    </p>
   </div>
   <div class='ocr_carea' id='block_1_104' title="bbox 2152 5016 3740 5095">
    <p class='ocr_par' dir='ltr' id='par_1_104' title="bbox 2152 5016 3740 5095">
     <span class='ocr_line' id='line_1_104' title="bbox 2152 5016 3740 5095; baseline -0.002 -18"><span class='ocrx_word' id='word_1_767' title='bbox 2152 5023 2256 5094; x_wconf 79' lang='grc' dir='ltr'>τῆς</span> <span class='ocrx_word' id='word_1_768' title='bbox 2273 5022 2622 5095; x_wconf 75' lang='grc' dir='ltr'>ἀναλήψεως,</span> <span class='ocrx_word' id='word_1_769' title='bbox 2649 5022 2780 5093; x_wconf 88' lang='grc' dir='ltr'><strong>περί</strong></span> <span class='ocrx_word' id='word_1_770' title='bbox 2803 5016 2879 5076; x_wconf 80' lang='grc' dir='ltr'>ὧν</span> <span class='ocrx_word' id='word_1_771' title='bbox 2909 5021 3379 5092; x_wconf 73' lang='grc' dir='ltr'>διαλαμϐάνουσιν</span> <span class='ocrx_word' id='word_1_772' title='bbox 3417 5023 3474 5075; x_wconf 87' lang='grc' dir='ltr'><strong>αί</strong></span> <span class='ocrx_word' id='word_1_773' title='bbox 3504 5020 3740 5090; x_wconf 81' lang='grc' dir='ltr'>Πράξεις</span> 
     </span>
    </p>
   </div>
   <div class='ocr_carea' id='block_1_105' title="bbox 2152 5113 3738 5183">
    <p class='ocr_par' dir='ltr' id='par_1_105' title="bbox 2152 5113 3738 5183">
     <span class='ocr_line' id='line_1_105' title="bbox 2152 5113 3738 5183; baseline -0.001 -16"><span class='ocrx_word' id='word_1_774' title='bbox 2152 5114 2264 5171; x_wconf 86' lang='grc' dir='ltr'><strong>τῶν</strong></span> <span class='ocrx_word' id='word_1_775' title='bbox 2312 5115 2669 5171; x_wconf 68' lang='grc' dir='ltr'>ἀποστόλων*</span> <span class='ocrx_word' id='word_1_776' title='bbox 2715 5117 2764 5169; x_wconf 90' lang='grc' dir='ltr'><strong>οί</strong></span> <span class='ocrx_word' id='word_1_777' title='bbox 2794 5114 2852 5168; x_wconf 84' lang='grc' dir='ltr'>δὲ</span> <span class='ocrx_word' id='word_1_778' title='bbox 2901 5114 3012 5168; x_wconf 82' lang='grc' dir='ltr'>ἀπὸ</span> <span class='ocrx_word' id='word_1_779' title='bbox 3073 5116 3174 5183; x_wconf 79' lang='grc' dir='ltr'>τῆς</span> <span class='ocrx_word' id='word_1_780' title='bbox 3202 5113 3462 5183; x_wconf 85' lang='grc' dir='ltr'>περιόδου</span> <span class='ocrx_word' id='word_1_781' title='bbox 3505 5114 3600 5169; x_wconf 74' lang='grc' dir='ltr'>καὶ</span> <span class='ocrx_word' id='word_1_782' title='bbox 3647 5132 3738 5167; x_wconf 87' lang='grc' dir='ltr'>τε-</span> 
     </span>
    </p>
   </div>
   <div class='ocr_carea' id='block_1_106' title="bbox 2154 5204 3737 5280">
    <p class='ocr_par' dir='ltr' id='par_1_106' title="bbox 2154 5204 3737 5280">
     <span class='ocr_line' id='line_1_106' title="bbox 2154 5204 3737 5280; baseline -0.002 -18"><span class='ocrx_word' id='word_1_783' title='bbox 2154 5209 2350 5280; x_wconf 83' lang='grc' dir='ltr'>λευτῆς</span> <span class='ocrx_word' id='word_1_784' title='bbox 2387 5207 2498 5263; x_wconf 86' lang='grc' dir='ltr'><strong>τῶν</strong></span> <span class='ocrx_word' id='word_1_785' title='bbox 2554 5207 2897 5271; x_wconf 85' lang='grc' dir='ltr'>ἀποστόλων,</span> <span class='ocrx_word' id='word_1_786' title='bbox 2941 5207 3071 5277; x_wconf 84' lang='grc' dir='ltr'>ἀχρι</span> <span class='ocrx_word' id='word_1_787' title='bbox 3133 5206 3233 5276; x_wconf 68' lang='grc' dir='ltr'>τῆς</span> <span class='ocrx_word' id='word_1_788' title='bbox 3284 5205 3463 5277; x_wconf 85' lang='grc' dir='ltr'>ἀρχῆς</span> <span class='ocrx_word' id='word_1_789' title='bbox 3513 5204 3615 5274; x_wconf 83' lang='grc' dir='ltr'>τῆς</span> <span class='ocrx_word' id='word_1_790' title='bbox 3645 5204 3737 5274; x_wconf 87' lang='grc' dir='ltr'><strong>βα-</strong></span> 
     </span>
    </p>
   </div>
   <div class='ocr_carea' id='block_1_107' title="bbox 2155 5292 3736 5371">
    <p class='ocr_par' dir='ltr' id='par_1_107' title="bbox 2155 5292 3736 5371">
     <span class='ocr_line' id='line_1_107' title="bbox 2155 5292 3736 5371; baseline -0.004 -15"><span class='ocrx_word' id='word_1_791' title='bbox 2155 5302 2362 5368; x_wconf 88' lang='grc' dir='ltr'>σιλείας</span> <span class='ocrx_word' id='word_1_792' title='bbox 2398 5300 2841 5357; x_wconf 84' lang='grc' dir='ltr'>Κωνσταντίνου.</span> <span class='ocrx_word' id='word_1_793' title='bbox 2872 5301 3011 5371; x_wconf 72' lang='grc' dir='ltr'>Περὶ</span> <span class='ocrx_word' id='word_1_794' title='bbox 3039 5292 3115 5354; x_wconf 82' lang='grc' dir='ltr'>ὧν</span> <span class='ocrx_word' id='word_1_795' title='bbox 3146 5297 3736 5369; x_wconf 76' lang='grc' dir='ltr'>διαλαμϐάνουσίτινες</span> 
     </span>
    </p>
   </div>
   <div class='ocr_carea' id='block_1_108' title="bbox 2153 5387 3736 5468">
    <p class='ocr_par' dir='ltr' id='par_1_108' title="bbox 2153 5387 3736 5468">
     <span class='ocr_line' id='line_1_108' title="bbox 2153 5387 3736 5468; baseline -0.004 -19"><span class='ocrx_word' id='word_1_796' title='bbox 2153 5394 2627 5468; x_wconf 69' lang='grc' dir='ltr'>ἐκκλησιαστικοὶ,</span> <span class='ocrx_word' id='word_1_797' title='bbox 2661 5394 2917 5457; x_wconf 75' lang='grc' dir='ltr'>Εὐσέϐιος</span> <span class='ocrx_word' id='word_1_798' title='bbox 2944 5395 2972 5447; x_wconf 92' lang='lat'><strong>6</strong></span> <span class='ocrx_word' id='word_1_799' title='bbox 2998 5391 3311 5463; x_wconf 84' lang='grc' dir='ltr'>Παμφίλου,</span> <span class='ocrx_word' id='word_1_800' title='bbox 3352 5390 3446 5444; x_wconf 79' lang='grc' dir='ltr'>καὶ</span> <span class='ocrx_word' id='word_1_801' title='bbox 3478 5387 3736 5461; x_wconf 84' lang='grc' dir='ltr'>Θεοδώρι-</span> 
     </span>
    </p>
   </div>
   <div class='ocr_carea' id='block_1_109' title="bbox 2156 5481 3735 5558">
    <p class='ocr_par' dir='ltr' id='par_1_109' title="bbox 2156 5481 3735 5558">
     <span class='ocr_line' id='line_1_109' title="bbox 2156 5481 3735 5558; baseline -0.006 -15"><span class='ocrx_word' id='word_1_802' title='bbox 2156 5507 2269 5556; x_wconf 85' lang='grc' dir='ltr'>τος,</span> <span class='ocrx_word' id='word_1_803' title='bbox 2300 5490 2395 5555; x_wconf 77' lang='grc' dir='ltr'>οὓς</span> <span class='ocrx_word' id='word_1_804' title='bbox 2422 5488 2483 5554; x_wconf 78' lang='grc' dir='ltr'><strong>ἐξ</strong></span> <span class='ocrx_word' id='word_1_805' title='bbox 2523 5488 2773 5558; x_wconf 85' lang='grc' dir='ltr'>ἀνάγκης</span> <span class='ocrx_word' id='word_1_806' title='bbox 2821 5488 2881 5541; x_wconf 79' lang='grc' dir='ltr'>οὐ</span> <span class='ocrx_word' id='word_1_807' title='bbox 2937 5485 3230 5557; x_wconf 81' lang='grc' dir='ltr'>δεχόμεθα.</span> <span class='ocrx_word' id='word_1_808' title='bbox 3270 5484 3449 5555; x_wconf 81' lang='grc' dir='ltr'>Μέχρι</span> <span class='ocrx_word' id='word_1_809' title='bbox 3478 5482 3588 5555; x_wconf 88' lang='grc' dir='ltr'><strong>γάρ</strong></span> <span class='ocrx_word' id='word_1_810' title='bbox 3630 5481 3735 5535; x_wconf 81' lang='grc' dir='ltr'><strong>τῶν</strong></span> 
     </span>
    </p>
   </div>
   <div class='ocr_carea' id='block_1_110' title="bbox 2151 5573 3731 5653">
    <p class='ocr_par' dir='ltr' id='par_1_110' title="bbox 2151 5573 3731 5653">
     <span class='ocr_line' id='line_1_110' title="bbox 2151 5573 3731 5653; baseline -0.006 -17"><span class='ocrx_word' id='word_1_811' title='bbox 2151 5581 2414 5653; x_wconf 73' lang='grc' dir='ltr'>Πράξεων</span> <span class='ocrx_word' id='word_1_812' title='bbox 2465 5581 2578 5635; x_wconf 89' lang='grc' dir='ltr'><strong>τῶν</strong></span> <span class='ocrx_word' id='word_1_813' title='bbox 2632 5579 2953 5636; x_wconf 80' lang='grc' dir='ltr'>ἀποστόλων</span> <span class='ocrx_word' id='word_1_814' title='bbox 3025 5577 3409 5632; x_wconf 81' lang='grc' dir='ltr'>κεκανόνισται</span> <span class='ocrx_word' id='word_1_815' title='bbox 3471 5573 3731 5648; x_wconf 37' lang='grc' dir='ltr'>,δέχεσθαι</span> 
     </span>
    </p>
   </div>
   <div class='ocr_carea' id='block_1_111' title="bbox 2152 5667 3732 5747">
    <p class='ocr_par' dir='ltr' id='par_1_111' title="bbox 2152 5667 3732 5747">
     <span class='ocr_line' id='line_1_111' title="bbox 2152 5667 3732 5747; baseline -0.008 -16"><span class='ocrx_word' id='word_1_816' title='bbox 2152 5676 2318 5747; x_wconf 73' lang='grc' dir='ltr'>ἡμᾶς.</span> <span class='ocrx_word' id='word_1_817' title='bbox 2343 5676 2408 5730; x_wconf 77' lang='lat' dir='ltr'><strong>Oi</strong></span> <span class='ocrx_word' id='word_1_818' title='bbox 2438 5674 2496 5729; x_wconf 83' lang='grc' dir='ltr'>δὲ</span> <span class='ocrx_word' id='word_1_819' title='bbox 2535 5676 2631 5728; x_wconf 79' lang='grc' dir='ltr'>ἀπ’</span> <span class='ocrx_word' id='word_1_820' title='bbox 2662 5674 2842 5746; x_wconf 82' lang='grc' dir='ltr'>ἀρχῆς</span> <span class='ocrx_word' id='word_1_821' title='bbox 2871 5672 2973 5743; x_wconf 84' lang='grc' dir='ltr'>τῆς</span> <span class='ocrx_word' id='word_1_822' title='bbox 3013 5669 3294 5743; x_wconf 81' lang='grc' dir='ltr'>βασιλείας</span> <span class='ocrx_word' id='word_1_823' title='bbox 3322 5667 3732 5723; x_wconf 85' lang='grc' dir='ltr'>Κωνσταντίνου</span> 
     </span>
    </p>
   </div>
   <div class='ocr_carea' id='block_1_112' title="bbox 2151 5760 3734 5838">
    <p class='ocr_par' dir='ltr' id='par_1_112' title="bbox 2151 5760 3734 5838">
     <span class='ocr_line' id='line_1_112' title="bbox 2151 5760 3734 5838; baseline -0.007 -16"><span class='ocrx_word' id='word_1_824' title='bbox 2151 5767 2278 5838; x_wconf 79' lang='grc' dir='ltr'>ἄχρι</span> <span class='ocrx_word' id='word_1_825' title='bbox 2306 5768 2403 5822; x_wconf 92' lang='grc' dir='ltr'><strong>τοῦ</strong></span> <span class='ocrx_word' id='word_1_826' title='bbox 2434 5766 2564 5833; x_wconf 79' lang='grc' dir='ltr'>νῦν,</span> <span class='ocrx_word' id='word_1_827' title='bbox 2607 5766 2950 5838; x_wconf 87' lang='grc' dir='ltr'>διαιροῦνται</span> <span class='ocrx_word' id='word_1_828' title='bbox 2993 5763 3186 5827; x_wconf 75' lang='grc' dir='ltr'>οὕτως·</span> <span class='ocrx_word' id='word_1_829' title='bbox 3237 5762 3288 5816; x_wconf 87' lang='grc' dir='ltr'>οἱ</span> <span class='ocrx_word' id='word_1_830' title='bbox 3319 5760 3419 5832; x_wconf 83' lang='grc' dir='ltr'>μὲν</span> <span class='ocrx_word' id='word_1_831' title='bbox 3456 5760 3564 5831; x_wconf 79' lang='grc' dir='ltr'>γάρ</span> <span class='ocrx_word' id='word_1_832' title='bbox 3600 5760 3734 5813; x_wconf 76' lang='grc' dir='ltr'>εἰσιν</span> 
     </span>
    </p>
   </div>
   <div class='ocr_carea' id='block_1_113' title="bbox 2151 5852 3731 5932">
    <p class='ocr_par' dir='ltr' id='par_1_113' title="bbox 2151 5852 3731 5932">
     <span class='ocr_line' id='line_1_113' title="bbox 2151 5852 3731 5932; baseline -0.005 -17"><span class='ocrx_word' id='word_1_833' title='bbox 2151 5861 2259 5915; x_wconf 74' lang='grc' dir='ltr'>ἀπὸ</span> <span class='ocrx_word' id='word_1_834' title='bbox 2298 5861 2396 5932; x_wconf 79' lang='grc' dir='ltr'>τῆς</span> <span class='ocrx_word' id='word_1_835' title='bbox 2446 5859 2727 5932; x_wconf 81' lang='grc' dir='ltr'>βασιλείας</span> <span class='ocrx_word' id='word_1_836' title='bbox 2772 5857 3204 5922; x_wconf 84' lang='grc' dir='ltr'>Κωνσταντίνου,</span> <span class='ocrx_word' id='word_1_837' title='bbox 3253 5855 3384 5927; x_wconf 77' lang='grc' dir='ltr'>ἄχρι</span> <span class='ocrx_word' id='word_1_838' title='bbox 3428 5856 3530 5926; x_wconf 77' lang='grc' dir='ltr'>τῆς</span> <span class='ocrx_word' id='word_1_839' title='bbox 3559 5852 3731 5924; x_wconf 77' lang='grc' dir='ltr'>ἀρχῆς</span> 
     </span>
    </p>
   </div>
   <div class='ocr_carea' id='block_1_114' title="bbox 2150 5943 3733 6027">
    <p class='ocr_par' dir='ltr' id='par_1_114' title="bbox 2150 5943 3733 6027">
     <span class='ocr_line' id='line_1_114' title="bbox 2150 5943 3733 6027; baseline -0.006 -20"><span class='ocrx_word' id='word_1_840' title='bbox 2150 5952 2245 6007; x_wconf 82' lang='grc' dir='ltr'><strong>τοῦ</strong></span> <span class='ocrx_word' id='word_1_841' title='bbox 2272 5955 2576 6027; x_wconf 84' lang='grc' dir='ltr'>κινήματος</span> <span class='ocrx_word' id='word_1_842' title='bbox 2609 5955 2708 6024; x_wconf 85' lang='grc' dir='ltr'>τῆς</span> <span class='ocrx_word' id='word_1_843' title='bbox 2744 5955 2802 6008; x_wconf 80' lang='grc' dir='ltr'>ὲν</span> <span class='ocrx_word' id='word_1_844' title='bbox 2830 5951 3138 6025; x_wconf 82' lang='grc' dir='ltr'>Χαλκηδόνι</span> <span class='ocrx_word' id='word_1_845' title='bbox 3168 5948 3415 6004; x_wconf 72' lang='grc' dir='ltr'>συνόδουσ</span> <span class='ocrx_word' id='word_1_846' title='bbox 3443 5948 3491 6001; x_wconf 75' lang='grc' dir='ltr'>οἱ</span> <span class='ocrx_word' id='word_1_847' title='bbox 3517 5945 3600 6014; x_wconf 79' lang='grc' dir='ltr'>δὲ,</span> <span class='ocrx_word' id='word_1_848' title='bbox 3625 5943 3733 6000; x_wconf 71' lang='lat'>61:6</span> 
     </span>
    </p>
   </div>
   <div class='ocr_carea' id='block_1_115' title="bbox 3718 6524 3931 6538">
    <p class='ocr_par' dir='ltr' id='par_1_115' title="bbox 3718 6524 3931 6538">
     <span class='ocr_line' id='line_1_115' title="bbox 3718 6524 3931 6538; baseline -0.005 -4"><span class='ocrx_word' id='word_1_849' title='bbox 3718 6524 3931 6538; x_wconf 43' lang='grc' dir='ltr'><strong>-ίήαιτή</strong></span> 
     </span>
    </p>
   </div>
   <div class='ocr_carea' id='block_1_116' title="bbox 3954 6526 4016 6540">
    <p class='ocr_par' dir='ltr' id='par_1_116' title="bbox 3954 6526 4016 6540">
     <span class='ocr_line' id='line_1_116' title="bbox 3954 6526 4016 6540; baseline 0 0"><span class='ocrx_word' id='word_1_850' title='bbox 3954 6526 4016 6540; x_wconf 62' lang='grc' dir='ltr'>οι-..λ</span> 
     </span>
    </p>
   </div>
  </div>
