4020 6522
264 513 410 580 1213

1470 501 1568 562 DE
1608 499 1888 561 SECTIS.
1931 523 2000 532 —
2039 497 2198 557 ΛΒΤ.
2241 495 2350 554 ΙΙΙ.

3411 480 3543 544 1214

263 627 363 682 τοῦ
399 626 705 697 κινήματος
734 622 832 690 τῆς
863 621 920 673 ὲν
946 616 1252 688 Χαλκηδόνι
1279 615 1522 678 συνόδου,
1560 612 1723 684 μέχρι
1756 608 1850 664 τοῦ
1882 643 1891 666 ι

1998 618 2227 664 :eterum
2271 604 2616 676 temporibus
2657 599 2766 655 illis
2789 613 2914 668 quae
2945 613 2975 652 a
3013 593 3224 652 Christi
3257 591 3543 648 nativitate

266 721 389 776 νῦν.
449 717 732 788 Ἐγένοντο
787 716 845 769 δὲ
899 714 959 766 ἐν
1002 713 1118 776 τοῖς
1164 709 1378 782 χρόνοις
1425 709 1538 772 τοῖς
1585 707 1697 761 ἀπὸ
1760 705 1864 772 τῆς

268 814 584 882 γεννήσεως
627 807 723 862 τοῦ
768 805 1008 878 Χριστοῦ
1057 804 1222 876 μέχρι
1253 803 1353 872 τῆς
1401 798 1682 871 βασιλείας
1706 798 1865 850 Κων-

271 905 584 969 σταντίνου,
630 899 946 955 διδάσκαλοι
989 898 1084 952 καὶ
1127 895 1368 967 πατέρες
1409 892 1544 946 οἶδε’
1600 889 1865 960 Ἰγνάτιος

268 1003 300 1055 ὁ
353 1000 626 1071 Θεοφὸρος
650 1039 664 1060 ,
716 995 1036 1066 Εἰρηναῖος,
1086 990 1378 1051 Ἰουστῖνος
1427 984 1718 1056 φιλόσοφος
1769 977 1866 1034 καὶ

277 1093 511 1164 μάρτυς,
547 1088 785 1159 Κλήμης
818 1085 914 1140 καὶ
951 1083 1284 1145 Ἱππόλυτος·
1307 1079 1596 1134 ἐπίσκοποι
1623 1075 1865 1145 Ῥώμης,

275 1185 557 1247 Διονύσιος
585 1183 615 1235 ὁ
658 1177 1083 1252 Ἀρεοπαγίτης,
1107 1175 1375 1237 Μεθόδιος
1419 1172 1718 1232 ἐπίσκοπος
1758 1169 1870 1220 Πα-

276 1279 488 1349 τάρων,
519 1274 824 1348 Γρηγόριος
861 1274 890 1326 ὁ
928 1268 1368 1342 θαυματουργὸς,
1408 1265 1615 1335 Πέτρος
1648 1265 1676 1316 ὁ
1717 1261 1870 1315 Ἀλε-

281 1365 570 1437 ξανδρείας
617 1363 921 1424 ἐπίσκοπος
962 1359 1057 1413 καὶ
1092 1357 1326 1430 μάρτυς.
1360 1353 1596 1416 Τούτους
1624 1351 1872 1412 ἅπαντας

280 1465 335 1517 αἱ
370 1459 489 1533 μετ’
515 1456 721 1521 αὐτοὺς
747 1454 1050 1524 γενόμεναι
1085 1451 1331 1522 αἱρέσεις
1360 1447 1630 1518 δέχονται.

354 1553 608 1627 Αίρέσεις
645 1550 704 1604 δὲ
732 1552 792 1603 ἐν
829 1549 942 1611 τοῖς
976 1546 1188 1618 χρόνοις
1232 1541 1446 1604 τούτοις
1480 1539 1730 1609 ἐγένοντο
1775 1536 1874 1607 μὲν

286 1647 499 1714 πολλαὶ,
542 1644 682 1715 πλὴν
709 1641 887 1713 μόνων
916 1639 1028 1693 τῶν
1059 1633 1361 1709 ἐπισήμων
1380 1634 1505 1688 δέον
1537 1630 1874 1704 μνησθῆναι.

297 1743 550 1811 Ἐγένετο
576 1738 759 1793 τοίνυν
785 1735 1002 1807 πρῶτον
1021 1775 1036 1800 ,
1073 1734 1108 1802 ἡ
1147 1731 1255 1785 τῶν
1286 1727 1605 1792 Μοντανῶν,
1637 1725 1768 1796 περὶ
1805 1719 1875 1796 ἦς

289 1840 347 1891 ἐν
373 1833 556 1898 ἄλλοις
578 1827 956 1901 διαληψόμεθα
993 1842 1009 1857 ο
1046 1821 1167 1878 εἶτα
1197 1823 1306 1877 τῶν
1337 1819 1662 1891 Μανιχαίων
1681 1858 1697 1884 ,
1752 1817 1875 1888 ἥτις

289 1929 347 1996 ἐξ
373 1927 617 1997 ἑκάστης
650 1923 915 1997 αἱρέσεως
947 1917 1291 1989 ἐκλεξαμένη
1328 1915 1400 1969 τά
1427 1915 1697 1986 χείριστα,
1722 1909 1875 1965 οὐδὲν

289 2021 498 2090 ἀγαθον
533 2019 664 2090 ἔχει.
711 2017 849 2088 Περὶ
883 2008 954 2087 ἦς
1009 2013 1072 2066 ού
1125 2009 1351 2066 δύναταί
1387 2026 1473 2073 τις
1503 2009 1678 2061 εἰπεῖν
1714 2005 1879 2075 ἀκρι-

293 2112 426 2179 ϐῶς,
455 2113 505 2166 εί
533 2111 610 2183 μὴ
632 2109 736 2178 τῆς
773 2105 952 2162 αύτῶν
987 2103 1214 2173 γένηται
1247 2098 1548 2162 πολιτείας.
1583 2097 1660 2150 Οὐ
1700 2094 1880 2164 φείδε-

293 2224 388 2260 ται
413 2205 472 2259 δὲ
494 2203 616 2257 οὐδὲ
646 2197 1116 2269 εἰδωλολατρείας,
1148 2196 1209 2249 ού
1240 2193 1442 2257 παντὸς
1475 2191 1651 2254 εἴδους
1682 2185 1878 2244 κακοῦ.

302 2301 371 2353 Ἀ
407 2299 464 2353 δὲ
497 2296 629 2369 περὶ
666 2295 768 2365 τὴν
803 2292 1038 2363 θεάτητα
1070 2288 1308 2360 ἀφειδῶς
1356 2285 1754 2358 ἁμαρτάνουσι,
1788 2280 1884 2334 καὶ

297 2392 426 2463 περὶ
452 2389 560 2465 ’τὴν
603 2387 1005 2459 ἀνθρωπὸτητα
1033 2385 1105 2454 (b)
1137 2427 1153 2450 ,
1193 2381 1372 2435 ταῦτά
1416 2381 1553 2432 ἐστι.
1592 2376 1729 2447 Περὶ
1782 2373 1885 2444 μὲν

295 2486 407 2558 γὰρ
428 2483 530 2555 τὴν
555 2483 811 2554 θεότητα,
833 2479 1009 2542 οὕτως
1036 2475 1405 2547 ὑπειλήφασι·
1436 2471 1530 2525 δύο
1558 2469 1757 2542 ἀρχὰς,
1788 2466 1886 2520 καὶ

295 2577 389 2633 δύο
419 2576 578 2640 θεοὺς
618 2574 876 2645 λέγουσιν
903 2613 918 2638 ,
950 2571 1046 2625 ἕνα
1069 2568 1274 2639 ἀγαθὸν
1297 2566 1392 2621 καὶ
1421 2564 1518 2618 ἕνα
1549 2561 1739 2616 κακόν.
1775 2559 1887 2612 Καὶ

298 2669 368 2722 τά
423 2667 522 2739 μὲν
568 2664 856 2737 κρείττονα
896 2663 1008 2717 τῶν
1061 2658 1404 2732 πραγμάτων
1444 2653 1762 2710 ἀνατιθέασι
1806 2649 1888 2721 τῷ

297 2758 491 2832 ἀγαθῷ
516 2775 531 2790 ·
578 2759 648 2812 τά
667 2758 724 2811 δὲ
761 2756 1017 2828 χείρονα,
1050 2754 1128 2825 τῷ
1158 2750 1338 2823 κακῷ.
1363 2746 1488 2803 Οἷον
1509 2788 1523 2813 ,
1557 2747 1618 2800 τὸ
1645 2745 1744 2816 μὲν
1773 2742 1887 2813 φῶς

299 2852 614 2908 ἀνατιθέασι
634 2848 714 2922 τῷ
744 2847 935 2918 ἀγαθῷ
964 2845 1084 2918 Θεῷ
1103 2863 1117 2877 ·
1147 2845 1209 2898 τὸ
1255 2844 1312 2897 δὲ
1344 2841 1555 2905 σκότος,
1589 2837 1667 2910 τῷ
1706 2835 1886 2906 κακῷ.

304 2948 416 3002 Καὶ
458 2945 643 3010 πάλιν,
685 2943 779 2997 ἐπὶ
818 2942 928 2996 τῶν
968 2938 1242 2993 συνθέτων
1294 2935 1485 3004 ζώωνξ,
1525 2935 1624 3002 τὴν
1648 2931 1780 3002 ὕλην
1809 2929 1889 3000 τῷ

302 3040 461 3112 κακῷ
491 3037 612 3111 Θεῷ
633 3055 647 3069 ο
692 3037 756 3092 τὸ
786 3036 846 3090 δέ
878 3031 1020 3098 εἶδος
1043 3075 1057 3097 ,
1087 3031 1165 3104 τῷ
1192 3028 1386 3101 ἀγαθῷ
1413 3027 1553 3099 Θεῷ.
1605 3019 1769 3080 Οὗτοι
1796 3023 1891 3077 καί

303 3149 426 3185 τινα
453 3129 633 3201 βιϐλία
659 3128 758 3198 τῆς
787 3124 1034 3188 Παλαιᾶς
1065 3123 1286 3193 Γραφῆς
1311 3118 1391 3190 τῷ
1420 3116 1577 3188 κακῷ
1607 3115 1725 3186 Θεῴ
1757 3116 1892 3168 ἀνα-

305 3224 587 3279 τιθέασινο
641 3220 832 3291 ὥσπερ
888 3217 988 3289 τὴν
1057 3215 1168 3268 ἀπὸ
1218 3211 1498 3281 Αἰγύπτου
1555 3207 1736 3275 ἔξοδον
1784 3205 1893 3260 τῶν

1971 716 2146 771 usque
2190 698 2257 753 ad
2307 696 2599 768 imperium
2645 686 2994 746 Constantini
3043 690 3442 746 numerantur,
3486 682 3543 736 hi

1969 791 2226 847 doctores
2258 797 2315 843 et
2335 795 2523 858 patres
2563 781 2897 839 exstiterunt
2924 794 2937 831 :
2975 775 3221 847 lgnatius
3243 773 3335 829 ille
3362 772 3545 827 Theo-

1970 885 2197 956 phorus,
2229 882 2498 945 lrenzeus,
2557 875 2808 931 Justinus
2839 869 3202 942 philosophus
3228 877 3284 920 et
3317 871 3544 937 martyr,

1968 979 2224 1034 Clemens
2243 984 2300 1029 et
2330 971 2659 1043 llippolytus
2684 962 2924 1034 episcopi
2959 960 3213 1024 Romani,
3255 957 3550 1028 Dionysius

1970 1069 2303 1139 AreOpagita
2329 1107 2343 1132 ,
2371 1052 3359 1139 MethodiusIatarensisipiscopus
3377 1091 3390 1114 ,
3416 1048 3552 1104 Gre-

1970 1163 2162 1234 gorius
2189 1139 3105 1214 miraculorummis
3143 1139 3553 1197 Alexandrinus

1971 1257 2269 1327 episcopus
2291 1261 2348 1309 et
2374 1258 2599 1322 martyr.
2625 1245 2739 1300 llos
2779 1257 2972 1298 omnes
3038 1244 3240 1295 set-uta:
3290 1234 3554 1302 deinceps

1973 1349 2212 1403 baareses
2249 1344 2544 1413 recipiunt.

2046 1540 2112 1595 ll.
2142 1538 2212 1593 Et
2236 1535 2574 1592 exstiterunt
2611 1530 2808 1586 iisdem
2842 1524 3190 1597 temporibus
3217 1528 3382 1577 secta:
3405 1531 3556 1572 com-

1975 1635 2197 1705 plures;
2241 1629 2336 1684 sed
2377 1628 2539 1684 clara:
2574 1626 2841 1681 duntaxat
2883 1613 3401 1677 commemoranda.
3434 1609 3558 1664 Pri-

1976 1740 2126 1781 mum
2158 1738 2292 1794 ergo
2324 1728 2476 1776 secta
2502 1719 2886 1773 Montanorum
2918 1721 3004 1768 est
3032 1720 3176 1773 orta,
3209 1706 3278 1760 de
3302 1718 3410 1773 qua
3441 1706 3557 1754 tra—

1976 1789 2250 1871 ctabimus
2282 1809 2446 1876 alibi;
2482 1807 2683 1863 deinde
2715 1803 3306 1866 Manichaeorum,qu:e
3333 1791 3462 1862 quia
3491 1789 3560 1843 de

1978 1905 2145 1965 sectis
2173 1903 2404 1974 singulis
2437 1898 2676 1971 pessima
2703 1908 2934 1966 quzeque
2960 1890 3174 1960 selegit,
3210 1885 3348 1940 nihil
3380 1881 3553 1936 omni-

1980 2016 2054 2057 no
2084 1999 2212 2055 boni
2241 1997 2506 2053 continet.
2532 1993 2644 2048 Nec
2673 1996 2856 2061 potest
2889 1986 3181 2057 quisquam
3203 1984 3462 2035 accurate
3494 1974 3564 2028 de

1983 2093 2086 2147 hac
2115 2089 2288 2160 loqui,
2321 2085 2428 2142 nisi
2479 2098 2674 2139 eorum
2711 2095 2770 2135 se
2797 2071 3237 2148 [conversationi
3275 2067 3562 2137 adiungat.

1981 2184 2102 2240 Non
2138 2181 2206 2236 de
2257 2187 2533 2233 astrorum
2568 2172 2742 2234 cultu,
2792 2183 2906 2222 non
2963 2162 3094 2218 mali
3141 2158 3326 2230 specie
3369 2152 3566 2225 quavis

1985 2273 2252 2330 abstinet.
2280 2271 2413 2336 Quae
2441 2267 2588 2322 circa
2650 2259 2960 2316 doctrinam
2993 2255 3062 2310 de
3096 2253 3230 2314 Deo,
3263 2248 3444 2317 deque
3477 2245 3564 2298 iu—

1985 2365 2304 2421 carnatione
2329 2357 2531 2416 Christi
2559 2369 2754 2425 magna
2783 2365 2910 2405 cum
2956 2344 3184 2402 licentia
3212 2341 3563 2408 delinquunt,

1987 2460 2105 2514 haec
2137 2465 2287 2513 sunt.
2336 2455 2414 2509 De
2446 2450 2737 2506 divinitate
2771 2445 2852 2499 sic
2887 2441 3212 2512 opinantur,
3235 2444 3437 2490 utesse
3457 2429 3567 2484 duo

1988 2548 2278 2620 principia,
2311 2545 2561 2612 duosque
2602 2542 2743 2594 Deos
2797 2535 3006 2596 dicant,
3045 2543 3215 2584 unum
3259 2526 3486 2584 bonum,
3513 2529 3569 2574 et

1989 2656 2160 2696 unum
2192 2639 2414 2692 malum.
2457 2635 2513 2689 Si
2554 2649 2662 2702 qua
2700 2627 2930 2684 meliora
2982 2629 3115 2678 sunt
3177 2619 3232 2672 in
3291 2615 3478 2678 rebus,
3504 2627 3568 2665 ea

1989 2735 2102 2790 Deo
2149 2731 2296 2786 bono
2339 2727 2657 2797 assignant;
2715 2719 2992 2780 tenebras,
3046 2712 3210 2767 malo.
3246 2709 3460 2762 Rursus
3512 2703 3570 2755 in

1990 2824 2312 2895 compositis
2340 2819 2692 2881 animalibus,
2729 2811 3018 2868 materiem
3046 2806 3112 2860 ad
3139 2802 3342 2857 malum
3371 2799 3568 2860 Deum;

1991 2892 2222 2976 formam
2247 2917 2316 2972 ad
2351 2917 2560 2970 bonum
2584 2912 2756 2965 Deum
2790 2903 3058 2961 referunt.
3089 2897 3262 2953 Iidem
3307 2901 3364 2949 et
3409 2892 3572 2947 Vete«

1995 3017 2072 3072 ris
2091 3015 2392 3084 Scriptura:
2413 3011 2584 3066 libros
2600 3003 2867 3077 quosdam
2886 3000 2999 3054 Deo
3019 2995 3162 3050 male
3177 2991 3570 3047 attribuerunt:

1996 3116 2058 3162 ut
2086 3077 2238 3169 eum,
2273 3103 2368 3172 qui
2423 3100 2493 3154 de
2526 3093 2898 3152 Israelitarum
2945 3103 3013 3142 ex
3055 3082 3290 3154 IEgypto
3325 3077 3572 3131 discessu

1995 3210 2205 3258 narrat.
2229 3198 2399 3254 Aiunt
2425 3193 2596 3256 enim,
2634 3204 2745 3243 non
2779 3198 2900 3240 esse
2934 3180 3030 3235 Dei
3084 3175 3234 3239 boni,
3275 3187 3372 3226 eos
3397 3167 3571 3239 AEgy—

320 3260 550 3279 .-.v.—.-...
641 3260 832 3291 ,μνη-ι.
899 3260 983 3289 ..ν
1057 3260 1165 3268 ...η
1218 3260 1492 3281 ---,----,-

320 3310 693 3384 Ἰσραηλιτῶν.
724 3311 838 3363 Ούκ
871 3307 986 3360 ἐστι
1017 3305 1146 3375 γὰρ,
1177 3304 1335 3371 φασὶ,
1367 3300 1464 3354 τοῦ
1500 3298 1709 3369 ἀγαθοῦ
1733 3297 1891 3363 Θεοῦ,

1999 3305 2093 3366 pto
2121 3293 2344 3363 ejicere,
2380 3285 2663 3352 multaque
2678 3277 2821 3333 mala
2841 3274 3106 3340 deinceps
3133 3268 3400 3335 irrogare.
3425 3260 3577 3314 Pras-

2538 3374 2550 3384 '
2713 3368 2746 3384 "
2774 3367 2786 3379 '
2820 3364 2992 3384 ἐιη-ιιι
3048 3355 3357 3384 Annua-inn”
3409 3348 3577 3384 nn;n_

306 3408 368 3460 τὸ
398 3404 651 3458 ἐκϐαλεῖν
693 3401 892 3463 αὐτοὺς
928 3399 1037 3451 ἀπὸ
1075 3394 1386 3464 Αἰγύπτου,
1413 3394 1509 3448 καὶ
1540 3391 1709 3447 πολλά
1747 3389 1897 3444 κοικά

309 3500 494 3561 αὐτοῖς
522 3495 748 3567 ὕστερον
782 3493 1024 3562 ποιῆσαι.
1065 3483 1227 3543 Οὗτοι
1258 3489 1353 3542 καὶ.
1380 3485 1561 3558 βιϐλία
1590 3485 1713 3538 τινὰ
1766 3483 1895 3536 ἐαυ-

309 3597 422 3658 τοῖς
442 3589 845 3662 καινοτομοῦσι.
869 3588 1108 3655 Λέγουσι
1127 3585 1239 3658 γὰρ
1261 3581 1594 3651 Εὑαγγέλιον
1621 3578 1763 3633 κατά
1782 3577 1898 3630 Θω-

319 3688 425 3758 μᾶν
461 3684 555 3740 καὶ
602 3682 867 3736 Φίλιππον
891 3720 908 3745 ,
939 3679 1085 3751 ἅπερ
1125 3679 1289 3749 ἡμεῖς
1329 3676 1430 3728 οὐκ
1475 3671 1659 3742 ἴσμεν.
1696 3670 1774 3722 Δι’
1806 3667 1901 3730 οὓς

316 3780 410 3833 καὶ
439 3777 708 3832 ἐκάλεσαν
734 3777 782 3828 οἱ
811 3774 958 3842 ἀγιοι
983 3770 1252 3842 Πατέρες,
1285 3770 1414 3821 ποῖα
1440 3764 1623 3837 βιϐλία
1646 3763 1728 3816 δεῖ
1757 3761 1905 3830 δέχε-

319 3873 444 3927 σθαι
483 3871 654 3943 ἡμᾶς.
693 3869 832 3939 Περὶ
874 3868 932 3920 δὲ
961 3866 1062 3936 τὴν
1095 3861 1510 3934 ἐνανθρώπησιν
1545 3857 1719 3919 οὕτως
1746 3854 1903 3918 δοξά-

318 3965 536 4030 ζουσινο
581 3962 681 4032 οὐχ
713 3957 1068 4032 ὁμολογοῦσιν
1094 3953 1272 4026 ἀληθῆ
1301 3949 1557 4021 γενέσθαι
1603 3949 1702 4018 τὴν
1750 3949 1906 4000 ἐναν-

319 4056 604 4127 θρὼπησιν
631 4054 727 4108 τοῦ
769 4049 1032 4122 Χριστοῦ,
1071 4047 1209 4102 άλλά
1252 4044 1397 4100 κατὰ
1435 4040 1737 4113 φαντασίαν
1762 4054 1776 4069 ⁸
1810 4037 1906 4091 καὶ

319 4151 378 4202 ἐν
407 4150 519 4212 τοῖς
557 4145 790 4201 πάθεσιν
832 4145 916 4198 ὅτι
957 4142 1117 4196 ἀλλον
1146 4138 1434 4208 ἄνθρωπον
1472 4132 1744 4188 ὑπέϐαλεν
1785 4130 1898 4185 ἀντ’

322 4240 514 4306 αὐτοῦ,
569 4240 667 4294 καὶ
717 4237 880 4302 αὐτὸς
929 4235 1151 4306 ἔφυγεν.
1209 4229 1560 4284 Ἐπιστοῦντο
1602 4226 1660 4280 δὲ
1704 4225 1764 4278 τὸ
1809 4225 1909 4294 τῆς

325 4335 649 4406 φαντασίας,
677 4331 787 4386 ἀπό
823 4347 986 4384 τινων
1037 4328 1299 4400 ῥημάτων
1326 4324 1384 4377 ἐν
1412 4324 1526 4385 τοῖς
1555 4317 1907 4388 Εὑαγγελίοις

325 4430 630 4502 κειμένων,
663 4425 723 4491 ἐξ
763 4418 839 4479 ὧν
863 4422 1135 4491 λέγουσιν,
1166 4419 1248 4472 ὅτι
1287 4418 1346 4470 ἐν
1378 4415 1457 4486 τῷ
1503 4415 1620 4485 δρει
1662 4411 1738 4466 ὢν
1777 4427 1906 4482 μετ-

327 4518 624 4593 εμορφώθη
676 4517 771 4572 καὶ
816 4514 1058 4584 ἄφαντος
1094 4511 1310 4580 γέγονε.
1363 4506 1476 4562 Καὶ
1519 4505 1714 4569 πάλιν,
1749 4502 1906 4574 ὄχλου

327 4613 528 4668 πολλοῦ
560 4608 1004 4684 περιεστηκότος,
1032 4603 1311 4671 ἐξένευσεν
1333 4601 1362 4654 ὁ
1404 4597 1631 4669 Ἰησοῦς.
1660 4595 1830 4649 Τοῦτο
1850 4594 1906 4648 δὲ

329 4711 430 4764 ούκ
464 4708 611 4761 ἐστιν
643 4703 829 4758 ἱκανὸν
875 4696 1250 4768 παραστῆσαι,
1295 4693 1378 4747 ὅτι
1418 4690 1561 4744 κατά
1605 4686 1891 4758 φαντασίαπ

2013 4679 2256 4736 bandum
2288 4668 2727 4728 incarnationem

335 4805 557 4872 γέγονεν
607 4801 640 4870 ἡ
687 4791 1119 4865 ἐνανθρὼπησις.
1161 4787 1270 4842 Καὶ
1312 4785 1592 4857 ἄνθρωποι
1640 4782 1746 4854 γάρ
1781 4797 1910 4853 μετ-

334 4891 758 4966 εμορφώθησαν,
778 4887 872 4941 καὶ
898 4885 1189 4954 γεγόνασιν
1212 4880 1461 4949 ἄφαντοι.
1495 4873 1911 4946 Μετεμορφὼθη

335 4987 443 5056 γὰρ
485 4982 730 5052 Μωῦσῆς
756 4981 838 5044 εἰς
872 4976 1083 5043 ἔνδοξον
1123 4973 1440 5045 πρόσωπον,
1475 4969 1618 5024 ὥστε
1650 4968 1724 5039 μὴ
1753 4967 1905 5020 δύνα⁹

337 5079 462 5133 σθαι
495 5077 620 5142 τοὺς
658 5071 946 5135 Ἰουδαίους
972 5069 1216 5124 ἀτενίσαι
1246 5068 1328 5130 είς
1357 5063 1522 5118 αὑτὸν
1541 5104 1556 5127 ,
1582 5061 1718 5116 ἀλλά
1745 5077 1915 5114 κεκα-

336 5171 612 5242 λυμμένος
641 5168 740 5240 τὴν
773 5166 896 5236 ὄψιν
928 5163 1109 5219 ἐλάλει
1137 5161 1342 5222 αὐτοῖς.
1385 5153 1708 5225 Ἠφαντὼοη
1737 5154 1794 5207 δέ
1822 5152 1916 5207 καὶ

336 5267 366 5318 ὁ
397 5264 667 5326 Φίλιππος
689 5301 704 5327 ,
752 5259 848 5314 καὶ
893 5257 1002 5311 ἀπὸ
1031 5257 1131 5327 τῆς
1156 5253 1374 5327 ὀρεινῆς
1415 5250 1671 5320 ἐξαίφνης
1700 5246 1918 5317 ἐγένετο

339 5356 420 5418 εἰς
451 5355 719 5418 Ἀζωτον.

422 5446 672 5516 Ἐγένετο
717 5443 776 5498 δέ
819 5441 914 5496 καὶ
935 5439 1071 5510 άλλη
1108 5438 1319 5510 αἵρεσις
1359 5435 1500 5489 κατᾶ
1539 5433 1664 5494 τοὺς
1693 5429 1921 5501 χρόνους

341 5539 564 5602 τούτους
593 5577 610 5604 ,
641 5539 676 5608 ἡ
704 5535 920 5592 Παύλου
945 5533 1041 5587 τοῦ
1066 5528 1461 5602 Σαμοσατὲως·
1496 5528 1646 5586 ὅστις
1671 5525 1763 5577 καὶ
1789 5520 1921 5592 περὶ
2025 5509 2215 5571 tensis,

341 5635 442 5705 τὴν
461 5632 694 5702 θεότητα
721 5628 1038 5700 ἐσφάλλετο,
1075 5625 1168 5679 καὶ
1196 5640 1261 5677 πε
1272 5623 1323 5694 ρὶ
1356 5624 1453 5692 τὴν
1479 5616 1914 5687 ἐνανθρώπησιν.

345 5727 478 5799 Περὶ
504 5726 601 5799 μὲν
623 5724 734 5796 γάρ
761 5724 861 5793 τὴν
888 5722 1139 5790 θεότητα,
1170 5719 1252 5771 ὅτι
1285 5715 1505 5785 Πατέρα
1539 5712 1700 5784 μόνον
1728 5709 1884 5776 ἔλεγε
1905 5725 1918 5739 ο

344 5820 472 5892 περὶ
504 5818 560 5872 δὲ
588 5816 686 5890 τὴν
710 5813 1144 5887 ἐνανθρώπησιν,
1167 5812 1249 5865 ὅτι
1271 5807 1424 5877 ψιλὸν
1450 5806 1738 5880 ἄνθρωπον
1770 5801 1922 5870 ἔλεγε

420 5983 492 6052 (b)
532 5983 718 6052 Ἁνθρ.
752 5973 1213 6048 Ἐνανθρώπησιν,
1246 5971 1410 6042 paulo
1435 5976 1556 6042 post
1585 5965 1747 6024 intra.

2001 3348 2349 3442 {erea'novos
2376 3348 2645 3447 quosdam
2683 3367 2789 3423 sibi
2820 3364 2996 3419 libros
3044 3355 3383 3427 excogitant.
3409 3348 3578 3419 Quip-

2003 3495 2070 3552 pe
2093 3476 2530 3532 commemorant
2553 3458 2914 3532 Evangelium
2962 3453 3232 3521 scriptum
3266 3462 3295 3500 a
3347 3443 3576 3502 Thema,

2000 3536 2058 3626 et
2087 3571 2319 3624 alterum
2351 3580 2379 3617 a
2417 3559 2710 3627 Philippo;
2744 3566 2868 3623 qua:
2894 3563 2996 3602 nos
3033 3546 3370 3616 ignoramus.
3403 3536 3580 3603 Atque

2003 3666 2198 3720 horum
2259 3657 2432 3728 gratia
2466 3650 2641 3706 sancti
2671 3649 2860 3701 Patres
2882 3649 3206 3708 expressere
3234 3627 3578 3690 nominatim,

2003 3771 2143 3828 quos
2172 3752 2348 3807 libros
2366 3745 2614 3814 recipere
2641 3737 2965 3794 debeamus.
2994 3731 3070 3784 De
3102 3721 3484 3781 incarnatione
3503 3719 3584 3773 sic

2005 3809 2438 3903 sentiuntzNon
2477 3847 2607 3889 vere
2637 3830 2834 3884 factam
2882 3818 3323 3878 incarnationem
3377 3809 3582 3865 Christi

2003 3942 2268 3998 fatentur,
2291 3931 2386 3987 sed
2419 3925 2601 3998 specie
2633 3932 2831 3977 tenus:
2882 3925 2939 3971 et
2974 3915 3029 3968 in
3087 3909 3222 3981 ipsis
3245 3903 3586 3962 cruciatibus
3693 3911 3695 3913 '

2005 4029 2286 4088 Christum
2317 4039 2420 4095 pro
2440 4037 2498 4076 se
2533 4017 2814 4072 hominem
2849 4010 3018 4064 alium
3043 4003 3368 4075 subiecisse,
3402 4013 3466 4052 ac
3496 3997 3586 4050 [ιι-

2006 4141 2070 4195 ga
2099 4119 2362 4177 evasisse.
2394 4112 2533 4168 lluie
2579 4108 2647 4162 de
2679 4103 2864 4175 specie
2924 4093 3175 4169 opinioni
3242 4105 3310 4146 e’x
3344 4088 3580 4159 quibus-

2012 4179 2138 4272 dam
2187 4211 2350 4266 dictis
2395 4221 2519 4276 qua:
2553 4202 2609 4256 in
2657 4192 2970 4266 Evangeliis
3023 4185 3378 4258 reperiuntur
3422 4179 3585 4234 [idem

2009 4307 2331 4368 astruehant
2363 4321 2376 4356 :
2412 4297 2560 4355 unde
2585 4291 2904 4366 perhibent,
2955 4283 3238 4346 Christum
3283 4277 3340 4332 in
3401 4281 3589 4328 monte

2012 4399 2462 4458 transformatum
2500 4388 2692 4450 fuisse,
2747 4398 2812 4437 ac
2851 4372 3304 4446 inaspectabilem
3360 4368 3596 4439 factum.

2010 4499 2245 4556 Rursus,
2283 4505 2409 4546 cum
2453 4496 2647 4554 magna
2693 4492 2820 4533 eum
2863 4469 3164 4528 multitudo
3189 4458 3591 4520 circumstetis-

2012 4597 2116 4652 set,
2151 4585 2312 4641 Jesus
2342 4551 2585 4634 deﬂexit.
2620 4570 2737 4624 Hoc
2766 4562 2900 4620 vero
2956 4577 3067 4616 non
3099 4556 3235 4614 satis
3257 4551 3431 4610 estad
3463 4565 3590 4619 pro-

2780 4658 2966 4730 specie
3017 4666 3179 4709 tenus
3208 4663 3330 4704 esse
3372 4645 3591 4698 laetam.

2013 4775 2148 4830 Nam
2181 4778 2237 4826 et
2268 4764 2521 4823 homines
2549 4751 2927 4814 transformati
2979 4749 3226 4806 fuerunt,
3273 4748 3328 4799 et
3375 4739 3596 4804 inaspe-

2017 4866 2245 4924 ctabiles
2271 4860 2421 4915 facti.
2448 4855 2663 4924 Quippe
2695 4851 2870 4904 Moses
2906 4840 3331 4899 transformatns
3352 4839 3457 4894 est,
3480 4827 3599 4881 vul-

2022 4970 2077 5016 tu
2128 4958 2264 5014 adeo
2320 4953 2602 5023 majestate
2654 4942 2880 5003 referto,
2941 4944 2998 4990 ut
3050 4930 3242 4987 oculos
3271 4927 3327 4980 in
3355 4938 3480 4978 eum
3506 4920 3600 4974 Ju-

2021 5053 2123 5110 (ιωί
2153 5050 2390 5120 dirigere
2403 5014 2752 5112 vnequirent,
2786 5033 2883 5089 sed
2937 5027 3193 5084 obvelato
3224 5020 3380 5075 vultu
3413 5014 3480 5069 ad
3503 5027 3602 5068 eos

2022 5107 2362 5216 loquerethr.
2379 5107 2576 5192 Itidem
2595 5141 2651 5187 et
2673 5127 2961 5196 Philippus
2990 5109 3400 5189 inaspectabilis
3425 5107 3602 5162 factus

2013 5204 2118 5303 esti,
2144 5245 2201 5293 et
2223 5250 2288 5290 ex
2318 5229 2540 5301 regione
2564 5231 2824 5279 montana
2863 5214 3047 5271 subito
3069 5207 3324 5282 pervenit
3344 5204 3599 5260 Azotum.

2089 5417 2178 5472 lll.
2203 5413 2321 5469 Alia
2353 5420 2574 5481 quoque
2627 5407 2800 5464 secta,
2854 5394 3115 5451 nimirum
3156 5386 3309 5444 Pauli
3343 5383 3602 5481 Samosa-

2251 5505 2340 5560 ltis
2371 5468 2713 5570 temporibus
2733 5490 2949 5548 exstitit
2979 5506 2991 5540 :
3040 5483 3136 5555 qui
3188 5489 3245 5536 et
3275 5477 3422 5532 circa
3458 5468 3605 5527 divi—

2029 5607 2255 5662 nitatem
2278 5606 2334 5654 et
2363 5590 2796 5650 incarnationem
2845 5581 3084 5639 errabat.
3124 5574 3287 5631 Circa
3343 5565 3607 5624 divinita-

2029 5710 2160 5758 tem.
2193 5695 2322 5766 quia
2353 5692 2566 5746 Patrem
2607 5683 2786 5738 solum
2822 5677 3138 5734 fatebatur:
3169 5669 3317 5723 circa
3355 5663 3605 5717 incarna~

2032 5794 2259 5854 tionem,
2288 5785 2416 5857 quia
2437 5795 2638 5854 purum
2664 5775 2952 5843 solumque
2979 5765 3262 5824 hominem
3285 5773 3405 5816 esse
3445 5749 3608 5810 Chri-
