4020 6554
479 458 613 525 1215

1754 455 2067 517 LEONTII
2107 451 2519 515 BYZANTlNl

3615 441 3762 507 1216

472 579 623 626 stum
660 564 916 623 dicebat:
970 561 1029 618 in
1068 575 1181 633 quo
1227 559 1400 617 fuisse
1439 558 1537 614 Dei
1577 559 1903 618 Sermonem
1952 576 2060 618 non

2166 562 2261 615 τὸν
2317 559 2576 633 Χριστὸν,
2629 557 2880 628 γενέσθαι
2930 556 2989 611 δὲ
3031 556 3092 610 ἐν
3131 552 3283 624 αύτῷ
3315 551 3408 606 τὸν
3439 551 3614 621 Λόγον
3657 551 3760 606 τοῦ

472 659 850 717 arbitrabatur
867 673 883 723 ;
903 670 1007 712 nec
1017 670 1083 710 ea
1099 650 1367 720 sentiens,
1389 652 1830 723 quaeNestorius.
1847 653 2063 725 Quippe

473 750 783 812 Nestorius.
837 747 969 804 licet
1017 745 1300 802 Christum
1358 745 1571 801 diceret
1621 761 1825 816 purum
1877 746 2062 802 homi-

473 854 606 899 nem
633 856 787 908 esse,
841 848 1030 897 tamen
1053 838 1452 895 subsistentem
1479 854 1581 909 per
1605 854 1665 894 se
1712 839 1812 894 Dei
1840 838 2065 896 Sermo-

472 951 624 1000 nem,
655 949 723 990 ae
778 932 1003 997 Filium,
1035 929 1092 985 in
1125 930 1353 985 homine
1396 930 1493 985 illo
1548 929 1717 987 fuisse
1757 930 2061 986 fatebatur.

473 1028 598 1084 Non
623 1027 775 1085 enim
819 1026 968 1082 circa
1015 1023 1345 1080 Trinitatem
1394 1023 1619 1095 aliquod
1671 1024 1911 1079 Nestorii
1957 1024 2065 1080 fuit

473 1128 747 1174 erratum.
777 1117 984 1173 Paulus
1010 1125 1197 1171 autem
1231 1113 1633 1171 Samosatensis
1663 1114 2064 1171 subsistentem

475 1228 578 1282 per
604 1228 666 1269 se
695 1212 793 1268 Dei
817 1212 1144 1268 Sermonem
1185 1210 1243 1266 in
1274 1208 1500 1266 Christo
1546 1208 1721 1264 fuisse
1752 1223 1866 1264 non
1911 1208 2066 1264 dice-

476 1305 592 1370 bat,
628 1304 726 1360 sed
767 1303 989 1359 volebat
1014 1302 1340 1358 Sermonem
1360 1316 1485 1358 esse
1515 1304 1732 1374 iussum
1761 1302 2064 1374 quemdam

475 1411 542 1451 ac
574 1395 896 1451 mandatum
917 1435 933 1460 ,
971 1395 1077 1451 hoc
1101 1402 1206 1460 est,
1223 1395 1392 1466 jussit
1422 1395 1570 1450 Deus
1597 1394 1683 1468 (ut
1723 1397 1846 1468 ipse
1871 1398 2067 1469 loque-

476 1487 660 1558 batur)
710 1487 831 1543 ﬁeri
882 1502 987 1557 per
1013 1486 1170 1542 illum
1226 1486 1533 1553 hominem,
1590 1489 1741 1559 quod
1799 1490 2063 1557 volebat;

479 1580 737 1650 idemque
761 1595 862 1650 per
890 1578 1046 1635 illum
1075 1577 1375 1635 condebat.
1406 1578 1522 1635 Nec
1542 1590 1665 1636 erat
1686 1580 1884 1638 eadem
1908 1581 2066 1638 Pauli

477 1672 547 1729 de
573 1671 863 1727 divinitate
919 1670 1221 1739 sententia,
1253 1687 1378 1743 quae
1403 1670 1651 1729 Sabellii.
1682 1672 1821 1729 Nam
1872 1673 2067 1731 Sabel-

478 1765 586 1821 lius
623 1763 881 1820 eumdem
927 1762 1149 1819 dicebat
1196 1779 1319 1821 esse
1364 1764 1608 1830 Patrem,
1654 1774 1713 1822 et
1750 1766 1975 1832 Filium,
2011 1777 2071 1823 et

481 1856 746 1928 Spiritum
776 1863 1053 1916 sanctum,
1085 1855 1372 1927 Deumque
1397 1872 1517 1912 rem
1548 1857 1680 1913 trini
1709 1859 1953 1914 nominis
1965 1875 2064 1931 ap-

476 1947 739 2018 pellabat,
758 1947 968 2003 nullam
994 1961 1229 2017 prorsus
1276 1963 1402 2003 esse
1436 1947 1769 2005 Trinitatem
1792 1960 2063 2008 statuens.

478 2043 683 2100 Paulus
734 2058 893 2109 vero,
933 2058 1045 2098 non
1096 2041 1355 2098 eumdem
1402 2040 1623 2097 dicebat
1648 2057 1769 2098 esse
1819 2042 2066 2112 Patrem,

476 2144 535 2191 et
566 2134 863 2200 Filium,et
878 2134 1148 2205 Spiritum
1179 2142 1467 2190 sanctum:
1506 2134 1603 2189 sed
1630 2134 1851 2190 Patrem
1882 2134 2068 2192 aiebat

480 2227 634 2282 illum
662 2242 786 2283 esse
821 2226 997 2282 Deum
1021 2226 1117 2296 qui
1148 2226 1337 2281 omnia
1378 2234 1659 2294 creasset;
1695 2226 1924 2293 Filium,
1960 2243 2064 2298 pu-

481 2331 602 2370 rum
624 2316 782 2371 illum
814 2316 1131 2383 hominem;
1170 2315 1461 2387 Spiritum,
1494 2315 1647 2371 illam
1669 2316 1908 2387 gratiam
1938 2333 2063 2388 quae

477 2425 647 2480 super
685 2410 970 2480 apostolos
1023 2411 1259 2467 venerit.
1311 2411 1412 2467 His
1456 2411 1807 2481 temporibus
1849 2413 2068 2468 exstitit

476 2513 533 2561 et
556 2503 782 2561 Sabellii
806 2515 978 2572 secta,
1009 2505 1079 2561 de
1117 2520 1225 2575 qua
1254 2505 1423 2576 paulo
1467 2515 1597 2561 ante
1632 2504 1805 2561 locuti
1848 2521 2060 2563 sumus.

545 2596 635 2652 IV.
675 2595 952 2653 Caterum
985 2596 1334 2667 temporibus
1376 2596 1490 2652 illis
1533 2612 1657 2668 qua:
1695 2605 2066 2654 numerantur

476 2690 547 2744 ab
589 2689 811 2761 imperii
859 2689 1208 2747 Constantini
1240 2689 1539 2761 principio,
1574 2705 1752 2761 usque
1775 2688 1848 2746 ad
1896 2691 2069 2748 colle-

475 2783 713 2838 ctionem
740 2783 936 2855 synodi
970 2782 1439 2840 Chalcedonensis
1459 2821 1475 2847 ,
1496 2782 1571 2845 ,hi
1601 2782 1863 2842 doctores
1882 2793 1940 2840 et
1958 2784 2063 2841 Pa-

478 2884 590 2930 tres
618 2873 906 2930 vixerlmt:
941 2873 1215 2932 Silvester
1248 2874 1553 2946 episcopus
1598 2875 1907 2943 Romanus,
1933 2877 2061 2933 Alea

476 2966 686 3023 xander
711 2967 1008 3039 episcopus
1034 2965 1465 3035 Alexandrinus,
1512 2968 1846 3025 Eustathius
1865 2969 2064 3026 Antio-

474 3057 709 3123 chenus,
728 3056 1068 3114 Athanasius
1088 3058 1519 3126 Alexandrinus,
1544 3059 1728 3115 Julius
1750 3061 2065 3129 Romanus,

473 3148 786 3205 Alexander
812 3147 1486 3220 Constantinopolitanus,
1518 3150 1763 3207 Hilarius
1805 3153 2061 3210 Pictavo-

2163 654 2321 721 Θεοῦ,
2364 653 2442 726 μὴ
2477 653 2833 727 νομιζόμενος
2853 668 2868 684 ’
2898 651 2993 707 καὶ
3018 648 3097 723 μὴ
3120 647 3363 716 δοξάζων
3394 646 3464 700 τὰ
3494 644 3639 700 αὐτὰ
3674 644 3762 716 τῷ

2163 745 2465 817 Νεστορίῳ.
2507 745 2565 798 '0
2609 744 2710 815 μὲν
2746 743 2855 816 γὰρ
2888 741 3208 813 Νεστόριος,
3240 742 3291 794 εί
3334 738 3433 794 καὶ
3467 737 3626 809 ψιλὸν
3656 739 3761 794 ἆν-

2165 839 2386 910 θρωπον
2409 838 2564 907 ἔλεγε
2591 837 2683 892 τὸν
2716 834 2975 907 Χριστὸν,
3007 833 3127 889 ἀλλ’
3162 828 3256 889 οὖν
3278 832 3371 887 τὸν
3398 832 3762 887 αύθυπόστα-

2163 949 2257 986 τον
2289 931 2460 1001 Λόγον
2483 930 2579 985 τοῦ
2617 930 2777 996 Θεοῦ,
2817 931 2913 984 καὶ
2942 928 3071 984 Υίδν
3097 926 3252 997 ἔλεγε
3294 925 3551 997 γενέσθαι
3586 929 3649 981 ὲν
3680 925 3763 997 τῷ

2164 1022 2439 1096 ἀνθρώπῳ
2466 1022 2679 1094 ἐκείνῳ.
2709 1022 2847 1093 Περὶ
2871 1019 2980 1094 γὰρ
3006 1020 3106 1093 τὴν
3136 1017 3345 1091 Τριάδα
3373 1017 3472 1087 οὐχ
3500 1016 3764 1087 ἡμάρτα-

2165 1133 2257 1171 νεν
2301 1116 2329 1169 ό
2370 1115 2690 1186 Νεστόριος.
2737 1113 2797 1166 'U
2831 1113 2889 1167 δὲ
2936 1111 3151 1174 Παῦλος
3192 1113 3221 1166 6
3252 1108 3606 1181 Σαμοσατεὺς
3656 1108 3763 1162 of»:

2165 1206 2321 1277 ἔλεγε
2369 1206 2466 1262 τὸν
2524 1205 2937 1262 αύθυπόστατον
2978 1204 3154 1274 Λόγον
3195 1200 3532 1274 γεγενῆσθαι
3571 1203 3631 1254 ὲν
3680 1200 3763 1270 τῷ

2165 1299 2410 1373 Χριστῷ,
2428 1299 2567 1355 ἀλλὰ
2578 1299 2754 1368 Λόγον
2786 1298 2943 1368 ἔλεγε
2970 1297 3071 1373 τὴν
3096 1297 3345 1352 κέλευσιν
3371 1295 3468 1351 καὶ
3489 1292 3553 1349 τὺ
3580 1294 3763 1365 πρόσ-

2166 1409 2383 1465 ταγμα·
2439 1394 2585 1450 τοῦτ’
2618 1391 2806 1461 ἐστιν,
2853 1391 3144 1448 ἐκέλευσεν
3179 1393 3209 1446 6
3247 1390 3381 1456 Θεὸς
3428 1385 3499 1443 δι’
3536 1388 3762 1442 ἐκείνου

2165 1486 2263 1542 τοῦ
2311 1485 2605 1559 ἀνθρώπου
2629 1527 2647 1554 ,
2685 1488 2714 1542 δ
2741 1485 2997 1541 ἐϐούλετο
3020 1525 3036 1550 ,
3068 1484 3165 1538 καὶ
3216 1482 3416 1536 ἐποίει.
3458 1478 3601 1534 Ἀλλ’
3631 1480 3764 1534 οὐδὲ

2168 1579 2297 1652 περὶ
2332 1580 2434 1652 τὴν
2467 1580 2702 1652 θεότητα
2740 1578 2811 1634 τὰ
2836 1578 2977 1633 αὐτὰ
3015 1574 3337 1647 ὲδόξαζετῷ
3367 1572 3646 1645 Σαϐελλίῳ
3683 1589 3700 1603 ·
3731 1572 3763 1624 6

2171 1672 2270 1743 μὲν
2305 1670 2414 1745 γὰρ
2467 1672 2755 1736 meum;
2777 1713 2792 1737 ,
2826 1671 2919 1727 τὸν
2952 1669 3116 1726 αὐτὸν
3161 1668 3318 1739 ἔλεγε
3346 1668 3567 1739 Πατέρα
3590 1706 3607 1731 ,
3656 1668 3763 1721 καὶ

2170 1764 2319 1831 Υἱδν,
2368 1765 2467 1820 καὶ⁸
2517 1764 2681 1835 ἆγιον
2713 1763 2965 1835 Πνεῦμα,
3012 1762 3106 1820 καὶ
3158 1759 3473 1833 τριώνυμον
3516 1761 3762 1832 πρᾶγμα

2170 1855 2327 1928 ἔλεγε
2356 1858 2449 1912 τὸν
2476 1857 2610 1912 Θεόν
2629 1874 2643 1889 ’
2677 1855 2862 1911 οὐκέτι
2891 1854 3100 1928 Τριάδα
3126 1853 3386 1920 δοξάζων.
3432 1852 3492 1907 Ὁ
3518 1853 3574 1907 δὲ
3600 1852 3757 1907 Παῦ-

2098 1915 2146 1980 B
2171 1915 2286 2015 λος,
2306 1950 2368 2003 ού
2390 1948 2482 2005 τὸν
2506 1949 2669 2005 αύτδν
2690 1949 2845 2019 ἔλεγε
2880 1915 3120 2021 Πατέρα,
3152 1915 3248 2003 καὶ
3267 1915 3431 2014 ⁷Υίὸν,
3472 1947 3563 2000 καὶ
3593 1947 3755 2014 ἅγιον

2168 2041 2398 2113 Πνεῦμα
2420 2058 2434 2073 ο
2501 2041 2641 2097 ἀλλὰ
2687 2041 2910 2110 Πατέρα
2966 2039 3067 2112 μὲν
3119 2039 3275 2108 ἔλεγε
3330 2037 3423 2092 τὸν
3464 2036 3619 2101 Θεδν,
3658 2035 3761 2089 τὸν

2168 2137 2355 2192 πάντα
2398 2134 2893 2207 δημιουργήσαντα
2917 2150 2931 2165 ⁸
2965 2132 3092 2188 Υίὸν
3120 2132 3200 2199 δὲ,
3231 2132 3323 2186 τὸν
3344 2128 3633 2202 ἄνθρωπον
3662 2128 3761 2182 τὸν

2163 2227 2350 2301 ψιλόν·
2397 2225 2625 2298 Πνεῦμα
2672 2225 2769 2291 δὲ,
2816 2225 2918 2297 τὴν
2952 2225 3387 2295 ἐπιφοιτήσασαν
3429 2223 3594 2295 χάριν
3642 2223 3763 2285 τοῖς

2166 2319 2508 2384 ἀποστόλοις.
2546 2320 2637 2375 Ἐν
2664 2319 2779 2383 τοῖς
2802 2318 3018 2391 χρόνοις
3046 2319 3102 2373 δὲ
3134 2317 3348 2383 τούτοις
3372 2316 3468 2371 καὶ
3490 2317 3525 2388 ἠ
3553 2314 3763 2369 Σαϐελ-

2165 2411 2282 2466 λίου
2313 2410 2530 2482 αἵρεσις
2574 2408 2819 2479 ἐγένετο,
2856 2411 2990 2483 περὶ
3026 2404 3095 2484 ἧς
3138 2411 3198 2465 ὲν
3226 2410 3340 2473 τοῖς
3383 2406 3763 2482 προλαϐοῦσιν

2167 2506 2493 2580 εἰρήκαμεν.

2249 2598 2339 2653 Ἐν
2359 2596 2418 2652 δὲ
2447 2597 2562 2659 τοῖς
2593 2594 2811 2669 χρόνοις
2834 2596 2948 2662 τοῖς
2977 2594 3087 2651 ἀπὸ
3111 2594 3216 2666 τῆς
3248 2594 3427 2666 ἀρχῆς
3462 2594 3563 2666 τῆς
3599 2593 3759 2665 βασι-

2164 2688 2315 2752 λείας
2368 2688 2807 2752 Κωνσταντίνου,
2865 2687 2993 2760 ἄχρι
3051 2686 3148 2740 τοῦ
3204 2688 3510 2758 κινήματος
3553 2688 3656 2757 τῆς
3696 2688 3761 2739 ὲν

2166 2780 2470 2852 Χαλκηδόνι
2501 2779 2744 2846 συνόδου,
2768 2780 3017 2849 ἐγένοντο
3040 2778 3357 2834 διδάσκαλοι
3388 2781 3480 2833 καὶ
3513 2779 3758 2850 πατέρες

2165 2873 2274 2928 οἵδε
2298 2888 2312 2902 ⁸
2358 2872 2684 2943 Σίλϐεστρος
2731 2871 2955 2944 Ῥώμης
2998 2871 3298 2936 ἐπίσκοπος
3320 2912 3335 2939 ,
3401 2871 3759 2943 Ἀλέξανδρος

2168 2964 2468 3031 ἐπίσκοπος
2536 2963 2986 3036 Ἀλεξανδρείας,
3029 2964 3330 3026 Εὑστάθιος
3392 2963 3756 3036 Ἀντιοχείας.

2179 3056 2499 3121 Ἀθανάσιος
2558 3056 3004 3126 Ἀλεξανδρείας,
3044 3056 3267 3122 Ἰούλιος
3303 3056 3523 3128 Ῥώμης
3547 3099 3564 3125 ,
3602 3056 3760 3115 Ἀλέ-

2167 3147 2391 3221 ξανδρος
2444 3148 3099 3215 Κωνσταντινουπόλεως,
3156 3149 3384 3221 Ἱλάριος
3423 3148 3754 3214 Πικτάϐων,

475 3258 598 3297 rum
626 3241 816 3299 Gallia
843 3243 1103 3311 civitatis,
1128 3244 1457 3303 Ambrosius
1483 3245 1933 3314 Mediolanensis,
1956 3248 2060 3304 Ba-

2168 3241 2378 3306 πόλεως
2403 3240 2508 3313 τῆς
2542 3240 2835 3306 Γαλατίας,
2869 3240 3200 3314 ’Λμϐρόσιος
3235 3240 3604 3307 Μεδιολὰνων,
3644 3241 3759 3294 Βα-

474 3333 633 3390 silius
663 3333 927 3391 Caesareae
978 3335 1362 3407 Cappadociae,
1399 3336 1718 3408 Gregorius
1758 3339 2064 3413 Nyssenus,

474 3426 781 3498 Gregorius
815 3428 1225 3496 Nazianzenus,
1290 3430 1714 3503 Amphilochius
1736 3433 2063 3502 Iconiensis,

471 3517 782 3575 Antiochus
823 3519 1185 3576 Ptolemaidis
1224 3521 1415 3593 oppidi
1460 3523 1780 3594 Phoaniciaa,
1811 3525 2066 3585 Gelasius

470 3607 738 3665 Caesarea:
761 3609 1096 3679 Palaestinae,
1150 3611 1463 3678 Nectarius,
1511 3614 1749 3682 Atticus,
1797 3616 2064 3687 Joannes,

471 3701 727 3764 Proclus,
749 3711 808 3758 et
836 3702 1157 3771 Flavianus,
1204 3704 1849 3779 Constantinopolitani:
1891 3710 2064 3767 Seve-

471 3791 663 3848 rianus
692 3792 1055 3861 Gabalorum,
1095 3796 1444 3868 Epiphanius
1474 3797 1668 3871 Cypri,
1717 3801 2063 3873 Augustinus

472 3882 748 3955 Hipponis
790 3885 1033 3943 civitatis
1073 3886 1294 3955 Africae,
1341 3890 1684 3963 Theophilus
1719 3903 1778 3951 et
1802 3895 2061 3969 Cyrillus,

471 3975 857 4034 Alexandrini.
881 3978 996 4035 Hos
1020 3979 1192 4051 igitur
1213 3996 1410 4040 omnes
1428 3985 1727 4057 episcopos
1763 3997 1929 4044 secta:
1958 4006 2063 4060 po-

470 4068 738 4124 steriores
779 4068 919 4140 ipsis
972 4072 1271 4143 recipiunt,
1311 4081 1369 4130 at
1416 4090 1528 4131 non
1580 4077 1775 4134 itidem
1818 4081 2057 4150 priores.

472 4158 703 4214 Exstitit
729 4168 916 4217 autem
950 4162 1138 4218 statim
1172 4164 1295 4234 ipso
1344 4164 1713 4223 Constantino
1750 4168 2060 4241 imperante

472 4250 591 4307 Arii
622 4252 871 4320 haeresis,
915 4255 1013 4325 qui
1038 4255 1267 4326 quidem
1314 4266 1373 4312 et
1416 4258 1566 4314 circa
1601 4260 1974 4330 divinitatem,
2004 4275 2063 4323 et

469 4344 620 4401 circa
650 4353 915 4403 naturam
947 4348 1248 4405 humanam
1296 4351 1537 4407 errabat.
1590 4352 1751 4412 Circa
1800 4356 2063 4415 divinita-

471 4445 602 4505 tem,
621 4438 750 4509 quia
764 4438 965 4496 Filium
977 4441 1202 4500 dicebat
1219 4460 1340 4502 esse
1360 4445 1453 4502 Dei
1469 4453 1739 4515 creatum,
1758 4448 2060 4523 itidemque

470 4529 740 4600 Spiritum
766 4542 1021 4591 sanctum
1042 4554 1060 4604 ;
1080 4537 1230 4594 circa
1252 4538 1716 4609 incarnationem,
1749 4544 1880 4614 quia
1899 4544 2060 4602 Chri-

2168 3332 2369 3398 σίλειος
2416 3332 2757 3405 Καισαρείας
2814 3331 2917 3403 τῆς
2965 3332 3403 3398 Καππαδοκίας,
3446 3332 3756 3404 Γρηγόριος

2164 3425 2409 3498 Νύσσης,
2436 3424 2741 3498 Γρηγόριος
2772 3427 2801 3480 6
2845 3424 3178 3491 Ναζιανζοῦ,
3220 3425 3573 3498 Ἀμφιλόχιος
3616 3425 3760 3479 Ἰκο-

2165 3518 2315 3586 νίων,
2382 3518 2656 3590 Ἀντίοχος
2714 3517 3107 3589 Πτολεμαΐδος,
3156 3517 3256 3589 τῆς
3294 3518 3439 3573 κατὰ
3470 3518 3755 3587 Φοινίκην,

2164 3612 2424 3677 remoto;
2447 3611 2793 3684 Καισαρείας
2820 3610 3190 3683 Παλαιστίνης
3210 3650 3230 3678 ,
3256 3611 3585 3684 Νεκτάριος,
3626 3611 3760 3665 Ἀτ-

2162 3705 2333 3769 τικδς,
2384 3705 2638 3776 Ἰωάννης
2670 3704 2764 3776 (ο),
2796 3702 3079 3776 Πρόκλος,
3106 3703 3201 3757 καὶ
3225 3702 3556 3767 Φλαὸιανδς.
3589 3704 3757 3757 Κων-

2165 3797 2664 3863 σταντινουπόλεως
2686 3814 2701 3830 ο
2735 3797 3067 3869 Σεὸηριανδς
3092 3795 3374 3863 Γασάλων,
3428 3796 3758 3866 Ἐπιφάνιος

2163 3890 2429 3963 Κύπρου,
2478 3888 2845 3959 Λύγουστῖνος
2905 3886 3167 3959 Ἱππόνης
3216 3888 3320 3960 (d)
3381 3885 3595 3952 πόλεως
3654 3888 3756 3959 τῆς

2176 3982 2443 4055 Ἀφρικῆς
2466 4024 2484 4052 ,
2517 3981 2778 4053 Θεόφιλος
2817 3983 2915 4037 καὶ
2951 3980 3258 4053 Κύριλλος,
3315 3979 3751 4053 Ἀλεξανδρείας.

2162 4075 2400 4141 Τούτους
2419 4068 2514 4131 οὖν
2540 4075 2750 4138 πάντας
2776 4074 2904 4140 τοὺς
2934 4074 3265 4140 ἐπισκόπους
3306 4076 3362 4129 αἱ
3398 4074 3518 4146 μετ’
3547 4076 3755 4141 αὐτοὺς

2160 4168 2402 4241 αἱρέσεις
2430 4167 2702 4239 δέχονται,
2729 4167 2785 4221 αί
2818 4166 2874 4220 δὲ
2902 4165 3009 4238 πρὸ
3039 4157 3221 4220 αὐτῶν
3241 4166 3450 4224 ούκέτι.
3495 4168 3752 4237 Ἐγένετο

2157 4257 2216 4313 δὲ
2248 4256 2451 4322 εὐθέως
2480 4258 2538 4310 ὲν
2570 4257 2709 4329 αὐτῇ
2744 4258 2811 4329 τῇ
2839 4255 3089 4328 βασιλείᾳ
3119 4257 3554 4326 Κωνσταντίνου,
3579 4260 3613 4330 ὴ
3645 4259 3748 4314 τοῦ

2172 4349 2384 4425 Ἀρείου
2430 4350 2678 4423 αἵρεσις·
2730 4350 2880 4414 ὅστις
2906 4349 3001 4405 καὶ
3027 4350 3160 4422 περὶ¹
3200 4350 3301 4423 τὴν
3346 4350 3615 4423 θεότητα,
3651 4354 3751 4408 καὶ

2160 4446 2291 4519 περὶ
2332 4443 2432 4516 τὴν
2480 4442 2878 4516 ἀνθρωπότητα
2934 4442 3255 4513 ἐσφάλλετο.
3307 4444 3446 4517 Περὶ
3495 4446 3593 4516 μὲν
3643 4446 3749 4519 τὴν

2160 4540 2413 4613 θεότητα,
2447 4538 2528 4594 ὅτι
2555 4537 2708 4606 ἔλεγε
2742 4537 2953 4608 κτίσμα
2980 4532 3123 4590 εἶναι
3147 4536 3239 4590 τοῦ
3273 4536 3434 4605 Θεοῦ,
3465 4538 3559 4592 τὸν
3588 4539 3744 4607 Υἱὸν,

469 4623 539 4678 sti
572 4640 777 4696 corpus
804 4627 990 4684 aiebat
1021 4628 1333 4687 inanimum
1388 4647 1535 4700 esse,
1589 4634 1650 4690 in
1684 4612 1798 4706 quo
1859 4638 2059 4696 anima:

2163 4632 2256 4689 καὶ
2307 4631 2371 4686 τὸ
2407 4630 2564 4701 ἅγιον
2597 4628 2823 4699 Πνεῦμα
2851 4644 2866 4659 ·
2917 4628 3047 4701 περὶ
3078 4627 3136 4682 δὲ
3172 4628 3275 4700 τὴν
3300 4630 3743 4703 ὲνανθρώπησιν,

469 4713 590 4770 loco
645 4715 843 4773 Sermo
871 4719 1248 4791 principatum
1304 4723 1638 4782 obtinuerit.
1698 4727 1817 4785 Hoc
1869 4740 2056 4788 autem

469 4817 761 4878 propterea
816 4810 1059 4879 dicebat,
1089 4815 1354 4885 quoniam
1394 4818 1736 4877 conduceret
1773 4821 1842 4878 ad
1875 4824 2055 4881 stabi-

466 4898 713 4957 liendum
750 4902 926 4974 ipsius
953 4904 1025 4961 de
1055 4906 1329 4965 Trinitate
1350 4909 1573 4983 dogma,
1592 4913 1738 4971 sicut
1758 4918 2056 4976 ostendere

467 5006 784 5063 possumus.
815 4996 1092 5056 Probabat
1144 5009 1355 5067 autem,
1407 5002 1611 5062 Filium
1669 5007 2054 5083 Spiritumque

466 5092 716 5140 sanetum
742 5101 866 5144 esse
882 5089 981 5146 Dei
1010 5101 1218 5158 creata,
1250 5095 1367 5152 sive
1392 5097 1635 5167 opiticia,
1662 5099 1733 5157 de
1766 5116 2050 5159 sacrarum

465 5172 805 5234 Litterarum
864 5182 1207 5251 quibusdam
1251 5189 1702 5249 auctoritatibus.
1753 5191 1848 5251 Ait
1875 5195 2045 5263 enim,

465 5264 691 5322 Petrum
754 5269 811 5325 in
859 5270 1013 5330 Actis
1035 5279 1416 5347 apostolorum
1448 5282 1663 5340 dicere:
1722 5284 1879 5343 Certo
1914 5290 2049 5344 sciat

466 5357 714 5415 tmiveraa
740 5361 1117 5422 [traditarum
1141 5368 1372 5439 familia,
1389 5374 1530 5444 quod
1554 5373 1693 5431 Deus
1714 5377 1853 5432 hunc
1865 5377 2047 5433 Iesum

467 5464 622 5518 quem
671 5469 761 5509 vos
810 5457 867 5510 in
923 5473 1130 5514 crucem
1177 5462 1375 5532 egistis,
1427 5464 1716 5531 Dominum
1737 5468 2047 5539 ,Chriatum-

466 5546 759 5616 quefecerit
794 5552 858 5606 “.
877 5552 947 5607 Et
974 5570 1188 5622 rursus,
1242 5555 1567 5628 Apostolu-m
1600 5561 1656 5617 in
1697 5563 1949 5634 Epistola
1976 5567 2045 5622 ad

467 5635 727 5699 Hebraeos
744 5644 1032 5716 scripsisse
1051 5666 1063 5703 :
1085 5648 1444 5721 Quapmpter,
1475 5658 1649 5710 sancti
1682 5656 1897 5726 fratres,
1928 5676 2047 5716 con-

539 5798 583 5828 “
620 5800 739 5856 Act.
780 5819 838 5869 ιι,
861 5805 949 5862 56.

539 5941 606 6009 (ε)
651 5941 840 6003 Ἰωάν.
868 5946 1320 6021 Chrysostomum
1350 5954 1595 6028 intellige

500 6495 2225 6539 Μ

1016 6536 1023 6539 ι
1100 6540 1109 6541 7
1276 6527 1699 6543 -ι--ῨΪῨῨᾉᾉᾼῘ-

2155 4725 2241 4779 ότι
2272 4725 2335 4779 τὸ
2361 4723 2521 4796 σῶμα
2556 4720 2650 4776 τοῦ
2688 4720 2930 4794 Χριστοῦ
2969 4720 3156 4791 ἔλεγεν
3193 4721 3402 4796 ἄψυχον
3440 4719 3599 4779 εἶναι’
3638 4726 3743 4799 ἄρ-

2155 4834 2274 4889 χειν
2325 4816 2436 4889 γὰρ
2477 4815 2665 4885 ἔλεγεν
2701 4816 2761 4869 ἐν
2811 4812 2962 4886 αὐτῷ
3007 4815 3132 4870 ἀντὶ
3177 4814 3358 4888 ψυχῆς
3400 4817 3496 4872 τὸν
3539 4818 3739 4887 Λόγον.

2155 4910 2326 4965 Τοῦτο
2347 4909 2407 4965 δὲ
2440 4908 2645 4979 ἔλεγεν,
2675 4908 2864 4982 ἐπειδὴ
2888 4909 3246 4965 συνεϐάλλετο
3270 4910 3422 4983 αύτῷ
3454 4913 3536 4977 είς
3558 4911 3742 4983 δόγμα

2152 5002 2255 5076 τῆς
2287 5001 2519 5076 Τριάδος
2538 5043 2553 5069 ,
2577 5002 2653 5066 ὡς
2697 5001 2893 5075 ἔχομεν
2930 5002 3122 5070 δεῖξαι.
3182 5004 3502 5061 Ἐπιστοῦτο
3526 5005 3585 5060 δὲ
3607 5047 3622 5071 ,
3653 5006 3742 5061 ὅτι

2156 5095 2434 5167 κτίσματόι
2460 5097 2568 5150 εἰσι
2604 5094 2741 5150 Θεοῦ
2764 5134 2780 5162 ,
2820 5096 2940 5168 ἦτοι
2968 5097 3257 5169 ποιήματα
3280 5137 3297 5163 ,
3332 5099 3361 5151 6
3386 5097 3513 5162 Υἱὸς
3544 5099 3641 5153 καὶ
3676 5100 3743 5154 τὸ

2155 5188 2311 5261 ἅγιον
2347 5188 2575 5263 Πνεῦμα
2598 5229 2614 5256 ,
2647 5189 2757 5245 ἀπὸ
2800 5190 3051 5262 χρήσεὼν
3089 5208 3254 5248 τινων
3281 5192 3381 5264 τῆς
3410 5192 3570 5261 ἁγίας
3594 5192 3741 5264 Γρα-

2154 5282 2284 5354 φῆς.
2320 5283 2485 5353 Λέγει
2515 5284 2660 5355 γὰρ,
2687 5280 2765 5348 ὥς
2808 5300 2974 5355 φησιν
2999 5324 3016 5350 ,
3050 5285 3080 5338 6
3109 5283 3318 5357 Πέτρος
3352 5286 3412 5339 ὲν
3436 5288 3556 5350 ταῖς
3581 5285 3740 5357 Πρά-

2153 5377 2271 5445 ξεσι
2316 5375 2428 5430 τῶν
2460 5376 2775 5431 ἀποστόλων
2806 5392 2820 5407 ·
2885 5377 3207 5447 Ἀσφαλῶς
3238 5373 3353 5434 οὖν
3392 5379 3740 5449 γινωσκέτω

2154 5469 2273 5537 πᾶς
2316 5466 2481 5537 οἶκος
2521 5468 2789 5539 Ἰσραὴλ,
2828 5468 2920 5523 ὅτι
2952 5469 3171 5539 Κύριον
3199 5469 3298 5525 καὶ
3341 5470 3599 5540 Χριστόν
3622 5472 3734 5525 αὐ-

2152 5563 2260 5619 τὸν
2288 5563 2578 5633 ἐποίησεν
2601 5566 2635 5619 ό
2662 5563 2806 5631 Θεὸς
2827 5563 3042 5620 τοῦτον
3064 5563 3538 5634 τὸν’1ησοῦν,δν
3566 5562 3730 5635 ὑμεῖς

2151 5657 2589 5728 ἐσταιφὼσατε.
2627 5660 2736 5714 Καὶ
2781 5657 2942 5714 πάλιν
2980 5660 3008 5714 ό
3045 5658 3366 5725 Ἀπόστολος
3390 5660 3451 5715 ὲν
3491 5660 3559 5731 τῇ
3592 5657 3731 5731 πρὸς

2224 5958 2300 6034 (τί)
2343 5959 2649 6029 Ἰππόνης.
2686 5959 2971 6027 Ἰππῶνος.
