4020 6522
254 416 397 487 ’1217

1465 418 1564 479 DE
1604 418 1883 479 SECTIS.
1918 442 1987 453 -
2023 417 2187 480 ACT.
2228 417 2329 479 IV.

3401 408 3535 474 1218

268 530 561 605 Ἐϐραίους
617 529 907 601 Ἐπιστολῇ
930 546 944 559 ·
985 530 1177 597 Ὅθεν,
1210 528 1462 599 ἀδελφοὶ
1499 528 1675 600 ἅγιοι,
1706 527 1853 597 κλή-

1958 535 2123 583 sorm
2177 527 2466 582 vocationis
2517 527 2740 582 caelestis
2761 568 2775 591 ,
2834 528 3163 582 considerate
3225 527 3536 600 Apostotum

254 642 416 693 σεως
478 624 845 693 ἐπουρανίου
900 622 1144 693 μέτοχοι
1171 663 1187 688 ,
1257 625 1676 691 κατανοήσατε
1742 622 1852 676 τόν

269 714 641 769 Ἀπόοντολον
677 714 779 767 και
840 713 1135 784 Ἂρχιερέα
1169 712 1285 784 τῆς
1324 715 1651 784 ὁμολογίας
1680 713 1853 783 ἡμῶν

272 804 521 873 Ἰησοῦν
547 844 562 868 ,
591 803 813 857 πιστὸν
850 803 999 858 ὄντα
1042 802 1124 870 τῷ
1151 803 1476 872 ποιήσαντι
1499 804 1707 859 αὐτόν.
1737 804 1851 857 Καὶ

256 899 422 964 αὐτὸς
464 898 525 953 δὲ
571 900 602 951 ό
648 899 854 969 Κύριος
899 900 959 951 ὲν
993 900 1108 963 τοῖς
1136 898 1493 969 Εὐαγγελὶοις
1535 897 1702 969 φησίν
1728 914 1742 928 ·
1786 897 1851 951 '0

252 993 633 1060 ἀποστείλας
672 1008 752 1062 με
784 991 1009 1061 Πατὴρ,
1048 989 1264 1061 μείζων
1288 993 1407 1062 μού
1456 991 1609 1045 ἐστι.
1646 989 1851 1043 Τοῦτον

254 1087 316 1142 δὲ
345 1085 750 1159 ἀνατρέπουσιν
783 1085 832 1138 οἱ
863 1084 1011 1154 ἆγιοι
1039 1084 1307 1157 Πατέρες,
1339 1084 1438 1138 καὶ
1472 1083 1690 1155 πρῶτον
1725 1067 1848 1153 μὲν,

262 1178 514 1242 ἐναντίας
535 1176 744 1232 τούτων
770 1176 880 1231 τῶν
903 1177 1156 1248 χρήσεων
1187 1175 1622 1249 παραφέρουσιν
1661 1174 1852 1229 ἔπειτα

258 1266 318 1322 δὲ
368 1268 463 1321 καὶ
502 1266 711 1330 ταύτας
745 1267 846 1330 τὰς
882 1265 1311 1339 παρενεχθείσας
1357 1266 1418 1333 ἐξ
1461 1266 1645 1321 αὐτῶν
1685 1265 1850 1338 θερα-

258 1361 542 1426 πεύοντες.
585 1361 867 1426 Ἐναντίας
900 1362 1000 1433 μὲν
1021 1401 1036 1427 ,
1076 1362 1106 1415 ὃ
1135 1378 1187 1416 τι
1214 1362 1382 1431 φησὶν
1414 1361 1667 1431 Ἰωάννης
1686 1375 1701 1393 ⁸
1746 1360 1853 1416 Ἐν

261 1454 420 1526 ἀρχῇ
461 1450 543 1526 ἦν
566 1456 602 1509 ὁ
629 1457 841 1525 Λόγος,
882 1455 980 1509 καὶ
1015 1454 1206 1525 Λόγος
1244 1449 1326 1523 ἦν
1353 1454 1505 1524 πρὸς
1532 1455 1641 1510 τόν
1678 1454 1850 1521 Θεὸν,

263 1549 366 1603 καὶ
429 1548 576 1615 Θεὸς
632 1543 714 1619 ἦν
765 1550 800 1602 ό
842 1548 1053 1616 Λόγος.
1114 1547 1226 1601 Καὶ
1277 1547 1441 1602 πάλιν
1486 1550 1546 1602 ἐν
1592 1550 1660 1621 τῇ
1713 1547 1851 1620 πρὸς

275 1642 562 1713 Ἐϐραίους
598 1640 888 1713 Ἐπιστολῇ
939 1639 1195 1713 περὶτοῦ
1234 1639 1367 1694 Υἱοῦ
1414 1640 1585 1709 λέγει,
1623 1643 1653 1695 ὁ
1692 1641 1854 1695 Ἀπό·

266 1735 455 1799 στολος
498 1751 514 1768 ο
572 1737 672 1803 Ὃς
721 1733 808 1789 ὢν
850 1734 1222 1805 ἀπαύγασμα
1280 1732 1394 1804 τῆς
1459 1734 1677 1803 δόξης,
1752 1734 1853 1789 καὶ

265 1826 574 1899 χαρακτὴρ
626 1825 738 1896 τῆς
774 1826 1174 1894 ὑποστάσεως
1205 1827 1414 1882 αὐτοῦ.
1456 1825 1520 1881 El
1552 1827 1607 1880 δὲ
1637 1823 1707 1899 ἦν
1735 1826 1853 1881 κτί-

267 1936 401 1990 σμα,
440 1918 579 1974 ἀλλὰ
614 1918 691 1991 μὴ
723 1918 973 1989 γέννημα
998 1916 1093 1971 τοῦ
1121 1916 1259 1971 Θεοῦ
1292 1921 1321 1973 ὁ
1346 1919 1589 1993 Χριστὸς
1611 1958 1627 1983 ,
1652 1919 1752 1972 οὐκ
1785 1918 1851 1973 ἂν

267 2009 412 2084 εἶχεν
434 2007 575 2066 εἶναι
597 2010 888 2083 χαρακτὴρ
916 2010 1013 2064 καλ⁸
1039 2011 1385 2083 ἀπαύγασμα
1418 2011 1514 2066 τοῦ
1547 2010 1705 2066 Θεοῦ.
1742 2010 1853 2066 Καὶ

267 2106 429 2169 αὐτὸς
469 2104 527 2157 δὲ
569 2105 600 2157 ό
642 2101 845 2175 Κύριός
890 2119 1056 2172 φησιν
1082 2116 1098 2133 ⁶
1148 2100 1293 2172 Ἐγὼ
1326 2103 1426 2157 καὶ
1465 2106 1500 2157 ό
1539 2102 1742 2172 Πατὴρ
1783 2102 1855 2157 ἐν

268 2202 477 2270 ἐσμεν.
524 2198 640 2253 Καὶ
671 2196 816 2251 οὕτω
866 2197 965 2269 μὲν
1009 2197 1119 2252 ἀπὸ
1151 2196 1260 2251 τῶν
1307 2197 1566 2252 ὲναντέων
1602 2198 1853 2270 χρήσεων

268 2296 639 2367 ἀνατρέπουσι
661 2294 754 2348 τὸν
782 2295 1023 2364 Ἀρειον,
1056 2292 1423 2367 Θεραπεύουσι
1451 2293 1509 2347 δὲ
1533 2293 1633 2358 τὰς
1663 2292 1725 2359 ἐξ
1750 2292 1854 2348 αύ-

267 2389 379 2443 τῶν
432 2387 883 2462 παρενεχθείσας,
934 2391 1165 2459 τοιούτῳ
1207 2386 1392 2459 λόγῳ,
1438 2388 1522 2441 ὅτι
1547 2388 1576 2441 ό
1604 2386 1731 2449 Υἱὸς
1757 2384 1853 2440 τοῦ

265 2482 405 2537 Θεοῦ
432 2484 614 2539 πάντα
650 2482 944 2554 ὑπομεῖναι
987 2479 1260 2549 ἀξιώσας,
1305 2481 1381 2546 ὡς
1414 2480 1722 2553 ἄνθρωπος,
1753 2482 1854 2534 οὐκ

266 2576 550 2648 ἀπηξίωσε
607 2576 705 2630 καὶ
747 2575 972 2647 μείζονα
1018 2574 1186 2629 αὑτοῦ
1236 2575 1410 2628 εἰπεῖν
1459 2573 1553 2628 τὸν
1609 2574 1851 2645 Πατέρα.

269 2670 440 2724 Ὅταν
473 2669 573 2741 μὲν
599 2665 695 2722 οὖν
719 2668 931 2739 ποίημα
960 2666 1121 2721 αὑτὸν
1165 2666 1306 2738 καλῇ
1342 2668 1372 2720 ό
1416 2664 1759 2731 Ἀπόστολος.
1792 2665 1853 2720 οὐ

266 2761 405 2835 πρὸς
441 2761 543 2834 τὴν
584 2761 816 2833 θεότητα
842 2758 1169 2814 ἀποϐλέπων
1194 2800 1210 2823 ,
1248 2759 1424 2819 οὕτως
1473 2759 1638 2813 αὑτὸν
1674 2758 1852 2826 καλεῖ,

266 2855 407 2911 ἀλλὰ
446 2855 587 2927 πρὸς
607 2853 711 2927 τὴν
756 2852 1187 2925 ἀνθρωπότητα⁶
1238 2851 1375 2908 καθὸ
1416 2851 1515 2925 μὲν
1543 2851 1652 2924 γὰρ
1699 2850 1853 2916 Θεὸς,

267 2948 518 3019 γέννημα
542 2948 656 3001 ἐστι
682 2944 842 3010 Θεοῦ,
878 2946 1187 3016 ούτποὶημα
1214 2961 1230 2976 ’
1275 2944 1413 2999 καθὸ
1456 2944 1513 2997 δὲ
1545 2942 1854 3015 ἄνθρωπος,

266 3039 503 3110 ποίημα,
538 3037 633 3092 καὶ
660 3038 981 3101 ἀπόστολος,
1005 3037 1098 3091 καὶ
1120 3037 1220 3090 ὅσα
1247 3034 1493 3091 τοιαῦτα.
1515 3036 1626 3089 Καὶ
1658 3035 1853 3100 ἰστέον,

267 3121 350 3186 ὅτι
383 3131 448 3185 τὸ
477 3130 654 3202 δόγμα
677 3131 779 3202 τῆς
808 3129 1087 3201 ἡμετέρας
1127 3127 1456 3199 Ἐκκλησίας
1477 3127 1614 3193 ἐστὶ,
1645 3127 1705 3181 τὸ
1728 3128 1858 3181 ἁνα-

1950 618 2106 674 illum
2132 618 2545 689 Pontiﬁcemque
2567 620 2905 689 confessionis
2953 628 3149 675 uostrtc
3182 620 3383 683 Iesum,
3404 619 3537 688 ﬁde—

1954 714 2057 768 lem
2086 714 2134 768 ei
2154 715 2243 785 qui
2273 714 2393 783 fecit
2431 731 2550 768 eum
2580 715 2647 768 ”.
2686 715 2978 779 Praeterea,
3027 715 3322 770 Dominum
3354 715 3533 785 ipsum

1954 807 2010 861 in
2041 804 2361 875 Evangeliis
2399 805 2631 861 dicere:
2660 804 2763 872 Qui
2799 823 2882 860 me
2936 808 3077 861 misit
3124 806 3312 872 Pater,
3361 807 3537 877 major

1952 914 2037 951 me
2071 906 2148 951 est
2175 897 2242 951 ⁸⁸.
2281 895 2391 952 Sed
2421 897 2664 953 refutant
2685 913 2814 954 eum
2841 899 3017 954 sancti
3074 899 3294 965 Patres;
3327 913 3392 953 ac
3421 898 3536 968 pri-

1954 1002 2046 1041 mo
2068 988 2318 1057 quidem,
2370 990 2737 1046 auctoritates
2794 990 2947 1047 hisce
2991 992 3298 1048 contrarias
3350 991 3535 1062 profe-

1952 1089 2119 1136 runt:
2150 1082 2352 1136 deinde
2379 1082 2477 1138 has
2507 1081 2657 1153 ipsas
2685 1099 2909 1155 quoque
2955 1083 3257 1154 productas
3279 1084 3349 1139 ab
3384 1085 3542 1139 Aria-

1952 1172 2041 1227 nis
2062 1182 2283 1229 sanant.
2311 1175 2637 1231 Contrarias
2667 1177 2893 1246 quidem
2920 1216 2935 1240 ,
2976 1176 3126 1246 quod
3167 1176 3411 1232 Joannes
3451 1176 3539 1231 di-

1952 1267 2125 1323 xerit:
2149 1267 2213 1322 In
2244 1270 2506 1341 principio
2535 1278 2653 1324 erat
2682 1268 2890 1337 Sermo,
2910 1279 2959 1323 et
3011 1267 3198 1324 Sermo
3231 1279 3348 1324 erat
3398 1272 3541 1342 apud

1951 1360 2144 1427 Deum,
2195 1371 2245 1415 et
2303 1360 2487 1417 Sermo
2511 1362 2604 1418 ille
2664 1362 2800 1420 Deus
2838 1373 2956 1418 erat
3001 1364 3170 1420 ".Ac
3233 1379 3431 1419 rursus
3485 1365 3539 1418 in

1954 1454 2204 1524 Epistula
2225 1455 2292 1510 ad
2330 1456 2595 1512 Hebraeos
2622 1456 2699 1511 de
2722 1456 2868 1511 Filio
2892 1457 3029 1512 dicit
3053 1458 3386 1527 Apostolus:
3437 1457 3542 1523 Qui

1954 1546 2138 1600 radius
2166 1556 2241 1600 est
2266 1547 2585 1617 majestatis,
2614 1556 2664 1601 et
2694 1547 2884 1618 efﬁgies
2914 1547 3225 1603 substantiae
3261 1548 3444 1602 Patris
3472 1548 3538 1603 ³⁸.

1952 1636 2110 1704 Quod
2148 1638 2192 1693 si
2226 1648 2497 1705 creatum,
2533 1654 2644 1694 non
2670 1639 2893 1695 soboles
2915 1640 3014 1695 Dei
3044 1639 3300 1697 Christus
3354 1651 3539 1705 esset;

1953 1751 2066 1790 non
2090 1734 2319 1790 caderet
2360 1736 2415 1791 in
2457 1752 2608 1801 eum,
2662 1752 2787 1792 esse
2821 1736 2922 1793 Dei
2958 1744 3072 1790 tum
3122 1734 3382 1807 efﬁgiem,
3424 1743 3541 1789 tum

1955 1832 2196 1887 radium.
2229 1831 2372 1900 Quin
2401 1841 2458 1887 et
2490 1834 2608 1904 ipse
2634 1833 2902 1889 Dominus
2948 1833 3065 1888 ait:
3123 1832 3233 1905 Ego
3289 1843 3337 1887 et
3382 1832 3544 1888 Pater

1955 1942 2120 1980 unum
2142 1944 2325 1981 sumus
2362 1928 2427 1981 ⁸⁷.
2458 1927 2526 1982 Et
2558 1928 2665 1982 hoc
2693 1926 2921 1998 quidem
2952 1927 3119 1982 modo
3144 1943 3244 1997 per
3293 1929 3542 1984 auctori-

1954 2026 2096 2074 tates
2121 2018 2432 2075 contrarias
2480 2018 2671 2075 Arium
2712 2018 2973 2075 refutant.
3015 2019 3309 2075 Productis
3358 2031 3543 2075 autem

1953 2127 2055 2182 per
2078 2112 2332 2177 Arianos,
2358 2128 2519 2183 opem
2549 2112 2655 2169 hac
2680 2113 2891 2169 ratione
2926 2113 3152 2180 ferunt;
3189 2115 3339 2185 quod
3371 2115 3545 2170 Filius

1955 2205 2053 2261 Dei
2084 2205 2323 2271 scilicet,
2377 2206 2562 2262 omnia
2607 2208 2884 2264 sustinere
2930 2208 3213 2281 dignatus,
3244 2218 3307 2264 ut
3340 2210 3541 2276 homo,

1953 2312 2066 2352 non
2090 2298 2258 2352 etiam
2291 2298 2624 2370 dedignatus
2671 2300 2764 2365 sit,
2795 2301 3012 2356 Patrem
3061 2317 3120 2358 se
3171 2304 3435 2376 majorem
3464 2305 3547 2359 di-

1956 2405 2103 2445 cere.
2136 2389 2274 2446 Cum
2302 2390 2600 2462 Apostolus
2629 2392 2830 2463 factum
2865 2394 3023 2461 dicit,
3059 2411 3169 2451 non
3189 2396 3257 2451 ad
3280 2396 3545 2453 divinita-

1958 2492 2067 2539 tem
2096 2484 2424 2556 respiciens,
2453 2487 2526 2542 ila
2570 2488 2852 2559 loquitur,
2898 2488 2995 2545 sed
3027 2488 3094 2544 ad
3143 2498 3397 2546 naturam
3438 2492 3541 2547 hu-

1958 2592 2197 2634 manam.
2225 2577 2514 2646 Quatenus
2541 2580 2691 2635 enim
2724 2581 2871 2636 Deus
2896 2589 3004 2646 est,
3036 2582 3259 2639 soboles
3283 2582 3404 2649 Dei,
3436 2600 3546 2639 non

1957 2685 2203 2727 creatum
2232 2682 2351 2728 est:
2380 2681 2662 2745 quatenus
2686 2684 2872 2730 autem
2905 2676 3095 2742 homo,
3131 2687 3242 2732 tam
3271 2686 3547 2743 creatum,

1957 2781 2122 2836 quam
2149 2765 2470 2836 Apostolus,
2500 2777 2557 2822 et
2590 2783 2942 2838 quaecunque
2975 2769 3200 2826 nomina
3227 2780 3358 2826 sunt
3380 2771 3550 2844 huius

1957 2859 2179 2932 generis
2208 2859 2339 2914 alia.
2368 2859 2436 2914 Et
2462 2859 2689 2931 quidem
2714 2859 3022 2927 sciendum,
3058 2861 3166 2917 hoc
3221 2862 3402 2933 ipsum
3424 2879 3548 2921 esse

1958 2953 2159 3023 dogma
2185 2952 2446 3008 Ecclesire
2481 2963 2707 3020 nostrte,
2730 2953 2879 3024 quod
2910 2954 3103 3009 Arium
3144 2963 3378 3013 evertat.
3410 2958 3547 3013 Nam

1959 3043 2065 3099 nisi
2098 3042 2235 3098 duas
2262 3042 2317 3097 in
2343 3041 2566 3099 Christo
2586 3052 2817 3100 naturas
2846 3059 2969 3101 esse
2997 3040 3329 3111 dixerimus,
3350 3055 3409 3102 et
3438 3048 3547 3103 hu-

1959 3149 2137 3189 mana:
2162 3133 2387 3204 quidem
2416 3133 2655 3189 humiles
2682 3135 2850 3191 hasce
2879 3151 3049 3192 voces
3083 3137 3508 3196 attribuerimus
3530 3182 3545 3204 .

266 3222 471 3294 τρέπον
496 3224 590 3276 τὸν
638 3223 877 3293 Ἄρειον.
909 3222 971 3275 El
1001 3220 1076 3293 μὴ
1114 3221 1223 3293 γὰρ
1258 3221 1353 3275 δύο
1381 3220 1572 3292 φύσεις
1611 3220 1853 3291 εἴπωμεν

1961 3226 2243 3284 divinitati
2291 3243 2449 3293 vero,
2490 3228 2786 3285 diversas:
2847 3246 3197 3302 nequaquam
3226 3234 3548 3290 confutatus

269 3315 399 3388 περὶ
439 3316 511 3386 (ε)
551 3313 812 3385 Χριστοῦ,
843 3314 939 3369 καὶ
966 3316 1032 3386 τῇ
1065 3316 1162 3385 μὲν
1188 3312 1509 3388 ἀνθρωπίνῃ
1538 3314 1637 3379 τὰς
1660 3330 1855 3369 ταπει-

268 3408 367 3472 νὰς
416 3405 622 3471 ταύτας
661 3405 847 3475 φωνὰς
892 3405 1279 3478 ἀναθήσωμεν,
1307 3404 1470 3478 emes
1511 3405 1727 3479 Θεότητι
1752 3406 1856 3471 τὰς

267 3501 436 3564 ἄλλας
461 3540 477 3565 ,
507 3501 608 3554 ούκ
644 3497 1029 3571 ἀνατρέπεται.
1076 3497 1177 3553 Διὰ
1222 3498 1382 3553 τοῦτο
1422 3499 1486 3553 τὸ
1526 3499 1704 3572 δόγμα
1756 3497 1854 3554 τοῦ

281 3594 516 3667 Ἀρείου,
552 3593 614 3647 τὸ
640 3591 798 3663 σῶμα
826 3590 923 3645 τοῦ
947 3590 1187 3665 Χριστοῦ
1215 3590 1401 3661 ἔλεγεν
1428 3589 1639 3662 ἄψυχον
1664 3587 1807 3646 εἶναι
1835 3607 1852 3625 θ

270 3690 359 3744 ἵνα
382 3688 483 3752 τὰς
501 3685 760 3750 τοιαύτας
774 3684 1038 3748 ταπεινὰς
1055 3682 1241 3754 φωνὰς
1263 3684 1459 3755 μηκέτι
1483 3683 1559 3748 ὡς
1581 3683 1855 3757 ἀνθρώπῳ

270 3782 563 3854 ἀναθῶμεν
612 3778 693 3852 τῷ
736 3775 984 3851 Χριστῷ,
1012 3775 1128 3831 ἀλλ’
1162 3777 1239 3842 ὡς
1264 3777 1381 3849 Υιῷ
1413 3777 1506 3831 τοῦ
1547 3777 1683 3832 Θεοῦ
1708 3793 1723 3809 ο
1760 3779 1855 3832 καὶ¹

269 3876 494 3951 εύρεθῇ,
531 3875 673 3930 κατὰ
700 3871 761 3928 τδ
792 3872 971 3944 δόγμα
998 3873 1166 3928 αὐτοῦ
1191 3913 1208 3940 ,
1254 3874 1283 3926 ό
1318 3872 1447 3939 Υἱὸς
1480 3872 1720 3928 ἐλάττων
1756 3872 1852 3928 τοῦ

271 3973 506 4046 Πατρός.
533 3971 657 4026 Ὅτι
678 3968 736 4024 δὲ
755 3970 849 4024 καὶ
863 3968 1042 4043 ψυχὴν
1066 3967 1191 4041 ἔσχε
1209 3968 1271 4023 τὸ
1293 3968 1454 4039 σῶμα
1475 3967 1568 4021 τοῦ
1591 3967 1852 4040 Χριστοῦ,

274 4068 545 4140 μαρτυριῖ
568 4066 733 4130 αὐτὸς
759 4066 789 4119 δ
816 4062 1051 4137 Χριστὸς
1078 4062 1255 4133 λέγων
1272 4104 1287 4130 ,
1316 4062 1400 4116 ὅτι
1441 4062 1506 4117 Ἠ
1538 4060 1709 4133 ψυχή
1732 4081 1853 4132 μου

271 4160 621 4231 τετάρακται
644 4174 658 4189 ·
705 4158 800 4212 καὶ
850 4155 959 4211 ἀπὸ
983 4155 1159 4212 ἄλλων
1188 4154 1419 4209 πολλῶν.
1460 4156 1619 4210 Κατᾶ
1661 4154 1852 4209 τούτου

270 4258 330 4310 δὲ
365 4254 462 4310 τοῦ
501 4252 712 4326 ’Δρειου
741 4292 758 4316 ,
800 4249 1176 4323 πρεσϐυτέρου
1220 4250 1373 4315 ὄντος
1419 4248 1849 4324 ’Δλεξανδρεὶας,

272 4345 543 4432 ἐκροεήθη
596 4343 812 4409 σύνοδος
866 4344 926 4397 ιν
979 4343 1225 4414 Nimia,
1280 4340 1598 4397 ἐπισκόπων
1661 4343 1852 4414 ἐκκρι-

268 4459 378 4495 των
404 4445 532 4511 τιη⁰,
574 4435 950 4510 βασιλεύοντος
980 4434 1419 4491 Κωνσταντίνου.
1462 4435 1575 4489 Καὶ
1603 4433 1853 4491 καθεῖλον

267 4532 455 4596 αὑτὸν,
489 4530 585 4585 καὶ
627 4528 919 4600 σύμϐολον,
966 4529 1086 4598 ἦτοι
1121 4527 1352 4600 μάθημα
1391 4525 1515 4580 κατ’
1552 4526 1719 4582 αὑτοῦ
1766 4526 1853 4592 ἑξ-

269 4625 456 4679 έοεντο
481 4663 498 4689 ,
529 4623 667 4695 ὅπερ
697 4624 945 4693 φέρεται,
983 4620 1078 4675 καὶ
1114 4621 1225 4682 τοῖς
1266 4618 1613 4691 βουλομένοις
1646 4619 1855 4685 ἔξεστιν

269 4718 418 4790 αὐτῷ
445 4719 707 4789 ἐντυχεῖν.
757 4715 847 4769 Ἐν
873 4712 1086 4778 τούτοις
1114 4713 1148 4783 ἡ
1174 4713 1397 4785 πρᾶξις.

1961 3321 2257 3377 evertitur.
2281 3321 2496 3377 Idcirco
2522 3323 2792 3378 Arianum
2854 3323 3075 3396 dogma,
3102 3324 3314 3382 Christi
3343 3342 3548 3398 corpus

1965 3414 2271 3469 inanimum
2313 3430 2458 3481 esse,
2509 3415 2804 3472 tradebat:
2866 3428 2928 3472 ut
2985 3418 3227 3474 humiles
3278 3420 3546 3491 ejusmodi

1962 3523 2129 3564 voces
2154 3508 2401 3575 Christo,
2431 3525 2545 3565 non
2579 3518 2641 3566 ut
2661 3510 2899 3575 homini,
2931 3511 3373 3569 attribueremus
3397 3555 3412 3580 ,
3450 3514 3548 3569 sed

1963 3611 2026 3656 ut
2052 3601 2150 3656 Dei
2176 3601 2350 3656 Filio:
2388 3601 2568 3673 deque
2610 3602 2789 3673 ipsius
2819 3604 3119 3669 sententia,
3169 3605 3344 3662 Filius
3389 3606 3550 3661 Patre

1961 3692 2148 3747 minor
2199 3691 2738 3763 deprehenderetur.
2765 3693 2923 3761 Quod
2972 3707 3160 3753 autem
3185 3696 3390 3753 Christi
3422 3713 3549 3753 cor-

1961 3800 2069 3857 pus
2095 3785 2281 3840 anima
2313 3784 2607 3856 praeditum
2659 3785 2854 3853 fuerit,
2903 3787 3163 3844 Christus
3194 3789 3312 3860 ipse
3362 3791 3552 3847 verbis

1963 3876 2115 3931 hisce
2145 3884 2422 3931 testatur:
2462 3876 2697 3931 Turbata
2738 3887 2816 3933 est
2865 3881 3051 3935 anima
3091 3898 3209 3935 mea
3233 3882 3318 3936 ηε
3369 3883 3550 3955 deque

1961 3968 2214 4040 pluribus
2242 3968 2368 4025 aliis
2394 3969 2685 4041 probatur.
2712 3970 2997 4029 Adversus
3019 3973 3169 4028 hunc
3192 3973 3385 4030 Arium
3420 3992 3549 4046 pre-

1962 4063 2249 4136 sbyterum
2276 4063 2742 4134 Alexandrinum,
2801 4066 3135 4123 eximiorum
3178 4067 3284 4122 518
3330 4068 3550 4139 episeo-

1960 4172 2160 4229 porum
2221 4158 2468 4230 synodus
2505 4158 2736 4225 Nicaeae,
2786 4158 3154 4216 Constantino
3213 4159 3548 4231 imperante,

1960 4258 2153 4307 coacta
2180 4249 2286 4307 fuit
2306 4267 2321 4305 :
2342 4251 2437 4323 qui
2462 4259 2518 4307 et
2542 4250 2724 4307 oﬂicio
2746 4261 3110 4309 removerunt
3132 4267 3283 4318 eum,
3313 4261 3371 4308 et
3396 4251 3551 4325 Sym-

1961 4344 2152 4399 bolum
2196 4343 2315 4402 sive
2369 4344 2642 4401 doctrina:
2693 4345 2989 4402 famulam
3042 4344 3313 4413 adversus
3366 4346 3547 4416 ipsum

1960 4448 2361 4510 exposuerunt,
2399 4456 2524 4511 quae
2558 4440 2723 4511 vulgo
2760 4440 3032 4506 habetur;
3068 4448 3127 4496 et
3162 4448 3397 4510 possunt
3424 4455 3547 4495 eam

1962 4534 2056 4604 qui
2091 4534 2344 4604 cupiunt,
2380 4534 2670 4605 consequi.
2712 4534 2839 4592 Haec
2872 4543 3115 4591 tractare
3156 4533 3457 4590 voluimus.

271 4885 407 4946 Hac
442 4889 670 4965 quarta
713 4876 1400 4965 Actione_l_llacedonii,
1434 4873 1848 4965 Apollinaris,
1881 4875 2191 4965 Nestorii,
2228 4878 2558 4965 ΔΕιιιςιεὴίρξ
2609 4878 2869 4965 haereses
2900 4879 3278 4965 detegantur
3298 4884 3355 4939 et
3392 4894 3547 4939 exa-

545 4962 872 5023 minantur
890 4980 910 5027 ,°
953 4959 1295 5020 Dioscorus
1342 4976 1461 5038 quo

882 5058 1136 5115 ΠΡΔΞΙΣ
1163 5057 1239 5113 A'.

337 5159 498 5217 Μετὰ
533 5157 637 5227 τὴν
664 5156 881 5229 αἵρεσιν
932 5152 1147 5227 ’Δρείου
1169 5192 1185 5217 ,
1228 5150 1430 5223 μᾶλλον
1476 5150 1535 5207 δὲ
1562 5150 1734 5223 αὐτῆς
1775 5149 1856 5206 ἔτι

236 5286 237 5289 η
272 5251 670 5323 συνισταμένης
692 5249 987 5321 (ἐκράτησε
1008 5245 1119 5318 γὰρ
1141 5244 1312 5299 πολὺν
1344 5243 1583 5317 χρόνον),
1617 5243 1857 5316 ἁνεφύη-

274 5364 375 5402 σαν
393 5346 487 5401 καλ⁵
502 5344 660 5401 ἄλλαι
677 5343 771 5398 δύο
785 5341 1047 5412 αἱρέσεις,
1069 5341 1104 5411 ἦ
1121 5356 1179 5393 τε
1199 5338 1539 5394 Μακεδονιου
1557 5338 1859 5392 ἐπισκόπου

274 5443 432 5506 ϐντος
460 5436 1106 5499 Κωνσταντινουπόλεως,
1139 5433 1236 5489 καὶ
1272 5434 1307 5505 ἡ
1338 5432 1434 5487 τοῦ
1478 5432 1857 5504 ’Δπολιναρίου

274 5534 649 5610 πρεσϐυτέρου
694 5532 867 5597 ὄντος.
911 5526 1022 5584 Ἦν
1066 5528 1125 5583 δὲ
1172 5528 1208 5600 ἡ
1243 5527 1343 5601 μὲν
1378 5525 1474 5582 τοῦ
1521 5526 1856 5582 Μακεδονξω

274 5632 485 5705 αἵρεσις
525 5627 753 5699 τοιαύτη
775 5645 789 5658 ’
833 5625 1149 5697 Ἦμάρτανε
1178 5621 1311 5693 περὶ
1349 5620 1449 5694 τὴν
1499 5619 1764 5693 θεότητα,
1796 5618 1855 5688 ἐξ

1554 4955 1840 5035 Eutycht'
1886 4956 2176 5019 hwretico
2210 4958 2501 5039 favisset,
2534 4959 2602 5021 in
2636 4959 2910 5019 insulam
2936 4955 3277 5039 relegatur.

2588 5059 2795 5117 ACTIO
2834 5062 2924 5118 IV.

2035 5155 2077 5211 Ι.
2103 5156 2236 5212 Post
2267 5154 2384 5212 Arii
2413 5165 2643 5222 sectam,
2682 5156 2770 5211 vel
2804 5170 2870 5211 ea
2904 5155 3091 5227 potius
3120 5155 3301 5212 adhuc
3328 5154 3549 5228 vigente

1963 5245 2114 5318 (nam
2147 5247 2313 5320 longo
2336 5256 2581 5319 tempore
2599 5246 2865 5319 duravit),
2888 5255 3093 5304 exortae
3123 5256 3254 5303 sunt
3276 5247 3399 5304 alia:
3424 5249 3549 5305 dua:

1958 5349 2143 5409 sectae,
2206 5340 2513 5397 Macedonii
2551 5338 3149 5411 Constantinopolitani
3182 5339 3449 5411 episcopi,
3492 5350 3551 5396 et

1958 5433 2293 5506 Apollinaris
2345 5435 2669 5507 presbyteri.
2712 5433 3023 5491 Macedonii
3050 5434 3277 5507 quidem
3324 5434 3551 5491 hmresis

1960 5525 2280 5600 huiusmodi
2324 5526 2468 5583 fuit:
2497 5527 2655 5583 Circa
2694 5526 3042 5584 divinitatem
3086 5527 3467 5598 delinquehat,
3493 5535 3551 5581 et

1957 5634 2026 5675 ex
2064 5619 2292 5674 semisse
2324 5618 2602 5691 particeps
2646 5627 2770 5676 erat
2807 5619 3110 5691 impietatis
3134 5617 3354 5675 Arianae
3381 5635 3394 5672 :
3422 5634 3549 5675 nam

345 5788 397 5822 ”
421 5788 562 5845 lleb.
597 5803 678 5862 nt,
703 5788 756 5853 i,
788 5786 843 5841 ‘2.
917 5785 1141 5841 "‘Joan.
1168 5798 1274 5850 xw,
1300 5781 1389 5838 28.
1468 5782 1513 5814 "
1548 5781 1705 5839 Joan.
1734 5798 1771 5847 ι,
1807 5779 1853 5833 Ι.

1961 5779 1981 5811 ⁶
2011 5776 2180 5834 Hebr.
2215 5792 2256 5848 ι,
2283 5778 2339 5833 5.
2419 5780 2465 5812 ’⁷
2490 5779 2647 5836 Joan.
2676 5796 2731 5845 χ,
2767 5778 2854 5835 50.
2928 5778 2972 5812 ³⁸
2993 5778 3153 5836 Joan.
3188 5793 3283 5845 ιιι,
3312 5776 3404 5833 27.

348 5908 423 5975 (εἴ
444 5908 606 5979 Περί.
627 5901 768 5961 ’Ἐπί
