4020 6594
461 455 601 523 1219
1725 441 2038 507 LEONTII
2076 436 2485 500 BYZANTINI
3577 422 3749 486 1220

458 571 660 629 Filium
688 584 755 625 ex
793 570 907 625 Deo
936 567 1183 641 genitum
1216 563 1461 628 tradens,
1498 558 1770 632 Spiritum
1805 564 2026 611 creatu-

2163 550 2384 621 ptesia;
2436 544 2750 601 συνασεϐὦν
2785 543 2864 615 τῷ
2922 543 3114 616 Ἀρείῳ
3139 557 3152 572 '
3185 541 3278 595 τὸν
3328 541 3429 611 μὲν
3462 536 3571 612 [δὲ]
3605 538 3748 609 γὰρ

459 680 574 720 ram
612 680 734 720 esse
774 630 1014 719 dicebat.
1066 661 1246 731 Atque
1294 659 1404 713 hoc
1448 630 1644 725 dogma
1673 666 1834 708 suum
1861 665 1929 704 cx
1965 662 2033 702 eo

2163 644 2266 696 Γίὺν
2294 640 2467 711 λέγων
2512 639 2761 726 γέννημα
2789 635 2884 690 τοῦ
2929 635 3066 690 Θεοῦ
3091 676 3106 701 ,
3136 634 3199 688 τὸ
3233 633 3457 704 Πνεῦμα
3506 630 3749 701 ποίημα.

458 755 842 818 conﬁrmabat,
872 753 1016 826 quod
1041 721 1266 824 apertus
1281 748 1456 805 sacris
1485 721 1547 802 in»
1560 743 1808 807 Litteris,
1835 749 1897 796 ut
1917 741 2034 811 ipse

2165 735 2315 803 λεγε.
2349 732 2460 786 Καὶ
2502 721 2812 801 ἰσχυρίζετο
2849 728 2911 782 τὸ
2941 727 3121 797 δόγμα
3148 724 3315 781 αὑτοῦ
3334 765 3350 791 ,
3376 725 3488 779 ἀπὸ
3510 723 3609 778 τοῦ
3648 721 3750 793 μὴ

459 849 683 921 quidem
710 815 915 911 aiebat,
950 815 1133 902 textus
1154 860 1266 901 non
1285 849 1482 908 exstet,
1504 838 1597 910 qui
1622 835 1887 907 Spiritum
1911 849 2037 888 san-

2163 826 2414 896 ρανερῶς,
2449 825 2606 895 φησὶ,
2636 822 2854 877 κεῖσθαι
2880 823 2938 875 ὲν
2962 824 3030 893 τῇ
3063 818 3198 890 ἁγίᾳ
3226 819 3442 890 Γραφῇ,
3472 817 3555 871 ὅτι
3589 815 3748 879 Θεὸς

460 950 610 996 etum
658 954 782 995 esse
814 941 987 994 Deum
1023 936 1224 992 tradat.
1259 933 1369 990 Sed
1401 931 1595 989 multis
1613 927 2044 985 auctoritatibus

460 1031 831 1088 convincitur.
863 1030 999 1085 Nam
1039 1036 1097 1085 et
1131 1025 1377 1098 Spiritus
1397 1022 1595 1089 sancti,
1624 1031 1885 1090 tanquam
1916 1016 2036 1082 Dei,

461 1121 801 1178 mentionem
841 1136 996 1178 sacra
1019 1118 1307 1190 Scriptura
1337 1116 1491 1173 fecit.
1522 1113 1768 1169 Primum
1805 1112 1861 1166 in
1892 1109 2041 1166 Actis

461 1213 837 1284 apostolorum
888 1209 956 1264 ad
995 1208 1266 1263 Ananiam
1295 1213 1519 1261 sanctus
1544 1203 1743 1259 Petrus
1775 1201 1855 1256 ait
1890 1217 1905 1253 :
1933 1198 2042 1254 Cur

462 1304 721 1366 Satanas,
754 1303 991 1368 Anania,
1024 1317 1116 1355 cor
1159 1310 1310 1354 tuum
1384 1295 1646 1367 implevit,
1705 1302 1763 1348 ut
1819 1292 2044 1364 Spiritui

460 1405 647 1453 sancto
674 1396 991 1465 imponeres,
1010 1397 1322 1462 partemque
1353 1387 1417 1441 de
1444 1386 1613 1457 pretio
1643 1383 1795 1454 {undi
1822 1382 2042 1452 defrau-

462 1487 661 1543 dares?
687 1486 876 1541 Nonne
911 1490 1062 1538 tuum
1098 1481 1369 1539 manebat.
1395 1487 1444 1533 et
1465 1479 1522 1532 in
1542 1483 1802 1548 potestate
1821 1482 1914 1529 tua
1939 1473 2047 1529 dis-

464 1587 698 1634 tractum
720 1576 876 1630 erat?
896 1574 1011 1629 Non
1056 1571 1372 1634 hominibus,
1395 1569 1484 1624 sed
1505 1567 1615 1621 Deo
1640 1566 1888 1620 mentitus
1912 1564 2042 1619 es”.

465 1671 549 1726 En
611 1676 803 1739 aperte
869 1664 1134 1736 Spiritum
1193 1668 1446 1717 sanctum
1509 1655 1811 1729 appellavit
1846 1655 2044 1710 Deum.

2137 914 2207 991 ἦν
2246 918 2309 972 τὸ
2350 916 2576 987 Πνεῦμα
2606 915 2669 969 τὸ
2698 915 2874 984 ἅγιον.
2920 913 3235 983 Ἔλεγχε-ται
3263 911 3320 966 δὲ
3362 910 3473 964 ἀπὸ
3510 907 3750 963 πολλῶν

2134 1013 2408 1084 ·χρήσεων.
2441 1011 2551 1064 Καὶ
2572 1011 2702 1081 περὶ
2724 1008 2818 1062 τοῦ
2852 1007 3167 1079 Πνεύματος
3194 1006 3304 1080 7&9
3329 1004 3426 1058 τοῦ
3462 1004 3626 1074 ἁγίου
3656 1002 3753 1063 ὡς

2141 1103 2276 1159 θεοῦ
2325 1101 2571 1174 ἐμνήσθη
2614 1103 2649 1172 ἡ
2701 1102 2835 1169 ἁγία
2866 1100 3081 1174 Γραφή.
3130 1099 3356 1172 Πρῶτον
3390 1098 3491 1169 μὲν
3532 1096 3651 1168 7&9
3678 1096 3754 1149 ἐν

2141 1198 2261 1261 ταῖς
2291 1194 2532 1267 Πράξεσι
2560 1192 2672 1249 τῶν
2703 1193 3020 1250 ἀποστόλων
3046 1191 3185 1263 πρὸς
3222 1190 3477 1247 Ἁνανίαν
3508 1189 3686 1261 φησὶν
3710 1188 3753 1242 ὀ

2144 1288 2299 1356 ἅγιος
2329 1286 2534 1358 Πέτρος
2565 1303 2580 1317 -
2626 1286 2894 1352 Ἀνανία,
2926 1286 3029 1339 ἵνα
3054 1283 3114 1339 τί
3148 1281 3508 1352 ἐπλήρωσεν
3544 1284 3579 1337 ὁ
3613 1284 3754 1336 Σα-

2143 1377 2332 1446 τανᾶς
2362 1378 2481 1447 τὴν
2509 1377 2763 1448 καρδίαν
2790 1392 2930 1444 σου,
2961 1377 3314 1448 ψεύσασθαί
3337 1392 3415 1431 σε
3441 1376 3512 1431 τὸ
3540 1374 3755 1430 Πνεῦ-

2141 1486 2229 1541 μα
2256 1470 2324 1524 τὸ
2369 1468 2562 1541 ἅγιον,
2593 1469 2691 1525 καί
2718 1469 3135 1531 νοσφίσασθαι
3174 1482 3252 1522 σε
3281 1467 3402 1524 ἀπὸ
3423 1467 3537 1536 τῆς
3556 1466 3758 1537 τιμῆς

2146 1563 2255 1619 τοῦ
2282 1563 2498 1632 χωρίου
2519 1577 2537 1625 ;
2562 1563 2708 1633 οὐχὶ
2734 1562 2927 1633 μένον
2946 1578 3045 1617 σοι
3065 1562 3259 1632 ἔμενε,
3285 1560 3385 1615 καί
3411 1560 3649 1629 πραθὲν
3673 1560 3757 1614 ἐν

2146 1655 2224 1724 τῇ
2244 1653 2330 1723 σῇ
2355 1653 2606 1722 ἐξουσίᾳ
2625 1653 2900 1724 ὑπῆρχεν
2919 1669 2939 1719 ;
2962 1654 3086 1707 Οὐκ
3105 1653 3351 1723 ἐψεύσω
3374 1651 3751 1720 ἀνθρώποις,

464 1758 678 1816 Deinde
714 1769 908 1811 rursus
936 1755 993 1810 in
1021 1752 1174 1808 Actis
1210 1749 1588 1822 apostolorum
1620 1746 1829 1803 dicitur
1860 1762 1876 1799 :
1910 1745 2047 1816 Ipsis

2163 1747 2309 1802 Md
2367 1743 2509 1811 Θεῷ.
2562 1745 2694 1800 Ἰδοὺ
2749 1745 2858 1816 7&9
2912 1743 3163 1817 φανερῶς
3218 1742 3622 1805 Θεὸνὲκάλεσε
3682 1744 3755 1796 τὸ

457 1848 851 1923 jejunantibus,
876 1854 926 1901 et
948 1843 1367 1901 ministrantibus
1389 1841 1637 1907 Domino,
1662 1839 1854 1894 dixisse
1873 1837 2049 1910 Spiri-

2163 1838 2378 1910 Πνεῦμα
2422 1839 2482 1893 τὸ
2530 1839 2704 1907 ἅγιον.
2733 1840 2866 1894 Εἶτα
2896 1839 3061 1895 πάλιν
3087 1840 3148 1894 ὲν
3189 1839 3312 1902 ταῖς
3358 1836 3600 1909 Πράξεσι
3623 1835 3754 1891 τῶν

466 1903 580 1995 tuan:
611 1903 858 1993 sanctum
887 1953 905 1992 :
932 1935 1216 2008 Segregate
1238 1934 1367 1989 mihi
1391 1931 1624 1988 Paulum
1649 1938 1808 2003 atque
1837 1903 2049 1984 Barna-

2163 1903 2468 1987 Ξιποστόλων
2503 1903 2723 2000 λέγεται
2743 1970 2761 1997 ,
2785 1931 2869 1985 ὅτι
2895 1930 3335 2001 Νηστευόντων
3366 1903 3597 1994 αὑτῶν,
3633 1927 3752 1983 και

465 2034 588 2088 bam
628 2032 699 2087 ad
727 2030 866 2086 illud
906 2045 1057 2101 Opus,
1086 2028 1157 2082 ad
1176 2026 1317 2099 quod
1348 2040 1434 2080 eos
1464 2024 1720 2079 vocavi”.
1752 2023 1889 2078 Nam
1917 2021 2049 2076 dum

2163 2024 2661 2105 λειτουργούντων
2713 2023 2794 2091 τῷ
2838 2024 3055 2093 Κυρίῳ,
3098 2019 3229 2079 εἷπε
3257 2022 3325 2077 τὸ
3379 2020 3613 2091 Πνεῦμα
3666 2021 3751 2074 τὸ

469 2125 652 2196 inquit
681 2142 695 2178 :
728 2121 1034 2194 Segregate,
1061 2127 1391 2191 potestatem
1422 2131 1580 2172 suam
1611 2115 1877 2181 ostendit,
1901 2113 2051 2185 quod

2163 2116 2327 2188 ἅγιον
2355 2133 2369 2146 ·
2421 2116 2777 2187 Ἀφορίσατέ
2800 2134 2907 2186 μοι
2932 2118 3045 2172 τόν
3074 2133 3139 2172 τε
3168 2116 3417 2172 Παῦλον
3438 2156 3454 2181 ,
3489 2114 3587 2169 καὶ
3626 2113 3757 2167 τὸν

470 2218 548 2273 ita
572 2216 789 2272 scilicet
809 2214 1091 2284 loquatur,
1127 2210 1285 2281 quasi
1314 2211 1460 2266 Deus
1496 2208 1589 2263 sit.
1624 2206 1838 2279 Quippe
1873 2206 1919 2263 si
1953 2207 2050 2261 Dei

2163 2209 2475 2280 Βαρνάϐαν
2493 2248 2508 2275 ,
2542 2213 2631 2278 εὶς
2657 2210 2724 2265 τὸ
2751 2211 2930 2281 ἔργον
2956 2210 2989 2265 ὃ
3013 2209 3469 2280 προσκέκλημαι
3492 2209 3752 2275 αὐτούς.

469 2317 721 2375 creatum
743 2314 909 2371 esset,
939 2312 995 2361 et
1015 2304 1085 2359 ah
1115 2319 1181 2359 eo
1204 2302 1429 2367 missus,
1453 2292 1534 2358 sic
1562 2300 1715 2373 loqui
1740 2300 2009 2356 debuerat
2036 2316 2049 2352 :

471 2401 619 2458 Dixit
651 2399 944 2465 Dominus,
985 2397 1282 2469 Segregate
1310 2395 1449 2451 mihi
1498 2394 1731 2450 Paulum
1766 2402 1823 2449 et
1850 2394 2056 2449 Barna-

473 2491 621 2546 ham.
648 2488 743 2544 Sic
784 2487 935 2544 enim
982 2485 1205 2541 Litterae
1227 2501 1398 2541 sacra:
1427 2484 1579 2555 loqui
1607 2483 1808 2548 solent,
1835 2481 2056 2553 quoties

474 2598 577 2654 per
609 2581 851 2651 aliquem
908 2579 1181 2635 minorem
1233 2577 1498 2633 Dominus
1540 2576 1711 2632 verba
1752 2575 1906 2631 facit.
1934 2575 2056 2645 lpse

476 2689 700 2747 quoque
735 2671 1004 2729 Dominus
1054 2671 1111 2726 in
1151 2668 1465 2740 Evangeliis
1510 2667 1591 2724 ait
1633 2684 1648 2721 :
1685 2664 1915 2740 Spiritus
1966 2665 2057 2721 ille

475 2766 735 2831 veritatis,
766 2766 856 2836 qui
880 2764 945 2817 de
967 2763 1132 2819 Patre
1156 2760 1389 2834 procedit
1413 2759 1456 2793 ⁸¹
1478 2776 1492 2814 :
1518 2759 1624 2814 hoc
1641 2767 1746 2825 est,
1785 2759 1878 2832 qui
1901 2767 2059 2815 ortus

475 2867 563 2916 est
587 2858 657 2914 de
691 2856 1000 2913 substantia
1042 2855 1163 2911 Dei.
1197 2854 1481 2925 Nusquam
1536 2852 1688 2909 enim
1747 2852 1817 2908 de
1868 2861 2059 2908 creato

476 2949 708 3006 verbum
758 2949 865 3003 hoc
910 2960 1210 3018 usurpasse
1258 2945 1497 2999 Litteras
1557 2958 1763 3008 sacras,
1818 2950 2056 2999 constat.

478 3042 694 3099 Rursus
728 3040 859 3095 alibi
904 3039 1170 3095 Dominus
1212 3038 1290 3093 ait
1325 3055 1339 3092 :
1373 3036 1606 3107 Profecti
1660 3036 1837 3090 docete
1881 3045 2060 3106 gentes

477 3129 771 3189 universas.
792 3128 1122 3200 baptizantes
1143 3142 1229 3182 eos
1247 3126 1301 3180 in
1326 3127 1536 3179 nomine
1555 3124 1757 3191 Patris,
1777 3134 1825 3178 et
1844 3124 1989 3190 Filii,
2012 3135 2059 3180 et

2160 2305 2371 2372 Ἔδειξε
2404 2304 2516 2376 7&9
2544 2303 2635 2359 διὰ
2663 2303 2776 2371 τοῦ,
2808 2305 3188 2374 ’Δφορίσατε,
3215 2302 3316 2375 τὴν
3341 2300 3554 2357 οίκείαν
3590 2300 3758 2367 ἐξου-

2159 2397 2307 2461 σίαν,
2336 2396 2422 2450 ὅτι
2458 2396 2533 2460 ὡς
2567 2395 2731 2460 αὐτὸς
2754 2394 2829 2449 ὣν
2859 2395 2992 2461 Θεὸς
3024 2395 3350 2465 διαλέγεται.
3385 2395 3448 2449 El
3482 2393 3597 2465 7&9
3624 2392 3757 2448 xti-

2159 2506 2273 2559 σμα
2302 2485 2370 2561 ἦν
2405 2488 2566 2555 Θεοῦ,
2592 2488 2687 2542 καὶ
2722 2488 2819 2543 ἀπ’
2845 2487 3013 2542 αὑτοῦ
3039 2487 3473 2559 ἀπεσταλμένον,
3504 2482 3655 2558 εἶχεν
3684 2485 3758 2539 ἂν

2157 2580 2364 2646 εἰπεῖν,
2405 2579 2485 2632 ὅτι
2525 2575 2690 2632 Εἶπεν
2719 2580 2748 2631 ό
2776 2577 3001 2648 Κύριος,
3059 2575 3382 2649 Ἀφορίσατέ
3430 2593 3522 2648 μοι
3562 2574 3657 2629 τόν
3692 2591 3756 2627 τε

2159 2671 2371 2726 Παῦλον
2405 2674 2500 2727 καὶ
2527 2671 2836 2743 Βαρνάϐαν.
2866 2669 3023 2725 οῦτω
3060 2670 3170 2741 γὰρ
3192 2672 3227 2743 ἡ
3250 2669 3379 2739 ἁγία
3409 2669 3603 2741 Γραφὴ
3623 2668 3757 2722 εἴω-

2160 2765 2220 2819 θε
2249 2764 2451 2835 λέγειν,
2483 2765 2572 2819 ὅτε
2606 2764 2695 2819 διά
2725 2781 2870 2827 τινος
2908 2763 3192 2829 ἐλάττονος
3221 2766 3457 2817 ποιεῖται
3485 2764 3514 2816 ὁ
3539 2761 3756 2834 Κύριος

2158 2859 2251 2912 τὸν
2273 2858 2452 2926 λόγον.
2479 2859 2641 2912 Καὶὸ
2665 2858 2869 2928 Κύριος
2892 2857 2951 2913 δέ
2973 2875 3136 2929 φησιν
3151 2859 3210 2912 ὲν
3234 2859 3344 2921 τοῖς
3367 2855 3753 2926 Εὑαγγελίοις’

2166 2949 2238 3007 Τὸ
2279 2950 2522 3020 Πνεῦμα
2571 2949 2685 3018 τῆς
2722 2951 3029 3019 ἀληθείας,
3074 2951 3106 3005 ὃ
3152 2949 3312 3021 παρὰ
3355 2950 3463 3005 τοῦ
3514 2950 3757 3018 Πατρός

2163 3042 2554 3111 ἐκπορεύεται
2590 3059 2605 3073 ·
2637 3041 2666 3095 ὃ
2692 3041 2940 3115 γέννημά
2985 3044 3101 3097 ἐστι
3127 3044 3228 3114 τῆς
3253 3041 3440 3108 οὐσίας
3462 3041 3557 3096 τοῦ
3587 3042 3755 3099 Θεοῦ.

2165 3133 2417 3206 Οὑδαμοῦ
2449 3135 2558 3206 7&9
2582 3136 2674 3188 ἐπὶ
2698 3134 3002 3206 κτίσματος
3027 3136 3281 3207 φαίνεται
3299 3134 3457 3190 τοῦτο
3489 3136 3643 3210 ῥῆμα
3663 3135 3757 3188 λέ-

478 3218 709 3292 Spiritus
730 3222 904 3275 sancti
920 3221 989 3275 “.
1011 3218 1168 3286 Quod
1199 3218 1246 3274 si
1280 3217 1522 3288 Spiritus
1551 3226 1776 3273 sanctus
1809 3227 2060 3273 creatum

2165 3243 2337 3296 γουσα
2362 3227 2395 3297 ἡ
2449 3227 2579 3295 ἁγία
2604 3227 2818 3299 Γραφή.
2860 3228 3032 3283 Πάλιν
3058 3232 3119 3283 ἐν
3141 3228 3352 3300 ἑτέροις
3390 3228 3540 3298 λέγει
3575 3231 3607 3284 ό
3634 3228 3757 3282 Κύο

477 3321 646 3381 esset,
677 3330 788 3370 non
818 3329 945 3369 cum
971 3312 1236 3369 incrcatis
1274 3321 1708 3368 connumeratus
1732 3310 1951 3380 fuisset,
1980 3314 2061 3369 uti

480 3421 607 3461 cum
641 3407 724 3464 eis
750 3407 1037 3472 adoretur,
1065 3415 1123 3461 et
1154 3404 1349 3461 eadem
1382 3403 1556 3476 gloria
1589 3402 1885 3460 afficiatur.

2175 3332 2311 3387 ριος,
2344 3313 2747 3383 Πορευθέντες
2764 3318 3186 3386 μαθητεύσατε
3229 3317 3427 3373 πάντα
3458 3317 3531 3373 τὰ
3574 3318 3751 3386 ἔθνη,

2163 3406 2559 3473 ,βαπτίζοντες
2585 3410 2808 3476 αὐτοὺς
2828 3411 2916 3477 είς
2930 3410 2998 3465 τὸ
3023 3411 3214 3480 ὄνομα
3238 3411 3346 3467 τοῦ
3373 3411 3624 3481 Πατρός,
3646 3415 3752 3469 καὶ

482 3498 591 3553 τοῦ
646 3500 803 3567 Υίοῦ,
849 3498 952 3555 καὶ
997 3497 1105 3554 τοῦ
1172 3497 1348 3567 ἁγίου
1380 3496 1746 3567 Πνεύματος.
1774 3496 1839 3548 El
1890 3495 1999 3569 7&9
2036 3493 2106 3569 ἦν
2143 3498 2351 3569 κτίσμα
2394 3498 2456 3552 τὸ
2517 3498 2741 3571 Πνεῦμα
2777 3500 2839 3554 τὸ
2887 3499 3072 3570 ἅγιον,
3102 3502 3315 3558 οὐκ·ἂν
3369 3501 3754 3576 συνηριθμήθη

485 3592 619 3645 αὐτὸ
646 3594 759 3655 τοῖς
791 3590 1091 3656 ἀκτίστοις,
1117 3588 1203 3643 ἵνα
1238 3588 1334 3642 σὺν
1363 3587 1546 3651 αὐτοῖς
1568 3587 1944 3658 προσκυνῆται
1971 3591 2067 3643 καὶ
2105 3588 2513 3659 συνδοξὰζηται.
2645 3587 2648 3590 ’

554 3688 621 3744 ll.
646 3685 1020 3757 Apollinarem
1048 3697 1180 3738 vero
1209 3682 1359 3738 circa
1388 3681 1737 3738 divinitatem
1767 3681 2061 3753 deliquisse

2262 3684 2321 3738 ὐ
2369 3684 2426 3737 δὲ
2469 3683 2841 3757 Ἀπολινάριος
2887 3686 3018 3758 περὶ
3070 3687 3170 3758 μὲν
3213 3686 3312 3758 τὴν
3367 3685 3648 3758 θεολογίαν
3688 3691 3755 3745 οὑ

486 3799 597 3840 non
632 3787 885 3852 apparet,
904 3791 1216 3849 quanquam
1249 3785 1306 3831 et
1338 3775 1485 3830 hunc
1505 3774 1617 3830 duo
1642 3773 1893 3847 Gregorii
1919 3789 1987 3829 eo
2011 3789 2061 3829 se

2176 3777 2426 3847 φαίνεται
2449 3777 2803 3851 ἁμαρτάνων,
2839 3779 2978 3852 πλὴν
3005 3780 3341 3852 διελέγχουσι
3367 3782 3463 3837 καὶ
3488 3783 3677 3839 τοῦτον
3702 3788 3755 3839 εί

485 3891 679 3933 errore
703 3872 1043 3929 convincunt
1073 3867 1613 3925 obstrinxisse.Nam
1645 3867 1818 3923 creati
1842 3865 2061 3937 quidem

2177 3868 2472 3943 Γρηγόριοι
2525 3870 2655 3941 περὶ
2688 3870 2894 3944 ταύτην
2946 3873 3350 3944 ἁμαρτάνοντα.
3386 3874 3608 3946 Κτίσμα
3654 3878 3756 3946 μὲν

489 3970 581 4024 ille
632 3964 969 4021 mentionem
1030 3976 1142 4016 non
1204 3960 1356 4025 facit,
1405 3959 1702 4031 inquiunt;
1750 3958 2061 4015 inferiorem

2175 3963 2306 4033 7&9,
2363 3963 2550 4033 φασὶν,
2607 3963 2666 4016 οὑ
2693 3963 2889 4027 λέγει’
2928 3965 3197 4021 ὑπόϐασιν
3243 3967 3301 4022 δὲ
3353 3968 3560 4040 μικρὰν
3601 3969 3754 4041 λέγει

492 4072 674 4119 tamen
708 4059 937 4131 gradum
968 4054 1090 4111 Filii
1129 4054 1329 4122 tradit,
1366 4062 1423 4109 et
1458 4053 1702 4125 Spiritus
1735 4051 1948 4118 sancti,
1984 4066 2061 4107 re-

2174 4053 2270 4108 τοῦ
2292 4054 2422 4109 Υἱοῦ
2454 4054 2549 4109 καὶ
2575 4054 2670 4109 τοῦ
2698 4056 3039 4129 Πνεύματος,
3067 4059 3205 4131 πρὸς
3231 4059 3324 4115 τὸν
3352 4060 3593 4136 Πατέρα.
3618 4062 3755 4136 Περὶ

493 4163 688 4227 specta
717 4152 916 4208 Patris.
952 4150 1013 4207 in
1050 4148 1463 4221 dispensatione
1496 4161 1634 4202 vero
1658 4144 1867 4202 Christi
1891 4144 2061 4199 mani-

2174 4149 2232 4203 δὲ
2261 4148 2360 4218 τὴν
2387 4148 2701 4218 οἰκονομίαν
2734 4151 3379 4225 φανερῶςδιεσφάλλετο.
3411 4154 3606 4224 Ἔλεγε
3626 4154 3757 4228 7&9,

493 4247 636 4303 festo
671 4243 914 4301 errabat.
943 4242 1160 4313 Corpus
1202 4240 1353 4297 enim
1395 4239 1542 4310 quod
1565 4239 1714 4294 Deus
1750 4238 1842 4293 ille
1875 4237 2061 4293 Sermo

2176 4240 2237 4294 τὸ
2287 4241 2447 4313 σῶμα
2501 4242 2529 4296 ὃ
2578 4242 2866 4297 ἐνεδύσατο
2922 4246 2951 4299 ό
3001 4245 3135 4309 Θεὸς
3189 4246 3382 4317 Λόγος,
3429 4246 3611 4320 ψυχὴν
3659 4249 3759 4321 μὲν

494 4338 700 4401 induit,
734 4336 970 4391 animam
997 4335 1221 4406 quidem
1249 4332 1476 4396 habere,
1502 4330 1600 4386 sed
1629 4339 1814 4386 mente
1844 4344 2061 4400 prorsus

2178 4331 2324 4403 ἔχειν
2346 4374 2360 4400 ,
2393 4333 2520 4390 νοῦν
2552 4333 2610 4388 δὲ
2656 4334 2941 4404 οὐδαμῶς⁹
2981 4336 3099 4392 ἀλλ’
3129 4337 3321 4410 ὥσπερ
3355 4337 3553 4405 ἄλογον
3581 4339 3759 4413 ψυχὴν

493 4446 687 4488 carere
719 4427 971 4484 tradebat
1002 4444 1014 4480 :
1048 4426 1253 4498 quippe
1281 4424 1376 4496 qui
1403 4438 1514 4478 non
1541 4423 1702 4479 aliter
1722 4421 1907 4477 anima
1932 4436 2073 4493 pra:—

494 4523 647 4578 ditus
699 4529 868 4586 esset,
913 4527 1078 4589 atque
1122 4517 1348 4573 brutum
1402 4516 1626 4586 aliquod
1681 4516 1907 4570 animal.
1959 4514 2074 4569 Hoc

496 4615 692 4686 dogma
740 4626 924 4673 suum,
947 4627 1061 4667 non
1093 4610 1281 4681 aliquo
1320 4608 1620 4679 Scriptura:
1646 4608 1816 4673 dicto,
1854 4606 1951 4662 sed
1985 4622 2074 4661 ra-

2178 4424 2355 4491 οὖτως
2380 4426 2565 4496 έλεγεν
2593 4427 2758 4499 ἔχειν.
2789 4428 3163 4502 Διισχυρίζετο
3194 4430 3251 4485 δὲ
3277 4431 3336 4485 τὸ
3359 4430 3536 4501 δόγμα
3570 4431 3757 4498 αὑτοῦ,

2179 4516 2279 4588 οὐχ
2301 4516 2406 4570 ὑπὸ
2425 4517 2591 4589 ῥητοῦ
2610 4535 2776 4584 τινος,
2800 4519 2917 4574 ἀλλ’
2939 4521 3050 4574 ἀπὸ
3079 4521 3383 4593 περινοίας.
3410 4523 3604 4592 Ἔλεγε
3627 4523 3755 4595 γὰρ,

2181 4611 2264 4666 ὅτι
2292 4612 2320 4665 ὁ
2370 4610 2495 4676 νοῦς
2540 4612 2915 4691 ἁμαρτητικόν
2959 4613 3015 4668 τί
3044 4614 3216 4672 ἐστιν.
3255 4617 3492 4673 Ἄτοπον
3519 4617 3577 4672 δέ
3616 4618 3759 4673 ἔστιν

501 4704 818 4762 tiocinando
849 4704 1139 4775 probabat.
1180 4701 1398 4773 Quippe
1445 4710 1691 4757 mentem
1728 4700 1912 4755 aiebat
1958 4715 2061 4756 εδει

2183 4702 2343 4768 ὅλως,
2388 4703 2689 4775 ὑπονοῆσαι
2732 4706 2862 4778 περὶ
2887 4705 2982 4760 τοῦ
3016 4708 3190 4776 Λόγου
3214 4708 3308 4762 τοῦ
3339 4707 3497 4773 Θεοῦ,
3528 4710 3610 4763 ὃτι
3639 4727 3758 4763 συν-

497 4794 759 4866 quiddam
793 4803 1021 4865 peccato
1059 4792 1331 4863 pollutum
1364 4809 1379 4846 :
1411 4791 1713 4848 absurdum
1758 4806 1894 4846 vero
1922 4806 2082 4861 pror-

499 4903 616 4954 sus,
648 4887 716 4942 de
760 4886 860 4942 Dei
904 4885 1173 4941 Sermone
1220 4884 1488 4956 cogitare,
1537 4884 1857 4954 copulatum
1908 4882 2081 4938 fuisse

499 4994 626 5034 cum
649 4994 709 5033 re
730 4986 957 5049 peccato
989 4976 1382 5032 contaminata.
1417 4975 1530 5031 Nos
1562 4983 1746 5030 autem
1778 4973 2083 5044 responde-

503 5084 647 5130 mus,
701 5083 732 5122 e
783 5067 1064 5123 contrario
1108 5065 1294 5136 potius
1337 5064 1785 5130 existimandum,
1828 5064 2082 5120 obnoxiae

503 5168 731 5232 peccato
762 5159 842 5214 rei
879 5167 1171 5229 propterea
1217 5158 1386 5213 fuisse
1445 5158 1785 5230 capulatum,
1814 5156 1961 5227 quod
2015 5173 2081 5212 ea

504 5251 701 5306 salutis
734 5250 1030 5321 indigeret.
1063 5251 1201 5306 Nam
1243 5250 1325 5305 illi
1355 5250 1592 5305 salutem
1645 5249 1963 5320 acquisivit,
1991 5251 2082 5305 cui

505 5344 834 5413 coniunctus
886 5341 1012 5397 fuit.
1060 5342 1195 5398 Ilum
1252 5342 1371 5399 lnec
1407 5351 1596 5397 essent
1650 5342 1862 5396 moveri
1900 5352 2083 5411 erepta

505 5434 778 5504 dogmata,
808 5432 1420 5504 Constantinopolitana
1473 5433 1738 5504 synodus,
1793 5432 2082 5489 hominum

508 5525 629 5591 150,
668 5526 864 5592 coivit;
899 5525 956 5580 in
1002 5542 1111 5596 qua
1165 5526 1271 5581 viri
1321 5526 1503 5597 magni
1554 5526 1800 5603 fuerunt,
1833 5524 2083 5599 Gregorii

2183 4795 2331 4868 ήφθη
2359 4797 2468 4850 τινὶ
2496 4796 2880 4870 ἀμαρτητικῷ.
2926 4798 3122 4870 Ἡμεῖς
3158 4799 3214 4853 δὲ
3245 4799 3500 4871 λέγομεν,
3531 4800 3614 4854 ὅτι
3638 4802 3755 4855 τοὺ-

2184 4888 2400 4942 ναντίον
2428 4887 2506 4960 τῷ
2540 4890 2901 4963 ἁμαρτητικῷ
2930 4892 3014 4946 δεῖ
3048 4893 3249 4964 μᾶλλον
3283 4892 3445 4948 αὑτὸν
3468 4893 3757 4966 ὑπονοῆσαι

2184 4977 2549 5047 συναφθῆναι,
2571 4977 2650 5047 τῷ
2674 4979 2769 5033 καὶ
2792 4981 3068 5053 σωτηρίας
3098 4981 3361 5054 δεομένῳ.
3391 4983 3631 5037 Ἐκεῖνον
3655 4984 3757 5057 7&9

2182 5068 2407 5132 ἔσωσεν,
2421 5063 2467 5139 ᾧ
2489 5071 2584 5125 καὶ
2612 5070 2879 5144 συνήψθη.
2900 5073 3120 5128 Τούτων
3148 5074 3255 5128 τῶν
3275 5074 3564 5145 δογμάτων
3584 5092 3755 5129 κινου-

2186 5162 2384 5233 μένων,
2410 5164 2730 5236 συνέρχεται
2774 5168 2810 5237 ή
2843 5168 2902 5221 ἐν
2934 5168 3508 5224 Κωνσταντινουπόλει
3551 5168 3757 5235 σύνοδος

2183 5252 2394 5324 ἀνδρῶν
2430 5261 2506 5326 ρν¹
2537 5255 2660 5327 ἥτις
2683 5255 2884 5328 ἄνδρας
2912 5255 3040 5328 ἔσχε
3071 5259 3366 5327 μεγάλους,
3395 5260 3524 5323 τοὺς
3553 5260 3755 5331 Γρηγο-

2185 5345 2356 5415 ρίους,
2375 5347 2472 5402 καὶ
2505 5346 2875 5419 Ἀμφιλόχιον.
2899 5350 3012 5405 Καὶ
3043 5352 3425 5423 συναχθέντες,
3442 5350 3753 5426 καθαιροῦσι

2181 5438 2273 5491 τὸν
2316 5436 2650 5496 Μακεδόνων
2700 5445 2796 5496 καὶ
2849 5442 3226 5515 Ἀπολινάριον
3251 5461 3267 5477 ·
3315 5445 3412 5499 καὶ
3452 5443 3748 5499 ἐκτίθενται

2181 5528 2329 5598 ὅρον,
2367 5532 2485 5602 ﬁrst
2519 5532 2751 5605 μάθημα
2778 5533 3038 5601 πίστεως,
3063 5537 3202 5606 ὅπερ
3229 5535 3485 5608 λέγομεν.

509 5619 643 5686 duo,
673 5628 731 5675 et
760 5619 1204 5691 Amphilochius.
1271 5619 1339 5674 lli
1380 5619 1621 5683 collecti,
1660 5619 2041 5677 Macedoniam
2074 5626 2131 5673 ct
2167 5619 2543 5691 Apollinarem
2589 5626 2660 5681 ah
2709 5626 2895 5682 ofticio
2946 5638 3322 5696 removerunt,
3361 5639 3419 5686 et
3464 5628 3739 5687 decretum

507 5711 626 5768 sive
663 5712 930 5769 doctrina:
966 5711 1091 5768 fidei
1123 5711 1442 5779 formulam,
1480 5713 1733 5785 utioqui
1798 5713 2073 5779 solemus,
2117 5728 2520 5786 exposuerunt.

579 5895 625 5927 '°
661 5891 784 5950 Act.
817 5910 869 5959 ν,
904 5896 959 5961 5,
985 5894 1039 5950 4.
1119 5895 1162 5928 ³ο
1199 5895 1319 5951 Act.
1354 5912 1468 5963 xm,
1509 5896 1565 5950 9..

1643 5896 1685 5928 ³¹
1715 5897 1874 5952 Joan.
1908 5914 1997 5965 xv,
2022 5897 2117 5955 26.
2194 5900 2238 5932 ⁸⁴¹
2270 5898 2462 5955 Matth.
2500 5917 2686 5971 xxvnt,
2722 5901 2809 5958 i9.
