4020 6558
282 436 415 502 1221

1488 425 1585 486 DE
1627 420 1903 482 SECTIS.
1944 443 2013 452 --
2053 415 2209 474 AC'l‘.
2254 415 2353 474 IV.

3421 421 3556 484 1222

356 553 490 624 Περὶ
519 551 576 606 δὲ
601 551 730 615 τοὺς
753 548 982 622 χρόνους
1006 546 1248 605 ἐκείνους
1281 543 1530 610 ἐγένοντο
1552 539 1646 592 δύο
1676 536 1865 606 ἄνδρες

2043 527 2129 582 Ill.
2153 527 2498 582 Exstiterunt
2516 524 2582 579 iis
2615 523 2955 594 temporibus
2975 527 3157 598 magni
3193 529 3418 600 quidam
3443 535 3556 588 duo

283 645 533 716 μεγάλοι,
565 642 828 714 Διόδωρος
854 643 883 693 6
932 636 1150 706 Ταρσοῦ
1183 633 1502 696 ἐπίσκοπος,
1527 632 1624 686 καλ⁸
1653 629 1862 684 Θεόδω-

281 754 379 809 ρος
430 738 458 789 6
510 733 889 805 Μοψουεστίας
918 748 930 761 °
974 732 1174 794 οἵτινες
1231 727 1671 799 ἀντηγωνίσαντο
1729 723 1867 796 πρὸς

297 829 633 901 Ἀρειανοὺς,
664 827 759 881 καὶ
793 824 1129 880 Μακεδόνων
1153 863 1168 889 ,
1201 821 1296 875 καὶ
1333 819 1730 890 Ἀπολινάριον,
1775 816 1868 871 καὶ

282 924 384 994 τὴν
431 921 598 993 ἀλλην
634 922 673 974 Γ
681 919 859 991 ραιρὴν
891 915 1377 987 ύπεμνημάτισαν,
1407 914 1502 966 καὶ
1524 914 1581 965 ἐν
1616 915 1750 982 τιμῇ
1781 911 1870 964 ὅν-

283 1032 375 1078 τες
404 1013 638 1086 μεγάλῃ,
669 1011 973 1066 ἀπέθανονθ
1004 1009 1100 1062 καὶ
1139 1007 1313 1070 οὐδεὶς
1343 1010 1401 1060 έν
1437 1009 1504 1076 τῇ
1537 1005 1651 1076 ζωῇ
1686 1004 1870 1058 αὐτῶν

289 1107 588 1161 ἐπελάὸετό
617 1123 764 1168 τινος
806 1103 988 1158 αὐτῶν
1015 1119 1029 1134 ο
1072 1100 1187 1153 ἀλλ’
1219 1101 1472 1170 ἐγκώμια
1511 1099 1760 1170 ἔγραψαν
1789 1100 1870 1161 είς

283 1200 483 1262 αὐτοὺς
505 1197 709 1250 πολλοί.
730 1197 840 1251 Καὶ
857 1195 1135 1261 Βασίλειος
1157 1196 1266 1266 γὰρ
1287 1197 1484 1259 αὐτοὺς
1509 1191 1868 1265 ἐγκωμιάζει,

285 1291 382 1344 καὶ
413 1291 660 1362 Ἰωάννης
691 1291 720 1342 ό
747 1289 1154 1362 Χρυσόστομος.
1181 1290 1448 1360 Ὕστερον
1468 1288 1526 1341 δὲ
1550 1288 1869 1357 κινουμένου

285 1383 382 1437 τοῦ
433 1382 801 1454 Νεστοριανοῦ
843 1383 1133 1452 δόγματος,
1160 1382 1483 1453 ἠναγκάσθη
1515 1381 1806 1452 Κύριλλος,
1841 1384 1871 1435 6

287 1477 484 1548 πρώην
531 1478 730 1539 αὐτοὺς
772 1476 1048 1543 ἐπαινῶν,
1095 1477 1236 1530 κατά
1274 1476 1385 1530 τῶν
1421 1477 1873 1548 συγγραμμάτων

287 1571 466 1624 αὐτῶν
485 1570 693 1642 γράψαι
709 1585 729 1620 ’.
747 1569 934 1640 ἐπειδὴ
966 1570 1060 1623 ἀπ’
1082 1571 1260 1623 αὐτῶν
1289 1571 1594 1641 ἰσχυρίζετο
1620 1571 1682 1623 τὸ
1697 1571 1875 1640 δόγμα

289 1661 455 1715 αὑτοῦ
502 1664 531 1714 ὁ
567 1662 884 1734 Νεστόριος.
931 1663 1520 1735 Ὑπομνηματίσαντες
1573 1663 1681 1734 γὰρ
1723 1657 1872 1717 οὗτοι

291 1752 388 1825 τὴν
434 1754 596 1823 ἁγίαν
631 1754 870 1825 ,Γραφὴν
894 1793 909 1817 ,
952 1755 1051 1807 οὐκ
1082 1755 1318 1826 ἔστησαν
1348 1757 1478 1827 ἄχρι
1507 1755 1602 1808 τοῦ
1632 1754 1871 1820 δέοντος,

1970 623 2095 687 viri,
2131 621 2406 676 Diodorus
2460 620 2756 689 episcopus
2779 619 2957 686 Tarsi,
2982 631 3040 676 et
3082 621 3408 680 Theodorus
3440 628 3556 683 Mo-

1971 715 2230 786 psuestize
2263 732 2275 766 :
2311 714 2405 784 qui
2434 724 2488 768 et
2515 713 2783 769 adversus
2804 713 3058 781 Arianos,
3077 716 3554 783 etMacedonium,

1971 819 2026 863 et
2045 808 2421 879 Apollinarem
2443 807 2788 878 pugnabant,
2804 807 3201 879 universasque
3217 809 3455 868 Litteras
3471 829 3558 868 sa-

1969 918 2095 956 cras
2118 900 2536 956 commentariis
2560 902 2911 957 illustrabant
2932 943 2947 968 ,
2975 913 3032 956 et
3059 903 3112 958 in
3149 907 3330 974 pretio
3353 907 3554 972 habiti,

1971 1003 2206 1050 mortem
2238 995 2623 1064 oppetierunt;
2660 1010 2763 1050 nec
2793 995 2930 1065 ipsis
2971 996 3112 1051 vivis
3153 999 3444 1069 quisquam
3469 1001 3558 1056 di-

1971 1096 2121 1143 etum
2143 1087 2364 1158 aliquod
2396 1103 2590 1142 eorum
2627 1089 3098 1158 reprehendebat;
3155 1092 3266 1146 imo
3304 1095 3558 1164 complu-

1972 1195 2063 1234 res
2098 1180 2322 1250 scriptis
2361 1179 2634 1234 encomiis
2678 1195 2775 1235 eos
2800 1181 3175 1238 celebrarunt.
3209 1185 3346 1239 Nam
3372 1195 3428 1241 et
3454 1188 3558 1242 Ba-

1971 1274 2129 1328 silius
2151 1273 2466 1330 etJoannes
2497 1274 2932 1346 Chrysostomus
2971 1293 3069 1332 eos
3105 1280 3426 1348 praedicant.
3451 1283 3558 1338 Ve-

1973 1378 2318 1438 rumpostea
2351 1377 2500 1421 moto
2531 1367 2786 1438 dogmate
2824 1368 3176 1436 Nestoriano,
3219 1383 3448 1429 coactus
3474 1387 3560 1430 est

1972 1461 2230 1532 Cyrillus,
2249 1462 2344 1532 qui
2369 1470 2425 1516 et
2451 1463 2565 1531 ipse
2593 1461 2808 1531 pridem
2834 1477 2931 1517 eos
2954 1463 3254 1532 laudasset,
3292 1467 3561 1523 adversus

1974 1569 2166 1608 eorum
2214 1569 2384 1624 Opera
2435 1555 2716 1620 scribere;
2759 1555 2907 1624 quod
2939 1556 3134 1627 dogma
3167 1574 3328 1614 suum
3359 1561 3558 1616 Nesto-

1976 1646 2092 1701 rius
2122 1662 2188 1701 ex
2216 1647 2300 1702 eis
2347 1646 2721 1703 conﬁrmaret.
2754 1648 2887 1703 Nam
2931 1651 3099 1704 editis
3148 1652 3225 1706 illi
3273 1669 3459 1710 sacras
3499 1656 3558 1710 in

1977 1737 2219 1793 Litteras
2281 1741 2720 1804 commentariis,
2760 1739 2902 1794 intra
2953 1740 3092 1796 lines
3133 1757 3243 1796 non
3292 1747 3556 1801 constite-

289 1845 427 1900 ἀλλὰ
492 1845 845 1917 βουληθέντες
901 1846 1125 1914 μερίσαι
1170 1848 1269 1910 τὰς
1299 1849 1356 1901 ἐν
1390 1850 1456 1919 τῇ
1508 1847 1639 1919 ἁγίᾳ
1679 1847 1871 1917 Γραφῇ

1981 1840 2142 1894 runt;
2178 1832 2274 1886 sed
2331 1848 2455 1887 cum
2513 1833 2848 1887 distribuere
2879 1834 3083 1889 vellent
3130 1852 3409 1892 sacrarum
3442 1839 3559 1894 Lit-

290 1939 496 2007 φωνάς,
525 1939 625 2003 τάς
657 1940 757 2009 μὲν
785 1942 851 2012 τῇ
877 1939 1116 2008 θεότητι,
1148 1940 1246 2002 τὰς
1281 1940 1338 1994 δὲ
1369 1943 1433 2012 τῇ
1468 1940 1870 2012 ἀνθρωπότητι·

290 2030 596 2103 εὑρέθησαν
619 2031 713 2086 δύο
735 2034 1062 2094 ὑποστάσεις
1090 2051 1185 2087 του
1210 2033 1446 2100 Χριστοῦ
1488 2037 1582 2088 καὶ
1609 2035 1875 2105 διαίρεσιν

293 2125 625 2190 εἰσάγοντες.
656 2125 765 2180 Καὶ
795 2126 865 2180 δι’
889 2127 1020 2180 αὐτὸ
1049 2127 1371 2200 ἠναγκάσθη
1396 2129 1425 2181 ὁ
1456 2128 1724 2199 Κύριλλος
1753 2128 1874 2183 κατ’

295 2215 474 2272 αὐτῶν
501 2217 730 2289 γράψαι,
767 2218 893 2272 ἐπεὶ
925 2221 1020 2274 ἀπ’
1048 2222 1228 2274 αὐτῶν
1271 2221 1579 2292 ίσχυρίζετο
1611 2223 1672 2276 τὸ
1697 2222 1876 2292 δόγμα

294 2307 462 2362 αὑτοῦ
490 2312 518 2362 6
568 2308 881 2382 Νεστόριος.
911 2312 1010 2366 Διά
1039 2312 1197 2366 τοῦτο
1241 2314 1297 2368 δὲ
1329 2315 1387 2367 ὲν
1441 2317 1508 2387 τῇ
1535 2315 1648 2386 ζωῇ
1697 2316 1876 2370 αὐτῶν

294 2400 466 2464 οὐδεὶς
498 2400 682 2466 αὐτοῖς
713 2401 985 2466 ἀντεῖπεν,
1016 2404 1204 2476 ἐπειδὴ
1232 2405 1292 2458 τὸ
1317 2405 1588 2474 μάχεσθαι
1607 2407 1746 2478 πρὸς
1777 2407 1877 2472 τὰς

298 2490 515 2562 μείζους
543 2493 802 2566 αἱρέσεις,
834 2495 1033 2550 ἔσκεπε
1061 2498 1131 2551 τά
1161 2497 1390 2552 τοιαῦτα
1419 2499 1686 2571 δόγματα.
1720 2501 1875 2553 Μετά

294 2586 352 2640 δὲ
385 2587 574 2658 χρόνον
603 2587 779 2657 ὀλίγον
805 2589 898 2643 τοῦ
916 2591 1208 2645 ἀποθανεῖν
1242 2593 1517 2663 Θεόδωρον
1557 2593 1651 2647 καὶ
1676 2592 1875 2644 Διόδω-

297 2695 412 2747 ρον,
469 2680 666 2751 ἀνέστη
698 2683 731 2752 ἡ
767 2683 976 2754 αἵρεσις
1006 2684 1302 2752 Νεπορίου
1327 2703 1340 2715 ο
1374 2681 1443 2757 ἦν
1484 2685 1542 2739 δὲ
1583 2687 1875 2740 Κωνσταν-

293 2771 656 2835 τινουπόλεως
684 2773 846 2838 αὐτὸς
872 2775 901 2826 6
923 2775 1216 2844 Νεστόριος
1253 2776 1576 2840 ἐπίσκοπος,
1620 2775 1872 2842 Ἀλεξαν-

292 2863 479 2930 δρείας
515 2865 573 2917 δὲ
601 2865 888 2937 Κύριλλος,
932 2868 1263 2938 Ἀντιοχείας
1283 2869 1340 2922 δὲ
1383 2870 1659 2938 Ἰωάννης.

366 3039 433 3092 Τί
456 3039 512 3094 δὲ
537 3035 604 3112 ἦν
625 3040 688 3094 τὸ
725 3040 903 3112 δόγμα
925 3043 1020 3096 τοῦ
1045 3042 1367 3114 Νεστορίου,
1391 3043 1493 3115 ἠδη
1522 3043 1624 3115 μὲν
1661 3045 1720 3096 ἐν
1759 3047 1874 3107 τοῖς

299 3132 663 3206 προλαϐοῦσιν
709 3137 1050 3207 εἰρήκαμεν
1077 3139 1172 3190 καὶ
1217 3136 1314 3191 νῦν
1355 3136 1414 3191 δὲ
1469 3138 1644 3209 μικρά
1673 3136 1877 3202 διεξέλ-

1977 1931 2222 1978 terarum
2281 1940 2464 1989 voces,
2500 1926 2636 1980 alias
2679 1925 2748 1978 ad
2784 1925 3156 1994 divinitatem,
3185 1929 3322 1985 alias
3353 1931 3421 1986 ad
3459 1948 3560 1986 na-

1981 2026 2156 2070 turam
2211 2017 2508 2072 humanam
2568 2018 2792 2082 relatas,
2839 2019 3246 2089 deprehensum
3309 2031 3418 2088 est,
3465 2039 3562 2079 eos

1978 2110 2117 2165 duas
2153 2110 2356 2166 Christi
2385 2112 2730 2182 hypostases,
2773 2118 2830 2166 et
2885 2111 3213 2168 divisionem
3267 2116 3560 2185 quamdam

1979 2201 2360 2257 introducere.
2409 2202 2582 2268 Quam
2609 2203 2681 2257 ob
2748 2219 2969 2258 causam
3001 2205 3240 2277 Cyrillus
3295 2209 3562 2264 adversus

1981 2293 2132 2362 ipsos
2184 2295 2431 2352 scribere
2487 2303 2714 2350 coaetus
2764 2296 2896 2362 fuit,
2949 2298 3310 2355 conlirmante
3365 2301 3561 2372 dogma

1977 2399 2138 2439 suum
2166 2401 2234 2440 ex
2267 2387 2348 2440 eis
2377 2386 2654 2441 Nestorio.
2675 2387 2827 2442 Vivis
2850 2387 3076 2458 quidem
3101 2389 3236 2460 ipsis
3269 2406 3370 2446 cur
3399 2409 3564 2448 nemo

1977 2479 2398 2542 contradixerit,
2436 2479 2642 2535 factum
2678 2480 2803 2535 ideo
2840 2482 2986 2551 quod
3035 2485 3314 2554 pugnandi
3367 2496 3562 2542 contra

1977 2578 2157 2624 sectas
2177 2570 2416 2640 majores
2441 2572 2742 2627 necessitas
2761 2572 3034 2642 ejusmodi
3051 2573 3304 2645 dogmata
3331 2586 3560 2649 tegeret.

1975 2662 2046 2715 At
2080 2663 2245 2731 paulo
2264 2673 2386 2733 post
2433 2679 2596 2733 quam
2645 2664 2790 2718 diem
2828 2665 3153 2721 Theodorus
3183 2685 3246 2722 ac
3289 2669 3565 2726 Diodorus

1976 2755 2268 2818 obiissent,
2299 2755 2563 2809 suscitata
2609 2756 2849 2810 Nestorii
2881 2755 2984 2812 fuit
3013 2758 3241 2813 haeresis
3281 2777 3294 2813 :
3333 2769 3562 2830 eratque

1976 2845 2622 2916 ConstantinopoliLanus
2646 2845 2941 2917 episcopus
2968 2847 3059 2903 hic
3095 2849 3211 2919 ipse
3251 2850 3560 2917 Nestorius,

1976 2937 2213 3010 Cyrillus
2237 2938 2666 3005 Alexandrinus,
2703 2939 2946 2994 Joannes
2968 2939 3374 3000 Antiochenus.

2050 3030 2138 3084 IV.
2171 3029 2460 3096 Quodnam
2493 3030 2692 3101 dogma
2743 3031 2984 3086 Nestorii
3025 3033 3214 3098 fuerit,
3251 3035 3564 3106 expositum

1980 3123 2033 3177 id
2070 3123 2293 3193 quidem
2326 3133 2410 3179 est
2446 3124 2501 3178 in
2532 3124 2599 3179 iis
2625 3141 2747 3190 quae
2776 3126 2943 3180 modo
2960 3126 3203 3182 diximus
3230 3147 3242 3182 :
3271 3129 3368 3185 sed
3387 3129 3565 3185 nihilo

299 3227 502 3299 θωμεν.
551 3229 666 3281 Οὐκ
710 3206 866 3298 ἔλεγε
898 3230 1008 3300 γὰρ
1042 3230 1237 3284 ἕνωσιν
1266 3232 1362 3284 τοῦ
1408 3206 1586 3300 Λόγου
1616 3230 1713 3284 τοῦ
1739 3231 1873 3284 Θεοῦ

1981 3215 2164 3270 minus
2193 3216 2385 3286 paucis
2425 3217 2804 3286 explanemus.
2837 3218 2955 3273 Non
2987 3235 3111 3275 esse
3144 3219 3342 3278 factam
3383 3223 3567 3278 aiebat

299 3320 438 3389 πρὸς
463 3320 556 3374 τὸν
593 3321 900 3393 ἄνθρωπον,
926 3322 1063 3377 ἀλλὰ
1089 3323 1185 3376 δύο
1219 3324 1546 3388 ὑποστάσεις
1578 3323 1754 3393 ἔλεγε,
1785 3327 1880 3377 καὶ

299 3413 562 3486 διαίρεσιν
583 3431 598 3446 ·
623 3415 748 3468 ὅθεν
775 3417 895 3470 οὐδὲ
921 3417 1018 3488 τὴν
1041 3417 1204 3484 ἁγίαν
1226 3418 1448 3488 Μαρίαν
1477 3418 1665 3472 ἐκάλει
1688 3418 1879 3472 Geo-:6-

301 3523 420 3570 κον,
463 3506 602 3562 ἀλλὰ
653 3510 1036 3579 Χριστοτόκον.
1077 3511 1137 3563 Εἰ
1180 3510 1238 3564 δὲ
1291 3513 1386 3565 καὶ
1435 3513 1743 3582 ἄνθρωπον,
1786 3511 1880 3564 καὶ

302 3597 434 3652 Θεὸν
471 3599 736 3654 ἀπεκάλει
769 3601 862 3652 τὸν
891 3601 1163 3673 Χριστόν
1200 3601 1316 3657 ἀλλ’
1347 3602 1530 3656 ούκέτι
1575 3603 1653 3665 ὡς
1695 3605 1878 3673 ἡμεῖς,

303 3692 440 3747 ἀλλά
466 3695 532 3764 τῇ
570 3692 754 3763 σχέσει
793 3695 887 3747 καὶ
937 3696 1003 3766 τῇ
1060 3695 1354 3749 οἰκειώσει.
1388 3696 1602 3766 Ὥσπερ
1647 3697 1881 3766 λέγομεν

303 3787 436 3856 περὶ
467 3783 564 3837 δύο
592 3783 757 3837 τινῶν
789 3785 982 3853 φίλων,
1027 3785 1168 3862 πάνυ
1215 3785 1479 3858 ἀλλήλους
1509 3787 1878 3855 ἀγαπώντωνο

301 3879 384 3932 ὅτι
424 3878 477 3932 οἰ
528 3876 622 3931 δύο
667 3869 814 3931 οὗτοι
849 3879 982 3949 μίαν
1008 3879 1188 3950 ψυχὴν
1211 3878 1417 3950 ἔχουσι,
1450 3880 1591 3933 κατά
1619 3880 1679 3933 τὸ
1710 3881 1883 3935 ταυτά

302 3971 552 4043 ἀλλήλοις
611 3972 890 4042 ἀρέσκειν,
927 3971 1017 4026 διά
1045 3971 1143 4042 τὴν
1197 3972 1508 4044 ὑπερϐολὴν
1538 3973 1637 4044 τῆς
1677 3973 1878 4043 φιλίας.

303 4063 490 4135 Τούτῳ
517 4063 574 4116 δὲ
603 4062 681 4134 τῷ
724 4063 1011 4137 Νεστορίῳ
1040 4065 1279 4128 ἐναντίος
1307 4060 1376 4137 ἦν
1401 4067 1430 4118 6
1469 4065 1758 4138 Κύριλλος,
1788 4069 1883 4121 καὶ

301 4156 539 4226 ἔγραφεν
572 4155 723 4225 αὐτῷ
755 4155 1166 4228 συνεχέστερον,
1193 4158 1618 4229 ἀποστραφῆναι
1653 4161 1762 4214 ἀπὸ
1785 4161 1880 4216 τοῦ

301 4247 571 4317 δόγματος
603 4246 821 4301 τούτου.
863 4248 1145 4320 Ἔγραψεν
1184 4243 1276 4303 οὖν
1318 4251 1542 4321 πρώτην
1590 4253 1742 4323 αὐτῷ
1789 4253 1922 4314 καὶ,

303 4337 562 4410 δευτέραν
607 4338 917 4410 ἐπιστολὴν,
946 4339 1043 4393 καὶ
1083 4341 1189 4394 οὐκ
1215 4340 1435 4396 ἔπεισεν
1465 4341 1648 4398 αὐτόν.
1681 4342 1881 4396 ’Ὕστε-

305 4447 396 4502 ρον
433 4428 491 4482 δὲ
523 4430 726 4500 γράφει
767 4431 920 4500 αὐτῷ
949 4431 1141 4501 τρίτην
1175 4433 1484 4505 ἐπιστολὴν,
1505 4436 1562 4488 ὲν
1673 4435 1883 4508 ἔγραψε

302 4522 507 4576 δώδεκα
554 4523 833 4593 κεφάλαια
859 4525 992 4596 περὶ
1031 4525 1267 4589 πίστεως
1289 4543 1303 4557 ·
1336 4528 1433 4582 καὶ
1463 4527 1690 4599 ὕστερον
1713 4529 1876 4602 ἔγραο

301 4614 423 4682 ψεν,
457 4613 540 4666 ὃτι
559 4614 620 4665 El
647 4613 746 4680 μὲν
770 4614 1042 4686 καταδέχῃ
1069 4614 1262 4681 ταῦτα,
1293 4616 1705 4688 συλλειτουργὸς
1727 4620 1882 4690 ἡμῶν

303 4701 375 4766 εἴ,
401 4706 497 4759 καὶ
532 4704 720 4773 φίλοςο
751 4705 800 4758 εί
831 4705 888 4758 δὲ
921 4704 1016 4778 μὴ,
1068 4705 1316 4778 ἀνάθεμα
1355 4708 1475 4780 ἔσῃ.
1525 4709 1651 4762 Οὐδ’
1706 4708 1883 4775 οὕτως

303 4796 359 4850 δὲ
387 4795 594 4850 ἔπεισε.
627 4795 972 4866 Κινουμένης
999 4795 1058 4848 δὲ
1084 4796 1186 4867 τῆς
1213 4796 1395 4868 μάχης
1415 4797 1638 4868 ταύτης,
1667 4798 1880 4853 κελεύει

303 4891 332 4943 6
363 4888 618 4960 βασιλεὺς
645 4886 734 4963 (ἦν
762 4890 818 4943 δὲ
848 4890 1129 4954 Θεοδόσιος
1149 4893 1177 4945 6
1203 4891 1436 4963 Μικρὸς)
1463 4892 1719 4961 γενέσθαι
1753 4893 1879 4947 σύν-

302 4982 420 5036 οδον
446 4983 505 5034 ὲν
547 4978 786 5054 Ἐφέσῳ,
829 4981 927 5036 καί⁵
971 4984 1166 5054 κριτὴν
1206 4984 1460 5051 γενέσθαι
1488 4985 1758 5055 Κυρίλλου
1787 4988 1880 5040 καὶ

303 5074 602 5147 Νεστορίου
658 5060 950 5147 Ἰωάννην
987 5076 1080 5129 τὸν
1155 5076 1487 5148 Ἀντιοχείας
1555 5078 1879 5137 ἐπίσκοπον.

301 5161 506 5221 Ἦλθεν
546 5161 640 5222 οὖν
690 5170 718 5222 6
765 5168 1032 5240 Κύριλλος
1077 5170 1156 5234 εἰς
1203 5169 1302 5242 τὴν
1327 5171 1642 5243 ὁρισθεῖσαν
1667 5174 1884 5246 ἡμέραν

306 5261 447 5332 μετὰ
482 5263 663 5333 πάσης
711 5263 814 5333 τῆς
869 5264 1090 5318 συνόδου
1143 5265 1310 5318 αὑτοῦ
1353 5266 1435 5330 είς
1480 5266 1579 5338 τὴν
1625 5267 1885 5336 Ἔφεσον.

315 5354 549 5426 Ὁμοίως
606 5357 702 5410 καὶ
753 5357 1045 5429 Νεστόριος
1100 5359 1241 5430 μετὰ
1278 5359 1377 5430 τῆς
1429 5359 1595 5413 αὑτοῦ
1643 5361 1888 5417 συνόδου.

316 5447 787 5518 Ἐμὸραδύναντος
829 5448 887 5502 δὲ
926 5449 1177 5504 Ἰωάννου
1224 5450 1418 5515 ἐλθεῖν,
1452 5451 1549 5504 κοιλ⁵
1583 5469 1881 5524 παραπρο-

304 5538 684 5611 θεσμήσαντος
721 5539 937 5611 ἡμέρας
984 5548 1082 5606 ις’,
1121 5542 1352 5612 νομίσας
1399 5545 1428 5596 6
1473 5544 1764 5615 Κύριλλος,
1797 5545 1880 5598 ὅτι

301 5631 487 5684 οὐκέτι
517 5629 759 5703 ἔρχεται,
796 5633 1120 5702 συναγαγὼν
1149 5635 1274 5698 τοὺς
1305 5635 1628 5708 εὑρεθέντας
1657 5637 1884 5690 ἐπισκό-

305 5741 464 5787 πους,
496 5725 592 5779 καὶ
631 5726 961 5795 ἀνεγνωκὼς
987 5729 1082 5781 ἐπὶ
1110 5730 1289 5783 αὐτῶν
1316 5730 1386 5784 τά
1416 5730 1714 5801 Νεστορίου
1750 5746 1882 5799 συγ-

304 5817 633 5886 γράμματα,
671 5820 767 5874 καὶ
819 5820 1045 5893 ὕστερον
1099 5822 1208 5876 ἀπὸ
1246 5823 1355 5876 τῶν
1407 5824 1581 5892 ἁγίων
1621 5824 1884 5894 Πατέρων

307 5911 532 5984 χρήσεις
565 5915 980 5987 ἐναντιουμένσς
1021 5917 1224 5984 αὐτοῖς,
1256 5918 1554 5989 Νεστορίου
1600 5917 1674 5990 μὴ
1702 5917 1886 5973 συνελ-

1982 3309 2245 3362 unionem
2296 3309 2391 3362 Dei
2446 3308 2731 3364 Sermonis
2781 3326 2906 3365 cum
2961 3311 3220 3378 homine,
3275 3314 3372 3369 sed
3427 3315 3566 3372 duas

1983 3398 2237 3452 tradebat
2291 3399 2640 3470 hypostases,
2693 3417 2758 3455 ac
2787 3401 3121 3459 divisionem
3158 3407 3564 3476 :quamobrem

1981 3508 2086 3548 nec
2121 3502 2376 3550 sanctam
2406 3496 2553 3550 illam
2585 3495 2812 3550 Mariam
2834 3499 3066 3554 vocabat
3095 3499 3405 3572 Deiparam,
3467 3505 3564 3560 sed

1980 3585 2405 3657 Christiparam.
2436 3587 2594 3655 Quod
2623 3589 2668 3645 si
2707 3591 2941 3645 maxime
2984 3591 3265 3649 Christum
3298 3605 3354 3652 et
3385 3596 3568 3654 homi-

1981 3692 2132 3738 nem.
2156 3689 2214 3733 et
2241 3679 2415 3734 Deum
2473 3681 2808 3750 appellabat,
2867 3699 2978 3738 non
3029 3693 3214 3741 tamen
3249 3688 3354 3743 hoc
3383 3705 3452 3745 eo
3487 3691 3570 3746 fa-

1983 3771 2166 3825 ciebat
2186 3786 2374 3837 sensu,
2406 3788 2516 3842 quo
2539 3789 2672 3836 nos,
2725 3774 2822 3830 sed
2870 3776 3187 3834 affectionis
3219 3781 3568 3852 conjunctio-

1981 3864 2177 3934 nisque
2210 3876 2468 3935 respectu
2501 3885 2514 3921 :
2547 3869 3014 3937 quemadmodum
3064 3871 3132 3926 de
3171 3873 3391 3929 duobus
3440 3877 3568 3946 qui-

1984 3958 2218 4013 busdam
2261 3959 2456 4015 amicis
2489 3959 2750 4024 dicimus,
2782 3962 3017 4018 invicem
3048 3965 3206 4021 valde
3235 3982 3294 4022 se
3330 3967 3569 4040 diligen-

1985 4052 2156 4116 tibus,
2208 4069 2372 4108 unam
2415 4070 2513 4111 eos
2555 4055 2764 4113 habere
2813 4058 3053 4112 animam
3101 4077 3114 4113 :
3165 4059 3312 4129 quod
3361 4063 3570 4118 amoris

1982 4145 2140 4200 nimii
2170 4161 2356 4207 causa.
2377 4147 2569 4203 eadem
2609 4148 2746 4218 ipsis
2768 4139 3043 4218 placeant.
3068 4150 3209 4206 iluic
3242 4161 3427 4208 autem
3455 4153 3566 4209 Ne-

1982 4238 2157 4294 storio
2187 4238 2427 4312 Cyrinus
2451 4241 2866 4307 adversabatur,
2893 4241 3216 4314 litterasque
3250 4245 3570 4317 frequentes

1982 4330 2269 4395 exarabat,
2304 4338 2366 4384 ut
2397 4331 2676 4387 hominem
2704 4333 2776 4387 ab
2811 4333 2906 4388 illo
2938 4334 3192 4407 dogmate
3241 4339 3565 4396 diverteret.

1985 4424 2100 4479 Hoc
2129 4424 2314 4480 studio
2342 4426 2632 4497 impulsus,
2656 4435 2712 4482 et
2742 4428 2977 4498 primam
3016 4430 3086 4484 ad
3122 4430 3304 4501 ipsum
3343 4441 3400 4487 et
3427 4434 3568 4489 alte-

1987 4533 2104 4571 ram
2144 4518 2368 4588 scripsit
2391 4520 2708 4597 epistolam,
2750 4536 2852 4576 nec
2882 4529 3065 4577 tamen
3095 4525 3393 4592 persuasit.
3420 4524 3567 4580 Tan-

1989 4612 2113 4667 dem
2158 4612 2372 4668 litteras
2416 4612 2485 4668 ad
2535 4628 2664 4667 eum
2700 4613 2890 4668 tertias
2925 4614 3100 4678 dedit,
3130 4615 3184 4669 in
3220 4615 3398 4686 iisque
3425 4616 3567 4672 duo-

1987 4703 2166 4759 decim
2191 4705 2258 4759 de
2287 4703 2393 4759 [ide
2425 4705 2664 4775 capitula
2693 4705 3034 4776 perscripsit,
3062 4715 3119 4761 et
3151 4707 3354 4777 adjecit
3385 4709 3440 4762 in
3472 4725 3568 4764 ex-

1986 4799 2177 4853 tremis
2209 4815 2223 4851 :
2255 4797 2312 4852 Si
2353 4797 2574 4868 quidem
2617 4798 2735 4853 haec
2765 4797 2990 4868 recipis,
3021 4806 3078 4852 et
3101 4799 3397 4854 ministerii
3433 4816 3567 4855 con-

1986 4907 2128 4956 sors,
2157 4900 2215 4945 et
2266 4889 2479 4944 amicus
2518 4898 2707 4945 noster
2747 4905 2850 4945 es:
2879 4890 2962 4944 sin
3001 4897 3186 4944 autem
3213 4925 3235 4957 -,
3275 4892 3566 4947 anathema

1985 4983 2116 5039 eris.
2166 4983 2371 5038 Verum
2427 4998 2496 5037 ne
2543 4983 2625 5039 sic
2653 4982 2877 5052 quidem
2906 4982 3199 5062 persuasit.
3235 4983 3348 5038 Hac
3381 4993 3566 5038 autem

1983 5079 2104 5133 rixa
2149 5089 2328 5142 mota,
2376 5077 2536 5148 jubet
2595 5077 2897 5146 imperator
2947 5076 3018 5146 (is
3061 5082 3180 5129 erat
3224 5075 3570 5130 Theodosius

1984 5171 2188 5243 minor)
2223 5169 2426 5240 Ephesi
2473 5169 2741 5241 synodum
2775 5169 2989 5232 haberi,
3036 5167 3391 5240 iudicemque
3432 5184 3568 5224 con-

1985 5264 2139 5320 stitui
2191 5273 2301 5318 tam
2349 5262 2555 5334 Cyrillo
2579 5277 2742 5332 quam
2772 5259 3049 5324 Nestorio,
3080 5260 3348 5315 Joannem
3378 5259 3570 5316 Antio-

1987 5357 2226 5412 ebenum
2266 5355 2610 5426 episcopum.
2655 5353 2844 5424 Itaque
2871 5352 3110 5425 Cyrillus
3143 5352 3407 5409 universo
3439 5368 3566 5407 cum

1987 5459 2130 5505 eretu
2184 5463 2306 5512 suo,
2361 5448 2638 5518 Ephesum
2678 5446 2745 5502 ad
2779 5445 2926 5502 diem
2961 5445 3328 5516 praestitutum
3370 5444 3566 5500 venit:

1990 5543 2293 5612 itidemque
2324 5557 2426 5596 suo
2463 5558 2587 5597 cum
2628 5540 2866 5596 concilio
2891 5581 2905 5606 ,
2969 5539 3278 5595 Nestorius.
3301 5539 3438 5596 Cum
3470 5555 3567 5594 au-

1991 5643 2101 5690 tem
2127 5634 2368 5690 Joannes
2395 5633 2693 5688 adventum
2718 5647 2880 5687 suum
2907 5631 3126 5702 longius
3154 5631 3492 5695 extraheret,
3511 5643 3569 5684 et

1990 5729 2134 5783 ultra
2173 5728 2318 5782 diem
2351 5727 2558 5782 dictum
2590 5742 2797 5780 moram
2818 5725 2883 5779 l6
2909 5725 3125 5779 dierum
3154 5723 3563 5792 interponeret:

1990 5821 2227 5893 Cyrillus
2285 5837 2412 5876 eum
2469 5837 2580 5875 non
2623 5827 2919 5876 venturum
2967 5817 3204 5888 amplius
3241 5815 3564 5876 arbitratus,

1994 5919 2198 5974 coactis
2238 5918 2534 5990 episcopis,
2567 5925 2840 5989 quotquot
2879 5913 3092 5971 inventi
3135 5920 3300 5978 sunt,
3332 5917 3388 5967 et
3407 5908 3568 5966 lcetis
