4020 6522
1487 371 1527 391 ί,

326 469 466 534 1925

1478 416 1625 563 ‘jfbs
1665 462 1945 524 seems.
1988 486 2056 495 -—
2094 461 2255 521 ACT.
2297 461 2397 522 1v.

3462 463 3595 530 12‘26

312 589 415 660 τὴν
474 584 779 657 ὑπερϐολὴν
824 583 926 653 τῆς
964 580 1235 645 ένώσεως,
1290 578 1384 632 καὶ
1454 576 1512 631 τό
1557 578 1689 648 μίαν
1739 576 1902 646 φύσιν

2010 575 2258 641 nimiam,
2288 584 2343 630 et
2369 588 2534 628 unam
2582 572 2722 628 adeo
2763 582 3023 629 naturam
3049 584 3359 644 statueret;
3388 576 3594 635 Christi

315 678 515 748 λέγειν,
546 676 650 730 οὐκ
682 674 870 744 ἔλεγεν
910 673 1202 745 ὁμοούσιον
1227 669 1362 741 ἡμῖν
1390 670 1531 741 μετὰ
1574 669 1674 740 τὴν
1706 670 1905 722 ἕνωσιν

315 765 375 823 τὸ
399 770 580 838 σῶμα.
614 766 805 837 Τούτῳ
831 766 908 837 τῷ
962 765 1202 837 Εὑτυχεϊ
1228 762 1511 835 γνώριμος
1544 758 1613 834 ἦν
1644 761 1907 824 Εὐσέϐιος

314 862 343 913 6
372 858 656 931 Δορυλέων
708 857 1031 920 ἐπίσκοπος.
1070 858 1183 911 Kal.
1213 858 1378 926 γνοὺς
1403 856 1463 923 ἐξ
1504 855 1671 909 αὑτοῦ
1696 855 1755 908 τὸ
1781 855 1906 922 δόγ-

319 968 396 1022 μα
425 950 608 1014 τοῦτο,
641 949 936 1019 ἀνήγγειλε
965 947 1275 1019 Φλαὸιανῷ,
1316 947 1528 1017 λέγων’
1567 949 1661 999 Δεῖ
1685 963 1744 999 σε
1782 946 1906 998 ὲπι-

314 1040 545 1111 τιμῆσαι
576 1039 654 1110 τῷ
704 1040 955 1109 Εὐτυχεῖ,
992 1039 1204 1093 τοιοῦτο
1254 1039 1340 1108 δόγ
1359 1057 1434 1111 μα
1464 1039 1796 1108 εἰσφέροντι,
1821 1038 1909 1091 ἴνα

319 1134 396 1205 μὴ
449 1135 759 1207 διαστραφῇ
810 1135 843 1204 ἡ
895 1135 1081 1198 πίστις
1155 1133 1331 1205 ἡμῶν.
1383 1135 1440 1189 Ὀ
1468 1130 1563 1188 οὖν
1610 1133 1907 1197 Φλαὸιανὸς

315 1227 525 1280 τούτων
557 1226 823 1289 ἀκούσας.
858 1228 1134 1297 συνήγαγε
1166 1228 1290 1290 τοὺς
1325 1226 1490 1279 αὑτοῦ
1527 1226 1747 1278 συνόδου
1785 1227 1906 1277 ἑπι-

319 1319 555 1381 σκόπους
590 1318 664 1383 ὡς
702 1319 832 1390 περὶ
863 1318 930 1382 λ’,
966 1319 1062 1371 καὶ
1105 1317 1396 1388 ἠρώτησεν
1444 1318 1538 1371 ἐπὶ
1576 1316 1758 1369 αὐτῶν
1818 1316 1908 1367 τὸν

318 1411 556 1481 Εὐτυχῆ,
603 1410 784 1479 λέγων
809 1450 824 1476 ,
867 1412 950 1465 ὅτι
993 1410 1308 1481 Ὀμολογεῖς
1341 1411 1402 1463 τὸ
1448 1409 1607 1479 σῶμα
1643 1408 1739 1462 τοῦ
1771 1409 1906 1479 Χριο

318 1501 448 1555 στοῦ
491 1502 777 1573 ὁμοούσιον
822 1504 978 1573 ἡμῖν,
1018 1503 1171 1573 καὶῆ
1225 1504 1326 1569 ob;
1370 1504 1428 1557 '0
1461 1502 1518 1557 δὲ
1548 1502 1904 1575 ἀπεκρίνατο,

315 1593 397 1645 ὃτι
454 1592 634 1663 Μέχρι
685 1592 785 1662 μὲν
844 1592 942 1662 τῆς
1006 1593 1245 1663 σήμερον
1306 1592 1405 1663 οὐχ
1453 1591 1799 1660 ὼμολόγουν’
1840 1591 1905 1644 δι’

318 1685 463 1754 ὑμᾶς
495 1685 551 1738 δὲ
584 1684 857 1755 ὁμολογῶ.
888 1684 1060 1738 Τοῦτο
1118 1684 1173 1737 δὲ
1210 1684 1394 1753 ἔλεγεν
1449 1684 1726 1756 εἰρωνείᾳ.
1776 1685 1905 1737 ’Λπ-

326 1775 585 1844 εκρίνατο
612 1775 754 1847 πρὸς
782 1775 947 1828 αὐτὸν
972 1776 1001 1828 ὁ
1030 1774 1331 1840 Φλαϐιανός
1352 1792 1366 1805 ·
1386 1776 1497 1846 Οὐχ
1529 1777 1689 1847 ἡμεῖς
1713 1778 1903 1847 ἐσμεν,

314 1869 365 1921 oi
409 1867 585 1922 ταῦτα
621 1884 703 1920 σοι
740 1867 993 1935 λέγοντες
1043 1867 1348 1937 ὁμολογεῖν,
1400 1868 1517 1921 ἀλλ’
1551 1870 1601 1921 ot
1635 1869 1900 1939 Πατέρες.

317 1960 380 2012 Et
405 1954 498 2013 οὖν
527 1958 830 2029 ὁμολογεῖς,
864 1959 1271 2029 ἀναθεμάτισον
1306 1960 1433 2021 τοὺς
1463 1959 1538 2030 μὴ
1571 1958 1714 2013 οὕτω
1743 1960 1902 2027 δοξά-

316 2050 532 2115 ζοντας.
584 2050 642 2104 '0
667 2050 723 2104 δὲ
754 2047 872 2103 εἶπε
906 2051 1041 2121 πρὸς
1072 2051 1256 2115 αὐτὸν,
1290 2052 1371 2105 ὅτι
1412 2051 1498 2115 Ὠς
1531 2047 1707 2113 εἷπον,
1744 2053 1904 2121 μέχρι

315 2144 413 2213 τῆς
444 2144 687 2214 σήμερον
710 2142 806 2213 οὐχ
830 2142 1142 2212 ὡμολόγουν
1176 2142 1335 2196 τοῦτο
1354 2159 1368 2174 ·
1392 2142 1462 2196 δι’
1486 2144 1632 2213 ὑμᾶς
1654 2143 1712 2196 δὲ
1738 2142 1902 2211 λέγω.

318 2236 433 2288 Οὐκ
466 2235 835 2305 ἀναθεμάτιζέ
868 2251 1019 2288 τινα·
1057 2234 1155 2287 ἐὰν
1184 2236 1295 2303 γὰρ
1327 2235 1716 2307 ἁναθεματίζω
1754 2236 1900 2301 τινὰ,

314 2326 444 2389 τοὺς
474 2325 719 2397 πατέρας
755 2344 858 2397 μου
895 2326 1299 2396 ἀναθεματίζω,
1332 2327 1427 2381 καὶ
1443 2328 1545 2395 τὴν
1576 2327 1737 2394 ἁγίαν
1766 2326 1906 2395 Γρα-

318 2422 447 2489 φήν.
486 2418 633 2491 Αὕτη
661 2419 772 2490 γάρ
802 2420 951 2472 ἐστιν
975 2420 1008 2488 ή
1035 2418 1295 2487 λέγουσα,
1329 2420 1414 2472 ὃτι
1456 2419 1556 2472 οὐκ
1589 2418 1739 2471 ἐστιν
1770 2420 1905 2490 ἡμῖν

314 2510 606 2581 ὁμοούσιον
633 2512 694 2565 τὸ
729 2510 893 2582 σῶμα
920 2510 1018 2564 τοῦ
1071 2508 1337 2581 Χριστοῦ.
1372 2510 1561 2564 Ταῦτα
1596 2509 1843 2573 ἀκούσας
1875 2511 1905 2562 6

317 2603 644 2670 Φλαὸιανδς,
694 2603 947 2657 καθεῖλεν
975 2603 1139 2657 αὑτὸν
1162 2604 1271 2657 ἀπὸ
1301 2602 1403 2673 τῆς
1436 2602 1901 2673 πρεσϐυτερείας,

318 2698 415 2751 καὶ
455 2697 550 2751 τοῦ
584 2695 725 2751 εἶναι
774 2696 939 2750 αὑτὸν
980 2696 1445 2771 ἀρχιμανδρίτην,
1479 2694 1671 2760 εἰπὼν,
1697 2696 1779 2749 ὃτι
1804 2695 1906 2748 οὐκ

318 2788 435 2841 ἔστι
469 2786 589 2841 κατ’
624 2785 874 2859 ἀνάγκην
904 2786 1109 2849 πίστις.

390 3047 599 3102 Τούτου
640 3047 699 3101 δὲ
740 3046 1188 3117 καθαιρεθέντος,
1220 3046 1423 3118 γράφει
1452 3045 1480 3099 ὁ
1503 3043 1800 3109 Φλαδιανδς
1828 3043 1907 3116 τῷ

322 3142 515 3196 Λέοντι
556 3138 780 3211 Ῥώμης
813 3139 1104 3209 έπισκόπῳ
1135 3138 1237 3210 τὴν
1276 3138 1634 3210 καθαίρεσινο
1669 3138 1762 3192 καὶ
1811 3138 1905 3192 ἀν-

323 3234 585 3305 τιγράφει
610 3233 748 3304 πρὸς
776 3231 940 3286 αὑτὸν
988 3231 1161 3299 Λέων,
1198 3232 1279 3285 ὅτι
1311 3230 1495 3295 καλῶς
1524 3230 1689 3285 αὐτὸν
1720 3230 1904 3285 καθεῖ-
1932 3264 1976 3324 C

321 3325 402 3378 λε.
455 3325 717 3379 Καλεῖται
749 3319 844 3376 οὖν
885 3325 919 3394 ή
952 3323 1210 3393 ἐπιστολὴ
1265 3323 1404 3395 αὕτη
1435 3323 1613 3396 Τόμος
1651 3323 1901 3388 Λέοντος,

324 3413 454 3486 περὶ
486 3407 549 3468 οὗ
591 3413 1030 3484 ἀμφιὸάλλουσιν
1078 3416 1129 3467 οἱ
1189 3413 1598 3484 διακρινόμενοι
1649 3415 1904 3483 λέγοντες

324 3504 496 3574 αὐτὴν
527 3503 713 3566 κακῶς
738 3502 905 3574 ἔχειν.
949 3502 1008 3555 ’0
1049 3503 1107 3555 δὲ
1136 3502 1383 3573 Εύτυχὴς
1416 3501 1556 3572 μετὰ
1579 3501 1678 3572 τὴν
1708 3500 1904 3555 καθαί-

326 3612 478 3668 ρεσιν
537 3600 775 3665 συνεχῶς
829 3594 1159 3667 ἐνετύγχανε
1186 3595 1265 3664 τῷ
1302 3594 1538 3664 βασιλεῖ,
1580 3594 1757 3662 λέγων
1783 3594 1901 3663 ἠδι-

323 3686 529 3756 κῆσθαι
576 3686 681 3739 ὑπὸ
720 3684 1049 3739 Φλαϐιανοῦ.
1100 3684 1209 3737 Kal.
1255 3685 1376 3737 τότε
1436 3683 1655 3737 κελεύει
1687 3685 1715 3736 ὁ
1749 3683 1906 3753 βασι-

324 3780 454 3843 λεὺς
500 3778 803 3842 Θεοδόσιος,
854 3776 1110 3846 γενέσθαι
1147 3779 1207 3829 έν
1251 3774 1465 3846 Ἐφέσῳ
1514 3772 1904 3846 οἰκουμενικὴν

328 3870 569 3935 σύνοδον,
603 3869 691 3922 ἵνα
723 3871 1005 3939 κρίνωσιν,
1041 3869 1090 3920 εί
1124 3867 1307 3931 καλῶς
1340 3866 1593 3920 καθεῖλεν
1624 3870 1651 3920 6
1672 3865 1907 3919 Φλαόια-

325 3962 418 4025 νὸς
448 3962 539 4015 τὸν
565 3962 801 4033 Εὐτυχῆ,
839 3961 872 4033 ἢ
899 3959 982 4014 ού.
1027 3959 1327 4031 Ἐπέτρεψε
1359 3959 1536 4030 δὲτὴν
1573 3962 1754 4013 πᾶσαν
1788 3959 1906 4029 κρί-

329 4072 413 4106 σιν
458 4052 739 4126 Διοσκόρῳ
769 4052 849 4123 τῷ
888 4053 1173 4123 έπισκόπῳ
1206 4050 1638 4122 Ἀλεξανδρείας.
1670 4050 1902 4121 Γενομέ-

326 4163 423 4217 νης
455 4146 510 4198 δὲ
539 4146 638 4216 τῆς
687 4145 926 4209 συνόδου,
954 4145 1170 4216 πρῶτον
1219 4145 1319 4214 μὲν
1347 4144 1548 4198 ἄτοπον
1601 4144 1855 4215 ἐποίησεν
1879 4145 1907 4195 ὁ

326 4238 638 4308 Διόσκορος.
673 4237 852 4292 Μόνον
882 4237 991 4307 γὰρ
1017 4237 1227 4305 ἀνέγνω
1254 4236 1322 4290 τὰ
1353 4237 1721 4307 πεπραγμένα
1765 4236 1940 4301 Φλαο,

328 4327 541 4391 ϐιανοῦ,
584 4327 686 4381 οὐκ
738 4328 889 4381 εῐασε
932 4327 989 4379 δὲ
1019 4327 1182 4381 αὑτὸν
1222 4326 1596 4396 συνηγορῆσαι
1628 4326 1837 4392 αὐτοῖς,
1872 4325 1904 4395 ἢ

329 4421 608 4492 ἐρωτῆσαι
647 4420 810 4473 αὐτὸν
835 4419 887 4473 τί
926 4436 1080 4481 ποτε,
1113 4418 1244 4487 περὶ
1282 4409 1357 4470 ὧν
1384 4415 1752 4486 ἁμφιόἀλλειν
1787 4415 1906 4467 ένό-

333 4512 476 4582 μιζε.
525 4510 789 4583 Δεύτερον
821 4510 900 4577 δὲ,
936 4510 1056 4563 οὐδὲ
1090 4509 1183 4562 τὸν
1235 4510 1548 4578 κατήγορον
1604 4506 1903 4578 Εὐτυχοῦς,

2009 682 2214 737 corpus
2253 665 2418 720 unius
2453 680 2576 720 esse
2611 664 2902 719 nobiseum
2937 676 3151 721 natura:
3174 675 3301 737 post
3333 669 3596 725 unionem

2008 756 2262 826 negabat.
2290 754 2429 809 Huic
2470 754 2707 826 Eutychi
2752 754 2951 810 notitia
2987 771 3111 810 cum
3147 758 3389 814 Eusebio
3418 760 3595 831 Dory-

2008 849 2225 902 lenrum
2281 847 2545 915 episcOpo
2607 844 3009 910 intercedebat,
3058 847 3151 915 qui
3209 847 3315 903 hoc
3368 850 3490 920 ejus
3527 866 3596 905 ex

2010 940 2245 1009 ipsomet
2275 936 2556 991 intellecto
2579 935 2855 1006 dogmate,
2888 951 3002 990 rem
3036 936 3103 989 ad
3132 936 3451 994 Flavianum
3472 955 3597 995 ver—

2009 1027 2094 1081 bis
2133 1026 2285 1079 hisce
2321 1023 2522 1078 detulit
2559 1040 2572 1076 :
2608 1023 2983 1092 Increpandus
3033 1023 3131 1077 tibi
3162 1024 3461 1096 Eutyches,
3492 1028 3596 1083 hu-

2004 1114 2248 1186 jusmodi
2301 1112 2575 1184 dogmatis
2624 1121 2863 1178 auctor;
2891 1127 2959 1166 ne
2986 1112 3122 1167 ﬁdes
3148 1124 3338 1169 nostra
3371 1132 3596 1185 perver-

2010 1216 2179 1261 tatur.
2244 1205 2457 1271 Quibus
2525 1204 2748 1268 auditis,
2807 1204 3102 1259 Flavianus
3145 1205 3439 1277 episcopos
3484 1224 3597 1263 suae

2009 1299 2236 1354 ditionis
2273 1296 2342 1351 ad
2391 1296 2459 1350 50
2484 1295 2665 1367 coegit
2695 1336 2709 1358 ,
2742 1296 2922 1365 iisque
2954 1296 3320 1365 praesentibus
3356 1297 3594 1353 interro-

2010 1394 2155 1464 gavit
2202 1390 2506 1462 Eutychem
2543 1428 2557 1452 ,
2633 1386 2913 1442 Christine
2959 1402 3162 1455 corpus
3199 1388 3445 1457 ejusdem
3472 1404 3594 1445 esse

2010 1480 2297 1534 nobiscum
2339 1476 2663 1532 substantiae
2696 1474 2983 1536 fateretur,
3020 1489 3088 1527 an
3143 1476 3285 1528 non?
3322 1476 3416 1530 Ille
3462 1493 3594 1531 vero

2010 1571 2379 1643 responderit,
2397 1571 2665 1624 hactenus
2690 1567 2745 1620 id
2773 1582 2831 1620 se
2854 1567 3079 1638 quidem
3102 1567 3329 1624 minime
3354 1570 3559 1624 fassum
3577 1615 3590 1631 ,

2009 1667 2102 1722 sed
2159 1667 2405 1734 ipsorum
2446 1671 2629 1716 tamen
2682 1675 2849 1714 causa
2908 1674 3056 1712 nunc
3100 1659 3354 1714 conﬁteri
3399 1663 3592 1730 :quod

2008 1770 2138 1811 sane
2160 1770 2258 1825 per
2279 1753 2688 1809 simulationem
2716 1750 2785 1804 ab
2816 1765 2883 1804 eo
2907 1749 3313 1819 proferebatur.
3336 1750 3590 1808 Vicissim

2010 1848 2306 1903 Flavianus
2335 1846 2544 1909 dicere,
2576 1859 2690 1897 non
2723 1842 2875 1913 ipsos
2902 1858 3022 1896 esse
3049 1842 3142 1913 qui
3171 1844 3288 1900 hzec
3311 1861 3438 1900 eum
3463 1861 3595 1901 eon-

1935 1920 1976 1976 Β
2006 1937 2459 2008 ﬁterijuberent,
2489 1935 2585 1989 sed
2620 1943 2806 2004 patres
2831 1952 2843 1987 :
2868 1934 3105 2005 ideoque
3133 1936 3180 1991 si
3209 1939 3592 2005 conﬁteretur,

2005 2029 2360 2083 anathemate
2388 2027 2670 2081 diversum
2700 2026 3005 2081 sentientes
3054 2038 3460 2084 exsecraretur.
3496 2030 3595 2085 Ille

2005 2122 2266 2175 Flaviano
2329 2118 2666 2188 respondere
2730 2132 2826 2185 se,
2883 2119 3348 2186 quemadmodum
3431 2131 3596 2177 antea

2005 2212 2258 2274 dixisset,
2288 2210 2355 2263 ad
2391 2224 2516 2263 eum
2548 2208 2693 2261 diem
2720 2208 2772 2261 id
2807 2209 3037 2262 minime
3066 2209 3416 2264 confessum:
3446 2210 3594 2281 ipso-

2006 2319 2127 2356 rum
2170 2312 2347 2356 tamen
2374 2301 2548 2372 gratia
2574 2300 2870 2354 facturum.
2892 2299 3180 2355 Neminem
3211 2301 3434 2356 interim
3460 2318 3593 2356 ana-

2007 2396 2367 2450 thematizare
2408 2412 2421 2447 :
2456 2395 2662 2463 quippe
2709 2393 2754 2447 si
2786 2393 2891 2447 hoc
2942 2391 3190 2459 faceret,
3246 2395 3594 2449 anathemate

2005 2488 2199 2543 Patres
2230 2496 2671 2548 exsecraturum,
2701 2484 2958 2554 ipsasque
2980 2499 3164 2539 sacras
3189 2484 3451 2553 Litteras,
3473 2503 3594 2557 qua!

2006 2581 2087 2636 sic
2112 2581 2431 2647 loquantur,
2468 2587 2527 2632 ut
2556 2576 2762 2631 Christi
2790 2591 2994 2645 corpus
3025 2577 3273 2647 ejusdem
3303 2579 3593 2633 nobiseum

2005 2688 2127 2728 esse
2159 2671 2481 2726 substantiae
2523 2678 2745 2736 negent.
2780 2668 2994 2734 Quibus
3038 2668 3265 2735 auditis,
3296 2670 3364 2724 ab
3400 2671 3595 2726 ordine

2006 2764 2484 2835 presbyterorum,
2519 2772 2574 2817 et
2627 2759 3079 2815 archimandritze
3127 2776 3359 2815 munere
3383 2761 3597 2816 Flavia-

2007 2871 2114 2910 nus
2143 2870 2270 2911 eum
2297 2854 2537 2909 removit
2561 2894 2574 2917 ,
2601 2868 2727 2907 eum
2759 2852 2985 2922 quidem
3009 2852 3243 2919 diceret,
3287 2851 3448 2907 ﬁdem
3482 2870 3592 2908 non

2007 2947 2300 3001 admittere
2327 2945 2693 3000 coactionem.

2080 3038 2195 3093 VII.
2218 3036 2334 3091 Hoc
2359 3037 2428 3090 ab
2460 3034 2640 3089 cilicio
2664 3042 2901 3095 remoto,
2932 3031 3231 3087 Flavianus
3253 3032 3322 3088 ad
3352 3032 3593 3090 Leonem

2009 3130 2322 3184 Romanum
2374 3127 2696 3196 episcopum
2721 3123 2788 3179 de
2827 3122 3069 3177 hominis
3097 3121 3441 3193 depositione
3464 3140 3594 3194 per-

2009 3221 2226 3277 scribit.
2248 3216 2568 3288 Respondet
2589 3216 2720 3280 Leo,
2746 3215 2850 3270 rite
2870 3213 3277 3284 depositionem
3300 3214 3448 3269 illam
3471 3232 3595 3271 esse

2008 3314 2207 3369 tactam
2239 3330 2251 3366 :
2282 3326 2405 3380 quae
2431 3308 2655 3380 quidem
2689 3306 2921 3377 epistola
2947 3306 3164 3361 Tomus
3178 3305 3378 3362 Leonis
3409 3309 3598 3377 appel-

2006 3407 2110 3462 lari
2147 3407 2305 3469 solet,
2342 3404 2409 3459 de
2443 3417 2555 3473 quo
2611 3400 2880 3470 ancipites
2924 3408 3054 3453 sunt
3078 3414 3272 3454 eorum
3297 3398 3393 3469 qui
3426 3398 3595 3455 Haasi—

2009 3510 2187 3555 tantes
2236 3498 2499 3553 dicuntur
2529 3493 2820 3548 sententiae
2843 3533 2857 3558 ,
2912 3492 3057 3546 male
3088 3500 3461 3562 comparatam
3506 3494 3595 3547 di-

2007 3593 2272 3648 centium.
2306 3588 2582 3658 Eutyehes
2608 3595 2794 3641 autem
2826 3584 2897 3638 ab
2923 3584 3103 3639 cilicio
3126 3595 3393 3649 remotus,
3423 3586 3597 3656 impe-

2009 3691 2249 3738 ratorem
2290 3679 2448 3734 adire
2485 3677 2705 3743 crebro,
2750 3676 2968 3746 sibique
2995 3675 3197 3730 factam
3252 3691 3284 3730 a
3334 3676 3596 3731 Flaviano

2007 3774 2268 3847 injuriam
2294 3772 2502 3827 dicere.
2538 3769 2891 3839 QuaprOpter
2916 3769 3217 3838 imperator
3249 3768 3596 3824 Theodosius

2007 3864 2267 3937 generale
2300 3861 2596 3917 concilium
2632 3858 2834 3929 Ephesi
2873 3858 3024 3913 coire
3049 3858 3235 3927 jubet,
3270 3857 3325 3912 in
3360 3874 3471 3928 quo
3500 3874 3595 3914 co-

2008 3964 2417 4031 gnosceretur,
2462 3961 2686 4016 rectene
2737 3949 3033 4005 Flavianus
3073 3950 3377 4020 Eutychem
3430 3949 3597 4021 depo-

2009 4052 2231 4115 suisset,
2273 4064 2344 4104 an
2398 4062 2531 4102 non.
2560 4045 2882 4101 Universam
2939 4058 3069 4098 vero
3117 4058 3297 4097 causas
3328 4043 3597 4113 cognitio-

2007 4159 2134 4198 nem
2159 4142 2426 4196 Dioscoro
2446 4138 2707 4209 episcopo
2726 4135 3102 4191 Alexandrino
3140 4136 3383 4190 mandat.
3410 4136 3597 4206 Itaque

2008 4242 2198 4291 coacta
2228 4231 2461 4305 synodo,
2476 4230 2714 4301 primum
2741 4228 2847 4283 hoc
2869 4227 3110 4283 absurde
3132 4227 3430 4282 Dioscorus
3451 4228 3596 4297 egit,

2009 4326 2157 4397 qu‘od
2185 4334 2338 4394 gesta
2369 4322 2612 4378 Flaviani
2643 4322 2911 4376 duntaxat
2952 4320 3190 4391 legebat,
3224 4334 3327 4374 nec
3358 4321 3600 4389 patroci-

2010 4414 2086 4468 nii
2118 4414 2332 4483 copiam
2366 4411 2418 4465 ei
2454 4410 2708 4474 iaciebat,
2743 4418 2838 4464 aut
2868 4410 3243 4479 interrogandi
3278 4410 3345 4462 de
3379 4411 3447 4464 iis
3477 4427 3598 4479 quae

2010 4505 2177 4560 dubia
2210 4511 2563 4574 putarentur.
2594 4501 2861 4563 Alterum,
2899 4500 3046 4569 quod
3077 4509 3456 4555 accusatorem
3488 4502 3599 4555 En-

332 4603 591 4657 Εύσέσιον
624 4604 775 4657 εἴασε
807 4601 1104 4673 παρελθεῖν
1137 4602 1216 4663 εἰς
1242 4599 1342 4669 τὴν
1374 4599 1558 4668 κρίσιν
1581 4615 1593 4629 ·
1631 4598 1769 4652 ἀλλὰ
1806 4616 1907 4652 κα-

2016 4595 2194 4668 tychis
2234 4594 2535 4649 Eusebium
2582 4592 2775 4645 adesse
2808 4591 3021 4659 judicio
3052 4591 3278 4645 minime
3313 4592 3599 4660 permitte-

328 4696 780 4767 ταψηφισάμενος
812 4693 1139 4756 Φλαϐιανοῦ,
1190 4692 1440 4747 καθεῖλεν
1489 4690 1687 4745 αὐτόν’
1721 4692 1813 4744 τὸν
1852 4690 1910 4743 δὲ

330 4787 550 4858 Εὐτυχῆ
582 4786 823 4851 ἐδέξατο,
844 4785 939 4839 καὶ
971 4782 1385 4853 έποίησεπάλιν
1414 4780 1687 4850 πρεσϐύτε
1698 4799 1791 4851 ρον
1817 4782 1911 4833 καὶ

333 4878 788 4950 ἀρχιμανδρίτήν.
824 4876 1027 4929 Τούτου
1070 4873 1367 4943 γενομένου
1393 4912 1407 4936 ,
1443 4872 1662 4943 διελύθη
1713 4874 1744 4942 ή
1786 4871 1911 4924 σύν-

333 4970 473 5032 οδος.
508 4971 618 5023 Καὶ
646 4969 1013 5031 ἀποθανόντος
1037 4965 1362 5029 Φλαὸιανού,
1383 4965 1715 5028 ἀπελθόντες
1746 4967 1795 5017 oi
1823 4982 1909 5017 το-

337 5059 645 5130 ποτηρηταὶ
688 5058 781 5112 τοῦ
826 5056 1046 5128 Ῥώμης
1082 5055 1389 5109 ἐπισκόπου
1440 5054 1623 5125 (αὐτὸς
1676 5054 1785 5125 γὰρ
1819 5055 1911 5107 οὑ-

332 5150 522 5203 δέποτε
566 5150 852 5221 εὑρίσκετο
894 5152 972 5213 εἰς
999 5148 1265 5217 σύνοδον),
1288 5148 1632 5219 ἀπήγγειλαν
1662 5145 1811 5217 αὐτῷ
1845 5146 1913 5201 τὰ

332 5242 621 5312 γενόμενα.
668 5242 734 5294 Ὃ
767 5241 823 5294 δὲ
846 5241 1109 5307 ἀκούσας,
1145 5240 1519 5309 ἠγανάκτησε,
1548 5240 1644 5294 καὶ
1671 5239 1908 5311 προσέρ-

332 5351 487 5404 χεται
515 5333 946 5403 Οὐαλεντινιανῷ
995 5332 1074 5404 τῷ
1113 5333 1334 5403 Ῥώμης
1363 5332 1595 5401 βασιλεῖ,
1639 5331 1781 5401 ὑπὲρ
1815 5330 1908 5384 τοῦ

332 5425 613 5494 ἐκδίκησιν
640 5425 832 5479 παθεῖν
855 5441 868 5453 ·
912 5427 1037 5488 τοὺς
1059 5424 1287 5497 χρόνους
1319 5425 1427 5494 γὰρ
1457 5424 1723 5486 ἐκείνους,
1754 5422 1909 5492 βασι-

332 5518 457 5581 λεὺς
482 5515 561 5581 εἷς
578 5515 651 5589 ἦν
696 5520 755 5571 έν
792 5517 1002 5590 Ῥώμῃ,
1036 5518 1133 5571 καὶ
1158 5512 1239 5580 εἷς
1264 5520 1321 5570 έν
1348 5517 1642 5587 Βυζαντίῳ.
1680 5516 1913 5569 Ούιπιλεν⁸

330 5611 568 5673 τινιανὸς
589 5605 683 5663 οὖν
702 5610 1029 5680 ὀχλούμενος
1059 5610 1164 5663 ὑπὸ
1190 5609 1418 5672 Λέοντος
1448 5608 1542 5662 τοῦ
1572 5610 1729 5663 πάπα
1753 5653 1767 5676 ,
1787 5612 1920 5682 γρά-

333 5720 425 5771 φει
465 5703 735 5773 Θεοδοσίῳ
767 5703 843 5773 τῷ
871 5702 1088 5773 Μικρῷ,
1118 5703 1207 5756 ἵνα
1237 5702 1506 5773 ἐπιτρέψῃ
1560 5702 1776 5755 σύνοδον
1825 5721 1914 5772 γε·

333 5794 542 5858 νέσθαι,
576 5797 633 5846 έν
735 5796 961 5863 γνῶναι,
992 5797 1039 5848 εί
1084 5795 1265 5857 καλῶς
1305 5795 1521 5866 ἔκρινεν
1552 5797 1579 5848 ὁ
1601 5796 1911 5866 Διόσκορος,

333 5886 368 5959 ἢ
395 5886 479 5943 οὗ.
528 5886 585 5941 Ὀ
623 5888 680 5942 δὲ
708 5888 985 5950 Θεοδόσιος
1016 5888 1364 5957 ἀντέγραψεν
1394 5887 1567 5960 αὐτῷ,
1595 5889 1771 5959 λέγων
1792 5930 1805 5949 .
1831 5891 1913 5945 ὅτι

652 5983 927 6045 ΡΑτιιοι..
962 5982 1079 6044 Gn.
1115 5982 1453 6043 LXXXVI.

2015 4688 2107 4742 bat
2142 4704 2153 4738 :
2185 4686 2281 4740 sed
2309 4686 2417 4740 lata
2442 4682 2716 4738 sententia
2734 4691 2926 4734 contra
2950 4681 3292 4745 Flavianum,
3314 4697 3437 4735 mox
3472 4698 3598 4737 eum

2014 4778 2346 4841 abdicabat,
2401 4774 2644 4830 admisso
2699 4772 2769 4826 ad
2824 4772 3269 4826 communionem
3331 4773 3596 4844 Eutyche,

2015 4888 2180 4944 quem
2209 4870 2435 4941 quidem
2460 4879 2517 4923 et
2548 4868 2601 4951 i_n
2637 4867 2889 4921 ordinem
2943 4865 3415 4936 presbyterorum,
3449 4876 3503 4919 et
3545 4868 3599 4921 iu

2014 4964 2461 5021 archimandritm
2493 4963 2674 5016 locum
2711 4959 2974 5015 restituit.
3014 4957 3125 5012 Hoc
3156 4967 3402 5027 peracto,
3435 4960 3599 5013 linem

2022 5058 2267 5131 synodus
2310 5056 2523 5111 habuit.
2578 5053 2825 5122 Cumque
2849 5053 2995 5107 diem
3025 5050 3318 5105 Flavianus
3350 5052 3597 5116 obiissct,

2018 5154 2244 5208 domum
2269 5149 2501 5223 proiecti
2518 5147 2711 5203 vicarii
2733 5145 2966 5200 Romani
2989 5145 3236 5216 episcopi
3266 5146 3360 5215 qui
3392 5148 3603 5218 synodo

2017 5262 2128 5301 non
2165 5244 2524 5305 interfuerat,
2553 5256 2899 5312 quascunque
2936 5238 3292 5305 accidissent,
3318 5242 3604 5297 renuntia-

2016 5349 2169 5394 runt.
2192 5339 2289 5393 Ille
2319 5337 2488 5392 rebus
2523 5334 2673 5389 hisce
2703 5333 2937 5403 cognitis
2959 5332 3382 5397 excandescere,
3403 5333 3605 5389 Roma-

2022 5445 2153 5485 num
2195 5428 2501 5499 principem
2548 5423 2992 5479 Valentinianum
3047 5423 3223 5490 adire,
3268 5439 3379 5493 quo
3425 5424 3606 5477 vindi-

2024 5531 2167 5578 ctam
2215 5528 2437 5590 caperet
2470 5537 2482 5571 :
2516 5518 2719 5587 quippe
2767 5517 3205 5586 temporibusiis
3248 5532 3391 5571 unus
3419 5517 3605 5571 Romae

2018 5616 2324 5686 imperator
2358 5620 2497 5677 erat,
2533 5611 2673 5665 alter
2701 5609 2968 5681 Byzantii.
3002 5607 3421 5665 Valentinianus
3475 5624 3607 5679 ergo

2017 5708 2108 5763 cui
2160 5707 2271 5761 Leo
2336 5719 2475 5774 papa
2530 5702 2802 5757 molestus
2861 5711 3031 5767 esset,
3058 5700 3375 5756 Theodosio
3402 5700 3604 5755 minori

2016 5798 2247 5862 scribit,
2275 5794 2542 5867 synodum
2585 5794 2779 5848 haberi
2802 5795 3046 5865 juberet,
3086 5794 3140 5847 in
3173 5807 3280 5862 qua
3306 5805 3606 5860 cognosce-

2020 5899 2175 5946 retur
2199 5929 2215 5957 ,
2276 5893 2498 5942 rectene
2544 5885 2843 5940 Dioscorus
2876 5902 2943 5939 au
2978 5885 3120 5939 male
3150 5881 3468 5936 iudicasset.
3498 5880 3607 5937 Ile-

3211 5974 3290 6032 39
