4020 6554
495 464 631 532 1227

1756 469 2065 532 LEONTII
2106 471 2517 537 BYZANTINI

3617 481 3798 550 1228

488 581 686 638 scribit
738 578 1104 645 Theodosius,
1134 590 1419 636 auctorem
1475 595 1532 634 se
1588 577 1816 634 alterius
1851 579 2041 634 concili

2146 632 2148 640 λ
2177 582 2252 635 Οὐ
2286 583 2426 637 ποιῶ
2461 581 2632 654 ἄλλην
2659 582 2876 638 σύνοδον
2895 598 2908 614 ·
2942 584 3128 652 καλῶς
3150 586 3259 660 γὰρ
3288 585 3504 662 ἔκρινεν
3540 593 3570 647 6
3601 595 3794 650 Διόσ-

487 688 835 744 uequaquam
870 671 1147 737 futurum,
1202 671 1352 742 quod
1400 679 1550 726 recte
1587 671 1892 742 judicasset
1951 671 2041 727 Dio

2179 692 2360 748 κορος.
2428 674 2816 740 ’Λποθανόντος
2869 676 2926 731 δὲ
2962 677 3288 748 Θεοδοσίου,
3342 681 3554 751 γίνεται
3606 685 3797 756 βασι-

486 781 700 821 scorus.
729 764 835 820 Sed
879 763 1194 819 Theodosio
1231 772 1471 828 mortuo,
1505 762 1816 817 Marcianus
1842 762 2037 832 imperi

2178 765 2305 830 λεὺς
2330 767 2667 838 Μαρκιανὸς,
2713 768 2810 823 καὶ
2838 770 3125 842 ἐπιτρέπει
3155 771 3361 837 εὐθέως
3403 775 3663 843 γενέσθαι
3693 780 3796 833 ol-

485 858 715 928 potitur,
744 857 1042 926 statimque
1090 856 1347 926 generale
1392 854 1694 910 concilium
1727 854 2073 910 Chalcedone

484 949 674 1004 haberi
710 948 956 1012 mandat,
1013 947 1165 1018 quod
1220 947 1290 1003 de
1343 947 1538 1019 synodi
1589 947 1884 1017 Ephesinie
1933 947 2072 1002 actis

481 1052 830 1112 agnosceret,
867 1039 1084 1095 malene
1130 1039 1198 1094 de
1258 1039 1428 1110 gestis
1471 1054 1502 1093 a
1535 1038 1797 1093 Flaviano
1825 1038 2070 1110 Byzantii

481 1133 917 1204 pronuntiasset.
977 1132 1168 1202 Itaque
1197 1146 1322 1186 cum
1377 1131 1493 1185 haec
1512 1129 1758 1202 synodus
1783 1129 2073 1186 convenis-

479 1234 562 1280 set
586 1226 642 1279 in
661 1241 770 1295 qua
785 1225 889 1279 viri
902 1223 1004 1278 650
1023 1232 1203 1289 erant,
1222 1223 1399 1293 primo
1419 1221 1643 1292 quidem
1665 1221 1755 1277 die
1771 1221 2069 1278 Dioscorus

481 1333 609 1372 cum
647 1317 863 1372 caeteris
915 1330 1246 1387 congressus
1276 1323 1380 1370 est.
1408 1313 1619 1371 Deinde
1645 1329 1772 1369 cum
1797 1313 2068 1384 advespe-

478 1419 674 1475 rasset,
711 1407 1068 1482 synodusque
1111 1405 1342 1460 dimissa
1380 1404 1605 1467 fuisset,
1634 1402 1902 1474 postridie
1945 1404 2068 1460 col-

475 1502 602 1557 lecti
635 1500 855 1569 reliqui,
879 1497 964 1553 bis
987 1508 1142 1553 terve
1182 1495 1251 1550 ad
1283 1495 1610 1550 Dioscorum
1639 1493 1934 1560 miserunt,
1965 1495 2061 1565 qui

477 1604 659 1649 tamen
703 1593 897 1647 venire
944 1589 1259 1645 recusabat.
1316 1589 1420 1645 Ubi
1466 1587 1630 1642 tertio
1690 1587 1895 1642 citatus
1948 1602 2060 1642 non

473 1685 643 1750 venit,
679 1684 962 1738 hominem
1007 1681 1077 1736 ab
1132 1679 1321 1736 ofﬁcio
1349 1677 1655 1734 secundum
1694 1693 1937 1734 canones
1973 1694 2060 1733 re-

472 1785 716 1840 movent,
761 1782 819 1830 et
865 1774 1112 1844 Gangras
1152 1771 1208 1825 in
1240 1770 1496 1825 exsilium
1520 1770 1786 1829 mittunt.
1817 1767 2058 1840 ﬁdeique

471 1867 784 1930 formulam,
823 1880 935 1936 quo
969 1872 1136 1935 pacto
1190 1861 1532 1918 credendum
1585 1861 1678 1928 sit,
1726 1868 2052 1931 exponunt:

2179 857 2514 929 κουμενικὴν
2548 857 2767 913 σύνοδον
2811 860 2871 912 ἐν
2913 859 3240 932 Χαλκηδόνι,
3272 861 3604 932 ὀφείλουσαν
3632 870 3789 939 κρῖ·
3824 875 3844 906 ο

2176 965 2265 1003 ναι
2301 951 2372 1002 τὰ
2405 950 2777 1021 πεπραγμένα
2820 950 2976 1022 παρὰ
3029 953 3128 1024 τῆς
3157 954 3215 1007 ἐν
3256 954 3469 1028 Ἐφέσῳ
3513 958 3784 1026 συνόδου,
3823 956 3828 959 ’

2174 1043 2222 1094 εί
2252 1042 2438 1106 κακῶς
2466 1040 2651 1114 ἔκρινε
2680 1041 2941 1111 γενέσθαι
2970 1042 3039 1098 τὰ
3068 1043 3332 1116 γινόμενα
3358 1047 3491 1117 περὶ
3517 1047 3788 1104 Φλαϐια-
3811 1030 3822 1039 ’

2175 1132 2266 1187 νὸν
2295 1133 2361 1203 (ί)
2389 1132 2449 1186 ἐν
2477 1131 2783 1205 Βυζαντίῳ.
2837 1133 3058 1205 Ταύτης
3091 1130 3186 1190 οὖν
3214 1137 3314 1208 τῆς
3347 1138 3568 1193 συνόδου
3604 1156 3787 1208 γενο-

2175 1222 2365 1294 μένης,
2406 1222 2618 1294 ἀνδρῶν
2655 1223 2756 1295 χλ’,
2799 1225 2867 1297 τῇ
2915 1223 3020 1294 μὲν
3057 1224 3249 1297 πρώτῃ
3280 1227 3466 1300 ἡμέρᾳ
3495 1228 3786 1301 συνῆλθεν

2170 1318 2356 1381 αὐτοῖς
2389 1317 2701 1389 Διόσκορος.
2733 1312 2873 1374 Εῑτα
2902 1319 3144 1390 ἑσπέρας
3191 1321 3629 1394 καταλαϐούσης,
3659 1325 3781 1379 καὶ

2167 1407 2512 1475 διαλυθέντος
2542 1407 2636 1462 τοῦ
2666 1408 2967 1480 συνεδρίου,
3016 1411 3082 1481 τῇ
3124 1409 3260 1482 ἄλλῃ
3292 1411 3476 1484 ἡμέρᾳ
3502 1412 3778 1480 ἐλθόντες

2167 1499 2421 1572 ἔπεμψαν
2450 1499 2545 1554 καὶ
2573 1498 2680 1565 δὶς,
2729 1499 2826 1553 καὶ
2874 1499 3084 1571 τρίτον,
3115 1501 3210 1556 καὶ
3238 1501 3340 1555 οὐκ
3368 1501 3628 1574 ἠνέσχετο
3671 1503 3778 1556 ἐλ-

2165 1591 2304 1649 θεῖν.
2354 1591 2442 1656 Ὧς
2471 1591 2530 1646 δὲ
2575 1589 2676 1645 οὐκ
2707 1586 2841 1663 ἦλθε
2877 1592 3239 1663 μετασταλεὶς
3270 1594 3336 1648 ἐκ
3366 1593 3574 1666 τρίτου,
3609 1596 3772 1649 κατὰ

2163 1685 2293 1748 τοὺς
2316 1683 2548 1747 κανόνας
2573 1682 2938 1755 καθαιροῦσιν
2965 1685 3154 1752 αὐτὸν,
3175 1687 3271 1740 καὶ
3291 1686 3636 1758 ἐξορίζουσιν
3669 1689 3770 1752 εἰς

2163 1777 2452 1848 Γάγγραςο
2504 1775 2600 1831 καὶ
2662 1775 2976 1832 ἐκτίθενται
3037 1777 3293 1849 μάθημα,
3349 1779 3470 1843 πῶς
3513 1778 3599 1832 δεῖ
3650 1797 3763 1834 πι-

2165 1867 2408 1923 στεύειν·
2447 1868 2530 1923 δτι
2565 1867 2664 1924 ἕνα
2702 1867 2944 1939 Χριστὸν
2971 1869 3031 1924 ἐν
3083 1869 3178 1923 δύο
3211 1869 3459 1939 φύσεσιν,
3502 1871 3761 1942 ἀσυγχύ-

469 1974 591 2014 esse
637 1957 854 2014 scilicet
878 1970 1050 2011 unum
1081 1953 1364 2010 Christum
1395 1953 1450 2006 in
1484 1951 1700 2007 naturis
1731 1951 1947 2007 duabus
1979 1951 2041 2006 ei-

2159 1977 2290 2027 τως,
2313 1958 2662 2032 ἀδιαιρέτως.
2696 1927 2806 2015 Kal.
2838 1927 2985 2018 ούτω
3005 1927 3286 2015 διαλύεται
3323 1960 3357 2032 ἠ
3385 1927 3628 2024 σύνοδοςί

470 2062 552 2106 tra
580 2048 959 2106 confusionem
999 2061 1064 2101 ac
1093 2044 1420 2100 divisionem
1459 2043 1855 2099 conﬁtendum.
1877 2043 2056 2114 Atque

469 2141 574 2195 hoc
601 2138 766 2195 modo
793 2137 1093 2194 concilium
1126 2134 1416 2191 dimissum
1458 2134 1580 2189 fuit.

470 2375 886 2437 Declarantur
919 2375 985 2435 in
1016 2373 1132 2434 hac
1170 2375 1392 2453 quinta
1427 2373 1676 2453 actione
1707 2373 1993 2453 quadam
2024 2372 2340 2453 factione:
2385 2368 2712 2453 ttonjeves
2765 2369 2954 2453 inter_
2985 2367 3432 2453 ecclesiasticos
3464 2381 3752 2433 rectore:

545 2464 778 2515 exortae
797 2463 1060 2533 propter
1085 2446 1283 2533 coici!
1293 2455 1417 2514 ium
1453 2446 1989 2521 Chalcedonense;
2021 2446 2113 2533 ad
2129 2469 2295 2533 quas
2313 2446 2619 2533 tollendas
2638 2449 3060 2509 necessarium
3079 2449 3206 2533 fuit
3234 2450 3750 2533 utjniperatoris

545 2527 874 2594 accesserit
915 2527 1299 2612 auctoritas,
1344 2549 1478 2612 qua
1523 2539 1915 2612 contumaces
1955 2527 2227 2612 ριιπὶὖίε,
2275 2527 2426 2612 bene
2457 2528 2791 2612 sentientes
2839 2529 3250 2612 consercaci‘t.
3291 2528 3529 2612 Dehinc
3564 2547 3750 2612 Tlng

548 2622 768 2672 secuta:
812 2605 1460 2690 suntqua’stiones'de
1511 2605 2010 2690 corruptibilijt
2043 2605 2520 2690 incorruptibilt'
2550 2615 2783 2690 natura
2827 2606 3068 2690 Christi
3103 2606 3288 2690 :_hinc
3315 2608 3464 2690 novi
3500 2609 3568 2668 in
3603 2609 3741 2690 Ec-

545 2690 734 2751 clesia
778 2684 1078 2750 tumuit-us
1123 2708 1142 2746 :
1176 2687 1401 2767 quibus
1443 2688 1676 2750 sedatis
1699 2684 1878 2750 ἰιουί
1916 2688 2195 2749 haeretici
2244 2684 2602 2767 erumpunt;
2628 2684 2946 2767 Agpoetw,
2984 2684 3331 2767 Christum‘
3359 2687 3747 2767 ignorantia:

550 2778 881 2910 arg‘ueozej
922 2775 1110 2925 :qut
1162 2762 1476 2906 Δλῖςιηοειαε
1513 2786 1732 2828 venere
1787 2767 2130 2839 Tritheitw,
2161 2783 2338 2826 suam
2383 2762 2664 2825 haresim
2691 2762 3050 2843 ’Philoponi
3103 2763 3331 2824 summi
3375 2762 3742 2845 philosophi

550 2868 656 2909 auc
691 2867 783 2909 ori
819 2868 854 2907 α
888 2867 916 2907 e
986 2865 1026 2905 ιι
1054 2864 1187 2906 ete-n
1222 2866 1304 2906 es.

987 2845 1304 2906 uteie-mes.

536 3060 577 3114 l.
621 3057 812 3113 Soluto
862 2968 1303 3112 Chalcedﬁfeliilsci
1335 2969 1636 3120 :onventu,
1671 3064 1728 3109 et
1769 3055 2035 3110 Dioscoro

465 3151 708 3222 Gangras
735 3149 999 3218 relegato,
1068 3147 1328 3202 universa
1374 3147 1531 3216 plebs
1576 3145 1948 3201 Alexandrina
1982 3152 2038 3200 et

541 2850 916 2910 auctoritate

2813 2967 3013 3021 ΡΛΞΙΣ
3051 2967 3128 3024 E'.

2813 2969 3013 3021 ΡΔΞΙΣ
3051 2969 3128 3024 E'.

2215 3056 2574 3129 Διαλυθείσης
2605 3057 2664 3112 δὲ
2692 2969 2808 3130 σιτὶἱέ1
2819 3059 3042 3114 συνόδου
3067 3060 3168 3130 τῆς
3189 3059 3248 3114 ἐν
3284 3059 3613 3130 Χαλκηδόνι,
3638 3062 3735 3114 καὶ

2144 3149 2439 3220 Διοσκόρου
2484 3149 2858 3221 ἐξορισθέντος
2893 3151 2976 3214 είς
3024 3151 3064 3204 Γ
3065 3151 3301 3223 άγγρας.
3334 3152 3729 3223 πναπερράγη
3777 3157 3794 3182 ⁸

464 3244 634 3298 totius
655 3239 873 3311 Aﬁgypti
910 3253 1035 3293 cum
1069 3253 1137 3293 eo
1185 3237 1411 3292 defecit.
1439 3236 1790 3292 .Substitutus
1815 3247 1903 3290 est
1934 3250 2036 3290 au-

2146 3239 2296 3310 αύτῷ
2320 3241 2428 3304 πᾶς
2461 3239 2490 3293 6
2521 3240 2677 3312 ὄχλος
2722 3239 3136 3313 Ἀλεξανδρείας
3164 3241 3261 3295 καὶ
3283 3242 3586 3313 Δίγύπτου.
3616 3245 3730 3298 Καὶ

465 3347 572 3391 tem
606 3335 660 3388 in
686 3335 806 3405 ejus
834 3332 1014 3386 locum
1039 3330 1343 3393 Proterius,
1373 3329 1468 3399 qui
1494 3328 1717 3384 concilii
1752 3327 2037 3383 decretum

2146 3331 2355 3400 γίνεται
2397 3331 2514 3386 ἀντ’
2545 3331 2713 3386 αὐτοῦ
2740 3331 3040 3403 δεχόμενος
3062 3332 3124 3386 τὸ
3150 3333 3328 3404 δόγμα
3363 3335 3466 3405 τῆς
3500 3334 3725 3388 συνόδου

466 3425 792 3497 recipiebat.
825 3423 963 3479 Cum
996 3423 1101 3476 hoc
1129 3421 1535 3476 Alexandrinus
1581 3436 1743 3475 nemo
1781 3435 2038 3476 commu-

443 3519 702 3583 nicabat,
747 3515 845 3572 sed
882 3513 1162 3570 hominem
1197 3521 1347 3568 tanto
1376 3512 1853 3583 prosequebantur
1883 3511 2034 3576 odio,

465 3609 685 3664 tandem
718 3617 778 3663 ut
821 3622 949 3663 eum
985 3621 1257 3662 concursu
1301 3605 1446 3661 facto
1474 3605 1661 3660 vivum
1703 3611 2033 3660 cremarent.

461 3705 528 3760 Et
554 3719 676 3774 qua:
699 3701 943 3774 perpessi
972 3701 1084 3756 sint
1105 3700 1176 3756 ob
1194 3697 1398 3755 caedem
1425 3699 1588 3770 hujus
1608 3698 1678 3753 ab
1698 3697 2036 3768 imperatore

462 3795 644 3852 Leone
670 3794 835 3861 mala,
863 3808 934 3849 ne
956 3791 1065 3847 dici
1086 3790 1313 3862 quidem
1339 3790 1502 3846 modo
1534 3797 1735 3862 potest.
1768 3789 2033 3844 Dioscoro

459 3888 686 3960 Gangris
701 3884 1321 3954 exstincto,Timotheus
1346 3883 1839 3952 succedit;eratque
1855 3881 2033 3952 palam

461 3981 745 4036 Proterius
775 3977 1184 4035 Alexandrinus
1215 3977 1544 4048 episcopus,
1577 3975 1903 4030 Timotheus
1934 3987 2030 4029 oc-

459 4072 630 4127 culte.
661 4069 760 4126 Hic
801 4068 1126 4125 Timotheus
1159 4069 1365 4138 pariter
1406 4076 1464 4122 et
1503 4065 1796 4138 synodum,
1829 4073 1886 4119 et
1917 4063 2030 4118 Eu-

458 4164 678 4235 tychem
716 4159 1252 4216 anathematizabat:
1290 4159 1442 4215 hunc
1475 4156 1699 4227 quidem
1737 4163 2032 4226 propterea

457 4253 604 4323 quod
637 4251 844 4307 Christi
879 4265 1081 4320 corpus
1109 4248 1359 4320 ejusdem
1396 4262 1518 4304 esse
1558 4246 1851 4302 nobiscum
1893 4244 2029 4299 sub-

455 4343 672 4400 stantia:
704 4358 811 4396 non
852 4341 1088 4408 diceret;
1142 4339 1413 4413 synodum
1451 4353 1586 4394 vero
1620 4337 1769 4408 quod
1820 4335 2029 4392 Christi

453 4447 679 4492 naturas
701 4434 838 4490 duas
862 4433 1124 4489 traderet.
1143 4433 1466 4488 Dioscorum
1489 4446 1709 4501 quoque
1736 4428 2026 4500 purgabat,

452 4530 545 4601 qui
569 4528 731 4586 sicuti
755 4527 1097 4597 loqueretur,
1129 4525 1202 4579 ita
1226 4523 1496 4579 crederet.
1517 4521 1770 4578 Proterio
1784 4529 2028 4577 cremato

2142 3423 2456 3494 Προτέριος.
2490 3422 2679 3496 Τούτῳ
2711 3424 2769 3478 δὲ
2792 3424 2968 3488 οὐδεὶς
3001 3424 3112 3478 τῶν
3151 3422 3552 3496 Ἀλεξανδρέων
3577 3427 3726 3480 ἐκοι-

2141 3512 2322 3579 νώνει,
2349 3513 2467 3569 ἀλλ’
2495 3514 2671 3580 οὕτως
2709 3515 2871 3570 αὑτὸν
2922 3515 3168 3587 ἐμίσουν,
3201 3516 3343 3570 ὥστε
3393 3517 3725 3588 ἀναχθέντες

2137 3606 2378 3663 ἔκαυσαν
2407 3607 2594 3663 αὐτόν.
2625 3604 2729 3662 Οἷα
2766 3607 2822 3662 δὲ
2852 3607 3038 3672 αὐτοῖς
3069 3607 3288 3677 ἐγένετο
3321 3609 3410 3664 διὰ
3434 3609 3494 3663 τδ
3525 3609 3722 3679 φονεῦ-

2140 3716 2232 3754 σαι
2263 3698 2427 3754 αὑτὸν
2471 3699 2620 3753 κακὰ
2659 3697 2770 3752 ἀπὸ
2820 3698 2918 3753 τοῦ
2977 3700 3246 3772 βασιλέως
3297 3702 3549 3765 Λέοντος,
3597 3701 3719 3756 οὐδὲ

2138 3790 2289 3846 ἔστιν
2315 3792 2496 3846 εἰπεῖν
2522 3789 2638 3845 νῦν.
2676 3789 3069 3856 Ἀποθανόντος
3092 3791 3149 3845 δὲ
3174 3793 3470 3865 Διοσκόρου
3500 3796 3558 3848 ἐν
3579 3795 3720 3863 Γάγ-

2135 3895 2319 3951 γραις,
2386 3878 2693 3950 διαδέχεται
2755 3878 2919 3933 αὑτὸν
2977 3880 3279 3951 Τιμόθεος·
3316 3883 3412 3936 καὶ
3460 3878 3530 3954 ἦν
3564 3882 3593 3935 6
3620 3883 3717 3954 μὲν

2136 3972 2436 4042 Προτέριος
2483 3972 2740 4045 φανερῶς
2785 3973 2845 4027 ἐν
2913 3973 3296 4046 Ἀλεξανδρείᾳ
3342 3975 3658 4040 ἐπίσκοπος,
3685 3979 3716 4029 6

2133 4063 2190 4118 δέ
2216 4064 2483 4135 Τιμόθεος
2529 4064 2739 4136 κρύφα.
2789 4059 2959 4131 Οὗτος
2988 4065 3044 4120 δὲ
3075 4067 3104 4119 6
3131 4066 3398 4137 Τιμόθεος
3448 4066 3714 4139 ἀνεθεμά-

2131 4155 2248 4222 τιζε
2283 4156 2380 4210 καὶ
2431 4156 2532 4228 τὴν
2569 4156 2813 4223 σύνοδον,
2851 4158 2948 4213 καὶ
2977 4157 3073 4214 τὸν
3107 4158 3208 4230 μὲν
3242 4158 3488 4230 Εὐτυχῆ,
3520 4160 3708 4230 ἐπειδὴ

2137 4246 2212 4320 μὴ
2243 4247 2430 4318 ἔλεγεν
2461 4248 2748 4320 όμοούσιον
2779 4251 2918 4321 ημῖν
2973 4249 3035 4302 τὸ
3083 4249 3249 4322 σῶμα
3296 4249 3394 4304 τοῦ
3437 4250 3706 4322 Χριστοῦο

2130 4341 2230 4414 τὴν
2263 4342 2320 4397 δὲ
2369 4343 2430 4397 ἐν
2476 4343 2787 4414 Χαλκηδόνι
2823 4343 3064 4414 σύνοδον,
3093 4346 3178 4402 ὅτι
3209 4345 3305 4401 δύο
3334 4345 3527 4417 φύσεις
3560 4347 3707 4417 ἔλεγε

2129 4433 2224 4488 τοῦ
2256 4435 2520 4506 Χριστοῦ.
2565 4437 2919 4504 ’Δπελογεῖτο
2971 4438 3030 4493 δὲ
3070 4438 3166 4492 καὶ
3205 4439 3348 4510 ὑπὲρ
3389 4439 3706 4512 Διοσκόρου,

2131 4526 2217 4580 ὅτι
2244 4525 2321 4591 ὡς
2349 4527 2521 4597 λέγει,
2552 4527 2729 4594 οὕτως
2760 4529 3038 4586 ἐπίστευε.
3065 4529 3350 4586 Καυθέντα
3365 4531 3425 4586 δέ
3453 4533 3538 4585 τὸν
3568 4532 3702 4603 Προ-

453 4622 778 4678 Timotheus
809 4619 1097 4676 successit.
1128 4619 1317 4688 Itaque
1349 4617 1461 4672 duo
1503 4625 1666 4672 erant
1711 4613 2024 4680 Timothei;

2146 4615 2313 4688 :éptov
2341 4615 2644 4688 διαδέχεται
2687 4619 2974 4689 Τιμόθεος.
3004 4621 3118 4674 Καὶ
3139 4615 3281 4692 ἦσαν
3305 4621 3401 4676 δύο
3430 4619 3701 4692 Τιμόθεοι,

451 4717 629 4787 palam
659 4729 823 4777 unus,
855 4713 948 4783 qui
979 4711 1263 4767 decretum
1296 4709 1492 4783 synodi
1519 4707 1856 4778 recipiebat;
1891 4707 2031 4762 alter

446 4807 684 4870 occulte,
718 4804 813 4875 qui
857 4803 1185 4857 Dioscorum
1232 4799 1578 4869 acceptabat.
1608 4798 1770 4853 Hisce
1813 4796 2031 4852 duobus

446 4899 708 4963 mortuis,
763 4897 819 4951 in
875 4891 1210 4950 adhaerentis
1274 4891 1538 4947 Dioscoro
1593 4890 1777 4946 locum
1828 4891 2029 4946 Petrus

445 4994 676 5063 Mongus
711 4987 991 5044 succedit:
1028 4986 1078 5041 ei
1127 4999 1262 5040 vero
1299 4983 1395 5055 qui
1426 4981 1697 5054 synodum
1731 4981 2023 5052 probabat,

441 5087 845 5244 Joiitnlfipcno
875 5168 1222 5241 temporibus
1246 5166 1354 5222 illis
1381 5166 1531 5221 Zeno
1558 5167 1896 5236 potiebatur.
1923 5165 2023 5220 Hic

442 5281 703 5338 magnum
731 5280 852 5321 esse
875 5262 1077 5320 videns
1097 5261 1206 5316 hoc
1228 5257 1543 5322 dissidium,
1563 5266 1619 5313 et
1645 5257 1804 5312 uuire
1830 5257 2022 5314 volens

446 5359 749 5425 licclesias,
792 5355 1080 5429 epistolam
1127 5351 1443 5423 perscribit,
1479 5365 1646 5421 quam
1691 5349 2019 5405 Henoticum

445 5453 536 5520 (ab
559 5448 784 5520 unione)
806 5454 1105 5512 vocarunt;
1131 5444 1511 5499 continentem
1531 5441 1780 5513 quaedam
1804 5441 1872 5496 de
1896 5440 2024 5509 ﬁde,

447 5562 567 5616 qua:
591 5544 815 5616 quidem
842 5548 898 5597 et
928 5538 1055 5594 ﬁdei
1084 5537 1320 5593 Nicaeum
1343 5536 1581 5592 formula
1613 5534 2021 5606 complectitur,

447 5648 500 5694 et
543 5639 647 5694 alia
679 5636 928 5708 quaadam
973 5631 1157 5687 media
1179 5670 1194 5696 ,
1227 5645 1350 5700 qua:
1375 5628 1747 5685 communiter
1775 5629 1865 5682 illa
1895 5628 2022 5698 qui-

447 5735 569 5788 dem
603 5730 825 5800 utrique
857 5723 1307 5789 conﬁtebantur;
1343 5721 1442 5778 sed
1485 5728 1643 5778 erant
1669 5719 1882 5774 directo
1927 5718 2024 5774 dc-

510 5908 573 5977 if)
615 5905 754 5972 Περί
781 5906 886 5957 «lxi.
923 5897 1080 5970 Παρὰ
1107 5897 1198 5955 Φλ.

2126 4710 2156 4764 6
2185 4709 2287 4780 μὲν
2320 4709 2598 4782 φανερῶς,
2629 4709 2924 4782 δεχόμενος
2973 4711 3036 4766 τὸ
3089 4712 3270 4783 δόγμα
3298 4711 3401 4782 τῆς
3447 4711 3662 4765 συνόδου
3684 4730 3699 4743 ο

2125 4801 2155 4852 6
2185 4799 2244 4853 δὲ
2268 4799 2478 4872 κρύφα,
2504 4800 2802 4872 δεχόμενος
2818 4800 2912 4856 τὸν
2940 4801 3257 4875 Διόσκορον.
3302 4802 3701 4858 Ἀποθανόντων

2126 4887 2222 4946 οὖν
2244 4891 2356 4947 τῶν
2377 4891 2473 4947 δύο
2501 4891 2733 4957 τούτων,
2761 4893 2856 4950 τὸν
2889 4893 2990 4964 μὲν
3018 4893 3130 4948 ἀπὸ
3157 4895 3455 4966 Διοσκόρου
3470 4894 3700 4965 διαδέχε-

2125 5000 2216 5037 ται
2246 4982 2455 5056 Πέτρος
2478 4985 2508 5039 6
2532 4984 2758 5055 Μογγός
2778 5003 2793 5018 ·
2823 4986 2918 5040 τὸν
2947 4984 3004 5040 δὲ
3020 4985 3121 5056 τῆς
3147 4987 3388 5054 συνόδου,
3433 4985 3696 5060 Ἰωάννης.

2217 5163 2535 5218 Ἐσασίλευε
2573 5164 2632 5220 δὲ
2665 5166 2811 5221 κατὰ
2849 5167 2978 5231 τοὺς
3011 5165 3238 5240 χρόνους
3283 5167 3514 5232 τούτους
3549 5168 3580 5222 6
3607 5167 3696 5239 Ζήο

2131 5276 2259 5313 νων.
2299 5252 2472 5322 Οὗτος
2507 5257 2730 5330 θεωρῶν
2777 5259 2841 5314 τὸ
2883 5257 3088 5331 σχίσμα
3117 5259 3280 5314 τοῦτο
3318 5261 3484 5332 μέγα,
3518 5259 3692 5330 βουλό-

2133 5363 2296 5417 μενος
2321 5347 2519 5401 ἕνωσιν
2549 5347 2779 5420 ποιῆσαι
2808 5347 2920 5402 τῶν
2958 5348 3324 5422 Ἐκκλησιῶν,
3355 5351 3558 5420 γράφει
3585 5352 3693 5403 ἐπι-

2127 5438 2341 5509 στολὴν,
2375 5441 2522 5510 ἤπερ
2567 5440 2778 5515 ἐκλήθη
2813 5440 3132 5508 Ἐνωτικδν,
3165 5441 3533 5514 περιέχουσαν
3572 5441 3691 5512 περὶ.

2123 5536 2362 5601 πίστεώς
2389 5554 2534 5604 τινα,
2564 5538 2710 5611 ἅπερ
2742 5536 2856 5612 εἶχε
2896 5539 2957 5594 τὸ
2988 5539 3222 5612 μάθημα
3245 5537 3357 5592 τῶν
3391 5539 3450 5591 ἐν
3477 5537 3686 5608 Nimia,

2122 5627 2218 5681 καὶ
2265 5627 2402 5682 ἄλλα
2442 5629 2568 5684 τινὰ
2621 5631 2784 5701 μέσα,
2818 5631 2965 5704 ἅπερ
3014 5631 3331 5702 ὡμολόγουν
3357 5628 3552 5692 κοινῶς
3579 5627 3686 5682 ἑκά·

2122 5736 2293 5789 τεροι,
2320 5719 2498 5792 ὀρθῶς
2527 5721 2684 5786 δέείς
2711 5723 2780 5779 τὰ
2813 5723 2958 5778 κατὰ
2989 5725 3088 5794 τῆς
3117 5725 3175 5778 ἐν
3233 5719 3540 5792 Χαλκηδόνι
3573 5736 3684 5773 συν-
