4020 6522
352 426 491 492 1229

1560 422 1659 483 DE
1701 396 2092 483 sscnsf—
2123 423 2285 484 ACT.
2324 424 2398 487 v.

3458 482 3461 485 λ
3484 415 3621 483 1230

345 541 504 594 ὀδουο
526 534 827 618 διαρρήδην
855 532 914 589 δι
950 532 1126 606 αὐτὴν
1158 530 1260 589 οὐκ
1292 531 1658 604 ἀνεθεμάτιζε
1676 532 1864 587 ’τοῦτο
1884 532 1941 585 δὲ

2047 535 2211 589 cretis
2232 534 2426 607 synodi
2445 532 2910 590 Chalcedonensis
2935 532 3421 601 contraria.Quam
3446 534 3623 606 ipsam

348 629 617 704 ἔγραψεν,
645 628 732 682 δτι
767 627 843 683 El
868 644 961 693 τις
990 626 1112 681 τῶν
1144 624 1254 695 τῆς
1280 624 1354 680 ἐν
1380 625 1722 693 Χαλκηδόνι
1747 625 1936 680 συνό-

345 722 482 785 δου,
514 720 555 789 ἢ
609 716 732 772 τῶν
778 719 1076 786 πρότερον
1130 716 1408 786 ἀλλαχοῦ
1453 716 1814 786 γενομένων,
1847 715 1935 787 μὴ

347 811 550 877 καλῶς
573 806 831 874 δοξάζει,
858 806 1129 875 ἀνάθεμα
1157 804 1335 860 ἔστω.
1378 804 1584 860 Τούτου
1631 804 1725 859 τοῦ
1767 804 1935 859 Ἐνω-

347 905 506 961 τικοῦ
538 902 815 969 ἐλθόντος,
851 901 1074 970 δέχεται
1107 899 1208 970 μέν
1238 897 1373 954 αὐτὸ
1401 897 1612 970 Πέτρος
1640 900 1667 951 6
1689 896 1933 967 Μογγὸς,

348 997 543 1067 φεύγει
568 993 627 1047 δὲ
673 992 935 1062 Ἰωάννης
963 992 1045 1054 εἰς
1078 988 1322 1060 Ῥώμην.
1357 988 1476 1059 Ἐφ’
1501 981 1564 1042 οῦ
1590 988 1690 1043 καὶ
1722 988 1935 1055 Πέτρος

345 1095 375 1146 6
415 1089 675 1158 Κναφεὺς
707 1088 766 1141 ἐν
806 1084 1114 1155 Ἀντιοχείᾳ
1154 1083 1260 1137 ὑπὸ
1283 1083 1535 1155 Ζήνωνος
1564 1084 1933 1155 προϐάλλεται

346 1183 673 1244 ἐπίσκοπος.
730 1177 1042 1249 Γενομένης
1088 1177 1146 1230 δέ
1187 1177 1289 1247 τῆς
1349 1175 1625 1242 ἐνώσεως,
1667 1179 1696 1230 ό
1726 1176 1937 1247 Πέτρος

346 1274 593 1347 δηλονότι
635 1271 794 1344 παρὰ
825 1273 941 1334 τοῖς
980 1268 1400 1339 Ἀλεξανδρεῦσι
1444 1271 1785 1340 προετιμᾶτο
1806 1286 1819 1299 ·
1849 1268 1936 1321 δε-

350 1370 589 1439 ξάμενος
616 1362 710 1419 οὖν
739 1364 802 1417 τὸ
834 1361 1126 1416 Ἐνωτικὸν
1154 1363 1183 1415 6
1217 1360 1450 1432 Πέτρος,
1472 1360 1689 1430 δέχεται
1719 1360 1813 1413 καὶ
1843 1364 1937 1413 τὸν

348 1459 542 1530 θρόνον
583 1454 1023 1525 Ἀλεξανδρείας,
1062 1452 1162 1506 καὶ
1196 1451 1385 1505 οὐκέτι
1430 1446 1500 1522 ἦν
1541 1450 1750 1523 κρύφα,
1798 1451 1939 1506 ἀλλὰ

350 1548 608 1621 φανερῶς
646 1548 971 1608 ἐπίσκοπος.
1024 1544 1127 1599 Διὰ
1155 1544 1214 1598 δὲ
1247 1543 1349 1615 τὴν
1379 1542 1692 1615 ύπερὸολὴν
1719 1543 1815 1597 τοῦ
1845 1544 1937 1615 μί-

352 1660 501 1709 σους,
538 1643 676 1713 ὅπερ
720 1636 867 1710 εἶχον
913 1636 1050 1707 πρὸς
1094 1635 1193 1708 τὴν
1244 1636 1304 1689 ἐν
1346 1634 1656 1705 Χαλκηδόνι
1698 1635 1936 1701 σύνοδον,

350 1732 741 1805 ἁποσχίζονταί
774 1747 921 1794 τινες
947 1728 1056 1783 ἀπὸ
1090 1727 1325 1799 Πέτρου,
1358 1728 1453 1781 καὶ
1485 1726 1587 1781 οὐκ
1614 1726 1939 1781 ἐκοινώνουν

2040 635 2222 679 tamen
2238 641 2496 696 expresse
2513 641 2622 680 non
2641 625 3173 692 anathematizabat;
3198 626 3296 681 sed
3323 635 3481 681 erant
3505 627 3624 684 haec

2037 717 2204 772 verba
2234 717 2573 789 perscripta:
2610 716 2667 772 Si
2699 718 2815 788 quis
2852 733 3037 771 eorum
3077 718 3167 789 qui
3206 716 3624 774 Chalcedonemi

2036 810 2235 879 synodo
2268 809 2581 879 adfuerunt,
2613 818 2706 861 aut
2742 808 2862 861 aliis
2897 808 3025 862 alibi
3067 810 3212 879 prius
3248 808 3438 863 habitis
3461 849 3474 871 ,
3514 826 3623 863 non

2040 910 2177 953 recte
2225 901 2405 965 sentit,
2451 902 2739 954 anathema
2784 901 2872 953 sit.
2913 899 3029 954 Hoc
3078 900 3300 955 unionis
3349 900 3622 971 scriptum

2037 992 2424 1048 Alexandriam
2453 994 2675 1048 allatum
2702 993 2898 1048 Petrus
2917 994 3148 1064 Mongus
3166 994 3386 1063 recipit,
3408 994 3624 1048 Joanne

2039 1086 2266 1139 Romam
2299 1084 2564 1155 fugiente.
2596 1083 2713 1139 Sub
2737 1084 2959 1139 Zenone
2992 1085 3188 1139 Petrus
3211 1100 3433 1154 quoque
3465 1085 3625 1140 Fullo

2038 1176 2373 1230 auctoritate
2412 1176 2769 1244 imperatoria
2804 1176 2864 1228 fit
2894 1174 3275 1229 Antiochenus
3303 1174 3621 1245 episcopus.

2039 1267 2255 1323 Unione
2286 1267 2451 1332 facta,
2482 1269 2679 1322 Petrus
2707 1266 2851 1337 apud
2886 1265 3293 1321 Alexandrinos
3323 1266 3377 1319 in
3411 1265 3624 1321 honore

2039 1362 2317 1431 praecipuo
2336 1369 2475 1425 erat,
2494 1360 2837 1431 probatoque
2862 1359 3087 1415 unionis
3117 1360 3212 1413 illo
3230 1358 3461 1429 scripto,
3483 1358 3623 1413 solio

2040 1452 2249 1523 potitur
2286 1452 2695 1516 Alexandrino;
2729 1468 2832 1507 nec
2860 1454 2973 1523 jam
3002 1452 3239 1522 amplius
3268 1452 3619 1518 occulte,sed

2040 1546 2219 1616 palam
2251 1554 2373 1599 erat
2401 1545 2713 1615 episcopus.
2744 1542 2978 1611 Quidam
3010 1552 3192 1597 tamen
3228 1543 3402 1598 nimio
3430 1552 3622 1597 contra

2042 1637 2312 1709 synodum
2372 1636 2880 1691 Chalcedonensem
2938 1635 3068 1690 odio
3119 1617 3377 1705 impulsi,
3433 1650 3621 1690 seces-

2043 1730 2253 1785 sionem
2287 1745 2317 1782 a
2346 1729 2509 1783 Petro
2555 1726 2785 1793 faciunt,
2819 1742 2923 1782 nec
2952 1743 3077 1781 cum
3114 1727 3209 1781 illo
3242 1727 3621 1783 communica-

350 1825 527 1897 αὐτῷ,
574 1824 711 1878 διότι
763 1821 1062 1893 δεξάμενος
1112 1820 1173 1874 τὸ
1216 1819 1528 1885 Ἐνωτικδν,
1576 1819 1637 1872 οὐ
1689 1819 1941 1890 φανερῶς

2047 1817 2179 1871 bant
2196 1818 2267 1872 ob
2289 1834 2408 1873 eam
2433 1833 2654 1872 causam
2684 1817 2851 1886 quod,
2888 1817 3109 1871 unionis
3131 1817 3338 1887 scripto
3365 1817 3623 1888 probato,

352 1917 717 1990 ἀνεθεμάτιζε
760 1916 863 1988 τὴν
898 1915 1139 1970 σύνοδον.
1173 1913 1285 1967 Καὶ
1320 1912 1574 1981 ἐλέγοντο
1607 1913 1656 1966 οἱ
1702 1911 1938 1966 τοιοῦτοι

365 2012 680 2082 Ἀκέφαλοι,
713 2011 850 2064 διότι
879 2009 959 2081 τῷ
1002 2007 1325 2079 πατριάρχῃ
1362 2006 1541 2060 αὐτῶν
1592 2006 1667 2077 μὴ
1709 2005 1939 2060 ἀκολου-

354 2107 645 2178 θήσαντες,
672 2104 794 2158 καθ’
826 2103 1058 2166 ἑαυτοὺς
1110 2098 1455 2155 ἐκοινώνουν.
1489 2094 1624 2153 Είτα
1664 2102 1693 2153 6
1731 2100 1939 2169 Πέτρος

354 2199 578 2271 θεωρῶν
605 2199 697 2252 τὸν
723 2198 897 2268 δῆμον
945 2195 1041 2249 ἐπὶ
1083 2194 1221 2247 πολὺ
1252 2192 1604 2264 σχιζόμενον,
1628 2192 1939 2262 ἀναγκάζε-

353 2312 445 2347 ται
477 2291 730 2364 φανερῶς
760 2287 1167 2361 ἁναθεματίσαι
1190 2285 1291 2357 τὴν
1330 2284 1573 2351 σύνοδον,
1601 2285 1696 2338 καὶ
1729 2284 1942 2355 ἐδέχετο

358 2388 462 2459 μέν
490 2387 555 2441 τὸ
589 2384 904 2448 Ἑνωτικὸν,
938 2379 1305 2451 ἁνεθεμάτιξε
1348 2378 1407 2432 δέ
1451 2380 1551 2432 καὶ
1590 2378 1691 2448 τὴν
1722 2376 1942 2430 σύνοδον

356 2480 631 2552 φανερῶς.
662 2478 801 2533 cost
826 2475 1001 2539 οὕτως
1025 2473 1401 2544 ἐκοινώνησαν
1434 2469 1583 2541 αύτῷ
1618 2473 1669 2524 οἱ
1709 2470 1945 2541 Ἀκέφαο

354 2575 462 2639 λοι,
502 2576 586 2628 ὅτι
630 2572 769 2636 ὅλως
804 2569 1029 2635 ἐδέξατο
1078 2566 1140 2633 ἐξ
1193 2565 1373 2639 ἀρχῆς
1413 2563 1476 2619 τδ
1516 2564 1827 2630 Ένωτικδν,
1864 2563 1942 2634 μὴ

356 2661 768 2735 ἀναθεματίσας
799 2659 898 2731 τὴν
929 2657 1169 2712 σύνοδον.

427 2837 533 2892 Τδν
567 2836 625 2890 δέ
671 2836 880 2908 Πέτρον
930 2835 1211 2901 διεδέξατο
1284 2834 1625 2899 Αθανάσιοςο
1659 2836 1757 2889 καὶ
1788 2830 1943 2899 οὗτος

356 2929 648 2999 δεχόμενος
688 2928 751 2981 τὸ
799 2928 1112 2995 Ἐνωτικδν,
1157 2926 1522 2999 ἁνεθεμάτιζε
1559 2929 1658 2999 τὴν
1697 2929 1939 2985 σύνοδον.

358 3021 507 3093 Πλὴν
543 3020 665 3075 ούδέ
713 3020 893 3091 τούτῳ
934 3018 1303 3093 ἐκοινώνησαν
1345 3022 1396 3073 oi
1445 3020 1760 3091 Ἀκέφαλοι,
1805 3023 1943 3077 διότι

355 3116 449 3168 τὸν
480 3113 687 3185 Πέτρον
728 3112 965 3185 ἐδέχετο.
1011 3112 1169 3167 Μετὰ
1208 3113 1268 3167 δέ
1300 3113 1395 3168 τὸν
1436 3114 1763 3169 Ἀθανάσιον
1790 3116 1941 3184 γίνε-

357 3223 449 3261 ται
495 3206 775 3277 Ἰωάννης,
807 3206 906 3260 καὶ
945 3206 1108 3261 πάλιν
1155 3207 1433 3278 Ἰωάννης,
1475 3206 1596 3262 εἶτα
1623 3210 1935 3282 Διόσκορος,
1968 3226 2013 3288 C

362 3301 458 3356 καὶ
478 3296 581 3355 εἷθ’
608 3300 753 3355 οὕτω
797 3300 1085 3371 Τιμόθεος,
1138 3302 1237 3354 καὶ
1276 3295 1423 3356 οὗτοι
1453 3302 1511 3355 δέ
1542 3303 1763 3368 πάντες,
1785 3304 1940 3375 δεχό-

364 3412 517 3466 μενοι
550 3394 649 3467 μὲν
676 3393 736 3448 τὸ
760 3393 1071 3460 Ἐνωτικδν,
1095 3394 1583 3465 ἁναθεματίζοντες
1601 3396 1658 3449 δὲ
1684 3397 1783 3469 τὴν
1812 3398 1940 3451 σύν-

360 3490 501 3543 οδον.
548 3487 941 3550 Ἀποθανόντος
983 3486 1038 3540 δὲ
1098 3489 1345 3559 Ζήνωνος
1374 3487 1469 3541 τοῦ
1510 3488 1796 3559 βασιλέως,
1832 3491 1941 3543 δια-

359 3580 579 3650 δέχεται
613 3578 714 3650 τὴν
744 3578 1020 3647 βασιλείαν
1046 3580 1075 3632 6
1108 3578 1483 3645 Ἀναστάσιος,
1510 3580 1605 3633 κα)⁸
1633 3581 1754 3634 τότε
1781 3580 1942 3634 πλέον

363 3673 560 3744 κρατεί
586 3670 648 3724 τὸ
679 3670 821 3723 κατὰ
871 3670 971 3740 τῆς
1032 3670 1255 3724 συνόδου
1285 3671 1488 3742 δόγμα.
1532 3672 1653 3727 Τῶν
1683 3673 1793 3743 γὰρ
1832 3674 1945 3727 δια-

361 3764 702 3836 κρινομένων
752 3758 821 3835 ἦν
864 3764 893 3816 6
934 3764 1312 3829 Ἀναστάσιος,
1348 3765 1435 3835 ἐφ’
1477 3759 1538 3819 οὗ
1572 3766 1665 3819 καὶ
1704 3766 1943 3837 Σεὸῆρος

362 3856 572 3926 γίνεται
604 3857 663 3910 ἐν
702 3854 1010 3927 Ἀντιοχείᾳ
1058 3855 1379 3920 ἐπίσκοπος,
1430 3856 1499 3910 τὰ
1550 3856 1689 3911 αὐτὰ
1731 3858 1944 3928 φρονῶν

361 3948 615 4020 Τιμοθέῳ
643 3947 723 4019 τῷ
756 3947 1194 4018 Ἀλεξανδρείας.
1239 3946 1631 4012 Ἀποθανόντος
1683 3949 1741 4003 δέ
1786 3950 1943 4007 Ἀνα-

363 4041 613 4104 στασὶου,
652 4040 869 4109 γίνεται
901 4038 1158 4110 βασιλεὺς
1201 4039 1485 4103 Ἰουστῖνος
1524 4042 1553 4093 6
1580 4040 1817 4111 πρῶτος,
1849 4042 1945 4095 καὶ

362 4134 440 4196 ὡς
476 4132 617 4203 μετὰ
649 4131 748 4185 ἕνα
775 4132 950 4203 ἥμισυ
998 4130 1266 4196 ἐνιαυτὸν,
1299 4132 1503 4197 εὐθέως
1544 4132 1943 4197 Ἰουστινιανός.

362 4225 567 4278 Τούτου
593 4224 650 4278 δὲ
685 4223 1128 4294 βασιλεύσαντος,
1169 4226 1265 4278 καὶ
1308 4224 1418 4279 τῶν
1450 4226 1742 4280 συνοδιτῶν
1771 4227 1944 4293 ὄντος,

363 4315 627 4387 φοϐηθεὶς
688 4317 718 4368 6
764 4316 1008 4387 Σεὸἦρος
1041 4355 1057 4380 ,
1114 4318 1309 4386 φεύγει
1358 4319 1441 4381 είς
1512 4318 1945 4391 Ἀλεξάνδρειαν,

365 4409 505 4479 ἔχων
531 4408 653 4478 μεθ’
676 4407 872 4461 ἐαυτοῦ
902 4405 1187 4461 Ἰουλιανόν
1213 4426 1334 4464 τινα
1355 4408 1658 4463 ἐπίσκοπον
1692 4409 1947 4482 Ἀλικαρ-

365 4494 755 4556 νασσοῦ.οῦτοι
767 4500 1033 4565 ἐλθόντες,
1051 4500 1375 4565 ἐκαθέζοντο
1391 4502 1471 4564 είς
1498 4501 1559 4555 τὸ
1575 4502 1835 4557 Ἔννατον
1847 4503 1947 4573 (g).

2044 1909 2316 1981 synodum
2353 1910 2703 1963 anathemate
2753 1907 3049 1962 manifesto
3090 1923 3203 1961 non
3234 1908 3429 1963 fuisset
3462 1923 3625 1962 exsc-

2043 2008 2247 2053 cratus.
2281 2000 2460 2068 Atque
2505 1998 2561 2051 hi
2608 1997 2952 2052 vocabantur
2986 1998 3252 2067 Acephali
3296 1998 3498 2069 (capite
3532 2014 3620 2053 cn-

2044 2095 2292 2159 rentes),
2341 2089 2488 2159 quod
2532 2089 2901 2159 patriarcham
2940 2104 3102 2143 suum
3142 2090 3370 2144 minime
3407 2092 3623 2155 secuti,

2040 2198 2289 2239 seorsum
2319 2183 2813 2238 communicarent.
2846 2182 2983 2238 llinc
3007 2183 3222 2247 Petrus,
3244 2186 3337 2253 qui
3361 2184 3627 2253 populum

2044 2277 2425 2347 multipliciter
2450 2275 2627 2331 scindi
2654 2276 2889 2338 videret,
2912 2276 3131 2331 tandem
3157 2277 3333 2347 palam
3355 2277 3625 2349 synodum

2045 2370 2517 2423 anathematizare
2553 2368 2802 2439 cogitur:
2840 2385 2952 2439 quo
3000 2368 3185 2435 ﬁebat,
3230 2378 3293 2424 ut
3330 2371 3539 2440 pariter
3572 2379 3630 2424 et

2044 2461 2268 2515 unionis
2319 2461 2586 2531 scriptum
2625 2462 2921 2529 reciperet,
2966 2470 3022 2516 et
3058 2462 3238 2531 palam
3286 2463 3627 2519 anathemati

2044 2554 2315 2625 synodum
2346 2553 2664 2624 subjiceret.
2696 2554 2898 2607 Verum
2924 2570 2995 2607 ne
3014 2554 3094 2609 sic
3117 2555 3342 2625 quidem
3364 2555 3627 2627 Acephali

2044 2662 2169 2701 cum
2216 2662 2283 2700 eo
2331 2646 2845 2711 communicabant,
2896 2647 2990 2716 qui
3037 2647 3108 2701 ab
3156 2649 3315 2703 initio
3360 2650 3628 2721 scriptum

2048 2738 2275 2792 unionis
2308 2740 2691 2808 approbasset,
2726 2754 2835 2793 non
2868 2738 3329 2794 anathematizata
3356 2742 3591 2813 synodo.

2119 2832 2209 2885 lll.
2279 2830 2442 2885 Petro
2506 2830 2776 2885 successit
2838 2830 3207 2896 Athanasius,
3264 2833 3359 2903 qui
3417 2834 3630 2905 scripto

2047 2924 2271 2980 unionis
2295 2930 2572 2992 suscepto,
2602 2922 2938 2978 anathemati
2969 2923 3241 2993 synodum
3272 2925 3625 2995 subjiciebat.

2044 3019 2247 3072 Verum
2280 3032 2382 3071 nec
2412 3032 2535 3069 cum
2564 3016 2656 3069 illo
2679 3015 3162 3070 communicabant
3186 3016 3473 3085 Acephali.
3498 3017 3628 3087 quia

2046 3110 2266 3163 Petrum
2297 3109 2591 3177 reciperet.
2625 3108 2755 3163 Post
2783 3107 3143 3162 Athanasium
3170 3108 3409 3164 Joannes
3432 3107 3627 3179 ﬁtepi-

2046 3216 2267 3271 scopus,
2291 3207 2347 3255 et
2383 3215 2603 3254 rursum
2643 3198 2885 3253 Joannes
2934 3200 3094 3265 alter,
3128 3198 3255 3254 inde
3306 3200 3626 3265 Dioscorus.

2046 3304 2103 3349 et
2135 3292 2354 3347 tandem
2387 3292 2733 3346 Timotheus.
2766 3292 2831 3346 Hi
2862 3306 3056 3348 omnes
3088 3292 3310 3346 unionis
3358 3293 3628 3363 scriptum

2049 3380 2413 3451 recipiebant,
2440 3389 2493 3434 et
2522 3380 2789 3451 synodum
2823 3382 3379 3436 anathematizabant.
3407 3383 3630 3439 Zenone

2048 3489 2179 3527 vero
2231 3473 2480 3543 principe
2516 3481 2759 3537 mortuo,
2791 3472 3110 3528 Anastasius
3142 3473 3197 3527 in
3236 3473 3470 3543 imperio
3507 3488 3632 3529 suc-

2047 3566 2214 3627 cedit,
2240 3580 2359 3634 quo
2380 3572 2627 3633 tempore
2655 3564 2851 3634 dogma
2872 3564 3082 3635 synodo
3110 3563 3451 3619 contrarium
3480 3565 3631 3620 vires

2050 3657 2285 3725 majores
2311 3655 2654 3725 acquirebat.
2674 3655 2805 3709 Erat
2826 3656 2973 3709 enim
3002 3655 3325 3710 Anastasius
3344 3671 3411 3710 ex
3436 3671 3631 3711 eorum

2051 3762 2288 3800 numero
2317 3747 2410 3816 qui
2454 3746 2782 3800 llaasitantes
2828 3747 3203 3801 vocabantur:
3256 3746 3361 3802 sub
3411 3764 3523 3818 quo
3574 3756 3634 3803 et

2052 3840 2289 3895 Severus
2339 3839 2633 3909 episcopus
2684 3839 3065 3894 Autiochenus
3110 3838 3461 3911 designatur,
3503 3827 3630 3896 cum

2050 3930 2422 3986 Alexandrino
2448 3929 2740 3985 Timotheo
2762 3930 3135 3986 consentiens.
3156 3931 3449 3988 Anastasio
3466 3932 3634 3989 rebus

2051 4025 2309 4081 humanis
2332 4033 2610 4093 exempto,
2653 4022 2905 4079 Justinus
2936 4023 3090 4093 prior
3130 4023 3365 4094 imperio
3393 4024 3632 4095 potitur,

2052 4134 2116 4173 ac
2140 4126 2265 4188 post
2299 4131 2505 4171 annum
2535 4122 2593 4169 et
2625 4115 2919 4170 dimidium
2955 4130 3080 4169 mox
3110 4115 3461 4171 Justinianus
3500 4132 3631 4171 suc-

2054 4210 2221 4265 cedit.
2254 4209 2334 4264 Eo
2378 4223 2564 4263 rerum
2609 4207 2804 4278 potito,
2840 4206 2935 4276 qui
2968 4207 3277 4279 synoditam
3315 4223 3374 4263 se
3407 4208 3637 4279 proﬁte-

2055 4310 2226 4367 retur,
2264 4299 2507 4355 Severus
2540 4310 2690 4353 metu
2733 4298 3037 4367 impulsus,
3078 4297 3467 4353 Alexandriam
3504 4315 3637 4369 pro-

2055 4392 2216 4463 fugit,
2260 4391 2539 4447 Julianum
2584 4389 2879 4459 quemdam
2928 4388 3470 4445 Halicarnassensem
3516 4391 3637 4460 epi-

2055 4496 2283 4551 scopum
2313 4494 2503 4535 secum
2526 4478 2823 4533 abducens.
2848 4479 3212 4548 Posteaquam
3238 4494 3305 4535 eo
3330 4480 3631 4544 venissent,

366 4594 477 4648 Καί
525 4611 658 4648 ποτε
708 4594 869 4663 λόγου
914 4592 1232 4663 κινηθέντος
1268 4592 1474 4662 μεταξὺ
1509 4594 1709 4657 αὐτῶν,
1742 4570 1943 4665 ἠμφισ-

2056 4572 2325 4627 sedebant
2340 4572 2409 4625 ad
2432 4571 2730 4632 Ennatum,
2755 4579 2811 4624 et
2831 4579 2978 4624 mota
2999 4570 3145 4625 inter
3164 4571 3314 4640 ipsos
3333 4570 3632 4640 aliquando

365 4687 568 4759 δήτουν
615 4688 747 4758 περὶ
799 4684 1045 4755 φθαρτοῦ
1092 4686 1189 4739 καὶ
1217 4685 1501 4757 ἀφθάρτου
1530 4685 1630 4756 (Ιι),
1661 4687 1709 4739 εί
1740 4687 1851 4757 ἄρα
1888 4687 1951 4739 τὸ

368 4778 530 4849 σῶμα
554 4777 651 4831 τοῦ
682 4776 919 4850 Χριστοῦ
950 4774 1056 4846 πρὸ
1076 4774 1177 4846 τῆς
1200 4776 1553 4838 ἀναστάσεως
1580 4774 1746 4829 αὑτοῦ
1778 4775 1951 4847 φθαρ-

365 4870 457 4924 τδν
498 4865 659 4941 ἦν,ἢ
713 4868 1013 4939 ἄφθαρτον.
1060 4868 1119 4922 '0
1166 4867 1269 4938 μὲν
1326 4866 1437 4939 γὰρ
1481 4866 1767 4932 Ἰουλιανὸς
1818 4884 1953 4921 κατ-

368 4960 679 5017 ακολουθῶν
708 4963 775 5032 τῇ
796 4959 999 5031 ἀρχαίᾳ
1017 4958 1163 5029 δόξῃ,
1193 4957 1379 5027 ἔλεγεν
1410 4959 1492 5012 ὅτι
1524 4958 1800 5030 ἄφθαρτόν
1830 4961 1948 5013 ἐστι

366 5053 429 5106 τὸ
485 5051 647 5123 σῶμα
691 5051 789 5105 τοῦ
834 5050 1111 5122 Χριστοῦ·
1157 5050 1207 5102 εί
1254 5050 1329 5121 μὴ
1371 5049 1480 5121 γὰρ
1527 5051 1775 5121 εἴπωμεν
1813 5051 1950 5106 αὐτὸ

368 5145 671 5217 ἄφθαρτον,
702 5145 840 5199 ἀλλὰ
885 5142 1149 5215 φθαρτὸν,
1180 5142 1447 5213 διαφορὰν
1488 5144 1780 5214 εἰσάγομεν
1814 5141 1951 5213 πρὸς

367 5237 459 5293 τὸν
487 5238 659 5307 Λόγον
688 5237 783 5291 τοῦ
821 5236 980 5291 Θεοῦ.
1030 5236 1308 5306 Διαφορᾶς
1345 5234 1403 5288 δὲ
1442 5235 1827 5305 εἰσαγομένης,
1858 5233 1952 5287 δύο

368 5331 564 5399 φύσεις
608 5332 955 5402 εὑρίσκονται
991 5330 1049 5383 ἐν
1077 5328 1158 5399 τῷ
1183 5327 1424 5399 Χριστῷ.
1453 5328 1563 5383 Καὶ
1608 5328 1663 5382 τί
1702 5328 1950 5398 ἀκαίρως

372 5424 662 5495 μαχόμεθα
689 5426 756 5496 τῇ
793 5423 1031 5494 συνόδῳ;
1066 5423 1211 5494 Πρὸς
1227 5421 1399 5477 ταῦτα
1425 5424 1613 5492 ἔλεγεν
1634 5424 1662 5476 6
1688 5422 1949 5494 Σεσῆρος,

440 5583 517 5655 (9)
540 5585 644 5651 εις
667 5585 735 5661 τὸ
756 5588 1031 5642 ἔννατον·
1060 5585 1277 5661 Videjis
1311 5600 1433 5661 quae
1462 5582 1725 5661 severius
1745 5596 1800 5661 t9.-
1822 5579 1945 5661 εδει

369 5652 589 5720 not—{eq
650 5658 1011 5713 observamus
1056 5673 1123 5713 ex
1176 5652 1540 5724 Wesselingio
1591 5653 1660 5708 ad
1704 5652 1946 5724 Liberati

371 5726 760 5799 Breviarium,
798 5742 919 5799 cap.
971 5727 1308 5799 19.AQuibus
1347 5721 1518 5799 ad_das
1544 5725 1866 5799 vglim__quae
1892 5721 1949 5775 in

372 5796 523 5851 hunc
543 5792 731 5853 locum
750 5792 1037 5854 adnotavit
1060 5792 1369 5855 Gotelerius
1395 5794 1536 5851 Eccl.
1576 5793 1669 5851 Gr.
1689 5792 1947 5858 Monum,

375 5876 513 5923 tom.
540 5866 581 5933 l,
618 5884 739 5940 pag.
768 5869 869 5925 809
898 5885 947 5924 c.

2052 4663 2358 4733 quastione
2407 4661 2477 4716 de
2515 4659 2864 4730 corruptibili
2899 4669 2955 4713 et
2989 4659 3425 4729 incorruptibili,
3455 4659 3632 4715 ambi-

2054 4755 2254 4826 gebant
2304 4767 2437 4807 num
2473 4752 2687 4807 scilicet
2718 4750 2923 4806 Christi
2960 4765 3161 4820 corpus
3205 4759 3331 4805 ante
3381 4766 3632 4805 resurre-

2054 4856 2294 4910 ctionem
2322 4854 2443 4925 eius
2471 4851 2835 4922 corruptibile
2866 4850 3056 4912 fuerit,
3092 4865 3160 4903 an
3187 4842 3631 4913 incorruptibile.

2054 4948 2308 5004 Julianus
2334 4945 2506 5009 enim,
2541 4945 2803 5000 insistens
2843 4942 3092 5014 Opinioni
3126 4939 3392 5011 pristinae,
3428 4935 3635 4991 Christi

2057 5063 2260 5119 corpus
2291 5061 2413 5101 esse
2442 5044 2662 5100 dicebat
2694 5042 3148 5113 incorruptibile:
3182 5038 3388 5110 quippe
3432 5035 3476 5091 si
3521 5050 3635 5089 non

2059 5138 2505 5211 incorruptibile,
2537 5137 2632 5193 sed
2677 5134 3038 5206 corruptibile
3067 5132 3394 5196 dixerimus,
3430 5128 3636 5199 inquit,

2056 5235 2205 5289 inter
2239 5248 2443 5303 corpus
2470 5239 2527 5287 et
2553 5229 2878 5286 Sermonem
2918 5227 3015 5282 Dei
3045 5225 3346 5281 discrimen
3376 5220 3636 5279 introdu-

2006 5314 2009 5317 ’
2058 5327 2254 5381 cimus.
2297 5324 2368 5379 At
2395 5338 2529 5378 vero
2564 5322 2609 5377 si
2653 5321 2953 5376 discrimen
2987 5318 3381 5379 constituatur,
3417 5308 3541 5369 dua:
3581 5310 3637 5365 in

2056 5419 2280 5475 Christo
2310 5423 2521 5470 natura:
2548 5413 2925 5485 reperiuntur.
2959 5411 3026 5467 Et
3054 5426 3155 5466 cur
3180 5419 3289 5465 tam
3320 5408 3637 5477 importune

2127 5578 2201 5649 (It)
2228 5576 2660 5700 "Spl‘faaptO‘t-J
2710 5576 2810 5626 καὶ
2855 5576 3178 5641 ἀφθάρτου.
3237 5576 3546 5625 Cotelerius
3579 5576 3632 5617 In

2059 5647 2205 5702 Eccl.
2234 5647 2329 5703 Gr.
2414 5642 2857 5715 onum.,tom._l,
2903 5658 3027 5712 pag.
3059 5640 3161 5695 787
3200 5654 3354 5715 seqq.
3395 5652 3474 5715 ex
3518 5634 3632 5715 En.-

2059 5717 2251 5791 thymii
2279 5716 2555 5791 P_an_oplia‘
2579 5706 2765 5770 Graeca
2788 5706 3154 5791 [ragine'ntum
3192 5706 3364 5767 refert.
3391 5706 3632 5770 Leontii,

2058 5782 2206 5859 qu'od
2237 5786 2367 5849 huic
2389 5782 2511 5841 loco
2542 5786 2719 5840 lucem
2747 5782 2943 5839 afferre
2973 5782 3166 5853 possit.
3628 5806 3629 5809 η

2442 5573 2660 5641 θαρτοῦ
2710 5570 2810 5626 καὶ
2855 5571 3178 5641 ἀφθάρτου.
3237 5565 3560 5641 Cotelerius
3579 5563 3633 5617 in
