4068 6540
405 461 537 529 1231

1663 452 1966 514 LEONTII
2004 448 2411 512 BYZANTINI

3539 453 3674 522 1232

400 575 672 650 synodum
713 572 1138 645 oppugnamus?
1170 570 1248 626 Ad
1285 585 1348 625 ea
1385 583 1655 624 severus:
1711 580 1871 636 posse
1920 579 1979 619 se

2088 563 2166 616 δτι
2204 563 2427 617 δύναται
2474 562 2569 617 καλ⁸
2599 563 2876 637 ἄφθαρτον
2906 565 3086 619 είπεῖν
3123 564 3183 619 τὸ
3210 565 3370 639 σῶμα
3413 570 3507 624 τοῦ
3539 573 3673 646 Χρι-

400 669 612 741 pariter
643 676 701 723 et
738 664 948 722 Christi
993 679 1198 734 corpus
1231 660 1658 730 incorruptibile
1687 659 1893 722 dicere,
1930 665 1986 710 et

399 759 700 815 discrimen
721 757 1093 820 constituere;
1127 764 1186 810 et
1222 753 1588 808 nihilominus
1621 748 1864 805 unamei
1891 748 1988 804 tri-

401 853 578 908 buere
617 859 897 906 naturam.

469 946 560 1000 ιν.
587 944 778 1014 Itaque
803 942 858 996 hi
883 940 1223 996 contendere
1249 938 1394 993 inter
1415 952 1475 992 se
1502 952 1612 992 non
1630 934 1982 998 desmebant,

399 1034 672 1104 librisque
725 1049 840 1088 rem
894 1030 1176 1103 prosequi.
1223 1028 1549 1083 Timotheus
1595 1036 1779 1080 autem
1821 1025 1986 1078 modo

402 1127 554 1192 huic,
586 1127 749 1182 modo
786 1125 866 1180 illi
912 1123 1404 1196 patrocinabatur:
1455 1135 1694 1189 cumque
1746 1119 1986 1187 impera.

403 1229 576 1273 torem
599 1218 853 1272 aditurus
871 1223 1036 1281 esset,
1055 1215 1271 1270 vivendi
1302 1214 1465 1268 linem
1493 1212 1624 1267 fecit
1647 1227 1663 1278 ;
1689 1210 1988 1266 arcessitus

401 1311 550 1366 enim
585 1326 614 1364 a
653 1309 903 1380 principe
943 1308 1144 1373 fuerat,
1185 1308 1272 1361 vel
1316 1321 1673 1376 persuasuro,
1715 1304 1986 1376 synoditis

411 1401 491 1455 uti
529 1416 586 1456 se
615 1401 976 1471 conjungeret
1001 1439 1016 1464 ,
1057 1400 1144 1452 vel
1174 1398 1454 1451 hominem
1481 1397 1551 1451 ab
1585 1395 1764 1451 olIicio
1803 1411 1987 1450 remo-

403 1502 550 1548 turo.
584 1493 755 1548 Erant
786 1493 838 1546 id
863 1492 1128 1562 temporis
1157 1491 1259 1545 viri
1291 1491 1424 1556 duo,
1455 1488 1698 1545 Gaianus
1726 1497 1782 1545 et
1807 1488 1988 1544 Theo-

402 1587 621 1641 dosius:
646 1586 738 1640 ille
768 1585 992 1654 quidem
1017 1584 1445 1638 archidiaconus
1471 1581 1774 1647 Timothei,
1805 1581 1988 1636 Theo-

402 1677 592 1733 dosius
638 1692 774 1732 vero
837 1677 1077 1746 scriptor
1126 1676 1462 1731 orationum.
1523 1675 1714 1745 Itaque
1765 1686 1986 1732 mortuo

404 1770 719 1836 Timotheo,
757 1770 940 1824 clerus
993 1778 1051 1824 et
1099 1769 1257 1823 urbis
1292 1769 1557 1838 primates
1607 1755 1986 1824 Theddosium

402 1863 680 1934 suffragiis
723 1863 839 1917 suis
887 1861 1209 1932 episc0pum
1245 1861 1474 1932 legunt:
1528 1876 1640 1932 quo
1673 1861 1980 1933 designato,

401 1956 558 2027 plebs
590 1957 857 2026 ingressa,
907 1971 1034 2010 cum
1080 1955 1136 2010 in
1176 1955 1316 2010 solio
1347 1954 1635 2010 sedentem
1666 1955 1984 2025 conspexis-

401 2055 506 2111 set,
528 2061 700 2118 usque
716 2047 854 2102 adeo
875 2047 1157 2118 indignata
1179 2056 1263 2102 est
1279 2047 1424 2116 quod
1448 2047 1731 2102 hominem
1749 2047 1979 2116 odisset,

403 2146 464 2190 ut
482 2152 609 2191 mox
634 2153 760 2192 eum
785 2137 1008 2207 quidam
1039 2154 1070 2192 e
1101 2139 1301 2193 throno
1319 2138 1612 2209 dejiceret:
1643 2150 1984 2211 quapropter

402 2228 719 2300 aufugiente
753 2229 1090 2296 Theodosio,
1115 2230 1361 2286 Gaianus
1390 2232 1563 2302 ipsius
1591 2233 1714 2288 loco
1742 2248 1841 2303 per
1869 2234 1981 2287 vim

408 2317 588 2374 factus
629 2327 713 2374 est
745 2320 1060 2390 episcopus.
1091 2320 1158 2375 Et
1207 2322 1513 2376 incolarum
1561 2323 1715 2378 urbis
1760 2338 1983 2393 quoque

404 2418 607 2466 secuta:
652 2421 781 2466 sunt
823 2412 1138 2478 factiones;
1177 2414 1381 2484 quippe
1435 2425 1714 2485 magnates
1749 2416 1906 2471 urbis
1951 2431 1982 2470 a

403 2501 715 2558 Theodosio
745 2503 986 2571 stabant,
1008 2506 1164 2576 plebs
1193 2521 1221 2559 a
1250 2505 1491 2562 Gaiano:
1524 2517 1863 2578 quapropter
1890 2523 1983 2562 ac-

403 2593 558 2661 cidit,
591 2610 702 2650 non
727 2597 906 2651 solum
937 2605 1000 2650 ut
1033 2596 1320 2651 hominum
1347 2596 1683 2652 factionibus
1709 2597 1843 2652 urbs
1867 2605 1983 2652 tota

402 2689 824 2756 distraheretur,
870 2689 965 2744 sed
997 2689 1164 2744 etiam
1205 2690 1516 2746 sententiis.
1553 2691 1692 2745 Nam
1740 2689 1982 2746 Gaianus

401 2782 606 2839 Juliani
638 2783 966 2839 sententiam
1013 2781 1346 2849 sectabatur,
1384 2783 1571 2838 Severi
1610 2781 1976 2838 Theodosius.

472 2963 537 3018 ν.
570 2963 871 3033 Imperator
899 2970 1084 3018 autem
1106 2962 1469 3026 Justinianus,
1503 2961 1708 3017 auditis
1731 2977 1854 3033 quas
1880 2961 1982 3018 fie-

403 3065 543 3122 rent,
586 3056 816 3112 Narsem
851 3056 1088 3127 ablegat,
1123 3055 1474 3127 cogniturum
1512 3065 1636 3110 uter
1671 3070 1740 3109 ex
1787 3055 1982 3110 ambo-

401 3147 507 3203 bus
547 3162 670 3202 esse
717 3147 944 3202 deberet
991 3147 1304 3218 episcopus.
1341 3147 1544 3202 Narses
1593 3145 1982 3201 Alexandriam

2093 651 2255 715 στοῦ,
2299 655 2393 707 καὶ
2449 653 2714 724 διαφορὰν
2764 655 3123 723 εἰσαγαγεῖν,
3171 656 3268 710 καὶ
3332 659 3466 728 μίαν
3507 662 3671 730 φύσιν

2090 743 2289 796 εἰπεῖν.

2165 922 2431 991 Ἔμειναν
2462 921 2557 975 οὖν
2583 916 2730 976 οὗτοι
2764 923 3068 994 μαχόμενοι
3103 925 3243 994 πρὸς
3275 926 3549 1000 ἀλλήλους
3581 935 3669 986 xa‘.

2088 1015 2452 1085 ἐκτιθέμενοι.
2495 1016 2554 1069 '0
2588 1015 2646 1069 δὲ
2681 1015 2975 1088 Τιμόθεος,
3008 1017 3146 1072 ποτὲ
3200 1019 3303 1090 μὲν
3348 1021 3550 1093 τούτῳ,
3578 1043 3674 1078 πο-

2087 1109 2148 1162 τὲ
2193 1109 2250 1163 δὲ
2289 1109 2482 1180 ἐκείνῳ
2520 1109 2824 1181 συνήγορος
2863 1103 2968 1182 ἦν’
3001 1110 3216 1182 μέλλων
3260 1113 3318 1167 δὲ
3349 1116 3378 1169 6
3410 1116 3674 1187 Τιμόθεος

2091 1201 2335 1256 συνιέναι
2378 1202 2518 1275 πρὸς
2568 1203 2660 1256 τὸν
2694 1203 2948 1274 βασιλέα,
2981 1205 3214 1278 τελευτᾷ
3238 1223 3253 1239 ο
3286 1210 3676 1278 μετεστείλατο

2089 1295 2198 1367 γὰρ
2242 1293 2428 1360 αὐτὸν,
2479 1295 2782 1368 όφείλωνῆ
2826 1300 3015 1353 πεῖσαι
3058 1299 3318 1368 γενέσθαι
3366 1303 3672 1377 συνοδίτην,

2088 1386 2121 1457 ἢ
2155 1386 2407 1440 καθελεῖν
2436 1387 2624 1444 αὐτόν.
2657 1385 2839 1443 *Ησαν
2876 1390 2935 1443 δὲ
2965 1391 3090 1444 τότε
3125 1390 3220 1445 δύο
3253 1391 3470 1464 ἄνδρες,
3503 1395 3673 1451 Γαῖα-

2088 1478 2180 1542 νὸς
2230 1478 2328 1532 καὶ
2380 1477 2704 1545 Θεοδόσιος,
2757 1480 2786 1532 6
2855 1481 2954 1552 μὲν
3013 1481 3246 1546 Γαῖανδς
3296 1483 3675 1554 ἀρχιδιάκονος

2087 1569 2383 1641 Τιμοθέου,
2412 1573 2441 1625 ό
2470 1572 2528 1626 δὲ
2557 1571 2838 1637 Θεοδόσιος
2867 1573 3230 1646 λογογράφος.
3281 1575 3675 1645 ’Δποθανόντος

2087 1657 2181 1716 οὖν
2213 1663 2508 1734 Τιμοθέου,
2547 1666 2854 1735 χειροτονεῖ
2883 1666 2912 1717 6
2944 1665 3170 1738 κλῆρος,
3221 1669 3318 1722 καὶ
3355 1670 3409 1723 οι
3468 1671 3674 1743 πρῶτοι

2086 1755 2186 1827 τῆς
2217 1757 2448 1823 πόλεως,
2479 1757 2760 1811 Θεοδόσιον
2806 1757 3133 1814 ἐπίσκοπον.
3181 1760 3391 1815 Τούτου
3427 1782 3674 1836 χειροτο-

2089 1849 2364 1921 νηθέντος,
2425 1849 2686 1903 εἰσελθὼν
2732 1853 2760 1904 6
2800 1851 2996 1923 δῆμος,
3043 1853 3142 1907 καὶ
3181 1855 3451 1927 ἑωρακὼς
3508 1859 3670 1912 αὑτὸν

2089 1944 2183 1996 ἐπὶ
2231 1942 2328 1996 τοῦ
2392 1941 2586 2015 θρόνου
2630 1943 3024 2015 καθεζόμενον,
3065 1945 3244 2010 οὓτως
3288 1949 3669 2021 ἠγανάκτησεν

2093 2035 2341 2107 (ἐμίσουν
2375 2036 2483 2106 γὰρ
2517 2033 2726 2106 αὑτὸν),
2759 2036 2899 2090 ὥστε
2925 2038 3131 2103 εὐθέως
3162 2059 3248 2104 τις
3281 2042 3385 2096 ἀπὸ
3417 2043 3511 2097 τοῦ
3545 2044 3672 2112 θρόο

2091 2145 2181 2183 νου
2205 2129 2431 2201 ἔρριψεν
2457 2131 2640 2185 αὐτόν.
2656 2131 2771 2183 ’Καὶ
2793 2132 2820 2183 ό
2846 2139 2944 2200 μέν
2969 2131 3251 2196 Θεοδόσιος
3278 2133 3445 2203 ἔφυγε
3466 2155 3478 2168 ·
3502 2137 3671 2190 Γαῖα-

2091 2222 2179 2282 νδς
2221 2221 2280 2275 δὲ
2327 2222 2418 2294 βία
2460 2223 2679 2292 ἐγένετο
2714 2224 2830 2277 ἀντ’
2866 2225 3034 2278 αὐτοῦ
3083 2229 3407 2292 ἐπίσκοπος.
3459 2230 3672 2284 Συναπ-

2091 2315 2328 2386 έστησαν
2376 2315 2433 2369 δὲ
2472 2316 2570 2370 καὶ
2601 2319 2718 2379 τοῖς
2751 2315 3090 2388 προσώποις,
3125 2319 3174 2372 oi
3219 2320 3321 2390 τῆς
3351 2321 3593 2386 πόλεως·
3624 2325 3672 2376 oi

2093 2406 2194 2477 μὲν
2223 2406 2334 2478 γὰρ
2372 2407 2602 2479 μεγάλοι
2638 2409 2741 2477 τῆς
2771 2408 2981 2473 πόλεως
3018 2405 3161 2481 ἦσαν
3197 2413 3338 2482 μετὰ
3365 2412 3672 2482 Θεοδοσίου,

2091 2499 2120 2551 6
2151 2497 2210 2551 δὲ
2243 2499 2414 2569 δῆμος
2452 2500 2593 2570 μετά
2619 2500 2884 2554 Γαῖανοῦ”
2916 2503 3118 2574 συνέϐη
3153 2499 3248 2557 οὖν
3277 2506 3339 2558 οὐ
3377 2507 3542 2577 μόνον
3564 2511 3674 2570 τοῖς

2090 2588 2412 2661 προσώποις
2468 2593 2957 2664 συναπορῤαγῆναι
3015 2595 3114 2667 τὴν
3161 2596 3338 2665 πόλιν,
3383 2598 3524 2653 ἀλλὰ
3581 2601 3671 2653 καὶ

2089 2685 2202 2745 τοῖς
2228 2682 2516 2754 δόγμασιν.
2552 2685 2612 2737 '0
2647 2685 2748 2755 μὲν
2790 2685 2900 2757 γὰρ
2931 2686 3155 2751 Γαῖανδς
3180 2688 3256 2758 τῷ
3283 2689 3520 2761 δόγματι
3541 2691 3670 2758 ἡκο-

2089 2773 2274 2828 λούθει
2320 2774 2635 2843 Ἰουλιανοῦ,
2660 2777 2688 2830 6
2727 2777 2785 2831 δὲ
2815 2778 3098 2845 Θεοδόσιος
3127 2779 3206 2852 τῷ
3240 2781 3478 2854 δόγματι
3503 2784 3668 2856 Σεὸή-

2093 2882 2210 2938 ρου.

2174 2959 2441 3026 Ἀκούσας
2491 2962 2550 3017 δὲ
2609 2961 2677 3016 τὰ
2728 2967 2992 3034 γινόμενα
3053 2965 3436 3032 ’1ουστινιανὺς
3491 2968 3520 3022 6
3573 2967 3670 3040 βα-

2091 3053 2308 3120 σιλεὺς,
2370 3054 2582 3126 πέμπει
2617 3056 2708 3109 τὸν
2738 3055 2984 3128 Νάρσην,
3020 3058 3306 3128 ὀφείλοντα
3340 3061 3553 3130 μαθεῖν,
3587 3063 3669 3125 τίς

2089 3146 2154 3199 ὲκ
2198 3145 2310 3200 τῶν
2353 3146 2448 3200 δύο
2491 3147 2697 3217 ὀφείλει
2734 3145 2877 3203 εἶναι
2905 3151 3228 3216 ἐπίσκοπος.
3267 3153 3326 3207 '0
3354 3153 3410 3208 δὲ
3441 3154 3668 3227 Νάρσης

401 3239 702 3310 profectus,
732 3255 857 3295 cum
891 3248 1016 3295 uter
1047 3240 1333 3295 amborum
1368 3240 1523 3310 prior
1561 3239 1740 3296 factus
1785 3238 1982 3295 fuisset

2088 3235 2262 3294 ἐλθὼν
2283 3277 2299 3304 ,
2350 3239 2450 3293 καὶ
2482 3239 2789 3311 ἐρωτήσας,
2824 3241 2910 3306 τίς
2940 3244 3007 3297 ὲκ
3036 3245 3146 3298 τῶν
3175 3244 3270 3298 δύο
3304 3246 3422 3299 ἐστὶ
3451 3246 3669 3318 πρῶτος

400 3333 712 3403 episcopus,
738 3333 1168 3404 interrogasset,
1201 3332 1367 3402 idque
1388 3331 1456 3387 de
1479 3331 1794 3386 Theodosio
1827 3347 1977 3387 com-

401 3427 657 3500 perisset,
694 3426 961 3482 Gaianum
993 3425 1216 3496 quidem
1259 3425 1314 3480 in
1358 3425 1614 3481 exsilium
1658 3426 1847 3492 misit,
1885 3425 1982 3496 qui

402 3518 472 3573 ab
503 3533 571 3573 eo
599 3526 846 3588 tempore
879 3517 936 3572 in
967 3517 1302 3574 hodiernum
1330 3533 1503 3588 usque
1533 3517 1682 3572 diem
1710 3517 1978 3574 evanuit:

400 3608 773 3664 Theodosium
806 3625 940 3665 vero
975 3609 1031 3664 in
1064 3608 1266 3665 solium
1308 3609 1622 3665 collocavit.
1661 3609 1776 3666 Nec
1807 3610 1983 3665 multo

398 3702 605 3773 elapso
633 3710 900 3771 tempore,
940 3701 1110 3755 mittit
1135 3700 1498 3767 Justinianus,
1523 3715 1588 3755 ac
1607 3699 1981 3758 Theodosium

397 3810 618 3865 quoque
643 3803 924 3861 removet;
951 3793 1116 3864 eique
1140 3793 1466 3865 Byzantium
1498 3793 1810 3865 deportato,
1839 3794 1982 3850 Pau-

396 3885 513 3940 lum
564 3885 857 3956 subrogat,
907 3884 1002 3956 qui
1051 3887 1384 3940 sententiam
1440 3885 1636 3958 synodi
1681 3886 1984 3956 amplecte-

398 3977 587 4033 batur.
621 3977 673 4032 Is
706 3977 910 4034 deinde
944 3986 1191 4033 remotus
1221 3977 1344 4042 fuit,
1375 3988 1602 4049 propter
1622 3979 1983 4049 approbatam

403 4071 631 4127 caedem.
660 4071 836 4127 Paulo
869 4070 1107 4142 dejecto,
1140 4071 1499 4126 substituitur
1539 4071 1596 4125 in
1638 4071 1758 4142 ejus
1796 4070 1982 4125 locum

399 4163 588 4220 Zoilus
613 4204 628 4229 ,
664 4159 910 4218 remotus
929 4173 984 4218 et
1021 4163 1138 4233 ipse
1172 4163 1241 4216 ab
1281 4163 1482 4226 officio,
1526 4162 1689 4217 sicuti
1718 4162 1983 4235 deinceps

399 4255 788 4311 indicabimus.
812 4255 941 4310 Post
966 4254 1179 4309 Zoilum
1207 4254 1266 4308 fit
1289 4257 1580 4323 epiSCOpus
1629 4254 1980 4324 Apolinaris;

300 4363 304 4368 '
397 4358 527 4420 post
555 4347 908 4420 Apolinarem
954 4347 1227 4412 Joannes;
1256 4357 1379 4416 post
1402 4345 1669 4401 Joannem
1694 4346 1978 4418 Eulogius.

401 4427 616 4497 Omnes}
641 4439 699 4494 hi
733 4446 858 4510 post
892 4439 1123 4494 Paulum
1159 4438 1425 4510 synodita:
1475 4437 1724 4493 fuerunt.
1761 4438 1830 4493 Et
1866 4440 1984 4494 haec

401 4533 626 4606 quidem
660 4531 1052 4604 episcoporum
1082 4531 1188 4586 fuit
1217 4531 1410 4587 series.

2084 3332 2399 3404 γενόμενος,
2436 3334 2532 3387 καὶ
2566 3333 2778 3404 μαθὼν,
2809 3335 2891 3389 ὅτι
2917 3335 3198 3401 Θεοδόσιος
3219 3353 3234 3367 ’
3283 3340 3376 3392 τὸν
3411 3340 3508 3410 μὲν
3539 3341 3670 3393 Γαῖο

2083 3425 2212 3479 ανὸν
2243 3425 2473 3498 ἐξώρισε
2520 3425 2647 3496 (καὶ
2681 3429 2896 3501 ἀφανὴς
2924 3429 3144 3498 ἐγένετο
3172 3431 3232 3496 ἐξ
3258 3432 3471 3486 ἐκείνου
3505 3432 3670 3506 μέχρι

2081 3518 2184 3587 τῆς
2213 3517 2501 3590 σήμερον),
2532 3518 2624 3573 τὸν
2647 3519 2706 3572 δὲ
2732 3519 3016 3576 Θεοδόσιον
3041 3523 3298 3577 ἐκάθισεν
3322 3526 3403 3588 είς
3425 3525 3520 3579 τὸν
3546 3527 3670 3597 θρόο

2083 3624 2196 3662 νον.
2250 3608 2460 3680 Χρόνου
2502 3608 2560 3663 δὲ
2611 3609 2811 3682 μικροῦ
2853 3612 3281 3684 διαδραμόντος,
3334 3616 3543 3686 πέμπει
3575 3616 3669 3669 καὶ

2083 3702 2342 3774 καθαιρεῖ
2371 3702 2581 3757 καὶτὸν
2607 3704 2889 3759 Θεοδόσιον
2917 3707 2947 3759 6
2973 3704 3374 3772 Ἰουστινιανδς,
3401 3709 3669 3781 καὶφέρει

2084 3794 2253 3850 αὐτὸν
2301 3795 2383 3859 είς
2429 3795 2489 3849 τὸ
2533 3796 2862 3864 Βυζάντιον,
2912 3799 3029 3854 ἀντ’
3063 3800 3230 3854 αὐτοῦ
3279 3804 3668 3874 χειροτονήσας

2082 3887 2175 3941 τὸν
2203 3887 2417 3942 Παῦλον
2443 3889 2745 3961 δεχόμενον
2775 3890 2838 3944 τδ
2863 3891 3042 3962 δόγμα
3069 3896 3168 3964 τῆς
3195 3895 3439 3950 συνόδου.
3477 3896 3668 3959 Ὅστις

2084 3981 2405 4054 καθῃρέθη,
2457 3984 2863 4056 συνευδοκήσας
2909 3986 3080 4056 φόνῳ.
3131 3986 3570 4059 Καθαιρεθέντος
3608 3991 3667 4043 δὲ

2085 4072 2326 4139 Παύλου,
2360 4076 2576 4144 γίνεται
2603 4076 2719 4131 ἀντ’
2745 4077 2914 4131 αὑτοῦ
2945 4076 3170 4144 Ζώῖλος,
3207 4081 3357 4144 ὅστις
3383 4082 3477 4134 καὶ
3503 4083 3621 4134 αὖτ’
3638 4100 3667 4146 ς

2084 4165 2388 4238 καθῃρέθη,
2419 4167 2494 4231 ώς
2528 4169 2585 4221 ἐν
2615 4173 2730 4233 τοῖς
2757 4170 2960 4240 ἐφεξῆς
2988 4169 3240 4241 λέξομεν.
3278 4172 3436 4227 Μετά
3467 4174 3667 4227 Ζώῖλον

2083 4258 2298 4326 γίνεται
2332 4259 2738 4332 ’Δπολινάριος,
2778 4263 2919 4332 μετὰ
2947 4263 3039 4316 τὸν
3075 4263 3452 4336 Ἀπολινάριον
3487 4265 3666 4318 Ἰωάν-

2085 4367 2218 4421 νης,
2280 4351 2435 4422 μετά,
2469 4351 2725 4426 Ἰωάννην
2768 4353 3053 4423 Εύλόγιος.
3119 4354 3333 4418 Πάντες
3378 4351 3472 4409 οὖν
3519 4351 3666 4410 οὗτοι

2084 4443 2179 4498 ἐπὶ
2224 4443 2444 4497 Παύλου
2490 4446 2785 4502 συνοδῖται.
2843 4448 2955 4501 Καὶ
3003 4445 3142 4519 αὕτη
3178 4448 3276 4520 μὲν
3310 4449 3346 4520 ή
3371 4447 3528 4513 τάξις
3555 4449 3666 4502 τῶν

2085 4533 2420 4588 ἐπισκόπων.

470 4625 560 4680 Vl.
598 4623 738 4680 Cum
791 4633 977 4680 autem
1037 4624 1290 4696 privatus
1331 4625 1582 4696 Byzantii
1632 4623 1982 4680 Theodosius

2159 4626 2554 4698 Καθεζομένου
2585 4627 2645 4682 δὲ
2675 4628 2732 4680 ἐν
2761 4626 3043 4699 Βυζαντίῳ
3086 4630 3209 4683 κατ’
3245 4627 3382 4682 ίδίαν
3413 4627 3507 4681 τοῦ
3534 4627 3666 4680 Θεο-

399 4717 646 4789 degeret,
677 4719 1052 4788 Agnoetarum
1084 4716 1188 4789 (sic
1217 4717 1287 4772 ab
1314 4717 1660 4788 ignoratione
1683 4717 1980 4787 dictorum)

399 4807 597 4880 dogma
637 4817 851 4863 motum
881 4807 1006 4862 fuit.
1037 4807 1174 4862 Nam
1205 4809 1338 4878 quia
1365 4809 1629 4864 Dominus
1660 4809 1738 4864 ait
1772 4809 1838 4874 ⁸³,
1881 4824 1980 4862 ne-

399 4899 604 4955 minem
629 4898 826 4954 horam
845 4899 1039 4971 iudicii
1063 4900 1223 4961 scire,
1249 4915 1320 4955 ne
1341 4900 1539 4954 Filium
1563 4901 1810 4970 quidem,
1829 4909 1980 4954 extra

399 4991 578 5046 solum
629 4989 890 5055 Patrem,
941 4989 1233 5059 quaesitum
1283 4999 1398 5053 est,
1450 5007 1518 5045 an
1554 4990 1812 5046 Christus
1859 5007 1979 5046 eam

398 5085 700 5154 ignoraret,
728 5092 790 5137 ut
817 5082 1004 5137 homo.
1030 5082 1381 5138 Theodosius
1409 5081 1688 5138 Christum
1726 5084 1981 5154 ignorare

398 5175 654 5246 negabat,
685 5184 742 5231 et
778 5174 1044 5231 adversus
1085 5175 1360 5246 Agnoetas
1413 5177 1657 5246 scripsit.
1694 5178 1800 5231 Alii
1854 5192 1985 5232 vero

395 5265 681 5322 Christum
703 5265 895 5321 horam
909 5265 1165 5336 ignorare
1184 5265 1495 5332 tradebant,
1517 5267 1982 5337 quemadmodum

398 5362 578 5431 ipsum
634 5370 692 5417 et
736 5359 984 5416 dolorem
1029 5361 1268 5417 sensisse
1311 5362 1565 5418 dicimus.
1604 5363 1737 5418 Inde
1783 5363 1986 5420 divulsi

396 5463 527 5509 sunt
582 5471 611 5509 a
659 5449 1114 5520 .Theodosianis,
1172 5456 1267 5524 qui
1338 5456 1600 5526 Agnoeue
1661 5468 1975 5513 vocantur:

395 5561 634 5616 cumque
712 5546 1075 5617 peculiarem’
1127 5549 1234 5608 sibi
1306 5549 1564 5604 fecissent
1641 5551 1932 5606 ecclesiam
1962 5591 1977 5616 ,

397 5656 654 5697 seorsum
689 5643 1194 5708 communicabant.
1232 5645 1428 5700 Adhuc
1459 5644 1692 5713 degenle
1734 5645 1978 5716 Byzantii

395 5734 734 5798 Theodosio,
758 5734 941 5789 d'enuo
965 5746 1174 5791 motum
1192 5738 1296 5791 fuit
1317 5737 1513 5808 dogma
1543 5736 1940 5792 Tritheitarum
1965 5757 1977 5792 :

472 5921 516 5955 “
546 5919 708 5976 Marc.
743 5923 859 5986 xm,
892 5920 980 5974 3‘2.

2083 4721 2263 4776 δοσίου
2285 4764 2299 4788 ,
2355 4721 2584 4793 ἐκινήθη
2621 4720 2682 4774 1:6
2713 4720 2890 4791 δόγμα
2923 4720 3030 4773 τῶν
3069 4719 3400 4792 ’Ᾱγνοητῶν.
3448 4718 3668 4789 Ἐπειδὴ

2085 4815 2198 4884 γὰρ
2225 4813 2376 4883 λέγει
2408 4815 2435 4866 6
2465 4813 2674 4885 Κύριος
2698 4854 2714 4877 ,
2769 4814 2850 4867 ὅτι
2893 4811 3067 4875 οὐδεὶς
3101 4808 3210 4865 οἶδε
3254 4811 3355 4882 τὴν
3385 4809 3536 4877 ὥραν
3567 4809 3666 4877 τῆς

2087 4907 2342 4980 κρίσεως,
2379 4905 2499 4960 οὐδὲ
2529 4909 2557 4959 ό
2586 4906 2736 4970 Υἱὸς,
2769 4906 2818 4957 εἰ
2849 4903 2924 4976 μὴ
2954 4905 2982 4956 6
3010 4904 3199 4975 Πατὴρ
3229 4902 3418 4974 μόνος·
3466 4901 3667 4972 ἐζητή-

2089 5001 2156 5071 οη
2183 5041 2195 5062 ,
2248 5000 2296 5053 εἰ
2341 5001 2451 5070 ἄρα
2495 4998 2685 5068 ὴγνὸει
2728 4999 2756 5050 6
2794 4997 3070 5068 Χριστὸς,
3119 4995 3194 5059 ώς
3225 4994 3512 5066 ἄνθρωπός
3540 5009 3666 5047 που.

2091 5095 2204 5146 Καὶ
2234 5095 2264 5148 6
2297 5092 2396 5162 μὲν
2427 5093 2710 5154 Θεοδόσιος
2758 5090 2912 5158 ἔλεγε
2953 5088 3026 5160 μὴ
3056 5089 3300 5157 ἀγνοεῖν,
3334 5087 3430 5140 καὶ
3461 5085 3668 5156 ἔγραψε

2094 5183 2236 5238 κατά
2277 5183 2606 5255 Ἀγνοητῶν.
2662 5181 2849 5234 Ἀλλοι
2893 5181 2950 5235 δὲ
2995 5181 3184 5249 ἔλεγον
3223 5180 3440 5246 ἀγνοεῖν
3480 5177 3667 5238 αὑτὸν,

2094 5276 2284 5348 ὥσπερ
2330 5276 2426 5329 καὶ
2471 5275 2698 5329 πονέσαι
2732 5274 2968 5345 λέγομεν
2997 5273 3184 5328 αὐτόν.
3239 5272 3350 5325 Καὶ
3383 5271 3448 5324 ὲκ
3477 5268 3668 5323 τούτου

2093 5368 2510 5438 ἀπεσχίσθησαν
2569 5367 2676 5421 ἀπὸ
2719 5367 2828 5420 τῶν
2868 5365 3238 5420 Θεοδοσιανῶν
3294 5364 3344 5416 οί
3384 5360 3667 5432 λεγόμενοι

2103 5461 2393 5531 Ἀγνοηταί
2421 5478 2432 5491 ·
2496 5462 2590 5514 καὶ
2647 5459 2947 5530 ἐκκλησίαν
2992 5457 3132 5511 ἰδίαν
3173 5457 3497 5526 ποιήσαντες
3546 5449 3666 5505 καθ’

2091 5555 2321 5618 ἑαυτοὺς
2364 5553 2703 5608 ἐκοινώνουν.
2763 5552 2884 5606 Ἔτι
2915 5551 2974 5605 δὲ
3013 5549 3383 5620 καθεζομένου
3412 5545 3508 5600 τοῦ
3537 5545 3667 5598 Θεο-

2090 5646 2272 5700 δοσίου
2318 5650 2377 5699 ὲν
2422 5645 2501 5716 τῷ
2541 5645 2856 5716 Βυζαντίῳ,
2908 5643 3140 5714 ἐκινήθη
3180 5641 3347 5694 πάλιν
3394 5639 3456 5693 τὸ
3493 5638 3666 5706 δόγμα

2090 5738 2200 5792 τῶν
2225 5737 2546 5810 Τριθεῖτῶν,
2578 5733 2639 5793 οὗ
2671 5735 3024 5808 αἱρεσίαρχος
3050 5735 3277 5804 γέγονεν
3302 5735 3330 5787 6
3354 5731 3666 5792 Φιλόπονος.
