4020 6524
324 460 459 524 1233

1527 455 1624 514 DE
1664 452 1940 513 SECTIS.
1981 480 2049 491 —-
2081 456 2240 516 ACT.
2279 456 2379 516 VI.

3452 457 3590 521 1234

334 574 487 629 Ἐπεὶ
512 572 621 641 γάρ
647 570 896 641 ἠπόρητο
922 572 991 640 τῇ
1022 568 1341 638 Ἐκκλησία,
1387 568 1471 620 ὅτι
1507 564 1567 617 ΕΞ
1596 564 1692 617 δύο
1716 563 1909 630 λέγετε

2018 565 2169 633 cujus
2192 571 2354 618 secta
2384 563 2638 633 princeps
2674 564 3011 634 Philoponus
3053 567 3286 622 exstitit.
3314 567 3587 635 Quoniam

322 666 516 735 φύσεις
548 664 608 716 tv
634 660 713 731 τῷ
736 660 982 733 Χριστῷ,
1014 662 1228 730 ἀνάγκη
1258 659 1401 729 ὑμᾶς
1429 656 1525 711 καὶ
1547 654 1642 708 δύο
1667 653 1904 707 ὑποστά-

323 773 440 819 σεις
487 754 687 806 εἰπεῖν.
745 750 812 805 Ἦ
862 750 920 804 δὲ
974 749 1274 821 Ἐκκλησία
1318 744 1777 817 ἀνταπεκρίνατο,
1823 744 1906 798 ὅτι

325 848 385 900 Εἰ
438 845 537 916 μὲν
586 844 784 898 ταυτόν
828 845 947 897 ἐστι
979 841 1144 911 φύσις
1188 841 1282 894 καὶ
1314 840 1639 901 ὑπόστασις,
1692 836 1907 905 ἀνάγκη

324 939 473 1008 ἡμᾶς
500 934 841 1005 ὁμολογῆσαι
869 933 930 987 τὸ
953 932 1178 1003 άτομον.
1238 931 1301 985 Εί
1328 930 1385 982 δὲ
1416 929 1545 982 ἀλλο
1576 927 1693 980 ἐστὶ
1720 925 1907 996 φύσις,

325 1032 418 1083 καὶ
466 1028 595 1081 ἀλλο
636 1026 967 1089 ὑπόστασις,
1020 1024 1107 1087 τίς
1135 1026 1168 1093 ἡ
1201 1022 1617 1091 ἀποκλήρωσις,
1649 1018 1909 1086 λέγοντας

324 1123 473 1194 ἡμᾶς
504 1119 599 1174 δύο
631 1119 856 1184 φύσεις,
908 1115 1250 1187 ὁμολογῆσαι
1284 1113 1502 1176 πάντως
1534 1110 1631 1163 καὶ
1657 1108 1752 1161 δύο
1777 1108 1910 1161 ὑπο-

327 1215 578 1278 στάσεις;
611 1208 1006 1280 ’Δπεκρίναντο
1038 1206 1175 1277 πρὸς
1201 1207 1301 1277 τὴν
1324 1204 1656 1274 Ἐκκλησίαν
1682 1204 1730 1254 οἱ
1758 1201 1909 1270 αίρε-

325 1304 591 1367 τικοὶ,ὄτι
632 1300 774 1363 Ναὶ,
832 1298 1029 1353 ταυτόν
1077 1300 1196 1351 εστι
1236 1296 1400 1368 φύσις
1445 1296 1541 1349 καὶ
1584 1293 1909 1355 ὑπόστασις.

326 1390 461 1447 Εἶτα
494 1392 658 1446 πάλιν
692 1392 725 1461 ἡ
759 1389 1058 1461 Ἐκκλησία
1085 1403 1098 1418 ·
1154 1388 1218 1441 Ei
1248 1385 1446 1440 ταυτόν
1474 1386 1592 1438 εστι
1622 1382 1784 1453 φύσις
1814 1382 1911 1435 καὶ

328 1485 667 1548 ὑπόστασις,
717 1482 916 1536 ούκοῦν
964 1482 1201 1551 λέγομεν
1240 1480 1461 1549 καὶτῆς
1482 1476 1647 1546 ἁγίας
1678 1473 1910 1545 Τριάδος

325 1577 727 1648 τρεῖςφύσεις·
785 1574 976 1646 ἐπειδὴ
1009 1571 1461 1644 ὁμολογουμένως
1487 1571 1638 1640 τρεῖς
1667 1566 1909 1621 ὑποστά-

328 1688 446 1733 σεις
475 1670 612 1741 ἔχει.
679 1668 896 1739 Ἐπειδὴ
939 1666 1115 1720 ταῦτα
1147 1665 1337 1733 ἔλεγεν
1368 1666 1401 1734 ἡ
1436 1661 1765 1733 Ἐκκλησία,
1799 1662 1908 1714 ἀπ-

327 1763 582 1834 εκρίνατο
611 1764 639 1816 ό
666 1760 1073 1825 Φιλόπονος,ὅτι
1112 1759 1223 1813 Καὶ
1253 1757 1395 1812 ἔστω
1422 1758 1572 1827 τρεῖς
1600 1755 1794 1824 φύσεις
1821 1754 1911 1807 λέ-

327 1873 449 1923 γειν
479 1856 627 1925 ἡμᾶς
657 1854 750 1908 ἐπὶ
775 1853 875 1923 τῆς
902 1852 1067 1921 ἁγίας
1092 1851 1344 1920 Τριάδος.
1398 1849 1601 1916 Ἔλεγε
1626 1847 1683 1900 δὲ
1712 1844 1907 1909 ταῦτα,

2009 655 2159 710 enim
2182 655 2481 726 objiciebat
2504 656 2843 721 Ecclesiae,si
2871 657 3010 713 duas
3035 658 3091 713 in
3116 659 3339 714 Christo
3364 669 3590 716 naturas

2011 744 2244 811 diceret,
2269 745 2582 800 necessario
2609 762 2831 815 quoque
2856 746 2994 801 duas
3016 746 3342 818 hypostases
3375 750 3592 805 confes-

2012 852 2198 891 suram
2219 854 2231 890 :
2259 837 2625 906 respondebat
2644 838 2907 903 Ecclesia,
2926 839 2971 893 si
2990 849 3188 894 natura
3209 850 3264 895 et
3282 842 3592 913 hypostasis

2012 930 2160 984 idem
2204 930 2354 994 sint,
2392 931 2709 985 necessario
2750 946 2970 999 quoque
3018 932 3394 988 conﬁtendum
3442 936 3589 991 indi-

2014 1022 2265 1077 viduum.
2316 1022 2414 1078 Sin
2466 1022 2618 1077 aliud
2666 1033 2881 1087 natura,
2934 1032 2991 1077 et
3040 1023 3193 1078 aliud
3241 1025 3589 1096 hypostasis,

2012 1130 2264 1184 quamam
2298 1116 2390 1170 illa
2428 1116 2647 1171 sortitio
2693 1115 2879 1179 fuerit,
2928 1124 2988 1170 ut
3034 1126 3261 1172 naturas
3293 1118 3431 1174 duas
3476 1128 3591 1175 sta-

2014 1214 2254 1271 tuentes,
2297 1206 2525 1259 omnino
2570 1205 2709 1260 duas
2741 1221 2962 1275 quoque
2992 1207 3359 1262 conﬁteamur
3409 1209 3589 1279 hypo-

2012 1298 2224 1355 stases?
2264 1297 2328 1351 Ei
2355 1296 2765 1367 respondebant
2802 1296 3048 1353 haeretici
3095 1299 3256 1367 plane
3290 1299 3436 1355 idem
3466 1317 3587 1358 esse

2012 1399 2269 1444 naturam
2308 1398 2365 1444 et
2397 1389 2760 1459 hypostasim.
2793 1387 3049 1444 Vicissim
3083 1390 3332 1446 Ecclesia
3379 1392 3588 1457 dicere,

2012 1483 2059 1537 si
2093 1490 2288 1536 natura
2322 1490 2378 1537 et
2410 1481 2724 1551 hypostasis
2759 1481 2903 1535 idem
2934 1482 3083 1545 sint,
3118 1483 3283 1537 etiam
3311 1484 3365 1537 in
3402 1495 3592 1539 sancta

2014 1572 2281 1627 Trinitate
2308 1581 2534 1628 naturas
2574 1580 2688 1629 tres
2718 1587 2840 1627 esse
2865 1572 3153 1637 dicendas;
3190 1591 3319 1629 cum
3351 1575 3409 1629 in
3456 1592 3590 1631 con-
3669 1633 3679 1643 _

2013 1664 2159 1721 fesso
2190 1665 2282 1729 sit,
2303 1680 2424 1720 eam
2445 1673 2556 1720 tres
2570 1664 2889 1735 hypostases
2906 1665 3260 1721 haberellazc
3276 1667 3592 1736 proferente

2015 1756 2283 1819 Ecclesia,
2317 1756 2687 1825 respondebat
2709 1756 3068 1825 Philoponus,
3100 1757 3503 1813 admittendum
3532 1771 3590 1815 at

2018 1856 2133 1903 tres
2169 1857 2395 1903 naturas
2440 1848 2496 1902 in
2528 1856 2877 1903 sacrosancta
2904 1848 3174 1904 Trinitate
3205 1849 3588 1920 proﬁteamm.

328 1912 638 2015 iace);ch
664 1912 922 2014 ἀφορμὴν
1082 1912 1192 1995 «iw
1226 1912 1700 2010 Ἀριστοτελικῶν.
1719 1936 1776 1989 '0
1799 1934 1907 2006 γὰρ

2018 1940 2143 1996 Haec
2181 1949 2367 1996 autem
2412 1940 2664 2005 dicebat,
2715 1942 3063 1997 occasionem
3112 1912 3593 1997 ex-Aristotelicis

341 2036 728 2109 Ἀριστοτέλης
759 2036 959 2104 φησὶν,
1011 2035 1094 2087 ὅτι
1143 2032 1251 2086 είσὶ
1295 2030 1408 2084 τῶν
1436 2029 1656 2100 ἀτόμων
1685 2028 1781 2081 καὶ
1810 2044 1907 2096 με-

333 2130 487 2202 ρικαὶ
510 2128 716 2191 ούσίαι,
753 2127 849 2179 καὶ
882 2126 981 2199 μία
1007 2125 1184 2196 κοινή.
1243 2121 1433 2186 οὕτως
1457 2116 1552 2175 οὖν
1580 2120 1675 2173 καὶ
1703 2122 1731 2174 ὁ
1754 2120 1909 2173 Φιλό-

333 2237 494 2283 πονος
524 2219 741 2286 ἔλεγεν,
791 2218 875 2272 ὅτι
906 2218 1017 2271 εἰσὶ
1044 2218 1196 2288 τρεῖς
1224 2215 1454 2286 μερικαὶ
1478 2212 1661 2268 οὐσίαι
1691 2211 1786 2264 ἐπὶ
1812 2211 1911 2281 τῆς

329 2318 497 2384 ἁγίας
523 2316 778 2389 Τριάδος,
795 2315 893 2369 καὶ
919 2314 1034 2368 ἐστι
1054 2314 1152 2385 μία
1176 2313 1355 2383 κοινή.
1382 2311 1475 2368 Ἐν
1491 2310 1706 2373 τούτοις
1728 2308 1761 2379 ὴ
1783 2307 1915 2362 θεω-

335 2412 448 2478 pia.

2014 2040 2231 2086 nactus.
2261 2024 2454 2085 Tradit
2502 2031 2650 2086 enim
2702 2032 3034 2088 Aristoteles
3078 2033 3491 2089 individuorum
3536 2043 3595 2089 et

2014 2123 2380 2193 particulares
2401 2138 2523 2180 esse
2551 2124 2911 2190 substantias,
2938 2134 2997 2180 et
3029 2141 3195 2179 unam
3218 2140 3589 2180 communem.

2018 2214 2109 2271 Sic
2144 2214 2312 2287 igitur
2340 2224 2397 2271 et
2436 2216 2774 2287 Phi10ponus
2819 2217 3003 2272 aiebat
3044 2233 3164 2273 esse
3203 2227 3318 2274 tres
3344 2220 3595 2289 particu-

2019 2308 2165 2363 lares
2187 2308 2245 2361 in
2276 2314 2464 2362 sancta
2487 2306 2756 2362 Trinitate
2787 2307 3145 2374 substantias,
3173 2319 3229 2363 et
3254 2325 3419 2365 unam
3446 2325 3595 2366 com-

2024 2413 2267 2453 munem.
2300 2397 2427 2453 Hazc
2456 2397 2863 2454 consideranda
2891 2398 3207 2455 veniebant.

336 2642 479 2703 [Iac
522 2639 684 2700 actio
732 2646 908 2699 sexta
950 2634 1350 2715 reprehendit
1414 2631 1711 2715 quaedam
1765 2630 1873 2709 qui
1912 2629 2214 2715 synodum
2264 2628 2823 2715 Chalcedonensem
2874 2630 3167 2694 nolebant
3227 2632 3593 2694 admittere:

1040 2708 1506 2792 eorumdemque
1535 2708 1813 2771 rationes
1850 2715 1907 2768 et
1935 2714 2377 2769 examinantur
2406 2718 2461 2769 et
2493 2708 2895 2787 refelluntur.

931 2834 1182 2890 ΠΡΑΞΙΣ
1216 2834 1307 2892 (Γ.

931 2834 1182 2890 ΠΡΑΞΙΣ
1292 2876 1307 2892 .

404 2934 560 2991 Μετά
593 2933 662 2987 τὰ
690 2931 981 3004 εἰρημένα,
1016 2929 1150 3001 φέρε
1179 2832 1286 2983 ac:
1306 2928 1436 2998 περὶ
1460 2924 1911 2998 ἐπιχειρημάτων

333 3029 498 3081 τινῶν
523 3066 538 3091 ,
598 3026 744 3096 ἅπερ
796 3023 993 3086 κοινῶς
1032 3022 1171 3093 πρὸς
1200 3020 1300 3092 τὴν
1335 3018 1664 3088 Ἐκκλησίαν
1695 3016 1911 3084 λέγουσι

337 3122 540 3183 πάντες
583 3120 636 3173 οί
681 3116 1115 3189 διακρινόμενοι,
1160 3113 1334 3183 μικρά
1395 3108 1765 3179 διαλάὸωμεν.
1821 3108 1915 3159 Δι-

337 3216 548 3286 έλωμεν
566 3212 624 3268 δὲ
654 3213 793 3268 αύτά
823 3206 1214 3283 τριχῆ,ὲπειδὴ
1240 3205 1306 3260 τά
1334 3205 1433 3277 μὲν
1458 3202 1640 3257 αὑτῶν
1667 3200 1917 3290 ἱστορικά
1943 3230 1986 3290 c

338 3306 478 3358 εἰσιν
498 3342 514 3368 ,
560 3304 626 3357 ὲκ
658 3302 769 3355 τῶν
798 3298 1156 3371 πραχθέντων
1185 3298 1252 3367 τῇ
1283 3296 1340 3348 tv
1369 3292 1678 3363 Χαλκηδόνι
1712 3289 1914 3359 συνόδῳ

338 3395 769 3467 λαμϐανόμεναο
831 3391 902 3445 τά
941 3390 1000 3444 δὲ
1040 3388 1148 3443 άπὸ
1191 3374 1592 3455 συλλογισμῶν,
1628 3383 1722 3437 καὶ
1756 3399 1917 3451 περι-

338 3492 510 3553 νοίαςο
547 3487 619 3542 τὰ
644 3487 724 3552 δὲ,
756 3484 865 3540 ἀπὸ
888 3483 1167 3554 χρήσεων.
1214 3478 1380 3533 Ἀλλά
1405 3476 1623 3549 πρῶτον
1655 3476 1784 3544 περὶ
1808 3474 1918 3527 τῶν

339 3579 629 3651 ἱστορικῶν
666 3575 1143 3646 διαλαμϐάνωμεν.
1200 3572 1321 3624 Εἰσὶ
1350 3570 1406 3622 δὲ
1449 3569 1485 3623 ἀ
1521 3569 1795 3639 μέλλομεν
1828 3566 1915 3618 λέ-

339 3689 480 3740 γειν,
516 3668 927 3739 ἐπιχειρήματα
953 3666 1217 3734 τέσσαρα,
1252 3655 1327 3715 ὧν
1356 3660 1570 3730 πρῶτόν
1598 3661 1712 3711 ἐστι
1738 3658 1916 3721 τοῦτο,

341 3767 423 3819 ὅτι
482 3765 545 3818 ού
597 3764 679 3817 δεῖ
734 3761 990 3832 δέχεσθαι
1042 3758 1145 3829 τὴν
1203 3758 1263 3810 tv
1312 3748 1621 3822 Χαλκηδόνι
1674 3752 1915 3814 σύνοδον,

342 3858 533 3929 ἐπειδὴ
559 3859 610 3910 οἱ
637 3857 694 3909 tv
716 3855 855 3924 αύτῇ
878 3852 1163 3922 γενόμενοι
1188 3848 1375 3919 ἀνδρες
1400 3846 1727 3917 παλίμϐολοι
1777 3840 1919 3915 ἦσαν

342 3952 441 4003 καὶ
473 3950 776 4003 ἀλλόκοτοι.
807 3939 967 4000 Οὗτοι
1025 3943 1133 4014 γάρ
1174 3943 1271 3995 καὶ
1299 3939 1552 3993 καθεῖλον
1584 3938 1673 3991 τὸν
1699 3937 1917 4007 Εὐτυχῆ

344 4045 400 4095 tv
429 4040 733 4110 Βυζαντίῳ,
768 4040 866 4093 καὶ
894 4039 975 4100 εἰς
996 4037 1234 4103 Ἔφεσον
1266 4032 1532 4094 ἐλθόντες,
1566 4029 1661 4082 τὸν
1693 4029 1792 4099 μὲν
1817 4029 1919 4082 Εὑ-

342 4134 482 4203 τυχῆ
530 4130 780 4197 ἐδέξαντο
831 4129 970 4200 μετά
1010 4125 1339 4194 Διοσκόρου,
1390 4124 1484 4175 τὸν
1523 4122 1581 4175 δὲ
1618 4121 1919 4175 Φλαϐιανὺν

345 4224 703 4280 ἀπεδάλοντο.
754 4221 898 4294 Πρὸς
938 4219 1095 4273 τούτο
1138 4218 1402 4287 λέγομεν,
1450 4216 1533 4268 ὅτι
1571 4214 1786 4295 πρῷτον
1819 4215 1920 4284 μὲν

344 4316 466 4371 δέον
499 4312 817 4383 λογίζεσθαι
846 4312 993 4382 ἡμᾶς
1030 4308 1099 4362 τά
1130 4305 1473 4377 ἀνθρώπινα.
1532 4307 1642 4361 Καὶ
1684 4304 1917 4375 ἀλλαχοῦ

346 4408 456 4479 γάρ
480 4424 627 4470 τινες
656 4405 767 4459 τῶν
796 4404 969 4473 ἁγίων
993 4399 1255 4472 Πατέρων
1304 4398 1577 4470 ὲγκρίτων
1609 4397 1768 4451 τοῦτο
1794 4397 1921 4467 φαί-

345 4515 534 4553 νονται
582 4497 847 4559 πολλάκις
894 4493 1247 4555 πεπονθότες.
1294 4492 1532 4546 Ἔπειτα
1576 4490 1671 4554 δὲ,
1724 4491 1774 4543 εί
1823 4489 1919 4544 καὶ

2647 2831 2853 2888 ACTIO
2892 2831 2980 2887 Vl.

2090 2925 2134 2980 l.
2166 2925 2297 2980 Post
2322 2941 2386 2981 ea
2412 2942 2533 2997 quae
2569 2925 2835 2980 hactenus
2862 2925 3239 2996 exposuimus,
3269 2942 3367 2997 age
3402 2926 3471 2982 de
3498 2943 3593 2984 ar-

2019 3015 2295 3085 gumentis
2326 3030 2545 3086 quoque
2578 3014 2885 3080 nonnullis,
2919 3030 3042 3085 quae
3069 3030 3262 3070 omnes
3305 3016 3385 3070 illi
3419 3016 3595 3073 Haesi-

2020 3115 2203 3162 tantes
2241 3107 2511 3178 objiciunt
2548 3107 2830 3171 Ecclesiae,
2884 3106 3076 3177 paucis
3124 3106 3481 3165 disseramus.
3527 3110 3596 3165 Et

2021 3196 2326 3267 partiamur
2354 3211 2416 3249 ea
2438 3211 2568 3249 sane
2595 3195 2905 3265 tripliciter,
2931 3196 3077 3266 quod
3106 3197 3307 3267 partim
3329 3198 3593 3254 historica

2018 3288 2150 3353 sint,
2188 3296 2402 3359 sumpta
2438 3288 2506 3343 de
2556 3288 2626 3343 iis
2654 3304 2776 3358 qua:
2822 3304 2852 3342 a
2894 3288 3103 3360 synodo
3157 3276 3621 3348 Chalcedonensi’

2018 3388 2138 3435 acta
2188 3378 2448 3434 fuerunt:
2508 3380 2710 3449 partim
2763 3395 2830 3434 ex
2901 3380 3231 3451 syllogismis
3279 3391 3339 3437 et
3401 3392 3595 3454 arguta

2019 3470 2444 3526 ratiocinatione
2475 3472 2737 3527 collecta:
2786 3473 2988 3543 partim
3032 3488 3101 3527 ex
3148 3473 3592 3531 auctoritatibus.

2019 3562 2095 3617 De
2132 3562 2409 3616 historicis
2444 3563 2680 3631 primum
2725 3578 2973 3633 agamus.
3017 3562 3156 3619 Sunt
3198 3574 3385 3620 autem
3424 3582 3591 3637 argu-

2019 3666 2204 3709 menta
2252 3664 2507 3724 quatuor,
2555 3672 2678 3725 quae
2742 3671 2933 3710 sumus
2986 3657 3312 3726 exposituri.
3347 3656 3593 3712 Primum

2018 3756 2123 3807 est,
2159 3744 2427 3815 synodum
2452 3744 2957 3801 Chalcedonensem
2992 3756 3289 3816 propterea
3318 3762 3430 3801 non
3470 3764 3598 3803 esse

2020 3836 2415 3904 recipiendam,
2448 3835 2595 3906 quod
2627 3837 2677 3891 ei
2709 3836 2961 3891 homines
2989 3837 3367 3893 inconstantes
3390 3850 3446 3892 et
3487 3839 3593 3893 sibi

2021 3924 2155 3994 ipsis
2184 3926 2480 3981 dissimiles
2512 3927 2888 3983 interfuerint.
2928 3928 3201 3983 Nimirum
3228 3944 3324 3985 eos
3344 3939 3400 3985 et
3427 3930 3596 4002 Euty-

2020 4018 2178 4073 chem
2226 4018 2295 4073 ab
2335 4018 2513 4073 ollicio
2552 4018 2851 4075 removisse
2898 4019 3166 4091 Byzantii,
3214 4030 3271 4076 et
3307 4022 3593 4092 Ephesum

2019 4110 2315 4180 profectos,
2348 4111 2648 4182 Eutychem
2681 4128 2787 4165 una
2835 4127 2959 4166 cum
2993 4112 3254 4167 Dioscoro
3286 4115 3589 4184 recepisse,

2020 4204 2228 4273 rejecto
2275 4203 2555 4258 Flaviano.
2603 4203 2684 4257 Ad
2733 4204 2837 4260 hoc
2873 4206 3305 4273 respondemus,
3358 4209 3595 4277 primum

2020 4296 2411 4366 expendendas
2440 4311 2562 4351 esse
2598 4312 2686 4351 res
2722 4296 3010 4352 humanas.
3042 4297 3176 4353 Nam
3207 4309 3263 4353 et
3292 4300 3424 4355 alibi
3474 4303 3599 4371 qni-

2021 4388 2253 4444 busdam
2281 4389 2487 4445 sanctis
2529 4388 2958 4459 approbatisque
2985 4389 3240 4445 Patribus
3270 4391 3596 4462 hujusmodi

2022 4480 2155 4549 quid
2182 4479 2448 4535 accidisse
2493 4494 2873 4549 saepenumero
2901 4487 3137 4536 constat.
3166 4480 3397 4546 Deinde,
3436 4482 3481 4536 si
3510 4482 3593 4536 vel

348 4590 508 4642 πέντε
531 4628 546 4651 ,
596 4588 629 4659 ἢ
675 4586 996 4657 τριάκοντα,
1030 4585 1064 4652 ἢ
1099 4583 1274 4636 πλείω
1306 4582 1416 4636 ἀπὸ
1447 4582 1555 4635 τῶν
1585 4579 1663 4651 χλ¹
1695 4581 1915 4635 ἐκείνων

2023 4572 2257 4629 maxime
2284 4572 2550 4641 quinque,
2579 4572 2663 4626 vel
2694 4572 2937 4641 triginta,
2960 4572 3045 4626 vel
3073 4573 3259 4641 plures
3283 4587 3349 4626 ex
3376 4572 3593 4630 illorum

346 4679 662 4749 εὑρεθέντες
710 4680 768 4731 tv
805 4679 872 4746 τῇ
912 4674 1118 4744 συνόδῳ
1148 4674 1430 4745 ἐφάνησαν
1459 4672 1821 4742 παλίμϐολοι,
1857 4672 1921 4725 ού

346 4772 436 4825 διὰ
483 4768 641 4823 τοῦτο
695 4768 804 4840 χρὴ
853 4765 932 4837 χλ¹
970 4766 1182 4835 ἀνδρῶν
1232 4766 1450 4820 σύνοδον
1492 4763 1918 4818 ἀποϐάλλεσθαι.

348 4865 609 4933 Δεύτερον
639 4862 695 4915 δὲ
728 4859 1066 4931 ὲπιχείρημά
1096 4858 1247 4911 ἔστιν
1277 4858 1371 4911 ἐπὶ
1397 4856 1557 4911 τούτο
1580 4896 1595 4921 ,
1650 4857 1735 4909 ὅτι
1778 4855 1920 4926 α’ύτη

348 4956 381 5023 ἡ
411 4955 469 5007 ὲν
494 4952 804 5022 Χαλκηδόνι
833 4950 1075 5013 σύνοδος,
1102 4950 1178 5014 ὼς
1201 4948 1350 5002 ἔστιν
1376 4948 1439 5001 ἐκ
1462 4947 1569 5001 τῶν
1595 4946 1923 5018 πεπραγμέο

348 5062 455 5099 νων
489 5045 627 5114 αὑτῇ
661 5043 878 5114 μαθεῖν,
914 5044 1165 5112 φαίνεται
1197 5040 1449 5104 εἰποῦσα,
1487 5041 1569 5093 ὅτι
1604 5040 1679 5093 Οὐ
1712 5039 1802 5092 διὰ
1827 5039 1920 5091 πί-

350 5154 467 5191 στιν
498 5136 779 5207 καθῃρέθη
811 5137 840 5190 ὁ
871 5135 1184 5205 Διόσκορος.
1235 5135 1379 5204 ’Δρα
1412 5132 1574 5196 αὐτὸς
1606 5132 1705 5201 μὲν
1739 5129 1920 5193 καλῶς

348 5227 601 5291 ἐδόξασεν
625 5266 640 5291 ,
696 5228 731 5297 ἡ
777 5226 838 5279 δὲ
888 5225 1107 5289 σύνοδος
1151 5223 1341 5287 κακῶς
1399 5223 1565 5277 αὑτὸν
1592 5220 1916 5275 άπεὸάλετο.

350 5318 462 5370 Καὶ
493 5317 611 5381 πῶς
637 5317 738 5387 τὴν
764 5317 1021 5386 τοιαύτην
1052 5314 1269 5370 σύνοδον
1297 5314 1494 5385 ἔχομεν
1521 5310 1918 5378 ἀποδέξασθαις

353 5409 538 5475 ’Ἄξιον
565 5410 623 5463 δέ
647 5411 794 5462 ἔστιν
814 5450 830 5475 ,
888 5408 1080 5477 ἐπειδὴ
1120 5409 1215 5461 καὶ
1243 5406 1371 5459 ἀλλο
1399 5407 1602 5460 ἄτοπον
1635 5405 1701 5456 ἐκ
1727 5401 1919 5455 τούτου

350 5502 482 5568 ἡμῖν
511 5499 911 5569 ἀναφαίνεται,
977 5499 1156 5552 εἰπεῖν
1198 5496 1345 5558 τίνος
1379 5494 1692 5565 κινηθέντος
1721 5492 1920 5563 ἐλέχθη

348 5591 410 5643 τὸ
439 5589 604 5661 ῥητὸν
631 5589 810 5644 τοῦτο.

432 5679 626 5735 Ἰστέον
641 5676 737 5735 οὖν
751 5682 860 5745 ,ὅτι
887 5678 1263 5750 συναχθέντων
1276 5676 1382 5731 τῶν
1410 5677 1487 5748 χλ¹
1520 5677 1579 5730 tv
1597 5674 1919 5741 Χαλκηδόνι,

353 5772 448 5825 καὶ
482 5772 827 5827 καθελόντων
858 5774 948 5828 τὸν
984 5773 1273 5841 Διόσκορον
1296 5808 1313 5833 ,
1367 5770 1508 5838 μετά
1532 5768 1708 5822 ταῦτα
1740 5767 1920 5832 ἔδοξεν

350 5864 576 5935 αὐτοῖς,
631 5864 773 5922 ὥστε
820 5866 948 5931 ὅρον
990 5864 1223 5925 πίστεως
1276 5860 1371 5915 καὶ
1410 5861 1638 5932 μάθημα
1674 5861 1915 5931 ποιῆσαι.

2025 4662 2129 4718 650
2178 4663 2399 4717 Patrum
2429 4676 2681 4725 numero,
2709 4661 2912 4730 reperti
2941 4660 3169 4715 fuerunt
3200 4660 3257 4714 in
3289 4661 3514 4732 synodo,
3540 4672 3597 4717 et

2025 4756 2402 4811 inconstantes
2428 4754 2559 4808 visi:
2594 4768 2705 4806 non
2729 4760 3021 4821 pr0pterea
3046 4751 3150 4806 650
3178 4753 3423 4806 virorum
3464 4768 3564 4824 syn
3581 4781 3595 4793 -

2023 4847 2163 4901 odus
2213 4846 2363 4917 rejici
2389 4844 2572 4900 debet.
2604 4844 2851 4898 Alterum
2878 4850 3263 4914 argumentum
3308 4852 3414 4907 est,
3444 4845 3592 4912 quod

2024 4931 2214 4985 isthaec
2267 4929 2454 4985 habita
2499 4926 2847 4983 Chalcedone
2887 4926 3149 4997 synodus,
3183 4926 3262 4980 uti
3314 4926 3383 4979 de
3420 4926 3595 4995 ipsius

2023 5023 2160 5077 actis
2198 5021 2429 5091 intelligi
2467 5028 2668 5090 potest,
2702 5020 2905 5074 dixisse
2956 5017 3235 5082 videatur,
3266 5017 3592 5072 Dioscorum

2023 5129 2133 5168 non
2172 5121 2395 5183 pr0pter
2432 5112 2596 5166 fidem
2650 5111 2968 5166 abdicatum
3013 5125 3157 5164 esse.
3208 5109 3379 5163 Recte
3429 5109 3597 5179 igitur

2024 5206 2298 5261 sentiebat
2318 5206 2698 5270 Dioscorus,et
2713 5204 2854 5259 male
2877 5202 3118 5275 synodus
3135 5216 3263 5256 eum
3282 5200 3593 5256 abdicabat.

2024 5300 2210 5355 Talem
2234 5316 2367 5355 vero
2396 5298 2665 5370 synodum
2691 5314 2802 5368 quo
2824 5305 2987 5367 pacto
3009 5309 3113 5350 nos
3138 5293 3445 5365 approbare
3470 5309 3597 5362 pos-

2024 5392 2233 5446 simus?
2281 5391 2471 5446 Fuerit
2512 5400 2695 5445 autem
2740 5387 2977 5458 pretium
3025 5400 3232 5456 operae,
3278 5383 3499 5454 quando
3540 5394 3599 5438 et

2026 5483 2174 5538 aliud
2206 5483 2506 5538 absurdum
2551 5497 2618 5536 ex
2657 5481 2761 5536 hoc
2798 5480 2961 5535 nobis
3001 5478 3203 5544 oritur,
3239 5476 3442 5547 exponi
3489 5491 3597 5545 qua

2026 5596 2084 5635 re
2119 5587 2265 5633 mota
2301 5576 2352 5631 id
2390 5576 2567 5645 ipsum
2604 5575 2661 5629 in
2692 5573 2898 5646 synodo
2928 5573 3200 5643 prolatum
3233 5569 3421 5626 fuerit.
3608 5642 3611 5645 ἤ

2094 5670 2161 5726 Il.
2192 5667 2487 5724 Sciendum
2516 5679 2670 5735 ergo,
2704 5662 2948 5719 collectis
2967 5661 3317 5718 Chalcedone
3349 5657 3452 5714 600
3484 5656 3599 5712 illis

2024 5770 2081 5819 et
2101 5760 2170 5816 30
2195 5758 2473 5816 Patribns,
2498 5762 2854 5824 posteaquam
2875 5753 3194 5808 Dioscorum
3221 5749 3596 5813 abdicassent,

2024 5856 2107 5912 eis
2135 5853 2395 5918 deinceps
2440 5847 2614 5903 visum
2651 5846 2820 5903 fuisse
2852 5854 2911 5900 ut
2944 5842 3068 5900 ﬁdei
3102 5837 3616 5920 definitiodoctriﬁ
