4068 6548
455 507 598 573 1235

1705 486 2014 552 LEONTII
2053 480 2456 555 BYZANTINI

3556 486 3710 552 1236

453 625 649 682 nasque
679 606 916 663 formula
949 603 1354 660 conﬁceretur:
1411 603 1593 671 itaque
1644 601 1904 670 pracipui
1949 615 2019 654 ex

2136 597 2229 650 Καὶ
2273 597 2339 668 δὴ
2389 597 2437 649 oi
2488 595 2695 665 πρῶτοι
2723 595 2904 648 αὐτῶν
2952 595 3076 650 καθ’
3106 595 3336 663 ἑαυτοὺς
3383 601 3706 671 γενόμενοι.

453 701 536 754 eis
568 710 822 753 seorsum
863 693 1165 765 congressi,
1203 691 1578 747 deﬁnitionem
1623 689 2020 760 pronuntiave-

455 797 606 850 runt,
641 799 804 855 quam
834 781 1189 852 Asclepiades
1219 779 1430 852 synodo
1460 780 1732 834 recitavit.
1767 779 1844 833 Ea
1886 776 2024 832 deii-

457 879 597 932 nitio
629 876 862 932 verbum
888 874 1022 929 illud
1055 873 1398 928 continebat:
1437 871 1521 925 Ea:
1549 869 1757 924 naturis
1782 870 1984 924 duabus
2004 889 2022 924 :

456 969 606 1040 quod
644 967 740 1024 ubi
775 967 1065 1023 recitatum
1106 965 1317 1028 fuisset,
1353 963 1544 1033 ingens
1567 963 1711 1017 inter
1736 961 2025 1031 episcopos

456 1061 667 1116 exstitit
711 1058 1006 1114 dubitatio.
1057 1057 1320 1111 Proceres
1370 1069 1504 1109 vero
1544 1069 1683 1124 quos
1724 1053 2025 1122 imperator

459 1149 808 1206 moderanda:
841 1147 1035 1220 synodi
1065 1161 1228 1202 causa
1285 1146 1530 1210 miserat,
1581 1159 1706 1199 cum
1737 1143 2026 1213 episcopos

458 1242 716 1298 haesitare
745 1239 1018 1304 viderent,
1053 1238 1134 1293 sic
1157 1251 1255 1292 eos
1283 1235 1510 1290 allocuti
1537 1243 1694 1290 sunt:
1729 1235 2026 1288 Dioscorus

459 1333 602 1388 hanc
625 1345 848 1388 vocem:
875 1329 960 1384 Ea:
985 1328 1189 1382 duabus
1207 1327 1435 1388 naturis,
1457 1325 1771 1395 usurpavit:
1796 1322 2027 1379 sanctis-

459 1422 636 1476 simus
666 1428 852 1475 autem
884 1418 995 1473 Leo
1022 1413 1302 1472 Christum
1327 1415 1382 1469 in
1407 1414 1622 1470 duabus
1653 1413 1865 1468 naturis
1888 1413 2028 1466 citra

458 1511 840 1578 mutationem,
861 1507 1262 1572 confusionem,
1287 1505 1633 1570 divisionem,
1655 1505 1826 1560 dixit:
1854 1503 2027 1570 Quem

339 1659 353 1670 ,
457 1602 790 1674 sequimini?
819 1601 1164 1662 Dioscorum,
1184 1613 1252 1652 an
1279 1597 1557 1654 Leonem?
1589 1596 1668 1652 lbi
1697 1611 2030 1667 consurgen-

459 1706 542 1751 tes
577 1692 821 1750 universi
854 1691 1147 1746 dixerunt:
1195 1689 1351 1744 Sicut
1382 1688 1514 1754 Leo,
1535 1689 1816 1744 credimus
1846 1706 1859 1742 :
1894 1703 2029 1743 ana-

463 1787 648 1842 thema
696 1784 984 1840 Dioscoro.
1021 1782 1120 1837 His
1147 1790 1203 1836 et
1247 1781 1370 1836 aliis
1397 1779 1726 1851 quibusdam
1778 1794 2029 1849 pronun-

461 1877 638 1942 tiatis,
679 1872 1145 1946 quemadmodum
1190 1873 1247 1927 ‘m
1285 1872 1424 1927 actis
1468 1881 1577 1938 est,
1599 1871 1886 1926 Anatolius
1930 1887 2029 1942 pa-

2124 685 2474 757 ἐξεφώνησαν
2521 685 2614 738 τὸν
2653 686 2776 758 ὅρον
2796 726 2812 750 ,
2857 686 2918 738 δν
2963 686 3363 760 Ἀσκληπιάδης
3410 689 3713 761 έπανέγνω

2123 781 2190 849 τῇ
2220 777 2444 845 συνόδῳ.
2477 776 2729 847 Περιεῖχε
2761 777 2816 830 δὲ
2841 769 3000 841 οὗτος
3025 778 3054 830 6
3075 778 3204 848 ὅρος
3226 780 3308 844 τὸ,
3339 779 3410 834 ἐκ
3451 776 3562 837 δύο
3584 785 3713 853 φύ-

2124 883 2310 922 σεων·
2345 867 2542 921 τούτου
2570 868 3030 936 ἀναγνωσθέντος,
3068 871 3241 942 πολλὴ
3269 871 3495 941 γέγονεν
3519 875 3710 946 ἀμφι-

2126 958 2282 1012 δολία
2328 959 2536 1028 μεταξὺ
2577 957 2685 1011 τῶν
2722 959 3059 1016 ἐπισκόπων.
3114 963 3179 1016 Οί
3205 962 3262 1016 δὲ
3287 963 3570 1035 ἄρχοντες,
3603 965 3710 1030 οὓς

2124 1048 2368 1118 ἔπεμψεν
2391 1050 2418 1101 6
2444 1049 2698 1119 βασιλεὺς
2718 1051 2856 1121 «pb;
2875 1051 3232 1119 κατάστασιν,
3245 1053 3480 1122 δρῶντες
3500 1057 3710 1120 αὐτοὺς

2123 1141 2599 1211 ἀμφιϐάλλοντας,
2645 1137 2802 1196 εἷπον
2833 1143 2970 1214 «pb;
2993 1143 3214 1210 αὐτοὺς,
3243 1146 3326 1199 δτι
3353 1147 3383 1200 6
3407 1146 3709 1219 Διόσκορος

2125 1233 2186 1287 τὸ
2204 1273 2220 1298 ,
2259 1232 2328 1286 ἐκ
2372 1232 2484 1286 δύο
2511 1234 2992 1304 φύσεων,έλεγεν
3015 1251 3031 1266 ο
3051 1237 3080 1290 6
3109 1232 3166 1290 δὲ
3200 1231 3502 1305 ἀγιώτατος
3524 1237 3705 1304 Λέων,

2126 1324 2185 1376 ὲν
2207 1322 2305 1377 δύο·
2323 1321 2556 1392 φύσεσιν
2575 1325 2730 1394 ἔλεγε
2752 1324 3012 1396 Χριστὸν,
3034 1326 3337 1398 ἀτρέπτως,
3353 1327 3705 1398 ἀσυγχύτως,

2127 1414 2474 1485 ἀδιαιρέτως.
2519 1413 2642 1470 Τίνι
2672 1416 3057 1483 ἀκολουθεῖτε;
3091 1418 3387 1489 Διοσκόρῳ,
3413 1418 3448 1490 ἢ
3476 1419 3702 1485 Λέοντι;

2139 1505 2496 1570 ’Ᾱναστάντες
2519 1505 2577 1559 δὲ
2607 1503 3020 1573 πάντες,ἐϊπον,
3051 1509 3134 1562 ὅτι
3167 1508 3256 1572 Ὠς
3277 1509 3430 1562 Λέων
3450 1509 3709 1564 πιστεύο-

2129 1616 2229 1670 μεν
2250 1615 2264 1628 ·
2325 1599 2591 1670 ἀνάθεμα,
2625 1600 2921 1671 Διοσκόρω.
2981 1599 3202 1655 Τούτων
3253 1601 3312 1654 δὲ
3357 1601 3453 1655 καὶ
3519 1601 3707 1657 ἀλλων

2126 1689 2291 1744 τινῶν
2313 1689 2636 1760 λεχθέντων,
2660 1691 2735 1754 ὡς
2761 1690 2873 1761 ἔχει
2899 1691 2967 1744 τά
2989 1691 3380 1763 πεπραγμένα,
3397 1691 3706 1757 Ἀνατόλιος

2135 1782 2164 1834 6
2190 1782 2542 1854 πατριάρχης
2567 1779 2724 1836 εἶπεν
2747 1825 2762 1851 ,
2819 1785 2902 1838 ὅτι
2955 1785 3031 1838 Οὐ
3078 1784 3170 1838 διά
3203 1785 3394 1838 «(ortv
3418 1783 3698 1857 καθῃρέθη

2131 1875 2160 1926 6
2189 1875 2480 1944 Διόσκορος
2501 1916 2516 1940 ,
2565 1867 2680 1928 ἀλλ’
2707 1875 2790 1928 ὅτι
2819 1875 3224 1948 ἀκοινωνησίαν
3243 1876 3466 1948 ἐποίησε
3491 1876 3567 1947 τῷ
3591 1893 3700 1947 μα-

463 1944 713 2022 triarcha
743 1965 914 2021 dixit:
957 1964 1078 2020 Non
1131 1971 1358 2033 propter
1400 1961 1562 2017 ﬁdem
1612 1962 1898 2032 depositus
1942 1971 2029 2017 est

2136 1967 2308 2039 καρίῳ
2357 1969 2547 2023 Λέοντι
2574 2009 2589 2032 ,
2645 1970 2742 2024 κα)⁸
2786 1971 2871 2024 ὅτι
2917 1971 2981 2024 ὲκ
3019 1944 3205 2042 τρίτου
3247 1944 3471 2041 κληθεὶς
3503 1944 3564 2024 ἐκ
3593 1944 3696 2041 τῆς

460 2062 776 2123 Dioscorus,
795 2059 890 2114 sed
913 2058 1042 2129 quia
1073 2057 1203 2113 fecit
1225 2056 1848 2113 excommunicationem
1867 2055 2030 2110 beato

462 2151 657 2214 Leoni,
694 2151 966 2221 tertioque
999 2159 1231 2205 vocatus
1255 2164 1285 2204 a
1310 2148 1541 2220 synodo,
1570 2163 1680 2203 non
1709 2147 1880 2202 venit.

535 2243 621 2298 ill.
655 2242 791 2309 Quae
843 2257 967 2296 cum
1009 2243 1083 2297 ita
1129 2240 1260 2304 sint,
1309 2240 1419 2295 duo
1463 2239 1710 2309 quaedam
1762 2237 2035 2308 objiciunt

465 2332 726 2387 Ecclesia:
751 2331 940 2396 dubia,
972 2331 1066 2400 qni
1098 2329 1424 2385 Haasitantes
1447 2336 1735 2384 vocantur.
1765 2329 2030 2393 Primum,

465 2423 512 2476 si
548 2422 664 2477 haec
700 2421 942 2494 synodus
979 2436 1089 2475 non
1136 2429 1360 2490 propter
1391 2418 1552 2474 fidem
1585 2421 1908 2475 Dioscornm
1939 2419 2034 2474 de-

468 2513 710 2583 positum
741 2512 901 2576 dixit,
933 2527 1031 2566 cur
1061 2526 1164 2566 nos
1208 2511 1422 2582 rejicit‘i
1452 2511 1531 2566 sic
1559 2510 1702 2565 enim
1735 2510 2032 2574 credimus,

468 2612 530 2657 ut
562 2603 652 2658 ille
681 2601 960 2658 credebat.
991 2602 1405 2672 Respondemus
1433 2611 1640 2667 autem,
1667 2603 1712 2656 si
1749 2601 2033 2655 veritatem

464 2693 594 2762 quis
625 2684 1080 2758 consideraverit,
1122 2709 1230 2746 non
1262 2703 1488 2763 propter
1529 2689 1688 2747 ﬁdem
1720 2689 2034 2747 abdicatum

466 2800 588 2840 esse
606 2785 952 2851 Dioscorum,
975 2801 1080 2840 nec
1108 2785 1254 2840 illam
1287 2785 1456 2840 fuisse
1477 2785 1838 2855 depositionis
1862 2785 2037 2855 ipsius

467 2888 689 2930 causam
727 2875 951 2947 (quippe
984 2891 1087 2931 nec
1127 2875 1263 2930 adiit
1305 2885 1594 2946 propterea
1637 2877 1906 2948 synodum
1929 2917 1943 2944 ,
1977 2884 2038 2931 ut

469 2969 580 3023 hoc
629 2968 854 3024 nomine
901 2968 970 3023 de
1029 2968 1148 3038 ipso
1185 2968 1584 3041 judicaretur):
1638 2969 1734 3024 sed
1777 2969 2036 3038 quoniam

471 3068 664 3126 reapse
701 3057 863 3113 tertio
907 3065 1136 3112 vocatus
1161 3056 1352 3112 venire
1401 3058 1692 3112 recusavit.
1742 3057 1798 3113 Si
1853 3066 2035 3112 tamen

469 3148 746 3212 venisset,
780 3147 945 3202 etiam
1001 3157 1227 3218 propter
1274 3147 1436 3203 ﬁdem
1487 3148 1680 3202 fuisset
1727 3145 2034 3202 abdicatus.

471 3239 849 3295 Nihilominus
877 3238 945 3292 ad
977 3239 1078 3294 ista
1103 3239 1402 3309 respiciens
1425 3239 1710 3294 Anatolius
1739 3239 1896 3302 dixit,
1925 3255 2034 3293 non
2063 3280 2106 3340 ο

470 3337 699 3400 propter
736 3329 898 3385 ﬁdem
923 3343 1044 3384 esse
1075 3328 1386 3398 depositam
1425 3329 1762 3384 Dioscorum.
1787 3329 2036 3384 Alterum

471 3421 703 3476 dubium
740 3429 844 3485 est,
875 3435 976 3474 cur
1006 3419 1247 3491 synodus
1285 3418 1664 3475 definitionem
1699 3420 1844 3474 illam
1878 3433 2038 3490 repu-

473 3511 728 3577 diaverit,
742 3527 850 3581 qua
873 3509 1259 3566 continebatur
1276 3509 1507 3565 verbum
1531 3509 1677 3565 istud
1699 3527 1712 3563 :
1739 3509 1824 3564 Ex
1840 3510 2040 3565 duabus

474 3607 683 3662 naturis
697 3617 718 3672 ,°’
745 3620 870 3660 cum
900 3612 1079 3660 tamen
1105 3612 1326 3659 sanctus
1348 3604 1438 3658 ille
1458 3603 1544 3656 vir
1563 3601 1801 3675 Cyrillus
1823 3614 2042 3660 sursum

475 3699 852 3768 deorsumque
883 3697 1101 3753 duabus
1128 3711 1194 3751 ex
1230 3695 1444 3750 naturis
1469 3695 1648 3750 dicat?
1676 3695 1758 3750 Ad
1805 3695 1912 3750 hoc
1953 3706 2044 3750 re-

474 3790 831 3860 spondemus,
874 3801 986 3843 non
1024 3789 1285 3859 reiectam
1320 3785 1490 3842 fuisse
1535 3794 1848 3855 propterea,
1894 3784 2044 3855 quod

477 3872 582 3936 ista
608 3881 778 3936 verba
807 3880 1138 3944 contineret,
1167 3878 1249 3933 Ex
1276 3876 1476 3932 duabus
1502 3878 1710 3931 naturis
1736 3877 1873 3946 (haec
1897 3877 2044 3931 enim

476 3981 534 4027 et
561 3987 663 4026 nos
685 3970 1048 4033 admittimus,
1074 3981 1132 4022 et
1157 3969 1260 4038 ipsi
1293 3967 1620 4022 llaesitantes
1646 3975 1702 4021 et
1726 3965 2044 4037 Eutyches),

477 4062 577 4117 sed
630 4062 777 4132 quod
829 4071 975 4116 esset
1021 4060 1364 4130 imperfecta.
1400 4059 1614 4114 Nullam
1651 4058 1798 4113 enim
1840 4056 2049 4112 refuta-

481 4151 690 4206 tionem
721 4149 1038 4219 dogmatum
1065 4147 1329 4219 Eutychis
1362 4147 1620 4211 habebat,
1651 4146 1746 4201 sed
1781 4145 1838 4200 id
1868 4147 2048 4200 solum

481 4240 974 4310 complectebatur,
1018 4238 1165 4308 quod
1211 4238 1582 4292 communiter
1623 4237 1874 4306 utrisque
1920 4252 2049 4306 pro-

485 4335 668 4388 batur.
707 4331 943 4386 Tantum
973 4342 1108 4385 vero
1135 4329 1288 4384 abest
1324 4338 1385 4383 ut
1414 4329 1678 4384 restiterit
1708 4329 1816 4383 illis
1846 4329 2046 4394 verbis,

485 4426 572 4480 Ea:
590 4425 790 4479 duabus
813 4425 1018 4477 naturis
1039 4463 1053 4486 ,
1091 4431 1150 4478 ut
1166 4425 1221 4480 in
1240 4422 1480 4478 secunda
1499 4421 1818 4476 deﬁnitione
1843 4422 2049 4492 ubique

2133 2058 2377 2126 συνόδου,
2407 2058 2506 2112 ούκ
2525 2054 2682 2130 ἦλθε.

2203 2230 2427 2287 Τούτων
2452 2226 2626 2296 οὕτως
2645 2233 2904 2304 ἑχόντων,
2927 2232 3024 2289 δύο
3043 2236 3165 2288 τινὰ
3185 2233 3492 2305 ἀποροῦσιν
3513 2233 3565 2286 οἳ
3583 2235 3710 2286 Δια-

2134 2325 2446 2397 κρινόμενοι
2481 2326 2620 2397 πρὸς
2649 2327 2752 2397 τὴν
2789 2327 3145 2396 Ἐκκλησίαν.
3199 2325 3428 2396 Πρῶτον
3461 2325 3589 2396 μὲν,
3624 2325 3712 2378 ὅτι

2135 2418 2201 2471 Ei
2222 2417 2311 2471 διά
2339 2418 2524 2471 πίστιν
2553 2413 2709 2471 εἶπεν
2739 2419 2773 2489 ἡ
2801 2417 3021 2482 σύνοδος
3045 2418 3184 2489 αὕτη
3214 2418 3288 2490 μὴ
3314 2415 3714 2487 καθαιρεθῆναι

2133 2512 2227 2565 τὸν
2260 2512 2580 2582 Διόσκορον,
2615 2512 2704 2566 διά
2730 2512 2785 2566 τί
2813 2512 3186 2567 ἀποϐάλλεται
3215 2513 3367 2583 ἡμᾶς
3392 2528 3409 2577 ;
3466 2511 3542 2576 ὡς
3572 2511 3717 2564 έκείο

2135 2620 2226 2667 νος
2263 2603 2394 2672 γάρ,
2431 2602 2608 2667 οὕτως
2635 2601 2994 2674 πιστεύομεν.
3047 2603 3193 2674 Πρὸς
3223 2601 3316 2666 οὓς
3340 2601 3596 2670 λέγομεν,
3632 2601 3719 2654 ὅτι

2136 2692 2188 2750 εί
2229 2692 2495 2766 σκοπήσει
2521 2706 2608 2759 τις
2633 2694 2733 2766 τὴν
2760 2693 3038 2765 ἀλήθειαν,
3075 2695 3134 2749 ού
3169 2693 3258 2748 διὰ
3282 2693 3382 2761 τὴν
3407 2693 3591 2745 πίστιν
3612 2692 3718 2744 ἀπο

2136 2785 2344 2857 εϐλήθη
2373 2787 2402 2838 6
2423 2785 2740 2856 Διόσκορος,
2774 2778 2898 2839 οὐδὲ
2927 2785 3087 2838 τοῦτο
3113 2784 3306 2853 γέγονε
3333 2784 3435 2854 τῆς
3456 2782 3719 2850 καθαιρέ-

2139 2897 2276 2943 σεως
2310 2878 2474 2932 αὑτοῦ
2521 2879 2695 2931 αῐτιον
2743 2873 2906 2946 (οὐδέ
2933 2877 3046 2949 γάρ
3079 2876 3333 2948 εἰσῆλθεν
3361 2877 3443 2938 είς
3470 2874 3570 2945 τὴν
3595 2873 3723 2927 σύν⁶

2136 2973 2278 3035 οδον,
2295 2972 2383 3026 ἵνα
2404 2973 2568 3044 κριθῇ
2595 2971 2726 3042 περὶ
2747 2970 2986 3040 τούτου)·
3013 2970 3128 3025 ἀλλ’
3145 2971 3248 3034 ὅτι,
3263 2970 3487 3042 κληθεὶς
3508 2967 3586 3040 τῷ
3605 2967 3723 3022 δντι

2138 3065 2203 3116 ὲκ
2231 3063 2436 3135 τρίτου,
2482 3065 2582 3117 οὐκ
2624 3063 2887 3133 ἠνέσχετο
2927 3060 3230 3116 συνελθεῖν.
3279 3061 3342 3116 Ei
3380 3060 3608 3132 συνῆλθε
3636 3053 3720 3124 δέ,

2139 3154 2235 3208 καὶ
2281 3155 2370 3209 διά
2411 3154 2510 3226 τὴν
2539 3154 2724 3208 πίστιν
2764 3153 3122 3211 ἀπεδάλλετο.
3177 3151 3324 3225 Πλὴν
3373 3154 3510 3225 πρὸς
3544 3150 3724 3206 ταῦτα

2138 3246 2462 3299 ἀποϐλέπων
2506 3247 2536 3299 6
2585 3245 2898 3308 Ἀνατόλιος
2945 3241 3140 3309 εἶπεν,
3193 3247 3274 3301 ὅτι
3318 3245 3380 3298 οὐ
3411 3243 3500 3298 διὰ
3533 3244 3724 3296 πίστιν

2140 3337 2423 3409 καθῃρέθη
2454 3339 2483 3392 6
2509 3337 2826 3409 Διόσκορος.
2865 3336 3134 3408 Δεύτερον
3164 3336 3373 3408 ἀπορόν
3399 3338 3538 3398 ἐστι,
3573 3331 3724 3387 διατί

2150 3429 2458 3483 ἀπεδάλετο
2511 3429 2545 3500 ἡ
2599 3428 2817 3493 σύνοδος
2871 3427 2966 3482 τὸν
3017 3430 3143 3500 ὅρον
3226 3428 3319 3482 τὸν
3370 3418 3721 3496 περιέχοντα,

2143 3520 2213 3574 ἐκ
2269 3519 2380 3574 δύο
2425 3520 2671 3590 φύσεων
2694 3536 2709 3551 ο
2766 3521 3015 3590 καίτοιγε
3057 3523 3086 3574 6
3124 3519 3278 3589 ἀγιος
3305 3519 3576 3592 Κύριλλος
3607 3518 3727 3572 ἀνω

2146 3612 2244 3665 καὶ
2273 3611 2425 3667 κάτω
2454 3614 2519 3666 ὲκ
2545 3609 2639 3665 δύο
2666 3611 2883 3683 φύσεων
2905 3613 3076 3682 λέγει.
3109 3611 3256 3684 Πρὸς
3278 3611 3442 3665 τοῦτο
3465 3609 3723 3678 λέγομεν,

2145 3698 2230 3755 δτι
2265 3701 2367 3755 οὐκ
2409 3701 2718 3758 ἀπεύάλετο
2766 3703 2964 3769 αὐτὸν,
3000 3702 3192 3774 ἐπειδὴ
3241 3701 3322 3766 τὺ,
3370 3702 3440 3755 ἐκ
3469 3701 3578 3753 δύο
3605 3699 3726 3768 φύ-

2146 3806 2326 3859 σεων,
2350 3791 2464 3864 εἶχε
2485 3791 2666 3865 (τοῦτο
2688 3795 2796 3867 γάρ
2818 3796 2912 3850 καὶ
2934 3797 3115 3866 ἡμεῖς,
3137 3794 3234 3848 καὶ
3253 3794 3302 3847 oi
3322 3791 3726 3863 διακρινόμενοι

2145 3885 2428 3956 δέχονται,
2483 3887 2580 3941 καὶ
2622 3890 2650 3941 6
2697 3887 3008 3958 Εὐτυχὴς)·
3066 3886 3184 3940 ἀλλ’
3231 3887 3313 3940 ὅτι
3349 3885 3572 3955 ἐλλιπὴς
3629 3878 3722 3952 ἦν.

2149 3977 2222 4031 Οὐ
2265 3976 2372 4048 γὰρ
2415 3971 2530 4048 εἶχε
2571 3978 2633 4031 τὸ
2671 3977 2982 4048 ἀνατρέπον
3025 3977 3095 4032 τά
3133 3977 3382 4046 δόγματα
3412 3972 3721 4044 Εὑτυχοῢς,

2149 4068 2280 4124 ἀλλ’
2321 4069 2350 4123 6
2399 4069 2562 4141 μόνον
2613 4068 2810 4134 κοινῶς
2861 4071 2996 4141 ἡμῖν
3048 4068 3292 4134 ἐδόξαζε.
3349 4066 3619 4121 Τοσοῦτον
3663 4064 3726 4117 δὲ

2149 4160 2250 4214 οὐκ
2288 4161 2522 4231 ἀντέστη
2553 4161 2691 4232 πρὸς
2728 4163 2810 4226 τὸ,
2866 4159 2938 4216 ἐκ
2999 4161 3108 4216 δύο
3135 4161 3401 4230 φύσεων,
3439 4159 3523 4213 ὃτι
3556 4157 3616 4210 ἐν
3646 4155 3728 4224 τῷ

2151 4247 2396 4318 δευτέρῳ
2438 4248 2551 4318 ὅρῳ
2599 4248 2880 4318 πανταχοῦ
2927 4249 3318 4320 ἀνατρέπουσα
3354 4248 3448 4302 τὸν
3485 4245 3724 4315 Εὐτυχῆ,

2151 4336 2387 4408 οὐδαμοῦ
2429 4337 2675 4409 ἐμνήσθη
2707 4338 2789 4406 τὸ,
2831 4338 2903 4393 ἐκ
2932 4337 3042 4394 δύο
3091 4339 3353 4410 φύσεων,
3384 4337 3460 4402 ὡς
3484 4335 3728 4406 δηλονότι

2152 4429 2417 4500 δεχομένη
2447 4430 2604 4486 αὑτό.

487 4516 735 4572 refutans
785 4515 1122 4587 Eutychem,
1168 4529 1440 4586 nusquam
1485 4513 1822 4569 mentionem
1857 4512 2050 4570 fecerit
2083 4517 2251 4590 hujus
2276 4520 2540 4590 loquendi
2606 4519 2878 4587 formulae,
2911 4521 2998 4578 Ea:
3055 4521 3258 4576 duabus
3283 4523 3528 4586 naturis;
3565 4519 3723 4590 quasi

483 4611 700 4666 scilicet
733 4621 856 4664 eam
885 4607 1218 4664 admitteret.

554 4703 642 4758 IV.
671 4703 879 4770 Quarta
909 4700 1200 4756 difﬁcultas
1221 4708 1307 4756 est
1337 4699 1616 4769 (sedunda
1663 4700 1811 4756 enim
1846 4701 1901 4756 in
1943 4700 2037 4756 duc

2227 4700 2474 4774 Τετάρτη
2521 4705 2672 4758 ἐστὶν
2724 4702 2929 4777 ἀπορία
2967 4705 3024 4776 (ἡ
3062 4703 3172 4775 γάρ
3218 4703 3450 4774 δευτέρα
3507 4703 3590 4766 είς
3631 4701 3728 4756 δύο

483 4791 814 4864 dividitur),
853 4791 1002 4862 quod
1050 4791 1302 4846 homines
1332 4790 1597 4846 sectarios
1623 4793 1863 4863 synodus
1890 4791 2058 4848 Chal-

2156 4795 2489 4868 διαιρεῖται),
2517 4797 2602 4850 ὅτι
2648 4797 2965 4867 αίρετικοὺς
2993 4795 3319 4867 ἀνθρώπους
3357 4793 3630 4864 ὲδέξατοή
3667 4795 3729 4846 ὲν

485 4884 816 4945 cedonensis
859 4881 1132 4952 receperit
1160 4921 1176 4948 ,
1234 4881 1644 4936 Theodoretum
1685 4883 1935 4947 scilicet,
1995 4899 2037 4938 at

2159 4885 2464 4956 Χαλκηδόνι
2523 4885 2760 4950 σύνοδος.
2801 4883 3052 4953 Ἐδέξατο
3076 4885 3183 4956 γὰρ
3221 4885 3605 4955 Θεοδὼρητον,
3636 4885 3730 4937 καὶ

485 4977 660 5031 ibam.
692 4976 772 5030 Ex
794 4975 881 5029 his
903 4972 1283 5029 Theodoretus
1325 4983 1412 5029 est
1444 4975 1536 5030 ille
1586 4975 1681 5044 qui
1715 4975 1782 5030 12
1805 4977 2037 5046 capituli:

2159 4975 2254 5031 τὸν
2302 4974 2442 5029 Ἰὃᾶν
2473 4991 2488 5006 ο
2522 4968 2597 5030 ὧν
2620 4976 2650 5028 6
2683 4975 2784 5045 μὲν
2832 4975 3185 5047 Θεοδώρητός
3213 4976 3362 5028 ἐστιν
3400 4974 3429 5027 6
3458 4970 3730 5026 ἀντειπὼν

492 5068 639 5123 beati
663 5066 850 5138 Cyrilli
883 5065 1235 5131 cantradixit,
1277 5073 1531 5136 tanquam
1571 5061 1806 5122 Nestorii
1832 5078 2025 5123 senten

2161 5069 2298 5140 «pb;
2341 5067 2410 5123 τά
2460 5067 2527 5138 ιβ’
2551 5067 2824 5136 κεφάλαια
2879 5067 2975 5122 τοῦ
3025 5066 3297 5138 μακαρίου
3328 5063 3622 5136 Κυρίλλου,
3652 5063 3730 5125 ὡς

490 5156 624 5212 tiam
651 5157 892 5227 probans
919 5172 935 5208 :
961 5155 1083 5210 ibas
1108 5165 1289 5211 autem
1322 5165 1378 5212 et
1405 5157 1521 5226 ipse
1549 5153 1907 5212 Nestorianus
1933 5157 2037 5213 fuit

2158 5161 2231 5214 τὰ
2263 5159 2559 5230 Νεστορίου
2588 5159 2826 5231 φρονῶν.
2856 5159 2918 5213 '0
2945 5160 3001 5213 δὲ
3044 5158 3187 5221 ἰδᾶς
3215 5157 3309 5210 καὶ
3335 5155 3499 5219 αὐτὸς
3523 5155 3729 5208 Νεστο-

490 5245 959 5319 quemadmodum
994 5249 1062 5300 ab
1086 5261 1152 5301 eo
1181 5247 1482 5317 perscripta
1529 5247 1596 5304 ad
1628 5247 1814 5302 Mat-im
1837 5242 2037 5303 Persan

2161 5249 2365 5323 ριανὸς,
2399 5249 2476 5313 ὡς
2520 5249 2669 5318 δηλοῖ
2707 5252 2741 5322 ή
2778 5251 3057 5321 γραφεῖσα
3103 5247 3238 5319 παρ’
3257 5245 3425 5302 αὐτοῦ
3473 5245 3730 5312 ἐπιστολὴ

491 5338 723 5408 epistola
753 5337 935 5402 docet,
969 5336 1023 5390 in
1055 5352 1161 5406 qua
1186 5350 1405 5393 sursum
1436 5335 2037 5394 dcorsumTheodorun

2159 5339 2298 5413 «pb;
2333 5341 2516 5412 Μάριν
2542 5342 2634 5395 τὸν
2657 5341 2896 5412 Πέρσην,
2927 5343 2988 5395 ὲν
3090 5339 3204 5394 ἀνω
3245 5339 3342 5392 καὶ
3385 5336 3538 5390 κάτω
3571 5337 3731 5388 ὲπαι-

492 5429 720 5493 laudat,
778 5429 935 5499 cujus
965 5429 1294 5484 auctoritate
1327 5431 1578 5500 dogmata
1635 5445 1732 5485 sua
1779 5431 2030 5485 Nestoriu

2162 5433 2246 5486 νεῖ
2291 5431 2382 5485 τὸν
2413 5432 2710 5503 Θεόδωρον,
2739 5434 2830 5502 ἀφ’
2857 5425 2918 5485 οὗ
2962 5431 3030 5486 τὰ
3060 5431 3249 5498 ,οίκεῖα
3282 5429 3534 5498 δόγματα
3579 5428 3732 5496 ἰσχυ-

492 5519 876 5576 confirmabat.
928 5519 1039 5575 Nos
1099 5535 1230 5575 vero
1281 5521 1616 5576 Theodoreti
1669 5521 1864 5592 dogma
1913 5538 2037 5592 quoc

2169 5523 2348 5594 ρίζετο
2373 5523 2403 5575 6
2429 5523 2744 5594 Νεστόριος.
2775 5523 3021 5594 Λέγομεν
3061 5519 3155 5576 οὖν
3194 5520 3332 5591 πρὸς
3367 5521 3468 5590 μὲν
3496 5518 3558 5572 τὸ
3606 5517 3735 5570 Θεο-

487 5611 730 5675 attinet,
779 5611 1049 5675 dicimus,
1097 5627 1208 5666 non
1242 5611 1396 5681 prius
1442 5629 1472 5666 a
1525 5611 1731 5683 synodo
1779 5621 2037 5682 receptun

2166 5613 2416 5684 δωρήτου
2461 5613 2658 5685 δόγμα,
2691 5613 2774 5666 ὅτι
2829 5614 2892 5666 οὐ
2949 5613 3214 5684 πρότερον
3252 5610 3414 5665 αὐτὸν
3457 5607 3671 5673 ἐδέξατο
3697 5606 3732 5675 ἠ

491 5703 690 5767 fuisse,
723 5712 887 5773 quam
929 5703 1244 5760 Nestorium
1275 5715 1332 5758 et
1364 5704 1535 5774 ipsius
1578 5703 1905 5758 sententiam
1937 5718 2037 5759 ana

2172 5702 2411 5769 σύνοδος,
2441 5706 2569 5776 πρὶν
2601 5703 2997 5775 ἀναθεματίσαι
3049 5703 3342 5774 Νεστόριον
3371 5700 3467 5755 καὶ
3495 5699 3556 5751 τὸ
3602 5696 3736 5767 φρό-

490 5791 728 5852 themati
774 5794 1116 5867 subjecisset.
1150 5795 1364 5850 Rursus
1383 5794 1674 5864 objiciunt,
1704 5809 1805 5848 cur
1827 5794 2036 5866 synodu

2173 5813 2322 5868 νημα
2369 5795 2556 5849 αὐτοῦ.
2605 5792 2984 5848 ’Δλλάπάλιν
3032 5789 3406 5862 ὲπαποροῦσιν
3463 5787 3618 5856 ἡμῖν,
3652 5784 3733 5836 ὅτι

495 5889 566 5950 ab
600 5902 666 5945 oo
692 5902 797 5944 non
833 5886 1212 5967 pgsnunaveril,
1247 5895 1307 5942 ut
1349 5886 1550 5958 scripta
1591 5902 1688 5943 sua
1715 5899 1839 5958 quae
1874 5885 2037 5942 adver

2174 5889 2282 5946 Καὶ
2316 5887 2457 5942 διατί
2504 5887 2580 5960 μὴ
2622 5887 2903 5957 ἀπῄτησεν
2947 5885 3107 5940 αὐτὸν
3133 5884 3225 5938 καὶ
3269 5881 3337 5937 τὰ
3387 5879 3559 5934 οἰκεία
3606 5889 3734 5942 συγ-
