4068 6522
355 452 491 522 1237
1468 424 1475 433 '
1550 438 1649 499 DE
1690 432 1967 497 SECTIS-
2004 455 2075 469 αι
2105 434 2265 496 ACT.
2306 436 2406 496 VI.
3470 432 3607 498 1238

353 558 741 635 γράμματα,ἂ
793 558 1018 629 ἐποίησε
1075 555 1209 628 πρὸς
1267 554 1337 607 τὰ
1390 551 1453 622 ιβ’
1506 548 1780 618 κεφάλαια
1827 542 1923 598 τοῦ
1953 542 1984 599 Α

2096 558 2122 598 s
2150 544 2214 598 12
2237 544 2383 600 beati
2415 543 2603 616 Cyrilli
2639 543 2882 615 capitula
2930 558 3350 618 composuerat,
3384 550 3609 605 anathe-

358 634 635 726 μακαρίου
664 650 959 722 Κυρίλλου,
982 645 1383 719 ἀναθεματίσαι
1415 660 1430 708 ;
1458 641 1603 714 Πρὸς
1642 639 1804 695 τοῦτο
1848 637 1930 690 λέ-

2094 634 2365 689 atizaret?
2395 635 2836 705 Respondemus,
2872 636 2942 691 ob
2976 638 3032 693 id
3062 654 3175 695 non
3209 649 3318 695 tam
3340 654 3605 697 accusan-

355 724 547 819 γομεν,
576 746 658 799 ὅτι
700 743 862 797 τούτο
914 742 1018 795 ούκ
1057 740 1166 795 ἔδει
1218 739 1357 809 αὐτῇ
1407 738 1473 807 τῇ
1525 734 1730 803 συνόδῳ
1793 729 1931 801 μᾶλα

2089 740 2162 778 ιιι]
2198 724 2467 795 synodum
2492 764 2507 788 ,
2553 740 2716 795 quam
2767 726 2946 797 ipsum
2987 727 3249 799 Cyrillum
3275 771 3290 796 ,
3328 731 3608 787 hominem

356 816 449 891 λον
507 834 827 904 ἐγκαλέσαι,
860 834 894 904 ἢ
927 832 1007 904 τῷ
1046 830 1188 901 ἀγίῳ
1226 827 1503 901 Κυρίλλῳ.
1547 826 1790 886 Ἐκεῖνος
1823 820 1933 890 γὰρ

2089 824 2314 869 mctum.
2347 816 2484 869 Nam
2514 816 2561 871 is
2591 818 2981 873 communione
3006 834 3130 874 cum
3152 819 3527 878 Orientalibus
3556 833 3613 879 et

360 929 650 985 κοινωνίαν
706 926 944 997 ποιήσας
1009 924 1148 995 πρὸς
1201 923 1331 985 τοὺς
1380 918 1786 981 Ἀνατολικοὺς,
1840 916 1935 969 καὶ⁹

2089 922 2160 962 lSO
2193 908 2547 964 Theodoreto
2578 909 2901 976 constituta,
2946 926 3060 967 non
3101 914 3402 982 postulavit
3448 915 3517 970 ab
3548 931 3616 969 eo

360 1022 499 1091 πρὸς
533 1019 698 1074 αὑτὸν
734 1018 828 1072 τὸν
865 1017 1241 1086 Θεοδώρητον,
1276 1014 1376 1067 οὐκ
1425 1013 1713 1083 ἀπῄτησεν
1772 1008 1935 1063 αὑτὸν

2089 1000 2481 1056 tanathemate
2513 1002 2717 1071 scripta
2748 1018 2845 1057 sua
2879 1018 3000 1072 quae
3046 1012 3238 1058 contra
3272 1005 3338 1058 12
3377 1006 3619 1076 capitula

362 1109 762 1183 ἀναθεματίσαι
794 1107 865 1162 τὰ
908 1108 1089 1160 οἰκεῖα
1121 1104 1558 1174 συγγράμματα,
1581 1102 1652 1155 τά
1687 1099 1826 1165 πρὸς
1870 1097 1941 1150 τά

2089 1100 2187 1146 icta
2209 1091 2465 1158 fuissent,
2489 1100 2893 1150 exsecraretur.
2921 1092 3079 1161 Quod
3110 1094 3278 1165 igitur
3299 1095 3415 1166 ipse
3440 1096 3620 1169 Cyril-

365 1198 433 1272 ιβ’
467 1197 740 1268 κεφάλαια
807 1195 1099 1266 γενόμενα.
1144 1194 1210 1245 Ὀ
1250 1186 1343 1245 οὖν
1388 1192 1417 1244 ὁ
1457 1190 1613 1257 ἅγιος
1669 1184 1942 1257 Κύριλλος

2089 1200 2155 1249 ιε,
2186 1184 2272 1239 vir
2295 1194 2542 1253 sanctus,
2568 1201 2680 1242 non
2706 1186 2837 1243 fecit
2860 1227 2875 1253 ,
2907 1188 2979 1242 ob
3003 1188 3124 1259 ejus
3154 1188 3620 1244 intermissionem

364 1293 469 1347 οὐκ
492 1291 738 1362 ἐποίησε,
752 1288 961 1359 τοῦτοὴ
986 1286 1205 1349 σύνοδος
1236 1283 1445 1354 ὀφείλει
1479 1280 1837 1352 ἐγκαλεῖσθαι
1867 1278 1943 1349 μὴ

2089 1292 2121 1330 ιι
2155 1276 2397 1348 synodus
2427 1278 2640 1349 culpari
2672 1280 2961 1335 meretur?
2983 1280 3162 1350 Atque
3188 1281 3432 1353 synodus
3462 1281 3517 1335 id
3538 1281 3621 1337 fe-

368 1383 683 1455 ποιήσασα;
718 1380 916 1435 Καίτοι
935 1378 965 1433 δ
998 1377 1076 1450 μὴ
1108 1375 1366 1447 ἐποίησεν
1394 1376 1424 1428 ό
1455 1375 1607 1443 ἅγιος
1634 1369 1945 1443 Κύριλλος,

2089 1368 2169 1434 it,
2209 1369 2356 1439 quod
2397 1380 2620 1428 sanctus
2673 1372 2766 1428 ille
2804 1371 3043 1444 Cyrillus
3072 1388 3184 1428 non
3214 1373 3345 1429 fecit
3374 1392 3387 1428 :
3420 1374 3625 1445 quippe

370 1474 513 1546 α’ύτη
553 1473 837 1546 ἐποίησεν,
905 1470 1270 1540 ἀναγκάσασα
1315 1467 1406 1521 τὸν
1459 1465 1804 1536 Θεοδὼρητον
1856 1464 1949 1517 ἐπὶ

2089 1461 2462 1517 'heodoretum
2497 1462 2552 1518 in
2581 1464 2828 1519 omnium
2859 1465 3148 1536 praesentia
3178 1466 3358 1538 coegit
3387 1482 3485 1523 ore
3525 1482 3626 1523 suo

374 1569 595 1623 πάντων
634 1566 745 1621 ἀπὸ
772 1564 1047 1636 πόματος
1082 1560 1484 1630 ἀναθεματίσαι
1509 1559 1601 1612 τὸν
1625 1556 1946 1626 Νεστόριον,

2089 1552 2370 1609 lestorium
2400 1554 2886 1613 anathematizare.

445 1660 592 1731 Πρὸς
620 1658 678 1712 δέ
702 1657 765 1711 τὸ
792 1655 887 1709 τοῦ
931 1654 1046 1709 ἰϐἄ
1083 1652 1339 1723 λέγομεν,
1361 1652 1443 1705 ὅτι
1476 1650 1599 1704 οὐδέ
1622 1649 1810 1703 τοῦτον
1840 1646 1952 1700 ἐδέο

374 1759 525 1824 ξατο,
556 1754 606 1807 εί
662 1750 739 1823 μὴ
778 1751 1044 1821 πρότερον
1085 1748 1179 1800 τὸν
1207 1745 1504 1814 Νεστόριον
1552 1740 1952 1814 ἀναθεματίσῃ,

2089 1733 2286 1803 μιίόθηι
2336 1733 2405 1789 ab
2453 1736 2663 1806 synodo
2702 1746 2985 1808 receptum
3016 1738 3185 1795 fuisse
3220 1739 3411 1809 prius,
3465 1756 3629 1811 quam

376 1849 474 1903 καὶ
521 1845 584 1899 τὸ
629 1844 889 1916 φρόνημα
928 1840 1119 1897 αὑτοῦ.
1160 1838 1326 1892 Ἀλλά
1368 1836 1532 1892 πάλιν
1560 1834 1952 1907 ἐπαωροῦσιν,

2089 1824 2377 1880 lestorium
2403 1826 2633 1898 ejusque
2655 1829 2986 1883 sententiam
3006 1830 3344 1886 anathemati
3367 1831 3634 1903 subjecis—

512 1896 655 1987 Kal.
674 1896 825 1985 an?
880 1929 956 2001 μὴ
1012 1928 1295 2000 ἀπῄτησεν
1352 1925 1515 1980 αὐτὸν
1557 1896 1956 1996 ἀναθεματίσαι

2089 1922 2164 1972 et.
2205 1916 2313 1973 Sed
2347 1896 2557 1974 rursus
2574 1919 2845 1991 objiciunt
2878 1937 2891 1973 :
2928 1919 3040 1976 Cur
3066 1922 3135 1977 ab
3166 1937 3234 1978 eo
3258 1939 3370 1979 non
3397 1896 3631 1995 requisi-

377 2024 677 2093 Θεόδωρον,
718 2020 836 2075 ἀλλ’
861 2020 1081 2087 ἐδέξατο
1132 2016 1234 2089 τὴν
1284 2013 1578 2086 ἐπιστολὴν
1633 2014 1831 2078 αὐτοῦ,
1858 2012 1958 2085 τὴν

2089 2009 2158 2074 it,
2183 2017 2244 2064 ut
2264 2009 2617 2065 Theodorum
2664 2012 3323 2071 anathematizaretzimo
3372 2017 3633 2093 scriptam

380 2118 519 2191 πρὸς
546 2085 731 2186 Μάριν
754 2156 770 2182 ,
807 2114 867 2167 ἐν
964 2085 1140 2165 πολλά
1179 2085 1329 2163 ἐστιν
1360 2085 1600 2163 ἐπαινῶν
1626 2107 1716 2161 τὸν
1761 2106 1960 2161 8668a)-

2089 2101 2127 2155 d
2151 2101 2324 2156 Marin
2352 2102 2641 2172 epistolam
2672 2104 2901 2174 recepit,
2934 2105 2991 2176 in
3016 2122 3125 2176 qua
3147 2085 3500 2164 Theodorum
3527 2085 3641 2165 frc-

386 2228 513 2283 pov;
544 2211 669 2265 Ὀτι
698 2208 795 2263 καὶ
818 2206 978 2261 τοῦτο
1002 2205 1273 2277 πρότερον
1308 2201 1512 2274 μᾶλλον
1547 2201 1845 2271 ἐγκαλέσαι
1882 2201 1961 2272 τῷ

2089 2202 2296 2263 [uenter
2318 2194 2442 2250 lbas
2481 2195 2784 2265 praedicat?
2817 2198 3089 2254 Nimirum
3121 2207 3178 2254 et
3214 2200 3319 2256 hoc
3347 2203 3533 2271 potius
3569 2202 3636 2257 de

383 2304 527 2373 ἁγίῳ
552 2300 806 2372 Κυρίλλῳ
828 2297 1081 2368 ὤφειλον,
1115 2298 1261 2368 ἢπερ
1282 2298 1349 2367 τῇ
1388 2295 1608 2366 συνόδῳ.
1650 2294 1824 2357 Αὐτὸς
1867 2290 1961 2347 οὖν

2089 2294 2250 2341 ancto
2294 2286 2494 2358 Cyrillo
2533 2287 2707 2358 quaeri
2751 2287 3065 2354 debebant,
3112 2307 3276 2361 quam
3309 2293 3377 2348 de
3406 2293 3633 2365 synodo.

384 2399 415 2451 ό
432 2398 491 2450 ἐν
507 2396 683 2465 ἁγίοις
701 2392 988 2463 Κύριλλος,
1005 2390 1357 2461 ζητησάντων
1378 2388 1541 2443 τινῶν
1562 2388 1664 2459 Ιἤδη
1687 2386 1964 2455 ἀναθεμα-

2089 2382 2198 2437 lam
2229 2390 2433 2438 sancta:
2460 2384 2742 2439 memoria:
2769 2383 3031 2456 Cyrillum
3052 2427 3067 2451 ,
3100 2400 3224 2439 cum
3254 2386 3508 2440 nonnulli
3534 2387 3639 2440 hoc

386 2491 531 2543 τίσαι
558 2488 650 2542 τὸν
672 2486 966 2557 Θεόδωρον,
986 2484 1236 2553 φαίνεται
1268 2481 1497 2553 γράφων
1528 2482 1665 2549 πρὸς
1698 2478 1961 2551 Πρόκλον,

2089 2488 2246 2545 psum
2278 2485 2611 2545 quaererent,
2640 2485 2701 2531 ut
2730 2476 3060 2534 Theodorus
3089 2478 3428 2533 anathemati
3468 2479 3640 2550 subji—

387 2583 471 2637 δτι
494 2581 555 2635 ού
583 2581 664 2634 δεῖ
682 2577 1122 2649 ἀναθεματίζειν.
1156 2577 1219 2630 Ol
1240 2576 1349 2646 γὰρ
1388 2573 1722 2629 Ἀνατολικοὶ
1742 2572 1963 2638 πάντες,

2089 2574 2325 2629 :eretur,
2370 2565 2438 2620 ad
2482 2566 2740 2622 Proclum
2774 2568 3060 2638 scripsisse
3108 2578 3359 2636 constat;
3415 2561 3641 2625 minimc

390 2675 549 2745 φησὶ,
590 2674 763 2744 μέγαν
811 2670 998 2741 έχουσι
1039 2667 1363 2722 διδάσκαλον
1408 2667 1499 2722 τὸν
1527 2665 1804 2737 Θεόδωρον
1829 2704 1844 2730 ,
1872 2665 1969 2718 καὶ

2089 2656 2423 2712 l‘heodorum
2442 2658 2895 2714 anathematizari
2918 2660 3139 2717 debere.
3160 2662 3297 2716 Nam
3314 2662 3639 2724 Orientales.

389 2766 489 2819 ἐὰν
517 2764 681 2818 αὐτὸν
713 2761 1233 2833 ἀναθεματίσωμεν,
1265 2759 1410 2830 μέγα
1455 2757 1663 2828 σχίσμα
1704 2756 1970 2825 ποιοῦμεν

2093 2749 2252 2819 nquit
2277 2791 2291 2816 ,
2359 2749 2604 2805 universi
2638 2751 2993 2807 Theodorum
3046 2769 3149 2823 pro
3191 2770 3387 2826 magno
3418 2756 3644 2811 doctore

392 2857 453 2911 ἐν
479 2858 547 2927 τῇ
581 2854 881 2925 Ἐκκλησία
900 2852 1010 2906 τῶν
1042 2850 1428 2916 Ἀνατολικῶν,
1457 2843 1534 2904 ὧν
1556 2843 1638 2912 εἷς
1662 2847 1760 2901 καὶ
1797 2847 1967 2911 ἰδᾶς,

2089 2843 2300 2908 labent,
2328 2858 2491 2913 quem
2512 2843 2557 2898 si
2585 2844 2922 2898 anathemati
2946 2844 3436 2916 subjecerimus,in
3454 2845 3649 2901 Orien-

397 2945 475 3017 μὴ
503 2944 872 3015 ἀνασχόμενος
900 2942 1066 2997 αὑτὸν
1095 2940 1516 3011 ἀναθεματίσαι.
1553 2943 1620 2994 Ὃ
1648 2939 1743 2994 οὖν
1763 2942 1792 2993 ό
1815 2939 1971 3009 ἅγιος

2089 2935 2267 2991 .alium
2320 2936 2568 2991 Ecclesia
2628 2935 2920 2991 dissidium
2988 2935 3181 3006 ingens
3236 2938 3645 2994 excitabimus:

394 3034 665 3107 Κύριλλος
702 3033 929 3099 ἐκώλυε,
964 3032 1125 3087 τοῦτο
1178 3031 1297 3096 πῶς
1342 3029 1457 3102 εἶχε
1497 3032 1721 3102 ποιῆσαι
1772 3033 1807 3103 ἡ
1847 3030 1973 3084 σύν-

2089 3040 2313 3094 quorum
2339 3040 2482 3080 unus
2508 3033 2593 3080 est
2619 3025 2762 3089 lbas,
2796 3024 2890 3094 qui
2915 3040 3042 3080 eum
3061 3026 3515 3081 anathematizari
3540 3044 3650 3082 nou

395 3127 552 3193 οδος;
584 3125 645 3178 Εἰ
685 3125 743 3179 δὲ
780 3124 876 3180 καὶ
903 3122 1109 3195 δῶμεν,
1139 3122 1225 3177 ὅτι
1257 3120 1512 3192 φανερῶς
1533 3117 1675 3194 ἦσαν
1704 3123 1974 3193 αίρετικοὶ

2089 3116 2336 3187 patietur.
2372 3116 2530 3184 Quod
2554 3132 2685 3187 ergo
2723 3126 2947 3173 sanctus
2972 3117 3208 3190 Cyrillus
3235 3119 3355 3175 fieri
3385 3121 3653 3189 prohibe-

2126 1643 2190 1699 V.
2219 1641 2376 1710 Quod
2413 1644 2562 1699 Ibam
2613 1645 2840 1714 attinet,
2872 1646 3268 1717 respondemus
3294 1687 3308 1713 ,
3360 1664 3430 1704 ne
3481 1649 3631 1705 hunc

396 3212 566 3285 οὗτοι,
584 3218 706 3273 ούδέ
726 3216 902 3281 οὕτως
930 3216 1164 3288 ὤφειλον
1182 3214 1587 3271 ἀποϐάλλεσθαι
1609 3218 1707 3286 τῆς
1725 3214 1970 3269 συνόδου.

2089 3208 2198 3273 bat,
2249 3225 2358 3278 quo
2408 3218 2568 3279 pacto
2614 3209 2856 3281 synodus
2904 3210 3085 3265 facere
3131 3219 3349 3280 poterat
3369 3211 3397 3265 ?~
3440 3210 3559 3265 Jam
3607 3212 3653 3266 si

410 3311 542 3366 Ἰδοὺ
615 3310 726 3382 γὰρ
802 3310 894 3365 καὶ
949 3310 982 3381 ἡ
1064 3311 1123 3363 ἐν
1183 3308 1389 3380 Νικαίᾳ
1463 3307 1678 3372 σύνοδος
1757 3307 1975 3375 ἐδέξατο

398 3401 543 3457 ἑπτὰ
561 3401 892 3475 αίρετικοῦς,
923 3401 1020 3456 καὶ
1051 3399 1161 3473 πρὸ
1187 3400 1381 3454 τούτου
1417 3399 1853 3472 Ἀρειανοῦντας,
1880 3401 1976 3454 καὶ

404 3494 544 3566 μετά
580 3494 753 3549 ταῦτα
803 3493 1218 3565 ἐπιμείναντας.
1250 3493 1362 3546 Kal.
1405 3492 1557 3563 ὅμως
1591 3491 1654 3545 ού
1695 3492 1783 3546 διά
1816 3491 1977 3545 τοῦτο

398 3586 634 3658 λέγομεν
686 3585 789 3658 τὴν
834 3585 1072 3653 σύνοδον,
1122 3584 1247 3652 τια’,
1302 3584 1441 3640 ἀλλά
1492 3590 1621 3655 τιη’,
1680 3585 1776 3638 καὶ
1845 3584 1979 3637 Ἰου-

404 3679 654 3743 6ενάλιος
680 3679 763 3747 δὲ,
793 3680 823 3733 ό
863 3678 1255 3751 Ἱεροσολύμων
1319 3678 1641 3744 ἐπίσκοπος,
1675 3678 1769 3732 καὶ
1830 3676 1979 3733 ἄλλοι

402 3773 551 3837 τινές
599 3772 710 3828 τῶν
766 3772 1077 3843 γενομένων
1132 3772 1193 3825 ἐν
1242 3772 1308 3843 τῇ
1360 3772 1418 3825 ἐν
1481 3769 1691 3840 Ἐφέσῳ
1747 3769 1979 3840 δευτέρᾳ

406 3865 628 3937 συνόδῳ,
662 3865 729 3936 ἢν
755 3863 1131 3935 κατεδέχοντο,
1158 3862 1462 3934 εὑρέθησαν
1496 3863 1555 3915 ἐν
1581 3861 1907 3933 Χαλκηδόνι.

2083 3304 2316 3361 maxime
2342 3321 2632 3375 ponamus,
2665 3306 2766 3361 bos
2790 3305 2929 3362 duos
2956 3307 3135 3377 palam
3160 3306 3331 3362 fuisse
3355 3306 3617 3362 sectarios
3638 3347 3652 3371 ,

2086 3407 2269 3453 tamen
2311 3412 2381 3451 ne
2435 3398 2516 3451 sic
2559 3397 2780 3467 quidem
2834 3413 2865 3452 a
2916 3398 3125 3468 synodo
3163 3397 3657 3469 rejicidebebant.

2084 3487 2304 3542 Etenim
2350 3501 2479 3541 ecce
2519 3487 2736 3541 Nicaena
2779 3501 2999 3556 quoque
3028 3486 3271 3557 synodus
3300 3494 3509 3556 septem
3547 3486 3658 3540 ha:-

2086 3583 2289 3638 reticos
2312 3581 2553 3650 admisit,
2585 3583 2678 3652 qui
2710 3590 2765 3636 ct
2796 3582 2853 3636 in
2881 3581 3436 3650 sententiadeinceps
3466 3596 3659 3650 perse-

2086 3680 2371 3729 verarunt.
2402 3672 2515 3728 Nec
2564 3682 2749 3727 tamen
2805 3672 3013 3727 idcirco
3060 3687 3321 3728 vocamus
3377 3688 3499 3726 eam
3555 3672 3654 3725 511

2088 3768 2313 3822 Patrum
2344 3765 2637 3837 synodum,
2671 3764 2768 3820 sed
2797 3766 2921 3821 518.
2972 3764 3165 3820 Itidem
3224 3764 3505 3819 Iuvenalis
3534 3763 3661 3818 iiie-

2091 3858 2497 3929 rosolymorum
2519 3856 2831 3926 episcopus,
2858 3855 3022 3911 etalii
3044 3854 3265 3925 quidam
3289 3856 3383 3925 qui
3406 3854 3662 3910 secunda:

405 3956 613 4029 synodo
633 3955 926 4027 Ephesinaa
945 3955 1317 4012 interfuerant
1337 3969 1571 4026 eamque
1588 3955 1979 4025 probaverant,
2013 3953 2365 4011 Chalcedone
2394 3966 2615 4022 quoque
2640 3950 2846 4020 reperti
2890 3949 3133 4005 fuerunt.

474 4054 696 4107 Τούτων
723 4052 782 4106 δέ
809 4052 983 4117 οὕτως
1002 4052 1236 4123 ἐχόντων
1256 4093 1271 4117 ,
1302 4052 1437 4123 ἄλλη
1480 4052 1687 4123 ἀπορία
1719 4053 1855 4122 ἡμῖν
1885 4053 1980 4107 ἀν-

404 4144 545 4216 εφύη
581 4144 691 4199 ἀπὸ
721 4144 830 4198 τῶν
872 4145 1080 4216 χρόνων
1123 4142 1526 4199 Ἰουστινιανοῢ.
1567 4144 1786 4215 Ἐπειδὴ
1812 4143 1922 4214 γὰρ
1953 4143 1982 4196 ό

417 4237 814 4301 Ἰούστινιανδς,
843 4236 1067 4308 θεωρῶν
1111 4237 1241 4300 τοὺς
1294 4236 1744 4309 διακρινομένους
1807 4254 1983 4291 κατα-

405 4329 647 4393 6οῶντας
671 4329 1022 4401 Θεοδωρήτου
1053 4331 1149 4383 καὶ
1193 4329 1326 4397 Ἰϐᾶ,
1351 4330 1446 4384 xal.
1474 4330 1664 4403 ὥσπερ
1689 4330 1757 4384 δι’
1782 4331 1981 4396 αὐτοὺς

2160 4051 2250 4107 VI.
2280 4049 2409 4116 Qum
2431 4063 2557 4103 cum
2593 4047 2668 4101 ita
2696 4047 2827 4113 sint,
2860 4048 2965 4101 alia
2996 4045 3155 4100 nobis
3180 4044 3358 4100 oritur
3391 4044 3460 4100 de
3488 4045 3660 4101 Justi-

2088 4142 2240 4198 niani
2272 4140 2613 4211 temporibus
2637 4138 2950 4194 difﬁcultas.
2977 4137 3114 4193 Nam
3138 4137 3267 4208 quia
3297 4136 3658 4203 Justinianus,

2089 4236 2184 4307 qui
2197 4234 2414 4291 videret
2430 4231 2568 4288 Ηωεί
2578 4239 2757 4287 tantes
2771 4231 3074 4285 occlamare
3091 4229 3441 4285 Theodoreto
3463 4236 3519 4284 et
3535 4229 3661 4291 lbm,

2090 4328 2361 4403 quasique
2391 4333 2619 4397 propter
2648 4324 2794 4394 ipsos
2823 4324 3064 4379 aversari
3097 4325 3389 4396 synodum,
3438 4325 3666 4379 anathe-

406 4418 921 4490 ἀποστρεφομένους
943 4418 1042 4491 τὴν
1066 4419 1306 4487 σύνοδον,
1334 4420 1731 4491 ἀνεθεμάτισεν
1760 4421 1978 4487 αὐτοὺς,

2089 4422 2221 4477 mati
2242 4436 2340 4475 eos
2362 4417 2629 4490 subjecit:
2653 4416 2923 4486 objiciunt
2952 4416 3114 4471 nobis
3149 4417 3508 4486 quamobrem
3542 4417 3664 4470 illos

406 4508 708 4582 ἀποροῦσιν
729 4511 882 4580 ἡμῖν,
907 4510 989 4563 ὅτι
1014 4511 1169 4563 Διατί
1200 4510 1398 4574 αὐτοὺς
1423 4511 1884 4582 ἀναθεματίζετε;
1911 4514 1982 4566 Ἦ

406 4598 567 4652 καλοὶ
596 4594 760 4669 ἦσαν,
807 4597 840 4669 ἢ
889 4596 1068 4651 κακοί.
1098 4597 1207 4649 Kal.
1245 4598 1294 4650 εί
1331 4598 1430 4667 μὲν
1480 4597 1662 4662 καλοὶ,
1705 4596 1848 4651 διατι
1891 4597 1988 4651 αύ-

405 4689 534 4752 τοὺς
595 4687 1063 4759 ἀναθεματίζετε;
1107 4689 1171 4741 Εἰ
1230 4688 1286 4741 δὲ
1342 4690 1527 4753 κακοὶ,
1582 4689 1727 4743 διατί
1784 4688 1986 4752 αὐτοὺς

406 4782 623 4847 ἐδέξατο
647 4784 680 4852 ή
723 4780 983 4845 σύνοδος;
1021 4779 1081 4832 Ei
1122 4780 1228 4851 γὰρ
1292 4781 1388 4835 καὶ
1433 4781 1592 4852 ὑμεῖς
1632 4781 1727 4836 νῦν
1788 4781 1986 4845 αὐτοὺς

407 4872 860 4943 ἀναθεματίζετε,
884 4871 959 4936 ὡς
1003 4872 1230 4938 κακοὺς,
1264 4871 1317 4924 τί
1362 4873 1501 4945 πρὸς
1552 4874 1649 4946 τὴν
1679 4875 1737 4928 ἐν
1770 4873 1989 4944 Χαλκη-

407 4961 516 5015 δόνι
546 4962 785 5028 σύνοδον,
814 4964 916 5034 τὴν
940 4961 1244 5035 δεξαμένην
1268 4962 1488 5028 αὐτοὺς,
1517 4964 1583 5035 ἣν
1627 4966 1789 5033 ὑμεῖς
1814 4981 1988 5018 κατα-

410 5051 668 5123 δέχεσθε;
703 5054 847 5125 Πρὸς
880 5054 1043 5108 τοῦτο
1081 5053 1336 5125 λέγομεν,
1370 5056 1453 5109 ὄτι
1502 5055 1624 5109 κατ’
1674 5056 1988 5126 οἰκονομίαν

414 5142 537 5197 τινά
567 5144 728 5197 τοῦτο
748 5146 971 5217 ἐποίησε
1007 5147 1406 5211 Ἰουστινιανός.
1440 5147 1659 5220 Ἐπειδὴ
1684 5148 1794 5219 γὰρ
1818 5148 1986 5220 ἐώρα,

411 5235 604 5305 ῶσπερ
637 5236 887 5308 εἴπομεν,
927 5239 1059 5303 τοὺς
1097 5240 1552 5311 διακρινομένους
1618 5241 1708 5296 διά
1765 5240 1989 5307 τούτους

411 5325 925 5397 ἀποστρεφομένους
974 5327 1075 5401 τὴν
1136 5328 1378 5397 σύνοδον,
1435 5330 1689 5400 ἐνόμισεν
1747 5331 1834 5384 ὅτι
1893 5333 1989 5386 ἐάν

411 5414 788 5486 ἀναθεματίσῃ
842 5417 1061 5484 αὐτοὺς,
1102 5421 1250 5474 ποιεῖ
1297 5420 1551 5492 δεχθῆναι
1600 5423 1700 5492 τὴν
1751 5421 1988 5477 σύνοδον.

428 5508 707 5578 Ἡγήσατο
753 5502 846 5561 οὖν
886 5507 981 5562 δύο
1024 5510 1179 5575 τινάς
1246 5511 1753 5584 ἀναθεματίσαι(εί
1781 5513 1876 5567 καὶ
1915 5514 1989 5585 μὴ

414 5598 524 5654 ἔδει
552 5598 750 5662 αὐτοὺς
800 5598 1361 5675 ἀναθεματισθῆναι),
1395 5605 1482 5657 ἵνα
1530 5604 1751 5658 πάντων
1795 5605 1991 5660 ἕνωσιν

414 5689 640 5760 ποιήσῃ.
672 5688 780 5742 Kal.
828 5689 919 5744 διά
972 5692 1131 5747 τοῦτο
1173 5694 1564 5765 ἀνεθεμάτισεν
1615 5695 1816 5760 αὐτούς
1842 5712 1858 5729 ο
1896 5695 1990 5749 καὶ

414 5781 564 5850 ὅμως
596 5780 718 5835 οὐδὲ
751 5778 925 5844 οὕτως
958 5782 1206 5848 ἐδέξαντο
1228 5784 1276 5838 oi
1305 5783 1704 5859 διακρινόμενοι
1732 5785 1827 5861 τὴν
1860 5787 1987 5844 σύν-

414 5873 551 5929 οδον.

2086 4510 2654 4568 anathematizemus?
2694 4509 2819 4563 ‘Aut
2881 4507 3013 4562 boni
3074 4508 3285 4563 scilicet
3332 4518 3531 4570 erant,
3570 4517 3666 4561 aut

2088 4604 2238 4659 mali.
2272 4603 2328 4658 Si
2360 4603 2522 4667 boni,
2567 4616 2667 4655 cur
2700 4586 2805 4654 eos
2830 4599 3353 4654 anatliematizatis?
3394 4600 3476 4652 sin
3509 4599 3659 4661 mali,

2087 4711 2189 4750 cur
2218 4710 2248 4749 a
2277 4692 2485 4765 synodo
2515 4691 2721 4761 recepti
2748 4691 2914 4745 sunt?
2952 4689 3107 4756 Quod
3138 4689 3183 4743 si
3218 4705 3316 4744 vos
3345 4691 3457 4759 jam
3490 4689 3658 4757 ipsos,

2091 4795 2153 4841 ut
2186 4785 2358 4839 malos
2389 4782 2863 4836 anathematizatis
2886 4822 2900 4847 ,
2935 4779 3068 4849 quid
3116 4780 3222 4833 hoc
3263 4779 3331 4833 ad
3359 4777 3665 4833 Chalcedo-

2090 4893 2259 4933 nense
2281 4874 2598 4940 concilium,
2632 4890 2661 4929 a
2704 4874 2862 4929 vobis
2892 4873 3183 4943 probatum
3210 4871 3358 4941 quod
3392 4885 3492 4925 eos
3516 4886 3668 4925 τερος

2091 4969 2209 5040 pit?
2231 4968 2312 5023 Ad
2341 4968 2447 5022 hoc
2480 4966 2908 5037 respondemus,
2952 4964 3347 5020 Justiniannm,
3370 4964 3477 5018 hoc
3509 4973 3664 5019 certo

2090 5061 2328 5132 quodam
2354 5060 2587 5115 consilio
2613 5057 2827 5113 fecisse.
2854 5058 2985 5112 Nam
3004 5057 3135 5125 quia
3158 5056 3406 5119 videbat,
3440 5065 3500 5111 ut
3522 5056 3665 5111 dixi-

2092 5171 2233 5218 mus,
2263 5154 2462 5208 horum
2497 5168 2661 5208 causa
2690 5149 3017 5205 llaesitantes
3069 5149 3340 5221 synodum
3400 5151 3664 5209 aversari,

2091 5246 2469 5318 perfecturum
2519 5260 2577 5300 se
2624 5244 2883 5315 putabat,
2944 5251 3003 5296 ut
3165 5240 3664 5303 anathematizatis,

2092 5338 2332 5410 synodus
2385 5334 2729 5405 reciperetur
2788 5350 2801 5386 :
2858 5330 3092 5401 ideoque
3154 5330 3294 5385 duos
3348 5330 3669 5384 anathema-

2093 5428 2343 5483 tizandos
2391 5426 2548 5482 duxit
2597 5427 2943 5497 (quanquam
3003 5422 3228 5477 minimc
3300 5422 3668 5476 anathemati-

2094 5528 2242 5575 zatos
2287 5516 2591 5589 Oportuit),
2622 5526 2680 5573 ut
2708 5532 2902 5572 omnes
2940 5515 3007 5570 ad
3057 5514 3317 5569 unionem
3351 5513 3625 5583 redigeret
3655 5530 3666 5563 :

2094 5615 2235 5668 hanc
2270 5613 2440 5685 igitur
2475 5612 2546 5666 ob
2580 5626 2802 5667 causam
2841 5609 2963 5663 illos
3022 5604 3363 5661 anathemati
3411 5602 3667 5674 subjecit.

2098 5704 2297 5761 Verum
2324 5718 2392 5758 ne
2417 5702 2497 5758 sic
2529 5702 2752 5773 quidem
2777 5701 3001 5758 adducti
3038 5710 3166 5755 sunt
3194 5696 3521 5753 llaesitautcs
3547 5734 3561 5756 .
3610 5699 3670 5747 ut

2102 5795 2727 5871 synodumrccipereut.
