4068 6538
503 411 638 478 1239

1747 424 2058 486 LEONTII
2101 426 2418 487 BYZANTI
2428 427 2509 487 NI

3619 439 3786 502 ιειυ

497 625 958 706 I’ltilosophicis
1020 629 1433 704 respondetur
1487 630 1846 731 rptionihusj
1891 634 2467 731 q’ttqsf‘ltesitqntes
2516 636 2891 731 p/I‘erebant,
2937 649 3005 700 ut
3047 644 3579 720 reprehenderent
3627 669 3787 731 quas

1503 709 1760 785 fuerant
1806 710 1878 769 de
1906 709 2164 772 Christi
2214 721 2446 773 natura
2492 709 2763 777 decreta.

1118 831 1325 888 ACTIO
1355 834 1469 889 VII.

561 921 606 976 l.
626 922 755 978 Post
770 924 1172 992 expositionem
1193 935 1667 994 argumentorum,
1684 943 1751 983 ex
1775 929 1910 999 ipsis
1931 929 2068 986 actis

492 1013 792 1084 petitorum
818 1055 833 1080 ,
886 1016 956 1070 ad
1008 1031 1074 1070 ea
1125 1027 1492 1084 transeamus,
1526 1035 1648 1088 quae
1689 1021 2069 1077 ratiocinando

492 1106 656 1162 nobis
671 1107 963 1177 objiciunt.
987 1107 1231 1163 Primum
1255 1110 1390 1164 illud
1413 1122 1498 1166 est
1522 1128 1536 1164 :
1566 1111 1622 1166 Si
1647 1111 1783 1167 duas
1815 1123 2065 1179 naturas,

492 1195 796 1266 inquiunt,
839 1198 897 1252 in
925 1197 1146 1253 Christo
1193 1199 1382 1256 dicitis
1405 1242 1420 1266 ,
1466 1201 1692 1257 omnino
1727 1203 1863 1258 duas
1895 1204 2065 1258 etiam

492 1289 818 1361 hypostases
850 1291 1084 1347 traditis.
1113 1292 1168 1348 Si
1191 1294 1328 1348 duas
1347 1294 1696 1365 hypostases,
1729 1295 1897 1350 etiam
1929 1297 2067 1351 duas

490 1398 780 1452 personas,
806 1394 863 1438 et
891 1383 1032 1440 duos
1059 1384 1338 1452 Christos,
1365 1396 1422 1442 et
1450 1387 1591 1443 duos
1621 1387 1783 1455 ﬁlios,
1814 1389 2066 1459 adeoque.

491 1474 852 1544 reperiemini
895 1477 1088 1532 eadem
1141 1479 1349 1533 sentire
1399 1495 1520 1549 quae
1565 1480 1874 1536 Nestorius.
1913 1481 2066 1537 llanc

489 1567 857 1637 objectionem
885 1577 942 1624 et
968 1569 1221 1624 instando
1241 1579 1298 1624 et
1321 1571 1652 1641 opponendo
1685 1571 2061 1628 dissolvimus.

487 1659 782 1726 lnstando;
809 1661 937 1730 quia
967 1662 1110 1716 male
1135 1661 1398 1732 objicitis,
1429 1654 1484 1718 et
1521 1664 1660 1719 adeo
1700 1663 1946 1734 quidem,
2003 1674 2065 1719 ut

485 1751 678 1808 eadem
701 1753 1017 1808 absurditas
1053 1755 1211 1810 vobis
1231 1771 1450 1825 quoque
1487 1757 1795 1825 colligatur.
1828 1757 1885 1812 Si
1913 1758 2062 1812 enim

485 1844 767 1900 Christum
790 1860 856 1900 ex
881 1846 1099 1902 duabus
1120 1848 1338 1902 naturis
1367 1848 1572 1912 dicitis,
1604 1859 1770 1904 erunt
1800 1851 2062 1905 nimirum

483 1949 540 1992 et
575 1938 897 2009 bypostases
927 1939 1070 2003 duae,
1119 1947 1175 1995 et
1206 1940 1331 1995 duae
1391 1955 1642 2010 personae
1691 1956 1939 1996 seorsum
2000 1957 2064 1996 ac

485 2029 840 2098 peculiariter
893 2031 1358 2103 circumscriptae;
1406 2042 1780 2104 sequeturque
1819 2034 1886 2088 de
1937 2036 2060 2104 Opi—

2779 842 3030 897 ΠΡΑΞΙΣ
3086 848 3162 900 Z'.

2247 930 2404 984 Μετὰ
2460 932 2528 986 τὰ
2585 933 2694 987 ἀπὸ
2749 934 2858 989 τῶν
2905 938 3262 1008 πραχθέντων
3309 943 3727 1015 ἐπιχειρήματα
3755 987 3775 1011 .

2180 1022 2534 1093 μετέλθωμεν
2579 1029 2674 1078 καὶ
2716 1026 2808 1078 ἐπὶ
2852 1029 3280 1100 ἐπιχειρήματα,
3315 1033 3459 1105 ἅπερ
3483 1037 3617 1106 ἡμῖν
3652 1039 3781 1092 ἀπὸ

2177 1114 2552 1186 συλλογισμῶν
2579 1118 2999 1190 προϐάλλονται.
3034 1116 3134 1175 Ὧν
3159 1125 3376 1193 πρῶτόν
3415 1129 3530 1182 ἐστι
3576 1131 3775 1186 τοῦτο·

2176 1208 2239 1261 Εί
2294 1209 2390 1262 δύο
2424 1210 2635 1279 φύσεις,
2671 1215 2826 1282 φασὶ,
2851 1214 3039 1284 λέγετε
3074 1218 3132 1270 ὲν
3160 1219 3238 1288 τῷ
3265 1218 3512 1293 Χριστῷ,
3539 1223 3776 1290 πάντως

2175 1303 2270 1354 καὶ
2289 1301 2383 1355 δύο
2400 1303 2726 1368 ὑποστάσεις
2743 1303 2952 1374 λέγετε.
2974 1309 3038 1362 Ei
3055 1309 3148 1363 δύο
3163 1311 3512 1379 ὑποστάσεις,
3538 1319 3632 1371 καὶ
3662 1319 3768 1372 δύο

2173 1393 2465 1461 πρόσωπα,
2493 1394 2706 1448 καὶδύο
2736 1397 3027 1467 Χριστσὺς,
3061 1401 3158 1454 καὶ
3196 1401 3291 1456 δύο
3333 1405 3484 1469 υἱούς
3505 1423 3520 1437 ·
3553 1409 3644 1461 καὶ
3673 1409 3772 1462 εὑ·

2176 1483 2475 1555 ρεθήσεσθε
2506 1487 2573 1540 τὰ
2600 1488 2740 1541 αὐτὰ
2772 1491 3096 1560 φρονοῦντες
3111 1492 3189 1564 τῷ
3205 1496 3504 1568 Νεστορῖῳ.
3539 1501 3768 1572 Ταύτην

2171 1575 2272 1643 τὴν
2327 1577 2564 1648 ἀπορίαν
2613 1580 2946 1650 ὲπιλυόμεθα
2976 1583 3226 1638 ὲνστάσει
3273 1591 3366 1641 καὶ
3413 1590 3762 1647 ἀντιστάσει.

2183 1667 2464 1722 Ἐνστάσει
2509 1670 2629 1738 μὲν,
2661 1672 2746 1724 ὄτι
2775 1673 2964 1736 κακῶς
3013 1676 3272 1747 ἀπορεῖτε
3292 1718 3308 1742 ,
3340 1681 3434 1733 καὶ
3478 1681 3758 1748 τοσοῦτον,

2171 1759 2254 1811 ὅτι
2284 1759 2378 1812 καὶ
2409 1761 2539 1830 ὑμῖν
2578 1762 2640 1815 τὸ
2686 1764 2821 1817 αὐτὸ
2862 1765 3160 1834 συνάγεται
3199 1768 3423 1826 ἄτοπον.
3455 1772 3519 1826 Ei
3552 1777 3660 1844 γὰρ
3691 1777 3760 1829 ἐκ

2171 1851 2265 1905 δύο
2294 1852 2511 1922 φύσεων
2533 1853 2718 1922 λέγετε
2753 1854 2843 1908 τὸν
2868 1857 3125 1928 Χριστὸν,
3143 1860 3343 1915 οὐκοῦν
3389 1862 3483 1915 δύο
3515 1864 3757 1919 ὑποστά-

2173 1959 2306 2007 σεις,
2341 1944 2436 1996 καὶ
2467 1941 2562 1997 δύο
2596 1945 2868 2017 πρόσωπα
2901 1947 3024 2002 καθ’
3053 1949 3246 2018 ἑαυτὰ,
3274 1952 3368 2005 καὶ
3400 1952 3752 2026 ίδιοπεριόρι-

2172 2051 2274 2090 στα
2305 2051 2319 2066 ’
2357 2037 2452 2090 καὶ
2481 2032 2548 2108 ἦν
2578 2053 2710 2092 ποτε
2753 2038 2880 2092 καθ’
2916 2039 3062 2110 ὑμᾶς
3102 2044 3136 2113 ἡ
3169 2043 3531 2115 ἀνθρωπότης
3577 2049 3751 2118 χωρὶς

484 2124 650 2178 nione
667 2131 868 2189 vestra,
893 2124 1039 2194 quod
1057 2133 1177 2179 erat
1194 2125 1509 2180 humanitas
1534 2125 1830 2196 aliquando
1855 2126 2058 2196 absque

2167 2129 2271 2198 τῆς
2302 2129 2579 2200 θεότητος,
2611 2131 2752 2202 ὅπερ
2775 2132 2998 2198 ἄτοπον,
3029 2134 3126 2188 καὶ
3153 2135 3276 2190 οὐδὲ
3307 2137 3467 2207 ὑμεῖς
3489 2139 3754 2208 ἀνέχεσθε

484 2212 774 2269 divinitate
808 2231 824 2268 :
861 2216 1008 2285 quod
1040 2216 1341 2271 absurdum
1369 2226 1473 2280 est,
1509 2233 1572 2272 ac
1603 2234 1671 2272 ne
1699 2233 1796 2272 vos
1841 2219 2058 2288 quidem

2170 2221 2523 2293 ὁμολογῆσαν
2553 2222 2583 2276 ὃ
2623 2201 2733 2294 γὰρ
2777 2225 2938 2294 ὑμεῖς
2997 2224 3188 2294 λέγετε
3254 2201 3526 2298 ἑνωθῆναι
3550 2271 3564 2294 ,
3591 2201 3756 2285 τοῦτο

485 2305 641 2360 fateri
672 2307 978 2363 sustinetis.
1011 2308 1147 2362 Nam
1173 2308 1318 2378 quod
1343 2324 1443 2362 vos
1467 2307 1649 2363 dicitis
1676 2309 1893 2362 unitum
1920 2325 2060 2376 esse,

485 2397 591 2452 hoc
619 2413 723 2454 nos
753 2399 990 2454 dicimus
1021 2408 1148 2470 post
1186 2401 1470 2455 unionem.
1517 2400 1816 2455 Enimvero
1861 2401 1906 2454 si
1951 2416 2064 2456 non

483 2490 860 2561 hypostaticas
895 2502 1122 2548 naturas
1147 2494 1332 2548 unitas
1363 2509 1484 2548 esse
1517 2493 1704 2547 dicitis
1729 2531 1744 2557 ,
1788 2493 1935 2549 idem
1959 2509 2062 2548 nos

482 2597 706 2652 quoque
731 2583 971 2640 dicimus
1003 2602 1018 2639 :
1046 2586 1133 2640 sin
1183 2585 1596 2656 bypostaticas,
1647 2584 1949 2640 absurdum
2006 2585 2061 2640 id

482 2675 709 2745 quidem
738 2676 930 2743 fateri;
970 2677 1069 2732 sed
1095 2677 1345 2733 dicemus
1375 2686 1582 2743 tamen,
1613 2677 1776 2732 vobis
1804 2677 1947 2732 hanc
1967 2677 2062 2732 ab-

482 2767 811 2823 surditatem
841 2770 1077 2826 exorsis.
1129 2769 1200 2826 Ut
1246 2779 1429 2825 autem
1471 2778 1528 2826 et
1571 2769 1905 2840 opponendo
1951 2771 2063 2825 sol-

482 2874 677 2914 vamus
713 2861 1011 2930 obiectum,
1053 2861 1214 2916 aliam
1253 2877 1475 2932 quoque
1513 2861 1894 2916 diliicultatem
1923 2860 2060 2914 aﬂ'e-

392 3009 396 3012 ,
482 2959 632 3015 runt,
661 2951 828 3021 priori
851 2951 1111 3016 similem,
1137 2951 1234 3006 sed
1250 2967 1372 3021 qua:
1396 2951 1618 3006 diverso
1639 2949 1876 3020 quodam
1898 2950 2060 3004 modo

483 3039 726 3105 texitur;
754 3055 862 3110 qua
892 3041 1071 3094 soluta
1102 3055 1324 3110 quoque
1371 3040 1627 3109 superior
1667 3039 1796 3094 erit.
1834 3039 1932 3093 Est
1957 3053 2060 3092 au-

484 3142 592 3187 tem
632 3133 951 3204 huiusmodi
985 3151 1000 3188 :
1031 3133 1087 3188 Si
1117 3134 1256 3188 duas
1287 3141 1512 3187 naturas
1540 3131 1750 3197 dicitis,
1777 3131 2057 3201 inquiunt,

482 3233 578 3279 aut
612 3226 969 3297 hypostaticte
997 3234 1147 3291 sunt,
1187 3234 1284 3280 aut
1311 3241 1422 3280 non
1452 3224 1828 3296 hypostaticaz.
1862 3223 1919 3278 Si
1959 3224 2059 3293 hy-

483 3318 786 3386 postaticas,
812 3333 1081 3388 personas
1119 3318 1256 3372 duas
1289 3316 1649 3372 introducitis
1672 3357 1686 3378 .
1723 3327 1779 3372 et
1809 3316 2061 3372 Christos

481 3406 626 3462 duos
647 3448 661 3472 ,
685 3415 742 3462 et
769 3407 910 3462 duos
946 3408 1108 3463 ﬁlios.
1150 3407 1208 3463 Si
1231 3424 1342 3463 non
1373 3407 1750 3478 hypostaticae,
1781 3421 1966 3461 rerum
2003 3405 2060 3460 in

2167 2313 2400 2383 λέγομεν
2427 2317 2591 2387 ἡμεῖς
2634 2316 2775 2386 μετὰ
2807 2317 2906 2387 τὴν
2932 2318 3149 2373 ἕνωσιν.
3191 2320 3256 2374 Εἰ
3289 2321 3387 2391 μὲν
3413 2321 3509 2375 οὖν
3545 2324 3752 2376 ἀνυπο-

2168 2403 2402 2468 στάτους
2457 2405 2558 2469 τὰς
2607 2406 2802 2475 φύσεις
2857 2407 3046 2477 λέγετε
3093 2411 3401 2483 ἑνωθῆναι,
3441 2413 3538 2466 καὶ
3585 2415 3754 2483 ἡμεῖς

2165 2495 2324 2548 τοῦτο
2374 2496 2647 2567 λέγομεν·
2681 2501 2729 2552 εί
2793 2499 2851 2552 δὲ
2911 2502 3334 2569 ἑνυποστάτους,
3387 2505 3592 2559 ἄτοπον
3650 2507 3752 2575 μὲν

2164 2587 2520 2658 ὁμολογῆσαι,
2541 2589 2692 2659 ὅμως
2729 2591 2785 2644 δὲ
2813 2589 3074 2662 λέγομεν,
3105 2593 3260 2663 ὑμῶν
3302 2594 3360 2648 δὲ
3388 2595 3749 2667 προαρξαμέ-

2165 2694 2273 2730 νων
2297 2679 2399 2748 τῆς
2431 2680 2686 2745 ἀτοπίας.
2729 2682 2848 2734 Ἵνα
2883 2683 2940 2736 δὲ
2977 2683 3072 2738 καὶ
3102 2687 3168 2756 τῇ
3216 2686 3531 2741 ἁντιστάσει
3569 2687 3749 2742 λύσω-

2169 2787 2270 2840 μεν
2303 2770 2403 2842 τὴν
2430 2773 2687 2844 ἀπορίαν,
2708 2775 2904 2845 ἑτέραν
2924 2775 3046 2828 τινὰ
3073 2776 3454 2846 ὲπαγαγοῦσιν
3483 2779 3744 2850 ἀπορίαν,

2163 2859 2356 2925 όμοίαν
2390 2863 2490 2932 μὲν
2519 2866 2585 2935 τῇ
2618 2864 2885 2935 προτέρᾳ,
2920 2865 3099 2929 ἄλλως
3128 2867 3186 2920 δέ
3213 2885 3333 2932 πως
3358 2868 3710 2940 πλεκομένην
3730 2887 3745 2901 ο

2162 2947 2230 3024 ἦς
2257 2953 2525 3024 λυομένης
2545 2994 2560 3018 ,
2598 2957 2693 3010 καὶ
2720 2958 2752 3024 ή
2779 2957 3032 3027 ἀνωτέρα
3072 2949 3391 3028 λυθήσεται.
3423 2960 3581 3014 Ἐστι
3610 2959 3749 3029 γοῦν

2164 3041 2389 3113 τοιαύτη
2423 3058 2438 3073 ο
2479 3045 2542 3096 El
2569 3043 2661 3097 δύο
2695 3045 2888 3114 φύσεις
2919 3045 3131 3114 λέγετε,
3163 3047 3407 3119 φασὶν,ἦ
3441 3049 3748 3102 ἐνυπόστα-

2162 3133 2247 3187 τοί
2307 3136 2414 3188 είσι
2439 3175 2454 3200 ,
2487 3135 2520 3205 ἢ
2552 3135 2937 3191 ἀνυπόστατοι.
2979 3139 3042 3190 Εἰ
3098 3139 3199 3210 μὲν
3227 3139 3323 3194 οὖν
3385 3141 3748 3195 ὲνυπόστατοί

2164 3228 2270 3279 είσι
2301 3266 2316 3289 ,
2379 3226 2473 3280 δύο
2542 3227 2815 3296 πρόσωπα
2854 3230 3106 3298 είσάγετε
3139 3271 3155 3295 ,
3187 3231 3285 3284 καὶ
3311 3231 3404 3286 δύο
3431 3232 3706 3301 Χριστοὺς
3729 3273 3747 3296 ,

2163 3318 2257 3370 καὶ
2282 3317 2375 3370 δύο
2403 3315 2574 3381 υἱούς.
2604 3318 2664 3370 El
2687 3318 2743 3371 δὲ
2772 3319 3160 3384 ἀνυπόστατοι,
3186 3321 3286 3374 οὐκ
3314 3321 3423 3392 ἄρα
3443 3320 3554 3374 τῶν
3569 3321 3748 3374 όντων

2162 3412 2301 3464 εἰσίν
2326 3425 2340 3439 ·
2383 3412 2557 3464 εἰπεῖν
2599 3410 2655 3463 δὲ
2715 3410 2814 3474 τὰς
2859 3411 3053 3478 φύσεις
3085 3411 3180 3465 τοῦ
3210 3410 3450 3482 Χριστοῦ
3483 3411 3558 3482 μὴ
3601 3407 3747 3466 εἶναι

482 3508 680 3554 natura
714 3515 826 3554 non
861 3509 1011 3556 sunt.
1055 3500 1125 3556 At
1151 3515 1286 3556 vero
1315 3500 1501 3555 dicere
1527 3540 1542 3565 ,
1576 3507 1808 3553 naturas
1851 3495 2056 3552 Christi

2166 3505 2273 3557 τῶν
2302 3503 2492 3566 όντων,
2527 3502 2746 3557 ἄτοπον.
2782 3504 2926 3575 Πρὸς
2951 3503 3157 3574 ταύτην
3183 3503 3346 3558 πάλιν
3369 3503 3471 3575 τὴν
3503 3503 3747 3575 ἀπορίαν

483 3613 594 3651 non
620 3613 742 3654 esse
768 3599 824 3653 in
855 3607 1054 3654 natura
1079 3613 1287 3665 rerum,
1328 3596 1630 3653 absurdum
1661 3601 1766 3650 est.
1799 3592 1882 3648 Ad
1912 3593 2056 3646 hanc

2166 3595 2414 3648 ἐνστάσει
2456 3595 2550 3647 καὶ
2595 3595 3045 3666 ἀντιπεριστάσει
3091 3593 3406 3665 μαχόμεθα.
3452 3595 3744 3650 Ἐνστὰσει

481 3690 848 3761 olijectionem
879 3707 1074 3747 rursus
1115 3701 1172 3747 et
1202 3690 1462 3746 instando
1489 3697 1547 3745 et
1575 3687 1905 3758 opponendo
1949 3701 2056 3756 pu-

2166 3684 2280 3754 μὲν,
2299 3684 2384 3737 ὅτι
2412 3683 2596 3746 κακῶς
2622 3685 2896 3754 ἀπορεῖτε.
2912 3685 2974 3738 Ei
2996 3684 3106 3756 γὰρ
3125 3686 3189 3738 ἐκ
3208 3685 3302 3739 δύο
3317 3686 3533 3755 φύσεων
3553 3684 3747 3754 λέγετε

482 3797 735 3851 gnamus.
786 3783 1092 3848 lnstando,
1151 3783 1279 3854 quia
1329 3782 1470 3837 male
1515 3781 1781 3852 objicitis.
1832 3780 1969 3835 Nam
2007 3779 2054 3833 si

2166 3777 2251 3830 τὸν
2301 3777 2555 3846 Χριστὸν,
2592 3769 2754 3830 αὗται
2794 3777 2852 3830 αἱ
2896 3773 3086 3844 φύσεις
3133 3776 3679 3840 ὲνυπόστατοίείσιν,
3707 3778 3745 3848 ἢ

479 3873 757 3929 Christum
798 3889 866 3930 ex
915 3875 1133 3930 naturis
1170 3875 1388 3930 duabus
1427 3873 1634 3937 dicitis,
1707 3873 1792 3926 hae
1837 3885 2058 3941 quoque

2166 3869 2547 3922 ἀνυπόστατοι.
2580 3867 2644 3920 Et
2679 3867 2778 3936 μὲν
2813 3861 2906 3921 οὖν
2947 3869 3326 3934 ὲνυπόστατοι,
3354 3869 3450 3923 δύο
3472 3869 3747 3940 πρόσωπα

481 3974 690 4020 natura
727 3966 811 4019 vel
843 3965 1202 4037 hypostaticae
1235 3975 1386 4032 sunt,
1424 3966 1512 4021 vel
1537 3980 1646 4019 non
1676 3963 2054 4032 hypostaticaa.

480 4055 538 4109 Si
569 4055 791 4124 quidem
819 4057 1196 4128 hypostaticae,
1223 4057 1363 4112 duas
1392 4071 1656 4127 personas
1680 4053 2052 4118 introducitis,

2156 3959 2431 4029 εἰσάγετε,
2457 3958 2553 4012 καὶ
2575 3959 2669 4012 δύο
2687 3960 2954 4030 Χριστοὺς
2970 3961 3064 4014 καὶ
3090 3961 3183 4014 δύο
3200 3960 3370 4025 υἱούς.
3385 3962 3449 4015 El
3469 3961 3526 4015 δὲ
3539 3961 3746 4015 ἀνυπό-

2157 4069 2363 4115 στατοι,
2382 4053 2446 4104 ὲκ
2475 4051 2548 4129 μὴ
2567 4051 2744 4104 οὑσῶν
2761 4051 2977 4120 φύσεων
2997 4052 3184 4120 λέγετε
3207 4047 3344 4106 εἶναι
3365 4052 3458 4107 τὸν
3479 4051 3742 4124 Χριστόν.

479 4154 537 4199 et
567 4145 710 4202 duos
746 4145 1002 4203 Christos
1039 4155 1098 4202 et
1139 4147 1284 4202 ﬁlios
1348 4147 1510 4202 duos.
1551 4145 1609 4200 Si
1671 4160 1782 4199 non
1849 4141 2227 4214 liypostaticae,
2275 4142 2344 4197 de
2397 4141 2613 4196 naturis
2653 4156 2763 4195 non
2817 4141 3222 4197 exsistentibus
3284 4141 3568 4198 Christum
3616 4157 3744 4197 esse

479 4240 684 4296 dicitis.

550 4333 616 4388 ll.
655 4333 728 4390 Ut
778 4341 964 4389 autem
1023 4350 1135 4390 non
1183 4349 1478 4405 pergamus
1530 4348 1648 4388 rem
1693 4329 2054 4402 inexplicabi-

479 4426 586 4481 lem
618 4441 718 4495 per
748 4425 895 4481 aliud
945 4427 1332 4497 inexplicabile
1361 4426 1662 4482 dissolvere
1698 4424 1859 4495 (nihil
1903 4423 2052 4478 enim

478 4519 535 4572 in
570 4532 637 4573 eo
671 4517 966 4587 praeclari),
985 4534 1082 4588 age
1105 4518 1351 4572 vicissim
1375 4516 1457 4571 eis
1477 4514 1803 4585 opponendo
1839 4520 2050 4577 nostra,

477 4608 847 4681 objectionem
890 4624 1083 4662 eorum
1140 4609 1282 4664 male
1303 4609 1706 4677 ’comparatam
1757 4605 2055 4674 redargua-

478 4715 622 4756 mus.
655 4699 953 4755 Sciendum
999 4699 1166 4771 igitur
1229 4699 1636 4770 hypostaticum
1697 4705 1755 4752 et
1793 4697 2051 4768 hyposta-

477 4793 563 4847 sin
593 4792 704 4846 duo
727 4792 1060 4863 signiﬁcare.
1100 4791 1235 4846 Nam
1263 4801 1320 4846 et
1344 4788 1616 4858 signiﬁcat
1649 4788 1703 4842 id
1737 4787 1884 4858 quod
1914 4787 2050 4841 sim-

2235 4323 2354 4376 Ἰνα
2381 4323 2438 4375 δὲ
2471 4321 2547 4392 μὴ
2580 4321 2778 4392 ἀπόρῳ
2804 4322 2864 4375 τὸ
2897 4321 3107 4392 ἄπορον
3131 4323 3409 4392 μείνωμεν
3437 4322 3742 4394 ἐπιλυόμε-

2162 4433 2242 4470 νοι
2274 4415 2454 4483 (τοῦτο
2474 4415 2583 4486 γὰρ
2613 4416 2765 4469 οὐδὲν
2796 4417 3090 4483 γενναῖον),
3125 4415 3258 4487 φέρε
3289 4415 3742 4487 ἀντιπεριστάσει

2156 4507 2514 4578 χρησάμενοι,
2543 4509 2644 4576 τὴν
2676 4508 2912 4578 ἀπορίαν
2941 4508 3126 4572 κακῶς
3172 4507 3404 4578 ἔχουσαν
3448 4509 3739 4577 διελέγξω-

2159 4619 2279 4672 μεν.
2318 4603 2515 4656 ’ἰστέον
2542 4602 2659 4666 οὖν,
2681 4603 2765 4656 ὅτι
2794 4603 2857 4655 τὸ
2902 4603 3267 4656 ὲνυπόστατον
3292 4603 3351 4673 (ἰ)
3380 4603 3502 4674 ἦτοι
3538 4605 3570 4674 ἡ
3599 4605 3737 4657 ὑπό-

2157 4710 2346 4757 στασις
2387 4693 2481 4747 δύο
2532 4694 2809 4763 σημαίνει.
2843 4694 3111 4763 Σημαίνει
3158 4694 3268 4761 γὰρ
3304 4693 3365 4747 τὸ
3409 4695 3601 4758 ἁπλῶς
3636 4695 3696 4747 δν
3719 4713 3735 4728 ·

2157 4783 2281 4838 καθ’
2309 4784 2338 4836 ὃ
2366 4785 2768 4855 σημαινόμενον
2821 4785 3054 4854 λέγομεν
3100 4784 3196 4838 καὶ
3243 4783 3313 4838 τὰ
3345 4785 3737 4856 συμϐεϐηκότα

478 4884 697 4955 pliciter
715 4884 969 4940 exsistit:
1025 4899 1135 4953 quo
1182 4882 1490 4954 signiﬁcato
1532 4880 1767 4936 dicimus
1818 4888 1875 4935 et
1905 4879 2052 4934 acci-

2166 4873 2522 4937 ἑνυπόστατα,
2549 4876 2598 4927 εί
2648 4875 2747 4928 καὶ
2780 4876 2840 4927 ὲν
2874 4874 3085 4944 ἑτέροις
3129 4873 3314 4944 έχουσι
3340 4873 3404 4927 τδ
3437 4869 3600 4928 εῖναι.
3627 4875 3736 4943 Ση-

477 4974 664 5030 dentia
688 4974 1006 5043 hypostasin
1037 4973 1265 5037 habere,
1298 4972 1430 5026 licet
1483 4971 1539 5024 in
1573 4969 1698 5024 aliis
1741 4983 1862 5024 esse
1891 4984 2053 5024 suum

2166 4965 2349 5034 μαίνει
2394 4965 2493 5017 καὶ
2537 4964 2599 5018 τὸ
2648 4963 2770 5018 καθ’
2797 4963 2961 5018 ἑαυτὸ
3014 4963 3111 5028 ὃν,
3168 4963 3246 5027 ὡς
3294 4962 3366 5017 τὰ
3402 4962 3585 5034 ἄτομα
3625 4963 3738 5016 τῶν

477 5067 738 5121 habeant.
771 5064 1055 5134 Signiﬁcat
1099 5073 1156 5119 et
1183 5063 1236 5117 id
1277 5064 1424 5133 quod
1472 5077 1722 5117 seorsum
1779 5069 1834 5115 et
1867 5076 1966 5130 per
1991 5075 2050 5116 sc

476 5153 712 5215 exsistit,
747 5151 931 5221 qualia
959 5161 1089 5207 sunt
1123 5151 1406 5205 individua
1437 5149 1906 5204 substantiarum:
1939 5164 2048 5218 quo

479 5245 541 5299 ﬁt
589 5252 653 5298 ut
702 5242 1109 5315 hypostaticum
1163 5259 1261 5313 per
1288 5258 1346 5298 se
1377 5241 1583 5312 duplici
1635 5242 1802 5298 modo
1830 5241 2048 5296 dicatur

477 5336 914 5408 bypostaticum:
944 5343 1215 5404 quatenus
1229 5343 1311 5390 est
1334 5335 1595 5405 quiddam
1616 5334 1904 5397 exsistens,
1932 5341 2049 5386 tum

476 5437 754 5497 quatenus
781 5442 1030 5482 seorsum
1055 5441 1120 5481 ac
1152 5443 1249 5497 per
1293 5443 1352 5483 se
1395 5427 1629 5492 exsistit,
1683 5413 1744 5481 ut
1777 5425 1972 5481 Petrus
1997 5432 2054 5480 et

476 5519 702 5574 Paulus.
751 5518 948 5574 Itidem
1003 5528 1060 5574 et
1085 5521 1221 5582 {non
1251 5519 1658 5590 hypostaticum
1697 5517 1900 5588 duplex
1927 5525 2046 5572 est:

2155 5055 2354 5108 οὐσιῶν
2378 5071 2392 5086 ·
2417 5055 2557 5108 ὥστε
2593 5054 2880 5125 συμϐαίνει
2907 5054 2967 5108 τὺ
3003 5053 3126 5107 καθ’
3147 5053 3308 5107 έαυτὺ
3347 5053 3736 5115 ὲνυπόστατον,

2153 5145 2315 5216 διχῶς
2339 5146 2594 5216 λέγεσθαι
2613 5147 2995 5200 ένυπόστατον.
3012 5145 3191 5199 Καθ’δ
3215 5145 3275 5198 ὅν
3299 5147 3471 5207 ἐστιν,
3495 5145 3590 5199 καὶ
3611 5144 3737 5197 καθ’

2155 5238 2339 5300 ἑαυτὸ.
2371 5238 2516 5293 τοῦτ’
2554 5239 2673 5292 ἐστι
2710 5237 2918 5308 Πέτρος
2957 5237 3055 5290 καὶ
3089 5237 3328 5300 Παῦλος.
3368 5237 3530 5289 Ἀλλὰ
3554 5235 3649 5288 καὶ
3671 5235 3736 5288 τὸ

2155 5331 2528 5384 ἀνυπόστατον
2548 5331 2746 5386 διττόν,
2782 5331 3019 5398 Λέγεται
3055 5329 3164 5400 γὰρ
3205 5329 3604 5390 ἀνυπόστατον,
3639 5328 3732 5380 καὶ

2151 5423 2212 5476 τὸ
2238 5423 2504 5494 μηδαμῶς
2541 5423 2622 5488 ὃν,
2647 5423 2720 5487 ὡς
2760 5422 3108 5494 τραγέλαφος
3146 5422 3242 5475 καὶ
3272 5421 3728 5488 ἱπποκένταυρος.

2146 5515 2380 5583 Λέγεται
2424 5516 2585 5569 πάλιν
2639 5517 3035 5576 ἀνυπόστατον,
3070 5513 3132 5568 οὑ
3180 5513 3244 5566 τὸ
3295 5511 3369 5584 μὴ
3403 5511 3464 5565 ὃν
3503 5511 3625 5580 μὲν,
3661 5507 3728 5560 τὸ

479 5625 607 5665 nam
629 5626 828 5682 expers
878 5611 1188 5682 hypostasis
1215 5611 1438 5677 dicitur,
1477 5612 1624 5682 quod
1682 5625 1909 5680 prorsus
1937 5624 2047 5664 non

2166 5607 2273 5678 ἕχον
2297 5608 2355 5661 δὲ
2389 5609 2448 5662 ὲν
2469 5608 2642 5681 ἑτέρῳ
2669 5609 2769 5680 τὴν
2791 5609 3110 5674 ὑπόστασιν,
3135 5606 3231 5661 καί
3269 5605 3346 5676 μὴ
3394 5603 3520 5658 καθ’
3561 5600 3726 5657 ἑαυτὸ

549 5786 610 5856 (ἰ)
648 5789 717 5843 Τὸ
745 5788 922 5842 ἐνυπ.
951 5788 1160 5844 Similia
1181 5788 1342 5844 docet
1374 5788 1719 5850 Leontius,in
1741 5786 2043 5858 fragmento

482 5859 626 5928 quod
653 5874 719 5915 ex
753 5859 1114 5916 Collectaneis
1145 5875 1274 5914 mss.
1319 5866 1508 5914 contra
1553 5858 1880 5913 Severianos
1912 5859 2046 5914 reci-

2151 5787 2576 5912 tattL‘equienus
2616 5788 2684 5845 ad
2709 5804 2836 5860 opp.
2871 5786 3217 5852 Damasceni,
3240 5791 3374 5842 tom.
3409 5782 3452 5840 l.
3479 5794 3605 5854 pag.
3631 5776 3722 5843 45.

2151 5874 2222 5912 no
2255 5898 2266 5912 .
2332 5898 2344 5911 .

2150 5874 2266 5913 ιιοι.
2299 5874 2344 5912 Ι.
