4020 6532
304 411 435 473 12H

1479 411 1577 471 DE
1617 410 1897 470 SECTIS.
1928 434 1995 443 —
2022 410 2183 469 ACT.
2221 412 2359 472 VII.

3436 396 3573 463 12ίὲ

296 520 702 592 ὑφιστάμενον·
738 522 810 585 ὼς
860 522 928 574 τὰ
977 520 1385 589 συμϐεϐηκότα.
1443 523 1667 575 Τούτων
1702 521 1877 585 οὕτως

1998 524 2231 589 :xsistit;
2268 533 2329 578 ut
2362 524 2711 593 tragelaphus
2753 521 3317 590 ethippocentaurus.
3358 516 3570 570 Rursus

295 614 549 683 ἑχόντων,
593 614 723 666 ὅταν
756 614 1107 683 ἐρωτήσωσιν
1147 615 1314 683 ἡμᾶς,
1343 614 1426 666 ὅτι
1460 616 1521 667 Εἰ
1555 614 1649 667 δύο
1684 615 1879 684 φύσεις

296 706 482 773 λέγετε
519 704 617 758 τοῦ
645 702 904 776 Χριστοῦ,
941 705 1340 769 ἐνυποστάτους
1374 707 1547 770 αὑτὰς
1585 706 1776 776 λέγετε
1798 748 1813 770 ,
1844 709 1877 778 ἢ

295 797 701 859 ἀνυποστάτους
727 813 742 862 ;
774 796 1173 868 ἀντερωτῶμεν
1194 798 1414 863 αὐτοὺς,
1442 799 1525 852 ὃτι
1548 798 1677 862 Πῶς
1691 799 1881 867 λέγετε

295 889 539 943 ἐνταῦθα
586 890 650 942 τὸ
707 890 1126 955 ἑνυπόστατον;
1182 888 1308 944 Ἐἀν
1364 892 1462 961 μὲν
1514 892 1766 958 εἴπωσιν,
1798 892 1881 945 ὅτι

297 984 427 1053 περὶ
472 982 565 1035 τοῦ
623 984 985 1053 σημαίνοντος
1028 982 1089 1035 τὸ
1131 982 1193 1035 ὃν
1242 982 1428 1046 ἁπλῶς
1453 999 1467 1013 ·
1501 982 1761 1053 λέγομεν,
1798 983 1881 1035 ὅτι

295 1074 391 1127 δύο
422 1074 614 1142 φύσεις
638 1074 871 1144 λέγομεν
899 1073 993 1127 τοῦ
1026 1073 1269 1145 Χριστοῦ
1302 1076 1446 1128 κατά
1483 1073 1648 1127 τοῦτο
1686 1074 1745 1127 τὸ
1779 1090 1880 1143 ση-

302 1166 645 1235 μαινόμενον,
672 1167 766 1218 atati.
794 1167 947 1219 οὐδὲν
984 1166 1189 1220 ἄτοπον
1219 1166 1515 1233 συνάγεται
1543 1166 1701 1236 ἡμῖν,
1737 1164 1881 1219 ὥστε

298 1256 398 1309 καὶ
441 1256 535 1309 δύο
588 1257 861 1325 πρόσωπα
910 1258 1255 1325 εἰσαγαγεῖν.
1292 1258 1371 1311 Οὑ
1401 1257 1511 1327 γάρ
1531 1258 1662 1328 περὶ
1685 1257 1882 1311 τούτου

297 1348 393 1401 τοῦ
434 1349 849 1419 σημαινομένου
900 1349 1170 1420 ἐλάϐομεν
1199 1349 1299 1419 τὴν
1325 1350 1649 1403 ὑπόστασιν.
1680 1350 1797 1403 Ἵνα
1824 1349 1884 1403 δὲ

300 1440 474 1508 σαφὲς
509 1441 593 1511 εἴη
623 1441 684 1494 τὸ
708 1441 1028 1511 λεγόμενον,
1063 1441 1465 1512 μεταϐαλόντες
1506 1441 1577 1496 τὰ
1617 1441 1881 1511 ὀνόματα,

299 1529 724 1595 συλλογιστικῶς
761 1531 1214 1600 προσαγάγωμεν
1239 1531 1332 1584 τδν
1363 1530 1545 1599 λόγον,
1579 1530 1674 1583 καὶ
1713 1530 1883 1583 εἴπω·

302 1637 402 1690 μεν
434 1619 608 1684 οὑτως
635 1639 647 1652 ’
679 1623 740 1675 Εἰ
768 1620 863 1675 δύο
912 1622 1105 1691 φύσεις
1144 1622 1239 1675 τοῦ
1268 1621 1541 1692 Χριστοῦ,
1574 1622 1885 1693 παρέπεται

298 1715 361 1767 τὸ
418 1715 815 1779 ὲνυποστάτους
869 1716 1039 1780 αὑτὰς
1088 1712 1262 1771 εἶναι·
1295 1717 1354 1769 τὸ
1384 1716 1441 1770 δὲ
1493 1716 1885 1779 ἑνυπόστατον,

298 1805 361 1858 τὸ
414 1805 475 1859 δν
518 1807 798 1877 σημαίνει.
834 1808 902 1860 Αἰ
953 1807 1049 1862 δύο
1098 1808 1291 1879 φύσεις
1332 1808 1441 1879 ἄρα
1482 1807 1576 1861 Ιτοῦ
1612 1806 1885 1879 Χριστοῦ,

1986 630 2180 685 expers
2205 615 2516 687 hypostasis
2551 614 2776 674 dicitur,
2812 627 2919 665 non
2960 610 3013 664 id
3052 606 3439 679 quidemquod
3461 623 3569 660 non

1987 708 2224 772 exsistit,
2280 706 2375 760 sed
2434 704 2583 774 quod
2630 700 2950 773 hypostasin
2994 698 3165 753 habet
3212 698 3269 752 in
3315 698 3447 761 alio,
3506 712 3572 752 ac

1988 810 2097 848 non
2125 811 2224 864 per
2250 810 2306 848 se
2359 791 2646 847 subsistit:
2684 789 2870 857 qualia
2923 795 3053 841 sunt
3105 786 3436 841 accidentia.
3474 785 3571 839 His

1990 888 2062 941 ita
2086 885 2429 948 constitutis,
2467 884 2686 952 quoties
2712 895 2813 934 nos
2850 878 3334 948 interrogaverint,
3369 877 3414 931 si
3436 876 3573 932 duas

1988 978 2196 1034 Christi
2232 985 2460 1029 naturas
2487 972 2694 1035 dicitis,
2731 986 2865 1025 num
2898 985 2992 1024 eas
3031 968 3219 1023 dicitis
3260 968 3571 1040 hypostati-

1990 1088 2101 1135 cas,
2151 1086 2218 1124 an
2262 1077 2519 1138 expertes
2571 1063 2915 1138 hypostasis?
2962 1075 3065 1116 nos
3097 1061 3343 1116 vicissim
3389 1077 3455 1114 ex
3489 1062 3574 1115 eis

1991 1177 2325 1234 quaeramus,
2362 1159 2638 1230 quomodo
2679 1154 3010 1229 hypostatici
3040 1168 3235 1209 vocem
3277 1153 3571 1223 accipiant.

1992 1255 2048 1310 Si
2088 1254 2351 1317 dixerint,
2398 1252 2649 1321 accipere
2701 1264 2761 1305 se
2822 1250 2890 1304 de
2938 1264 3027 1314 eo,
3093 1246 3244 1317 quod
3295 1245 3574 1318 signiﬁcet

1992 1364 2111 1403 rem
2141 1346 2469 1417 simpliciter
2501 1345 2856 1399 exsistentem
2878 1384 2892 1407 ,
2952 1340 3253 1396 fatebimur
3285 1339 3424 1394 duas
3474 1355 3573 1394 nos

1992 1440 2197 1497 Christi
2227 1447 2449 1493 naturas
2478 1438 2582 1491 hoc
2615 1436 2923 1507 signiﬁcato
2951 1434 3160 1498 dicere,
3210 1448 3315 1488 nec
3345 1432 3571 1487 absurdi

1993 1533 2294 1604 quidquam
2329 1545 2359 1585 a
2410 1528 2571 1583 nobis
2620 1527 2827 1597 colligi,
2882 1525 3019 1580 duas
3066 1524 3145 1579 uti
3195 1524 3405 1579 scilicet
3452 1538 3575 1593 per-

1995 1638 2160 1679 sonas
2205 1620 2639 1677 introducamus.
2668 1619 2787 1673 Non
2815 1618 2962 1671 enim
2991 1618 3098 1671 isto
3122 1616 3429 1687 signiﬁcato
3472 1632 3574 1670 vo-

1996 1728 2114 1767 cem
2147 1711 2454 1784 hypostasis
2515 1709 2869 1780 cepimus.Ut
2894 1718 3075 1763 autem
3111 1707 3461 1777 perspicuum
3477 1706 3571 1773 sit,

1998 1803 2145 1874 quod
2174 1818 2204 1857 a
2231 1802 2391 1856 nobis
2416 1801 2655 1862 dicitur,
2701 1797 3027 1867 permutatis
3071 1795 3411 1860 nominibus,
3462 1794 3566 1865 syl-

298 1896 410 1950 στῶν
446 1895 617 1953 ὄντων
668 1900 828 1955 εἰσίν.
895 1899 1021 1953 Ἐἀν
1069 1901 1127 1954 δὲ
1173 1900 1423 1965 εἴπωσιν,
1455 1901 1539 1954 ὅτι
1584 1899 1647 1953 τὸ
1689 1899 1884 1952 ὲνυπύ-

1998 1897 2235 1969 logistice
2266 1909 2382 1948 rem
2418 1893 2780 1963 proferamus,
2812 1890 2918 1944 hoc
2955 1888 3153 1943 modo:
3193 1887 3249 1942 Si
3282 1886 3404 1941 duae
3443 1895 3574 1942 sunt

302 2004 497 2041 στατον
558 1988 792 2061 λέγομεν
859 1992 988 2063 περὶ
1048 1990 1145 2044 τοῦ
1217 1990 1340 2044 καθ’
1397 1990 1560 2045 ἑαυτὸ
1614 1989 1889 2061 ὑπάρχον-

297 2095 391 2144 τος
431 2096 445 2111 ·
487 2081 720 2151 λέγομεν
760 2084 923 2153 ἡμεῖς
954 2125 968 2148 ,
998 2084 1079 2137 ὅτι
1144 2085 1287 2138 κατά
1348 2084 1510 2137 τοῦτο
1557 2085 1613 2137 αἰ
1659 2083 1753 2137 δύο
1788 2083 1889 2153 φύ-

303 2188 420 2237 σεις
449 2175 546 2227 τοῦ
591 2175 832 2245 Χριστοῦ
880 2177 979 2230 οὐκ
1018 2177 1157 2230 εἰσιν
1187 2177 1569 2243 ὲνυπόστατοι,
1614 2176 1729 2231 ἀλλ’
1792 2177 1887 2230 ἀν-

304 2266 619 2319 υπόστατοι.
646 2268 756 2321 Καὶ
792 2268 855 2321 οὑ
901 2269 1195 2337 συνάγεται
1224 2271 1359 2339 ἡμῖν
1402 2269 1608 2323 ἄτοπον
1637 2283 1652 2299 ο
1686 2272 1888 2322 ἀνυποο

304 2358 533 2421 στάτους
578 2361 688 2429 γὰρ
746 2360 984 2429 λέγομεν
1046 2360 1219 2424 αὑτὰς
1248 2402 1261 2423 ,
1292 2362 1353 2414 ού
1391 2361 1527 2414 καθὸ
1570 2362 1645 2431 μή
1698 2363 1836 2414 εἰσιν
1869 2375 1883 2389 ·

304 2449 423 2503 ἀλλ’
452 2451 536 2504 ὅτι
588 2451 697 2504 τῶν
725 2453 801 2523 μὴ
846 2452 968 2506 καθ’
995 2453 1166 2506 ἑαυτὰ
1204 2452 1376 2506 ὄντων
1432 2453 1588 2507 εἰσίν.
1625 2454 1737 2506 Καὶ
1800 2453 1888 2507 ἵνα

304 2542 470 2596 πάλιν
528 2543 702 2612 σαφὲς
752 2545 839 2615 εἵη
891 2544 951 2598 τὸ
1005 2544 1338 2615 λεγόμενον,
1374 2545 1774 2614 μεταϐαλόντες
1820 2546 1888 2601 τά

301 2632 565 2703 ὀνόματα,
620 2634 1049 2704 συλλογιστικῶς
1102 2637 1549 2707 προσαγάγωμεν
1572 2636 1663 2689 τὸν
1706 2636 1886 2704 λόγον.

303 2727 369 2780 Εἰ
420 2726 517 2780 δύο
560 2726 755 2796 φύσεις
804 2728 899 2781 τοῦ
948 2726 1214 2798 Χριστοῦ,
1241 2728 1552 2798 παρέπεται
1601 2728 1662 2781 τὸ
1691 2728 1890 2781 ἀνυπο-

306 2817 536 2881 στάτους
566 2819 736 2882 αὐτὰς
760 2815 921 2876 εἶναι.
956 2819 1031 2872 Τὸ
1068 2820 1126 2873 δὲ
1150 2820 1521 2873 ἀνυπόστατον
1548 2821 1802 2892 σημαίνει
1826 2823 1888 2876 οὑ

304 2908 367 2961 τὸ
399 2908 474 2981 μὴ
506 2908 567 2962 ὃν
593 2949 608 2974 ,
639 2910 776 2963 ἀλλά
805 2912 866 2963 τὸ
902 2909 1027 2964 καθ’
1058 2909 1221 2963 ἑαυτὸ
1253 2911 1327 2980 μὴ
1354 2910 1434 2965 δν.
1474 2912 1538 2964 Αἰ
1576 2911 1671 2963 δύο
1694 2911 1889 2979 φύσεις

305 3001 416 3070 ἄρα
468 3000 564 3054 τοῦ
607 3003 846 3074 Χριστοῦ
894 3003 1019 3056 καθ’
1040 3002 1240 3066 ὲαυτάς
1278 3002 1379 3056 οὐκ
1420 3004 1546 3057 εἰσί.
1574 3005 1685 3057 Καὶ
1716 3003 1890 3066 οὕτως

307 3092 405 3145 ἑάν
441 3093 715 3165 εἴπωμεν,
738 3095 799 3148 οὑ
831 3095 928 3149 δύο
961 3097 1230 3165 πρόσωπα
1262 3097 1582 3167 εἰσάγομεν,
1614 3095 1737 3149 οὔτε
1782 3098 1891 3167 μὴν

306 3182 416 3236 τῶν
448 3184 521 3256 μὴ
554 3185 724 3238 ὄντων
768 3186 909 3239 αὑτὰ
942 3188 1010 3257 (j)
1037 3187 1340 3258 ποιοῦμεν
1369 3187 1739 3241 ἀνυπόστατον
1780 3188 1889 3260 γὰρ
1914 3231 1961 3292 c

308 3278 578 3349 ἐλάϐομεν
625 3279 885 3343 ἐνταῦθα,
920 3281 980 3333 τὸ
1012 3285 1279 3351 σημαῖνον
1307 3281 1368 3335 τὸ
1417 3281 1491 3352 μὴ
1544 3282 1667 3335 καθ’
1699 3283 1886 3346 ἑαυτὸ,

309 3370 498 3422 οὐκέτι
529 3369 590 3423 τὸ
637 3369 713 3442 μὴ
745 3371 825 3425 δν.
857 3373 976 3424 Ὀτι
1023 3372 1079 3425 δὲ
1115 3373 1209 3426 δύο
1241 3374 1624 3446 σημαινόμενα
1648 3369 1758 3429 οίδε
1793 3376 1891 3446 τῆς

309 3460 665 3525 ὑποστάσεως
684 3465 717 3532 ἡ
742 3464 912 3534 ἐκκλη
924 3465 1178 3538 σιαστικὴ
1208 3466 1492 3537 συνήθεια,
1518 3468 1577 3521 τό
1603 3486 1661 3521 τε
1688 3471 1891 3539 σημαῖ-

311 3566 402 3602 νον
459 3550 521 3603 τὸ
585 3551 771 3615 ἅπλῶς
825 3553 907 3615 ὃν,
942 3555 1157 3623 δηλοῖὸ
1214 3557 1371 3624 ἅγιος
1424 3557 1716 3629 Κύριλλος.
1777 3558 1891 3611 Καὶ

314 3638 502 3700 πάλιν,
533 3641 586 3694 εἰ
611 3657 695 3703 τις
730 3642 824 3694 ἐπὶ
853 3642 945 3695 τοῦ
978 3644 1096 3706 ἐνὸς
1120 3646 1364 3716 Χριστοῦ
1396 3646 1597 3719 διαιρεῖ
1621 3647 1723 3712 τάς
1758 3648 1893 3701 ὑπο-

316 3731 555 3795 στάσεις,
590 3733 663 3803 πῆ
716 3735 814 3804 μὲν
858 3736 989 3804 περὶ
1042 3737 1137 3789 τοῦ
1181 3738 1367 3803 ἁπλῶς
1394 3738 1546 3803 ὄντος
1586 3739 1782 3809 λέγων,
1816 3742 1892 3808 πῆ

315 3822 373 3876 δὲ
407 3824 499 3876 ὲπὶ
531 3824 625 3877 τοῦ
652 3825 777 3878 καθ’
810 3826 992 3890 ἑαυτὸ,
1021 3829 1102 3881 ὅτι
1134 3828 1198 3899 δὴ
1224 3829 1521 3900 ἀσύγχυτοι
1549 3833 1896 3900 μεμενήκασι

316 3916 611 3986 τοιγαροῦν
639 3919 695 3972 αἰ
725 3918 1078 3984 ὑποστάσεις,
1112 3920 1363 3976 ὲντεῦοεν
1402 3922 1684 3994 εἰσόμεθα.
1708 3924 1899 3986 Ὅστις

314 4005 374 4057 δὲ
406 4005 524 4057 δυσὶ
565 4009 899 4073 προσώποις,
940 4011 1107 4080 ἤγουν
1161 4011 1512 4078 ὑποστάσεσι,
1543 4013 1641 4077 τὰς
1689 4016 1746 4066 ἐν
1788 4018 1902 4079 τοῖς

317 4095 676 4164 Εὑαγγελίοις
705 4100 970 4170 ἀπονέμοι
996 4102 1199 4169 φωνὰς,
1233 4101 1481 4172 ἀνάθεμα
1526 4102 1691 4155 ἔστω.
1730 4104 1898 4157 Ὥστε

317 4184 610 4250 δέδεικται,
649 4186 725 4251 ὠς
772 4188 882 4242 ἀπὸ
923 4190 1024 4260 τῆς
1054 4190 1374 4262 ὁμωνυμίας
1427 4192 1708 4261 βούλονται
1750 4196 1899 4266 ἡμᾶς

319 4275 796 4346 παραλογίσασθαι

1988 2000 2199 2045 naturae
2233 1986 2462 2052 Christi,
2487 1987 2736 2056 sequitur
2770 2002 2863 2040 eas
2889 1984 3262 2055 ltypostaticas
3286 1997 3427 2035 esse.
3458 1979 3573 2052 Hy-

1988 2084 2242 2157 postatici
2271 2098 2401 2138 vero
2435 2097 2537 2136 vox
2581 2078 2858 2150 signiﬁcat
2892 2078 2947 2132 id
2997 2076 3145 2148 quod
3200 2074 3440 2130 exsistit.
3468 2074 3571 2128 Er-

1987 2192 2056 2247 go
2084 2175 2207 2230 dua:
2230 2173 2434 2229 Christi
2468 2180 2681 2226 natura:
2712 2178 2843 2224 sunt
2873 2183 3067 2223 earum
3119 2167 3173 2221 in
3227 2180 3417 2221 rerum
3464 2180 3572 2217 nu-

1988 2282 2165 2331 mero,
2189 2281 2312 2337 qua:
2356 2263 2651 2320 exsistunt.
2703 2261 2800 2316 Sin
2846 2259 3110 2324 dixerint,
3169 2255 3573 2330 hypostaticum

1988 2359 2241 2429 accipere
2272 2372 2329 2413 se
2355 2356 2423 2411 de
2456 2372 2523 2411 eo
2548 2354 2694 2425 quod
2724 2369 2823 2424 per
2853 2368 2913 2407 se
2960 2351 3237 2415 subsistit,
3271 2347 3575 2403 inleremus

1989 2467 2111 2514 nos,
2146 2465 2211 2504 ea
2238 2450 2451 2503 ratione
2475 2447 2613 2501 duas
2638 2444 2843 2501 Christi
2891 2453 3117 2497 naturas
3149 2458 3259 2495 non
3308 2441 3574 2512 hyposta-

1989 2543 2127 2598 ticas
2165 2557 2308 2607 esse,
2356 2540 2453 2595 sed
2498 2547 2754 2609 expertes
2815 2534 3143 2609 ltypostasis.
3212 2532 3323 2587 Nec
3350 2530 3576 2586 absurdi

1990 2635 2293 2706 quidquam
2322 2649 2353 2688 a
2383 2632 2543 2687 nobis
2580 2630 2896 2702 colligitur:
2942 2643 3069 2682 nam
3115 2633 3372 2695 expertes
3405 2624 3579 2695 hypo-

1990 2728 2153 2782 stasis
2204 2741 2299 2781 eas
2339 2724 2600 2789 dicimus,
2635 2738 2745 2777 non
2776 2720 2904 2775 ideo
2953 2717 3101 2789 quod
3137 2733 3248 2772 non
3284 2717 3431 2771 sint:
3477 2714 3576 2769 sed

1989 2819 2139 2889 quod
2182 2833 2375 2873 eorum
2425 2832 2457 2871 e
2486 2830 2719 2870 numero
2782 2814 2914 2877 sint,
2946 2828 3069 2883 qua:
3106 2825 3357 2866 seorsum
3388 2824 3452 2863 ac
3478 2823 3579 2877 per

1990 2929 2049 2968 se
2076 2928 2186 2967 non
2218 2911 2514 2967 exsistunt.
2570 2910 2784 2963 Rursus
2812 2906 2890 2960 uti
2924 2904 3279 2974 perspicuum
3306 2900 3378 2955 sit
3427 2897 3577 2968 quod

1990 3003 2251 3067 dicimus,
2296 2998 2628 3071 permutatis
2687 2995 3031 3057 nominibus,
3078 2988 3413 3062 syllogistice
3460 3001 3577 3040 rem

1990 3096 2359 3169 proferamus.
2397 3092 2455 3147 Si
2486 3091 2609 3145 dua:
2652 3097 2785 3145 sunt
2811 3086 3017 3142 Christi
3054 3093 3288 3147 naturaa,
3318 3079 3577 3149 sequitur

1993 3202 2087 3242 eas
2115 3193 2371 3256 expertes
2404 3182 2715 3255 hypostasis
2737 3195 2880 3235 esse.
2908 3176 3067 3244 Quod
3094 3184 3277 3229 autem
3307 3172 3573 3243 hyposta-

1995 3280 2072 3336 sis
2090 3294 2286 3348 expers
2309 3285 2413 3341 est,
2453 3290 2565 3329 non
2597 3273 2651 3328 id
2682 3270 2954 3343 signiﬁcat
2982 3266 3129 3339 quod
3180 3281 3291 3319 non
3336 3261 3572 3325 exsistit,

1995 3372 2090 3427 sed
2121 3370 2267 3441 quod
2303 3383 2554 3424 seorsum
2577 3382 2642 3421 ac
2666 3381 2763 3435 per
2790 3380 2849 3419 se
2882 3377 2993 3416 non
3024 3359 3262 3416 exsistit.
3290 3357 3434 3427 Ergo
3453 3354 3577 3408 duae

1995 3462 2198 3519 Christi
2223 3472 2434 3516 natura;
2460 3474 2710 3515 seorsum
2730 3472 2793 3513 ac
2818 3473 2914 3527 per
2939 3471 2997 3511 se
3020 3470 3131 3509 non
3157 3448 3580 3511 exsistunt.Quo

1998 3564 2158 3626 pacto
2202 3555 2249 3609 si
2296 3555 2611 3624 loquamur,
2657 3568 2768 3607 non
2812 3550 2950 3604 duas
2989 3561 3253 3619 personas
3276 3543 3584 3598 introduci-

1999 3661 2141 3711 mus,
2173 3661 2276 3700 nec
2300 3644 2506 3700 Christi
2541 3652 2770 3697 naturas
2800 3641 2868 3695 ad
2900 3656 2963 3694 ea
3009 3637 3301 3692 referimus
3325 3652 3447 3704 qua:
3470 3632 3582 3687 nun

1998 3736 2309 3793 exsistunt:
2338 3751 2464 3789 nam
2499 3750 2694 3805 expers
2726 3730 3039 3803 liypostasis
3094 3729 3169 3783 ita
3221 3726 3490 3794 cepimus,
3522 3732 3583 3777 ut

2002 3829 2275 3899 signiﬁcet
2297 3828 2351 3882 id
2376 3827 2523 3898 quod
2546 3842 2798 3882 seorsum
2829 3840 2927 3894 per
2960 3839 3018 3877 se
3050 3838 3159 3875 non
3193 3817 3447 3881 exsistit;
3472 3832 3583 3869 non

2008 3929 2213 3987 autem,
2249 3920 2397 3991 quod
2428 3936 2539 3974 non
2572 3919 2814 3975 exsistit.
2871 3918 3187 3987 Agnoscere
3210 3926 3340 3966 vero
3393 3910 3587 3963 Eccle-

2006 4012 2100 4068 sia:
2122 4014 2420 4083 scriptores
2448 4014 2565 4067 haec
2614 4010 2725 4064 duo
2761 4007 3072 4081 hypostasis
3121 4003 3446 4075 signiﬁcata,
3471 4009 3589 4054 tum

2005 4105 2073 4160 de
2128 4121 2194 4159 eo
2244 4103 2392 4173 quod
2430 4102 2759 4173 simpliciter
2804 4099 3044 4163 exsistit,
3104 4104 3219 4151 tum
3251 4095 3320 4149 de
3352 4108 3590 4164 persona

2003 4211 2173 4264 reque
2199 4210 2448 4249 seorsum
2477 4210 2540 4247 ac
2565 4210 2664 4262 per
2698 4208 2755 4247 se
2787 4191 3087 4246 exsistente
3110 4229 3124 4249 ,
3162 4195 3391 4242 sanctus
3419 4185 3588 4238 etiam

2000 4286 2239 4357 Cyrillus
2277 4285 2508 4341 indicat.
2556 4285 2626 4339 Et
2681 4298 2877 4338 rursus
2917 4282 2963 4337 si
3004 4280 3128 4350 quis
3173 4279 3229 4332 in
3291 4292 3401 4331 uno
3431 4273 3594 4330 Chri-

321 4376 381 4422 to
438 4368 653 4424 dividit.
684 4370 1029 4441 hypostases,
1092 4370 1290 4441 partim
1338 4372 1528 4429 dicens
1577 4373 1645 4429 de
1715 4390 1781 4430 eo
1818 4376 1966 4446 quod
2007 4377 2334 4447 simpliciter
2384 4376 2626 4441 exsistit,
2681 4374 2877 4445 partim
2917 4373 2985 4427 de
3040 4388 3107 4425 eo
3164 4369 3312 4439 quod
3341 4378 3589 4422 seorsum

321 4462 558 4527 exsistit;
616 4462 932 4517 inconfusas
977 4465 1247 4521 mansisse
1291 4466 1502 4521 scilicet
1542 4466 1883 4538 liypostases,
1924 4468 2054 4525 hinc
2122 4484 2538 4542 cognoscemus.
2603 4466 2862 4536 Quisquis
2904 4475 3088 4520 autem
3140 4462 3356 4516 duabus
3402 4476 3593 4528 perso-

322 4556 412 4609 nis
435 4556 551 4610 sive
582 4555 972 4627 hypostasibus
1003 4564 1283 4611 exstantes
1318 4557 1371 4612 in
1393 4558 1706 4629 Evangeliis
1734 4575 1895 4615 voces
1933 4563 2210 4626 attribuit,
2238 4563 2533 4618 anathema
2577 4561 2668 4614 sit.
2721 4560 3020 4614 Probatum
3092 4555 3278 4626 igitur,
3311 4551 3459 4623 quod
3523 4566 3590 4604 ex

322 4648 756 4718 tequivocatione
772 4649 933 4703 nobis
958 4649 1242 4717 imponere
1265 4650 1458 4704 velint.

399 4736 603 4807 Ἀλλην
619 4736 675 4789 δὲ
698 4738 831 4805 ἡμῖν
854 4736 1089 4806 ἀπορίαν
1112 4735 1506 4805 ἀποροῦσι,καί
1525 4738 1641 4791 ἐστι
1665 4738 1889 4809 τοιαύτη

2088 4738 2176 4791 III.
2209 4738 2380 4791 Aliam
2417 4737 2579 4792 nobis
2634 4737 3002 4809 objectionem
3060 4732 3377 4805 huiusmodi
3409 4731 3593 4802 profe-

332 4827 415 4880 δτι
456 4826 517 4880 Εἰ
534 4827 628 4880 δύο
645 4826 837 4897 φύσεις
863 4825 1357 4897 λέγετε,διαίρεσιν
1382 4828 1654 4895 εἰσάγετε·
1676 4830 1911 4901 ἀριθμὸν

326 4919 435 4989 γὰρ
473 4920 724 4987 εἰσάγετε
749 4933 768 4953 ο
784 4920 811 4971 ὁ
830 4919 887 4971 δὲ
918 4918 1151 4989 ἀριθμὸς
1169 4916 1264 4972 τοῦ
1288 4918 1649 4990 διωρισμένου
1673 4920 1792 4973 ἐστὶ
1816 4937 1910 4974 πο·

330 5009 445 5064 σοῦ.
470 5010 614 5080 Πρὸς
638 5009 796 5063 τοῦτο
819 5009 981 5063 πάλιν
999 5009 1059 5062 τὸ
1074 5009 1331 5079 ἀνωτέρω
1357 5010 1647 5081 εἰρημένον
1662 5010 1808 5065 ἔστιν
1827 5013 1907 5065 εἰ-

330 5102 474 5161 πεῖν,
494 5100 697 5153 δτιΚαὶ
719 5100 916 5171 ὑμῖν-τὺ
932 5100 1061 5153 αὑτὸ
1079 5100 1279 5153 ἄτοπον
1296 5101 1605 5170 συνάγεται.
1624 5102 1687 5154 Εἰ
1713 5102 1822 5172 γάρ
1847 5103 1913 5156 ἐκ

331 5188 424 5242 δύο
452 5188 669 5257 φύσεων
695 5188 882 5256 λέγετε
914 5186 1050 5242 εἶναι
1075 5191 1166 5243 τὸν
1194 5191 1451 5261 Χριστὸν,
1484 5192 1674 5263 ἐπειδὴ
1708 5192 1770 5245 τὸ
1796 5192 1906 5246 δύο

330 5281 567 5354 ἀριθμὸν
612 5280 974 5349 εἰσάγει,δδὲ
1017 5283 1252 5353 ἀριθμὸς
1306 5284 1413 5337 ὑπὸ
1458 5284 1520 5338 τὸ
1552 5284 1911 5357 διωρισμένον

332 5373 629 5440 ἀνάγεταιο
678 5372 1045 5443 εὑρεθήσεσθε
1099 5373 1366 5444 διαίρεσιν
1409 5375 1750 5443 εἰσάγοντες.
1793 5378 1913 5430 Ἵνα

332 5462 389 5515 δὲ
422 5461 612 5535 ὥσπερ
636 5464 730 5517 καὶ
763 5464 916 5518 αὐτοὶ
945 5465 1322 5535 ἑμφι).οσό’,;ως
1350 5467 1815 5540 ἐπιχειρήσωμεν,
1835 5468 1917 5523 δεῖ

335 5554 558 5622 γνῶναι,
591 5556 667 5619 ὡς
683 5556 804 5609 οὐδὲ
833 5557 1033 5620 παντὸς
1059 5557 1152 5611 τοῦ
1180 5558 1542 5630 διωρισμένου
1566 5561 1735 5613 ποσοῦ
1763 5563 1915 5616 ἐστιν

333 5646 363 5698 ὁ
398 5646 652 5718 ἀριθμὸς,
671 5647 808 5702 ἀλλά
836 5649 928 5701 ἐπὶ
958 5650 1067 5705 τῶν
1101 5652 1338 5723 συνεχῶν
1366 5652 1513 5708 ἐστιν
1543 5653 1725 5725 εὑρεῖν
1751 5655 1914 5711 αὑτὸν

410 5825 478 5898 (1')
503 5827 683 5883 Δὺτά.
716 5828 917 5896 Αὑτάς.

2016 4838 2168 4883 runt.
2207 4829 2263 4883 Si
2291 4828 2429 4884 duas
2460 4838 2685 4883 naturas
2722 4828 2929 4891 dicitis,
2980 4825 3309 4881 divisionem
3345 4822 3595 4877 introdu-

2015 4922 2179 4986 citis;
2220 4922 2425 4991 quippe
2447 4937 2740 4976 numerum
2767 4919 3157 4975 introducitis:
3197 4932 3468 4972 numerus
3497 4933 3596 4971 au-

2020 5021 2131 5067 tem
2162 5013 2417 5067 discretae
2460 5013 2786 5083 quantitatis
2833 5021 2939 5067 est.
2986 5011 3069 5067 Ad
3121 5011 3227 5067 hoc
3260 5009 3596 5080 respondere

2018 5105 2169 5171 licet,
2205 5106 2351 5176 quod
2379 5114 2436 5159 et
2473 5107 2730 5175 superius
2756 5105 2965 5159 dictum
3000 5104 3105 5158 fuit
3158 5120 3173 5157 :
3233 5102 3403 5157 Vobis
3446 5116 3596 5154 eam-

2018 5196 2143 5252 dem
2195 5196 2597 5251 absurditatem
2664 5194 2867 5266 colligi.
2932 5194 3147 5264 Quippe
3205 5191 3251 5247 si
3310 5189 3596 5247 Christum

2017 5286 2235 5342 duabus
2280 5302 2348 5342 ex
2392 5287 2609 5341 naturis
2648 5302 2771 5341 esse
2806 5285 3013 5350 dicitis,
3051 5299 3176 5337 cum
3206 5299 3311 5338 vox
3344 5281 3595 5345 duarum,

2016 5395 2325 5434 numerum.
2349 5379 2685 5444 introducat,
2716 5385 2774 5433 et
2818 5392 3080 5431 numerus
3125 5374 3193 5430 ad
3231 5373 3597 5444 quantitatem

2016 5473 2312 5528 discretam
2362 5472 2659 5537 referatur,
2732 5468 3216 5541 reprehendetnini
3261 5466 3595 5520 divisionem

2016 5564 2470 5621 introducere.Ut
2500 5574 2685 5620 autem
2708 5563 3111 5635 philosophice,
3133 5556 3595 5631 quemadmodum

2017 5664 2073 5714 et
2096 5656 2199 5731 ipsi
2223 5656 2454 5727 faciunt,
2500 5667 2982 5730 argumentemur,
3033 5655 3317 5713 sciendum
3348 5666 3418 5706 ne
3471 5648 3597 5721 qui—
