4020 6602
435 558 574 623 1243

1699 554 2010 616 LEONTII
2050 555 2422 619 ΒΥΖΑΝΤΙΝ
2430 557 2457 616 Ι

3562 542 3706 608 1244

434 672 559 728 dem
582 669 763 725 omnis
796 667 1051 723 discretae
1077 667 1402 737 quantitatis
1437 668 1702 722 duntaxat
1741 683 1864 722 esse
1902 683 2009 720 nu-

2132 668 2436 737 λεγόμενον·
2473 665 2666 738 ὥσπερ
2707 664 2944 736 λέγομεν
2989 661 3312 733 πεντάπηχυ
3361 658 3708 725 ξύλον,καὶ,

435 779 674 828 merum,
715 761 813 817 sed
846 775 974 816 eum
1007 760 1245 830 reperiri
1267 760 1336 815 de
1375 760 1658 815 continuis
1680 774 1901 829 quoque
1923 759 2010 813 di-

434 869 620 914 ctum:
646 853 1115 927 quemadmodum
1146 852 1359 923 lignum
1403 852 1651 922 quinque
1700 851 2016 906 cubitorum

436 952 696 1018 dicimus,
725 960 804 1016 et,
861 959 924 1004 ut
973 948 1302 1004 Aristoteles
1360 946 1566 1013 tradit,
1633 955 1852 1016 tempus
1894 959 2017 999 esse

436 1058 736 1100 numerum
774 1050 978 1096 motus.
1015 1039 1230 1110 Quippe
1281 1049 1499 1108 tempus
1540 1038 1784 1108 appellat
1821 1051 2017 1091 nume-

439 1151 586 1199 rum,
634 1133 786 1203 quod
842 1131 983 1187 citra
1043 1129 1479 1185 controversiam
1529 1135 1617 1183 est
1668 1127 2017 1182 continuum.

441 1227 653 1297 Duplex
705 1226 877 1297 igitur
916 1239 1184 1280 numerus
1231 1231 1336 1287 est,
1399 1231 1517 1277 tum
1568 1219 1844 1284 discretae,
1896 1226 2018 1273 tum

441 1318 742 1381 continuae,
799 1330 901 1370 ceu
953 1314 1106 1384 loqui
1161 1313 1428 1377 solemus,
1459 1310 1812 1380 quantitatis.
1858 1308 2018 1375 Quod

443 1409 489 1464 si
535 1406 938 1463 subtilitatibus
987 1403 1256 1459 utendum
1304 1403 1428 1466 erit,
1469 1417 1580 1456 non
1640 1416 1868 1456 necesse
1912 1407 2016 1465 est,

442 1516 547 1555 nos
572 1500 848 1554 binarium
873 1498 942 1552 de
974 1497 1282 1567 quantitate
1313 1494 1580 1550 continua
1627 1493 1836 1557 dicere,
1893 1507 2018 1547 cum

443 1591 512 1645 de
531 1590 754 1644 Christo
797 1588 1109 1658 loquimur:
1160 1585 1366 1656 quippe
1399 1584 1725 1640 continuum
1781 1590 1887 1647 est,
1918 1597 2013 1636 cu-

441 1682 532 1752 jus
567 1686 753 1750 partes
808 1676 1118 1733 communis
1166 1675 1435 1730 terminus
1469 1673 1776 1744 coniungit.
1813 1673 1884 1728 At
1924 1689 2020 1727 ve-

446 1785 508 1824 ro
541 1768 598 1823 in
625 1766 913 1822 divinitate
953 1765 1198 1835 cogitare
1224 1775 1412 1834 partes
1438 1804 1452 1830 ,
1487 1772 1547 1817 ut
1576 1761 1883 1817 communis
1913 1769 2022 1816 ter-

446 1860 630 1914 minus
676 1874 771 1914 eas
813 1873 937 1912 cum
986 1871 1221 1925 corpore
1279 1855 1610 1926 coniungat;
1663 1870 1732 1908 ne
1763 1853 2020 1924 tingendo

445 1949 670 2019 quidem
691 1947 886 2002 facile:
925 1963 1050 2000 nam
1089 1945 1415 2000 continuum
1448 1944 1517 1999 de
1564 1944 1699 1998 solis
1747 1943 2022 2014 magnitu-

2120 760 2197 826 ὣς
2250 777 2414 832 φησιν
2465 758 2869 830 Ἀριστοτέλης,
2903 759 2986 812 ὅτι
3028 755 3221 828 χρόνος
3271 755 3423 808 ἐστὶν
3471 751 3712 824 ἀριθμὸς

2120 856 2410 926 κινήσεως.
2451 853 2716 926 Ἀριθμὸν
2740 852 2852 926 7&9
2882 850 3111 906 ἐκάλεσε
3153 849 3248 902 τὸν
3278 847 3473 919 χρόνον
3505 843 3711 912 συνεχῆ

2117 947 2249 1000 ὄντα
2287 944 2740 1016 ὡμολογημένον.
2781 942 2972 1006 Διττὸς
2997 939 3093 996 οὖν
3120 941 3150 994 ὁ
3181 938 3440 1011 ἀριθμὸς,
3472 937 3571 991 καὶ
3610 935 3713 988 ἐπὶ

2117 1036 2212 1091 τοῦ
2276 1035 2666 1108 διωρισμένου,
2692 1034 2789 1088 καὶ
2831 1033 2928 1086 ἐπὶ
2977 1030 3074 1086 τοῦ
3118 1029 3379 1101 συνεχοῦς
3403 1026 3711 1097 λεγομένου

2121 1130 2311 1184 ποσοῦ.
2332 1131 2394 1183 Et
2414 1129 2473 1184 δὲ
2490 1129 2571 1182 δεῖ
2594 1130 2691 1182 καὶ
2711 1127 3004 1200 ἀκριϐείας
3025 1123 3303 1195 γενέσθαι,
3324 1123 3386 1176 οὐ
3413 1121 3534 1176 δέον
3553 1119 3717 1173 ἐστὶν

2121 1223 2270 1294 ἡμᾶς
2317 1222 2420 1292 τὴν
2457 1220 2627 1276 δυάδα
2675 1219 2772 1273 ἐπὶ
2819 1215 2918 1271 τοῦ
2953 1215 3216 1286 συνεχοῦς
3245 1211 3488 1285 ἀριθμοῦ
3522 1209 3716 1278 λέγειν

2120 1311 2216 1366 ἐπὶ
2242 1311 2338 1364 τοῦ
2376 1309 2618 1383 Χριστοῦ
2643 1325 2661 1343 ο
2694 1307 2922 1379 συνεχὲς
2964 1307 3075 1377 γάρ
3113 1307 3262 1359 ἐστιν
3289 1345 3304 1371 ,
3325 1297 3388 1358 οὗ
3431 1301 3502 1356 τὰ
3541 1301 3716 1371 μόρια

2120 1401 2298 1465 κοινδς
2327 1403 2452 1473 ὅρος
2483 1402 2766 1455 συνάπτει.
2793 1400 2979 1471 Μόρια
3013 1398 3073 1452 δὲ
3102 1397 3359 1466 ἐννοῆσαι
3390 1393 3487 1447 ἐπὶ
3519 1393 3716 1462 θεότη-

2119 1510 2234 1558 τος,
2266 1493 2354 1546 ῖνα
2403 1494 2500 1548 καὶ
2539 1492 2718 1556 κοινὸς
2757 1492 2886 1562 ὄρος
2921 1487 3067 1543 αὑτά
3095 1487 3234 1560 πρὸς
3263 1487 3325 1540 τὸ
3371 1485 3536 1554 σῶμα
3582 1499 3719 1536 συν-

2121 1584 2255 1657 άψῃ,
2276 1584 2397 1638 οὐδὲ
2425 1583 2628 1638 πλάσαι
2660 1583 2870 1656 ρᾴδιονυ
2893 1582 2957 1635 τδ
2981 1581 3093 1650 7&9
3122 1577 3346 1649 συνεχὲς
3381 1576 3477 1630 ἐπὶ
3527 1574 3717 1646 μόνων

2125 1675 2372 1746 μεγεθῶν
2403 1675 2644 1745 λέγεται.
2691 1675 2832 1729 Ἀλλ’
2862 1675 2956 1728 ἐπὶ
2999 1671 3095 1726 τοῦ
3133 1668 3498 1742 διωρισμένου
3531 1664 3713 1720 ποσοῦ

2122 1765 2242 1818 δέον
2268 1765 2722 1836 παραλαμϐάνειν
2740 1764 2978 1820 ἐνταῦθα
2994 1764 3086 1818 τὸν
3111 1760 3368 1833 ἀριθμόν.
3392 1756 3711 1828 Διωρισμέ-

2124 1873 2214 1908 νον
2259 1856 2370 1927 γάρ
2403 1856 2551 1910 ἐστιν
2590 1856 2652 1909 οῦ
2695 1856 2913 1920 πάντως
2943 1856 3008 1911 τὸ
3046 1853 3303 1918 καθάπαξ
3339 1849 3673 1924 διῃρημένον
3694 1887 3712 1913 ο

2121 1945 2262 2001 ἀλλὰ
2290 1949 2386 2000 καὶ
2415 1947 2718 2018 ἡνωμένον,
2743 1947 2886 2018 πλὴν
2915 1947 3011 2002 τὸν
3040 1947 3243 2001 οἰκεῖον
3285 1944 3446 2013 λόγον
3483 1944 3713 2012 διακρι-

446 2041 672 2096 dinibus
715 2039 942 2094 dicitur.
1001 2038 1275 2093 Nimirum
1306 2037 1374 2091 de
1421 2035 1730 2106 quantitate
1780 2034 2018 2090 discreta

2132 2036 2348 2107 νόμενον
2372 2037 2726 2102 άποσὼζοντα
2752 2053 2766 2068 °
2803 2038 2995 2110 ὥσπερ
3019 2038 3082 2092 τὸ
3111 2038 3274 2108 σῶμα
3297 2034 3521 2105 συνεχὲς
3550 2033 3714 2103 λέγο-

447 2150 716 2190 numerus
759 2134 849 2188 hic
879 2132 1056 2202 accipi
1087 2132 1271 2186 debet.
1307 2131 1523 2184 Etenim
1563 2130 1867 2184 discretum
1906 2144 2018 2184 non

2132 2145 2250 2198 μεν,
2274 2129 2370 2182 καί
2395 2129 2756 2201 διωρισμένον
2782 2147 2795 2161 ·
2829 2131 3050 2200 συνεχὲς
3082 2129 3206 2200 μὲν,
3236 2127 3375 2182 καθὸ
3394 2125 3715 2189 διαστάσεις

447 2228 672 2284 omnino
699 2224 904 2281 dicitur
935 2225 990 2278 id
1021 2223 1168 2294 quod
1189 2238 1414 2292 prorsus
1445 2229 1530 2276 est
1550 2229 1860 2290 separatum
1882 2238 1896 2286 ;
1922 2221 2019 2276 sed

2132 2221 2316 2286 ἁπλῶς
2341 2220 2456 2292 ἔχει
2482 2239 2496 2254 ο
2528 2223 2888 2294 διωρισμένον
2915 2223 2994 2289 δὲ,
3016 2222 3153 2276 καθὸ
3168 2223 3318 2293 τρεῖς
3351 2222 3462 2274 είσι
3493 2217 3716 2273 διαστά-

449 2322 614 2373 etiam
681 2317 1038 2386 coniunctum
1091 2321 1147 2368 et
1181 2311 1417 2375 unitum,
1476 2310 1623 2380 quod
1651 2320 1834 2365 tamen
1863 2326 2020 2364 suam

2132 2329 2242 2375 σεις
2260 2328 2275 2343 ·
2312 2313 2494 2368 καίτοι
2531 2315 2634 2366 οὐκ
2696 2315 2805 2368 εἰσὶ
2828 2315 3226 2386 διεσπαρμέναι
3255 2313 3352 2368 ἀπ’
3377 2311 3628 2383 ἀλλήλων
3656 2310 3714 2362 al

451 2407 747 2478 quamdam
783 2405 1049 2460 rationem
1078 2419 1182 2471 qua
1209 2401 1536 2464 secernitur,
1584 2400 1823 2455 retinet:
1849 2400 2021 2456 veluti

2132 2403 2456 2471 διαστάσεις,
2483 2405 2622 2460 ἀλλὰ
2645 2407 2734 2460 διὰ
2758 2407 2917 2460 τοῦτο
2942 2405 3313 2479 διωρισμένας
3342 2402 3516 2467 αὐτάς
3542 2401 3711 2470 λέγο-

452 2515 657 2568 corpus
685 2497 1010 2552 continuum
1055 2493 1314 2554 dicimus,
1365 2501 1422 2545 et
1464 2490 1797 2555 discretum;
1847 2490 2026 2542 conti-

2133 2510 2253 2564 μεν,
2287 2495 2474 2565 ἐπειδὴ
2505 2494 2714 2567 ἑκάστη
2743 2496 2926 2549 αὐτῶν
2955 2496 3089 2550 ίδιον
3112 2495 3270 2564 λόγον
3305 2493 3443 2565 ἔχει.

453 2603 628 2646 nuum
675 2585 936 2658 quidem,
986 2589 1259 2654 quatenus
1285 2579 1658 2636 dimensiones
1698 2579 2021 2649 simpliciter
2060 2580 2260 2648 habet;
2299 2583 2601 2640 discretum
2635 2602 2791 2652 vero,
2828 2595 3106 2658 quatenus
3141 2596 3254 2643 tres
3309 2593 3443 2642 sunt
3488 2585 3682 2640 dimen

455 2687 673 2742 siones:
706 2681 858 2750 atqui
902 2694 1014 2732 non
1063 2677 1299 2732 invicem
1361 2691 1391 2729 a
1432 2689 1490 2728 se
1536 2671 1765 2728 divulsa:
1801 2681 1930 2728 sunt
1961 2673 2335 2734 dimensiones
2359 2719 2376 2744 ,
2405 2680 2502 2735 sed
2557 2679 2764 2737 ideirco
2814 2679 3086 2738 discretas
3135 2680 3373 2738 dicimus
3398 2721 3415 2748 ,
3449 2681 3716 2751 quoniam

455 2772 718 2847 quaelibet
745 2786 934 2826 earum
964 2782 1119 2824 suam
1156 2766 1423 2820 rationem
1455 2764 1642 2820 habet.

521 2867 611 2922 ιν.
661 2865 732 2920 At
781 2863 910 2933 quia
951 2859 1232 2915 nonnullis
1273 2858 1500 2913 omnino
1547 2857 1777 2913 discreti
1821 2873 2026 2913 nomen

455 2961 649 3015 audire
681 2957 971 3012 molestum
1031 2962 1148 3016 est,
1201 2967 1325 3022 age,
1358 2949 1560 3005 omissa
1590 2950 1868 3005 solutione
1899 2950 2026 3013 hac,

457 3050 754 3122 ceteroqui
781 3050 945 3110 bona,
991 3045 1349 3116 subiiciamus
1383 3044 1570 3097 aliam.
1616 3041 1915 3097 Sciendum
1940 3057 2033 3096 er-

457 3162 548 3218 go,
589 3144 841 3216 pluribus
902 3140 1080 3195 modis
1133 3153 1304 3192 unum
1359 3135 1505 3190 dici:
1565 3134 1770 3205 quippe
1827 3133 2030 3188 dicitur

458 3251 630 3290 unum
673 3247 926 3293 numero,
963 3239 1025 3283 ut
1058 3227 1346 3282 Socrates:
1384 3231 1440 3279 et
1489 3239 1658 3277 unum
1713 3223 1915 3293 specie,
1970 3231 2030 3277 ut

2218 2859 2436 2932 Ἐπειδὴ
2473 2860 2531 2914 δέ
2563 2879 2709 2926 τινες
2737 2862 3192 2934 δυσχεραίνουσιν
3223 2863 3361 2928 ὅλως
3393 2863 3490 2917 τοῦ
3527 2865 3721 2936 διωριο

2137 2951 2333 3022 σμένου
2359 2953 2677 3021 ἀκούοντες,
2715 2954 2850 3026 φέρε
2879 2956 3053 3028 αὐτὴν
3077 2957 3177 3028 τὴν
3204 2955 3358 3008 λύσιν
3380 2952 3440 3010 εὖ
3468 2955 3715 3026 ἔχουσαν

2135 3045 2424 3111 ἐάσαντες,
2492 3046 2662 3118 ἄλλην
2719 3049 3118 3119 ὲπαγάγωμεν.
3197 3047 3398 3102 Ἰστέον
3449 3045 3564 3112 οὖν,
3626 3048 3720 3102 ὅτι

2134 3135 2323 3205 ὥσπερ
2350 3136 2410 3190 τὸ
2441 3135 2500 3188 ἓν
2531 3135 2818 3206 πολλαχῶς
2844 3137 3137 3208 λεγόμενόν
3162 3139 3280 3191 ἐστι
3307 3154 3321 3169 ο
3362 3137 3580 3206 λέγεται
3601 3141 3718 3210 7&9

2134 3226 2193 3280 ἓν
2226 3226 2303 3298 τῷ
2325 3226 2565 3298 ἀριθμῷ,
2601 3227 2677 3291 ὡς
2709 3231 2736 3282 ὁ
2761 3229 3057 3299 Σωκράτης
3082 3245 3098 3258 ’
3122 3230 3218 3283 καὶ
3250 3229 3308 3283 ἓν
3333 3229 3411 3301 τῷ
3451 3230 3606 3295 εῖδει,
3634 3230 3717 3294 ὡς

458 3324 657 3379 homo:
692 3330 749 3376 et
803 3334 975 3375 unum
1014 3332 1238 3387 genere,
1287 3322 1347 3370 ut
1394 3314 1616 3368 animal.
1658 3313 1923 3368 Similiter
1973 3321 2029 3369 et

2134 3315 2450 3397 ἄνθρωπος’
2485 3318 2580 3370 καὶ⁵
2609 3316 2668 3370 ἓν
2695 3317 2773 3388 τῷ
2802 3317 2972 3387 γένει,
3004 3318 3081 3382 ὡς
3119 3318 3180 3373 τὸ
3213 3318 3374 3382 ζῶον.
3419 3319 3583 3372 Ἀλλὰ
3616 3321 3716 3373 καὶ

459 3413 572 3468 duo
598 3411 851 3483 pluribus
883 3407 1063 3462 modis
1102 3405 1444 3469 efferuntur;
1480 3419 1606 3457 nam
1630 3403 1891 3458 dicuntur
1917 3404 2028 3458 duo

460 3519 716 3564 numero,
753 3509 814 3554 ut
857 3499 1132 3560 Socrates,
1171 3506 1229 3551 et
1255 3496 1440 3550 Plato:
1496 3503 1552 3548 et
1585 3495 1768 3563 specie
1807 3494 1938 3557 duo,
1970 3502 2030 3548 ut

460 3599 627 3652 homo
679 3602 738 3649 et
781 3607 985 3662 equus;
1020 3598 1075 3644 et
1101 3605 1304 3660 genere
1356 3587 1488 3650 duo,
1547 3597 1608 3642 ut
1637 3588 1942 3643 substantia
1975 3594 2031 3642 et

458 3692 667 3749 album.
701 3688 798 3742 His
851 3687 925 3740 ita
977 3682 1315 3747 constitutis,
1367 3697 1492 3736 cum
1541 3681 1651 3736 duo
1697 3682 1765 3736 de
1808 3681 2031 3737 Christo

457 3782 718 3845 dicimus,
750 3795 860 3834 non
887 3792 1014 3832 eum
1043 3775 1154 3831 duo
1192 3775 1431 3829 dicimus
1482 3789 1604 3828 esse
1634 3789 1901 3836 numero,
1933 3773 2030 3828 sed

462 3890 632 3931 unum
668 3886 922 3934 numero,
965 3867 1148 3938 specie
1182 3866 1314 3921 duo.
1340 3865 1495 3933 Quod
1546 3873 1729 3920 autem
1772 3860 1860 3920 ita
1879 3864 2030 3935 loqui

461 3964 757 4038 possimus,
784 3962 950 4018 etiam
996 3961 1112 4030 ipse
1174 3958 1421 4013 ostendit
1463 3957 1806 4020 Aristoteles,
1841 3968 2030 4027 aperte

463 4057 533 4112 de
580 4055 810 4110 materie
839 4069 904 4108 ac
935 4052 1108 4106 forma
1168 4049 1380 4116 dicens,
1409 4065 1530 4104 esse
1587 4049 1678 4103 illa
1712 4065 1882 4103 unum
1911 4048 2033 4118 qui-

462 4149 589 4204 dem
638 4161 904 4209 numero,
953 4144 1050 4198 sed
1101 4143 1283 4212 specie
1326 4143 1456 4197 duo.
1501 4141 1748 4210 Itemque
1811 4150 2033 4197 sanctus

465 4239 557 4294 ille
579 4236 898 4308 Gregorius,
930 4235 998 4290 de
1030 4234 1254 4289 Christo
1287 4233 1515 4288 dicens:
1555 4233 1802 4302 Utraque
1832 4241 2031 4286 natura

465 4329 743 4400 copulata,
779 4343 951 4382 unum
991 4326 1124 4396 quid
1164 4336 1276 4392 est;
1308 4340 1418 4378 non
1459 4333 1639 4378 tamen
1692 4333 1910 4388 natura,
1935 4324 2031 4380 sed

464 4420 723 4476 coitione.
755 4419 959 4474 Verum
1006 4417 1098 4472 hic
1141 4431 1363 4472 rursum
1409 4414 1572 4469 nobis
1623 4413 1927 4484 objiciunt:
1975 4414 2030 4468 Si

466 4524 637 4564 unum
684 4517 743 4562 et
778 4507 889 4562 duo
917 4507 986 4561 de
1041 4505 1236 4562 eodem
1284 4504 1490 4570 dicitis,
1533 4504 2032 4559 contradictionem

466 4597 856 4663 introducitis,
898 4597 1146 4666 adeoque
1170 4597 1636 4666 deprehendetur,
1671 4597 1756 4650 vel
1792 4596 1844 4650 id
1887 4597 2034 4666 quod

2133 3409 2202 3461 τὰ
2233 3408 2326 3462 δύο
2354 3408 2556 3480 ὁμοίως
2582 3427 2596 3440 ·
2630 3409 2883 3479 λέγονται
2910 3412 3017 3482 γὰρ
3047 3410 3142 3465 δύο
3181 3411 3259 3481 τῷ
3303 3411 3546 3483 ἀριθμῷ,
3571 3413 3648 3475 ὡς
3686 3416 3718 3466 ὁ

2136 3500 2434 3573 Σωκράτης
2455 3541 2470 3566 ,
2507 3502 2606 3556 καὶ
2631 3502 2857 3557 Πλάτων
2881 3519 2894 3535 ο
2938 3503 3034 3556 καὶ
3063 3502 3158 3556 δύο
3189 3502 3268 3575 τῷ
3308 3505 3468 3569 εῖδει,
3506 3503 3583 3567 ὡς
3620 3505 3718 3559 άν-

2136 3595 2356 3666 θρωπος
2386 3595 2483 3648 καὶ
2511 3595 2678 3658 ἵππος
2699 3612 2714 3628 ο
2739 3597 2834 3650 καὶ
2859 3595 2952 3650 δύο
2979 3596 3058 3667 τῷ
3086 3596 3270 3667 γένει,
3300 3597 3377 3660 ὡς
3417 3598 3575 3652 οὐσία
3609 3600 3714 3652 καὶ

2136 3687 2369 3754 λευκόν.1
2397 3689 2618 3742 Τούτων
2667 3683 2761 3742 οὖν
2797 3688 2972 3753 οὕτως
3017 3690 3273 3761 ἐχόντων,
3298 3690 3428 3744 ὅταν
3456 3690 3714 3760 εἴπωμεν

2136 3780 2206 3834 τὰ
2239 3780 2330 3834 δύο
2360 3781 2453 3834 ἐπὶ
2481 3780 2574 3834 τοῦ
2597 3781 2858 3853 Χριστοῦ,
2887 3783 2948 3836 οὒ
2978 3781 3056 3852 τῷ
3094 3782 3314 3854 ἀριθμῷ
3345 3783 3576 3855 λέγομεν
3605 3785 3712 3838 αὐ-

2138 3870 2228 3923 τὸν
2256 3871 2370 3937 δύο,
2404 3872 2636 3926 ἀλλ’ένα
2682 3873 2781 3944 μὲν
2809 3872 2888 3944 τῷ
2924 3873 3164 3944 ἀριθμῷ,
3189 3874 3282 3927 δύο
3316 3874 3373 3927 δὲ
3420 3873 3500 3945 τῷ
3553 3874 3714 3929 εῖδει.

2142 3963 2262 4016 Ὀτι
2289 3962 2346 4015 δὲ
2375 3963 2652 4034 δυνάμεθα
2674 3964 2851 4029 οὕτως
2875 3965 3074 4033 εἰπεῖν,
3099 3965 3252 4036 δηλοῖ
3272 3967 3364 4020 καὶ
3392 3967 3422 4019 ὀ
3464 3967 3717 4038 Ἀριστο-

2137 4051 2320 4124 τέλης,
2350 4055 2478 4125 περὶ
2507 4056 2606 4126 τῆς
2637 4054 2772 4119 ὕλης
2801 4057 2896 4109 καὶ⁵
2916 4055 3013 4109 τοῦ
3045 4056 3220 4120 εἴδους
3248 4057 3712 4126 φανερῶςείπῶν,

2137 4142 2221 4194 ὅτι
2256 4142 2428 4198 ταῦτα
2456 4143 2514 4198 ἓν
2549 4145 2649 4215 μέν
2698 4148 2806 4200 είσι
2837 4147 2916 4219 τῷ
2941 4147 3184 4219 ἀριθμῷ,
3203 4148 3298 4202 δύο
3334 4149 3391 4202 δὲ
3427 4150 3506 4219 τῷ
3553 4150 3714 4205 εῖδει.

2154 4232 2211 4285 '0
2252 4233 2307 4286 δὲ
2352 4233 2506 4304 ἅγιος
2547 4237 2880 4308 Γρηγόριος,
2917 4239 3048 4308 περὶ
3078 4237 3176 4291 τοῦ
3217 4237 3458 4308 Χριστοῦ
3511 4237 3712 4304 λέγων,

2141 4321 2283 4377 ὥστε
2310 4325 2384 4378 Τὸ
2421 4327 2834 4398 συναμφότερον
2879 4327 2957 4395 ἓν,
2987 4329 3048 4382 οὐ
3087 4331 3153 4401 τῇ
3180 4328 3362 4398 φύσει,
3392 4333 3459 4399 τῇ
3488 4330 3546 4383 δὲ
3584 4347 3716 4383 συν-

2140 4413 2261 4484 ὁδῳ.
2284 4415 2424 4486 Πρὸς
2448 4417 2606 4471 τοῦτο
2620 4419 2783 4476 πάλιν
2808 4420 3176 4492 ὲπαποροῦσιν
3203 4421 3352 4491 ἡμῖν,
3372 4422 3589 4475 ὃτιἘπὶ
3615 4422 3714 4476 τοῦ

2140 4507 2308 4561 αὑτοῦ
2337 4508 2396 4561 τὸ
2417 4508 2475 4562 ἓν
2497 4509 2766 4578 λέγοντες,
2797 4511 2894 4564 καὶ
2918 4512 2989 4565 τὰ
3011 4511 3107 4565 δύο
3129 4512 3420 4582 ἀντίφασιν
3439 4513 3712 4579 εἱσάγετεο

2141 4600 2235 4652 καὶ
2286 4600 2705 4672 εὑρεθήσεταιῆ
2751 4601 2781 4654 δ
2814 4601 3036 4672 λέγετε,
3064 4603 3278 4673 ψευδὲς,
3337 4603 3370 4672 ἦ
3425 4602 3716 4671 ἀντίφασις

465 4691 667 4756 dicitis,
717 4705 838 4746 esse
872 4689 1070 4752 falsum
1098 4730 1112 4754 ,
1152 4689 1238 4744 vel
1294 4688 1787 4744 contradictionem
1828 4691 2029 4760 pariter

2138 4690 2598 4760 συναληθεύουσα.
2636 4693 2779 4761 Πρὸς
2814 4693 2976 4746 τοῦτο
3029 4693 3288 4764 λέγομεν,
3318 4695 3401 4747 ὅτι
3454 4693 3516 4746 οὐ
3569 4693 3715 4748 κατὰ

465 4797 587 4838 esse
642 4796 850 4837 veram.
910 4779 992 4834 Ad
1035 4779 1140 4834 hoc
1185 4779 1616 4848 respondemus,
1660 4795 1772 4834 non
1839 4780 2036 4835 eodem

381 4937 390 4956 ἡ
466 4884 724 4944 respectu
770 4888 959 4928 veram
1015 4886 1160 4936 esse,
1216 4871 1312 4926 sed
1340 4871 1597 4937 diverso;
1628 4871 1776 4940 quod
1810 4873 2037 4929 minime

465 4964 767 5020 absurdum
795 4973 901 5020 est.

535 5054 600 5109 V.
628 5053 927 5110 Sciendum
953 5060 1137 5108 autem
1194 5052 1482 5109 universas
1511 5053 1855 5124 obiectiones
1874 5053 2039 5108 hasce

464 5162 576 5201 non
601 5161 722 5201 esse
746 5143 1002 5216 proprias
1051 5143 1458 5213 Haesitantium,
1488 5145 1583 5201 sed
1623 5143 1770 5214 quod
1794 5160 1889 5200 eas
1933 5145 2040 5200 Ne-

465 5237 726 5293 storianis
767 5236 1043 5304 sullurati,
1093 5237 1255 5292 nobis
1277 5245 1606 5308 proponant.
1642 5236 1779 5292 Nam
1805 5236 2040 5292 illiduas

469 5341 731 5397 personas
773 5334 831 5381 et
867 5327 1006 5383 duos
1038 5327 1291 5383 Cliristos
1348 5327 1619 5391 dicentes,
1665 5326 2040 5381 communiter

468 5420 586 5473 haec
613 5417 915 5482 omnibus“
951 5418 1087 5472 duas
1137 5427 1362 5473 naturas
1411 5419 1496 5472 vel
1547 5418 1749 5482 unitas,
1798 5419 1886 5473 vel
1917 5427 2041 5488 post.

469 5510 754 5573 unionem,
789 5509 1184 5566 confitentibus
1233 5510 1572 5581 obiiciebant
1599 5527 1613 5565 :
1641 5511 1698 5566 Si
1750 5511 1888 5565 duas
1917 5526 2040 5566 esse

470 5611 693 5656 naturas
719 5600 926 5665 dicitis,
960 5601 1126 5656 etiam
1167 5603 1307 5658 duas
1351 5618 1618 5674 personas
1663 5603 2034 5658 introducitis.

468 5693 676 5762 Nempe
738 5691 944 5746 idcirco
1017 5701 1073 5748 et
1141 5693 1441 5749 absurdum
1496 5693 1632 5749 illud
1697 5703 1806 5749 tam
1879 5695 2040 5750 nobis

469 5797 632 5852 quam
653 5781 1046 5838 [imitantibus
1070 5798 1168 5853 per
1195 5784 1297 5839 has
1345 5783 1688 5854 obiectiones
1721 5783 2035 5854 colligitur:

471 5889 597 5928 cum
624 5873 762 5928 nihil
811 5873 918 5928 tale
968 5874 1313 5930 Nestorianis
1350 5873 1582 5937 accidat,
1632 5873 1728 5929 sed
1757 5888 1788 5928 e
1815 5873 2037 5928 diverso

477 5964 724 6042 ipsqrum
773 5965 1068 6034 sententia,
1121 5967 1268 6037 quod
1329 5966 1444 6021 hac
1493 5964 1708 6033 attinet,
1742 5965 2094 6024 conﬁrme-'.'

2137 4783 2198 4836 τὸ
2250 4783 2384 4836 αὐτὸ
2441 4783 2740 4854 ἀληθεύειο
2799 4785 2938 4838 ἀλλὰ
2993 4787 3116 4840 κατ’

2137 4873 2359 4925 ἄτοπον.

3186 4786 3316 4840 ἄλλο
3334 4826 3350 4853 ,
3408 4786 3547 4855 ὅπερ
3609 4785 3714 4839 οὐκ

2223 5045 2416 5100 Ἰστέον
2449 5047 2504 5102 δὲ
2530 5087 2546 5114 ,
2571 5048 2653 5102 ὅτι
2689 5049 2861 5102 πᾶσαι
2892 5049 2947 5102 αἱ
2979 5048 3207 5120 ἆπορίαι
3251 5042 3414 5103 αὗται
3458 5048 3561 5102 οὐκ
3601 5050 3712 5103 εἶσὶ

2136 5138 2246 5192 τῶν
2276 5139 2705 5211 διακρινομένων
2735 5141 2882 5204 ῖδιαι,
2907 5141 3023 5195 ἀλλ’
3052 5140 3162 5194 ἀπὸ
3193 5140 3303 5195 τῶν
3327 5141 3712 5213 Νεστοριανῶν

2138 5229 2454 5300 κλέψαντες,
2484 5230 2784 5304 ἀποροῦσιν
2811 5235 2945 5305 ἡμῖν
2972 5232 3163 5297 αὐτάς.
3208 5232 3440 5288 Ἐκεῖνοι
3481 5232 3592 5304 7&9
3616 5233 3711 5286 δύο

2139 5323 2408 5393 πρόσωπα
2435 5323 2531 5378 καὶ
2555 5325 2648 5378 δύο
2675 5327 2722 5378 Χ
2731 5326 2951 5397 ριστοὺς
2971 5326 3310 5394 δοξάζοντες,
3343 5325 3540 5391 κοινῶς
3571 5327 3710 5398 πρὸς

2138 5417 2347 5479 πάντας
2401 5417 2528 5480 τοὺς
2575 5415 2833 5486 λέγοντας
2865 5416 2958 5470 δύο
2994 5417 3208 5486 φύσεις,
3237 5419 3349 5471 εἴτε
3389 5417 3708 5483 ἐνωθείσας,

2138 5509 2248 5562 εἴτε
2297 5508 2435 5578 μετὰ
2481 5509 2582 5579 τὴν
2625 5509 2842 5574 ἕνωσιν,
2869 5509 3112 5581 ἠπόρουν
3158 5510 3370 5575 αὐτὰς,
3400 5511 3484 5564 ὅτι
3515 5510 3578 5564 Et
3616 5509 3710 5563 δύο

2139 5599 2330 5667 φύσεις
2353 5600 2562 5668 λέγετε,
2593 5602 2686 5656 καὶ
2723 5602 2814 5655 δύο
2852 5603 3123 5673 πρόσωπα
3169 5602 3445 5670 είσάγετε.
3494 5601 3710 5673 Ἀμέλει

2137 5691 2204 5744 δι’
2242 5691 2374 5744 αὐτὸ
2420 5693 2513 5746 καὶ
2553 5694 2616 5746 τὸ
2662 5694 2862 5748 ἄτοπον
2903 5695 3144 5764 συνήχθη
3183 5695 3318 5764 ἡμῖν
3370 5710 3432 5747 τε
3471 5695 3564 5746 καὶ
3597 5695 3710 5756 τοῖς

2136 5785 2572 5857 διακρινομένοις
2597 5787 2664 5840 ὲκ
2692 5785 2897 5841 τούτων
2915 5787 3024 5840 τῶν
3049 5785 3310 5858 ἀποριῶν.
3340 5785 3465 5848 Τοῖς
3504 5783 3708 5838 Νεστο-

2142 5878 2346 5946 ριανοῖς
2369 5877 2426 5930 δὲ
2453 5877 2639 5932 οὐκέτι
2662 5878 2723 5931 τὸ
2750 5879 2938 5949 ὅμοιον
2969 5877 3230 5945 συνάγετε
3255 5892 3269 5907 ’
3299 5874 3436 5930 ἀλλὰ
3464 5876 3556 5928 καὶ
3583 5873 3706 5927 τού-

2141 5965 2351 6021 ναντίον
2411 5967 2748 6041 ἰσχυρίζεται
2805 5969 2871 6023 τά
2929 5967 3109 6024 αὐτῶν
3155 5968 3278 6022 ὅσον
3324 5965 3434 6021 ἀπὸ
3480 5963 3707 6020 τούτων.
