4068 6542
326 458 327 461 γ
358 486 501 557 1245

1542 468 1640 530 DE
1680 467 1961 528 SECTIS.
1998 495 2065 505 -
2110 470 2271 532 ACT.
2309 470 2446 533 VII.

3444 474 3447 475 ⁷
3483 462 3621 529 1246

369 597 664 670 ’Δποροῦσι
712 593 769 647 δὲ
813 590 945 661 ἡμῖν
997 588 1091 641 καὶ
1128 585 1296 653 ἄλλην
1344 582 1469 636 τινὰ
1520 582 1777 670 ἀπορίαν,
1814 578 1935 647 ἥτις

2044 586 2148 631 tur.
2199 578 2482 648 Objiciunt
2541 579 2702 632 nobis
2748 587 2805 632 et
2847 579 3012 632 aliam
3065 577 3467 639 difﬁcultatem,
3498 593 3622 646 quae

361 693 470 746 ἰδία
513 669 628 760 μὲν
672 682 853 740 αὐτῶν
915 682 1084 741 ἑστιν,
1112 678 1192 737 εἰς
1230 671 1612 744 Νεστοριανῶν
1658 671 1713 723 δὲ
1760 669 1935 737 δόγμα

360 773 929 852 καταλήγει.⁴Επειδὴ
967 770 1076 840 γὰρ
1133 768 1284 836 λέγει
1323 764 1463 837 πρὸς
1515 763 1713 824 αὐτοὺς
1747 762 1781 831 ἡ
1821 761 1937 852 Ἐκ-

363 849 686 943 κλησίανβτι
712 862 775 920 El
804 865 993 931 λέγετε
1018 858 1305 928 ἁσύγχυτα
1332 855 1403 910 τὰ
1434 853 1729 943 ἑνωθέντα,
1763 850 1859 943 καὶ
1876 849 1936 901 τὸ

362 941 466 1035 μὲν
489 958 755 1031 παθητὸν,
783 956 843 1009 τὸ
878 953 936 1007 δὲ
967 948 1198 1014 ἀπαθὲς,
1229 948 1324 1001 καὶ
1372 944 1590 1017 ὁρατὸν,
1621 942 1717 996 καὶ
1750 941 1938 1035 *ἀόρα-

357 1031 474 1117 τον,
502 1051 596 1104 xal.
634 1046 1032 1119 περιγραπτον,
1070 1040 1167 1095 καὶ
1190 1037 1607 1108 ἀπερίγραπτον
1627 1074 1641 1099 ,
1679 1032 1773 1086 καὶ
1806 1031 1936 1099 θνη-

357 1144 473 1208 τὸν,
497 1141 591 1194 καὶ
618 1137 909 1200 ἀθάνατον,
941 1133 1037 1187 καὶ
1064 1132 1163 1185 ὅσα
1187 1127 1415 1183 τοιαῦτα
1435 1168 1450 1192 ,
1480 1125 1539 1191 ἐξ
1568 1123 1817 1209 ἀνάγκης
1844 1120 1938 1173 δύο

359 1228 553 1303 φύσεις
572 1229 825 1297 εἱσάγετε
850 1242 864 1256 ο
906 1222 1252 1291 ἀντιλέγουσι
1280 1218 1421 1290 πρὸς
1449 1215 1646 1279 ταῦτα,
1674 1215 1757 1268 ὅτι
1784 1210 1938 1265 οὐδὲν

256 1310 265 1317 ”
361 1302 583 1387 ἄτοπον,
617 1321 715 1374 atat
766 1316 1051 1386 ἀσύγχυτα
1111 1310 1449 1383 ὁμολογῆσαι
1503 1307 1573 1361 τὰ
1631 1302 1933 1359 ἐνωθέντα·

361 1417 457 1471 καὶ
498 1414 558 1469 τὸ
595 1413 693 1485 μὲν
718 1408 979 1478 παθητδν,
1011 1406 1072 1460 τὸ
1106 1405 1162 1458 δὲ
1194 1402 1429 1467 ἀπαθὲς,
1464 1400 1559 1454 καὶ
1596 1397 1725 1467 μίαν
1772 1393 1938 1465 φύσιν

362 1508 456 1562 ἐπὶ
482 1505 661 1560 αὐτῶν
691 1520 706 1535 ·
749 1502 845 1557 καὶ
873 1499 1059 1554 λοιπὸν
1090 1494 1471 1568 παραφέρουσι
1502 1493 1640 1564 πρὸς
1664 1490 1849 1543 πίστιν
1877 1487 1940 1541 τὸ

362 1599 714 1672 παράδειγμα
764 1593 859 1648 τοῦ
904 1589 1215 1663 ἀνθρώπου.
1283 1587 1416 1641 Ἰδοὺ
1468 1586 1599 1655 γὰρ,
1659 1587 1860 1654 φασιν,
1889 1583 1936 1672 *ἡ

361 1669 510 1760 ψυχὴ
540 1688 635 1740 καὶ
662 1685 725 1738 τὸ
745 1684 905 1754 σῶμα
926 1679 1253 1749 ἀσυγχύτως
1274 1676 1458 1748 ἡνώθη
1488 1676 1581 1728 ἐπὶ
1611 1673 1705 1727 τοῦ
1729 1669 1939 1741 ἀνθρώ-

365 1799 492 1835 που.
524 1778 636 1833 Kal.
658 1776 720 1830 τὸ
754 1776 852 1846 μὲν
876 1774 1089 1845 ὁρατὸν,
1117 1771 1179 1825 τὸ
1204 1770 1262 1824 δὲ
1290 1770 1524 1840 ἀόρατον
1542 1784 1558 1799 ο
1589 1767 1684 1820 καὶ
1720 1763 1936 1833 θνητὸν,

364 1873 458 1925 καὶ
507 1868 794 1931 ἀθάνατον,
823 1865 918 1919 καὶ
963 1863 1033 1917 τὰ
1077 1861 1249 1916 ἄλλω
1298 1859 1394 1913 καὶ
1418 1861 1569 1929 ὅμως
1603 1858 1666 1910 ού
1705 1855 1938 1923 λέγομεν

2042 670 2396 739 peculiariter
2438 670 2685 739 ipsorum
2752 670 2974 739 quidem
3008 680 3130 733 est;
3165 668 3261 722 sed
3315 668 3370 721 in
3425 668 3621 723 Nesto-

2042 760 2327 813 rianorum
2351 758 2546 830 dogma
2577 760 2803 815 desinit.
2852 759 2991 814 Cum
3033 759 3181 813 enim
3222 758 3291 812 ad
3338 758 3486 827 ipsos
3543 758 3620 811 ait

2042 851 2313 916 Ecclesia,
2341 852 2387 905 si
2420 852 2576 906 unita
2609 851 2795 905 dicant
2828 850 3139 915 inconfusa,
3188 860 3244 904 et
3294 866 3465 903 unum
3492 865 3619 919 pas-

2042 943 2226 1009 sibile,
2284 943 2520 997 alterum
2560 942 2835 1013 passionis
2883 958 3110 1011 expers;
3151 958 3322 996 unum
3371 952 3622 1013 aspecta-

2043 1035 2178 1100 bile,
2208 1036 2443 1090 alterum
2466 1035 2893 1105 inaspectabile;
2922 1051 3094 1089 unum
3112 1036 3621 1107 circumscriptum,

2042 1127 2276 1181 alterum
2341 1141 2454 1180 non
2510 1126 3025 1196 circumscriptum;
3100 1142 3272 1182 unum
3350 1130 3622 1195 mortale,

2042 1219 2278 1271 alterum
2307 1217 2648 1284 immortale;
2684 1233 2919 1288 quasque
2948 1219 3056 1273 alia
3100 1231 3232 1274 sunt
3262 1220 3620 1292 hujusmodi;

2043 1308 2181 1364 duas
2207 1308 2522 1365 necessario
2548 1316 2778 1363 naturas
2806 1325 2904 1365 eos
2949 1310 3338 1366 introducere:
3390 1326 3622 1381 respon‘

2044 1399 2177 1455 dent
2204 1392 2283 1454 illi
2308 1400 2552 1454 vicissim
2605 1400 2813 1454 nullam
2846 1400 3248 1457 absurditatem
3276 1417 3400 1457 esse
3435 1403 3626 1458 incon-

2044 1493 2166 1547 fusa
2216 1491 2469 1547 confiteri
2516 1492 2693 1557 unita,
2721 1492 3009 1563 nihiloque
3041 1495 3227 1550 minus
3277 1511 3447 1550 unum
3494 1511 3623 1566 pas-

2044 1584 2227 1649 sibile,
2264 1584 2498 1639 alterum
2549 1583 2823 1653 passionis
2852 1600 3085 1655 expers;
3140 1594 3196 1640 et
3226 1603 3390 1641 unam
3428 1587 3484 1641 in
3544 1586 3626 1642 eis

2044 1685 2330 1730 naturam:
2380 1676 2529 1745 quod
2583 1677 2663 1731 uti
2710 1677 2967 1747 probent,
3019 1677 3260 1732 hominis
3310 1679 3625 1748 exemplum

2045 1767 2355 1837 proferunt.
2402 1768 2506 1833 En,
2563 1768 2843 1838 inquiunt,
2897 1784 3101 1839 corpus
3145 1777 3203 1824 et
3256 1769 3439 1824 anima
3484 1770 3625 1825 citra

2045 1856 2424 1912 confusionem
2473 1858 2529 1912 in
2588 1859 2812 1914 homine
2844 1860 3000 1913 unita
3057 1869 3207 1925 sunt,
3260 1876 3431 1914 unum
3474 1876 3626 1930 aspe-

362 1962 458 2018 δύο
508 1961 722 2033 φύσεις,
752 1957 890 2013 ἀλλὰ
935 1955 1064 2026 μίαν
1097 1954 1260 2023 φύσιν
1302 1950 1399 2005 τοῦ
1443 1946 1757 2020 ἀνθρώπου.
1792 1944 1939 2013 Πρὸς

2044 1947 2261 2013 ctabile,
2310 1948 2546 2002 alterum
2616 1949 3048 2019 inaspectabile;
3114 1966 3288 2005 unum
3350 1952 3622 2017 mortale,

361 2054 534 2110 ταῦτα
578 2052 740 2105 πάλιν
786 2050 1038 2117 λέγουσιν
1070 2048 1119 2099 οἱ
1158 2044 1267 2098 ἀπὸ
1311 2042 1413 2112 τῆς
1456 2038 1804 2105 συνόδου,ὃτι
1839 2035 1937 2089 Ὃν

360 2146 563 2217 τρόπον
594 2143 782 2212 λέγετε
817 2137 1085 2204 σώζεσθαι
1116 2136 1209 2189 ἐπὶ
1238 2134 1332 2188 τοῦ
1379 2130 1672 2203 ἀνθρώπου
1698 2133 1768 2182 τὰ
1806 2128 1938 2180 ἑνω-

363 2236 524 2291 θέντα
578 2235 716 2306 μετὰ
767 2233 868 2302 τὴν
911 2231 1127 2295 ἕνωσιν,
1159 2227 1255 2282 καὶ
1297 2227 1358 2279 τδ
1394 2225 1492 2295 μὲν
1524 2220 1756 2293 Θνητδν,
1789 2218 1852 2271 τὸ
1879 2217 1938 2270 δὲ

365 2327 462 2384 καὶ
486 2325 779 2390 ἀθάνατον,
813 2323 908 2376 καὶ
936 2321 1103 2376 τᾶλλα
1136 2320 1316 2373 πάντα
1346 2331 1361 2345 ⁸
1399 2315 1542 2370 οὕτω
1569 2313 1803 2381 λέγομεν
1845 2309 1939 2363 ἐπὶ

361 2420 458 2474 τοῦ
509 2418 745 2489 Χριστοῦ
784 2430 799 2445 ⁸
847 2415 1021 2471 ταῦτα
1072 2414 1130 2468 δὲ
1185 2411 1365 2467 πάντα
1424 2409 1518 2464 δύο
1568 2404 1785 2478 φύσεώς
1831 2406 1939 2457 εἰσι

363 2506 722 2578 γνωριπικά.

326 2773 332 2778 ’
436 2774 581 2849 Πρὸς
605 2776 776 2830 ταῦτα
806 2774 858 2827 οἱ
888 2772 987 2844 μὲν
1007 2770 1114 2825 ἀπὸ
1144 2768 1376 2824 Γαῖανοῦ
1409 2768 1564 2822 οὐδὲν
1596 2767 1942 2839 εὑρίσκουσιν

366 2872 564 2926 εἰπεῖν.
603 2865 1026 2939 Ὀμολογοῦντες
1073 2864 1185 2934 γὰρ
1211 2863 1498 2931 ἁσύγχυτα
1540 2854 1681 2913 εῖναι
1708 2858 1779 2912 τὰ
1807 2860 1943 2911 ἐνω-

366 2958 550 3026 θὲντα,
590 2958 692 3015 οὐκ
739 2960 1022 3028 ἀνέχονται
1072 2956 1208 3019 ὅλως
1258 2953 1380 3008 οὐδὲ
1427 2951 1693 3023 διαφορὰν
1742 2952 1941 3015 εἰπεῖν,

363 3053 475 3109 οὐδ’
520 3052 658 3115 ὅλως
687 3050 747 3104 τὸ
765 3049 859 3102 δύο
884 3047 1151 3117 ὀνομάσαι
1173 3087 1188 3112 ,
1222 3045 1338 3100 ἀλλ’
1380 3044 1439 3098 ἓν
1471 3062 1523 3097 τι
1565 3043 1635 3097 τὰ
1673 3041 1947 3096 ἑνωθέντα

368 3141 509 3215 μετὰ
543 3142 640 3213 τὴν
681 3140 874 3194 ἕνωσιν
910 3139 1183 3208 λέγουσιν.
1227 3138 1291 3190 Οἱ
1314 3136 1373 3189 δὲ
1411 3133 1755 3188 Θεοδοσιανοὶ
1778 3172 1794 3198 ,
1825 3133 1945 3204 ἦτοι

363 3236 475 3291 ἀπὸ
506 3236 771 3307 Σεδήρςυ,
807 3232 1110 3304 εὑρήκασιν
1135 3230 1351 3291 ἑαυτοῖς
1372 3226 1672 3295 ἀπολογίαν
1690 3264 1706 3290 ,
1733 3225 1829 3278 καὶ
1856 3224 1946 3277 λέ-

328 3326 331 3329 ’
364 3344 571 3399 γουσιν,
588 3327 668 3379 ὃτι
684 3325 874 3395 Ἡμεῖς
893 3319 1263 3390 ὁμολογοῦμεν
1282 3318 1514 3388 διάφορα
1531 3313 1670 3370 εῖναι
1692 3315 1761 3370 τὰ
1781 3315 1945 3386 μέρη,

365 3420 427 3473 τὸ
454 3418 512 3472 δὲ
550 3416 900 3485 ἀποτέλεσμα
929 3412 1012 3467 ἓν.
1050 3412 1262 3481 Ὠσπερ
1314 3405 1410 3463 οὖν
1456 3408 1552 3462 καὶ
1581 3408 1675 3461 ἐπὶ
1721 3406 1816 3460 τοῦ
1850 3408 1947 3460 ἀν-

365 3510 587 3583 θρώπου
638 3506 873 3577 διάφορά
916 3506 1025 3557 εἰσι
1072 3502 1141 3555 τὰ
1198 3500 1419 3571 μέρη,ἦ
1453 3516 1514 3552 τε
1563 3498 1713 3571 ψυχὴ
1751 3499 1848 3553 καὶ
1887 3497 1949 3551 τὸ

368 3605 550 3675 σῶμα,
599 3601 663 3656 τὸ
700 3600 758 3654 δὲ
794 3598 1145 3666 ἀποτέλεσμα
1189 3594 1269 3648 ἓν.
1314 3594 1605 3648 Βούλονται
1643 3593 1753 3663 γὰρ
1806 3590 1947 3645 κατὰ

365 3694 547 3748 πάντα
595 3686 963 3761 μεθαρμόζειν
1010 3685 1074 3739 τὸ
1126 3683 1483 3753 παράδειγμα
1527 3681 1622 3736 τοῦ
1655 3679 1946 3751 ἀνθρώπου

367 3785 461 3839 ἐπὶ
499 3780 596 3835 τοῦ
642 3777 912 3851 Χριστοῦ·
954 3772 1076 3830 εἶτα
1108 3775 1298 3842 ἐπειδὴ
1331 3773 1658 3846 συνῄσθοντο
1718 3770 1947 3834 ἑαυτοὺς

366 3877 448 3940 εἰς
469 3874 532 3928 τὸ
564 3873 741 3941 δόγμα
766 3872 866 3941 τῆς
895 3869 1116 3922 συνόδου
1163 3866 1524 3938 ἐμπεσόντας,
1553 3864 1863 3935 ἐπὶ-ἕτερόν
1891 3881 1946 3917 τι

370 3964 799 4039 μετασιὸἀζουσι
829 3961 923 4014 τὸν
976 3959 1156 4029 λόγον,
1190 3958 1284 4012 καί
1312 3975 1498 4027 φασιν,
1527 3958 1610 4011 ὅτι
1641 3956 1946 4027 Διαφόρους

366 4056 559 4127 φύσεις
582 4054 763 4125 φαμὲν
785 4054 946 4123 ἡμεῖς
974 4049 1083 4103 τῶν
1116 4049 1300 4121 μερῶν
1320 4066 1333 4078 ·
1364 4048 1461 4102 τοῦ
1488 4048 1546 4102 δὲ
1566 4046 1947 4113 ἀποτελέσμα-

365 4169 459 4217 τος
479 4193 494 4218 ,
528 4150 681 4222 μίαν.
710 4149 791 4221 Τῇ
838 4150 1019 4218 μέντοι
1051 4143 1253 4214 συνόδῳ
1277 4142 1409 4215 περὶ
1440 4141 1537 4196 τοῦ
1564 4139 1944 4211 ἀποτελέσμα-

365 4261 459 4307 τος
509 4239 578 4314 ἦν
615 4240 645 4295 ό
686 4240 868 4308 λόγος.
910 4238 1055 4308 Πρὸς
1101 4234 1196 4299 οὓς
1226 4234 1458 4307 λέγομεν
1480 4274 1498 4300 ,
1529 4234 1614 4288 ὅτι
1641 4233 1940 4288 Ψεύδεσθε.

366 4332 474 4390 Ἦν
488 4335 595 4405 γὰρ
622 4333 752 4405 περὶ
778 4331 873 4385 τοῦ
895 4328 1341 4399 ἀποτελέσματος
1365 4328 1464 4399 ούχ
1485 4329 1515 4382 ὁ
1544 4327 1705 4397 λόγος
1721 4329 1788 4398 τῇ
1815 4343 1943 4379 συν-

365 4426 490 4497 όδῳ,
538 4422 679 4478 ἀλλὰ
727 4419 996 4492 περὶτῶν
1045 4417 1227 4489 μερῶν
1259 4433 1274 4447 θ
1312 4417 1407 4470 καὶ
1438 4416 1597 4470 τοῦτο
1642 4416 1803 4487 δῆλον
1835 4414 1945 4470 ἀπὸ

367 4517 581 4572 πολλῶν
626 4517 764 4569 ἔστι.
794 4512 1019 4583 Πρῶτον
1060 4509 1172 4564 ἀπὸ
1208 4510 1317 4563 τῶν
1354 4508 1671 4562 Γαῖανιτῶν.
1717 4508 1943 4561 Ἐκεῖνοι

2039 2040 2274 2095 alterum
2307 2041 2650 2107 immortale;
2678 2041 2897 2111 aliaque
2927 2043 3055 2097 talia
3099 2058 3116 2097 :
3169 2058 3281 2097 non
3310 2052 3491 2098 tamen
3527 2060 3624 2099 na-

2040 2129 2350 2185 turasduas
2398 2130 2663 2195 dicimus,
2699 2130 2795 2185 sed
2846 2147 3014 2186 unam
3067 2132 3307 2188 hominis
3342 2141 3619 2188 naturam-

2038 2222 2120 2277 Ad
2141 2238 2206 2278 ea
2236 2222 2430 2294 synodi
2451 2230 2753 2277 sectatores
2772 2222 3019 2277 vicissim
3048 2223 3408 2293 respondent,
3433 2241 3626 2294 quem-

2042 2314 2341 2369 admodum
2384 2314 2490 2384 ipsi
2527 2315 2707 2369 salvas
2744 2330 2868 2369 esse
2925 2331 3017 2370 res
3068 2315 3125 2369 in
3165 2315 3389 2371 homine
3420 2316 3624 2378 unitas,

2042 2417 2165 2477 post
2210 2406 2472 2460 unionem
2526 2406 2753 2471 factam,
2801 2406 3021 2472 dicant,
3091 2405 3392 2477 nihiloque
3440 2408 3626 2463 minus

2045 2514 2213 2552 unum
2262 2513 2385 2552 esse
2438 2498 2692 2562 mortale,
2726 2498 2964 2552 alterum
3030 2497 3363 2563 immortale,
3409 2497 3626 2567 aliaque
3726 2484 3737 2491 ’

2043 2589 2262 2654 omnia,
2300 2588 2379 2644 sic
2413 2588 2482 2643 de
2529 2587 2838 2643 Christose
2887 2603 3111 2658 quoque
3157 2589 3345 2659 loqui;
3401 2597 3458 2643 at
3508 2588 3625 2643 hazc

2043 2679 2229 2735 omnia
2248 2678 2487 2732 duarum
2511 2685 2843 2733 naturarum
2878 2693 3003 2733 esse
3027 2679 3251 2734 indicia.

2113 2770 2202 2826 Vl.
2231 2769 2383 2824 Nihil
2424 2768 2492 2822 ad
2524 2768 2642 2824 haec
2676 2768 2940 2824 Gaianita:
2968 2768 3116 2838 quod
3144 2768 3351 2833 dicant,
3386 2769 3625 2823 habent.

2044 2859 2181 2915 Cum
2236 2860 2384 2914 enim
2439 2859 2596 2914 unita
2630 2858 2912 2915 fateantur
2956 2859 3268 2924 inconfusa,
3298 2859 3526 2914 omnino
3556 2875 3627 2914 ne

2046 2952 2347 3008 discrimen
2379 2952 2604 3023 quidem
2657 2952 2881 3021 aliquod
2923 2952 3110 3007 dicere
3167 2953 3462 3019 sustinent,
3498 2954 3627 3007 nul-

2047 3043 2169 3097 love
2217 3043 2381 3099 modo
2432 3043 2604 3098 duum
2627 3058 2821 3099 vocem
2880 3042 3223 3099 admittere:
3290 3044 3385 3100 sed
3456 3060 3626 3099 unum

2048 3135 2310 3205 quiddam
2374 3136 2548 3201 unita,
2590 3144 2715 3205 post
2763 3135 3048 3201 unionem,
3095 3135 3237 3191 facta
3300 3136 3513 3191 dicunt.
3557 3137 3630 3191 At

2050 3227 2441 3293 Theodosiani,
2479 3228 2566 3282 vel
2593 3228 2691 3297 qui
2720 3244 2751 3282 a
2781 3228 2984 3283 Severo
3008 3237 3158 3293 sunt,
3195 3228 3627 3285 satisfactionem

2049 3319 2154 3374 sibi
2180 3320 2472 3389 quamdam
2500 3320 2851 3386 invenerunt,
2882 3337 3051 3390 seque
3079 3321 3274 3376 dicunt
3302 3322 3462 3376 fateri
3500 3337 3628 3391 par-

2049 3419 2135 3467 tes
2164 3427 2285 3468 esse
2318 3411 2590 3477 diversas,
2627 3423 2683 3467 at
2717 3429 2885 3467 unum
2928 3412 3226 3468 enectum:
3262 3412 3624 3483 quemadmo-

2048 3505 2180 3560 dum
2218 3505 2361 3560 etin
2392 3505 2615 3560 homine
2678 3514 2862 3577 partes
2903 3505 3135 3561 diversa:
3182 3506 3316 3567 sint,
3342 3506 3524 3560 anima
3571 3514 3629 3560 et

2047 3614 2271 3668 corpus,
2302 3605 2358 3652 at
2380 3614 2552 3653 unum
2581 3597 2862 3652 effectum.
2886 3597 3021 3651 Nam
3050 3613 3149 3667 per
3179 3598 3363 3652 omnia
3387 3597 3628 3652 hominis

2006 3742 2010 3747 .
2045 3690 2357 3760 exemplum
2369 3690 2435 3745 ad
2455 3690 2733 3746 Christum
2750 3691 3166 3745 accommodare
3182 3692 3405 3746 volunt:
3426 3690 3625 3745 deinde

2045 3792 2221 3837 semet
2246 3781 2751 3837 animadvertentes
2782 3783 2838 3836 in
2864 3782 3059 3854 synodi
3091 3782 3285 3853 dogma
3316 3783 3623 3852 prolapsos,

2045 3875 2113 3930 ad
2136 3875 2284 3930 aliud
2307 3875 2612 3930 orationem
2664 3873 3024 3938 transferunt,
3062 3889 3231 3942 seque
3259 3872 3504 3927 diversas
3541 3871 3630 3925 di-

2046 3981 2172 4021 cere
2195 3965 2432 4035 partium
2464 3975 2689 4020 naturas
2710 3965 2887 4029 aiunt,
2911 3964 3094 4020 effecti
3119 3979 3284 4018 unam
3316 3980 3329 4016 :
3356 3978 3481 4018 cum
3509 3978 3630 4033 syn—

2045 4057 2186 4111 odus
2208 4055 2276 4110 de
2300 4054 2499 4111 effecto
2537 4057 2721 4111 locuta
2765 4056 2860 4111 sit.
2886 4055 2997 4110 Nos
3034 4064 3218 4109 autem
3234 4053 3630 4123 respondemus

2043 4164 2140 4205 eos
2170 4148 2415 4203 mentiri.
2450 4147 2572 4203 Non
2602 4148 2749 4202 enim
2778 4148 3021 4219 synodus
3049 4147 3118 4202 de
3142 4145 3341 4202 effecto
3360 4145 3629 4214 loqueba-

2046 4249 2157 4305 tur,
2185 4240 2281 4297 sed
2314 4240 2384 4295 de
2433 4240 2914 4310 partibuszquod
2966 4239 3189 4310 quidem
3240 4253 3309 4293 ex
3370 4236 3629 4307 pluribus

2043 4340 2277 4390 constat.
2304 4332 2551 4387 Primum
2586 4330 2831 4386 indicant
2864 4331 2971 4386 hoc
3015 4331 3120 4401 ipsi
3152 4328 3441 4384 Gaianitaz.
3491 4327 3627 4382 Nam

2042 4425 2331 4496 antiquum
2364 4424 2442 4479 illi
2475 4423 2673 4495 dogma
2705 4423 3035 4489 retinentes,
3072 4423 3145 4477 ita
3174 4437 3328 4477 nunc
3356 4422 3627 4494 synodum

2045 4526 2384 4589 oppugnant.
2423 4517 2582 4587 quasi
2612 4531 2735 4586 quae
2760 4522 2947 4586 partes
2977 4515 3114 4570 duas
3137 4514 3286 4570 dicat
3317 4534 3330 4570 :
3367 4529 3492 4570 cum
3522 4512 3626 4583 ipsi

366 4608 559 4682 γὰρτὸ
598 4608 824 4679 ἀρχαῖον
847 4603 1026 4673 δόγμα
1068 4601 1456 4670 φυλάττοντες,
1500 4598 1644 4652 οὕτω
1679 4599 1943 4669 μάχονται

2050 4618 2174 4681 post
2200 4609 2461 4663 unionem
2495 4614 2683 4677 partes
2713 4621 2933 4675 quoque
2956 4605 3133 4659 velint
3163 4617 3334 4657 unum
3364 4600 3627 4671 quiddam

366 4703 462 4759 νῦν
490 4703 557 4773 τῇ
594 4697 821 4768 συνόδῳ,
847 4696 924 4760 ὼς
946 4693 1041 4748 δύο
1061 4692 1296 4764 λεγούσῃ
1328 4692 1399 4745 τὰ
1428 4692 1572 4762 μέρη
1602 4707 1618 4722 ο
1653 4691 1810 4745 αὐτοὶ
1836 4691 1946 4763 γὰρ

367 4798 464 4851 καὶ
498 4795 568 4849 τὰ
599 4792 741 4864 μέρη
769 4790 829 4843 ἓν
860 4806 914 4842 τι
943 4786 1227 4858 βούλονται
1259 4781 1398 4838 εἶναι
1427 4786 1567 4855 μετὰ
1596 4783 1696 4855 τὴν
1726 4783 1945 4837 ἕνωσιν.

378 4887 522 4941 Ἀλλ’
555 4885 685 4948 ἴσως
714 4883 935 4951 λέγουσι
980 4878 1119 4950 πρὸς
1168 4877 1327 4930 τοῦτο
1355 4878 1416 4939 οἱ,
1448 4875 1786 4929 Θεοδοσιοινο)⁵
1810 4915 1825 4939 ,
1864 4875 1948 4927 ὅτι

368 4979 489 5049 οὐχί
512 4995 527 5010 θ
573 4978 634 5030 ού
672 4975 783 5046 γὰρ
816 4975 867 5027 οἱ
909 4972 948 5025 Γ
951 4970 1189 5025 αῖανῐταί
1224 4970 1363 5022 εἰσιν
1392 4969 1443 5021 oi
1485 4966 1847 5036 φυλάττοντες
1886 4965 1950 5019 τὸ

368 5071 595 5141 ἀρχαῖον
645 5069 841 5137 δόγμα,
893 5064 1033 5120 ἀλλὰ
1084 5062 1285 5133 μᾶλλον
1331 5061 1514 5131 ἡμεῖς.
1584 5059 1745 5112 Ἀλλὰ
1786 5059 1947 5112 πάλιν

370 5161 507 5232 πρὸς
530 5159 686 5213 τοῦτο
707 5159 959 5229 λέγομεν,
984 5156 1065 5210 ὅτι
1087 5156 1149 5210 Εἰ
1173 5153 1268 5208 καὶ
1297 5153 1371 5225 μὴ
1394 5152 1503 5206 ἀπὸ
1518 5151 1626 5205 τῶν
1648 5152 1947 5205 Γαῖανιτῶν

370 5245 662 5301 πιστοῦσθε
688 5246 868 5314 τοῦτο,
900 5246 1017 5301 ἀλλ’
1045 5242 1140 5300 οὖν
1173 5245 1283 5298 ἀπὸ
1313 5243 1424 5297 τῶν
1440 5244 1757 5312 Ἀκεφάλων
1787 5244 1949 5313 ἀνάγ-

370 5358 442 5410 κη
499 5338 643 5409 ύμᾶς
679 5337 836 5392 τοῦτο
884 5337 1287 5392 πιστώσασθαι.
1329 5336 1560 5391 Ἐκεῖνοι
1590 5336 1699 5406 γὰρ
1733 5337 1950 5406 ἀρχαιόο

368 5447 523 5502 τεροι
550 5430 580 5481 ύ
590 5429 705 5501 μῶν
731 5431 828 5483 καὶ
857 5429 968 5483 τῶν
992 5428 1293 5484 Γαῖανιτῶν
1325 5430 1578 5501 φανερῶς
1603 5429 1776 5494 ὄντες,
1806 5430 1949 5484 οὕτω

374 5526 641 5596 μάχονται
668 5526 736 5597 τῇ
767 5524 993 5594 συνόδῳ,
1018 5526 1093 5589 ὡς
1111 5525 1205 5579 δύο
1227 5524 1461 5597 λεγούσῃ
1481 5525 1546 5579 τὰ
1574 5526 1738 5596 μέρη.
1760 5526 1952 5578 Ἔπει-

370 5632 442 5669 τα
473 5615 570 5669 καὶ
604 5614 711 5668 ἀπὸ
754 5599 1028 5685 Εὐτυχοῦς
1056 5615 1398 5685 πιστούμεθα
1447 5615 1625 5669 τοῦτο.
1658 5614 1802 5686 Πρός
1840 5616 1949 5686 γὰρ

372 5705 466 5759 τὸν
489 5706 702 5777 Εὐτυχῆ
734 5707 969 5760 ἐποιεῖτο
1008 5708 1100 5759 τὸν
1130 5707 1287 5775 λόγον
1310 5709 1344 5779 ἡ
1377 5706 1614 5771 σύνοδος,
1643 5708 1793 5771 ὅστις
1819 5709 1949 5777 περὶ

375 5797 484 5851 τῶν
532 5797 716 5868 μερῶν
750 5796 1084 5869 ἡμφισϐήτει
1111 5838 1125 5863 ,
1164 5799 1239 5868 μὴ
1285 5799 1460 5865 λέγων
1493 5801 1623 5870 ὑμῖν
1663 5797 1950 5869 όμοούσιον

376 5882 519 5944 εἶναι
554 5888 615 5942 τὸ
658 5888 836 5961 σῶμα.
884 5889 972 5953 Ὠς
1001 5885 1092 5945 οὗν
1123 5889 1259 5961 πρὸς
1287 5890 1492 5944 ἐκεῖνον
1539 5889 1835 5962 ποιουμένη
1860 5888 1951 5944 τὸν

2043 4718 2184 4759 esse.
2220 4700 2490 4756 Fortassis
2523 4698 2593 4754 ad
2628 4698 2733 4753 hoc
2771 4695 3146 4753 Theodosiani
3182 4691 3623 4763 respondebunt,

2000 4810 2011 4813 ‘
2046 4811 2387 4866 nequaquam
2414 4794 2712 4858 Gaianitas,
2737 4794 2833 4849 sed
2864 4809 2923 4850 se
2961 4791 3152 4861 potius
3202 4790 3325 4844 illos
3352 4803 3496 4853 esse,
3530 4787 3627 4857 qui

2046 4888 2334 4957 antiquum
2392 4888 2586 4958 dogma
2639 4887 2931 4941 retineant.
2962 4886 3074 4940 Nos
3120 4898 3255 4938 vero
3289 4897 3509 4936 rursum
3543 4897 3629 4935 re-

2048 4981 2403 5051 spondemus,
2433 4980 2478 5034 si
2529 4978 2760 5032 maxime
2792 4993 2902 5031 non
2928 4996 2959 5031 a
2990 4975 3258 5032 Gaianitis
3304 4973 3406 5043 ipsi
3463 4973 3628 5027 fidem

2049 5074 2195 5128 illam
2229 5071 2586 5142 sumpserint,
2621 5078 2803 5124 tamen
2848 5084 2970 5125 esse
3014 5082 3264 5127 necesse,
3295 5074 3357 5120 ut
3386 5065 3457 5119 ab
3490 5064 3630 5119 Ace-

2053 5166 2231 5236 phalis
2258 5163 2590 5234 acceperint.
2618 5162 2753 5217 Nam
2783 5160 2862 5216 illi
2900 5158 3192 5215 manifesto
3228 5155 3629 5212 Theodosianis

2053 5258 2400 5316 etGaianitis
2446 5254 2807 5325 antiquiores,
2848 5254 2921 5308 ita
2972 5250 3240 5325 synodum
3285 5258 3624 5320 oppugnant,

2054 5348 2213 5419 quasi
2247 5364 2369 5418 qua:
2416 5357 2601 5417 partes
2630 5347 2767 5401 duas
2802 5346 3001 5401 tradat.
3031 5344 3181 5399 Idem
3212 5351 3269 5398 et
3307 5357 3407 5411 per
3455 5341 3627 5411 Euty-

2056 5440 2215 5493 chem
2240 5438 2439 5493 docere
2465 5452 2773 5507 possumus.
2796 5436 3012 5491 Etenim
3044 5434 3305 5489 adversus
3324 5430 3625 5502 Eutychem

2054 5529 2299 5601 synodus
2329 5529 2421 5583 illa
2452 5528 2620 5583 verba
2644 5526 2982 5597 proferebat,
3015 5525 3173 5595 cujus
3199 5530 3317 5576 erat
3349 5520 3418 5574 de
3449 5519 3625 5590 parti-

2054 5623 2160 5676 bus
2183 5620 2585 5683 controversia,
2615 5618 2872 5680 dicentis,
2900 5632 3103 5686 corpus
3137 5630 3247 5669 non
3278 5628 3401 5668 esse
3437 5610 3628 5665 nobis-

2053 5726 2179 5766 cum
2221 5711 2385 5766 unius
2444 5694 2769 5765 substantias
2797 5750 2811 5773 ,
2850 5707 3085 5776 ideoque
3118 5704 3305 5759 verbis
3348 5702 3417 5757 ad
3472 5701 3625 5755 illum

2055 5802 2303 5867 directis,
2338 5808 2395 5855 et
2430 5801 2546 5869 ipsa
2597 5798 2806 5855 scilicet
2846 5799 2913 5853 de
2957 5797 3206 5868 partibus
3251 5795 3580 5865 loquebatur
3607 5834 3624 5859 ,

2058 5907 2169 5946 non
2226 5890 2293 5946 de
2348 5890 2565 5947 effecto.
2629 5890 2901 5947 Praeterea
2959 5886 3063 5942 nisi
3113 5885 3219 5946 hoc
3271 5881 3625 5951 admiseritis,
