4020 6568
268 493 410 560 1249
1462 502 1560 563 DE
1603 502 1814 563 SECTI

1915 528 1980 538 —
2015 505 2177 567 scr.
2217 509 2351 572 vn.
3386 514 3534 586 1250

262 608 469 679 Πατρὶ,
502 607 600 662 καὶ
640 606 927 679 όμοούσιος
953 609 1085 679 ἡμῖν
1106 624 1119 639 ·
1172 611 1266 662 καὶ
1298 609 1380 663 ὅτι
1420 611 1585 673 αὑτὸς
1618 604 1700 671 εἷς
1734 609 1814 679 τῆ

1936 620 1992 667 et
2020 611 2335 681 hominem;
2364 614 2586 686 proprie
2634 618 2808 674 Deum
2858 620 3139 689 eumdem,
3197 632 3255 679 et
3308 629 3532 697 proprie

263 697 431 764 ἁγίας
456 698 709 769 Τριάδος,
746 698 839 751 και)⁸
869 694 947 761 εἷς
977 699 1037 762 ὲξ
1070 699 1226 770 ἡμῶν
1245 716 1260 731 ο
1297 701 1393 753 καὶ
1411 701 1492 754 ὅτι
1514 700 1646 763 Θεδς
1669 699 1814 768 Λόγο

1951 705 2272 775 hominem;
2302 717 2497 763 natura
2533 709 2704 765 Deum
2726 711 3005 777 eumdem,
3037 724 3095 767 et
3118 694 3315 771 natura
3346 694 3531 775 homi-

259 793 502 860 ὴξίωσεν
521 791 810 864 ἄνθρωπος
830 792 1087 859 γενέσθαι
1103 809 1116 824 ·
1148 799 1241 847 καὶ
1258 793 1395 849 ἄλλα
1422 792 1596 849 πολλὰ
1617 792 1814 847 τοιαῦτα

1948 812 2073 852 nem
2099 816 2115 853 :
2136 801 2301 856 unius
2317 803 2572 858 eumdem
2599 819 2724 858 cum
2750 804 2913 860 Patre
2936 814 3168 871 naturae,
3193 819 3250 864 et
3276 812 3527 880 ejusdem

259 883 577 955 εὑρήσομεν
615 883 673 936 ὲν
695 885 760 954 τῇ
794 882 927 953 ἁγίᾳ
943 883 1157 953 Γραφῇ.

1947 898 2159 944 natura;
2193 893 2483 947 nobiscum
2524 911 2539 947 :
2595 910 2764 949 unum
2814 896 2883 951 de
2916 907 3103 953 sancta
3129 900 3423 965 Trinitate,
3462 919 3528 959 ac

257 990 437 1031 unum
484 976 553 1031 de
584 976 747 1031 nobis
780 991 801 1028 εν
830 976 1088 1046 quodque
1114 977 1260 1032 Deus
1285 975 1479 1033 Sermo
1507 978 1768 1050 dignatus
1800 978 1873 1036 sit
1901 980 2067 1036 homo
2090 982 2207 1038 ﬁeri
2239 1001 2252 1038 :
2293 986 2402 1040 alia
2450 985 2690 1057 denique
2721 988 2881 1057 plura
2914 990 3044 1043 talia
3105 992 3281 1047 sacris
3314 994 3371 1048 in
3411 995 3528 1049 Lit-

259 1075 398 1129 teris
428 1072 787 1143 reperiemus.

344 1164 722 1235 Ἐξετάσωμεν
769 1160 863 1219 οῦν
904 1164 998 1218 ἐπὶ
1051 1164 1278 1229 ταύταις
1328 1166 1589 1237 ἑκάτερον
1643 1167 1814 1237 δόγμα

2026 1164 2156 1219 Vlll.
2182 1165 2574 1222 Examinemus
2598 1165 2764 1236 igitur
2783 1165 2851 1220 ad
2885 1166 2990 1221 ista
3012 1167 3283 1238 principia
3313 1179 3525 1227 utrum-

257 1259 355 1313 καὶ
389 1262 605 1330 πρῶτον
637 1260 729 1313 ἐπὶ
758 1260 857 1329 τῆς
893 1260 1023 1326 μιᾶς
1050 1258 1290 1328 φύσεως,
1315 1261 1415 1314 καὶ
1448 1261 1499 1312 εί
1536 1261 1634 1329 μὲν
1664 1261 1814 1313 καλῶ

1943 1272 2052 1326 que
2086 1257 2303 1327 dogma,
2344 1265 2401 1311 et
2431 1259 2672 1329 primum
2698 1262 2835 1313 adeo
2866 1258 2935 1314 de
2970 1274 3080 1313 una
3105 1269 3303 1316 natura
3334 1264 3522 1332 ;quod

255 1351 376 1424 ἔχῃ,
418 1350 697 1421 δεξώμεθα
722 1365 739 1383 ⁸
776 1352 825 1403 εί
867 1350 925 1403 65
966 1352 1173 1416 κακῶς,
1218 1350 1642 1421 ἀποὸαλώμεθα.
1682 1352 1814 1404 ’Υπο

1941 1348 1986 1402 si
2017 1348 2157 1403 belle
2185 1350 2433 1411 habebit.
2461 1350 2907 1421 acceptabimus:
2939 1353 3023 1407 sin
3059 1362 3267 1417 autem,
3309 1356 3525 1425 rejicie-

253 1445 563 1498 κείσθωσαν
588 1440 680 1497 οὖν
708 1444 838 1513 τρία
863 1443 1007 1508 τινὰ,
1047 1444 1217 1514 ψυχαὶ
1248 1444 1459 1507 ἁπλῶς,
1490 1446 1583 1498 καὶ
1608 1444 1814 1513 σώματι

1938 1457 2079 1497 mus.
2117 1441 2244 1496 Sint
2284 1443 2452 1514 igitur
2504 1444 2609 1497 tria
2655 1444 2902 1513 quaedam
2960 1445 3160 1513 posita,
3195 1446 3522 1517 simpliciter

255 1535 467 1599 ἁπλῶς,
500 1536 591 1588 καὶ
624 1534 899 1607 ἄνθρωποι
931 1535 1386 1600 ἀποτελεσθέντες
1408 1551 1423 1567 ⁸
1454 1535 1712 1598 λαϐόντες
1741 1531 1814 1590 οῦκ

1936 1535 2160 1594 animus,
2197 1543 2255 1589 et
2289 1550 2525 1605 corpora
2565 1536 2910 1605 simpliciter,
2946 1545 3002 1591 et
3028 1537 3283 1593 homines
3308 1540 3522 1594 absolu-

253 1632 416 1698 ἡμεῖς
444 1631 507 1682 ὲκ
542 1630 748 1682 τούτων
779 1628 907 1698 μίαν
934 1628 1145 1699 ψυχὴν,
1190 1630 1287 1682 καὶ
1313 1628 1370 1682 ἓν
1413 1629 1594 1699 σῶμα,
1636 1630 1814 1682 ἀποτεε

1935 1626 1972 1678 ti
1998 1644 2011 1679 :
2033 1642 2242 1696 nosque
2264 1638 2481 1698 sumpta
2512 1629 2578 1683 de
2603 1628 2688 1683 his
2714 1629 2894 1682 anima
2920 1645 3027 1683 una
3052 1639 3102 1684 et
3128 1646 3240 1685 uno
3260 1647 3517 1701 corpore,

251 1721 501 1789 λέσωμεν
537 1721 628 1773 τόν
661 1738 785 1773 τινα
823 1720 1132 1792 ἄνθρωπον,
1160 1720 1322 1789 τυχὸν
1351 1720 1442 1772 τὸν
1464 1720 1690 1791 Πέτρον.
1724 1722 1834 1775 Καὶ

248 1813 361 1865 οὐδ’
392 1812 458 1867 ἂν
489 1812 740 1884 εὑρεθείη
779 1813 920 1884 ἔχων
964 1814 1066 1885 τὴν
1106 1814 1269 1883 φύσιν
1302 1812 1550 1875 ἐκείνων,
1588 1814 1830 1884 δηλονότι

245 1904 538 1974 ὁμοούσιόν
560 1907 708 1958 ἐστιν
734 1904 1062 1976 ἀνθρώποις.
1107 1905 1165 1958 'U
1195 1906 1375 1958 τοίνυν
1400 1906 1604 1977 Πέτρος
1633 1908 1831 1958 ἀποτε-

1933 1720 2225 1787 quemdam
2279 1720 2558 1774 hominem
2609 1719 2946 1784 eﬁiciamus,
2983 1731 3114 1789 puta
3168 1722 3415 1777 Petrum.
3470 1725 3520 1780 ls

1930 1826 2085 1876 vero,
2116 1811 2332 1866 tametsi
2392 1821 2647 1865 naturam
2694 1827 2888 1865 eorum
2941 1813 3149 1868 habere
3202 1814 3516 1884 deprehen-

1932 1901 2114 1966 datur,
2152 1903 2401 1972 ejusdem
2456 1912 2637 1956 tamen
2675 1904 2995 1958 substantiae
3049 1920 3173 1959 cum
3198 1905 3516 1961 hominibus

247 1997 484 2062 λεσθεὶς,
520 1999 642 2052 οὐδὲ
662 2002 783 2063 ταῖς
820 1999 1020 2068 ψυχαῖς
1052 2000 1199 2051 ἔστιν
1226 1999 1535 2069 όμοοῦσιος,
1565 2000 1684 2052 οὐδὲ
1716 2001 1814 2061 τοῖς

1931 1990 2041 2047 non
2058 1995 2187 2048 erit.
2208 1995 2401 2049 Petrus
2413 1996 2560 2049 enim
2579 1996 2883 2059 absolutus,
2905 2013 3005 2051 nec
3017 1998 3264 2066 ejusdem
3279 2008 3364 2054 est
3388 2017 3511 2055 eum

249 2090 519 2161 σώμασιν·
549 2093 668 2145 οὐδὲ
693 2092 896 2163 κυρίως
921 2091 1087 2162 ψυχὴ,
1106 2093 1227 2145 οὐδὲ
1257 2092 1459 2162 κυρίως
1490 2092 1669 2162 σῶμα.
1696 2092 1830 2145 Οὐδὲ

246 2180 360 2250 γὰρ
392 2180 450 2235 ὃν
481 2180 548 2235 ἂν
574 2181 733 2249 λόγον
770 2182 954 2252 ἀποδῷ
980 2199 1061 2245 τις
1088 2184 1185 2251 τῆς
1223 2181 1400 2252 ψυχῆς
1420 2224 1434 2244 ,
1464 2182 1496 2251 ἣ
1529 2181 1622 2234 τοῦ
1649 2181 1833 2251 σώμα-

244 2288 357 2335 τος,
398 2271 490 2325 τὸν
522 2272 685 2324 αὑτὸν
726 2273 1021 2325 ἀποδίδωσι
1065 2274 1276 2343 Πέτρου
1307 2290 1320 2303 ·
1365 2272 1499 2325 ἀλλὰ
1536 2272 1640 2325 τίνι
1684 2274 1830 2326 ἐστὶν

244 2361 533 2431 όμοούσιος
575 2365 689 2425 τοῖς
738 2362 1051 2431 ἀνθρώποις
1124 2361 1369 2430 (ἐκείνων
1420 2362 1529 2433 γὰρ
1568 2363 1657 2415 τὸν
1705 2364 1830 2432 ὅρον

245 2455 596 2525 ἐπιδέχεται),
629 2455 723 2509 καὶ
770 2455 897 2510 ἄλλο
936 2457 991 2507 τί
1040 2456 1155 2508 ἐστι
1192 2454 1339 2523 παρὰ
1371 2455 1469 2524 τὴν
1502 2454 1704 2524 ψυχὴν,
1737 2455 1831 2509 καὶ

243 2547 306 2603 τὸ
339 2550 517 2620 σῶμα.
555 2550 839 2620 Ἐλθωμεν
877 2548 969 2601 ἐπὶ
999 2546 1095 2600 τοῦ
1130 2545 1403 2616 Χριστοῦ·
1438 2546 1696 2613 ἀναλογεῖ
1720 2547 1827 2618 γὰρ

243 2642 379 2715 παρ’
408 2643 591 2706 αὐτοῖς
614 2645 646 2714 ἡ
682 2643 781 2712 μὲν
814 2641 1008 2709 θεότης
1033 2643 1100 2711 τῇ
1128 2639 1296 2710 ψυχῇ,
1324 2640 1355 2708 ή
1383 2638 1437 2690 δὲ
1466 2637 1827 2707 ἁνθρωπότης

239 2737 320 2807 τῷ
358 2736 594 2807 σώματι.
645 2736 854 2789 Οὐκοῦν
900 2737 929 2788 ό
977 2733 1215 2804 Χριστὸς
1262 2731 1383 2784 οὐδὲ
1424 2729 1710 2799 όμοοὺσιος
1747 2727 1825 2799 τῷ

240 2831 437 2901 Πατρὶ,
467 2830 589 2883 οὐδὲ
631 2828 920 2898 όμοοὺσιος
958 2828 1117 2897 ἡμῖν’
1164 2824 1359 2895 ὥσπερ
1409 2819 1504 2877 οῦν
1534 2822 1627 2875 καὶ
1657 2822 1685 2873 ό
1716 2820 1819 2873 H5-

238 2944 368 2997 τρος
409 2925 531 2979 οὑδὲ
571 2922 858 2995 όμοούσιός
896 2925 1013 2976 ὲστι
1066 2922 1132 2992 τῇ
1173 2918 1341 2990 ψυχῇ,
1374 2918 1495 2971 οὑδὲ
1534 2915 1821 2987 όμοοὺσιος

236 3012 318 3082 τῷ
341 3011 577 3083 σώματι.
606 3010 818 3065 Οὐκοῦν
847 3009 942 3064 καὶ
971 3010 999 3062 ὁ
1023 3008 1256 3080 Χριστὸς
1284 3006 1406 3060 οὑδὲ
1438 3005 1643 3077 κυρίως
1666 3004 1819 3067 Θεὸς,

236 3106 360 3159 οὐδὲ
397 3105 598 3177 κυρίως
632 3105 949 3175 ἄνθρωπος·
982 3102 1107 3156 οὐδὲ
1138 3100 1299 3171 φύσει
1329 3100 1482 3161 Θεὸς,
1515 3098 1635 3151 οὑδὲ
1660 3096 1820 3166 φύσει

236 3198 525 3269 ἄνθρωπος
545 3213 561 3229 ο
598 3196 722 3251 οὔτε
749 3192 831 3261 εἷς
864 3197 961 3267 τῆς
1005 3195 1169 3262 ἁγίας
1195 3192 1449 3263 Τριάδος,
1488 3190 1613 3244 οὔτε
1649 3185 1729 3254 εἷς
1760 3190 1819 3255 ὲξ

236 3289 395 3363 ἡμῶν
418 3305 431 3318 ·
482 3287 671 3360 ὥσπερ
704 3285 797 3341 οῦν
841 3288 936 3340 καὶ
965 3288 993 3340 ὁ
1028 3286 1237 3356 Πέτρος
1271 3284 1394 3336 οὑδὲ
1430 3276 1512 3345 εἷς
1542 3284 1660 3335 ὲστι
1708 3280 1817 3333 τῶν
1843 3313 1886 3372 C

232 3383 441 3455 ψυχῶν,
474 3382 596 3437 οὐδὲ
624 3376 706 3445 εἷς
737 3381 843 3434 τῶν
870 3378 1158 3450 σωμάτων.
1190 3377 1271 3430 Τὰ
1288 3376 1345 3430 δὲ
1375 3373 1603 3429 τοιαῦτα
1635 3372 1815 3442 λέγειν

235 3479 331 3534 ἐπὶ
357 3476 452 3532 τοῦ
482 3473 747 3549 Χριστοῦ,
779 3472 989 3527 ἀνελεῖν
1024 3472 1172 3524 ἐστιν
1202 3469 1267 3532 ἃς
1298 3468 1496 3538 ἔχομεν
1525 3464 1815 3536 ὡμολογη-

237 3572 405 3643 μένας
430 3570 627 3641 ἀρχὰς,
668 3568 807 3638 ὅπερ
830 3566 1050 3621 ἄτοπον.
1084 3564 1145 3617 Et
1179 3561 1236 3615 δὲ
1264 3560 1358 3615 δύο
1380 3561 1574 3630 φύσεις
1596 3557 1813 3611 ὑποθὼ-

237 3662 378 3733 μεθα
414 3661 559 3733 ἔχειν
588 3660 680 3713 τὸν
723 3656 984 3730 Χριστὸν,
1029 3654 1181 3707 οὐδὲν
1221 3651 1431 3705 τούτων
1470 3649 1813 3721 ἀναιροῦμεν

231 3752 341 3805 τῶν
382 3752 587 3822 ἀρχῶν,
619 3748 756 3804 ἀλλὰ
796 3747 977 3802 πάντα
1011 3742 1413 3815 συμφωνοῦντα
1454 3740 1807 3812 εὑρίσκομεν.

247 3842 305 3897 '0
344 3842 505 3906 αὐτὸς
538 3841 647 3913 γὰρ
674 3841 768 3894 καὶ
794 3838 927 3901 Θεός
967 3837 1105 3900 ἐστι,
1154 3836 1248 3889 καὶ
1277 3834 1565 3906 ἄνθρωπος
1588 3849 1604 3864 ο
1656 3833 1749 3886 καὶ
1782 3832 1811 3884 ό

233 3934 397 3999 αὐτὸς
421 3933 705 4005 όμοούσιος
727 3931 804 4004 τῷ
829 3930 1038 4001 Πατρὶ,
1070 3932 1163 3983 καὶ
1202 3928 1484 3998 όμοούσιος
1519 3927 1682 3997 ἡμῖν·
1715 3924 1810 3978 καὶ

231 4027 436 4099 κυρίως
463 4026 615 4091 Θεὲς,
651 4024 745 4079 καὶ
783 4024 986 4095 κυρίως
1008 4022 1315 4092 ἄνθρωπος.
1340 4019 1434 4073 καὶ
1469 4017 1627 4089 φύσει
1655 4017 1806 4083 Θεὸς,

236 4118 332 4172 καὶ
362 4116 520 4188 φύσει
549 4116 861 4188 ἄνθρωπος·
888 4115 983 4168 καὶ
1008 4108 1088 4177 εἷς
1118 4114 1217 4183 τῆς
1246 4112 1405 4181 ἁγίας
1433 4110 1683 4181 Τριὰδος,
1715 4109 1808 4162 καὶ

232 4206 313 4274 εἷς
358 4209 417 4275 ἐξ
471 4209 649 4281 ἡμῶν.
702 4208 767 4260 Ἥ
804 4207 944 4277 αὑτὴ
994 4204 1104 4276 γὰρ
1141 4204 1436 4267 ὑπόστασις
1476 4202 1603 4264 τοὺς
1651 4202 1806 4271 ὅρους

231 4302 339 4356 τών
389 4301 481 4355 δύο
535 4300 749 4371 φύσεων
798 4299 1135 4369 ἐπιδέχεταιο
1194 4295 1291 4349 καὶ
1335 4295 1395 4347 ὃν
1443 4293 1489 4346 6'
1539 4292 1605 4345 ἂν
1647 4292 1805 4361 λόγον

231 4390 418 4464 ἀποδῷ
451 4409 535 4455 τις
559 4391 660 4461 τῆς
687 4390 941 4460 θεότητος
963 4427 979 4453 ,
1004 4388 1094 4440 τὸν
1125 4387 1288 4441 αὑτὸν
1314 4385 1558 4456 εὑρίσκει
1588 4382 1681 4436 καὶ
1712 4381 1805 4436 ὲπὶ

229 4484 324 4538 τοῦ
350 4484 586 4554 Χριστοῦ
605 4502 619 4514 ·
645 4483 739 4535 καὶ
764 4483 822 4535 ὃν
847 4481 891 4534 δ’
920 4480 986 4533 ἂν
1009 4478 1192 4549 ἀποδῷ
1220 4478 1316 4547 τῆς
1348 4476 1443 4529 ἀνθ
1454 4475 1764 4546 ρωπότητος
1785 4514 1799 4536 ,

230 4574 320 4626 τὸν
348 4572 508 4626 αὑτὸν
543 4571 787 4642 εὑρίσκει
821 4570 915 4622 καὶ
943 4569 1036 4621 ἐπὶ
1072 4570 1171 4637 τῆς
1212 4565 1399 4628 οὐσίας
1428 4564 1523 4617 τοῦ
1562 4560 1800 4635 Χριστοῦ

1939 2086 2139 2140 animis
2165 2098 2396 2151 naturce,
2420 2104 2524 2142 nec
2563 2090 2812 2159 ejusdem
2849 2104 2973 2143 cum
3015 2092 3341 2159 corporibus
3369 2110 3381 2145 :
3410 2110 3514 2149 nec

1933 2179 2116 2233 anima
2176 2182 2422 2249 proprie,
2468 2196 2573 2234 nec
2639 2181 2858 2250 prOprie
2902 2198 3123 2251 corpus.
3183 2183 3302 2238 Non
3362 2187 3511 2240 enim

1932 2284 2053 2339 quze
2073 2269 2344 2338 'corporis
2374 2280 2467 2325 aut
2508 2272 2705 2327 animae
2735 2274 2873 2327 tradi
2899 2274 3147 2328 deﬁnitio
3173 2284 3353 2345 potest
3378 2294 3392 2341 ;
3423 2294 3514 2332 ea-

1931 2361 2053 2415 dem
2084 2370 2139 2415 et
2163 2362 2308 2416 Petri
2336 2363 2567 2417 traditur
2594 2382 2607 2417 :
2635 2366 2728 2418 sed
2756 2366 2941 2434 aliquo
2972 2376 3131 2421 tenus
3157 2368 3402 2436 ejusdem
3427 2378 3513 2423 est

1930 2454 2254 2509 substantiae
2280 2471 2405 2509 cum
2431 2456 2754 2512 hominibus
2792 2457 2939 2528 (nam
2973 2459 3196 2513 illorum
3234 2460 3513 2515 deﬁnitio-

1928 2560 2055 2598 nem
2084 2562 2306 2616 quoque
2328 2548 2570 2618 recipit),
2596 2556 2652 2603 et
2675 2538 2957 2603 diversum
3004 2549 3266 2618 quiddam
3293 2560 3375 2606 est
3400 2560 3508 2606 tam

1927 2637 1995 2691 ab
2023 2637 2203 2691 anima
2238 2654 2401 2708 quam
2434 2655 2688 2709 corpore.
2725 2640 2883 2694 Nunc
2905 2640 2970 2694 ad
2997 2640 3281 2695 Christum
3316 2644 3510 2698 venia-

1924 2744 2049 2783 mus
2080 2747 2092 2782 :
2122 2731 2325 2801 quippe
2350 2732 2649 2801 respondet
2666 2732 2808 2802 apud
2832 2734 2980 2802 ipsos
3000 2733 3263 2789 divinitas
3288 2737 3505 2799 animat,

1923 2818 2239 2875 humanitas
2261 2821 2501 2890 corpori.
2534 2820 2787 2876 Christus
2816 2837 2947 2891 ergo
2973 2837 3076 2876 nec
3104 2824 3352 2893 ejusdem
3380 2841 3504 2879 cum

1921 2908 2104 2971 Patre,
2131 2925 2234 2963 nec
2255 2911 2501 2979 ejusdem
2530 2909 2818 2963 nobiscum
2840 2917 2924 2963 est
2940 2910 3265 2966 substantiae
3283 2928 3295 2964 :
3314 2927 3509 2981 quem-

1921 3000 2218 3054 admodum
2262 3011 2318 3055 et
2364 3002 2560 3056 Petrus
2592 3017 2694 3056 nec
2732 3002 2981 3072 ejusdem
3011 3012 3096 3057 est
3145 3019 3271 3058 cum
3300 3006 3503 3069 anima,

1919 3108 2023 3147 nec
2052 3094 2295 3164 ejusdem
2323 3110 2446 3148 cum
2477 3110 2709 3165 corpore
2741 3095 3085 3149 substantia.
3128 3095 3504 3162 Quamobrem

1918 3193 1974 3239 et
1995 3184 2249 3241 Christus
2272 3202 2373 3241 nec
2396 3186 2614 3256 proprie
2638 3187 2781 3241 Deus
2806 3193 2911 3250 est,
2930 3202 3034 3242 nec
3056 3188 3279 3259 preprie
3300 3189 3464 3244 homo
3486 3207 3503 3256 ;

1918 3290 2021 3329 nec
2054 3276 2198 3330 Deus
2236 3284 2458 3339 natura,
2484 3292 2590 3331 nec
2611 3285 2805 3330 natura
2840 3276 3044 3343 homo;
3073 3293 3176 3332 nec
3212 3295 3354 3333 uitus
3376 3296 3505 3335 san-

1919 3376 2020 3422 ctae
2042 3367 2352 3434 Trinitatis,
2373 3382 2477 3423 nec
2509 3384 2653 3422 unus
2683 3384 2750 3423 ex
2778 3368 2955 3438 :nobis
2982 3385 2996 3422 :
3033 3369 3176 3424 sicut
3207 3378 3262 3423 et
3307 3370 3506 3426 Petrus

1915 3474 2020 3513 nec
2040 3475 2184 3513 unus
2204 3474 2270 3513 ex
2307 3459 2505 3513 animis
2535 3467 2643 3522 est,
2670 3474 2774 3513 nec
2803 3475 2948 3513 unus
2980 3475 3045 3513 ex
3072 3460 3417 3529 corporibus.
3437 3461 3506 3516 At

1917 3550 2233 3621 hujusmodi
2271 3551 2341 3605 de
2372 3550 2595 3605 Christo
2617 3550 2821 3613 dicere,
2850 3550 2989 3603 nihil
3021 3559 3106 3604 est
3141 3550 3293 3604 aliud
3334 3566 3500 3620 quam

1916 3642 2226 3696 indubitata
2250 3642 2521 3712 principia
2538 3658 2659 3711 quae
2679 3641 2965 3703 habemus,
2983 3641 3331 3704 subvertere;
3353 3643 3501 3711 quod

1913 3733 2217 3788 absurdum
2240 3732 2428 3787 fuerit.
2458 3733 2676 3787 Atvero
2694 3733 2738 3787 si
2782 3732 3065 3788 Christum
3111 3733 3251 3787 duas
3292 3733 3501 3789 habere

1911 3837 2138 3882 naturas
2163 3827 2440 3891 dabimus,
2461 3826 2674 3880 nullum
2696 3842 2763 3880 ex
2790 3826 2943 3881 hisce
2967 3826 3257 3896 principiis
3286 3828 3497 3882 everti-

1910 3935 2053 3985 mus,
2071 3918 2166 3973 sed
2188 3919 2369 3972 omnia
2391 3918 2748 3971 consonantia
2772 3918 3099 3986 reperimus.
3120 3918 3269 3971 Idem
3282 3919 3427 3972 enim
3443 3931 3501 3973 et

1908 4012 2053 4067 Deus
2071 4019 2243 4074 est,et
2266 4010 2463 4064 homo:
2486 4010 2627 4064 idem
2650 4009 2894 4080 ejusdem
2917 4025 3041 4064 cum
3062 4011 3223 4064 Patre
3243 4010 3500 4064 substan-

1908 4104 2017 4167 tia},
2035 4110 2089 4157 et
2102 4101 2348 4173 ejusdem
2361 4101 2682 4156 substantia:
2698 4101 2981 4155 nobiscum
2999 4118 3010 4153 :
3030 4101 3249 4169 proprie
3260 4102 3426 4161 Deus,
3442 4114 3498 4157 et

1917 4192 2141 4263 proprie
2174 4192 2376 4245 homo:
2403 4199 2601 4245 natura
2635 4191 2802 4255 Deus,
2821 4198 2877 4244 et
2904 4199 3100 4243 natura
3123 4191 3323 4244 homo:
3354 4207 3497 4245 unus

1907 4292 2108 4345 sanetae
2128 4283 2436 4348 Trinitatis,
2459 4291 2516 4338 et
2536 4298 2680 4337 unus
2707 4298 2774 4336 ex
2811 4282 2988 4337 nobis.
3024 4281 3159 4336 Nam
3184 4282 3376 4336 eadem
3400 4282 3497 4353 hy-

1905 4377 2139 4446 postasis
2162 4378 2394 4432 duarum
2439 4386 2760 4431 naturarum
2801 4374 3152 4430 deﬁnitiones
3176 4376 3372 4446 recipit
3398 4394 3411 4429 :
3438 4387 3494 4430 et

1904 4469 2275 4539 quodcunque
2297 4469 2363 4523 de
2394 4468 2683 4523 divinitate
2704 4468 2828 4538 quis
2854 4468 3167 4537 protulerit,
3189 4468 3333 4521 idem
3361 4477 3416 4521 et
3436 4468 3492 4521 in

1903 4561 2127 4617 Christo
2165 4562 2375 4616 invenit
2405 4579 2419 4615 :
2446 4576 2511 4617 ac
2553 4560 2793 4615 vicissim
2820 4559 3089 4629 quidquid
3135 4559 3203 4613 de
3240 4559 3494 4612 humani-

231 4668 350 4720 κατ’
381 4665 569 4719 οὐσίαν
596 4662 940 4735 ἀρμόζοντα’
975 4660 1115 4713 ὥστε
1150 4659 1209 4723 ὲξ
1236 4658 1480 4728 ἀνάγκης
1501 4656 1594 4709 δύο
1615 4656 1806 4726 φύσεις

1916 4661 2024 4709 tate
2060 4653 2281 4717 dixerit,
2321 4653 2466 4707 idem
2497 4652 2625 4705 etin
2649 4651 2959 4707 substantia
3006 4649 3210 4704 Christi
3256 4648 3486 4711 invenit,

232 4755 370 4813 εἶναι
399 4758 499 4828 τῆς
525 4759 655 4828 μιᾶς
690 4755 1039 4815 ὑποστάσεως
1068 4750 1159 4804 τοῦ
1193 4748 1449 4821 Χριστοῦ.

311 4934 604 5007 ’Δποροῦσι
638 4933 715 4997 65,
761 4931 1009 5000 λέγοντες
1038 4948 1052 4961 ·
1089 4928 1202 4984 Kal.
1226 4928 1343 4991 πῶς
1387 4926 1481 4981 ἐπὶ
1528 4926 1647 4990 ἑνὸς
1679 4925 1801 4979 ἀτό-

232 5046 331 5099 μου
373 5027 469 5081 δύο
506 5028 655 5080 ἔστιν
684 5026 897 5095 εὑρεῖν;
937 5021 1084 5085 Πῶς,
1125 5018 1457 5089 ὲπιλυόμεθα
1500 5019 1576 5087 τῷ
1619 5034 1799 5087 παρα-

227 5118 379 5189 δόξῳ.
424 5118 545 5172 Ὀτι
594 5118 654 5171 οὑ
694 5115 757 5170 τὸ
805 5114 1090 5185 γεγονέναι
1130 5128 1183 5164 τι
1239 5108 1543 5179 παράδοξον
1576 5109 1668 5161 ἐπὶ
1705 5107 1799 5160 τοῦ

227 5208 487 5281 Χριστοῦ,
524 5209 725 5263 ἄτοπον
748 5224 761 5238 ⁸
795 5206 933 5260 ἀλλὰ
974 5204 1035 5258 τὸ
1069 5201 1361 5273 ψεύδεσθαι
1408 5200 1502 5254 καὶ
1544 5202 1661 5263 ταῖς
1696 5200 1797 5271 ἀρ-

228 5305 344 5372 χαῖς
376 5298 773 5361 ἐναντιοῦσθαι,
826 5297 987 5350 τοῦτο
1028 5293 1227 5349 ἄτοπόν
1263 5294 1430 5346 ὲστιν.
1475 5290 1672 5345 Ἰστέον
1717 5290 1795 5355 65,

228 5394 441 5455 ὅτιτοῖς
495 5392 625 5462 μίαν
672 5389 834 5459 φύσιν
886 5386 1200 5451 δοξάζουσιν
1254 5384 1348 5437 ἐπὶ
1403 5380 1686 5453 Χριστοῦ,
1740 5379 1800 5445 ἐξ

226 5487 465 5556 ἀνάγκης
516 5484 832 5551 συνάγεται,
884 5481 917 5553 ἢ
957 5481 1051 5533 δύο
1102 5478 1434 5539 ὑποστάσεις
1474 5476 1650 5527 εἰπεῖν
1697 5474 1799 5542 τῆς

228 5579 494 5647 θεότητος,
535 5576 567 5647 ἢ
616 5576 915 5645 τέσσαρας,
962 5570 1150 5624 οὐκέτι
1194 5569 1476 5639 δὲττρεϊς,
1528 5567 1605 5629 ὼς
1646 5564 1799 5635 παρὰ

226 5673 384 5724 πᾶσιν
406 5668 771 5739 ὡμολόγηται.
800 5666 861 5718 Et
887 5664 992 5734 γὰρ
1019 5663 1147 5734 μίαν
1193 5659 1353 5729 φύσιν
1386 5658 1636 5727 λέγουσιν
1665 5658 1797 5726 ἡμῖν

227 5763 313 5816 ἐπὶ
355 5759 589 5832 Χριστοῦ
617 5802 631 5824 ,
671 5755 778 5811 ποῦ
823 5754 1152 5827 παρέχουσιν
1183 5754 1313 5823 ἡμῖν
1339 5752 1438 5814 τὰς
1478 5751 1628 5821 τρεῖς
1667 5749 1798 5801 ὑπο-

232 5853 444 5917 στάσεις
476 5852 573 5922 τῆς
598 5850 898 5921 Θεότητος;
942 5846 1183 5916 Ἐχομεν
1223 5844 1334 5913 γὰρ
1373 5842 1504 5914 μίαν
1544 5840 1638 5895 τοῦ
1682 5842 1794 5894 Πα-

228 5946 371 6015 τρὸς,
398 5943 494 5997 καὶ
538 5942 668 6015 μίαν
695 5940 790 5994 τοῦ
820 5938 978 6008 ἁγίου
1036 5936 1352 6007 Πνεῦματος
1378 5952 1390 5964 ·
1425 5934 1525 6005 τὴν
1549 5933 1603 5987 δὲ
1630 5932 1795 6002 ἄλλην

1906 4743 2085 4797 eidem
2139 4741 2576 4797 substantialiter
2628 4748 2946 4808 competens
2980 4756 2993 4791 :
3024 4753 3134 4807 quo
3187 4737 3246 4791 ﬁt
3279 4745 3339 4790 ut
3388 4752 3488 4790 ne-

1905 4833 2146 4889 cessario
2178 4832 2301 4886 dua:
2345 4831 2455 4885 sint
2486 4830 2650 4884 unius
2679 4828 2990 4899 hypostasis
3021 4826 3226 4882 Christi
3253 4835 3484 4882 naturae.

1975 4927 2067 4981 IX.
2095 4927 2300 4981 Verum
2337 4925 2429 4979 hic
2470 4924 2558 4978 isti
2590 4922 2916 4977 Haesitantes
2944 4937 2956 4973 :
2988 4918 3108 4985 Quo
3138 4927 3299 4988 pacto
3323 4960 3337 4983 ,
3396 4920 3487 4973 iu-

1903 5018 2103 5088 quiunt
2134 5058 2148 5080 ,
2192 5017 2247 5070 in
2305 5031 2415 5071 uno
2456 5014 2742 5069 individuo
2798 5009 3030 5080 reperiri
3061 5009 3172 5063 duo
3214 5010 3487 5079 possunt?

1904 5110 2018 5165 lloc
2050 5110 2227 5179 ipsum
2254 5124 2356 5179 quo
2379 5116 2553 5178 pacto,
2579 5120 2678 5175 per
2704 5120 2819 5158 rem
2844 5102 3239 5156 abhorrentem
3269 5101 3338 5155 ab
3367 5102 3487 5171 opi-

1900 5202 2068 5256 nione
2100 5199 2385 5255 solvimus.
2441 5197 2654 5268 Quippe
2681 5210 2793 5251 non
2831 5193 3135 5248 absurdum
3162 5200 3247 5246 est
3268 5231 3282 5255 ,
3335 5192 3482 5245 acci-

1901 5293 2046 5347 disse
2071 5291 2203 5361 quid
2238 5291 2292 5343 in
2313 5289 2534 5345 Christo
2562 5294 2763 5357 praeter
2801 5283 3116 5353 opinionem
3152 5281 3435 5335 hominum
3464 5297 3478 5332 :

1901 5385 1995 5440 sed
2025 5383 2327 5439 absurdum
2364 5389 2451 5436 est
2481 5379 2727 5443 mentiri,
2756 5393 2821 5432 ac
2850 5374 3138 5447 principiis
3177 5373 3476 5428 adversari.

1902 5474 2200 5530 Sciendum
2226 5481 2432 5536 autem,
2475 5471 2545 5525 ab
2579 5470 2647 5524 iis
2668 5469 2762 5539 qui
2789 5483 2953 5522 unam
2990 5466 3046 5520 in
3067 5465 3288 5521 Christo
3315 5474 3480 5518 natu-

1899 5580 2016 5618 ram
2051 5573 2320 5626 statuunt,
2360 5562 2674 5617 necessario
2703 5558 2909 5628 colligi,
2933 5557 3020 5610 vel
3048 5555 3187 5609 duas
3216 5562 3277 5608 ut
3299 5553 3477 5625 hypo-

1898 5666 2070 5709 stases
2100 5653 2407 5707 divinitatis
2445 5652 2665 5715 dicant,
2700 5652 2788 5705 vel
2840 5656 3077 5718 quatuor
3102 5688 3115 5709 ,
3174 5660 3285 5700 non
3322 5654 3436 5699 tres
3459 5685 3474 5708 ,

1898 5744 2047 5815 quod
2097 5760 2288 5800 omnes
2331 5745 2683 5800 conﬁtentur.
2724 5743 2858 5797 Nam
2901 5740 2946 5794 si
2997 5753 3163 5794 unam
3210 5734 3372 5790 nobis
3418 5734 3474 5788 in

1897 5838 2119 5893 Christo
2151 5846 2402 5891 naturam
2438 5836 2684 5899 tradunt,
2723 5833 2869 5888 unde
2894 5840 3007 5886 tres
3028 5829 3190 5887 nobis
3215 5827 3475 5898 hyposta-

1898 5944 1987 5984 ses
2035 5927 2343 5983 divinitatis
2376 5925 2749 5997 deproment?
2795 5912 3072 5977 Habemus
3106 5918 3253 5974 enim
3297 5912 3474 5970 Patris
