  <div class='ocr_page' id='page_1' title='image "/cluster/home/n/w/nwhite01/storage/ocr_20150623/86:1/hvd.32044019208909/633.png"; bbox 0 0 4020 6550; ppageno 0'>
   <div class='ocr_carea' id='block_1_1' title="bbox 569 469 703 538">
    <p class='ocr_par' dir='ltr' id='par_1_1' title="bbox 569 469 703 538">
     <span class='ocr_line' id='line_1_1' title="bbox 569 469 703 538; baseline -0.03 0"><span class='ocrx_word' id='word_1_1' title='bbox 569 469 703 538; x_wconf 74' lang='grc'><strong>1251</strong></span> 
     </span>
    </p>
   </div>
   <div class='ocr_carea' id='block_1_2' title="bbox 1784 458 2626 526">
    <p class='ocr_par' dir='ltr' id='par_1_2' title="bbox 1784 458 2626 526">
     <span class='ocr_line' id='line_1_2' title="bbox 1784 458 2626 526; baseline -0.011 1"><span class='ocrx_word' id='word_1_2' title='bbox 1784 473 1792 480; x_wconf 90' lang='grc'><em>’</em></span> <span class='ocrx_word' id='word_1_3' title='bbox 1853 461 2165 526; x_wconf 87' lang='lat' dir='ltr'><strong>LEONTII</strong></span> <span class='ocrx_word' id='word_1_4' title='bbox 2207 458 2626 520; x_wconf 76' lang='lat' dir='ltr'><strong>BYZANTINI&#39;</strong></span> 
     </span>
    </p>
   </div>
   <div class='ocr_carea' id='block_1_3' title="bbox 3725 445 3881 514">
    <p class='ocr_par' dir='ltr' id='par_1_3' title="bbox 3725 445 3881 514">
     <span class='ocr_line' id='line_1_3' title="bbox 3725 445 3881 514; baseline 0.026 -4"><span class='ocrx_word' id='word_1_5' title='bbox 3725 445 3881 514; x_wconf 77' lang='grc'><strong>1152</strong></span> 
     </span>
    </p>
   </div>
   <div class='ocr_carea' id='block_1_4' title="bbox 562 559 2149 648">
    <p class='ocr_par' dir='ltr' id='par_1_4' title="bbox 562 573 2149 648">
     <span class='ocr_line' id='line_1_4' title="bbox 562 573 2149 648; baseline -0.007 -11"><span class='ocrx_word' id='word_1_6' title='bbox 562 597 754 645; x_wconf 89' lang='lat' dir='ltr'><strong>unam,</strong></span> <span class='ocrx_word' id='word_1_7' title='bbox 795 589 853 634; x_wconf 90' lang='lat' dir='ltr'><strong>et</strong></span> <span class='ocrx_word' id='word_1_8' title='bbox 894 591 1058 633; x_wconf 91' lang='lat' dir='ltr'><strong>unam</strong></span> <span class='ocrx_word' id='word_1_9' title='bbox 1112 577 1287 632; x_wconf 91' lang='lat' dir='ltr'><strong>sancti</strong></span> <span class='ocrx_word' id='word_1_10' title='bbox 1318 574 1560 648; x_wconf 77' lang='lat' dir='ltr'><strong>Spiritus</strong></span> <span class='ocrx_word' id='word_1_11' title='bbox 1597 591 1611 630; x_wconf 89' lang='lat'><strong>:</strong></span> <span class='ocrx_word' id='word_1_12' title='bbox 1643 574 1917 644; x_wconf 89' lang='lat' dir='ltr'><strong>reliquam</strong></span> <span class='ocrx_word' id='word_1_13' title='bbox 1965 573 2149 628; x_wconf 84' lang='lat' dir='ltr'><strong>dicere</strong></span> 
     </span>
    </p>
   </div>
   <div class='ocr_carea' id='block_1_5' title="bbox 2252 559 3871 648">
    <p class='ocr_par' dir='ltr' id='par_1_5' title="bbox 2252 559 3871 637">
     <span class='ocr_line' id='line_1_5' title="bbox 2252 559 3871 637; baseline -0.008 -13"><span class='ocrx_word' id='word_1_14' title='bbox 2252 570 2437 624; x_wconf 88' lang='grc' dir='ltr'>οὑκέτι</span> <span class='ocrx_word' id='word_1_15' title='bbox 2464 569 2722 624; x_wconf 88' lang='grc' dir='ltr'>δύνανται</span> <span class='ocrx_word' id='word_1_16' title='bbox 2748 569 2945 637; x_wconf 78' lang='grc' dir='ltr'>εἰπεῖν,</span> <span class='ocrx_word' id='word_1_17' title='bbox 2973 567 3069 622; x_wconf 70' lang='grc' dir='ltr'>επὶ</span> <span class='ocrx_word' id='word_1_18' title='bbox 3107 564 3201 620; x_wconf 88' lang='grc' dir='ltr'><strong>τοῦ</strong></span> <span class='ocrx_word' id='word_1_19' title='bbox 3229 561 3469 634; x_wconf 82' lang='grc' dir='ltr'><strong>Χριστοῦ</strong></span> <span class='ocrx_word' id='word_1_20' title='bbox 3509 559 3651 634; x_wconf 86' lang='grc' dir='ltr'>μίαν</span> <span class='ocrx_word' id='word_1_21' title='bbox 3681 560 3871 628; x_wconf 76' lang='grc' dir='ltr'>φύσιν</span> 
     </span>
    </p>
   </div>
   <div class='ocr_carea' id='block_1_6' title="bbox 561 668 2148 742">
    <p class='ocr_par' dir='ltr' id='par_1_6' title="bbox 561 668 2148 742">
     <span class='ocr_line' id='line_1_6' title="bbox 561 668 2148 742; baseline -0.008 -12"><span class='ocrx_word' id='word_1_22' title='bbox 561 675 767 732; x_wconf 84' lang='lat' dir='ltr'><strong>nullam</strong></span> <span class='ocrx_word' id='word_1_23' title='bbox 792 680 1076 742; x_wconf 87' lang='lat' dir='ltr'><strong>poterunt,</strong></span> <span class='ocrx_word' id='word_1_24' title='bbox 1095 684 1264 724; x_wconf 86' lang='lat' dir='ltr'><strong>unam</strong></span> <span class='ocrx_word' id='word_1_25' title='bbox 1294 670 1350 723; x_wconf 91' lang='lat' dir='ltr'><strong>in</strong></span> <span class='ocrx_word' id='word_1_26' title='bbox 1369 668 1591 724; x_wconf 77' lang='lat' dir='ltr'><strong>Christo</strong></span> <span class='ocrx_word' id='word_1_27' title='bbox 1620 674 1873 722; x_wconf 70' lang='lat' dir='ltr'><strong>naturam</strong></span> <span class='ocrx_word' id='word_1_28' title='bbox 1900 673 2148 720; x_wconf 85' lang='lat' dir='ltr'><strong>statuen-</strong></span> 
     </span>
    </p>
   </div>
   <div class='ocr_carea' id='block_1_7' title="bbox 563 758 2146 834">
    <p class='ocr_par' dir='ltr' id='par_1_7' title="bbox 563 758 2146 834">
     <span class='ocr_line' id='line_1_7' title="bbox 563 758 2146 834; baseline -0.008 -13"><span class='ocrx_word' id='word_1_29' title='bbox 563 777 680 821; x_wconf 90' lang='lat' dir='ltr'><strong>tes:</strong></span> <span class='ocrx_word' id='word_1_30' title='bbox 711 765 919 834; x_wconf 86' lang='lat' dir='ltr'><strong>quippe</strong></span> <span class='ocrx_word' id='word_1_31' title='bbox 948 763 993 817; x_wconf 88' lang='lat' dir='ltr'><strong>si</strong></span> <span class='ocrx_word' id='word_1_32' title='bbox 1030 777 1140 816; x_wconf 89' lang='lat' dir='ltr'><strong>una</strong></span> <span class='ocrx_word' id='word_1_33' title='bbox 1169 770 1366 815; x_wconf 90' lang='lat' dir='ltr'><strong>natura</strong></span> <span class='ocrx_word' id='word_1_34' title='bbox 1422 769 1508 815; x_wconf 90' lang='lat' dir='ltr'><strong>est</strong></span> <span class='ocrx_word' id='word_1_35' title='bbox 1536 800 1552 825; x_wconf 92' lang='lat'><strong>,</strong></span> <span class='ocrx_word' id='word_1_36' title='bbox 1613 773 1725 813; x_wconf 90' lang='lat' dir='ltr'><strong>non</strong></span> <span class='ocrx_word' id='word_1_37' title='bbox 1776 758 1891 828; x_wconf 87' lang='lat' dir='ltr'><strong>jam</strong></span> <span class='ocrx_word' id='word_1_38' title='bbox 1949 766 2146 810; x_wconf 83' lang='lat' dir='ltr'><strong>natura</strong></span> 
     </span>
    </p>
   </div>
   <div class='ocr_carea' id='block_1_8' title="bbox 559 850 2146 922">
    <p class='ocr_par' dir='ltr' id='par_1_8' title="bbox 559 850 2146 922">
     <span class='ocr_line' id='line_1_8' title="bbox 559 850 2146 922; baseline -0.009 -8"><span class='ocrx_word' id='word_1_39' title='bbox 559 859 708 914; x_wconf 85' lang='lat' dir='ltr'><strong>Deus</strong></span> <span class='ocrx_word' id='word_1_40' title='bbox 738 856 872 919; x_wconf 87' lang='lat' dir='ltr'><strong>erit,</strong></span> <span class='ocrx_word' id='word_1_41' title='bbox 903 855 986 908; x_wconf 90' lang='lat' dir='ltr'><strong>uti</strong></span> <span class='ocrx_word' id='word_1_42' title='bbox 1017 853 1184 907; x_wconf 85' lang='lat' dir='ltr'><strong>modo</strong></span> <span class='ocrx_word' id='word_1_43' title='bbox 1213 852 1588 922; x_wconf 85' lang='lat' dir='ltr'><strong>probavimus.</strong></span> <span class='ocrx_word' id='word_1_44' title='bbox 1619 850 1677 906; x_wconf 90' lang='lat' dir='ltr'><strong>Si</strong></span> <span class='ocrx_word' id='word_1_45' title='bbox 1699 865 1812 904; x_wconf 92' lang='lat' dir='ltr'><strong>non</strong></span> <span class='ocrx_word' id='word_1_46' title='bbox 1838 856 1924 903; x_wconf 87' lang='lat' dir='ltr'><strong>est</strong></span> <span class='ocrx_word' id='word_1_47' title='bbox 1948 855 2146 902; x_wconf 89' lang='lat' dir='ltr'><strong>natura</strong></span> 
     </span>
    </p>
   </div>
   <div class='ocr_carea' id='block_1_9' title="bbox 558 938 2146 1018">
    <p class='ocr_par' dir='ltr' id='par_1_9' title="bbox 558 938 2146 1018">
     <span class='ocr_line' id='line_1_9' title="bbox 558 938 2146 1018; baseline -0.007 -13"><span class='ocrx_word' id='word_1_48' title='bbox 558 952 725 1013; x_wconf 88' lang='lat' dir='ltr'><strong>Deus,</strong></span> <span class='ocrx_word' id='word_1_49' title='bbox 767 946 1048 1018; x_wconf 83' lang='lat' dir='ltr'><strong>quomodo</strong></span> <span class='ocrx_word' id='word_1_50' title='bbox 1077 945 1384 1000; x_wconf 84' lang='lat' dir='ltr'><strong>divinitatis</strong></span> <span class='ocrx_word' id='word_1_51' title='bbox 1418 943 1742 1016; x_wconf 88' lang='lat' dir='ltr'><strong>hypostasin</strong></span> <span class='ocrx_word' id='word_1_52' title='bbox 1789 941 1994 996; x_wconf 82' lang='lat' dir='ltr'><strong>habere</strong></span> <span class='ocrx_word' id='word_1_53' title='bbox 2033 938 2146 994; x_wconf 91' lang='lat' dir='ltr'><strong>dici</strong></span> 
     </span>
    </p>
   </div>
   <div class='ocr_carea' id='block_1_10' title="bbox 557 1031 2148 1112">
    <p class='ocr_par' dir='ltr' id='par_1_10' title="bbox 557 1031 2148 1112">
     <span class='ocr_line' id='line_1_10' title="bbox 557 1031 2148 1112; baseline -0.007 -17"><span class='ocrx_word' id='word_1_54' title='bbox 557 1040 808 1112; x_wconf 86' lang='lat' dir='ltr'><strong>poterit?</strong></span> <span class='ocrx_word' id='word_1_55' title='bbox 852 1054 962 1109; x_wconf 88' lang='lat' dir='ltr'><strong>quo</strong></span> <span class='ocrx_word' id='word_1_56' title='bbox 993 1038 1052 1091; x_wconf 85' lang='lat' dir='ltr'><strong>lit</strong></span> <span class='ocrx_word' id='word_1_57' title='bbox 1092 1046 1153 1090; x_wconf 89' lang='lat' dir='ltr'><strong>ut</strong></span> <span class='ocrx_word' id='word_1_58' title='bbox 1187 1036 1338 1106; x_wconf 91' lang='lat' dir='ltr'><strong>ipsos</strong></span> <span class='ocrx_word' id='word_1_59' title='bbox 1390 1036 1530 1090; x_wconf 89' lang='lat' dir='ltr'><strong>duas</strong></span> <span class='ocrx_word' id='word_1_60' title='bbox 1579 1035 1906 1106; x_wconf 89' lang='lat' dir='ltr'><strong>hypostases</strong></span> <span class='ocrx_word' id='word_1_61' title='bbox 1959 1031 2148 1086; x_wconf 86' lang='lat' dir='ltr'><strong>dicere</strong></span> 
     </span>
    </p>
   </div>
   <div class='ocr_carea' id='block_1_11' title="bbox 559 1125 2146 1202">
    <p class='ocr_par' dir='ltr' id='par_1_11' title="bbox 559 1125 2146 1202">
     <span class='ocr_line' id='line_1_11' title="bbox 559 1125 2146 1202; baseline -0.007 -14"><span class='ocrx_word' id='word_1_62' title='bbox 559 1132 870 1202; x_wconf 81' lang='lat' dir='ltr'><strong>colligatur.</strong></span> <span class='ocrx_word' id='word_1_63' title='bbox 918 1130 1016 1186; x_wconf 90' lang='lat' dir='ltr'><strong>Sin</strong></span> <span class='ocrx_word' id='word_1_64' title='bbox 1050 1129 1330 1194; x_wconf 82' lang='lat' dir='ltr'><strong>dixerint,</strong></span> <span class='ocrx_word' id='word_1_65' title='bbox 1387 1128 1601 1182; x_wconf 84' lang='lat' dir='ltr'><strong>tertiam</strong></span> <span class='ocrx_word' id='word_1_66' title='bbox 1655 1125 1979 1199; x_wconf 89' lang='lat' dir='ltr'><strong>hypostasin</strong></span> <span class='ocrx_word' id='word_1_67' title='bbox 2024 1137 2146 1178; x_wconf 90' lang='lat' dir='ltr'><strong>esse</strong></span> 
     </span>
    </p>
   </div>
   <div class='ocr_carea' id='block_1_12' title="bbox 560 1214 2150 1285">
    <p class='ocr_par' dir='ltr' id='par_1_12' title="bbox 560 1214 2150 1285">
     <span class='ocr_line' id='line_1_12' title="bbox 560 1214 2150 1285; baseline -0.006 -9"><span class='ocrx_word' id='word_1_68' title='bbox 560 1221 658 1276; x_wconf 86' lang='lat' dir='ltr'><strong>Dei</strong></span> <span class='ocrx_word' id='word_1_69' title='bbox 693 1220 977 1276; x_wconf 83' lang='lat' dir='ltr'><strong>Sermonis</strong></span> <span class='ocrx_word' id='word_1_70' title='bbox 1001 1259 1015 1282; x_wconf 91' lang='lat'><strong>,</strong></span> <span class='ocrx_word' id='word_1_71' title='bbox 1063 1229 1125 1272; x_wconf 90' lang='lat' dir='ltr'><strong>ut</strong></span> <span class='ocrx_word' id='word_1_72' title='bbox 1163 1234 1272 1273; x_wconf 90' lang='lat' dir='ltr'><strong>una</strong></span> <span class='ocrx_word' id='word_1_73' title='bbox 1322 1218 1395 1272; x_wconf 89' lang='lat' dir='ltr'><strong>sit</strong></span> <span class='ocrx_word' id='word_1_74' title='bbox 1435 1218 1649 1283; x_wconf 88' lang='lat' dir='ltr'><strong>Patris,</strong></span> <span class='ocrx_word' id='word_1_75' title='bbox 1705 1217 1876 1272; x_wconf 88' lang='lat' dir='ltr'><strong>altera</strong></span> <span class='ocrx_word' id='word_1_76' title='bbox 1909 1214 2150 1285; x_wconf 90' lang='lat' dir='ltr'><strong>Spiritus</strong></span> 
     </span>
    </p>
   </div>
   <div class='ocr_carea' id='block_1_13' title="bbox 561 1305 2149 1374">
    <p class='ocr_par' dir='ltr' id='par_1_13' title="bbox 561 1305 2149 1374">
     <span class='ocr_line' id='line_1_13' title="bbox 561 1305 2149 1374; baseline -0.003 -13"><span class='ocrx_word' id='word_1_77' title='bbox 561 1307 779 1373; x_wconf 81' lang='lat' dir='ltr'><strong>sancti,</strong></span> <span class='ocrx_word' id='word_1_78' title='bbox 818 1308 983 1362; x_wconf 86' lang='lat' dir='ltr'><strong>tertia</strong></span> <span class='ocrx_word' id='word_1_79' title='bbox 1035 1307 1133 1361; x_wconf 91' lang='lat' dir='ltr'><strong>Dei</strong></span> <span class='ocrx_word' id='word_1_80' title='bbox 1200 1305 1505 1371; x_wconf 88' lang='lat' dir='ltr'><strong>Sermonis,</strong></span> <span class='ocrx_word' id='word_1_81' title='bbox 1541 1306 1858 1361; x_wconf 87' lang='lat' dir='ltr'><strong>necessario</strong></span> <span class='ocrx_word' id='word_1_82' title='bbox 1908 1312 2149 1374; x_wconf 81' lang='lat' dir='ltr'><strong>quatuor</strong></span> 
     </span>
    </p>
   </div>
   <div class='ocr_carea' id='block_1_14' title="bbox 562 1395 2147 1471">
    <p class='ocr_par' dir='ltr' id='par_1_14' title="bbox 562 1395 2147 1471">
     <span class='ocr_line' id='line_1_14' title="bbox 562 1395 2147 1471; baseline -0.003 -18"><span class='ocrx_word' id='word_1_83' title='bbox 562 1400 889 1471; x_wconf 81' lang='lat' dir='ltr'><strong>hypostases</strong></span> <span class='ocrx_word' id='word_1_84' title='bbox 919 1397 1303 1463; x_wconf 87' lang='lat' dir='ltr'><strong>introducunt,</strong></span> <span class='ocrx_word' id='word_1_85' title='bbox 1336 1414 1501 1452; x_wconf 90' lang='lat' dir='ltr'><strong>unam</strong></span> <span class='ocrx_word' id='word_1_86' title='bbox 1530 1399 1729 1462; x_wconf 87' lang='lat' dir='ltr'><strong>Patris,</strong></span> <span class='ocrx_word' id='word_1_87' title='bbox 1771 1412 1937 1451; x_wconf 89' lang='lat' dir='ltr'><strong>unam</strong></span> <span class='ocrx_word' id='word_1_88' title='bbox 1967 1395 2147 1466; x_wconf 86' lang='lat' dir='ltr'><strong>Spiri-</strong></span> 
     </span>
    </p>
   </div>
   <div class='ocr_carea' id='block_1_15' title="bbox 562 1487 2146 1554">
    <p class='ocr_par' dir='ltr' id='par_1_15' title="bbox 562 1487 2146 1554">
     <span class='ocr_line' id='line_1_15' title="bbox 562 1487 2146 1554; baseline -0.001 -11"><span class='ocrx_word' id='word_1_89' title='bbox 562 1499 654 1544; x_wconf 87' lang='lat' dir='ltr'><strong>tus</strong></span> <span class='ocrx_word' id='word_1_90' title='bbox 683 1491 885 1553; x_wconf 87' lang='lat' dir='ltr'><strong>sancti,</strong></span> <span class='ocrx_word' id='word_1_91' title='bbox 916 1505 1081 1544; x_wconf 90' lang='lat' dir='ltr'><strong>unam</strong></span> <span class='ocrx_word' id='word_1_92' title='bbox 1133 1490 1228 1543; x_wconf 91' lang='lat' dir='ltr'><strong>Dei</strong></span> <span class='ocrx_word' id='word_1_93' title='bbox 1277 1488 1565 1543; x_wconf 89' lang='lat' dir='ltr'><strong>Sermonis</strong></span> <span class='ocrx_word' id='word_1_94' title='bbox 1591 1531 1606 1554; x_wconf 92' lang='lat'><strong>,</strong></span> <span class='ocrx_word' id='word_1_95' title='bbox 1639 1498 1695 1543; x_wconf 89' lang='lat' dir='ltr'><strong>et</strong></span> <span class='ocrx_word' id='word_1_96' title='bbox 1726 1503 1890 1542; x_wconf 91' lang='lat' dir='ltr'><strong>unam</strong></span> <span class='ocrx_word' id='word_1_97' title='bbox 1918 1487 2146 1543; x_wconf 83' lang='lat' dir='ltr'><strong>Christi.</strong></span> 
     </span>
    </p>
   </div>
   <div class='ocr_carea' id='block_1_16' title="bbox 563 1580 2150 1650">
    <p class='ocr_par' dir='ltr' id='par_1_16' title="bbox 563 1580 2150 1650">
     <span class='ocr_line' id='line_1_16' title="bbox 563 1580 2150 1650; baseline -0.002 -15"><span class='ocrx_word' id='word_1_98' title='bbox 563 1581 739 1635; x_wconf 82' lang='lat' dir='ltr'><strong>Modis</strong></span> <span class='ocrx_word' id='word_1_99' title='bbox 773 1581 1034 1635; x_wconf 89' lang='lat' dir='ltr'><strong>omnibus</strong></span> <span class='ocrx_word' id='word_1_100' title='bbox 1067 1581 1361 1650; x_wconf 85' lang='lat' dir='ltr'><strong>probatum</strong></span> <span class='ocrx_word' id='word_1_101' title='bbox 1389 1589 1473 1634; x_wconf 91' lang='lat' dir='ltr'><strong>est</strong></span> <span class='ocrx_word' id='word_1_102' title='bbox 1501 1621 1514 1644; x_wconf 94' lang='lat'><strong>,</strong></span> <span class='ocrx_word' id='word_1_103' title='bbox 1576 1580 1715 1635; x_wconf 89' lang='lat' dir='ltr'><strong>duas</strong></span> <span class='ocrx_word' id='word_1_104' title='bbox 1760 1589 1986 1634; x_wconf 87' lang='lat' dir='ltr'><strong>naturas</strong></span> <span class='ocrx_word' id='word_1_105' title='bbox 2035 1587 2150 1633; x_wconf 87' lang='lat' dir='ltr'><strong>sta-</strong></span> 
     </span>
    </p>
   </div>
   <div class='ocr_carea' id='block_1_17' title="bbox 564 1673 1180 1738">
    <p class='ocr_par' dir='ltr' id='par_1_17' title="bbox 564 1673 1180 1738">
     <span class='ocr_line' id='line_1_17' title="bbox 564 1673 1180 1738; baseline 0 -12"><span class='ocrx_word' id='word_1_106' title='bbox 564 1673 818 1738; x_wconf 89' lang='lat' dir='ltr'><strong>tuendas,</strong></span> <span class='ocrx_word' id='word_1_107' title='bbox 848 1689 956 1727; x_wconf 91' lang='lat' dir='ltr'><strong>non</strong></span> <span class='ocrx_word' id='word_1_108' title='bbox 996 1689 1026 1726; x_wconf 95' lang='lat' dir='ltr'><strong>u</strong></span> <span class='ocrx_word' id='word_1_109' title='bbox 1035 1687 1180 1726; x_wconf 89' lang='lat' dir='ltr'><strong>nam.</strong></span> 
     </span>
    </p>
   </div>
   <div class='ocr_carea' id='block_1_18' title="bbox 2252 649 3868 730">
    <p class='ocr_par' dir='ltr' id='par_1_18' title="bbox 2252 649 3868 730">
     <span class='ocr_line' id='line_1_18' title="bbox 2252 649 3868 730; baseline -0.007 -16"><span class='ocrx_word' id='word_1_110' title='bbox 2252 661 2524 730; x_wconf 83' lang='grc' dir='ltr'>λέγοντες.</span> <span class='ocrx_word' id='word_1_111' title='bbox 2564 661 2630 716; x_wconf 76' lang='lat' dir='ltr'><strong>Ei</strong></span> <span class='ocrx_word' id='word_1_112' title='bbox 2677 662 2787 730; x_wconf 68' lang='grc' dir='ltr'><strong>γὰρ</strong></span> <span class='ocrx_word' id='word_1_113' title='bbox 2838 658 2938 729; x_wconf 85' lang='grc' dir='ltr'><strong>μία</strong></span> <span class='ocrx_word' id='word_1_114' title='bbox 2990 658 3156 728; x_wconf 77' lang='grc' dir='ltr'>φύσις</span> <span class='ocrx_word' id='word_1_115' title='bbox 3207 657 3395 719; x_wconf 69' lang='grc' dir='ltr'>ἐστὶν,</span> <span class='ocrx_word' id='word_1_116' title='bbox 3439 653 3630 707; x_wconf 80' lang='grc' dir='ltr'>οὐκέτι</span> <span class='ocrx_word' id='word_1_117' title='bbox 3682 649 3868 720; x_wconf 76' lang='grc' dir='ltr'>φύσει</span> 
     </span>
    </p>
   </div>
   <div class='ocr_carea' id='block_1_19' title="bbox 2251 742 3860 823">
    <p class='ocr_par' dir='ltr' id='par_1_19' title="bbox 2251 742 3860 823">
     <span class='ocr_line' id='line_1_19' title="bbox 2251 742 3860 823; baseline -0.007 -17"><span class='ocrx_word' id='word_1_118' title='bbox 2251 752 2407 817; x_wconf 77' lang='grc' dir='ltr'>Θεὸς,</span> <span class='ocrx_word' id='word_1_119' title='bbox 2436 751 2512 816; x_wconf 83' lang='grc' dir='ltr'><strong>ὡς</strong></span> <span class='ocrx_word' id='word_1_120' title='bbox 2543 752 2642 823; x_wconf 73' lang='grc' dir='ltr'>ἤδη</span> <span class='ocrx_word' id='word_1_121' title='bbox 2669 752 2938 805; x_wconf 83' lang='grc' dir='ltr'><strong>δέδεικται</strong></span> <span class='ocrx_word' id='word_1_122' title='bbox 2973 751 3127 821; x_wconf 85' lang='grc' dir='ltr'>ἡμῖν.</span> <span class='ocrx_word' id='word_1_123' title='bbox 3169 749 3260 819; x_wconf 83' lang='grc' dir='ltr'><strong>Μὴ</strong></span> <span class='ocrx_word' id='word_1_124' title='bbox 3292 747 3368 801; x_wconf 80' lang='grc' dir='ltr'>ὢν</span> <span class='ocrx_word' id='word_1_125' title='bbox 3390 747 3448 800; x_wconf 77' lang='grc' dir='ltr'>δὲ</span> <span class='ocrx_word' id='word_1_126' title='bbox 3481 745 3651 816; x_wconf 80' lang='grc' dir='ltr'>φύσει</span> <span class='ocrx_word' id='word_1_127' title='bbox 3680 742 3860 806; x_wconf 75' lang='grc' dir='ltr'>Θεὸς,</span> 
     </span>
    </p>
   </div>
   <div class='ocr_carea' id='block_1_20' title="bbox 2251 837 3867 917">
    <p class='ocr_par' dir='ltr' id='par_1_20' title="bbox 2251 837 3867 917">
     <span class='ocr_line' id='line_1_20' title="bbox 2251 837 3867 917; baseline -0.005 -19"><span class='ocrx_word' id='word_1_128' title='bbox 2251 846 2371 909; x_wconf 83' lang='grc' dir='ltr'><strong>πῶς</strong></span> <span class='ocrx_word' id='word_1_129' title='bbox 2413 844 2632 917; x_wconf 76' lang='grc' dir='ltr'>λεχθείη</span> <span class='ocrx_word' id='word_1_130' title='bbox 2677 845 2979 908; x_wconf 82' lang='grc' dir='ltr'>ὑπόστασιν</span> <span class='ocrx_word' id='word_1_131' title='bbox 3020 844 3168 914; x_wconf 79' lang='grc' dir='ltr'>ἔχειν</span> <span class='ocrx_word' id='word_1_132' title='bbox 3212 842 3509 913; x_wconf 86' lang='grc' dir='ltr'>θεότητος;</span> <span class='ocrx_word' id='word_1_133' title='bbox 3559 838 3714 893; x_wconf 82' lang='grc' dir='ltr'>ὥστε</span> <span class='ocrx_word' id='word_1_134' title='bbox 3759 837 3867 891; x_wconf 83' lang='grc' dir='ltr'><strong>δύο</strong></span> 
     </span>
    </p>
   </div>
   <div class='ocr_carea' id='block_1_21' title="bbox 2251 928 3865 1005">
    <p class='ocr_par' dir='ltr' id='par_1_21' title="bbox 2251 928 3865 1005">
     <span class='ocr_line' id='line_1_21' title="bbox 2251 928 3865 1005; baseline -0.006 -15"><span class='ocrx_word' id='word_1_135' title='bbox 2251 936 2582 1000; x_wconf 80' lang='grc' dir='ltr'><strong>ὑποστάσεις</strong></span> <span class='ocrx_word' id='word_1_136' title='bbox 2613 936 2798 1000; x_wconf 89' lang='grc' dir='ltr'>αὑτοῖς</span> <span class='ocrx_word' id='word_1_137' title='bbox 2843 936 3138 1005; x_wconf 81' lang='grc' dir='ltr'>συνάγεται</span> <span class='ocrx_word' id='word_1_138' title='bbox 3169 935 3374 1003; x_wconf 85' lang='grc' dir='ltr'>λέγειν.</span> <span class='ocrx_word' id='word_1_139' title='bbox 3419 933 3547 986; x_wconf 78' lang='grc' dir='ltr'>Ἐὰν</span> <span class='ocrx_word' id='word_1_140' title='bbox 3582 931 3635 984; x_wconf 84' lang='grc' dir='ltr'>δ’</span> <span class='ocrx_word' id='word_1_141' title='bbox 3662 928 3865 992; x_wconf 78' lang='grc' dir='ltr'>οὕτως</span> 
     </span>
    </p>
   </div>
   <div class='ocr_carea' id='block_1_22' title="bbox 2250 1020 3854 1100">
    <p class='ocr_par' dir='ltr' id='par_1_22' title="bbox 2250 1020 3854 1100">
     <span class='ocr_line' id='line_1_22' title="bbox 2250 1020 3854 1100; baseline -0.006 -19"><span class='ocrx_word' id='word_1_142' title='bbox 2250 1030 2501 1095; x_wconf 75' lang='grc' dir='ltr'>εἴπωσιν,</span> <span class='ocrx_word' id='word_1_143' title='bbox 2542 1029 2625 1082; x_wconf 86' lang='grc' dir='ltr'><strong>ὃτι</strong></span> <span class='ocrx_word' id='word_1_144' title='bbox 2656 1031 2690 1099; x_wconf 81' lang='grc' dir='ltr'><strong>ἡ</strong></span> <span class='ocrx_word' id='word_1_145' title='bbox 2723 1029 2881 1100; x_wconf 85' lang='grc' dir='ltr'>τρίτη</span> <span class='ocrx_word' id='word_1_146' title='bbox 2916 1027 3214 1089; x_wconf 79' lang='grc' dir='ltr'>ὑπόστασις</span> <span class='ocrx_word' id='word_1_147' title='bbox 3257 1028 3376 1079; x_wconf 78' lang='grc' dir='ltr'>ἐστι</span> <span class='ocrx_word' id='word_1_148' title='bbox 3407 1023 3503 1077; x_wconf 86' lang='grc' dir='ltr'><strong>τοῦ</strong></span> <span class='ocrx_word' id='word_1_149' title='bbox 3544 1021 3688 1075; x_wconf 80' lang='grc' dir='ltr'>Θεοῦ</span> <span class='ocrx_word' id='word_1_150' title='bbox 3731 1020 3854 1074; x_wconf 84' lang='grc' dir='ltr'><strong>Λό-</strong></span> 
     </span>
    </p>
   </div>
   <div class='ocr_carea' id='block_1_23' title="bbox 2250 1111 3859 1190">
    <p class='ocr_par' dir='ltr' id='par_1_23' title="bbox 2250 1111 3859 1190">
     <span class='ocr_line' id='line_1_23' title="bbox 2250 1111 3859 1190; baseline -0.006 -16"><span class='ocrx_word' id='word_1_151' title='bbox 2250 1138 2349 1189; x_wconf 92' lang='grc' dir='ltr'><strong>γου</strong></span> <span class='ocrx_word' id='word_1_152' title='bbox 2377 1137 2392 1151; x_wconf 73' lang='grc' dir='ltr'><strong>ο</strong></span> <span class='ocrx_word' id='word_1_153' title='bbox 2449 1119 2537 1174; x_wconf 84' lang='grc' dir='ltr'><strong>ίνα</strong></span> <span class='ocrx_word' id='word_1_154' title='bbox 2563 1122 2598 1190; x_wconf 81' lang='grc' dir='ltr'>ἡ</span> <span class='ocrx_word' id='word_1_155' title='bbox 2650 1119 2749 1189; x_wconf 90' lang='grc' dir='ltr'><strong>μία</strong></span> <span class='ocrx_word' id='word_1_156' title='bbox 2808 1120 2907 1190; x_wconf 83' lang='grc' dir='ltr'>μὲν</span> <span class='ocrx_word' id='word_1_157' title='bbox 2945 1119 3042 1173; x_wconf 89' lang='grc' dir='ltr'><strong>τοῦ</strong></span> <span class='ocrx_word' id='word_1_158' title='bbox 3093 1118 3336 1190; x_wconf 83' lang='grc' dir='ltr'>Πατρὸς,</span> <span class='ocrx_word' id='word_1_159' title='bbox 3377 1115 3608 1186; x_wconf 84' lang='grc' dir='ltr'>δευτέρα</span> <span class='ocrx_word' id='word_1_160' title='bbox 3648 1113 3706 1166; x_wconf 85' lang='grc' dir='ltr'>δὲ</span> <span class='ocrx_word' id='word_1_161' title='bbox 3752 1111 3859 1164; x_wconf 75' lang='grc' dir='ltr'><strong>τοῦ</strong></span> 
     </span>
    </p>
   </div>
   <div class='ocr_carea' id='block_1_24' title="bbox 2252 1205 3855 1283">
    <p class='ocr_par' dir='ltr' id='par_1_24' title="bbox 2252 1205 3855 1283">
     <span class='ocr_line' id='line_1_24' title="bbox 2252 1205 3855 1283; baseline -0.006 -17"><span class='ocrx_word' id='word_1_162' title='bbox 2252 1212 2410 1281; x_wconf 81' lang='grc' dir='ltr'>ἁγίου</span> <span class='ocrx_word' id='word_1_163' title='bbox 2445 1211 2785 1283; x_wconf 86' lang='grc' dir='ltr'>Πνεύματος,</span> <span class='ocrx_word' id='word_1_164' title='bbox 2823 1212 2988 1282; x_wconf 82' lang='grc' dir='ltr'>τρίτη</span> <span class='ocrx_word' id='word_1_165' title='bbox 3019 1211 3076 1264; x_wconf 82' lang='grc' dir='ltr'>δὲ</span> <span class='ocrx_word' id='word_1_166' title='bbox 3099 1211 3194 1264; x_wconf 88' lang='grc' dir='ltr'><strong>τοῦ</strong></span> <span class='ocrx_word' id='word_1_167' title='bbox 3224 1207 3360 1263; x_wconf 87' lang='grc' dir='ltr'>Θεοῦ</span> <span class='ocrx_word' id='word_1_168' title='bbox 3391 1207 3566 1276; x_wconf 85' lang='grc' dir='ltr'>Λόγου</span> <span class='ocrx_word' id='word_1_169' title='bbox 3586 1223 3601 1236; x_wconf 90' lang='grc'><strong>·</strong></span> <span class='ocrx_word' id='word_1_170' title='bbox 3631 1205 3855 1259; x_wconf 80' lang='grc' dir='ltr'>τέσσα-</span> 
     </span>
    </p>
   </div>
   <div class='ocr_carea' id='block_1_25' title="bbox 2251 1287 3858 1375">
    <p class='ocr_par' dir='ltr' id='par_1_25' title="bbox 2251 1287 3858 1375">
     <span class='ocr_line' id='line_1_25' title="bbox 2251 1287 3858 1375; baseline -0.007 -17"><span class='ocrx_word' id='word_1_171' title='bbox 2251 1320 2354 1375; x_wconf 88' lang='grc' dir='ltr'><strong>ρας</strong></span> <span class='ocrx_word' id='word_1_172' title='bbox 2400 1303 2461 1368; x_wconf 75' lang='grc' dir='ltr'><strong>ἐξ</strong></span> <span class='ocrx_word' id='word_1_173' title='bbox 2501 1287 2751 1374; x_wconf 77' lang='grc' dir='ltr'>ἀνάγκης</span> <span class='ocrx_word' id='word_1_174' title='bbox 2799 1303 3103 1372; x_wconf 76' lang='grc' dir='ltr'>εἰσάγουσι,</span> <span class='ocrx_word' id='word_1_175' title='bbox 3154 1301 3286 1373; x_wconf 91' lang='grc' dir='ltr'>μίαν</span> <span class='ocrx_word' id='word_1_176' title='bbox 3316 1297 3414 1352; x_wconf 90' lang='grc' dir='ltr'><strong>τοῦ</strong></span> <span class='ocrx_word' id='word_1_177' title='bbox 3464 1297 3707 1368; x_wconf 81' lang='grc' dir='ltr'>Πατρδς,</span> <span class='ocrx_word' id='word_1_178' title='bbox 3751 1299 3858 1349; x_wconf 72' lang='grc' dir='ltr'>καὶ</span> 
     </span>
    </p>
   </div>
   <div class='ocr_carea' id='block_1_26' title="bbox 2254 1387 3855 1466">
    <p class='ocr_par' dir='ltr' id='par_1_26' title="bbox 2254 1387 3855 1466">
     <span class='ocr_line' id='line_1_26' title="bbox 2254 1387 3855 1466; baseline -0.005 -18"><span class='ocrx_word' id='word_1_179' title='bbox 2254 1395 2386 1466; x_wconf 88' lang='grc' dir='ltr'>μίαν</span> <span class='ocrx_word' id='word_1_180' title='bbox 2409 1394 2504 1450; x_wconf 87' lang='grc' dir='ltr'><strong>τοῦ</strong></span> <span class='ocrx_word' id='word_1_181' title='bbox 2540 1395 2701 1464; x_wconf 80' lang='grc' dir='ltr'>ἁγίου</span> <span class='ocrx_word' id='word_1_182' title='bbox 2735 1397 3078 1466; x_wconf 75' lang='grc' dir='ltr'>Πνεύματος,</span> <span class='ocrx_word' id='word_1_183' title='bbox 3123 1393 3220 1447; x_wconf 71' lang='grc' dir='ltr'><strong>καὶ</strong></span> <span class='ocrx_word' id='word_1_184' title='bbox 3261 1391 3394 1463; x_wconf 91' lang='grc' dir='ltr'>μίαν</span> <span class='ocrx_word' id='word_1_185' title='bbox 3429 1389 3526 1444; x_wconf 92' lang='grc' dir='ltr'><strong>τοῦ</strong></span> <span class='ocrx_word' id='word_1_186' title='bbox 3567 1388 3710 1442; x_wconf 82' lang='grc' dir='ltr'>Θεοῦ</span> <span class='ocrx_word' id='word_1_187' title='bbox 3739 1387 3855 1441; x_wconf 86' lang='grc' dir='ltr'><strong>Δό-</strong></span> 
     </span>
    </p>
   </div>
   <div class='ocr_carea' id='block_1_27' title="bbox 2251 1479 3853 1555">
    <p class='ocr_par' dir='ltr' id='par_1_27' title="bbox 2251 1479 3853 1555">
     <span class='ocr_line' id='line_1_27' title="bbox 2251 1479 3853 1555; baseline -0.006 -16"><span class='ocrx_word' id='word_1_188' title='bbox 2251 1503 2372 1554; x_wconf 91' lang='grc' dir='ltr'>γου,</span> <span class='ocrx_word' id='word_1_189' title='bbox 2421 1486 2516 1539; x_wconf 70' lang='grc' dir='ltr'><strong>καὶ</strong></span> <span class='ocrx_word' id='word_1_190' title='bbox 2546 1485 2678 1554; x_wconf 91' lang='grc' dir='ltr'>μίαν</span> <span class='ocrx_word' id='word_1_191' title='bbox 2724 1485 2820 1538; x_wconf 87' lang='grc' dir='ltr'><strong>τοῦ</strong></span> <span class='ocrx_word' id='word_1_192' title='bbox 2859 1485 3122 1555; x_wconf 84' lang='grc' dir='ltr'>Χριστοῦ.</span> <span class='ocrx_word' id='word_1_193' title='bbox 3163 1481 3513 1554; x_wconf 79' lang='grc' dir='ltr'><strong>Πανταχόθεν</strong></span> <span class='ocrx_word' id='word_1_194' title='bbox 3541 1479 3853 1540; x_wconf 70' lang='grc' dir='ltr'><strong>δέδεικται,</strong></span> 
     </span>
    </p>
   </div>
   <div class='ocr_carea' id='block_1_28' title="bbox 2251 1577 3348 1648">
    <p class='ocr_par' dir='ltr' id='par_1_28' title="bbox 2251 1577 3348 1648">
     <span class='ocr_line' id='line_1_28' title="bbox 2251 1577 3348 1648; baseline -0.001 -17"><span class='ocrx_word' id='word_1_195' title='bbox 2251 1579 2334 1632; x_wconf 83' lang='grc' dir='ltr'><strong>ὅτι</strong></span> <span class='ocrx_word' id='word_1_196' title='bbox 2366 1577 2462 1636; x_wconf 86' lang='grc' dir='ltr'><strong>δύο</strong></span> <span class='ocrx_word' id='word_1_197' title='bbox 2483 1577 2674 1647; x_wconf 87' lang='grc' dir='ltr'>φύσεις</span> <span class='ocrx_word' id='word_1_198' title='bbox 2706 1577 2787 1630; x_wconf 89' lang='grc' dir='ltr'><strong>δεῖ</strong></span> <span class='ocrx_word' id='word_1_199' title='bbox 2814 1577 3080 1645; x_wconf 71' lang='grc' dir='ltr'>δοξάζειν,</span> <span class='ocrx_word' id='word_1_200' title='bbox 3105 1577 3167 1630; x_wconf 89' lang='grc' dir='ltr'><strong>οὑ</strong></span> <span class='ocrx_word' id='word_1_201' title='bbox 3197 1577 3348 1648; x_wconf 86' lang='grc' dir='ltr'>μίαν.</span> 
     </span>
    </p>
   </div>
   <div class='ocr_carea' id='block_1_29' title="bbox 562 1896 3856 1981">
    <p class='ocr_par' dir='ltr' id='par_1_29' title="bbox 562 1896 3856 1981">
     <span class='ocr_line' id='line_1_29' title="bbox 562 1896 3856 1981; baseline 0 -19"><span class='ocrx_word' id='word_1_202' title='bbox 562 1901 815 1962; x_wconf 81' lang='lat' dir='ltr'><strong>Sincere</strong></span> <span class='ocrx_word' id='word_1_203' title='bbox 849 1899 1251 1981; x_wconf 75' lang='lat' dir='ltr'><strong>explicantur</strong></span> <span class='ocrx_word' id='word_1_204' title='bbox 1278 1899 1401 1961; x_wconf 79' lang='lat' dir='ltr'><strong>loci</strong></span> <span class='ocrx_word' id='word_1_205' title='bbox 1428 1919 1580 1980; x_wconf 79' lang='lat' dir='ltr'><strong>quas</strong></span> <span class='ocrx_word' id='word_1_206' title='bbox 1600 1900 1986 1981; x_wconf 69' lang='lat' dir='ltr'><strong>stitantes</strong></span> <span class='ocrx_word' id='word_1_207' title='bbox 2000 1896 2702 1981; x_wconf 23' lang='lat' dir='ltr'><strong>hwretici‘assumebant</strong></span> <span class='ocrx_word' id='word_1_208' title='bbox 2725 1897 2809 1959; x_wconf 88' lang='lat' dir='ltr'><strong>ad</strong></span> <span class='ocrx_word' id='word_1_209' title='bbox 2839 1899 3371 1978; x_wconf 77' lang='lat' dir='ltr'><strong>conﬁrmationem</strong></span> <span class='ocrx_word' id='word_1_210' title='bbox 3400 1916 3522 1957; x_wconf 69' lang='lat' dir='ltr'><strong>suae</strong></span> <span class='ocrx_word' id='word_1_211' title='bbox 3545 1896 3856 1962; x_wconf 59' lang='lat' dir='ltr'><strong>horresco:</strong></span> 
     </span>
    </p>
   </div>
   <div class='ocr_carea' id='block_1_30' title="bbox 1688 1976 2702 2040">
    <p class='ocr_par' dir='ltr' id='par_1_30' title="bbox 1688 1976 2702 2040">
     <span class='ocr_line' id='line_1_30' title="bbox 1688 1976 2702 2040; baseline -0.003 -1"><span class='ocrx_word' id='word_1_212' title='bbox 1688 1988 1908 2039; x_wconf 81' lang='lat' dir='ltr'><strong>contra</strong></span> <span class='ocrx_word' id='word_1_213' title='bbox 1946 1977 2104 2038; x_wconf 81' lang='lat' dir='ltr'><strong>duas</strong></span> <span class='ocrx_word' id='word_1_214' title='bbox 2143 1976 2382 2040; x_wconf 83' lang='lat' dir='ltr'><strong>Christi</strong></span> <span class='ocrx_word' id='word_1_215' title='bbox 2416 1985 2702 2037; x_wconf 83' lang='lat' dir='ltr'><strong>naturas.</strong></span> 
     </span>
    </p>
   </div>
   <div class='ocr_carea' id='block_1_31' title="bbox 1167 2106 1540 2163">
    <p class='ocr_par' dir='ltr' id='par_1_31' title="bbox 1167 2106 1540 2163">
     <span class='ocr_line' id='line_1_31' title="bbox 1167 2106 1540 2163; baseline 0 -2"><span class='ocrx_word' id='word_1_216' title='bbox 1167 2106 1372 2163; x_wconf 88' lang='lat' dir='ltr'><strong>ACTIO</strong></span> <span class='ocrx_word' id='word_1_217' title='bbox 1405 2107 1540 2162; x_wconf 84' lang='lat' dir='ltr'><strong>Vlll.</strong></span> 
     </span>
    </p>
   </div>
   <div class='ocr_carea' id='block_1_32' title="bbox 631 2197 2146 2270">
    <p class='ocr_par' dir='ltr' id='par_1_32' title="bbox 631 2197 2146 2270">
     <span class='ocr_line' id='line_1_32' title="bbox 631 2197 2146 2270; baseline -0.001 -16"><span class='ocrx_word' id='word_1_218' title='bbox 631 2201 672 2254; x_wconf 87' lang='grc' dir='ltr'>Ι.</span> <span class='ocrx_word' id='word_1_219' title='bbox 694 2201 889 2254; x_wconf 81' lang='lat' dir='ltr'><strong>Restat</strong></span> <span class='ocrx_word' id='word_1_220' title='bbox 932 2208 991 2253; x_wconf 91' lang='lat' dir='ltr'><strong>ut</strong></span> <span class='ocrx_word' id='word_1_221' title='bbox 1019 2197 1086 2254; x_wconf 90' lang='lat' dir='ltr'><strong>de</strong></span> <span class='ocrx_word' id='word_1_222' title='bbox 1109 2199 1178 2254; x_wconf 94' lang='lat' dir='ltr'><strong>iis</strong></span> <span class='ocrx_word' id='word_1_223' title='bbox 1202 2201 1546 2270; x_wconf 82' lang='lat' dir='ltr'><strong>argumentis</strong></span> <span class='ocrx_word' id='word_1_224' title='bbox 1575 2214 1697 2270; x_wconf 67' lang='lat' dir='ltr'><strong>quae</strong></span> <span class='ocrx_word' id='word_1_225' title='bbox 1727 2199 1796 2254; x_wconf 92' lang='lat' dir='ltr'><strong>de</strong></span> <span class='ocrx_word' id='word_1_226' title='bbox 1825 2205 2146 2253; x_wconf 90' lang='lat' dir='ltr'><strong>sanctorum</strong></span> 
     </span>
    </p>
   </div>
   <div class='ocr_carea' id='block_1_33' title="bbox 561 2290 2148 2362">
    <p class='ocr_par' dir='ltr' id='par_1_33' title="bbox 561 2290 2148 2362">
     <span class='ocr_line' id='line_1_33' title="bbox 561 2290 2148 2362; baseline -0.003 -15"><span class='ocrx_word' id='word_1_227' title='bbox 561 2294 786 2348; x_wconf 83' lang='lat' dir='ltr'><strong>Patrum</strong></span> <span class='ocrx_word' id='word_1_228' title='bbox 846 2292 1011 2346; x_wconf 89' lang='lat' dir='ltr'><strong>dictis</strong></span> <span class='ocrx_word' id='word_1_229' title='bbox 1065 2291 1228 2346; x_wconf 87' lang='lat' dir='ltr'><strong>nobis</strong></span> <span class='ocrx_word' id='word_1_230' title='bbox 1280 2290 1590 2360; x_wconf 82' lang='lat' dir='ltr'><strong>proferunt,</strong></span> <span class='ocrx_word' id='word_1_231' title='bbox 1623 2306 1870 2362; x_wconf 83' lang='lat' dir='ltr'><strong>agamus.</strong></span> <span class='ocrx_word' id='word_1_232' title='bbox 1905 2290 1982 2345; x_wconf 86' lang='lat' dir='ltr'><strong>Ea</strong></span> <span class='ocrx_word' id='word_1_233' title='bbox 2014 2303 2148 2343; x_wconf 90' lang='lat' dir='ltr'><strong>vero</strong></span> 
     </span>
    </p>
   </div>
   <div class='ocr_carea' id='block_1_34' title="bbox 562 2381 2147 2458">
    <p class='ocr_par' dir='ltr' id='par_1_34' title="bbox 562 2381 2147 2458">
     <span class='ocr_line' id='line_1_34' title="bbox 562 2381 2147 2458; baseline 0.002 -24"><span class='ocrx_word' id='word_1_234' title='bbox 562 2385 767 2452; x_wconf 83' lang='lat' dir='ltr'><strong>partim</strong></span> <span class='ocrx_word' id='word_1_235' title='bbox 802 2381 972 2451; x_wconf 90' lang='lat' dir='ltr'><strong>petita</strong></span> <span class='ocrx_word' id='word_1_236' title='bbox 1003 2391 1133 2435; x_wconf 86' lang='lat' dir='ltr'><strong>sunt</strong></span> <span class='ocrx_word' id='word_1_237' title='bbox 1164 2396 1230 2436; x_wconf 80' lang='lat' dir='ltr'><strong>ex</strong></span> <span class='ocrx_word' id='word_1_238' title='bbox 1259 2382 1326 2436; x_wconf 91' lang='lat' dir='ltr'><strong>iis</strong></span> <span class='ocrx_word' id='word_1_239' title='bbox 1359 2397 1482 2451; x_wconf 68' lang='lat' dir='ltr'><strong>quae</strong></span> <span class='ocrx_word' id='word_1_240' title='bbox 1509 2383 1752 2453; x_wconf 80' lang='lat' dir='ltr'><strong>synodus</strong></span> <span class='ocrx_word' id='word_1_241' title='bbox 1775 2398 1885 2437; x_wconf 93' lang='lat' dir='ltr'><strong>non</strong></span> <span class='ocrx_word' id='word_1_242' title='bbox 1909 2382 2147 2458; x_wconf 77' lang='lat' dir='ltr'><strong>dixerit,</strong></span> 
     </span>
    </p>
   </div>
   <div class='ocr_carea' id='block_1_35' title="bbox 561 2475 2148 2547">
    <p class='ocr_par' dir='ltr' id='par_1_35' title="bbox 561 2475 2148 2547">
     <span class='ocr_line' id='line_1_35' title="bbox 561 2475 2148 2547; baseline -0.001 -17"><span class='ocrx_word' id='word_1_243' title='bbox 561 2476 766 2546; x_wconf 88' lang='lat' dir='ltr'><strong>partim</strong></span> <span class='ocrx_word' id='word_1_244' title='bbox 824 2475 894 2530; x_wconf 90' lang='lat' dir='ltr'><strong>ad</strong></span> <span class='ocrx_word' id='word_1_245' title='bbox 948 2475 1350 2529; x_wconf 85' lang='lat' dir='ltr'><strong>conciliandam</strong></span> <span class='ocrx_word' id='word_1_246' title='bbox 1399 2477 1645 2547; x_wconf 82' lang='lat' dir='ltr'><strong>ipsorum</strong></span> <span class='ocrx_word' id='word_1_247' title='bbox 1688 2476 1930 2547; x_wconf 78' lang='lat' dir='ltr'><strong>dogmati</strong></span> <span class='ocrx_word' id='word_1_248' title='bbox 1982 2475 2148 2531; x_wconf 83' lang='lat' dir='ltr'><strong>ﬁdem</strong></span> 
     </span>
    </p>
   </div>
   <div class='ocr_carea' id='block_1_36' title="bbox 564 2565 2150 2638">
    <p class='ocr_par' dir='ltr' id='par_1_36' title="bbox 564 2565 2150 2638">
     <span class='ocr_line' id='line_1_36' title="bbox 564 2565 2150 2638; baseline 0.001 -18"><span class='ocrx_word' id='word_1_249' title='bbox 564 2565 965 2636; x_wconf 82' lang='lat' dir='ltr'><strong>proferuntur,</strong></span> <span class='ocrx_word' id='word_1_250' title='bbox 1015 2566 1218 2634; x_wconf 88' lang='lat' dir='ltr'><strong>partim</strong></span> <span class='ocrx_word' id='word_1_251' title='bbox 1251 2566 1492 2637; x_wconf 90' lang='lat' dir='ltr'><strong>denique</strong></span> <span class='ocrx_word' id='word_1_252' title='bbox 1547 2576 1842 2622; x_wconf 90' lang='lat' dir='ltr'><strong>struuntur</strong></span> <span class='ocrx_word' id='word_1_253' title='bbox 1887 2583 1953 2623; x_wconf 82' lang='lat' dir='ltr'><strong>ex</strong></span> <span class='ocrx_word' id='word_1_254' title='bbox 2013 2567 2150 2638; x_wconf 87' lang='lat' dir='ltr'><strong>ipsis</strong></span> 
     </span>
    </p>
   </div>
   <div class='ocr_carea' id='block_1_37' title="bbox 563 2656 2148 2729">
    <p class='ocr_par' dir='ltr' id='par_1_37' title="bbox 563 2656 2148 2729">
     <span class='ocr_line' id='line_1_37' title="bbox 563 2656 2148 2729; baseline 0.002 -17"><span class='ocrx_word' id='word_1_255' title='bbox 563 2657 761 2729; x_wconf 84' lang='lat' dir='ltr'><strong>synodi</strong></span> <span class='ocrx_word' id='word_1_256' title='bbox 791 2657 994 2712; x_wconf 88' lang='lat' dir='ltr'><strong>verbis.</strong></span> <span class='ocrx_word' id='word_1_257' title='bbox 1024 2656 1107 2712; x_wconf 93' lang='lat' dir='ltr'><strong>0b</strong></span> <span class='ocrx_word' id='word_1_258' title='bbox 1127 2672 1192 2711; x_wconf 88' lang='lat' dir='ltr'><strong>ea</strong></span> <span class='ocrx_word' id='word_1_259' title='bbox 1223 2673 1347 2726; x_wconf 63' lang='lat' dir='ltr'><strong>quae</strong></span> <span class='ocrx_word' id='word_1_260' title='bbox 1368 2673 1482 2713; x_wconf 92' lang='lat' dir='ltr'><strong>non</strong></span> <span class='ocrx_word' id='word_1_261' title='bbox 1504 2658 1728 2726; x_wconf 85' lang='lat' dir='ltr'><strong>dixerit,</strong></span> <span class='ocrx_word' id='word_1_262' title='bbox 1768 2659 1946 2715; x_wconf 90' lang='lat' dir='ltr'><strong>tribus</strong></span> <span class='ocrx_word' id='word_1_263' title='bbox 1969 2659 2148 2715; x_wconf 87' lang='lat' dir='ltr'><strong>modis</strong></span> 
     </span>
    </p>
   </div>
   <div class='ocr_carea' id='block_1_38' title="bbox 563 2749 2149 2827">
    <p class='ocr_par' dir='ltr' id='par_1_38' title="bbox 563 2749 2149 2827">
     <span class='ocr_line' id='line_1_38' title="bbox 563 2749 2149 2827; baseline 0.002 -24"><span class='ocrx_word' id='word_1_264' title='bbox 563 2749 834 2821; x_wconf 85' lang='lat' dir='ltr'><strong>synodum</strong></span> <span class='ocrx_word' id='word_1_265' title='bbox 866 2750 1282 2827; x_wconf 78' lang='lat' dir='ltr'><strong>reprehendunt</strong></span> <span class='ocrx_word' id='word_1_266' title='bbox 1311 2768 1323 2804; x_wconf 90' lang='lat'><strong>:</strong></span> <span class='ocrx_word' id='word_1_267' title='bbox 1361 2750 1511 2820; x_wconf 89' lang='lat' dir='ltr'><strong>quod</strong></span> <span class='ocrx_word' id='word_1_268' title='bbox 1544 2752 1810 2808; x_wconf 88' lang='lat' dir='ltr'><strong>nimirum</strong></span> <span class='ocrx_word' id='word_1_269' title='bbox 1845 2768 1956 2808; x_wconf 92' lang='lat' dir='ltr'><strong>non</strong></span> <span class='ocrx_word' id='word_1_270' title='bbox 1988 2753 2149 2807; x_wconf 83' lang='lat' dir='ltr'><strong>unio-</strong></span> 
     </span>
    </p>
   </div>
   <div class='ocr_carea' id='block_1_39' title="bbox 561 2841 2146 2911">
    <p class='ocr_par' dir='ltr' id='par_1_39' title="bbox 561 2841 2146 2911">
     <span class='ocr_line' id='line_1_39' title="bbox 561 2841 2146 2911; baseline 0.001 -14"><span class='ocrx_word' id='word_1_271' title='bbox 561 2856 691 2897; x_wconf 85' lang='lat' dir='ltr'><strong>nem</strong></span> <span class='ocrx_word' id='word_1_272' title='bbox 731 2841 1128 2911; x_wconf 86' lang='lat' dir='ltr'><strong>hypostaticam</strong></span> <span class='ocrx_word' id='word_1_273' title='bbox 1150 2883 1165 2907; x_wconf 93' lang='lat'><strong>,</strong></span> <span class='ocrx_word' id='word_1_274' title='bbox 1213 2857 1317 2897; x_wconf 92' lang='lat' dir='ltr'><strong>nec</strong></span> <span class='ocrx_word' id='word_1_275' title='bbox 1347 2859 1514 2898; x_wconf 92' lang='lat' dir='ltr'><strong>unam</strong></span> <span class='ocrx_word' id='word_1_276' title='bbox 1542 2843 1638 2898; x_wconf 91' lang='lat' dir='ltr'><strong>Dei</strong></span> <span class='ocrx_word' id='word_1_277' title='bbox 1666 2843 1951 2899; x_wconf 90' lang='lat' dir='ltr'><strong>Sermonis</strong></span> <span class='ocrx_word' id='word_1_278' title='bbox 1981 2853 2146 2898; x_wconf 89' lang='lat' dir='ltr'><strong>natu-</strong></span> 
     </span>
    </p>
   </div>
   <div class='ocr_carea' id='block_1_40' title="bbox 562 2933 2149 3007">
    <p class='ocr_par' dir='ltr' id='par_1_40' title="bbox 562 2933 2149 3007">
     <span class='ocr_line' id='line_1_40' title="bbox 562 2933 2149 3007; baseline 0.003 -19"><span class='ocrx_word' id='word_1_279' title='bbox 562 2948 678 2988; x_wconf 91' lang='lat' dir='ltr'><strong>ram</strong></span> <span class='ocrx_word' id='word_1_280' title='bbox 716 2933 1086 3000; x_wconf 86' lang='lat' dir='ltr'><strong>incarnatam,</strong></span> <span class='ocrx_word' id='word_1_281' title='bbox 1131 2950 1235 2989; x_wconf 92' lang='lat' dir='ltr'><strong>nec</strong></span> <span class='ocrx_word' id='word_1_282' title='bbox 1268 2934 1415 2990; x_wconf 91' lang='lat' dir='ltr'><strong>istud</strong></span> <span class='ocrx_word' id='word_1_283' title='bbox 1463 2935 1730 3005; x_wconf 90' lang='lat' dir='ltr'><strong>loquendi</strong></span> <span class='ocrx_word' id='word_1_284' title='bbox 1775 2951 1951 3007; x_wconf 84' lang='lat' dir='ltr'><strong>genus</strong></span> <span class='ocrx_word' id='word_1_285' title='bbox 1985 2952 2149 2992; x_wconf 88' lang='lat' dir='ltr'><strong>usur-</strong></span> 
     </span>
    </p>
   </div>
   <div class='ocr_carea' id='block_1_41' title="bbox 559 3025 2145 3096">
    <p class='ocr_par' dir='ltr' id='par_1_41' title="bbox 559 3025 2145 3096">
     <span class='ocr_line' id='line_1_41' title="bbox 559 3025 2145 3096; baseline 0.001 -17"><span class='ocrx_word' id='word_1_286' title='bbox 559 3025 811 3094; x_wconf 86' lang='lat' dir='ltr'><strong>paverit,</strong></span> <span class='ocrx_word' id='word_1_287' title='bbox 870 3025 953 3078; x_wconf 79' lang='lat' dir='ltr'><strong>Ea:</strong></span> <span class='ocrx_word' id='word_1_288' title='bbox 995 3025 1199 3080; x_wconf 79' lang='lat' dir='ltr'><strong>duabus</strong></span> <span class='ocrx_word' id='word_1_289' title='bbox 1231 3028 1462 3081; x_wconf 74' lang='lat' dir='ltr'><strong>naturis.</strong></span> <span class='ocrx_word' id='word_1_290' title='bbox 1495 3027 1566 3080; x_wconf 85' lang='lat' dir='ltr'><strong>At</strong></span> <span class='ocrx_word' id='word_1_291' title='bbox 1600 3027 1812 3092; x_wconf 61' lang='lat' dir='ltr'><strong>isthmc,</strong></span> <span class='ocrx_word' id='word_1_292' title='bbox 1863 3027 2145 3096; x_wconf 89' lang='lat' dir='ltr'><strong>inquiunt,</strong></span> 
     </span>
    </p>
   </div>
   <div class='ocr_carea' id='block_1_42' title="bbox 561 3116 2150 3188">
    <p class='ocr_par' dir='ltr' id='par_1_42' title="bbox 561 3116 2150 3188">
     <span class='ocr_line' id='line_1_42' title="bbox 561 3116 2150 3188; baseline 0.001 -17"><span class='ocrx_word' id='word_1_293' title='bbox 561 3117 748 3171; x_wconf 88' lang='lat' dir='ltr'><strong>omnia</strong></span> <span class='ocrx_word' id='word_1_294' title='bbox 781 3125 1006 3172; x_wconf 89' lang='lat' dir='ltr'><strong>sanctus</strong></span> <span class='ocrx_word' id='word_1_295' title='bbox 1037 3117 1129 3170; x_wconf 92' lang='lat' dir='ltr'><strong>ille</strong></span> <span class='ocrx_word' id='word_1_296' title='bbox 1160 3116 1398 3188; x_wconf 88' lang='lat' dir='ltr'><strong>Cyrillus</strong></span> <span class='ocrx_word' id='word_1_297' title='bbox 1426 3118 1680 3187; x_wconf 89' lang='lat' dir='ltr'><strong>protulit.</strong></span> <span class='ocrx_word' id='word_1_298' title='bbox 1711 3119 1809 3172; x_wconf 86' lang='lat' dir='ltr'><strong>Est</strong></span> <span class='ocrx_word' id='word_1_299' title='bbox 1837 3126 2022 3173; x_wconf 87' lang='lat' dir='ltr'><strong>autem</strong></span> <span class='ocrx_word' id='word_1_300' title='bbox 2049 3133 2150 3188; x_wconf 91' lang='lat' dir='ltr'><strong>par</strong></span> 
     </span>
    </p>
   </div>
   <div class='ocr_carea' id='block_1_43' title="bbox 561 3207 2197 3281">
    <p class='ocr_par' dir='ltr' id='par_1_43' title="bbox 561 3207 2197 3281">
     <span class='ocr_line' id='line_1_43' title="bbox 561 3207 2197 3281; baseline 0.001 -19"><span class='ocrx_word' id='word_1_301' title='bbox 561 3208 840 3274; x_wconf 88' lang='lat' dir='ltr'><strong>indicari,</strong></span> <span class='ocrx_word' id='word_1_302' title='bbox 878 3207 1238 3278; x_wconf 86' lang='lat' dir='ltr'><strong>quamobrem</strong></span> <span class='ocrx_word' id='word_1_303' title='bbox 1300 3209 1703 3279; x_wconf 89' lang='lat' dir='ltr'><strong>hypostaticam</strong></span> <span class='ocrx_word' id='word_1_304' title='bbox 1743 3209 2004 3264; x_wconf 90' lang='lat' dir='ltr'><strong>unionem</strong></span> <span class='ocrx_word' id='word_1_305' title='bbox 2054 3210 2147 3264; x_wconf 89' lang='lat' dir='ltr'><strong>ille</strong></span> <span class='ocrx_word' id='word_1_306' title='bbox 2188 3271 2197 3281; x_wconf 90' lang='lat'><em>_</em></span> 
     </span>
    </p>
   </div>
   <div class='ocr_carea' id='block_1_44' title="bbox 560 3298 2147 3369">
    <p class='ocr_par' dir='ltr' id='par_1_44' title="bbox 560 3298 2147 3369">
     <span class='ocr_line' id='line_1_44' title="bbox 560 3298 2147 3369; baseline 0.001 -16"><span class='ocrx_word' id='word_1_307' title='bbox 560 3298 783 3353; x_wconf 77' lang='lat' dir='ltr'><strong>dixerit.</strong></span> <span class='ocrx_word' id='word_1_308' title='bbox 819 3299 1031 3368; x_wconf 82' lang='lat' dir='ltr'><strong>Duplex</strong></span> <span class='ocrx_word' id='word_1_309' title='bbox 1057 3299 1271 3353; x_wconf 89' lang='lat' dir='ltr'><strong>scilicet</strong></span> <span class='ocrx_word' id='word_1_310' title='bbox 1300 3299 1467 3369; x_wconf 90' lang='lat' dir='ltr'><strong>hujus</strong></span> <span class='ocrx_word' id='word_1_311' title='bbox 1496 3309 1581 3354; x_wconf 89' lang='lat' dir='ltr'><strong>est</strong></span> <span class='ocrx_word' id='word_1_312' title='bbox 1616 3300 1953 3355; x_wconf 87' lang='lat' dir='ltr'><strong>intellectus.</strong></span> <span class='ocrx_word' id='word_1_313' title='bbox 2009 3301 2147 3355; x_wconf 87' lang='lat' dir='ltr'><strong>Nam</strong></span> 
     </span>
    </p>
   </div>
   <div class='ocr_carea' id='block_1_45' title="bbox 2849 2102 3237 2160">
    <p class='ocr_par' dir='ltr' id='par_1_45' title="bbox 2849 2102 3237 2160">
     <span class='ocr_line' id='line_1_45' title="bbox 2849 2102 3237 2160; baseline 0.003 -1"><span class='ocrx_word' id='word_1_314' title='bbox 2849 2106 3108 2159; x_wconf 80' lang='grc' dir='ltr'><strong>ΠΡΑΞΙΣ</strong></span> <span class='ocrx_word' id='word_1_315' title='bbox 3154 2102 3237 2160; x_wconf 83' lang='lat' dir='ltr'><strong>H&#39;.</strong></span> 
     </span>
    </p>
   </div>
   <div class='ocr_carea' id='block_1_46' title="bbox 2341 2189 3846 2268">
    <p class='ocr_par' dir='ltr' id='par_1_46' title="bbox 2341 2189 3846 2268">
     <span class='ocr_line' id='line_1_46' title="bbox 2341 2189 3846 2268; baseline -0.001 -16"><span class='ocrx_word' id='word_1_316' title='bbox 2341 2198 2666 2252; x_wconf 81' lang='grc' dir='ltr'>’Υπόλοιπόν</span> <span class='ocrx_word' id='word_1_317' title='bbox 2691 2199 2809 2252; x_wconf 75' lang='grc' dir='ltr'>ἔστι</span> <span class='ocrx_word' id='word_1_318' title='bbox 2843 2199 2971 2267; x_wconf 73' lang='grc' dir='ltr'>περὶ</span> <span class='ocrx_word' id='word_1_319' title='bbox 3003 2198 3111 2252; x_wconf 87' lang='grc' dir='ltr'>τῶν</span> <span class='ocrx_word' id='word_1_320' title='bbox 3144 2196 3592 2268; x_wconf 74' lang='grc' dir='ltr'><strong>ἐπιχειρημάτων</strong></span> <span class='ocrx_word' id='word_1_321' title='bbox 3619 2189 3698 2251; x_wconf 80' lang='grc' dir='ltr'><strong>ὧν</strong></span> <span class='ocrx_word' id='word_1_322' title='bbox 3728 2196 3846 2250; x_wconf 74' lang='grc' dir='ltr'>ἀπὸ</span> 
     </span>
    </p>
   </div>
   <div class='ocr_carea' id='block_1_47' title="bbox 2251 2289 3842 2364">
    <p class='ocr_par' dir='ltr' id='par_1_47' title="bbox 2251 2289 3842 2364">
     <span class='ocr_line' id='line_1_47' title="bbox 2251 2289 3842 2364; baseline -0.003 -19"><span class='ocrx_word' id='word_1_323' title='bbox 2251 2294 2498 2364; x_wconf 81' lang='grc' dir='ltr'>χρήσεων</span> <span class='ocrx_word' id='word_1_324' title='bbox 2535 2290 2645 2345; x_wconf 86' lang='grc' dir='ltr'><strong>τῶν</strong></span> <span class='ocrx_word' id='word_1_325' title='bbox 2689 2291 2861 2361; x_wconf 84' lang='grc' dir='ltr'>ἁγίων</span> <span class='ocrx_word' id='word_1_326' title='bbox 2900 2291 3160 2360; x_wconf 87' lang='grc' dir='ltr'>Πατέρων</span> <span class='ocrx_word' id='word_1_327' title='bbox 3211 2289 3626 2362; x_wconf 83' lang='grc' dir='ltr'>παραφέρουσιν</span> <span class='ocrx_word' id='word_1_328' title='bbox 3679 2291 3842 2360; x_wconf 80' lang='grc' dir='ltr'>ἡμῖν,</span> 
     </span>
    </p>
   </div>
   <div class='ocr_carea' id='block_1_48' title="bbox 2249 2374 3844 2452">
    <p class='ocr_par' dir='ltr' id='par_1_48' title="bbox 2249 2374 3844 2452">
     <span class='ocr_line' id='line_1_48' title="bbox 2249 2374 3844 2452; baseline -0.002 -14"><span class='ocrx_word' id='word_1_329' title='bbox 2249 2383 2564 2449; x_wconf 83' lang='grc' dir='ltr'>διεξελθεῖν.</span> <span class='ocrx_word' id='word_1_330' title='bbox 2615 2382 2834 2437; x_wconf 85' lang='grc' dir='ltr'>Τούτων</span> <span class='ocrx_word' id='word_1_331' title='bbox 2863 2381 2942 2447; x_wconf 81' lang='grc' dir='ltr'>δὲ,</span> <span class='ocrx_word' id='word_1_332' title='bbox 2985 2381 3053 2434; x_wconf 84' lang='grc' dir='ltr'>τὰ</span> <span class='ocrx_word' id='word_1_333' title='bbox 3106 2381 3206 2452; x_wconf 89' lang='grc' dir='ltr'><strong>μέν</strong></span> <span class='ocrx_word' id='word_1_334' title='bbox 3251 2384 3412 2444; x_wconf 70' lang='grc' dir='ltr'>εἰσιν,</span> <span class='ocrx_word' id='word_1_335' title='bbox 3455 2381 3548 2451; x_wconf 76' lang='grc' dir='ltr'><strong>ἀφ’</strong></span> <span class='ocrx_word' id='word_1_336' title='bbox 3609 2374 3688 2435; x_wconf 85' lang='grc' dir='ltr'>ὧν</span> <span class='ocrx_word' id='word_1_337' title='bbox 3738 2382 3844 2435; x_wconf 75' lang='grc' dir='ltr'><strong>οὑκ</strong></span> 
     </span>
    </p>
   </div>
   <div class='ocr_carea' id='block_1_49' title="bbox 2251 2472 3835 2546">
    <p class='ocr_par' dir='ltr' id='par_1_49' title="bbox 2251 2472 3835 2546">
     <span class='ocr_line' id='line_1_49' title="bbox 2251 2472 3835 2546; baseline -0.002 -17"><span class='ocrx_word' id='word_1_338' title='bbox 2251 2472 2406 2530; x_wconf 80' lang='grc' dir='ltr'>εἶπεν</span> <span class='ocrx_word' id='word_1_339' title='bbox 2435 2478 2469 2546; x_wconf 83' lang='grc' dir='ltr'>ἡ</span> <span class='ocrx_word' id='word_1_340' title='bbox 2487 2475 2706 2538; x_wconf 83' lang='grc' dir='ltr'>σύνοδος</span> <span class='ocrx_word' id='word_1_341' title='bbox 2728 2492 2742 2506; x_wconf 86' lang='grc'><strong>·</strong></span> <span class='ocrx_word' id='word_1_342' title='bbox 2771 2475 2839 2528; x_wconf 83' lang='grc' dir='ltr'>τὰ</span> <span class='ocrx_word' id='word_1_343' title='bbox 2859 2475 2916 2528; x_wconf 87' lang='grc' dir='ltr'>δὲ</span> <span class='ocrx_word' id='word_1_344' title='bbox 2943 2475 3330 2546; x_wconf 79' lang='grc' dir='ltr'>παραφέρουσι</span> <span class='ocrx_word' id='word_1_345' title='bbox 3356 2473 3492 2544; x_wconf 81' lang='grc' dir='ltr'>πρὸς</span> <span class='ocrx_word' id='word_1_346' title='bbox 3521 2473 3714 2526; x_wconf 85' lang='grc' dir='ltr'>πίστιν</span> <span class='ocrx_word' id='word_1_347' title='bbox 3733 2474 3835 2527; x_wconf 74' lang='grc' dir='ltr'><strong>τοῦ</strong></span> 
     </span>
    </p>
   </div>
   <div class='ocr_carea' id='block_1_50' title="bbox 2249 2561 3838 2638">
    <p class='ocr_par' dir='ltr' id='par_1_50' title="bbox 2249 2561 3838 2638">
     <span class='ocr_line' id='line_1_50' title="bbox 2249 2561 3838 2638; baseline 0.001 -20"><span class='ocrx_word' id='word_1_348' title='bbox 2249 2566 2452 2620; x_wconf 78' lang='grc' dir='ltr'>οἰκείου</span> <span class='ocrx_word' id='word_1_349' title='bbox 2485 2565 2754 2637; x_wconf 88' lang='grc' dir='ltr'>δόγματος</span> <span class='ocrx_word' id='word_1_350' title='bbox 2779 2582 2793 2598; x_wconf 73' lang='grc' dir='ltr'><strong>ο</strong></span> <span class='ocrx_word' id='word_1_351' title='bbox 2827 2565 2898 2620; x_wconf 86' lang='grc' dir='ltr'>τὰ</span> <span class='ocrx_word' id='word_1_352' title='bbox 2921 2566 2976 2620; x_wconf 78' lang='grc' dir='ltr'>δὲ</span> <span class='ocrx_word' id='word_1_353' title='bbox 2996 2607 3011 2633; x_wconf 94' lang='grc'><strong>,</strong></span> <span class='ocrx_word' id='word_1_354' title='bbox 3044 2567 3137 2637; x_wconf 80' lang='grc' dir='ltr'><strong>ἀφ’</strong></span> <span class='ocrx_word' id='word_1_355' title='bbox 3164 2561 3238 2621; x_wconf 82' lang='grc' dir='ltr'>ὧν</span> <span class='ocrx_word' id='word_1_356' title='bbox 3263 2561 3439 2621; x_wconf 72' lang='grc' dir='ltr'>εἶπεν.</span> <span class='ocrx_word' id='word_1_357' title='bbox 3473 2566 3595 2635; x_wconf 62' lang='grc' dir='ltr'><strong>Ἀφ’</strong></span> <span class='ocrx_word' id='word_1_358' title='bbox 3625 2561 3706 2620; x_wconf 83' lang='grc' dir='ltr'>ὧν</span> <span class='ocrx_word' id='word_1_359' title='bbox 3736 2569 3838 2638; x_wconf 83' lang='grc' dir='ltr'>μὲν</span> 
     </span>
    </p>
   </div>
   <div class='ocr_carea' id='block_1_51' title="bbox 2249 2653 3838 2730">
    <p class='ocr_par' dir='ltr' id='par_1_51' title="bbox 2249 2653 3838 2730">
     <span class='ocr_line' id='line_1_51' title="bbox 2249 2653 3838 2730; baseline 0 -18"><span class='ocrx_word' id='word_1_360' title='bbox 2249 2659 2352 2712; x_wconf 89' lang='grc' dir='ltr'><strong>οὑκ</strong></span> <span class='ocrx_word' id='word_1_361' title='bbox 2385 2653 2562 2725; x_wconf 78' lang='grc' dir='ltr'>εἶπεν,</span> <span class='ocrx_word' id='word_1_362' title='bbox 2592 2658 3058 2729; x_wconf 72' lang='grc' dir='ltr'>ἐπιλαμϐάνονται</span> <span class='ocrx_word' id='word_1_363' title='bbox 3095 2659 3266 2729; x_wconf 83' lang='grc' dir='ltr'>αὑτῆς</span> <span class='ocrx_word' id='word_1_364' title='bbox 3292 2661 3355 2712; x_wconf 85' lang='grc' dir='ltr'>ὲκ</span> <span class='ocrx_word' id='word_1_365' title='bbox 3387 2658 3555 2730; x_wconf 81' lang='grc' dir='ltr'>τριῶν</span> <span class='ocrx_word' id='word_1_366' title='bbox 3574 2677 3588 2691; x_wconf 91' lang='grc'><strong>·</strong></span> <span class='ocrx_word' id='word_1_367' title='bbox 3622 2661 3707 2714; x_wconf 82' lang='grc' dir='ltr'>ὅτι</span> <span class='ocrx_word' id='word_1_368' title='bbox 3735 2661 3838 2713; x_wconf 87' lang='grc' dir='ltr'><strong>οὑκ</strong></span> 
     </span>
    </p>
   </div>
   <div class='ocr_carea' id='block_1_52' title="bbox 2250 2743 3836 2820">
    <p class='ocr_par' dir='ltr' id='par_1_52' title="bbox 2250 2743 3836 2820">
     <span class='ocr_line' id='line_1_52' title="bbox 2250 2743 3836 2820; baseline 0.002 -18"><span class='ocrx_word' id='word_1_369' title='bbox 2250 2743 2404 2802; x_wconf 86' lang='grc' dir='ltr'>εῐπεν</span> <span class='ocrx_word' id='word_1_370' title='bbox 2448 2749 2482 2820; x_wconf 79' lang='grc' dir='ltr'>ἡ</span> <span class='ocrx_word' id='word_1_371' title='bbox 2527 2747 2744 2812; x_wconf 90' lang='grc' dir='ltr'>συνόδος</span> <span class='ocrx_word' id='word_1_372' title='bbox 2791 2749 2890 2820; x_wconf 83' lang='grc' dir='ltr'>τὴν</span> <span class='ocrx_word' id='word_1_373' title='bbox 2950 2747 3074 2802; x_wconf 83' lang='grc' dir='ltr'>καθ’</span> <span class='ocrx_word' id='word_1_374' title='bbox 3117 2749 3418 2804; x_wconf 81' lang='grc' dir='ltr'>ὑπόστασιν</span> <span class='ocrx_word' id='word_1_375' title='bbox 3455 2750 3674 2816; x_wconf 71' lang='grc' dir='ltr'>ἕνωσιν,</span> <span class='ocrx_word' id='word_1_376' title='bbox 3712 2751 3836 2805; x_wconf 68' lang='grc' dir='ltr'>οὐδὲ</span> 
     </span>
    </p>
   </div>
   <div class='ocr_carea' id='block_1_53' title="bbox 2253 2839 3834 2912">
    <p class='ocr_par' dir='ltr' id='par_1_53' title="bbox 2253 2839 3834 2912">
     <span class='ocr_line' id='line_1_53' title="bbox 2253 2839 3834 2912; baseline 0.001 -17"><span class='ocrx_word' id='word_1_377' title='bbox 2253 2841 2386 2912; x_wconf 89' lang='grc' dir='ltr'>μίαν</span> <span class='ocrx_word' id='word_1_378' title='bbox 2417 2840 2511 2894; x_wconf 88' lang='grc' dir='ltr'><strong>τοῦ</strong></span> <span class='ocrx_word' id='word_1_379' title='bbox 2538 2839 2674 2894; x_wconf 88' lang='grc' dir='ltr'>Θεοῦ</span> <span class='ocrx_word' id='word_1_380' title='bbox 2703 2841 2880 2910; x_wconf 86' lang='grc' dir='ltr'>Λόγου</span> <span class='ocrx_word' id='word_1_381' title='bbox 2917 2839 3080 2908; x_wconf 86' lang='grc' dir='ltr'>φύσιν</span> <span class='ocrx_word' id='word_1_382' title='bbox 3120 2841 3576 2912; x_wconf 84' lang='grc' dir='ltr'>σεσαρκωμένην,</span> <span class='ocrx_word' id='word_1_383' title='bbox 3595 2843 3720 2897; x_wconf 71' lang='grc' dir='ltr'>οὑδὲ</span> <span class='ocrx_word' id='word_1_384' title='bbox 3748 2844 3834 2907; x_wconf 82' lang='grc' dir='ltr'>τὸ,</span> 
     </span>
    </p>
   </div>
   <div class='ocr_carea' id='block_1_54' title="bbox 2249 2929 3836 3003">
    <p class='ocr_par' dir='ltr' id='par_1_54' title="bbox 2249 2929 3836 3003">
     <span class='ocr_line' id='line_1_54' title="bbox 2249 2929 3836 3003; baseline 0.001 -20"><span class='ocrx_word' id='word_1_385' title='bbox 2249 2931 2320 2984; x_wconf 80' lang='grc' dir='ltr'>ὲκ</span> <span class='ocrx_word' id='word_1_386' title='bbox 2367 2929 2480 2984; x_wconf 85' lang='grc' dir='ltr'><strong>δύο</strong></span> <span class='ocrx_word' id='word_1_387' title='bbox 2529 2929 2797 3000; x_wconf 73' lang='grc' dir='ltr'>φύσεων.</span> <span class='ocrx_word' id='word_1_388' title='bbox 2819 2929 3008 2984; x_wconf 87' lang='grc' dir='ltr'>Ταῦτα</span> <span class='ocrx_word' id='word_1_389' title='bbox 3037 2930 3095 2984; x_wconf 79' lang='grc' dir='ltr'>δὲ</span> <span class='ocrx_word' id='word_1_390' title='bbox 3121 2932 3299 2985; x_wconf 87' lang='grc' dir='ltr'>πάντα</span> <span class='ocrx_word' id='word_1_391' title='bbox 3331 2935 3359 2985; x_wconf 87' lang='grc' dir='ltr'><strong>ὁ</strong></span> <span class='ocrx_word' id='word_1_392' title='bbox 3384 2933 3540 3002; x_wconf 74' lang='grc' dir='ltr'>ἅγιος</span> <span class='ocrx_word' id='word_1_393' title='bbox 3560 2932 3836 3003; x_wconf 78' lang='grc' dir='ltr'>Κύριλλος</span> 
     </span>
    </p>
   </div>
   <div class='ocr_carea' id='block_1_55' title="bbox 2251 3018 3836 3098">
    <p class='ocr_par' dir='ltr' id='par_1_55' title="bbox 2251 3018 3836 3098">
     <span class='ocr_line' id='line_1_55' title="bbox 2251 3018 3836 3098; baseline 0.003 -24"><span class='ocrx_word' id='word_1_394' title='bbox 2251 3018 2428 3076; x_wconf 79' lang='grc' dir='ltr'>εἶπεν.</span> <span class='ocrx_word' id='word_1_395' title='bbox 2481 3023 2666 3090; x_wconf 79' lang='grc' dir='ltr'>’Ἄξιον</span> <span class='ocrx_word' id='word_1_396' title='bbox 2691 3023 2747 3077; x_wconf 84' lang='grc' dir='ltr'>δὲ</span> <span class='ocrx_word' id='word_1_397' title='bbox 2793 3023 2990 3088; x_wconf 88' lang='grc' dir='ltr'>είπεῖν,</span> <span class='ocrx_word' id='word_1_398' title='bbox 3036 3023 3180 3078; x_wconf 89' lang='grc' dir='ltr'>διατί</span> <span class='ocrx_word' id='word_1_399' title='bbox 3223 3024 3371 3092; x_wconf 83' lang='grc' dir='ltr'>λέγει</span> <span class='ocrx_word' id='word_1_400' title='bbox 3405 3023 3507 3098; x_wconf 81' lang='grc' dir='ltr'>τὴν</span> <span class='ocrx_word' id='word_1_401' title='bbox 3543 3024 3669 3079; x_wconf 84' lang='grc' dir='ltr'>καθ’</span> <span class='ocrx_word' id='word_1_402' title='bbox 3699 3025 3836 3078; x_wconf 75' lang='grc' dir='ltr'>ὑπό-</span> 
     </span>
    </p>
   </div>
   <div class='ocr_carea' id='block_1_56' title="bbox 2251 3114 3838 3188">
    <p class='ocr_par' dir='ltr' id='par_1_56' title="bbox 2251 3114 3838 3188">
     <span class='ocr_line' id='line_1_56' title="bbox 2251 3114 3838 3188; baseline 0.003 -21"><span class='ocrx_word' id='word_1_403' title='bbox 2251 3131 2442 3169; x_wconf 90' lang='grc' dir='ltr'>στασιν</span> <span class='ocrx_word' id='word_1_404' title='bbox 2461 3114 2676 3170; x_wconf 73' lang='grc' dir='ltr'>ἕνωσιν.</span> <span class='ocrx_word' id='word_1_405' title='bbox 2696 3114 2860 3186; x_wconf 79' lang='grc' dir='ltr'>Διττὴ</span> <span class='ocrx_word' id='word_1_406' title='bbox 2877 3115 3056 3168; x_wconf 84' lang='grc' dir='ltr'>τοίνυν</span> <span class='ocrx_word' id='word_1_407' title='bbox 3083 3115 3230 3168; x_wconf 70' lang='grc' dir='ltr'>ἐστὶν</span> <span class='ocrx_word' id='word_1_408' title='bbox 3257 3116 3429 3186; x_wconf 75' lang='grc' dir='ltr'>αὑτῆς</span> <span class='ocrx_word' id='word_1_409' title='bbox 3451 3119 3485 3188; x_wconf 80' lang='grc' dir='ltr'>ὴ</span> <span class='ocrx_word' id='word_1_410' title='bbox 3508 3115 3709 3172; x_wconf 78' lang='grc' dir='ltr'>ἔννοια.</span> <span class='ocrx_word' id='word_1_411' title='bbox 3728 3116 3838 3172; x_wconf 83' lang='grc' dir='ltr'>Τοῦ</span> 
     </span>
    </p>
   </div>
   <div class='ocr_carea' id='block_1_57' title="bbox 2249 3205 3834 3281">
    <p class='ocr_par' dir='ltr' id='par_1_57' title="bbox 2249 3205 3834 3281">
     <span class='ocr_line' id='line_1_57' title="bbox 2249 3205 3834 3281; baseline 0.003 -23"><span class='ocrx_word' id='word_1_412' title='bbox 2249 3205 2359 3277; x_wconf 85' lang='grc' dir='ltr'><strong>γὰρ</strong></span> <span class='ocrx_word' id='word_1_413' title='bbox 2388 3205 2687 3275; x_wconf 87' lang='grc' dir='ltr'>Νεστορίου</span> <span class='ocrx_word' id='word_1_414' title='bbox 2717 3205 2994 3275; x_wconf 90' lang='grc' dir='ltr'>λέγοντος,</span> <span class='ocrx_word' id='word_1_415' title='bbox 3034 3207 3118 3260; x_wconf 83' lang='grc' dir='ltr'><strong>ὅτι</strong></span> <span class='ocrx_word' id='word_1_416' title='bbox 3161 3208 3303 3261; x_wconf 75' lang='grc' dir='ltr'>κατὰ</span> <span class='ocrx_word' id='word_1_417' title='bbox 3331 3208 3516 3279; x_wconf 78' lang='grc' dir='ltr'>σχέσιν</span> <span class='ocrx_word' id='word_1_418' title='bbox 3544 3209 3772 3278; x_wconf 83' lang='grc' dir='ltr'>γέγονεν</span> <span class='ocrx_word' id='word_1_419' title='bbox 3799 3212 3834 3281; x_wconf 79' lang='grc' dir='ltr'><strong>ἠ</strong></span> 
     </span>
    </p>
   </div>
   <div class='ocr_carea' id='block_1_58' title="bbox 2249 3296 3835 3372">
    <p class='ocr_par' dir='ltr' id='par_1_58' title="bbox 2249 3296 3835 3372">
     <span class='ocr_line' id='line_1_58' title="bbox 2249 3296 3835 3372; baseline 0.003 -22"><span class='ocrx_word' id='word_1_420' title='bbox 2249 3297 2445 3361; x_wconf 80' lang='grc' dir='ltr'>ἓνωσις</span> <span class='ocrx_word' id='word_1_421' title='bbox 2470 3297 2565 3350; x_wconf 88' lang='grc' dir='ltr'><strong>τοῦ</strong></span> <span class='ocrx_word' id='word_1_422' title='bbox 2593 3296 2734 3351; x_wconf 88' lang='grc' dir='ltr'>Θεοῦ</span> <span class='ocrx_word' id='word_1_423' title='bbox 2775 3297 2954 3367; x_wconf 91' lang='grc' dir='ltr'>Λόγου</span> <span class='ocrx_word' id='word_1_424' title='bbox 2984 3298 3118 3369; x_wconf 85' lang='grc' dir='ltr'>πρὸς</span> <span class='ocrx_word' id='word_1_425' title='bbox 3144 3297 3243 3370; x_wconf 80' lang='grc' dir='ltr'>τὴν</span> <span class='ocrx_word' id='word_1_426' title='bbox 3275 3299 3478 3372; x_wconf 82' lang='grc' dir='ltr'>σάρκα,</span> <span class='ocrx_word' id='word_1_427' title='bbox 3516 3302 3613 3355; x_wconf 58' lang='grc' dir='ltr'><strong>καὶ⁵</strong></span> <span class='ocrx_word' id='word_1_428' title='bbox 3646 3318 3835 3372; x_wconf 88' lang='grc' dir='ltr'>σχετι-</span> 
     </span>
    </p>
   </div>
   <div class='ocr_carea' id='block_1_59' title="bbox 559 3387 2149 3463">
    <p class='ocr_par' dir='ltr' id='par_1_59' title="bbox 559 3389 2146 3460">
     <span class='ocr_line' id='line_1_59' title="bbox 559 3389 2146 3460; baseline 0.001 -16"><span class='ocrx_word' id='word_1_429' title='bbox 559 3391 690 3460; x_wconf 88' lang='lat' dir='ltr'><strong>quia</strong></span> <span class='ocrx_word' id='word_1_430' title='bbox 713 3389 1008 3445; x_wconf 87' lang='lat' dir='ltr'><strong>Nestorius</strong></span> <span class='ocrx_word' id='word_1_431' title='bbox 1027 3389 1254 3455; x_wconf 89' lang='lat' dir='ltr'><strong>diceret,</strong></span> <span class='ocrx_word' id='word_1_432' title='bbox 1294 3391 1554 3445; x_wconf 84' lang='lat' dir='ltr'><strong>unionem</strong></span> <span class='ocrx_word' id='word_1_433' title='bbox 1583 3392 1677 3446; x_wconf 87' lang='lat' dir='ltr'><strong>Dei</strong></span> <span class='ocrx_word' id='word_1_434' title='bbox 1703 3389 1992 3446; x_wconf 89' lang='lat' dir='ltr'><strong>Sermonis</strong></span> <span class='ocrx_word' id='word_1_435' title='bbox 2018 3407 2146 3446; x_wconf 90' lang='lat' dir='ltr'><strong>cum</strong></span> 
     </span>
    </p>
   </div>
   <div class='ocr_carea' id='block_1_60' title="bbox 2252 3387 3840 3463">
    <p class='ocr_par' dir='ltr' id='par_1_60' title="bbox 2252 3387 3840 3463">
     <span class='ocr_line' id='line_1_60' title="bbox 2252 3387 3840 3463; baseline 0.018 -34"><span class='ocrx_word' id='word_1_436' title='bbox 2252 3387 2363 3452; x_wconf 74' lang='grc' dir='ltr'><strong>κῶς</strong></span> <span class='ocrx_word' id='word_1_437' title='bbox 2388 3389 2638 3458; x_wconf 82' lang='grc' dir='ltr'>λέγοντος</span> <span class='ocrx_word' id='word_1_438' title='bbox 2679 3389 2737 3443; x_wconf 82' lang='grc' dir='ltr'>ἓν</span> <span class='ocrx_word' id='word_1_439' title='bbox 2763 3390 3057 3460; x_wconf 89' lang='grc' dir='ltr'>πρόσωπον</span> <span class='ocrx_word' id='word_1_440' title='bbox 3087 3389 3184 3444; x_wconf 88' lang='grc' dir='ltr'><strong>τοῦ</strong></span> <span class='ocrx_word' id='word_1_441' title='bbox 3214 3390 3354 3444; x_wconf 88' lang='grc' dir='ltr'>Θεοῦ</span> <span class='ocrx_word' id='word_1_442' title='bbox 3397 3391 3574 3460; x_wconf 86' lang='grc' dir='ltr'>Λόγου</span> <span class='ocrx_word' id='word_1_443' title='bbox 3606 3394 3705 3448; x_wconf 76' lang='grc' dir='ltr'>καὶ</span> <span class='ocrx_word' id='word_1_444' title='bbox 3737 3393 3840 3463; x_wconf 84' lang='grc' dir='ltr'><strong>τῆς</strong></span> 
     </span>
    </p>
   </div>
   <div class='ocr_carea' id='block_1_61' title="bbox 560 3455 2149 3556">
    <p class='ocr_par' dir='ltr' id='par_1_61' title="bbox 560 3480 2146 3551">
     <span class='ocr_line' id='line_1_61' title="bbox 560 3480 2146 3551; baseline 0.003 -16"><span class='ocrx_word' id='word_1_445' title='bbox 560 3496 729 3536; x_wconf 88' lang='lat' dir='ltr'><strong>carne</strong></span> <span class='ocrx_word' id='word_1_446' title='bbox 767 3496 866 3550; x_wconf 87' lang='lat' dir='ltr'><strong>per</strong></span> <span class='ocrx_word' id='word_1_447' title='bbox 895 3480 1245 3536; x_wconf 72' lang='lat' dir='ltr'><strong>affectionem</strong></span> <span class='ocrx_word' id='word_1_448' title='bbox 1274 3481 1567 3551; x_wconf 86' lang='lat' dir='ltr'><strong>quamdam</strong></span> <span class='ocrx_word' id='word_1_449' title='bbox 1588 3497 1708 3538; x_wconf 90' lang='lat' dir='ltr'><strong>esse</strong></span> <span class='ocrx_word' id='word_1_450' title='bbox 1735 3482 2146 3549; x_wconf 81' lang='lat' dir='ltr'><strong>factam,adeo-</strong></span> 
     </span>
    </p>
   </div>
   <div class='ocr_carea' id='block_1_62' title="bbox 2252 3455 3841 3556">
    <p class='ocr_par' dir='ltr' id='par_1_62' title="bbox 2254 3455 3841 3556">
     <span class='ocr_line' id='line_1_62' title="bbox 2254 3455 3841 3556; baseline 0.001 -21"><span class='ocrx_word' id='word_1_451' title='bbox 2254 3455 2481 3552; x_wconf 80' lang='grc' dir='ltr'>σαρκὸς,</span> <span class='ocrx_word' id='word_1_452' title='bbox 2507 3483 2536 3535; x_wconf 91' lang='grc' dir='ltr'><strong>ὁ</strong></span> <span class='ocrx_word' id='word_1_453' title='bbox 2560 3481 2718 3550; x_wconf 78' lang='grc' dir='ltr'>ἅγιος</span> <span class='ocrx_word' id='word_1_454' title='bbox 2749 3455 3022 3553; x_wconf 82' lang='grc' dir='ltr'>Κύριλλος</span> <span class='ocrx_word' id='word_1_455' title='bbox 3049 3482 3350 3552; x_wconf 76' lang='grc' dir='ltr'>ἀντιλέγων</span> <span class='ocrx_word' id='word_1_456' title='bbox 3381 3455 3520 3556; x_wconf 77' lang='grc' dir='ltr'>πρὸς</span> <span class='ocrx_word' id='word_1_457' title='bbox 3541 3484 3713 3538; x_wconf 88' lang='grc' dir='ltr'>αὑτόν</span> <span class='ocrx_word' id='word_1_458' title='bbox 3739 3455 3841 3555; x_wconf 59' lang='grc' dir='ltr'><strong>φῆζ</strong></span> 
     </span>
    </p>
   </div>
   <div class='ocr_carea' id='block_1_63' title="bbox 560 3574 2146 3645">
    <p class='ocr_par' dir='ltr' id='par_1_63' title="bbox 560 3574 2146 3645">
     <span class='ocr_line' id='line_1_63' title="bbox 560 3574 2146 3645; baseline 0.002 -17"><span class='ocrx_word' id='word_1_459' title='bbox 560 3589 669 3645; x_wconf 86' lang='lat' dir='ltr'><strong>que</strong></span> <span class='ocrx_word' id='word_1_460' title='bbox 702 3589 997 3644; x_wconf 87' lang='lat' dir='ltr'><strong>personam</strong></span> <span class='ocrx_word' id='word_1_461' title='bbox 1018 3574 1115 3629; x_wconf 91' lang='lat' dir='ltr'><strong>Dei</strong></span> <span class='ocrx_word' id='word_1_462' title='bbox 1141 3575 1427 3630; x_wconf 86' lang='lat' dir='ltr'><strong>Sermonis</strong></span> <span class='ocrx_word' id='word_1_463' title='bbox 1446 3585 1504 3630; x_wconf 86' lang='lat' dir='ltr'><strong>et</strong></span> <span class='ocrx_word' id='word_1_464' title='bbox 1531 3575 1718 3630; x_wconf 87' lang='lat' dir='ltr'><strong>carnis</strong></span> <span class='ocrx_word' id='word_1_465' title='bbox 1745 3591 1910 3630; x_wconf 86' lang='lat' dir='ltr'><strong>unam</strong></span> <span class='ocrx_word' id='word_1_466' title='bbox 1933 3575 2146 3631; x_wconf 90' lang='lat' dir='ltr'><strong>ratione</strong></span> 
     </span>
    </p>
   </div>
   <div class='ocr_carea' id='block_1_64' title="bbox 561 3666 2145 3724">
    <p class='ocr_par' dir='ltr' id='par_1_64' title="bbox 561 3666 2145 3724">
     <span class='ocr_line' id='line_1_64' title="bbox 561 3666 2145 3724; baseline -0.001 -2"><span class='ocrx_word' id='word_1_467' title='bbox 561 3667 739 3723; x_wconf 88' lang='lat' dir='ltr'><strong>mutui</strong></span> <span class='ocrx_word' id='word_1_468' title='bbox 767 3668 997 3722; x_wconf 81' lang='lat' dir='ltr'><strong>allectus</strong></span> <span class='ocrx_word' id='word_1_469' title='bbox 1045 3682 1168 3722; x_wconf 89' lang='lat' dir='ltr'><strong>esse</strong></span> <span class='ocrx_word' id='word_1_470' title='bbox 1211 3666 1457 3723; x_wconf 89' lang='lat' dir='ltr'><strong>traderet</strong></span> <span class='ocrx_word' id='word_1_471' title='bbox 1495 3686 1510 3722; x_wconf 94' lang='lat'><strong>:</strong></span> <span class='ocrx_word' id='word_1_472' title='bbox 1551 3667 1762 3723; x_wconf 89' lang='lat' dir='ltr'><strong>idcirco</strong></span> <span class='ocrx_word' id='word_1_473' title='bbox 1801 3677 2024 3724; x_wconf 88' lang='lat' dir='ltr'><strong>sanctus</strong></span> <span class='ocrx_word' id='word_1_474' title='bbox 2057 3667 2145 3722; x_wconf 90' lang='lat' dir='ltr'><strong>vir</strong></span> 
     </span>
    </p>
   </div>
   <div class='ocr_carea' id='block_1_65' title="bbox 559 3758 2145 3832">
    <p class='ocr_par' dir='ltr' id='par_1_65' title="bbox 559 3758 2145 3832">
     <span class='ocr_line' id='line_1_65' title="bbox 559 3758 2145 3832; baseline -0.001 -17"><span class='ocrx_word' id='word_1_475' title='bbox 559 3761 800 3832; x_wconf 86' lang='lat' dir='ltr'><strong>Cyrillus</strong></span> <span class='ocrx_word' id='word_1_476' title='bbox 819 3759 870 3814; x_wconf 88' lang='lat' dir='ltr'><strong>ei</strong></span> <span class='ocrx_word' id='word_1_477' title='bbox 886 3758 1292 3826; x_wconf 90' lang='lat' dir='ltr'><strong>contradicens,</strong></span> <span class='ocrx_word' id='word_1_478' title='bbox 1318 3759 1579 3815; x_wconf 89' lang='lat' dir='ltr'><strong>unionem</strong></span> <span class='ocrx_word' id='word_1_479' title='bbox 1597 3759 2000 3832; x_wconf 89' lang='lat' dir='ltr'><strong>hypostaticam</strong></span> <span class='ocrx_word' id='word_1_480' title='bbox 2022 3775 2145 3815; x_wconf 90' lang='lat' dir='ltr'><strong>esse</strong></span> 
     </span>
    </p>
   </div>
   <div class='ocr_carea' id='block_1_66' title="bbox 561 3851 2152 3924">
    <p class='ocr_par' dir='ltr' id='par_1_66' title="bbox 561 3851 2152 3924">
     <span class='ocr_line' id='line_1_66' title="bbox 561 3851 2152 3924; baseline 0 -18"><span class='ocrx_word' id='word_1_481' title='bbox 561 3853 761 3908; x_wconf 81' lang='lat' dir='ltr'><strong>factam</strong></span> <span class='ocrx_word' id='word_1_482' title='bbox 788 3852 888 3916; x_wconf 87' lang='lat' dir='ltr'><strong>ait,</strong></span> <span class='ocrx_word' id='word_1_483' title='bbox 922 3852 1028 3907; x_wconf 93' lang='lat' dir='ltr'><strong>hoc</strong></span> <span class='ocrx_word' id='word_1_484' title='bbox 1065 3860 1174 3919; x_wconf 86' lang='lat' dir='ltr'><strong>est,</strong></span> <span class='ocrx_word' id='word_1_485' title='bbox 1203 3852 1416 3907; x_wconf 90' lang='lat' dir='ltr'><strong>ratione</strong></span> <span class='ocrx_word' id='word_1_486' title='bbox 1439 3853 1833 3919; x_wconf 71' lang='lat' dir='ltr'><strong>subsistentize,</strong></span> <span class='ocrx_word' id='word_1_487' title='bbox 1875 3851 2152 3924; x_wconf 88' lang='lat' dir='ltr'><strong>ipsarum-</strong></span> 
     </span>
    </p>
   </div>
   <div class='ocr_carea' id='block_1_67' title="bbox 560 3942 2144 4015">
    <p class='ocr_par' dir='ltr' id='par_1_67' title="bbox 560 3942 2144 4015">
     <span class='ocr_line' id='line_1_67' title="bbox 560 3942 2144 4015; baseline 0.003 -19"><span class='ocrx_word' id='word_1_488' title='bbox 560 3959 670 4012; x_wconf 85' lang='lat' dir='ltr'><strong>que</strong></span> <span class='ocrx_word' id='word_1_489' title='bbox 697 3942 837 3998; x_wconf 88' lang='lat' dir='ltr'><strong>adeo</strong></span> <span class='ocrx_word' id='word_1_490' title='bbox 867 3959 1058 3998; x_wconf 89' lang='lat' dir='ltr'><strong>rerum</strong></span> <span class='ocrx_word' id='word_1_491' title='bbox 1078 3943 1377 4010; x_wconf 86' lang='lat' dir='ltr'><strong>unionem;</strong></span> <span class='ocrx_word' id='word_1_492' title='bbox 1403 3959 1514 3999; x_wconf 91' lang='lat' dir='ltr'><strong>non</strong></span> <span class='ocrx_word' id='word_1_493' title='bbox 1532 3944 1844 4000; x_wconf 73' lang='lat' dir='ltr'><strong>alfcctionis</strong></span> <span class='ocrx_word' id='word_1_494' title='bbox 1871 3954 2144 4015; x_wconf 88' lang='lat' dir='ltr'><strong>respectu.</strong></span> 
     </span>
    </p>
   </div>
   <div class='ocr_carea' id='block_1_68' title="bbox 561 4034 2150 4108">
    <p class='ocr_par' dir='ltr' id='par_1_68' title="bbox 561 4034 2150 4108">
     <span class='ocr_line' id='line_1_68' title="bbox 561 4034 2150 4108; baseline 0.003 -20"><span class='ocrx_word' id='word_1_495' title='bbox 561 4037 640 4089; x_wconf 84' lang='lat' dir='ltr'><strong>Ac</strong></span> <span class='ocrx_word' id='word_1_496' title='bbox 680 4034 988 4088; x_wconf 89' lang='lat' dir='ltr'><strong>notandum</strong></span> <span class='ocrx_word' id='word_1_497' title='bbox 1042 4035 1133 4088; x_wconf 91' lang='lat' dir='ltr'><strong>hic</strong></span> <span class='ocrx_word' id='word_1_498' title='bbox 1177 4051 1373 4092; x_wconf 85' lang='lat' dir='ltr'><strong>rursus</strong></span> <span class='ocrx_word' id='word_1_499' title='bbox 1421 4036 1744 4108; x_wconf 88' lang='lat' dir='ltr'><strong>hypostasin</strong></span> <span class='ocrx_word' id='word_1_500' title='bbox 1805 4036 1918 4092; x_wconf 92' lang='lat' dir='ltr'><strong>dici</strong></span> <span class='ocrx_word' id='word_1_501' title='bbox 1966 4037 2036 4092; x_wconf 91' lang='lat' dir='ltr'><strong>de</strong></span> <span class='ocrx_word' id='word_1_502' title='bbox 2080 4037 2150 4093; x_wconf 89' lang='lat' dir='ltr'><strong>iis</strong></span> 
     </span>
    </p>
   </div>
   <div class='ocr_carea' id='block_1_69' title="bbox 549 4126 2150 4198">
    <p class='ocr_par' dir='ltr' id='par_1_69' title="bbox 549 4126 2150 4198">
     <span class='ocr_line' id='line_1_69' title="bbox 549 4126 2150 4198; baseline 0.005 -24"><span class='ocrx_word' id='word_1_503' title='bbox 549 4142 686 4196; x_wconf 74' lang='lat' dir='ltr'><strong>.quze</strong></span> <span class='ocrx_word' id='word_1_504' title='bbox 706 4126 1034 4196; x_wconf 88' lang='lat' dir='ltr'><strong>simpliciter</strong></span> <span class='ocrx_word' id='word_1_505' title='bbox 1051 4126 1350 4182; x_wconf 84' lang='lat' dir='ltr'><strong>exsistunt.</strong></span> <span class='ocrx_word' id='word_1_506' title='bbox 1368 4126 1522 4182; x_wconf 88' lang='lat' dir='ltr'><strong>Alter</strong></span> <span class='ocrx_word' id='word_1_507' title='bbox 1544 4127 1858 4182; x_wconf 89' lang='lat' dir='ltr'><strong>intellectus</strong></span> <span class='ocrx_word' id='word_1_508' title='bbox 1873 4135 1977 4193; x_wconf 91' lang='lat' dir='ltr'><strong>est,</strong></span> <span class='ocrx_word' id='word_1_509' title='bbox 2001 4128 2150 4198; x_wconf 87' lang='lat' dir='ltr'><strong>quod</strong></span> 
     </span>
    </p>
   </div>
   <div class='ocr_carea' id='block_1_70' title="bbox 563 4218 2150 4291">
    <p class='ocr_par' dir='ltr' id='par_1_70' title="bbox 563 4218 2150 4291">
     <span class='ocr_line' id='line_1_70' title="bbox 563 4218 2150 4291; baseline 0.001 -18"><span class='ocrx_word' id='word_1_510' title='bbox 563 4219 962 4291; x_wconf 89' lang='lat' dir='ltr'><strong>hypostaticam</strong></span> <span class='ocrx_word' id='word_1_511' title='bbox 991 4218 1256 4274; x_wconf 91' lang='lat' dir='ltr'><strong>unionem</strong></span> <span class='ocrx_word' id='word_1_512' title='bbox 1280 4218 1482 4274; x_wconf 84' lang='lat' dir='ltr'><strong>factam</strong></span> <span class='ocrx_word' id='word_1_513' title='bbox 1513 4218 1756 4285; x_wconf 76' lang='lat' dir='ltr'><strong>dixerit,</strong></span> <span class='ocrx_word' id='word_1_514' title='bbox 1801 4220 1908 4275; x_wconf 90' lang='lat' dir='ltr'><strong>hoc</strong></span> <span class='ocrx_word' id='word_1_515' title='bbox 1939 4228 2046 4286; x_wconf 89' lang='lat' dir='ltr'><strong>est,</strong></span> <span class='ocrx_word' id='word_1_516' title='bbox 2091 4220 2150 4275; x_wconf 92' lang='lat' dir='ltr'><strong>in</strong></span> 
     </span>
    </p>
   </div>
   <div class='ocr_carea' id='block_1_71' title="bbox 563 4310 2148 4383">
    <p class='ocr_par' dir='ltr' id='par_1_71' title="bbox 563 4310 2148 4383">
     <span class='ocr_line' id='line_1_71' title="bbox 563 4310 2148 4383; baseline 0.002 -18"><span class='ocrx_word' id='word_1_517' title='bbox 563 4327 732 4366; x_wconf 90' lang='lat' dir='ltr'><strong>unam</strong></span> <span class='ocrx_word' id='word_1_518' title='bbox 760 4310 1102 4383; x_wconf 85' lang='lat' dir='ltr'><strong>hypostasin.</strong></span> <span class='ocrx_word' id='word_1_519' title='bbox 1139 4310 1219 4367; x_wconf 84' lang='lat' dir='ltr'><strong>Ac</strong></span> <span class='ocrx_word' id='word_1_520' title='bbox 1245 4311 1524 4367; x_wconf 90' lang='lat' dir='ltr'><strong>sententia</strong></span> <span class='ocrx_word' id='word_1_521' title='bbox 1543 4311 1768 4381; x_wconf 89' lang='lat' dir='ltr'><strong>quidem</strong></span> <span class='ocrx_word' id='word_1_522' title='bbox 1789 4321 2026 4382; x_wconf 88' lang='lat' dir='ltr'><strong>utraque</strong></span> <span class='ocrx_word' id='word_1_523' title='bbox 2057 4327 2148 4368; x_wconf 88' lang='lat' dir='ltr'><strong>re-</strong></span> 
     </span>
    </p>
   </div>
   <div class='ocr_carea' id='block_1_72' title="bbox 567 4399 2150 4476">
    <p class='ocr_par' dir='ltr' id='par_1_72' title="bbox 567 4399 2150 4476">
     <span class='ocr_line' id='line_1_72' title="bbox 567 4399 2150 4476; baseline 0.006 -23"><span class='ocrx_word' id='word_1_524' title='bbox 567 4399 810 4470; x_wconf 77' lang='lat' dir='ltr'><strong>fragatur</strong></span> <span class='ocrx_word' id='word_1_525' title='bbox 831 4401 1107 4468; x_wconf 87' lang='lat' dir='ltr'><strong>Nestorio,</strong></span> <span class='ocrx_word' id='word_1_526' title='bbox 1127 4401 1307 4473; x_wconf 85' lang='lat' dir='ltr'><strong>prima</strong></span> <span class='ocrx_word' id='word_1_527' title='bbox 1335 4409 1519 4457; x_wconf 89' lang='lat' dir='ltr'><strong>tamen</strong></span> <span class='ocrx_word' id='word_1_528' title='bbox 1540 4402 1726 4458; x_wconf 90' lang='lat' dir='ltr'><strong>verior</strong></span> <span class='ocrx_word' id='word_1_529' title='bbox 1746 4412 1851 4458; x_wconf 86' lang='lat' dir='ltr'><strong>est.</strong></span> <span class='ocrx_word' id='word_1_530' title='bbox 1872 4403 2150 4476; x_wconf 89' lang='lat' dir='ltr'><strong>Objiciunt</strong></span> 
     </span>
    </p>
   </div>
   <div class='ocr_carea' id='block_1_73' title="bbox 564 4492 2151 4569">
    <p class='ocr_par' dir='ltr' id='par_1_73' title="bbox 564 4492 2151 4569">
     <span class='ocr_line' id='line_1_73' title="bbox 564 4492 2151 4569; baseline 0.004 -22"><span class='ocrx_word' id='word_1_531' title='bbox 564 4493 735 4564; x_wconf 78' lang='lat' dir='ltr'><strong>igitur</strong></span> <span class='ocrx_word' id='word_1_532' title='bbox 769 4492 1042 4566; x_wconf 88' lang='lat' dir='ltr'><strong>synodum</strong></span> <span class='ocrx_word' id='word_1_533' title='bbox 1072 4493 1192 4550; x_wconf 68' lang='lat' dir='ltr'><strong>haec</strong></span> <span class='ocrx_word' id='word_1_534' title='bbox 1213 4509 1245 4548; x_wconf 90' lang='lat' dir='ltr'><strong>a</strong></span> <span class='ocrx_word' id='word_1_535' title='bbox 1273 4502 1466 4550; x_wconf 91' lang='lat' dir='ltr'><strong>sancto</strong></span> <span class='ocrx_word' id='word_1_536' title='bbox 1510 4493 1718 4567; x_wconf 87' lang='lat' dir='ltr'><strong>Cyrillo</strong></span> <span class='ocrx_word' id='word_1_537' title='bbox 1757 4496 1957 4551; x_wconf 89' lang='lat' dir='ltr'><strong>tradita</strong></span> <span class='ocrx_word' id='word_1_538' title='bbox 2007 4499 2151 4569; x_wconf 88' lang='lat' dir='ltr'><strong>reje-</strong></span> 
     </span>
    </p>
   </div>
   <div class='ocr_carea' id='block_1_74' title="bbox 563 4587 2150 4652">
    <p class='ocr_par' dir='ltr' id='par_1_74' title="bbox 563 4587 2150 4652">
     <span class='ocr_line' id='line_1_74' title="bbox 563 4587 2150 4652; baseline 0.003 -10"><span class='ocrx_word' id='word_1_539' title='bbox 563 4587 728 4652; x_wconf 88' lang='lat' dir='ltr'><strong>cisse,</strong></span> <span class='ocrx_word' id='word_1_540' title='bbox 767 4602 874 4642; x_wconf 86' lang='lat' dir='ltr'><strong>nec</strong></span> <span class='ocrx_word' id='word_1_541' title='bbox 903 4601 1100 4642; x_wconf 89' lang='lat' dir='ltr'><strong>eorum</strong></span> <span class='ocrx_word' id='word_1_542' title='bbox 1132 4587 1475 4644; x_wconf 90' lang='lat' dir='ltr'><strong>mentionem</strong></span> <span class='ocrx_word' id='word_1_543' title='bbox 1510 4589 1679 4644; x_wconf 87' lang='lat' dir='ltr'><strong>ullam</strong></span> <span class='ocrx_word' id='word_1_544' title='bbox 1702 4589 1920 4646; x_wconf 81' lang='lat' dir='ltr'><strong>fecisse.</strong></span> <span class='ocrx_word' id='word_1_545' title='bbox 1947 4592 2150 4648; x_wconf 79' lang='lat' dir='ltr'><strong>Verum</strong></span> 
     </span>
    </p>
   </div>
   <div class='ocr_carea' id='block_1_75' title="bbox 563 4677 2190 4754">
    <p class='ocr_par' dir='ltr' id='par_1_75' title="bbox 563 4677 2190 4754">
     <span class='ocr_line' id='line_1_75' title="bbox 563 4677 2190 4754; baseline 0.003 -20"><span class='ocrx_word' id='word_1_546' title='bbox 563 4695 676 4734; x_wconf 93' lang='lat' dir='ltr'><strong>uno</strong></span> <span class='ocrx_word' id='word_1_547' title='bbox 708 4679 881 4735; x_wconf 88' lang='lat' dir='ltr'><strong>verbo</strong></span> <span class='ocrx_word' id='word_1_548' title='bbox 934 4677 1126 4735; x_wconf 72' lang='lat' dir='ltr'><strong>isthzec</strong></span> <span class='ocrx_word' id='word_1_549' title='bbox 1169 4678 1358 4733; x_wconf 92' lang='lat' dir='ltr'><strong>omnia</strong></span> <span class='ocrx_word' id='word_1_550' title='bbox 1408 4679 1824 4748; x_wconf 87' lang='lat' dir='ltr'><strong>subvertimus,</strong></span> <span class='ocrx_word' id='word_1_551' title='bbox 1881 4683 2150 4754; x_wconf 88' lang='lat' dir='ltr'><strong>synodum</strong></span> <span class='ocrx_word' id='word_1_552' title='bbox 2187 4739 2190 4744; x_wconf 79' lang='grc'><strong>,</strong></span> 
     </span>
    </p>
   </div>
   <div class='ocr_carea' id='block_1_76' title="bbox 2253 3573 3840 3647">
    <p class='ocr_par' dir='ltr' id='par_1_76' title="bbox 2253 3573 3840 3647">
     <span class='ocr_line' id='line_1_76' title="bbox 2253 3573 3840 3647; baseline 0.003 -19"><span class='ocrx_word' id='word_1_553' title='bbox 2253 3591 2360 3640; x_wconf 92' lang='grc' dir='ltr'>σιν,</span> <span class='ocrx_word' id='word_1_554' title='bbox 2392 3575 2476 3628; x_wconf 85' lang='grc' dir='ltr'>ὅτι</span> <span class='ocrx_word' id='word_1_555' title='bbox 2505 3573 2628 3628; x_wconf 78' lang='grc' dir='ltr'>καθ’</span> <span class='ocrx_word' id='word_1_556' title='bbox 2665 3573 2969 3627; x_wconf 82' lang='grc' dir='ltr'>ὑπόστασιν</span> <span class='ocrx_word' id='word_1_557' title='bbox 3002 3577 3230 3644; x_wconf 84' lang='grc' dir='ltr'>γέγονεν</span> <span class='ocrx_word' id='word_1_558' title='bbox 3253 3576 3286 3647; x_wconf 77' lang='grc' dir='ltr'><strong>ἡ</strong></span> <span class='ocrx_word' id='word_1_559' title='bbox 3311 3574 3526 3643; x_wconf 73' lang='grc' dir='ltr'>ἓνωσις,</span> <span class='ocrx_word' id='word_1_560' title='bbox 3550 3576 3703 3630; x_wconf 82' lang='grc' dir='ltr'>τοῦτ’</span> <span class='ocrx_word' id='word_1_561' title='bbox 3724 3579 3840 3632; x_wconf 75' lang='grc' dir='ltr'>ἔστι</span> 
     </span>
    </p>
   </div>
   <div class='ocr_carea' id='block_1_77' title="bbox 2251 3665 3842 3739">
    <p class='ocr_par' dir='ltr' id='par_1_77' title="bbox 2251 3665 3842 3739">
     <span class='ocr_line' id='line_1_77' title="bbox 2251 3665 3842 3739; baseline 0.002 -18"><span class='ocrx_word' id='word_1_562' title='bbox 2251 3665 2372 3721; x_wconf 87' lang='grc' dir='ltr'>καθ’</span> <span class='ocrx_word' id='word_1_563' title='bbox 2421 3665 2683 3737; x_wconf 74' lang='grc' dir='ltr'>ὓπαρξιν,</span> <span class='ocrx_word' id='word_1_564' title='bbox 2728 3666 2826 3720; x_wconf 81' lang='grc' dir='ltr'>καὶ</span> <span class='ocrx_word' id='word_1_565' title='bbox 2856 3666 3038 3720; x_wconf 83' lang='grc' dir='ltr'>αὐτῶν</span> <span class='ocrx_word' id='word_1_566' title='bbox 3077 3671 3458 3739; x_wconf 69' lang='grc' dir='ltr'>πραγμάτων*</span> <span class='ocrx_word' id='word_1_567' title='bbox 3512 3669 3608 3724; x_wconf 80' lang='grc' dir='ltr'>καὶ</span> <span class='ocrx_word' id='word_1_568' title='bbox 3651 3671 3842 3726; x_wconf 77' lang='grc' dir='ltr'>οὐκέτι</span> 
     </span>
    </p>
   </div>
   <div class='ocr_carea' id='block_1_78' title="bbox 2249 3757 3841 3830">
    <p class='ocr_par' dir='ltr' id='par_1_78' title="bbox 2249 3757 3841 3830">
     <span class='ocr_line' id='line_1_78' title="bbox 2249 3757 3841 3830; baseline 0.004 -18"><span class='ocrx_word' id='word_1_569' title='bbox 2249 3758 2398 3828; x_wconf 82' lang='grc' dir='ltr'>λέγει</span> <span class='ocrx_word' id='word_1_570' title='bbox 2436 3759 2580 3812; x_wconf 82' lang='grc' dir='ltr'>κατὰ</span> <span class='ocrx_word' id='word_1_571' title='bbox 2618 3757 2826 3830; x_wconf 87' lang='grc' dir='ltr'>σχέσιν.</span> <span class='ocrx_word' id='word_1_572' title='bbox 2861 3757 2976 3813; x_wconf 79' lang='grc' dir='ltr'><strong>Καὶ</strong></span> <span class='ocrx_word' id='word_1_573' title='bbox 3011 3761 3352 3830; x_wconf 81' lang='grc' dir='ltr'>σημειωτέον</span> <span class='ocrx_word' id='word_1_574' title='bbox 3399 3760 3566 3816; x_wconf 83' lang='grc' dir='ltr'>πάλιν</span> <span class='ocrx_word' id='word_1_575' title='bbox 3599 3763 3841 3818; x_wconf 80' lang='grc' dir='ltr'>ἐνταῦθα</span> 
     </span>
    </p>
   </div>
   <div class='ocr_carea' id='block_1_79' title="bbox 2247 3851 3842 3928">
    <p class='ocr_par' dir='ltr' id='par_1_79' title="bbox 2247 3851 3842 3928">
     <span class='ocr_line' id='line_1_79' title="bbox 2247 3851 3842 3928; baseline 0.003 -23"><span class='ocrx_word' id='word_1_576' title='bbox 2247 3852 2347 3924; x_wconf 76' lang='grc' dir='ltr'>τὴν</span> <span class='ocrx_word' id='word_1_577' title='bbox 2371 3851 2670 3905; x_wconf 85' lang='grc' dir='ltr'>ὑπόστασιν</span> <span class='ocrx_word' id='word_1_578' title='bbox 2699 3853 2796 3905; x_wconf 75' lang='grc' dir='ltr'>καὶ</span> <span class='ocrx_word' id='word_1_579' title='bbox 2845 3852 2940 3904; x_wconf 74' lang='grc' dir='ltr'><strong>ἐπὶ</strong></span> <span class='ocrx_word' id='word_1_580' title='bbox 2986 3851 3098 3906; x_wconf 83' lang='grc' dir='ltr'><strong>τῶν</strong></span> <span class='ocrx_word' id='word_1_581' title='bbox 3137 3851 3311 3906; x_wconf 79' lang='grc' dir='ltr'>ὄντων</span> <span class='ocrx_word' id='word_1_582' title='bbox 3340 3852 3551 3918; x_wconf 84' lang='grc' dir='ltr'>ἁπλῶς.</span> <span class='ocrx_word' id='word_1_583' title='bbox 3592 3856 3842 3928; x_wconf 86' lang='grc' dir='ltr'>Δευτέρα</span> 
     </span>
    </p>
   </div>
   <div class='ocr_carea' id='block_1_80' title="bbox 2249 3941 3844 4016">
    <p class='ocr_par' dir='ltr' id='par_1_80' title="bbox 2249 3941 3844 4016">
     <span class='ocr_line' id='line_1_80' title="bbox 2249 3941 3844 4016; baseline 0.004 -20"><span class='ocrx_word' id='word_1_584' title='bbox 2249 3942 2306 3996; x_wconf 84' lang='grc' dir='ltr'>δὲ</span> <span class='ocrx_word' id='word_1_585' title='bbox 2337 3941 2516 3996; x_wconf 73' lang='grc' dir='ltr'>ἔννοιά</span> <span class='ocrx_word' id='word_1_586' title='bbox 2545 3943 2716 4010; x_wconf 75' lang='grc' dir='ltr'>ἐστιν,</span> <span class='ocrx_word' id='word_1_587' title='bbox 2749 3944 2833 3997; x_wconf 86' lang='grc' dir='ltr'>ὃτι</span> <span class='ocrx_word' id='word_1_588' title='bbox 2860 3942 2985 3997; x_wconf 82' lang='grc' dir='ltr'>καθ’</span> <span class='ocrx_word' id='word_1_589' title='bbox 3025 3945 3330 4000; x_wconf 79' lang='grc' dir='ltr'>ὑπόστασιν</span> <span class='ocrx_word' id='word_1_590' title='bbox 3362 3946 3559 4000; x_wconf 77' lang='grc' dir='ltr'>ἕνωσιν</span> <span class='ocrx_word' id='word_1_591' title='bbox 3592 3941 3719 4001; x_wconf 81' lang='grc' dir='ltr'>εῐπε</span> <span class='ocrx_word' id='word_1_592' title='bbox 3750 3964 3844 4016; x_wconf 78' lang='grc' dir='ltr'>γεο</span> 
     </span>
    </p>
   </div>
   <div class='ocr_carea' id='block_1_81' title="bbox 2249 4033 3843 4110">
    <p class='ocr_par' dir='ltr' id='par_1_81' title="bbox 2249 4033 3843 4110">
     <span class='ocr_line' id='line_1_81' title="bbox 2249 4033 3843 4110; baseline 0.001 -19"><span class='ocrx_word' id='word_1_593' title='bbox 2249 4036 2462 4101; x_wconf 89' lang='grc' dir='ltr'>νέσθαι,</span> <span class='ocrx_word' id='word_1_594' title='bbox 2487 4033 2633 4089; x_wconf 83' lang='grc' dir='ltr'>τοῦτ’</span> <span class='ocrx_word' id='word_1_595' title='bbox 2659 4034 2809 4089; x_wconf 74' lang='grc' dir='ltr'>ἐστιν</span> <span class='ocrx_word' id='word_1_596' title='bbox 2847 4036 2908 4089; x_wconf 83' lang='grc' dir='ltr'><strong>έν</strong></span> <span class='ocrx_word' id='word_1_597' title='bbox 2951 4036 3054 4107; x_wconf 82' lang='grc' dir='ltr'><strong>μιᾷ</strong></span> <span class='ocrx_word' id='word_1_598' title='bbox 3097 4037 3418 4091; x_wconf 83' lang='grc' dir='ltr'>ὑποστάσει.</span> <span class='ocrx_word' id='word_1_599' title='bbox 3456 4037 3569 4091; x_wconf 74' lang='lat' dir='ltr'><strong>Knl.</strong></span> <span class='ocrx_word' id='word_1_600' title='bbox 3599 4039 3843 4110; x_wconf 74' lang='grc' dir='ltr'>ἑκατέρα</span> 
     </span>
    </p>
   </div>
   <div class='ocr_carea' id='block_1_82' title="bbox 2255 4129 3879 4206">
    <p class='ocr_par' dir='ltr' id='par_1_82' title="bbox 2255 4129 3879 4206">
     <span class='ocr_line' id='line_1_82' title="bbox 2255 4129 3879 4206; baseline 0.025 -29"><span class='ocrx_word' id='word_1_601' title='bbox 2255 4131 2357 4201; x_wconf 76' lang='grc' dir='ltr'>μὲν</span> <span class='ocrx_word' id='word_1_602' title='bbox 2386 4129 2569 4184; x_wconf 81' lang='grc' dir='ltr'>έννοια</span> <span class='ocrx_word' id='word_1_603' title='bbox 2603 4129 2911 4184; x_wconf 87' lang='grc' dir='ltr'>ἀντίκειται</span> <span class='ocrx_word' id='word_1_604' title='bbox 2948 4130 3256 4201; x_wconf 74' lang='grc' dir='ltr'>Νεστορίῳο</span> <span class='ocrx_word' id='word_1_605' title='bbox 3292 4131 3434 4202; x_wconf 63' lang='grc' dir='ltr'>πλὴν</span> <span class='ocrx_word' id='word_1_606' title='bbox 3467 4130 3846 4204; x_wconf 75' lang='grc' dir='ltr'>ἀληθινωτέρα</span> <span class='ocrx_word' id='word_1_607' title='bbox 3875 4203 3879 4206; x_wconf 63' lang='lat'><strong>.</strong></span> 
     </span>
    </p>
   </div>
   <div class='ocr_carea' id='block_1_83' title="bbox 2251 4218 3847 4294">
    <p class='ocr_par' dir='ltr' id='par_1_83' title="bbox 2251 4218 3847 4294">
     <span class='ocr_line' id='line_1_83' title="bbox 2251 4218 3847 4294; baseline 0.001 -20"><span class='ocrx_word' id='word_1_608' title='bbox 2251 4223 2286 4293; x_wconf 75' lang='grc' dir='ltr'><strong>ἡ</strong></span> <span class='ocrx_word' id='word_1_609' title='bbox 2311 4220 2528 4293; x_wconf 83' lang='grc' dir='ltr'>πρώτη.</span> <span class='ocrx_word' id='word_1_610' title='bbox 2559 4221 2834 4290; x_wconf 80' lang='grc' dir='ltr'>Λέγουσιν</span> <span class='ocrx_word' id='word_1_611' title='bbox 2856 4218 2974 4288; x_wconf 85' lang='grc' dir='ltr'>οὖν,</span> <span class='ocrx_word' id='word_1_612' title='bbox 3011 4221 3118 4275; x_wconf 87' lang='grc' dir='ltr'>Τοῦ</span> <span class='ocrx_word' id='word_1_613' title='bbox 3147 4222 3304 4290; x_wconf 81' lang='grc' dir='ltr'>ἁγίου</span> <span class='ocrx_word' id='word_1_614' title='bbox 3355 4221 3631 4294; x_wconf 85' lang='grc' dir='ltr'>Κυρίλλου</span> <span class='ocrx_word' id='word_1_615' title='bbox 3668 4223 3847 4276; x_wconf 86' lang='grc' dir='ltr'>ταῦτα</span> 
     </span>
    </p>
   </div>
   <div class='ocr_carea' id='block_1_84' title="bbox 2251 4313 3846 4385">
    <p class='ocr_par' dir='ltr' id='par_1_84' title="bbox 2251 4313 3846 4385">
     <span class='ocr_line' id='line_1_84' title="bbox 2251 4313 3846 4385; baseline 0.001 -19"><span class='ocrx_word' id='word_1_616' title='bbox 2251 4313 2522 4379; x_wconf 88' lang='grc' dir='ltr'>είπόντος,</span> <span class='ocrx_word' id='word_1_617' title='bbox 2577 4315 2612 4385; x_wconf 81' lang='grc' dir='ltr'><strong>ἡ</strong></span> <span class='ocrx_word' id='word_1_618' title='bbox 2660 4314 2881 4378; x_wconf 83' lang='grc' dir='ltr'>σύνοδος</span> <span class='ocrx_word' id='word_1_619' title='bbox 2954 4315 3266 4368; x_wconf 78' lang='grc' dir='ltr'>ἀπεδάλετο</span> <span class='ocrx_word' id='word_1_620' title='bbox 3322 4317 3486 4380; x_wconf 84' lang='grc' dir='ltr'>αὑτὰ,</span> <span class='ocrx_word' id='word_1_621' title='bbox 3546 4315 3644 4370; x_wconf 82' lang='grc' dir='ltr'>καὶ</span> <span class='ocrx_word' id='word_1_622' title='bbox 3687 4317 3846 4370; x_wconf 78' lang='grc' dir='ltr'>οὐδὲν</span> 
     </span>
    </p>
   </div>
   <div class='ocr_carea' id='block_1_85' title="bbox 2251 4400 3844 4477">
    <p class='ocr_par' dir='ltr' id='par_1_85' title="bbox 2251 4400 3844 4477">
     <span class='ocr_line' id='line_1_85' title="bbox 2251 4400 3844 4477; baseline 0.001 -19"><span class='ocrx_word' id='word_1_623' title='bbox 2251 4405 2382 4477; x_wconf 70' lang='grc' dir='ltr'>περὶ</span> <span class='ocrx_word' id='word_1_624' title='bbox 2411 4403 2595 4459; x_wconf 82' lang='grc' dir='ltr'>αὐτῶν</span> <span class='ocrx_word' id='word_1_625' title='bbox 2619 4400 2797 4460; x_wconf 75' lang='grc' dir='ltr'>εἶπεν.</span> <span class='ocrx_word' id='word_1_626' title='bbox 2849 4404 2966 4458; x_wconf 81' lang='grc' dir='ltr'><strong>Ἑνὶ</strong></span> <span class='ocrx_word' id='word_1_627' title='bbox 2997 4404 3056 4458; x_wconf 87' lang='grc' dir='ltr'>δὲ</span> <span class='ocrx_word' id='word_1_628' title='bbox 3102 4405 3249 4477; x_wconf 84' lang='grc' dir='ltr'>λόγῳ</span> <span class='ocrx_word' id='word_1_629' title='bbox 3291 4405 3467 4460; x_wconf 89' lang='grc' dir='ltr'>ταῦτα</span> <span class='ocrx_word' id='word_1_630' title='bbox 3493 4407 3672 4461; x_wconf 86' lang='grc' dir='ltr'>πάντα</span> <span class='ocrx_word' id='word_1_631' title='bbox 3705 4409 3844 4460; x_wconf 84' lang='grc' dir='ltr'>ἀνα-</span> 
     </span>
    </p>
   </div>
   <div class='ocr_carea' id='block_1_86' title="bbox 2249 4495 3845 4570">
    <p class='ocr_par' dir='ltr' id='par_1_86' title="bbox 2249 4495 3845 4570">
     <span class='ocr_line' id='line_1_86' title="bbox 2249 4495 3845 4570; baseline 0.001 -19"><span class='ocrx_word' id='word_1_632' title='bbox 2249 4496 2551 4568; x_wconf 85' lang='grc' dir='ltr'>τρέπομεν,</span> <span class='ocrx_word' id='word_1_633' title='bbox 2581 4498 2666 4551; x_wconf 85' lang='grc' dir='ltr'><strong>δτι</strong></span> <span class='ocrx_word' id='word_1_634' title='bbox 2691 4497 2767 4561; x_wconf 81' lang='grc' dir='ltr'><strong>ὡς</strong></span> <span class='ocrx_word' id='word_1_635' title='bbox 2792 4495 2950 4550; x_wconf 86' lang='grc' dir='ltr'>κοινὰ</span> <span class='ocrx_word' id='word_1_636' title='bbox 2976 4495 3108 4551; x_wconf 75' lang='grc' dir='ltr'>ὄντα</span> <span class='ocrx_word' id='word_1_637' title='bbox 3130 4498 3227 4551; x_wconf 84' lang='grc' dir='ltr'>καὶ</span> <span class='ocrx_word' id='word_1_638' title='bbox 3251 4498 3663 4569; x_wconf 82' lang='grc' dir='ltr'>ὁμολογούμενα</span> <span class='ocrx_word' id='word_1_639' title='bbox 3697 4515 3845 4570; x_wconf 86' lang='grc' dir='ltr'>παρ-</span> 
     </span>
    </p>
   </div>
   <div class='ocr_carea' id='block_1_87' title="bbox 2251 4589 3844 4663">
    <p class='ocr_par' dir='ltr' id='par_1_87' title="bbox 2251 4589 3844 4663">
     <span class='ocr_line' id='line_1_87' title="bbox 2251 4589 3844 4663; baseline 0.001 -19"><span class='ocrx_word' id='word_1_640' title='bbox 2251 4590 2435 4644; x_wconf 88' lang='grc' dir='ltr'>είασεν</span> <span class='ocrx_word' id='word_1_641' title='bbox 2483 4590 2625 4644; x_wconf 82' lang='grc' dir='ltr'>αὑτὰ</span> <span class='ocrx_word' id='word_1_642' title='bbox 2658 4591 2692 4661; x_wconf 85' lang='grc' dir='ltr'><strong>ή</strong></span> <span class='ocrx_word' id='word_1_643' title='bbox 2743 4589 2965 4655; x_wconf 88' lang='grc' dir='ltr'>σύνοδος</span> <span class='ocrx_word' id='word_1_644' title='bbox 2999 4606 3015 4620; x_wconf 87' lang='grc'><strong>·</strong></span> <span class='ocrx_word' id='word_1_645' title='bbox 3053 4589 3193 4663; x_wconf 81' lang='grc' dir='ltr'>πρὸς</span> <span class='ocrx_word' id='word_1_646' title='bbox 3231 4590 3449 4661; x_wconf 79' lang='grc' dir='ltr'>Εὐτυχῆ</span> <span class='ocrx_word' id='word_1_647' title='bbox 3492 4592 3601 4662; x_wconf 86' lang='grc' dir='ltr'>γὰρ</span> <span class='ocrx_word' id='word_1_648' title='bbox 3630 4591 3723 4646; x_wconf 76' lang='grc' dir='ltr'><strong>τὸν</strong></span> <span class='ocrx_word' id='word_1_649' title='bbox 3751 4589 3844 4646; x_wconf 84' lang='grc' dir='ltr'>λό-</span> 
     </span>
    </p>
   </div>
   <div class='ocr_carea' id='block_1_88' title="bbox 2252 4680 3845 4755">
    <p class='ocr_par' dir='ltr' id='par_1_88' title="bbox 2252 4680 3845 4755">
     <span class='ocr_line' id='line_1_88' title="bbox 2252 4680 3845 4755; baseline -0.001 -19"><span class='ocrx_word' id='word_1_650' title='bbox 2252 4698 2349 4752; x_wconf 90' lang='grc' dir='ltr'><strong>γον</strong></span> <span class='ocrx_word' id='word_1_651' title='bbox 2397 4683 2658 4745; x_wconf 84' lang='grc' dir='ltr'>ὲποιεῖτο,</span> <span class='ocrx_word' id='word_1_652' title='bbox 2692 4681 2844 4745; x_wconf 81' lang='grc' dir='ltr'>ὅστις</span> <span class='ocrx_word' id='word_1_653' title='bbox 2872 4682 2950 4746; x_wconf 26' lang='grc' dir='ltr'>,ὲκ</span> <span class='ocrx_word' id='word_1_654' title='bbox 2990 4681 3287 4752; x_wconf 82' lang='grc' dir='ltr'>διαμέτρου</span> <span class='ocrx_word' id='word_1_655' title='bbox 3319 4680 3397 4752; x_wconf 83' lang='grc' dir='ltr'>τῷ</span> <span class='ocrx_word' id='word_1_656' title='bbox 3430 4683 3710 4755; x_wconf 79' lang='grc' dir='ltr'>Νεστορίῳ</span> <span class='ocrx_word' id='word_1_657' title='bbox 3738 4699 3845 4752; x_wconf 81' lang='grc' dir='ltr'>μα·</span> 
     </span>
    </p>
   </div>
   <div class='ocr_carea' id='block_1_89' title="bbox 563 4771 2149 4870">
    <p class='ocr_par' dir='ltr' id='par_1_89' title="bbox 563 4771 2146 4842">
     <span class='ocr_line' id='line_1_89' title="bbox 563 4771 2146 4842; baseline 0.003 -16"><span class='ocrx_word' id='word_1_658' title='bbox 563 4773 678 4839; x_wconf 89' lang='lat' dir='ltr'><strong>illa,</strong></span> <span class='ocrx_word' id='word_1_659' title='bbox 730 4772 889 4842; x_wconf 91' lang='lat' dir='ltr'><strong>quasi</strong></span> <span class='ocrx_word' id='word_1_660' title='bbox 920 4771 1238 4827; x_wconf 88' lang='lat' dir='ltr'><strong>communia</strong></span> <span class='ocrx_word' id='word_1_661' title='bbox 1275 4781 1334 4827; x_wconf 90' lang='lat' dir='ltr'><strong>et</strong></span> <span class='ocrx_word' id='word_1_662' title='bbox 1362 4771 1419 4826; x_wconf 91' lang='lat' dir='ltr'><strong>in</strong></span> <span class='ocrx_word' id='word_1_663' title='bbox 1455 4771 1709 4828; x_wconf 81' lang='lat' dir='ltr'><strong>confesso</strong></span> <span class='ocrx_word' id='word_1_664' title='bbox 1735 4783 1960 4840; x_wconf 87' lang='lat' dir='ltr'><strong>essent,</strong></span> <span class='ocrx_word' id='word_1_665' title='bbox 2009 4775 2146 4830; x_wconf 82' lang='lat' dir='ltr'><strong>omi-</strong></span> 
     </span>
    </p>
   </div>
   <div class='ocr_carea' id='block_1_90' title="bbox 2252 4771 3843 4870">
    <p class='ocr_par' dir='ltr' id='par_1_90' title="bbox 2253 4773 3843 4848">
     <span class='ocr_line' id='line_1_90' title="bbox 2253 4773 3843 4848; baseline -0.001 -19"><span class='ocrx_word' id='word_1_666' title='bbox 2253 4776 2508 4848; x_wconf 87' lang='grc' dir='ltr'>χόμενος,</span> <span class='ocrx_word' id='word_1_667' title='bbox 2543 4774 2790 4843; x_wconf 82' lang='grc' dir='ltr'>δηλονότι</span> <span class='ocrx_word' id='word_1_668' title='bbox 2829 4775 2926 4828; x_wconf 71' lang='grc' dir='ltr'><strong>καὶ</strong></span> <span class='ocrx_word' id='word_1_669' title='bbox 2954 4775 3130 4828; x_wconf 89' lang='grc' dir='ltr'>ταῦτα</span> <span class='ocrx_word' id='word_1_670' title='bbox 3171 4775 3469 4846; x_wconf 84' lang='grc' dir='ltr'>ὡμολόγει.</span> <span class='ocrx_word' id='word_1_671' title='bbox 3507 4777 3618 4830; x_wconf 77' lang='grc' dir='ltr'><strong>Καὶ</strong></span> <span class='ocrx_word' id='word_1_672' title='bbox 3647 4775 3749 4828; x_wconf 90' lang='grc' dir='ltr'><strong>οὑκ</strong></span> <span class='ocrx_word' id='word_1_673' title='bbox 3783 4773 3843 4841; x_wconf 70' lang='grc' dir='ltr'><strong>ἐξ</strong></span> 
     </span>
    </p>
   </div>
   <div class='ocr_carea' id='block_1_91' title="bbox 562 4862 2149 4938">
    <p class='ocr_par' dir='ltr' id='par_1_91' title="bbox 562 4862 2146 4936">
     <span class='ocr_line' id='line_1_91' title="bbox 562 4862 2146 4936; baseline 0 -15"><span class='ocrx_word' id='word_1_674' title='bbox 562 4865 701 4921; x_wconf 88' lang='lat' dir='ltr'><strong>sisse</strong></span> <span class='ocrx_word' id='word_1_675' title='bbox 730 4881 745 4920; x_wconf 91' lang='lat'><strong>:</strong></span> <span class='ocrx_word' id='word_1_676' title='bbox 772 4879 901 4919; x_wconf 89' lang='lat' dir='ltr'><strong>nam</strong></span> <span class='ocrx_word' id='word_1_677' title='bbox 935 4863 1199 4919; x_wconf 90' lang='lat' dir='ltr'><strong>adversus</strong></span> <span class='ocrx_word' id='word_1_678' title='bbox 1227 4863 1535 4936; x_wconf 86' lang='lat' dir='ltr'><strong>Eutychem</strong></span> <span class='ocrx_word' id='word_1_679' title='bbox 1564 4862 1892 4930; x_wconf 89' lang='lat' dir='ltr'><strong>disserebat,</strong></span> <span class='ocrx_word' id='word_1_680' title='bbox 1937 4865 2033 4935; x_wconf 92' lang='lat' dir='ltr'><strong>qui</strong></span> <span class='ocrx_word' id='word_1_681' title='bbox 2077 4880 2146 4920; x_wconf 80' lang='lat' dir='ltr'><strong>ex</strong></span> 
     </span>
    </p>
   </div>
   <div class='ocr_carea' id='block_1_92' title="bbox 2252 4862 3840 4938">
    <p class='ocr_par' dir='ltr' id='par_1_92' title="bbox 2253 4865 3840 4938">
     <span class='ocr_line' id='line_1_92' title="bbox 2253 4865 3840 4938; baseline -0.002 -16"><span class='ocrx_word' id='word_1_682' title='bbox 2253 4868 2502 4938; x_wconf 84' lang='grc' dir='ltr'>ἀνάγκης</span> <span class='ocrx_word' id='word_1_683' title='bbox 2522 4867 2605 4933; x_wconf 86' lang='grc' dir='ltr'><strong>δεῖ</strong></span> <span class='ocrx_word' id='word_1_684' title='bbox 2635 4865 2706 4920; x_wconf 79' lang='grc' dir='ltr'><strong>τὰ</strong></span> <span class='ocrx_word' id='word_1_685' title='bbox 2739 4865 3153 4938; x_wconf 83' lang='grc' dir='ltr'>ὁμολογούμενα</span> <span class='ocrx_word' id='word_1_686' title='bbox 3185 4865 3410 4930; x_wconf 85' lang='grc' dir='ltr'>πάντως</span> <span class='ocrx_word' id='word_1_687' title='bbox 3461 4866 3702 4921; x_wconf 82' lang='grc' dir='ltr'>τιθέναι·</span> <span class='ocrx_word' id='word_1_688' title='bbox 3722 4865 3840 4921; x_wconf 80' lang='grc' dir='ltr'>ἀλλ’</span> 
     </span>
    </p>
   </div>
   <div class='ocr_carea' id='block_1_93' title="bbox 561 4953 2146 5025">
    <p class='ocr_par' dir='ltr' id='par_1_93' title="bbox 561 4953 2146 5025">
     <span class='ocr_line' id='line_1_93' title="bbox 561 4953 2146 5025; baseline -0.001 -13"><span class='ocrx_word' id='word_1_689' title='bbox 561 4957 837 5012; x_wconf 89' lang='lat' dir='ltr'><strong>diametro</strong></span> <span class='ocrx_word' id='word_1_690' title='bbox 867 4970 994 5011; x_wconf 90' lang='lat' dir='ltr'><strong>cum</strong></span> <span class='ocrx_word' id='word_1_691' title='bbox 1017 4955 1274 5012; x_wconf 88' lang='lat' dir='ltr'><strong>Nestorio</strong></span> <span class='ocrx_word' id='word_1_692' title='bbox 1304 4969 1557 5025; x_wconf 88' lang='lat' dir='ltr'><strong>pugnans</strong></span> <span class='ocrx_word' id='word_1_693' title='bbox 1576 4993 1592 5018; x_wconf 91' lang='lat'><strong>,</strong></span> <span class='ocrx_word' id='word_1_694' title='bbox 1622 4962 1680 5009; x_wconf 87' lang='lat' dir='ltr'><strong>et</strong></span> <span class='ocrx_word' id='word_1_695' title='bbox 1716 4953 1820 5009; x_wconf 87' lang='lat' dir='ltr'><strong>ista</strong></span> <span class='ocrx_word' id='word_1_696' title='bbox 1845 4955 1986 5010; x_wconf 88' lang='lat' dir='ltr'><strong>citra</strong></span> <span class='ocrx_word' id='word_1_697' title='bbox 2008 4969 2146 5011; x_wconf 87' lang='lat' dir='ltr'><strong>con-</strong></span> 
     </span>
    </p>
   </div>
   <div class='ocr_carea' id='block_1_94' title="bbox 562 5047 2144 5115">
    <p class='ocr_par' dir='ltr' id='par_1_94' title="bbox 562 5047 2144 5115">
     <span class='ocr_line' id='line_1_94' title="bbox 562 5047 2144 5115; baseline -0.003 -9"><span class='ocrx_word' id='word_1_698' title='bbox 562 5051 888 5106; x_wconf 87' lang='lat' dir='ltr'><strong>troversiam</strong></span> <span class='ocrx_word' id='word_1_699' title='bbox 924 5048 1221 5105; x_wconf 82' lang='lat' dir='ltr'><strong>fatebatur.</strong></span> <span class='ocrx_word' id='word_1_700' title='bbox 1251 5047 1373 5103; x_wconf 90' lang='lat' dir='ltr'><strong>Non</strong></span> <span class='ocrx_word' id='word_1_701' title='bbox 1409 5062 1497 5104; x_wconf 78' lang='grc' dir='ltr'><strong>εει</strong></span> <span class='ocrx_word' id='word_1_702' title='bbox 1531 5057 1718 5103; x_wconf 89' lang='lat' dir='ltr'><strong>autem</strong></span> <span class='ocrx_word' id='word_1_703' title='bbox 1744 5047 2144 5115; x_wconf 86' lang='lat' dir='ltr'><strong>necessarium,</strong></span> 
     </span>
    </p>
   </div>
   <div class='ocr_carea' id='block_1_95' title="bbox 563 5137 2151 5212">
    <p class='ocr_par' dir='ltr' id='par_1_95' title="bbox 563 5137 2151 5212">
     <span class='ocr_line' id='line_1_95' title="bbox 563 5137 2151 5212; baseline -0.003 -16"><span class='ocrx_word' id='word_1_704' title='bbox 563 5151 624 5196; x_wconf 89' lang='lat' dir='ltr'><strong>ut</strong></span> <span class='ocrx_word' id='word_1_705' title='bbox 653 5158 774 5212; x_wconf 82' lang='lat' dir='ltr'><strong>quae</strong></span> <span class='ocrx_word' id='word_1_706' title='bbox 796 5141 1048 5197; x_wconf 81' lang='lat' dir='ltr'><strong>confessa</strong></span> <span class='ocrx_word' id='word_1_707' title='bbox 1082 5147 1234 5204; x_wconf 88' lang='lat' dir='ltr'><strong>sunt,</strong></span> <span class='ocrx_word' id='word_1_708' title='bbox 1268 5138 1498 5194; x_wconf 90' lang='lat' dir='ltr'><strong>omnino</strong></span> <span class='ocrx_word' id='word_1_709' title='bbox 1528 5145 1809 5208; x_wconf 89' lang='lat' dir='ltr'><strong>ponantur</strong></span> <span class='ocrx_word' id='word_1_710' title='bbox 1841 5156 1854 5193; x_wconf 91' lang='lat'><strong>:</strong></span> <span class='ocrx_word' id='word_1_711' title='bbox 1890 5137 1989 5193; x_wconf 91' lang='lat' dir='ltr'><strong>sed</strong></span> <span class='ocrx_word' id='word_1_712' title='bbox 2016 5138 2151 5194; x_wconf 89' lang='lat' dir='ltr'><strong>licet</strong></span> 
     </span>
    </p>
   </div>
   <div class='ocr_carea' id='block_1_96' title="bbox 551 5231 2151 5304">
    <p class='ocr_par' dir='ltr' id='par_1_96' title="bbox 551 5231 2151 5304">
     <span class='ocr_line' id='line_1_96' title="bbox 551 5231 2151 5304; baseline -0.001 -16"><span class='ocrx_word' id='word_1_713' title='bbox 551 5249 626 5288; x_wconf 85' lang='lat' dir='ltr'><strong>ea</strong></span> <span class='ocrx_word' id='word_1_714' title='bbox 666 5248 1064 5304; x_wconf 88' lang='lat' dir='ltr'><strong>nonnunquam</strong></span> <span class='ocrx_word' id='word_1_715' title='bbox 1087 5233 1369 5288; x_wconf 87' lang='lat' dir='ltr'><strong>omittere.</strong></span> <span class='ocrx_word' id='word_1_716' title='bbox 1402 5231 1549 5287; x_wconf 86' lang='lat' dir='ltr'><strong>Satis</strong></span> <span class='ocrx_word' id='word_1_717' title='bbox 1576 5232 1682 5287; x_wconf 89' lang='lat' dir='ltr'><strong>hoc</strong></span> <span class='ocrx_word' id='word_1_718' title='bbox 1711 5231 1906 5302; x_wconf 86' lang='lat' dir='ltr'><strong>synodi</strong></span> <span class='ocrx_word' id='word_1_719' title='bbox 1934 5231 2151 5302; x_wconf 86' lang='lat' dir='ltr'><strong>priores</strong></span> 
     </span>
    </p>
   </div>
   <div class='ocr_carea' id='block_1_97' title="bbox 552 5322 2148 5394">
    <p class='ocr_par' dir='ltr' id='par_1_97' title="bbox 552 5322 2148 5394">
     <span class='ocr_line' id='line_1_97' title="bbox 552 5322 2148 5394; baseline 0 -15"><span class='ocrx_word' id='word_1_720' title='bbox 552 5324 890 5389; x_wconf 87' lang='lat' dir='ltr'><strong>ostendunt,</strong></span> <span class='ocrx_word' id='word_1_721' title='bbox 925 5339 1048 5394; x_wconf 67' lang='lat' dir='ltr'><strong>quae</strong></span> <span class='ocrx_word' id='word_1_722' title='bbox 1077 5324 1348 5394; x_wconf 89' lang='lat' dir='ltr'><strong>pleraque</strong></span> <span class='ocrx_word' id='word_1_723' title='bbox 1368 5322 1620 5379; x_wconf 83' lang='lat' dir='ltr'><strong>confessa</strong></span> <span class='ocrx_word' id='word_1_724' title='bbox 1651 5322 1707 5377; x_wconf 92' lang='lat' dir='ltr'><strong>in</strong></span> <span class='ocrx_word' id='word_1_725' title='bbox 1728 5323 1986 5392; x_wconf 91' lang='lat' dir='ltr'><strong>pluribus</strong></span> <span class='ocrx_word' id='word_1_726' title='bbox 2006 5325 2148 5379; x_wconf 91' lang='lat' dir='ltr'><strong>omi-</strong></span> 
     </span>
    </p>
   </div>
   <div class='ocr_carea' id='block_1_98' title="bbox 564 5415 2150 5490">
    <p class='ocr_par' dir='ltr' id='par_1_98' title="bbox 564 5415 2150 5490">
     <span class='ocr_line' id='line_1_98' title="bbox 564 5415 2150 5490; baseline -0.001 -17"><span class='ocrx_word' id='word_1_727' title='bbox 564 5427 776 5473; x_wconf 88' lang='lat' dir='ltr'><strong>serunt.</strong></span> <span class='ocrx_word' id='word_1_728' title='bbox 808 5417 1021 5473; x_wconf 92' lang='lat' dir='ltr'><strong>Deinde</strong></span> <span class='ocrx_word' id='word_1_729' title='bbox 1055 5416 1329 5489; x_wconf 85' lang='lat' dir='ltr'><strong>synodum</strong></span> <span class='ocrx_word' id='word_1_730' title='bbox 1361 5416 1554 5470; x_wconf 84' lang='lat' dir='ltr'><strong>multis</strong></span> <span class='ocrx_word' id='word_1_731' title='bbox 1582 5415 1640 5470; x_wconf 91' lang='lat' dir='ltr'><strong>in</strong></span> <span class='ocrx_word' id='word_1_732' title='bbox 1673 5415 1817 5470; x_wconf 87' lang='lat' dir='ltr'><strong>locis</strong></span> <span class='ocrx_word' id='word_1_733' title='bbox 1848 5431 2014 5470; x_wconf 88' lang='lat' dir='ltr'><strong>unam</strong></span> <span class='ocrx_word' id='word_1_734' title='bbox 2051 5417 2150 5490; x_wconf 83' lang='lat' dir='ltr'><strong>hy-</strong></span> 
     </span>
    </p>
   </div>
   <div class='ocr_carea' id='block_1_99' title="bbox 2252 4957 3843 5030">
    <p class='ocr_par' dir='ltr' id='par_1_99' title="bbox 2252 4957 3843 5030">
     <span class='ocr_line' id='line_1_99' title="bbox 2252 4957 3843 5030; baseline -0.002 -16"><span class='ocrx_word' id='word_1_735' title='bbox 2252 4959 2400 5014; x_wconf 75' lang='grc' dir='ltr'>έστιν</span> <span class='ocrx_word' id='word_1_736' title='bbox 2422 4958 2592 5013; x_wconf 77' lang='grc' dir='ltr'>ἐνίοτε</span> <span class='ocrx_word' id='word_1_737' title='bbox 2609 4957 3078 5030; x_wconf 85' lang='grc' dir='ltr'>παραλιμπάνειν.</span> <span class='ocrx_word' id='word_1_738' title='bbox 3098 4959 3208 5014; x_wconf 76' lang='grc' dir='ltr'><strong>Καὶ</strong></span> <span class='ocrx_word' id='word_1_739' title='bbox 3227 4957 3482 5030; x_wconf 87' lang='grc' dir='ltr'>δηλοῦσιν</span> <span class='ocrx_word' id='word_1_740' title='bbox 3501 4959 3557 5012; x_wconf 93' lang='grc' dir='ltr'><strong>αί</strong></span> <span class='ocrx_word' id='word_1_741' title='bbox 3577 4957 3843 5030; x_wconf 84' lang='grc' dir='ltr'>πρότεραι</span> 
     </span>
    </p>
   </div>
   <div class='ocr_carea' id='block_1_100' title="bbox 2253 5049 3842 5122">
    <p class='ocr_par' dir='ltr' id='par_1_100' title="bbox 2253 5049 3842 5122">
     <span class='ocr_line' id='line_1_100' title="bbox 2253 5049 3842 5122; baseline -0.003 -16"><span class='ocrx_word' id='word_1_742' title='bbox 2253 5051 2488 5117; x_wconf 83' lang='grc' dir='ltr'>σύνοδοι,</span> <span class='ocrx_word' id='word_1_743' title='bbox 2516 5050 2690 5105; x_wconf 86' lang='grc' dir='ltr'>πολλὰ</span> <span class='ocrx_word' id='word_1_744' title='bbox 2717 5050 2828 5105; x_wconf 86' lang='grc' dir='ltr'><strong>τῶν</strong></span> <span class='ocrx_word' id='word_1_745' title='bbox 2857 5051 3305 5122; x_wconf 83' lang='grc' dir='ltr'>ὁμολογουμένων</span> <span class='ocrx_word' id='word_1_746' title='bbox 3325 5052 3385 5105; x_wconf 71' lang='grc' dir='ltr'><strong>έν</strong></span> <span class='ocrx_word' id='word_1_747' title='bbox 3422 5049 3639 5114; x_wconf 79' lang='grc' dir='ltr'>πολλοῖς</span> <span class='ocrx_word' id='word_1_748' title='bbox 3665 5066 3842 5122; x_wconf 87' lang='grc' dir='ltr'>παρα-</span> 
     </span>
    </p>
   </div>
   <div class='ocr_carea' id='block_1_101' title="bbox 2247 5142 3838 5215">
    <p class='ocr_par' dir='ltr' id='par_1_101' title="bbox 2247 5142 3838 5215">
     <span class='ocr_line' id='line_1_101' title="bbox 2247 5142 3838 5215; baseline -0.003 -17"><span class='ocrx_word' id='word_1_749' title='bbox 2247 5144 2526 5215; x_wconf 79' lang='grc' dir='ltr'>λείψασαι.</span> <span class='ocrx_word' id='word_1_750' title='bbox 2556 5143 2792 5198; x_wconf 84' lang='grc' dir='ltr'>Ἔπειτα</span> <span class='ocrx_word' id='word_1_751' title='bbox 2828 5142 3159 5214; x_wconf 86' lang='grc' dir='ltr'>εὑρίσκομεν</span> <span class='ocrx_word' id='word_1_752' title='bbox 3198 5144 3257 5198; x_wconf 82' lang='grc' dir='ltr'>ὲν</span> <span class='ocrx_word' id='word_1_753' title='bbox 3283 5142 3501 5208; x_wconf 84' lang='grc' dir='ltr'>πολλοῖς</span> <span class='ocrx_word' id='word_1_754' title='bbox 3530 5143 3720 5199; x_wconf 79' lang='grc' dir='ltr'>τόποις</span> <span class='ocrx_word' id='word_1_755' title='bbox 3744 5143 3838 5213; x_wconf 80' lang='grc' dir='ltr'>τὴν</span> 
     </span>
    </p>
   </div>
   <div class='ocr_carea' id='block_1_102' title="bbox 2249 5221 3833 5304">
    <p class='ocr_par' dir='ltr' id='par_1_102' title="bbox 2249 5221 3833 5304">
     <span class='ocr_line' id='line_1_102' title="bbox 2249 5221 3833 5304; baseline -0.004 -15"><span class='ocrx_word' id='word_1_756' title='bbox 2249 5235 2467 5290; x_wconf 89' lang='grc' dir='ltr'>σύνοδον</span> <span class='ocrx_word' id='word_1_757' title='bbox 2500 5233 2783 5300; x_wconf 86' lang='grc' dir='ltr'>είπυῦσαν,</span> <span class='ocrx_word' id='word_1_758' title='bbox 2809 5233 2940 5304; x_wconf 92' lang='grc' dir='ltr'>μίαν</span> <span class='ocrx_word' id='word_1_759' title='bbox 2969 5233 3292 5299; x_wconf 90' lang='grc' dir='ltr'>ὑπόστασιν,</span> <span class='ocrx_word' id='word_1_760' title='bbox 3321 5232 3416 5287; x_wconf 77' lang='grc' dir='ltr'><strong>καὶ</strong></span> <span class='ocrx_word' id='word_1_761' title='bbox 3439 5231 3498 5285; x_wconf 81' lang='grc' dir='ltr'>ἓν</span> <span class='ocrx_word' id='word_1_762' title='bbox 3520 5221 3833 5303; x_wconf 86' lang='grc' dir='ltr'>πρόσωπον·</span> 
     </span>
    </p>
   </div>
   <div class='ocr_carea' id='block_1_103' title="bbox 2245 5323 3840 5401">
    <p class='ocr_par' dir='ltr' id='par_1_103' title="bbox 2245 5323 3840 5401">
     <span class='ocr_line' id='line_1_103' title="bbox 2245 5323 3840 5401; baseline -0.006 -17"><span class='ocrx_word' id='word_1_763' title='bbox 2245 5331 2384 5401; x_wconf 84' lang='grc' dir='ltr'>ὅπερ</span> <span class='ocrx_word' id='word_1_764' title='bbox 2420 5329 2573 5382; x_wconf 81' lang='grc' dir='ltr'>οὐδὲν</span> <span class='ocrx_word' id='word_1_765' title='bbox 2600 5326 2787 5398; x_wconf 72' lang='grc' dir='ltr'>ἕτερόν</span> <span class='ocrx_word' id='word_1_766' title='bbox 2819 5327 2967 5379; x_wconf 72' lang='grc' dir='ltr'>ἐστιν</span> <span class='ocrx_word' id='word_1_767' title='bbox 2996 5326 3194 5390; x_wconf 82' lang='grc' dir='ltr'>εἰπεῖν,</span> <span class='ocrx_word' id='word_1_768' title='bbox 3225 5328 3273 5379; x_wconf 86' lang='grc' dir='ltr'><strong>εί</strong></span> <span class='ocrx_word' id='word_1_769' title='bbox 3303 5325 3382 5398; x_wconf 75' lang='grc' dir='ltr'>μὴ</span> <span class='ocrx_word' id='word_1_770' title='bbox 3416 5325 3515 5398; x_wconf 79' lang='grc' dir='ltr'>τὴν</span> <span class='ocrx_word' id='word_1_771' title='bbox 3547 5323 3670 5378; x_wconf 82' lang='grc' dir='ltr'>καθ’</span> <span class='ocrx_word' id='word_1_772' title='bbox 3707 5323 3840 5376; x_wconf 83' lang='grc' dir='ltr'>ὑπό·-</span> 
     </span>
    </p>
   </div>
   <div class='ocr_carea' id='block_1_104' title="bbox 2248 5419 2679 5487">
    <p class='ocr_par' dir='ltr' id='par_1_104' title="bbox 2248 5419 2679 5487">
     <span class='ocr_line' id='line_1_104' title="bbox 2248 5419 2679 5487; baseline -0.007 -12"><span class='ocrx_word' id='word_1_773' title='bbox 2248 5437 2438 5487; x_wconf 89' lang='grc' dir='ltr'>στασιν</span> <span class='ocrx_word' id='word_1_774' title='bbox 2460 5419 2679 5472; x_wconf 79' lang='grc' dir='ltr'>ένωσιν.</span> 
     </span>
    </p>
   </div>
   <div class='ocr_carea' id='block_1_105' title="bbox 564 5509 3838 5592">
    <p class='ocr_par' dir='ltr' id='par_1_105' title="bbox 564 5509 3838 5592">
     <span class='ocr_line' id='line_1_105' title="bbox 564 5509 3838 5592; baseline -0.002 -22"><span class='ocrx_word' id='word_1_775' title='bbox 564 5515 1091 5588; x_wconf 77' lang='lat' dir='ltr'><strong>postasin,etunam</strong></span> <span class='ocrx_word' id='word_1_776' title='bbox 1113 5528 1406 5584; x_wconf 87' lang='lat' dir='ltr'><strong>personam</strong></span> <span class='ocrx_word' id='word_1_777' title='bbox 1425 5512 1632 5568; x_wconf 80' lang='lat' dir='ltr'><strong>dixisse</strong></span> <span class='ocrx_word' id='word_1_778' title='bbox 1649 5511 2150 5583; x_wconf 89' lang='lat' dir='ltr'><strong>deprehendimus:</strong></span> <span class='ocrx_word' id='word_1_779' title='bbox 2191 5518 2341 5592; x_wconf 88' lang='lat' dir='ltr'><strong>quod</strong></span> <span class='ocrx_word' id='word_1_780' title='bbox 2367 5515 2509 5572; x_wconf 87' lang='lat' dir='ltr'><strong>nihil</strong></span> <span class='ocrx_word' id='word_1_781' title='bbox 2537 5522 2622 5570; x_wconf 88' lang='lat' dir='ltr'><strong>est</strong></span> <span class='ocrx_word' id='word_1_782' title='bbox 2680 5510 2829 5567; x_wconf 90' lang='lat' dir='ltr'><strong>aliud</strong></span> <span class='ocrx_word' id='word_1_783' title='bbox 2860 5511 3050 5567; x_wconf 90' lang='lat' dir='ltr'><strong>dicere</strong></span> <span class='ocrx_word' id='word_1_784' title='bbox 3074 5551 3092 5578; x_wconf 94' lang='lat'><strong>,</strong></span> <span class='ocrx_word' id='word_1_785' title='bbox 3137 5525 3302 5582; x_wconf 89' lang='lat' dir='ltr'><strong>quam</strong></span> <span class='ocrx_word' id='word_1_786' title='bbox 3369 5511 3634 5566; x_wconf 88' lang='lat' dir='ltr'><strong>unionem</strong></span> <span class='ocrx_word' id='word_1_787' title='bbox 3665 5509 3838 5582; x_wconf 84' lang='lat' dir='ltr'><strong>hypo-</strong></span> 
     </span>
    </p>
   </div>
   <div class='ocr_carea' id='block_1_106' title="bbox 565 5608 845 5665">
    <p class='ocr_par' dir='ltr' id='par_1_106' title="bbox 565 5608 845 5665">
     <span class='ocr_line' id='line_1_106' title="bbox 565 5608 845 5665; baseline 0 -2"><span class='ocrx_word' id='word_1_788' title='bbox 565 5608 845 5665; x_wconf 89' lang='lat' dir='ltr'><strong>staticam.</strong></span> 
     </span>
    </p>
   </div>
   <div class='ocr_carea' id='block_1_107' title="bbox 634 5701 2146 5774">
    <p class='ocr_par' dir='ltr' id='par_1_107' title="bbox 634 5701 2146 5774">
     <span class='ocr_line' id='line_1_107' title="bbox 634 5701 2146 5774; baseline 0.001 -16"><span class='ocrx_word' id='word_1_789' title='bbox 634 5704 702 5758; x_wconf 84' lang='lat' dir='ltr'><strong>ll.</strong></span> <span class='ocrx_word' id='word_1_790' title='bbox 734 5705 803 5759; x_wconf 82' lang='lat' dir='ltr'><strong>Et</strong></span> <span class='ocrx_word' id='word_1_791' title='bbox 831 5703 950 5760; x_wconf 71' lang='lat' dir='ltr'><strong>haec</strong></span> <span class='ocrx_word' id='word_1_792' title='bbox 987 5701 1212 5773; x_wconf 87' lang='lat' dir='ltr'><strong>quidem</strong></span> <span class='ocrx_word' id='word_1_793' title='bbox 1242 5713 1373 5758; x_wconf 92' lang='lat' dir='ltr'><strong>sunt</strong></span> <span class='ocrx_word' id='word_1_794' title='bbox 1398 5702 1468 5758; x_wconf 93' lang='lat' dir='ltr'><strong>de</strong></span> <span class='ocrx_word' id='word_1_795' title='bbox 1489 5702 1558 5760; x_wconf 89' lang='lat' dir='ltr'><strong>iis</strong></span> <span class='ocrx_word' id='word_1_796' title='bbox 1577 5717 1702 5774; x_wconf 66' lang='lat' dir='ltr'><strong>quae</strong></span> <span class='ocrx_word' id='word_1_797' title='bbox 1732 5702 1976 5774; x_wconf 91' lang='lat' dir='ltr'><strong>synodus</strong></span> <span class='ocrx_word' id='word_1_798' title='bbox 2003 5706 2146 5760; x_wconf 83' lang='lat' dir='ltr'><strong>omi-</strong></span> 
     </span>
    </p>
   </div>
   <div class='ocr_carea' id='block_1_108' title="bbox 563 5795 2148 5869">
    <p class='ocr_par' dir='ltr' id='par_1_108' title="bbox 563 5795 2148 5869">
     <span class='ocr_line' id='line_1_108' title="bbox 563 5795 2148 5869; baseline 0.002 -18"><span class='ocrx_word' id='word_1_799' title='bbox 563 5795 722 5851; x_wconf 88' lang='lat' dir='ltr'><strong>serit.</strong></span> <span class='ocrx_word' id='word_1_800' title='bbox 755 5795 835 5850; x_wconf 83' lang='lat' dir='ltr'><strong>Ad</strong></span> <span class='ocrx_word' id='word_1_801' title='bbox 865 5795 1177 5851; x_wconf 83' lang='lat' dir='ltr'><strong>faciendum</strong></span> <span class='ocrx_word' id='word_1_802' title='bbox 1211 5811 1346 5851; x_wconf 88' lang='lat' dir='ltr'><strong>vero</strong></span> <span class='ocrx_word' id='word_1_803' title='bbox 1370 5795 1535 5852; x_wconf 84' lang='lat' dir='ltr'><strong>[idem</strong></span> <span class='ocrx_word' id='word_1_804' title='bbox 1563 5796 1806 5868; x_wconf 90' lang='lat' dir='ltr'><strong>dogmati</strong></span> <span class='ocrx_word' id='word_1_805' title='bbox 1831 5811 1933 5853; x_wconf 92' lang='lat' dir='ltr'><strong>suo</strong></span> <span class='ocrx_word' id='word_1_806' title='bbox 1959 5797 2148 5869; x_wconf 82' lang='lat' dir='ltr'><strong>plures</strong></span> 
     </span>
    </p>
   </div>
   <div class='ocr_carea' id='block_1_109' title="bbox 564 5887 2145 5959">
    <p class='ocr_par' dir='ltr' id='par_1_109' title="bbox 564 5887 2145 5959">
     <span class='ocr_line' id='line_1_109' title="bbox 564 5887 2145 5959; baseline 0.004 -19"><span class='ocrx_word' id='word_1_807' title='bbox 564 5887 922 5943; x_wconf 86' lang='lat' dir='ltr'><strong>auctoritates</strong></span> <span class='ocrx_word' id='word_1_808' title='bbox 956 5887 1268 5958; x_wconf 86' lang='lat' dir='ltr'><strong>producunt</strong></span> <span class='ocrx_word' id='word_1_809' title='bbox 1294 5929 1308 5954; x_wconf 89' lang='lat'><strong>,</strong></span> <span class='ocrx_word' id='word_1_810' title='bbox 1355 5901 1591 5959; x_wconf 89' lang='lat' dir='ltr'><strong>quarum</strong></span> <span class='ocrx_word' id='word_1_811' title='bbox 1623 5899 1708 5944; x_wconf 91' lang='lat' dir='ltr'><strong>est</strong></span> <span class='ocrx_word' id='word_1_812' title='bbox 1738 5888 1915 5958; x_wconf 88' lang='lat' dir='ltr'><strong>prima</strong></span> <span class='ocrx_word' id='word_1_813' title='bbox 1943 5929 1958 5956; x_wconf 89' lang='lat'><strong>,</strong></span> <span class='ocrx_word' id='word_1_814' title='bbox 1995 5889 2145 5958; x_wconf 88' lang='lat' dir='ltr'><strong>quod</strong></span> 
     </span>
    </p>
   </div>
   <div class='ocr_carea' id='block_1_110' title="bbox 2325 5692 3838 5774">
    <p class='ocr_par' dir='ltr' id='par_1_110' title="bbox 2325 5692 3838 5774">
     <span class='ocr_line' id='line_1_110' title="bbox 2325 5692 3838 5774; baseline -0.005 -14"><span class='ocrx_word' id='word_1_815' title='bbox 2325 5705 2436 5761; x_wconf 76' lang='grc' dir='ltr'><strong>Καὶ</strong></span> <span class='ocrx_word' id='word_1_816' title='bbox 2464 5704 2638 5760; x_wconf 86' lang='grc' dir='ltr'>ταῦτα</span> <span class='ocrx_word' id='word_1_817' title='bbox 2669 5703 2768 5774; x_wconf 87' lang='grc' dir='ltr'><strong>μέν</strong></span> <span class='ocrx_word' id='word_1_818' title='bbox 2793 5702 2932 5756; x_wconf 87' lang='grc' dir='ltr'>είσιν</span> <span class='ocrx_word' id='word_1_819' title='bbox 2955 5740 2972 5768; x_wconf 96' lang='grc'><strong>,</strong></span> <span class='ocrx_word' id='word_1_820' title='bbox 3017 5700 3112 5771; x_wconf 82' lang='grc' dir='ltr'><strong>ἀφ’</strong></span> <span class='ocrx_word' id='word_1_821' title='bbox 3149 5692 3224 5757; x_wconf 81' lang='grc' dir='ltr'>ὧν</span> <span class='ocrx_word' id='word_1_822' title='bbox 3254 5700 3357 5756; x_wconf 83' lang='grc' dir='ltr'>οὐκ</span> <span class='ocrx_word' id='word_1_823' title='bbox 3385 5696 3527 5758; x_wconf 80' lang='grc' dir='ltr'>εἷπε.</span> <span class='ocrx_word' id='word_1_824' title='bbox 3557 5699 3700 5772; x_wconf 76' lang='grc' dir='ltr'>Πρὸς</span> <span class='ocrx_word' id='word_1_825' title='bbox 3748 5698 3838 5753; x_wconf 86' lang='grc' dir='ltr'>πί-</span> 
     </span>
    </p>
   </div>
   <div class='ocr_carea' id='block_1_111' title="bbox 2255 5793 3837 5866">
    <p class='ocr_par' dir='ltr' id='par_1_111' title="bbox 2255 5793 3837 5866">
     <span class='ocr_line' id='line_1_111' title="bbox 2255 5793 3837 5866; baseline -0.004 -14"><span class='ocrx_word' id='word_1_826' title='bbox 2255 5814 2373 5852; x_wconf 90' lang='grc' dir='ltr'>στιν</span> <span class='ocrx_word' id='word_1_827' title='bbox 2405 5797 2461 5852; x_wconf 82' lang='grc' dir='ltr'>δὲ</span> <span class='ocrx_word' id='word_1_828' title='bbox 2481 5796 2576 5851; x_wconf 86' lang='grc' dir='ltr'><strong>τοῦ</strong></span> <span class='ocrx_word' id='word_1_829' title='bbox 2605 5796 2809 5850; x_wconf 86' lang='grc' dir='ltr'>οίκείου</span> <span class='ocrx_word' id='word_1_830' title='bbox 2858 5793 3132 5865; x_wconf 87' lang='grc' dir='ltr'>δόγματος</span> <span class='ocrx_word' id='word_1_831' title='bbox 3178 5793 3562 5866; x_wconf 81' lang='grc' dir='ltr'>παραφέρουσι</span> <span class='ocrx_word' id='word_1_832' title='bbox 3616 5793 3837 5865; x_wconf 86' lang='grc' dir='ltr'>χρήσεις</span> 
     </span>
    </p>
   </div>
   <div class='ocr_carea' id='block_1_112' title="bbox 2255 5885 3836 5976">
    <p class='ocr_par' dir='ltr' id='par_1_112' title="bbox 2255 5885 3836 5976">
     <span class='ocr_line' id='line_1_112' title="bbox 2255 5885 3836 5976; baseline -0.003 -33"><span class='ocrx_word' id='word_1_833' title='bbox 2255 5887 2456 5954; x_wconf 80' lang='grc' dir='ltr'>πολλάς</span> <span class='ocrx_word' id='word_1_834' title='bbox 2483 5904 2496 5918; x_wconf 90' lang='grc'><strong>·</strong></span> <span class='ocrx_word' id='word_1_835' title='bbox 2523 5888 2622 5971; x_wconf 72' lang='grc' dir='ltr'><strong>καὶ</strong></span> <span class='ocrx_word' id='word_1_836' title='bbox 2658 5886 2847 5961; x_wconf 81' lang='grc' dir='ltr'>πρώτη</span> <span class='ocrx_word' id='word_1_837' title='bbox 2885 5885 2986 5976; x_wconf 83' lang='grc' dir='ltr'>μὲν</span> <span class='ocrx_word' id='word_1_838' title='bbox 3033 5885 3114 5940; x_wconf 80' lang='grc' dir='ltr'>ὅτι</span> <span class='ocrx_word' id='word_1_839' title='bbox 3150 5887 3179 5940; x_wconf 88' lang='grc' dir='ltr'><strong>ὁ</strong></span> <span class='ocrx_word' id='word_1_840' title='bbox 3209 5886 3363 5958; x_wconf 76' lang='grc' dir='ltr'>ἅγιος</span> <span class='ocrx_word' id='word_1_841' title='bbox 3391 5885 3660 5960; x_wconf 80' lang='grc' dir='ltr'>Κύριλλος</span> <span class='ocrx_word' id='word_1_842' title='bbox 3683 5900 3836 5956; x_wconf 74' lang='grc' dir='ltr'>φανε-</span> 
     </span>
    </p>
   </div>
  </div>
