4068 6538
281 442 419 507 1253

1472 436 1569 496 DE
1608 437 1884 496 SECTIS.
1927 463 1993 473 -
2031 438 2193 497 ACT.
2233 439 2399 499 VIII.

3402 443 3543 510 1254

278 557 387 628 ρῶς
411 553 533 609 εἰπε
565 553 696 625 μίαν
721 551 884 622 φύσιν
910 550 1006 604 τοῦ
1035 549 1169 603 Θεοῦ
1201 551 1374 619 Λόγου
1402 548 1853 620 σεσαρκωμένην.

1973 557 2193 604 sanctus
2226 548 2318 605 ille
2346 548 2588 620 Cyrillus
2620 566 2787 605 unam
2822 559 3080 607 naturam
3130 552 3225 607 Dei
3262 553 3545 611 Sermonis

278 650 421 720 Πρὸς
452 646 610 701 τοῦτο
636 645 870 715 λέγομεν
888 683 904 708 ,
936 642 1017 697 ὅτι
1040 640 1411 712 ὁμολογοῦμεν
1443 641 1536 693 τὸν
1562 641 1717 709 ἆγιον
1742 640 1859 694 K6-

277 742 458 814 ριλλον
515 737 675 792 τοῦτο
744 735 1066 807 εἰρηκέναι·
1128 733 1247 787 ἀλλ’
1316 733 1472 786 οὐδὲν
1519 732 1861 787 ἐναντιοῦται

272 835 434 887 τοῦτο
473 832 552 904 τῷ
588 830 842 901 δόγματι.
891 829 965 882 Οὑ
1011 828 1120 898 γὰρ
1156 822 1275 880 εἷπε
1307 826 1403 879 τοῦ
1442 826 1680 896 Χριστοῦ
1732 826 1862 898 μίαν

278 923 442 996 φύσιν
468 919 919 991 σεσαρκωμένην,
947 918 1083 972 ἀλλὰ
1122 917 1253 988 μίαν
1280 917 1444 987 φύσιν
1471 917 1564 970 τοῦ
1591 915 1727 970 Θεοῦ
1756 917 1861 970 Λό-

277 1032 377 1083 γου
420 1010 885 1084 σεσαρκωμένην,
935 1008 1035 1077 τὴν
1080 1006 1248 1075 ἄλλην
1288 1005 1454 1076 φὺσιν
1503 1004 1702 1075 δηλῶν.
1752 1004 1864 1058 Καὶ

277 1104 362 1157 ὅτι
383 1103 482 1173 τὴν
512 1100 681 1171 ἄλλην
702 1098 956 1169 βούλεται
984 1094 1228 1167 δηλῶσαι
1260 1094 1446 1163 φύσιν,
1469 1095 1549 1161 τῷ
1573 1094 1748 1146 εἰπεῖν
1774 1109 1865 1145 σε-

280 1192 642 1267 σαρκωμένην
666 1207 680 1223 ⁸
722 1189 882 1260 δῆλον
928 1186 1021 1255 ἀφ’
1053 1179 1128 1239 ὧν
1172 1185 1367 1239 ἐαυτὸν
1406 1185 1761 1255 ἐπεξηγεῖται
1805 1185 1864 1237 ἐν

276 1289 344 1357 τῇ
378 1284 517 1356 πρὸς
544 1280 843 1335 Σοὺκενσον
869 1276 1101 1349 δευτέρᾳ
1137 1276 1398 1348 ἐπιστολῇ
1434 1275 1612 1345 λέγων
1632 1291 1646 1307 ·
1672 1276 1735 1329 Εἰ
1764 1275 1864 1346 μὲν

280 1380 389 1449 γὰρ
419 1376 547 1448 μίαν
575 1373 739 1445 φύσιν
765 1370 1013 1435 εἰπόντες
1045 1369 1142 1423 τοῦ
1167 1368 1304 1422 Θεοῦ
1336 1368 1535 1438 Λόγου,
1568 1370 1865 1437 σεσιγήκα-

283 1486 405 1540 μεν,
427 1467 527 1520 οὑκ
552 1463 943 1534 ἐπενεγκόντες
972 1461 1053 1528 τὸ,
1089 1461 1567 1531 σεσαρκωμένην
1589 1476 1602 1490 ·
1634 1461 1749 1514 ἀλλ’
1784 1455 1866 1524 οἷς

279 1564 385 1631 ἔξω
409 1562 594 1624 θέντες
630 1562 732 1630 τὴν
768 1556 1082 1627 οἰκονομίαν
1106 1596 1121 1622 ,
1146 1552 1215 1625 ἦν
1246 1556 1432 1618 αὐτοῖς
1460 1554 1604 1625 τάχα
1635 1571 1737 1607 που
1772 1553 1868 1607 καὶ

279 1656 383 1708 οὑκ
406 1651 672 1714 ἀπίθανος
709 1651 736 1703 ὁ
762 1647 923 1716 λόγος
960 1645 1453 1719 προσποιουμένοις
1485 1646 1695 1715 ἐρωτᾷν
1716 1684 1730 1707 ,
1761 1643 1865 1697 ποῦ

280 1748 343 1801 τὸ
369 1746 573 1801 τέλειον
606 1746 663 1798 ἐν
693 1740 1099 1814 άνθρωπότητι,
1121 1740 1155 1810 ἢ
1181 1740 1300 1803 πῶς
1339 1738 1651 1809 ὑφέστηκεν
1683 1739 1718 1809 ἡ
1744 1735 1868 1790 καθ’

283 1838 429 1908 ἡμᾶς
451 1836 610 1890 οὑσία
628 1853 644 1903 ;
662 1833 879 1903 Ἐπειδὴ
904 1832 961 1885 δέ
990 1831 1087 1886 καὶ
1109 1832 1142 1901 ἡ
1178 1831 1236 1883 ἐν
1262 1828 1644 1900 ἀνθρωπότητι
1662 1826 1868 1881 τελειό-

1964 640 2305 694 incarnatam
2339 651 2531 710 aperte
2579 641 2800 696 dixerit.
2848 643 2930 697 Ad
2967 643 3075 699 hoc
3123 645 3541 715 respondemus,

1962 733 2123 788 fateri
2160 748 2263 787 nos
2317 732 2373 786 id
2424 747 2455 786 a
2495 743 2685 788 sancto
2714 732 2920 805 Cyrillo
2969 735 3176 790 dictum
3207 755 3221 791 :
3250 737 3349 793 sed
3396 738 3542 794 idem

1961 823 2100 877 nihil
2125 823 2352 877 omnino
2375 825 2662 878 sententiae
2695 833 2899 879 nostrae
2933 826 3213 896 refragari.
3245 826 3364 882 Non
3395 829 3543 883 enim

1961 915 2169 971 Christi
2194 926 2449 970 naturam
2475 931 2641 970 unam
2674 917 3013 973 incarnatam
3045 918 3221 982 dixit,
3245 920 3341 975 sed
3379 937 3544 976 unam

1963 1020 2219 1066 naturam
2248 1010 2347 1065 Dei
2383 1010 2666 1066 Sermonis
2714 1012 3091 1078 incarnatam;
3124 1012 3384 1066 videlicet
3412 1013 3549 1066 alte-

1965 1118 2080 1156 ram
2113 1103 2263 1157 illam
2293 1112 2548 1157 naturam
2572 1103 2860 1157 denotans.
2887 1103 3119 1173 thuod
3145 1104 3371 1157 alteram
3397 1103 3544 1156 illam

1965 1192 2280 1262 significare
2308 1194 2569 1259 voluerit,
2600 1193 2730 1247 dum
2756 1193 3092 1249 incarnatam
3128 1195 3225 1258 ait,
3249 1209 3317 1249 ex
3347 1191 3414 1248 iis
3435 1209 3549 1247 ma-

1964 1282 2226 1336 nifestum
2260 1292 2344 1338 est
2369 1283 2574 1353 quibus
2632 1284 2873 1353 seipsum
2919 1284 2975 1338 in
3007 1284 3243 1338 secunda
3290 1282 3360 1337 ad
3407 1281 3548 1337 Sue-

1967 1386 2184 1427 cessum
2215 1374 2451 1444 epistola
2490 1374 2755 1437 declarat,
2788 1374 3046 1443 inquiens
3075 1392 3087 1427 :
3115 1373 3272 1440 Quod
3303 1373 3346 1427 si
3380 1388 3547 1427 unam

1966 1465 2066 1520 Dei
2120 1465 2408 1521 Sermonis
2468 1474 2720 1520 naturam
2768 1466 3016 1520 dicentes
3073 1465 3547 1525 obticuissemus.

1968 1571 2072 1611 nec
2123 1557 2358 1610 verbum
2420 1557 2598 1621 illud,
2657 1559 3029 1620 incarnatum,
3076 1555 3546 1625 subjecissemus,

1969 1647 2219 1718 adeoque
2256 1648 2722 1717 dispensationem
2747 1649 2922 1718 ipsam
2944 1649 3097 1702 velut
3126 1649 3505 1702 omisissemus
3533 1662 3547 1698 :

1968 1738 2203 1795 fortasse
2242 1740 2545 1809 probabilis
2573 1750 2722 1797 esset
2772 1740 3017 1809 ipsorum
3061 1740 3273 1804 oratio,
3304 1753 3550 1808 quazrere

1972 1832 2040 1889 de
2070 1832 2235 1887 nobis
2261 1848 2373 1902 prae
2408 1849 2466 1888 se
2495 1833 2817 1895 ferentium,
2848 1833 2940 1887 ubi
2979 1833 3052 1887 sit
3082 1833 3171 1887 illa
3192 1832 3463 1902 perfectio
3493 1831 3550 1886 in

282 1948 405 2002 της,
436 1928 535 1983 καί.
565 1929 664 1992 τῆς
693 1926 820 1981 καθ’
849 1926 998 1996 ἡμᾶς
1041 1923 1231 1987 οὐσίας
1275 1924 1310 1995 ἡ
1345 1921 1580 1993 δήλωσις
1618 1919 1866 1973 εἰσκεκό-

1973 1924 2308 1978 humanitate
2337 1964 2353 1989 ,
2412 1925 2501 1979 vel
2552 1924 2834 1994 quomodo
2881 1924 3195 1979 substantia
3246 1938 3409 1993 quam
3446 1936 3551 1976 nos

288 2040 476 2096 μισται
503 2021 592 2075 διά
622 2020 683 2073 τὸ
721 2019 905 2088 λέγειν
946 2015 1378 2086 σεσαρκωμένην
1401 2030 1414 2044 ο
1460 2009 1870 2066 παυσάσθωσαν

284 2114 595 2186 καλαμίνην
640 2111 836 2185 ῥάϐδον
877 2110 1094 2171 ἑαυτοῖς
1122 2106 1555 2176 ὑποστήσαντες.
1594 2102 1733 2164 Τοὺς
1760 2099 1869 2171 γὰρ

286 2209 649 2268 ἐκϐάλλοντας
670 2204 770 2273 τὴν
817 2198 1131 2269 οἰκονομίαν
1157 2240 1172 2265 ,
1220 2197 1316 2252 καὶ
1360 2193 1733 2266 ἀρνουμένους
1770 2190 1870 2262 τὴν

288 2302 586 2373 σάρκωσιν,
631 2292 700 2368 ἦν
746 2295 810 2348 τὸ
856 2289 1210 2361 ἐγκαλεῖσθαι
1241 2287 1495 2349 δικαίως,
1537 2283 1871 2355 ἀφαιρουμέ-

287 2409 413 2456 νους
465 2389 557 2443 τὸν
610 2388 743 2441 Υἰὺν
793 2385 895 2456 τῆς
947 2383 1160 2443 τελείας
1201 2380 1642 2450 ἀνθρωπότητος.
1694 2376 1758 2428 Εἰ
1813 2374 1872 2427 δέ

288 2488 446 2556 ἔφην,
489 2486 546 2537 ἐν
573 2482 651 2553 τῷ
686 2477 1073 2549 σεσαρκῶσθαι
1105 2474 1288 2544 λέγειν
1324 2471 1508 2534 αὑτὸν,
1542 2471 1725 2540 σαφής
1754 2470 1870 2520 ἐστι

289 2579 385 2633 καὶ
409 2574 780 2646 άναμφίλογος
802 2574 835 2642 ὴ
863 2568 1129 2640 ὁμολογία
1153 2565 1271 2631 τοῦ,
1296 2566 1379 2619 ὃτι
1410 2565 1632 2634 γέγονεν
1659 2560 1755 2616 avo
1766 2578 1872 2632 ρω·

290 2686 427 2735 πος·
463 2668 615 2723 οὑδέν
638 2666 720 2719 ἐτι
763 2662 964 2719 κωλύει
1015 2663 1181 2725 νοεῖν,
1229 2659 1306 2722 ὡς
1347 2653 1429 2720 εἷς
1468 2655 1731 2727 ὑπάρχων
1777 2652 1872 2707 καὶ

294 2762 454 2832 μόνος
481 2760 510 2812 ὁ
551 2755 805 2829 Χριστὸς,
850 2751 1014 2814 αὐτὸς
1056 2750 1188 2814 Θεός
1234 2750 1351 2801 ἐστι
1396 2747 1494 2800 καὶ
1541 2746 1827 2816 ἅνθρωπος
1854 2758 1869 2773 ο

291 2853 480 2923 ὥσπερ
505 2853 562 2903 ἐν
592 2849 805 2917 θεότητι
827 2845 1058 2907 τέλειος.
1089 2840 1232 2894 οὑτω
1260 2839 1356 2892 καί
1401 2840 1460 2892 ἐν
1486 2836 1873 2907 ἀνθρωπότητι

295 2946 515 3003 τέλειος.
571 2940 874 3011 Ὀρθότατα
908 2937 986 3000 δέ,
1019 2934 1114 2988 καὶ
1150 2934 1290 2987 πάνυ
1334 2930 1571 2994 συνετῶς
1616 2931 1649 3002 ἠ
1686 2928 1753 3002 σὴ
1780 2947 1872 2983 τε-

292 3038 503 3109 λειότης
525 3034 615 3090 τὸν
650 3032 780 3106 περὶ
805 3028 903 3084 τοῦ
933 3026 1205 3099 σωτηρίου
1235 3024 1444 3088 πάθους
1483 3023 1755 3077 ἐκτίθεται
1781 3022 1871 3075 λό-

294 3149 413 3201 γον,
442 3131 545 3183 οὑκ
590 3126 750 3181 αὑτὸν
797 3123 891 3177 τὸν
941 3119 1206 3192 μονογενῆ
1246 3118 1374 3171 Υἰὸν
1401 3115 1497 3169 τοῦ
1531 3113 1690 3179 Θεοῦ,
1735 3113 1874 3168 καθὸ

295 3225 494 3276 νοεῖται
532 3219 628 3273 καί
660 3216 775 3270 ἐστι
799 3213 953 3277 Θεὸς,
997 3210 1189 3266 παθεῖν
1215 3210 1295 3273 εἰς
1320 3209 1457 3261 ἰδίαν
1488 3206 1649 3275 φύσιν
1675 3205 1745 3258 τὰ
1777 3204 1871 3258 τοῦ

1900 3262 1947 3324 C

1970 2016 2258 2081 tradimus,
2295 2016 2605 2071 subsistat?
2637 2016 2745 2071 Sed
2788 2017 3049 2087 quoniam
3092 2024 3148 2071 et
3187 2017 3307 2086 ipsa
3349 2014 3407 2069 in
3446 2014 3552 2068 hu-

1970 2107 2234 2162 manitate
2260 2107 2552 2177 perfectio,
2585 2116 2641 2162 et
2667 2107 2990 2164 substantiae
3016 2123 3180 2178 quam
3220 2122 3322 2162 nos
3375 2106 3550 2162 tradi-

1970 2213 2115 2263 mus,
2164 2197 2501 2268 signilicatio
2552 2214 2653 2268 per
2683 2198 2916 2253 verbum
2965 2199 3109 2253 istud
3135 2238 3149 2264 ,
3183 2200 3548 2263 incarnatum,

1969 2290 2372 2359 comprehensa
2408 2300 2494 2344 est
2528 2330 2543 2355 ,
2585 2290 2747 2344 inniti
2816 2291 3126 2345 arundineo
3162 2291 3358 2345 baculo
3400 2290 3551 2346 desi-

1969 2388 2125 2435 nant.
2157 2381 2293 2435 Nam
2323 2380 2796 2451 dispensationem
2829 2383 3169 2453 rejicientes,
3202 2392 3258 2439 et
3292 2383 3552 2438 incarna-

1969 2471 2177 2526 tionem
2202 2481 2484 2543 negantes,
2515 2472 2712 2527 merito
2746 2487 3177 2539 accusaremur;
3212 2489 3311 2528 ceu
3345 2474 3547 2529 Filium

1970 2562 2216 2634 perfecta
2248 2564 2589 2620 humanitate
2642 2566 2963 2634 spoliantes.
2998 2567 3069 2621 At
3098 2582 3230 2621 vero
3267 2570 3313 2621 si
3347 2566 3550 2633 dicam,

1972 2656 2028 2709 in
2059 2671 2126 2711 eo
2180 2657 2327 2726 quod
2372 2657 2552 2727 ipsum
2600 2659 2946 2713 incarnatum
2998 2660 3150 2726 dixi,
3199 2662 3551 2731 perspicuam

1972 2746 2313 2817 minimeque
2370 2748 2683 2818 ambiguam
2735 2763 2859 2803 esse
2908 2749 3354 2815 confessionem,
3401 2750 3551 2820 quod

1972 2837 2139 2891 homo
2171 2840 2348 2893 factus
2371 2838 2443 2893 sit
2472 2880 2487 2903 ,
2513 2839 2653 2892 nihil
2705 2846 2789 2893 est
2838 2840 3105 2910 amplius,
3132 2841 3280 2910 quod
3308 2842 3551 2911 cogitare

1974 2936 2143 2996 vetet,
2193 2927 2473 2983 Christum
2497 2946 2669 2984 unum
2694 2938 2750 2984 et
2779 2931 3025 2997 unicum,
3060 2932 3266 3000 pariter
3295 2940 3351 2986 et
3378 2934 3551 2987 Deum

1972 3030 2030 3076 et
2068 3021 2347 3076 hominem
2387 3037 2547 3076 esse:
2587 3030 2647 3075 ut
2682 3021 2988 3091 perfectum
3018 3023 3072 3076 in
3113 3023 3402 3077 divinitate
3425 3064 3439 3088 ,
3473 3022 3554 3078 sic

1974 3111 2142 3165 etiam
2173 3111 2480 3182 perfectum
2517 3113 2571 3165 in
2602 3112 2967 3168 humanitate.
3021 3114 3349 3169 Rectissime
3396 3130 3551 3178 vero,

1974 3211 2031 3258 et
2082 3204 2379 3259 admodum
2414 3203 2633 3258 erudite
2666 3204 2932 3273 perfectio
2984 3213 3077 3259 tua
3124 3206 3434 3261 doctrinam
3484 3207 3552 3261 de

297 3314 550 3382 σώματος
593 3303 1076 3377 διισχυριζομένη·
1119 3300 1317 3354 παθεῖν
1360 3299 1417 3351 δὲ
1460 3296 1623 3350 αὑτὸν
1671 3295 1872 3367 μᾶλλον

1976 3296 2231 3366 passione
2257 3296 2484 3351 salutari
2510 3297 2757 3366 exponit,
2782 3311 2908 3350 cum
2925 3312 3034 3351 non
3059 3296 3237 3367 ipsum
3258 3299 3551 3373 unigenam

294 3406 362 3475 τῇ
388 3404 544 3473 χοῖκῇ
574 3398 753 3468 φύσεις
785 3395 932 3448 Ἔδει
962 3393 1092 3463 γάρ,
1123 3390 1230 3444 ἐδει
1255 3388 1441 3459 σαφῶς
1462 3387 1749 3458 ἀμφότερα
1771 3384 1875 3438 σώ-

298 3493 486 3558 ζεσθαι
525 3489 605 3561 τῷ
649 3487 729 3541 ἐνὶ
753 3486 873 3540 κατ’
915 3482 1178 3554 ἀλήθειαν
1208 3480 1347 3549 Υἰῷ,
1382 3478 1478 3532 καὶ
1512 3477 1573 3530 τὺ
1640 3476 1717 3547 μὴ
1769 3476 1877 3529 πά-

300 3599 448 3655 σχειν
495 3580 711 3644 θεῖκῶς,
745 3578 839 3631 καὶ
875 3576 937 3629 τὸ
966 3573 1219 3644 λέγεσθαι
1253 3571 1447 3625 παθεῖν
1478 3567 1869 3641 ἀνθρωπίνως·

299 3677 333 3747 ἡ
364 3673 527 3728 αὑτοῦ
553 3672 662 3742 γὰρ
686 3668 921 3723 πέπονθε
953 3666 1112 3737 σάρξ.

1972 3388 2071 3443 Dei
2100 3389 2321 3454 Filium,
2359 3395 2636 3459 quatenus
2664 3386 2991 3458 intelligitur
3017 3397 3075 3443 et
3119 3398 3205 3443 est
3235 3390 3400 3456 Deus,
3428 3406 3553 3460 pas-

1974 3497 2095 3537 sum
2128 3482 2183 3536 in
2225 3489 2419 3537 natura
2458 3497 2579 3547 sua,
2622 3496 2743 3551 qua:
2775 3480 2981 3536 cadunt
3015 3481 3071 3535 in
3115 3497 3347 3553 corpus,
3411 3482 3555 3537 amr-

1976 3588 2094 3628 mas
2117 3590 2130 3627 :
2151 3574 2245 3629 sed
2271 3573 2458 3644 potius
2487 3590 2613 3629 eum
2648 3582 2843 3628 natura
2872 3582 3086 3629 terrena
3115 3591 3357 3645 passum.
3384 3576 3557 3646 Opor-

1979 3666 2130 3720 tebat
2154 3667 2326 3731 enim,
2360 3666 2653 3737 oportebat
2683 3675 2919 3735 utraque
2951 3668 3243 3723 manifesto
3261 3669 3407 3724 salva
3434 3684 3555 3723 esse

302 3771 399 3827 uni
433 3783 626 3837 reapse
657 3766 832 3829 Filio;
867 3773 983 3819 tum
1032 3769 1095 3815 ut
1145 3757 1456 3815 divinitatis
1480 3767 1735 3827 respectu
1767 3772 1879 3812 non
1915 3769 2220 3829 pateretur,
2246 3770 2363 3817 tum
2421 3773 2482 3816 ut
2530 3761 2853 3816 humanitus
2876 3776 2996 3818 esse
3026 3778 3223 3833 passus
3245 3764 3553 3820 diceretur:

300 3864 503 3934 quippe
533 3874 663 3916 caro
698 3857 871 3927 ipsius
908 3868 1067 3924 passa
1098 3852 1221 3907 fuit.
1897 3929 1899 3931 ι

384 3953 578 4010 ’ἰστέον
603 3951 679 4015 δὲ,
710 3950 792 4003 ὅτι
828 3946 1045 4019 πρῶτος
1079 3944 1139 3998 ἐν
1170 3940 1469 4015 ὀρθοδόξοις
1497 3940 1580 4006 τὺ,
1614 3939 1744 4012 μίαν
1776 3940 1880 4011 φύ-

302 4064 386 4101 σιν
422 4044 517 4099 τοῦ
562 4041 697 4096 Θεοῦ
743 4039 917 4107 Λόγου
978 4033 1423 4110 σεσαρκωμένην,
1473 4028 1626 4086 εἶπεν
1656 4033 1683 4085 ὁ
1727 4032 1881 4101 ἅγιος

302 4135 591 4209 Κύριλλος.
626 4132 714 4186 Ἐν
746 4128 1046 4203 όρθοδόξοις
1066 4127 1124 4180 δέ
1155 4126 1404 4195 εἴπομεν,
1438 4124 1625 4195 ἐπειδὴ
1658 4126 1687 4178 ὁ
1724 4125 1883 4177 Ἀπο-

301 4228 543 4298 λινάριος
574 4221 833 4284 πολλάκις
860 4220 1015 4287 ἐλεγε
1040 4216 1200 4271 τοῦτο
1226 4233 1241 4247 ’
1273 4214 1395 4269 ὃθεν
1426 4215 1522 4268 καί
1559 4213 1821 4304 ἐνομίσθη
1853 4216 1883 4267 ό

302 4321 461 4388 άγιος
495 4313 764 4386 Κύριλλος
798 4310 948 4382 παρὰ
988 4309 1098 4363 τῶν
1119 4306 1482 4362 Ἀνατολικῶν
1540 4306 1882 4377 Ἀπολιναρι-

303 4410 434 4480 στὴς
462 4403 624 4471 εῖναι,
648 4405 749 4459 οὑκ
768 4400 836 4475 ἦν
860 4402 937 4457 δέ,
962 4402 1098 4455 Οὑδέ
1127 4401 1238 4473 γὰρ
1267 4400 1386 4454 δέον
1413 4400 1531 4454 ἐστί
1556 4399 1756 4465 πάντα,
1777 4401 1881 4455 ὅσα

300 4501 554 4568 λέγουσιν
576 4498 624 4551 οἰ
652 4494 943 4567 αἰρετικοὶ,
977 4491 1196 4556 πάντως
1243 4492 1318 4563 μὴ
1364 4490 1616 4561 δέχεσθαι
1650 4507 1662 4521 ³
1704 4490 1777 4545 τὰ
1823 4490 1881 4544 δὲ

2051 3941 2141 3996 ΙΙΙ.
2174 3941 2473 3997 Sciendum
2524 3948 2708 3996 autem
2754 3939 2994 4011 primum
3047 3939 3192 3995 inter
3220 3941 3561 4002 orthodoxos

1981 4030 2248 4103 Cyrillum
2275 4032 2570 4102 protulisse
2604 4031 2837 4087 verbum
2890 4032 3060 4087 illud:
3097 4050 3261 4089 unam
3303 4046 3559 4095 naturam

1982 4123 2081 4178 Dei
2123 4122 2407 4179 Sermonis
2452 4125 2813 4180 iucarnatam.
2861 4125 3013 4179 Inter
3057 4126 3396 4185 orthodoxos
3424 4131 3563 4186 dici-

1982 4229 2107 4270 mus
2168 4216 2429 4287 quouiam
2465 4216 2664 4287 sazpius
2724 4216 2832 4270 hoc
2873 4216 3186 4286 Apolinaris
3239 4222 3559 4289 repetebat;

1983 4305 2131 4360 unde
2154 4306 2386 4370 factum,
2424 4315 2484 4359 ut
2517 4314 2740 4361 sanctus
2767 4305 3008 4377 Cyrillus
3039 4322 3137 4376 pro
3191 4306 3561 4377 Apolinarista

1984 4398 2057 4453 sit
2089 4396 2314 4453 habitus
2344 4397 2413 4453 ab
2447 4397 2862 4463 Orientalibus,
2922 4414 3047 4454 cum
3100 4398 3226 4453 talis
3251 4415 3363 4454 non
3392 4409 3557 4454 esset.

1981 4488 2096 4544 Nec
2127 4488 2278 4544 enim
2314 4504 2541 4544 necesse
2578 4498 2665 4544 est
2701 4490 2884 4544 omnia
2911 4531 2925 4555 ,
2973 4506 3323 4560 quaecunque
3371 4490 3562 4544 dicunt

302 4592 451 4647 κακὰ
504 4586 932 4646 ἀποϐάλλεσθαι.
992 4584 1385 4658 Παραφέρουσι
1434 4584 1492 4637 δὲ
1553 4585 1648 4639 καὶ
1687 4584 1872 4657 ἐτέραι

1987 4580 2256 4645 haeretici,
2282 4580 2510 4634 omnino
2542 4596 2651 4635 non
2687 4581 2940 4648 admitti;
2976 4583 3119 4637 mala
3147 4582 3372 4651 quidem
3408 4580 3560 4650 rejici

300 4687 504 4757 χρῆσιν
542 4683 619 4746 ὡς
652 4679 762 4734 ἀπὸ
793 4678 891 4733 τοῦ
927 4677 1199 4750 μακαρίου
1241 4676 1487 4740 Ἰουλίου,
1518 4677 1780 4749 κειμένην
1818 4679 1876 4732 ἐν

299 4778 368 4847 τῇ
400 4773 535 4847 πρὸς
566 4770 845 4826 Διονύσιον
867 4769 960 4823 τὸν
987 4768 1251 4839 Κορίνθου
1276 4767 1573 4821 ἐπίσκοπον
1594 4768 1874 4841 ἐπιστολῇ,

298 4865 368 4941 ἧς
403 4870 438 4940 ἡ
462 4865 626 4938 ἁρχὴ,
655 4861 937 4933 Θαυμάζω
984 4859 1438 4928 πυνθανόμενος
1486 4859 1623 4926 περί
1676 4875 1875 4916 τινων.

301 4962 411 5017 Καὶ
435 4960 581 5013 ἐστιν
616 4960 651 5029 ἡ
683 4957 877 5029 χρῆσις
913 4952 1140 5022 τοιαύτη
1165 4968 1180 4983 °
1227 4950 1470 5022 Ἀνάγκη
1491 4952 1621 5021 γὰρ,
1662 4950 1757 5004 δύο
1785 4951 1877 5004 λέ-

300 5068 501 5123 γοντας
546 5050 746 5113 αὑτοὺς
792 5046 1008 5118 φύσεις,
1044 5044 1144 5117 τὴν
1175 5043 1272 5115 μὲν
1306 5045 1656 5115 προσκυνεῖν,
1688 5043 1788 5115 τὴν
1819 5043 1878 5098 δὲ

307 5146 384 5218 μὴ
418 5145 744 5216 προσκυνεῖν
772 5159 786 5173 ·
812 5141 909 5196 καί
938 5141 1020 5205 εἰς
1062 5138 1163 5210 μέν
1198 5136 1348 5191 θείαν
1379 5136 1762 5208 βαπτίζεσθαι,
1795 5139 1877 5200 εἰς

299 5237 358 5291 δέ
396 5235 495 5307 τὴν
541 5232 891 5305 ἀνθρωπίνην
936 5231 1013 5302 μὴ
1059 5227 1423 5300 βαπτίζεσθαι
1453 5244 1467 5257 ’
1508 5229 1603 5282 καὶ
1628 5227 1791 5298 ἕτερα
1820 5227 1877 5280 δὲ

300 5328 472 5383 πολλὰ
500 5329 677 5382 κεῖται
705 5328 762 5379 ἐν
792 5327 860 5396 τῇ
891 5323 1147 5393 ἐπιστολῇ
1193 5321 1387 5394 ταύτῃ.
1440 5320 1632 5391 Ἡμεῖς
1672 5320 1728 5374 δὲ
1766 5318 1876 5374 άπὸ

300 5418 514 5475 πολλῶν
538 5417 908 5487 διελέγχομεν,
936 5415 1012 5487 μὴ
1049 5409 1190 5469 εἰναι
1228 5416 1327 5484 τὴν
1358 5412 1646 5483 ἐπιστολὴν
1674 5411 1875 5484 ταύτην

296 5513 393 5568 τοῦ
424 5508 696 5584 μακαρίου
738 5507 981 5569 Ἰουλίου.
1006 5506 1145 5561 ἀλλὰ
1169 5504 1265 5560 τοῦ
1292 5504 1690 5575 Ἀπολιναρίου.
1712 5503 1873 5573 Πρῶ-

296 5620 390 5658 τον
413 5601 537 5673 μὲν,
570 5601 652 5653 ὅτι
684 5599 736 5652 εἰ
764 5616 846 5662 τις
872 5596 1115 5669 ἀκριϐῶς
1144 5597 1430 5667 σκοπήσοι,
1468 5594 1621 5648 οὐδὲν
1650 5595 1875 5665 φέρεται

297 5692 394 5747 τοῦ
426 5690 702 5764 μακαρίου
747 5687 993 5742 Ἰουλίου.
1041 5687 1203 5742 Ἀλλὰ
1239 5689 1337 5741 καί⁵
1370 5688 1426 5740 αἰ
1470 5684 1609 5739 ἑπτὰ
1656 5688 1875 5739 ἐπιστο-

298 5783 410 5849 λαὶ,
436 5782 503 5845 ἃς
529 5781 782 5849 λέγουσιν
822 5778 962 5833 εἶναι
992 5778 1181 5845 αὑτοῦ,
1219 5776 1312 5832 τοῦ
1368 5776 1744 5849 Ἀπολιναρίου
1796 5778 1875 5831 εἰ-

303 5876 408 5932 σίν.
446 5876 697 5941 Ἔπειτα,
725 5875 804 5927 ὅτι
838 5871 1101 5943 μνησθεὶς
1135 5873 1192 5927 ἐν
1216 5870 1352 5942 αὑτῇ
1379 5874 1444 5943 τῇ
1476 5871 1730 5943 ἐπιστολῇ
1764 5869 1871 5923 σώ-

1985 4667 2211 4723 debent.
2235 4667 2487 4723 Aﬂ‘erunt
2505 4668 2655 4723 aliud
2679 4684 2897 4739 quoque
2912 4668 3144 4735 dictum,
3173 4669 3323 4723 velut
3348 4683 3380 4721 a
3402 4668 3561 4721 beato

1984 4759 2130 4814 Julio
2145 4758 2475 4829 profectum.
2503 4758 2651 4829 quod
2676 4760 2905 4815 exsistat
2929 4760 2984 4813 in
3010 4759 3247 4829 epistola
3268 4758 3469 4828 scripta
3491 4759 3561 4814 ad

1983 4850 2307 4921 Dionysium
2336 4850 2588 4905 Corinthi
2619 4852 2958 4921 episc0pum,
2990 4852 3148 4922 cujus
3180 4850 3396 4905 initium
3429 4861 3514 4905 est
3542 4868 3557 4905 :

1983 4943 2150 4996 Miror
2174 4943 2237 4996 de
2261 4942 2577 5013 quibusdam
2617 4942 2859 4997 audiens.
2892 4943 3098 5011 Estque
3131 4940 3338 4996 dictum
3369 4941 3562 5012 hujus-

1982 5034 2197 5090 cemodi
2229 5051 2242 5089 :
2272 5035 2508 5090 Necesse
2529 5041 2614 5089 est
2632 5049 2749 5102 eos,
2779 5050 2902 5089 cum
2934 5034 3072 5089 duas
3092 5042 3318 5088 naturas
3345 5033 3557 5101 dicunt,

1982 5142 2150 5181 unam
2179 5125 2412 5181 adorare
2434 5166 2449 5191 ,
2504 5125 2733 5179 alteram
2763 5140 2872 5178 non
2908 5125 3141 5179 adorare
3168 5141 3183 5189 ;
3232 5139 3296 5179 ac
3330 5125 3383 5178 in
3413 5124 3561 5179 divi-

1980 5237 2109 5276 nam
2138 5220 2362 5291 quidem
2393 5219 2686 5291 baptizari,
2714 5229 2771 5275 at
2818 5221 2873 5274 in
2909 5220 3205 5274 humanam
3234 5235 3347 5274 non
3378 5220 3558 5290 bapti-

1980 5311 2093 5366 zari
2124 5330 2138 5366 :
2168 5312 2385 5381 aliaque
2435 5311 2594 5380 plura
2640 5310 2828 5365 isthaac
2867 5308 3099 5379 epistola
3149 5309 3417 5364 continet.
3450 5310 3555 5365 Sed

1979 5420 2083 5459 nos
2107 5402 2448 5474 argumentis
2478 5400 2734 5471 pluribus
2763 5399 3149 5454 convincimus
3170 5439 3185 5463 ,
3246 5415 3357 5453 non
3407 5400 3555 5454 illam

1978 5497 2268 5569 epistolam
2314 5510 2436 5550 esse
2488 5493 2657 5559 beati
2698 5492 2846 5546 illius
2882 5491 3013 5547 Julii
3042 5531 3057 5557 ,
3093 5490 3191 5545 sed
3220 5490 3554 5560 Apolinaris.

1979 5590 2225 5644 Primum
2256 5603 2325 5643 ex
2358 5602 2425 5642 eo
2472 5586 2619 5656 quod
2656 5585 2701 5639 si
2747 5583 2872 5655 quis
2904 5600 3025 5639 eam
3053 5582 3334 5638 subtiliter
3367 5582 3554 5636 consi-

1978 5682 2169 5742 deret.
2197 5680 2337 5734 nihil
2362 5679 2584 5735 Juliano
2614 5679 2839 5749 dignum
2885 5677 3108 5731 nomine
3140 5674 3342 5730 habeat
3373 5691 3386 5727 :
3420 5673 3554 5743 quin

1976 5787 2032 5833 et
2051 5786 2264 5848 septem
2289 5777 2394 5831 illre
2422 5775 2669 5845 epistola:
2693 5790 2830 5844 quas
2855 5775 2975 5845 ejus
2997 5787 3118 5827 esse
3143 5770 3355 5833 dicunt,
3407 5770 3556 5839 Apo-

1977 5870 2169 5925 liuaris
2209 5878 2354 5925 sunt.
2390 5868 2617 5934 Deinde,
2667 5866 2813 5938 quod
2849 5867 2903 5923 in
2939 5865 3130 5921 eadem
3164 5862 3399 5934 epistola
3427 5876 3541 5915 cor-
