4020 6540
266 494 404 565 1257

1490 493 1585 556 DE
1626 491 1903 555 SECTIS.
1950 518 2016 530 -
2054 494 2212 553 ΛΒΤ.
2253 494 2355 552 IX.

3389 491 3522 557 1258

262 616 470 688 ήγαγεν
508 613 678 685 αὐτὴν
716 614 744 668 6
771 613 1044 682 μακάριος
1072 610 1339 683 Κύριλλος
1367 609 1511 664 κατὰ
1539 609 1837 680 Θεοδώρου,

1962 606 2093 678 μιοά
2122 607 2318 662 beatus
2351 606 2587 678 Cyrillus
2624 603 2757 660 illud
2787 614 2976 661 contra
3026 604 3378 663 Theodorum
3412 621 3522 661 non

263 707 356 763 ml.
395 705 644 761 ἐντεῦθεν
668 705 845 775 δῆλον.
875 702 1220 774 Θεοδώρητος
1249 700 1356 772 γὰρ
1388 701 1529 770 ὑπὲρ
1561 701 1837 771 Θεοδώρου

260 800 458 868 λέγων,
500 797 822 868 ἀνατρέπων
853 798 1031 856 πάσας
1076 793 1175 857 τὰς
1222 795 1467 865 χρήσεις,
1520 793 1649 855 ὅσας
1697 808 1837 862 παρ-

263 894 440 964 ήγαγε
464 892 583 946 κατ’
616 890 780 945 αὐτοῦ
808 893 835 943 6
860 890 1013 958 ἅγιος
1038 886 1309 960 Κύριλλος
1359 886 1466 940 ἀπὸ
1509 885 1617 938 τῶν
1670 885 1840 953 ἁγίων

263 986 544 1056 Πατέρων,
571 982 808 1054 οὐδαμοῦ
843 983 1043 1052 ταύτης
1084 984 1182 1051 τῆς
1235 980 1487 1051 χρήσεως
1546 981 1839 1050 μέμνηται.

275 1076 437 1130 Ἀλλά
468 1076 687 1146 λέγουσι
732 1075 867 1146 πρὸς
909 1073 1091 1140 τοῦτο,
1151 1073 1236 1126 δτι
1292 1071 1620 1142 κακούργως
1674 1069 1841 1139 αὐτὴν

263 1171 559 1243 παρείασεν
607 1171 634 1223 ὁ
660 1168 1003 1240 Θεοδώρητος
1030 1182 1045 1196 ·
1083 1165 1158 1237 μὴ
1214 1164 1508 1232 δυνάμενος
1559 1166 1667 1233 γὰρ
1710 1162 1843 1231 πρὸς

264 1264 436 1335 αὐτὴν
460 1262 806 1330 ἀντιϐλέψαι,
839 1260 914 1323 ὡς
943 1260 1084 1313 πάνυ
1119 1258 1383 1330 φανερὰν,
1416 1254 1558 1310 έκὼν
1598 1254 1848 1325 παρέλει-

266 1372 366 1409 πεν
397 1356 588 1427 αὑτήν.
627 1354 769 1425 Πρὸς
816 1352 974 1407 τοῦτο
1026 1352 1280 1422 λέγομεν,
1334 1350 1417 1402 ὅτι
1472 1348 1722 1401 τοσοῦτον
1784 1346 1844 1399 ού

266 1449 622 1519 παρέδραμεν
653 1447 825 1517 αὐτὴν
859 1446 1120 1516 κειμένην
1156 1446 1293 1510 ἐκεῖ,
1334 1444 1417 1497 ὅτι
1443 1442 1535 1494 τοῦ
1573 1440 1844 1511 μακαρίου

266 1538 539 1613 Κυρίλλου
574 1541 632 1593 ὲν
663 1539 843 1602 ἄλλοις
877 1535 1352 1609 εἰρηκότος-,Ἀλλά
1392 1536 1519 1606 μίαν
1553 1532 1715 1603 φύσιν
1754 1530 1847 1585 τοῦ

266 1631 405 1688 Θεοῦ
426 1633 604 1703 Λόγου
633 1632 1058 1703 σεσαρκωμένην
1082 1673 1096 1698 ,
1126 1631 1175 1683 εί
1207 1628 1323 1701 ᾔδει
1359 1628 1458 1698 τὴν
1492 1628 1687 1698 χρῆσιν
1716 1625 1849 1678 ταύ-

265 1745 368 1801 την
402 1726 663 1799 κειμένην
695 1727 847 1798 παρὰ
893 1726 970 1796 τῷ
1015 1724 1266 1794 μακαρίῳ
1309 1719 1584 1794 Κυρίλλῳ,
1622 1721 1696 1783 ὡς
1742 1718 1850 1771 ἀπὸ

264 1821 362 1877 τοῦ
395 1821 554 1891 ἁγίου
597 1820 917 1874 Ἀθανασίου
957 1818 1401 1888 προενεχθεῖσαν,
1432 1814 1532 1867 ούκ
1582 1813 1648 1865 ἂν
1680 1810 1850 1874 οὓτως

267 1916 498 1988 ἀμαθῶς
528 1913 753 1985 ἔμελλεν
789 1914 963 1966 εἰπεῖν
989 1927 1003 1941 ⁸
1035 1911 1132 1973 Τίς
1165 1927 1245 1963 σοι
1269 1908 1378 1961 τῶν
1416 1906 1677 1976 Πατέρων
1727 1899 1848 1956 εἷπε

1943 699 2307 770 produxerit,
2338 714 2406 753 ex
2453 713 2520 752 eo
2552 712 2772 767 quoque
2824 695 3177 750 manifestum
3228 705 3333 750 est.
3382 695 3520 749 Nam

1945 789 2330 845 Theodoretus
2359 789 2452 858 qui
2474 788 2825 844 Theodorum
2857 786 3209 852 defendebat,
3236 786 3526 841 universas

1944 882 2302 936 auctoritates
2333 879 2611 944 refutans,
2647 894 3005 949 quascunque
3033 887 3257 933 sanctus
3287 877 3524 949 Cyrillus

1946 982 2139 1026 contra
2169 972 2523 1026 Theodorum
2571 971 2638 1025 de
2669 970 2877 1025 sanctis
2905 969 3157 1023 Patribus
3183 970 3486 1038 protulerat
3509 1008 3525 1033 ,

1944 1080 2215 1133 nusquam
2245 1064 2411 1135 hujus
2432 1063 2564 1117 dicti
2593 1063 2865 1117 meminit.
2889 1062 2957 1115 At
2976 1061 3123 1115 enim
3143 1061 3229 1115 isti
3256 1061 3524 1126 referunt,

1947 1171 1977 1209 a
2008 1155 2359 1210 Theodorcto
2386 1155 2583 1210 callide
2608 1155 2896 1209 omissum.
2927 1152 3083 1219 Quod
3106 1153 3254 1206 enim
3281 1152 3527 1207 adversis

1945 1264 2068 1302 eam
2097 1247 2487 1302 auctoritatem
2516 1247 2691 1301 oculis
2727 1246 2972 1315 aspicere
3023 1260 3131 1299 non
3186 1253 3413 1315 posset,
3468 1253 3529 1299 ut

1947 1336 2243 1392 admodum
2276 1339 2498 1409 planam
2548 1348 2602 1392 et
2644 1349 2885 1407 apertam
2911 1378 2925 1401 ,
2958 1336 3166 1391 idcirco
3212 1347 3409 1406 sponte
3459 1337 3529 1391 ab

1949 1432 2068 1502 ipso
2100 1431 2547 1500 praetermissam.
2583 1429 3036 1499 Respondemus,
3078 1437 3288 1484 tantum
3335 1430 3529 1483 abesse

1950 1533 2012 1578 ut
2034 1539 2155 1579 eam
2179 1521 2560 1578 Theodoretus
2585 1521 2657 1575 ibi
2685 1521 2915 1590 positam
2944 1521 3226 1590 praeterire
3260 1522 3527 1585 voluerit,

1951 1624 2013 1670 ut
2033 1632 2157 1671 cum
2184 1614 2381 1670 beatus
2414 1614 2504 1668 ille
2530 1612 2767 1684 Cyrillus
2791 1612 2921 1666 alibi
2954 1611 3209 1676 dixisset,
3240 1612 3412 1666 Unam
3438 1629 3532 1666 na-

1952 1716 2128 1763 turam
2160 1708 2258 1763 Dei
2300 1707 2581 1762 Sermonis
2607 1707 2944 1761 incarnatam
2969 1748 2982 1770 ,
3020 1707 3062 1761 si
3095 1707 3317 1776 quidem
3346 1708 3536 1762 scitis.

1953 1811 2036 1855 set
2069 1800 2453 1855 Theodoretus
2485 1799 2539 1853 id
2580 1799 2812 1854 verbum
2867 1798 3013 1868 quod
3075 1800 3220 1869 apud
3267 1798 3531 1871 Cyrillum

1952 1905 2159 1959 exstat,
2191 1911 2257 1950 ex
2300 1904 2489 1949 sancto
2519 1894 2820 1948 Athanasio
2865 1893 3091 1948 citatum
3119 1934 3133 1958 ,
3184 1909 3535 1963 nequaquam

272 1985 405 2082 μίαν
432 2009 597 2081 φύσιν
621 2005 718 2061 τοῦ
764 2005 898 2060 Θεοῦ
933 2005 1106 2072 Λόγου
1163 2000 1587 2071 σεοαρκωμένην
1616 2014 1631 2065 ;
1694 1995 1852 2063 Ἀλλά

1962 1988 2092 2042 adeo
2114 1996 2319 2041 temere
2344 1987 2596 2041 dicturus
2630 1986 2797 2039 fuerit
2821 2003 2833 2037 :
2854 1985 2989 2051 Quis
3009 1986 3108 2041 tibi
3138 1987 3363 2040 Patrum
3396 1986 3536 2042 dixit

268 2104 485 2174 λέγουσι
514 2102 698 2165 πάλιν,
726 2102 807 2155 δτι
848 2098 1101 2153 τοσοῦτον
1152 2096 1269 2166 ᾔδει
1331 2093 1500 2164 αὐτὴν
1550 2088 1849 2162 εἰρημένην

269 2194 348 2265 τῷ
382 2195 522 2265 ἁγίῳ
559 2193 882 2262 ’Δθανασίῳ,
915 2192 996 2243 ὅτι
1032 2185 1185 2241 εἶπεν
1216 2203 1230 2217 ·
1284 2186 1372 2248 Ὠς
1419 2187 1467 2239 οἱ
1499 2184 1742 2254 Πατέρες
1774 2182 1853 2235 εί-

273 2287 500 2358 ρήκασι.
539 2282 685 2356 Πρὸς
722 2281 883 2335 τοῦτο
906 2279 1159 2349 λέγομεν,
1183 2277 1270 2330 ὅτι
1305 2275 1534 2338 ἕκαστος
1566 2272 1783 2328 σπεύδει
1816 2272 1851 2326 ἃ

270 2380 420 2447 λέγει
474 2376 647 2442 δεῖξαι
691 2375 819 2438 τοὺς
862 2372 1117 2443 Πατέρας
1168 2367 1481 2439 εἰρηκότας,
1535 2367 1585 2419 εί
1639 2365 1732 2419 καὶ
1774 2365 1850 2435 μὴ

272 2470 574 2536 αὐτολεξεὶ,
605 2467 744 2521 ἀλλὰ
771 2466 1022 2536 δυνάμει.
1056 2461 1444 2533 Παραφέρουσι
1478 2458 1535 2512 δὲ
1560 2458 1652 2511 καὶ
1682 2455 1853 2527 ἄλλην

272 2563 469 2632 χρῆσιν
496 2557 604 2613 ἀπὸ
643 2556 940 2628 Ἐρεχθίου,
987 2554 1136 2617 ὅστις
1183 2550 1439 2606 οὐδέποτε
1487 2546 1730 2619 ἠκούσθη
1772 2546 1853 2609 είς

275 2653 551 2723 Πατέρας,
601 2648 697 2703 καὶ⁹
749 2646 1025 2711 τοσοῦτον,
1080 2646 1163 2699 ὅτι
1225 2641 1491 2712 Τιμοθέου
1544 2637 1852 2709 γράψαντος

274 2746 420 2801 κατὰ
449 2744 551 2813 τῆς
587 2740 834 2807 συνόδου,
891 2738 987 2791 καὶ
1040 2732 1455 2807 παραγαγόντος
1502 2734 1699 2801 χρῆσιν
1744 2728 1854 2781 άπὸ

288 2833 597 2906 Ἐρεχθίου,
648 2830 831 2902 Κύρος
883 2829 913 2880 6
956 2827 1153 2887 οἰκεῖος
1212 2821 1588 2895 πρεσϐύτερος
1648 2817 1854 2889 ἔγραψε

274 2929 414 2999 πρὸς
438 2927 624 2986 αὐτὴν.
651 2925 734 2978 δτι
768 2920 996 2975 Ἠθελόν
1025 2936 1084 2972 σε
1130 2913 1531 2987 διορθώσασθαι
1566 2911 1744 2966 τοῦτο.
1798 2909 1856 2965 Ὀ

208 3059 210 3061 ›
274 3021 383 3093 γὰρ
440 3018 713 3091 Ἐρέχθιος
766 3013 1019 3069 οὐδέποτε
1060 3009 1304 3083 ἠκούσθη
1344 3011 1423 3073 εἰς
1452 3006 1721 3077 ιΙατέρας.
1765 3005 1855 3059 Ἐν

275 3113 483 3178 τούτοις
506 3115 539 3185 ἡ
572 3112 794 3184 θεωρία.

1958 2096 2122 2134 unam
2148 2088 2399 2133 naturam
2424 2079 2520 2133 Dei
2557 2078 2840 2133 Sermonis
2876 2079 3255 2133 incarnatam?
3279 2078 3533 2133 Vicissim

1956 2173 2250 2243 ingerunt,
2310 2182 2421 2226 tam
2460 2186 2580 2225 esse
2616 2178 2829 2225 certum
2858 2212 2872 2232 ,
2904 2170 3129 2225 scivisse
3180 2170 3261 2225 sic
3290 2171 3536 2224 locutum

1954 2264 2319 2319 Athanasium
2339 2304 2354 2329 ,
2387 2270 2449 2317 ut
2470 2262 2638 2317 etiam
2661 2261 2862 2317 dixerit
2894 2281 2906 2316 :
2939 2262 3413 2328 Quemadmodum
3442 2264 3540 2317 Pa~

1956 2370 2069 2417 tres
2092 2362 2262 2416 locuti
2284 2370 2436 2415 sunt.
2470 2360 2581 2414 Nos
2607 2368 2797 2415 contra
2820 2373 3095 2428 quemque
3114 2358 3352 2413 dicimus
3376 2358 3535 2423 eniti,

1957 2463 2017 2506 ut
2051 2452 2306 2507 ostendat
2332 2468 2363 2506 a
2389 2451 2649 2506 Patribus
2684 2465 2746 2504 ea
2778 2449 2990 2519 prolata
3021 2464 3143 2518 quae
3185 2449 3301 2518 ipse
3332 2447 3532 2513 tradat,

1955 2542 2001 2596 si
2038 2557 2149 2597 non
2180 2542 2374 2598 iisdem
2404 2544 2607 2607 verbis,
2640 2543 2831 2597 saltem
2873 2540 2924 2595 vi
2976 2542 3271 2596 verborum
3320 2541 3535 2596 eadem.

1960 2633 2276 2689 Producunt
2308 2643 2364 2690 et
2390 2634 2553 2689 aliam
2580 2632 2966 2689 auctoritatem
2990 2648 3057 2687 ex
3092 2632 3414 2697 Ercchthio,
3439 2647 3506 2688 cu
3524 2660 3539 2672 ·

1954 2727 2043 2796 jus
2074 2727 2219 2782 inter
2249 2727 2440 2781 Patres
2480 2740 2581 2780 nec
2621 2724 2872 2780 auditum
2900 2731 2985 2778 cst
3015 2740 3255 2792 unquam
3286 2739 3489 2778 nomen
3522 2738 3536 2777 :

1959 2819 2096 2875 adeo
2128 2819 2375 2890 quidem,
2420 2828 2481 2873 ut
2530 2834 2655 2874 eum
2680 2816 3007 2872 Timotheus
3048 2800 3236 2869 contra
3268 2815 3540 2886 synodum

1960 2910 2291 2981 scripsisset,
2306 2920 2361 2965 et
2378 2910 2764 2965 auctoritatem
2779 2907 3065 2963 Ercchthii
3091 2906 3314 2962 citasset
3330 2946 3343 2971 ,
3364 2906 3540 2976 Cyrus

1961 3002 2057 3074 qui
2096 3003 2241 3074 apud
2267 3002 2446 3073 ipsum
2476 3002 2780 3073 presbyteri
2809 3002 2931 3054 loco
2958 3007 3135 3063 esset,
3182 2998 3270 3051 his
3308 2997 3377 3051 ad
3411 3012 3541 3052 eum

1908 3105 1917 3119 '
1962 3096 2152 3152 verbis
2202 3094 2633 3166 perscripserit:
2665 3093 2880 3148 Mallem
2936 3092 3041 3145 hoc
3110 3098 3162 3145 te
3237 3088 3537 3161 corrigere.

1931 3186 2099 3241 ‘Nam
2128 3185 2413 3240 Erechthii
2463 3196 2669 3240 nomen
2718 3182 2861 3238 inter
2885 3180 3074 3238 Patres
3118 3182 3367 3238 auditum
3398 3198 3541 3236 nun-

1963 3291 2128 3350 quam
2158 3276 2281 3331 fuit.
2322 3276 2450 3333 Haec
2475 3272 2879 3331 consideranda
2906 3272 3221 3329 veniebant.

278 3516 649 3580 Recitantur
674 3510 951 3593 quadam
974 3506 1161 3570 verba
1184 3506 1410 3586 synodi
1433 3504 1979 3579 Chalcedonensis,
2012 3523 2144 3585 qua:
2176 3502 2487 3583 putabant
2512 3504 2890 3565 Istita-ntes
2910 3522 3035 3565 sua
3057 3501 3274 3568 ἤιενεεί
3299 3507 3537 3585 favere.

878 3635 1127 3692 ΠΡΛΞΙΣ
1183 3636 1259 3689 Θν.

363 3736 584 3807 Ἐπειδὴ
614 3734 671 3788 δὲ
705 3734 797 3787 καὶ
824 3732 1025 3797 λέξεων
1056 3748 1219 3784 τινων
1260 3727 1624 3798 πραττόμενοι
1667 3726 1729 3778 ὲκ
1765 3723 1857 3778 τοῦ

280 3833 410 3903 ὅρου
440 3830 541 3901 τῆς
578 3828 820 3891 συνόδου,
856 3823 1321 3894 ἐπιλαμϐάνονται
1351 3818 1521 3888 αὐτῆς
1549 3835 1561 3847 ’
1603 3818 1738 3887 φέρε
1768 3816 1862 3870 καὶ

280 3927 486 3989 ταύτας
520 3925 825 3993 ἰκθὲμενοι,
861 3919 957 3973 καὶ
1014 3915 1130 3980 πῶς
1178 3913 1643 3983 ἐπιλαμϐάνονται
1684 3907 1863 3961 αὐτῶν

282 4021 550 4082 εἰπόντες,
577 4016 804 4085 ὓστερον
833 4013 932 4075 τὰς
990 4009 1125 4081 πρὸς
1174 4005 1375 4068 ταύτας
1411 4001 1725 4073 ἀνατροπὰς
1774 4001 1866 4053 ὲπ-

282 4113 602 4182 αγάγωμεν.
635 4108 746 4176 Τῆς
797 4104 1017 4159 συνόδου
1062 4100 1242 4155 τοίνυν
1295 4095 1554 4166 εἰπούσης
1588 4110 1601 4124 ·
1667 4091 1865 4164 Ἤρκει

286 4203 388 4275 μὲν
415 4198 509 4257 οὖν
548 4202 626 4263 εἰς
660 4197 849 4266 ἐντελῆ
877 4196 977 4264 τῆς
1008 4191 1292 4253 εὐσεϐείας
1326 4189 1625 4257 ἐπίγνωσιν
1665 4184 1725 4238 τὸ
1779 4202 1864 4237 σο-

285 4296 387 4365 φδν
414 4294 573 4349 τοῦτο
595 4292 689 4345 καὶ
713 4291 979 4359 σωτήριον
1006 4288 1103 4357 τῆς
1134 4284 1285 4348 θείας
1317 4282 1541 4353 χάριτος
1574 4275 1861 4349 σύμϐολον·

284 4387 412 4457 περί
439 4403 501 4440 τε
531 4383 642 4454 γὰρ
696 4381 790 4435 τοῦ
848 4378 1084 4449 Πατρός,
1139 4377 1233 4429 καὶ
1284 4374 1377 4427 τοῦ
1427 4370 1579 4435 Υἱοῦ,
1630 4368 1724 4423 καὶ
1770 4366 1865 4421 τοῦ

286 4479 444 4549 ἁγίου
479 4476 793 4547 Πνεύματος
824 4473 1131 4527 ἐκδιδάσκει
1159 4468 1221 4522 τὸ
1252 4466 1476 4531 τέλειον,
1506 4464 1601 4517 καὶ¹
1633 4461 1726 4516 τοῦ
1755 4462 1869 4514 Κυ-

290 4571 406 4645 ρίου
438 4568 536 4641 τὴν
564 4564 977 4636 ὲνανθρώπησιν
1010 4562 1122 4625 τοῖς
1152 4560 1359 4621 πιστῶς
1381 4554 1690 4626 δεχομένοις
1722 4569 1867 4623 παρ-

290 4665 523 4734 ίστησιν.
562 4660 718 4714 Ἐστι
746 4657 803 4710 δὲ
832 4656 953 4709 λίαν
1008 4651 1322 4722 ὑπόψυχρπ
1348 4651 1381 4719 ἡ
1413 4645 1669 4713 ὲπιλαϐή.
1706 4645 1868 4716 Πρῶ-

286 4778 379 4817 τον
413 4760 510 4831 μὲν
532 4757 641 4828 γὰρ
666 4753 920 4809 τοσοῦτον
949 4751 1009 4803 ού
1067 4747 1257 4819 φρονεῖ
1308 4743 1377 4798 τὰ
1410 4740 1731 4812 Νεστορίου,
1788 4740 1872 4792 ὅτι

304 4854 558 4923 Ἰωάννης
612 4867 695 4914 τις
736 4845 1015 4915 Αἰγεώτης
1067 4838 1436 4913 πρεσϐύτερος
1482 4831 1867 4904 Νεστοριανὸς,

292 4940 798 5014 ὲπιλαμϐανόμενος
831 4938 931 5005 τῆς
959 4932 1179 4986 συνόδου
1214 4928 1399 4999 φησιν,
1436 4928 1519 4981 δτι
1567 4924 1707 4996 αὕτη
1745 4923 1868 4975 σύν-

289 5039 409 5102 οδος
438 5033 770 5107 Κυριλλιανή
800 5032 938 5087 ἐστι,
968 5026 1064 5080 καὶ
1105 5023 1175 5079 τὰ
1204 5021 1413 5107 ἐκείνου
1458 5019 1665 5107 φρονεί.

286 5124 358 5200 ἧν
412 5105 790 5194 Νεστοριανὴ,
842 5118 941 5171 οὐκ
992 5115 1058 5170 ἂν
1116 5112 1274 5166 τοῦτο
1325 5106 1470 5181 εἶχεν
1524 5108 1552 5161 6
1619 5105 1870 5172 Ἰωάννης

289 5198 488 5275 εἰπεῖν.
530 5217 761 5270 Ἔπειτα
792 5215 839 5266 εἱ
862 5210 970 5265 ἀπὸ
1002 5209 1108 5261 τῶν
1136 5205 1390 5260 τοιούτων
1414 5202 1614 5268 λέξεων
1638 5198 1872 5267 ἐπιλαμ-

289 5316 546 5372 ϐάνονται
577 5312 677 5381 τῆς
707 5306 950 5369 συνόδου,
980 5302 1123 5357 διατί
1156 5300 1231 5371 μὴ
1255 5298 1350 5354 καὶ
1380 5298 1485 5351 τῶν
1537 5295 1708 5364 ἁγίων
1763 5295 1875 5346 Πα-

289 5421 465 5477 τερων
502 5399 1007 5471 ὲπιλαμϐάνονται;
1050 5394 1159 5446 Καὶ
1195 5390 1349 5445 αὐτοὶ
1399 5388 1506 5458 γὰρ
1547 5385 1717 5439 πολλὰ
1764 5401 1875 5477 τοις

290 5474 432 5549 αὖ-τα
451 5490 732 5561 εἰρήκασι.
770 5485 910 5554 Φησὶ
938 5484 1045 5552 γὰρ
1074 5484 1101 5535 6
1136 5480 1404 5552 μακάριος
1427 5476 1696 5549 Κύριλλος
1720 5477 1777 5529 ἐν
1797 5474 1873 5545 τῷ

291 5588 374 5647 εἰς
398 5580 678 5651 Ζαχαρίαν
705 5577 795 5630 τὸν
832 5574 1116 5645 προφήτην
1153 5572 1527 5643 ὑπομνήματι,
1553 5562 1614 5622 οὗ
1648 5571 1680 5638 ἡ
1704 5567 1872 5637 ἀρχὴ,

292 5675 659 5746 Προφητεύει
693 5672 810 5741 μὲν
836 5672 868 5723 ό
898 5668 1064 5738 ἅγιος
1119 5667 1438 5735 Ζαχαρίας,
1468 5664 1663 5725 οὕτως’
1694 5663 1785 5715 Δεῖ
1814 5661 1876 5731 δὴ

291 5772 403 5841 ἄρα
432 5762 526 5821 οὖν
554 5761 811 5818 τοιούτων
842 5760 1168 5830 ἁποφοιτᾷν,
1196 5759 1291 5811 καὶ
1337 5756 1410 5821 ὡς
1465 5756 1529 5809 ὲκ
1578 5755 1681 5824 γῆς
1730 5753 1879 5807 ἁλλο-

291 5862 451 5938 τρίας
481 5860 581 5931 τῆς
611 5854 1007 5926 ἀπεψυγμένης
1043 5851 1137 5904 καὶ
1165 5851 1367 5920 νεκρᾶς
1416 5848 1506 5902 τοῦ
1559 5847 1650 5901 νοῦ
1702 5844 1882 5899 διαθέ-

296 5972 433 6020 σεως
473 5950 810 6025 μεταφοιτᾷν
840 5949 919 6011 είς
945 5945 1108 6010 Σιὼν,
1140 5942 1286 5997 τοῦτ’
1318 5944 1465 5995 ἔστιν
1518 5944 1598 6005 εἰς
1643 5942 1704 5995 τὸ
1750 5942 1882 6009 άλη-

580 6050 851 6110 Ρωίιυι..
895 6048 1011 6108 Gn.
1058 6042 1371 6110 LXXXVI.

1709 4982 1943 5069 Εξδιί)

2547 3626 2752 3683 ACTIO
2812 3626 2903 3681 IX.

2034 3722 2173 3787 Quia
2200 3735 2330 3774 vero
2366 3734 2532 3773 voces
2586 3719 2751 3773 etiam
2807 3718 3101 3793 nonnullas
3154 3720 3435 3790 carpendo
3476 3722 3546 3779 de
3632 3751 3649 3771 -.

1966 3814 2158 3887 synodi
2202 3811 2557 3874 deﬁnitione,
2588 3811 2858 3883 synodum
2884 3812 3058 3881 ipsam
3085 3814 3497 3882 reprehendunt
3530 3831 3546 3869 :

1967 3922 2087 3977 age,
2104 3917 2161 3962 et
2188 3904 2297 3961 illis
2316 3904 2603 3975 expositis,
2633 3904 2729 3959 ubi
2752 3904 3213 3974 quemadmodum
3241 3922 3335 3961 eas
3355 3924 3547 3978 reprc-

1967 4001 2247 4065 hendant,
2310 3998 2777 4064 indicaverimus;
2815 3998 2889 4052 ita
2936 3996 3136 4053 deinde
3183 3998 3548 4055 refutationes

1967 4102 2187 4149 nostras
2212 4092 2589 4164 subjiciamus.
2633 4090 2839 4161 Synodi
2865 4090 3031 4144 verba
3058 4098 3187 4144 sunt
3214 4108 3227 4145 :
3267 4090 3551 4147 Suﬂiceret

1968 4185 2191 4256 quidem
2226 4183 2292 4238 ad
2328 4182 2628 4253 perfectam
2663 4180 2884 4251 pietatis
2914 4179 3286 4250 cognitionem
3323 4190 3379 4235 et
3417 4196 3551 4235 con-

1970 4277 2359 4341 ﬁrmationem,
2379 4275 2484 4329 hoc
2501 4273 2781 4330 eruditum
2811 4287 2873 4327 ac
2900 4273 3119 4327 salubre
3143 4273 3342 4329 divinae
3365 4273 3552 4344 gratiae

1969 4368 2299 4439 symbolum,
2332 4365 2479 4435 quod
2507 4374 2562 4419 et
2594 4363 2895 4434 perlectam
2930 4362 2997 4417 de
3021 4361 3206 4429 Patre,
3234 4372 3289 4418 et
3311 4364 3468 4429 Filio,
3497 4373 3554 4419 et

1970 4461 2179 4531 Spiritu
2210 4468 2402 4516 sancto
2457 4456 2763 4512 doctrinam
2796 4455 2983 4517 tradit.
3024 4466 3080 4511 et
3114 4457 3550 4511 incarnationem

1972 4553 2191 4609 Domini
2240 4552 2477 4606 fideliter
2509 4549 2912 4619 excipientibus
2942 4548 3184 4603 exhibet.
3220 4549 3315 4601 Est
3368 4559 3553 4601 autem

1971 4666 2102 4705 sane
2120 4664 2282 4719 quam
2301 4646 2500 4717 frigida
2527 4644 2904 4714 reprehensio.
2934 4644 3119 4698 Primo
3163 4652 3373 4696 tantum
3398 4644 3555 4698 abest

1972 4755 2037 4800 ut
2055 4760 2180 4799 cum
2200 4740 2457 4798 Nestorio
2484 4737 2723 4803 sentiat,
2749 4736 3064 4791 utJoannes
3080 4735 3303 4804 quidam
3326 4734 3553 4804 [Egeota

1975 4838 2260 4909 presbyter
2288 4831 2672 4895 Nestorianus,
2703 4828 2969 4900 synodum
3004 4826 3435 4895 reprehendens,
3471 4826 3554 4881 di-

1975 4940 2129 4987 ceret
2158 4942 2278 4984 eam
2303 4924 2572 4997 synodum
2598 4936 2718 4977 esse
2746 4920 3094 4991 Cyrilliauam
3121 4959 3135 4983 ,
3187 4926 3244 4972 et
3288 4933 3317 4972 a
3365 4917 3554 4987 Cyrilli

1974 5018 2247 5075 sententia
2274 5027 2440 5071 stare.
2467 5013 2625 5081 Quod
2661 5012 2704 5067 si
2744 5010 3089 5071 Nestoriana,
3131 5022 3410 5077 nunquam
3449 5007 3558 5061 hoc

1974 5113 2214 5168 Joannes
2244 5108 2335 5163 ille
2367 5106 2617 5161 dixisset.
2661 5102 2871 5158 Deinde
2902 5102 2946 5157 si
2980 5108 3204 5171 propter
3235 5098 3553 5170 hujusmodi

1976 5220 2139 5260 voces
2183 5202 2454 5274 synodum
2500 5195 2940 5268 reprehendunt,
2979 5210 3078 5248 cur
3108 5192 3300 5247 itidem
3336 5202 3556 5248 sanctos

1977 5313 2198 5369 quoque
2224 5296 2415 5351 Patres
2439 5307 2550 5346 non
2576 5286 3029 5360 reprehendunt?
3052 5286 3187 5340 Nam
3218 5292 3273 5339 et
3297 5285 3375 5339 illi
3397 5284 3557 5356 plura

1981 5390 2109 5444 talia
2163 5387 2535 5458 protulerunt.
2588 5381 2805 5437 Etenim
2848 5380 3041 5434 beatus
3073 5378 3164 5432 ille
3207 5376 3444 5448 Cyrillus
3502 5378 3558 5431 in

1981 5482 2378 5539 commentario
2410 5477 2731 5534 Zachariam
2785 5482 2965 5529 vatem
3014 5473 3329 5527 rleclarante
3355 5514 3367 5536 ,
3396 5471 3557 5541 cujus

1977 5576 2197 5631 initium
2226 5594 2239 5628 :
2266 5574 2598 5628 Vaticinatur
2628 5568 2839 5640 quidem
2862 5575 3074 5621 sanctus
3106 5564 3198 5618 ille
3231 5557 3554 5628 Zacharias;

1976 5670 2058 5725 sic
2086 5668 2163 5722 ait
2198 5685 2210 5720 :
2246 5662 2653 5721 Discedendum
2684 5661 2852 5732 igitur
2876 5676 2905 5714 a
2952 5660 3176 5723 talibus,
3218 5668 3273 5713 et
3300 5674 3329 5712 a
3356 5656 3556 5711 mentis

1977 5761 2267 5817 aﬂ‘ectionc
2296 5758 2469 5830 rigida
2489 5764 2838 5825 mortuaque,
2858 5754 3012 5808 velut
3028 5768 3058 5808 e
3075 5762 3223 5807 terra
3243 5750 3558 5822 peregrina,

1979 5851 2378 5909 transeundum
2409 5848 2477 5903 ad
2513 5849 2761 5911 Sionem.
2783 5847 2888 5900 hoc
2911 5854 3016 5909 est,
3041 5843 3109 5898 ad
3139 5843 3427 5898 veritatem
3455 5881 3467 5900 ,
3501 5845 3562 5893 ιιι

1980 5945 2273 5999 Ecclesiam
2296 5942 2503 5998 ChriSti
2538 5940 2978 6004 consideremus,
3018 5938 3071 5992 in
3104 5951 3211 6005 qua
3245 5928 3561 5994 constituti.

3127 6030 3205 6089 ιο
