4068 6530
358 430 491 509 12M

1559 427 1654 495 DE
1689 427 1971 494 SECTIS.
1997 448 2065 468 -‘-‘-
2106 428 2271 495 ACT.
2343 433 2415 493 X.

3490 430 3629 497 1262

351 556 532 611 πάντα
560 550 810 622 ἐγίνετο.
853 545 1026 604 Πάλιν
1059 546 1116 601 ὲν
1141 545 1313 617 ἑτέρῳ
1346 562 1360 580 ο
1391 546 1476 600 ὅτι
1509 546 1627 600 Κᾶν
1654 546 1729 616 μὴ
1758 546 1925 615 ἡττή-

2048 545 2278 601 licatur:
2307 560 2415 600 non
2452 545 2597 600 enim
2638 544 2785 617 quod
2812 561 2922 603 non
2950 553 3092 614 erat,
3121 546 3277 619 quasi
3316 547 3362 604 si
3387 563 3631 619 praesens

354 665 487 718 ματι
517 645 731 715 φύσεως
782 642 1064 697 συνέϐαινε
1092 640 1162 694 τά
1204 639 1491 709 λεγόμενα,
1526 638 1642 693 ἀλλ’
1671 637 1929 703 ἐπιδείξει

2048 642 2199 699 esset,
2226 634 2487 705 protulit:
2522 650 2587 691 ac
2609 636 2653 691 si
2684 638 2867 707 specie
2902 646 3063 693 tenus
3100 637 3317 703 tierent,
3344 655 3467 710 qua:
3508 640 3627 696 ﬁeri

352 737 644 808 ὑπάρξεως
672 736 883 804 ἐγίνετο
910 732 978 787 τὰ
1008 730 1290 801 γινόμενα.

2036 726 2397 792 dicebantur;
2426 727 2631 798 quippe
2658 738 2855 783 natura
2880 739 2937 785 et
2963 745 3093 784 vere
3156 731 3342 785 omnia
3395 731 3625 787 ﬁebant.

353 833 567 888 Rursus
588 830 719 886 alibi
741 846 754 882 :
776 828 896 884 Non
921 826 1137 881 defectu
1157 831 1366 879 natum
1387 831 1569 877 tamen
1626 819 1975 884 accidebant,
2017 835 2140 890 qua:
2170 819 2542 886 dicebantur;
2575 820 2671 895 sed
2706 836 2829 891 qua:
2898 821 3105 878 ﬁebant
3186 824 3630 880 demonstrandae

352 938 517 978 causa
548 920 872 977 Substantizn
899 918 1124 972 fiebant.

423 1019 591 1072 ’Ὥστε
628 1018 678 1070 εἰ
716 1016 809 1068 τὸν
847 1013 1009 1069 αὑτὸν
1042 1014 1178 1083 ἡμῖν
1203 1012 1405 1083 τρόπον
1437 1010 1697 1081 ἔπασχεν,
1727 1009 1788 1062 οὐ
1851 1006 1937 1060 δυ·

354 1106 567 1178 νάμεθα
612 1107 788 1159 εἰπεῖν
830 1102 964 1156 αὐτὸ
998 1100 1295 1171 ἄφθαρτον,
1334 1098 1525 1170 ὥσπερ
1565 1096 1772 1152 οὐδὲτὸ
1798 1095 1937 1167 ἡμέ-

352 1214 532 1269 τερον.
595 1197 705 1250 Καὶ
755 1192 1072 1265 ἀποροῦμεν
1125 1190 1383 1260 τοιαύτην
1433 1189 1687 1261 ἀπορίαν,
1741 1190 1820 1242 ὅτι
1872 1187 1936 1240 Et

354 1293 635 1365 ἄφθαρτον
653 1290 836 1358 λέγετε
856 1289 917 1343 τὸ
936 1288 1095 1359 σῶμα
1110 1287 1202 1341 τοῦ
1219 1285 1481 1357 Χριστοῦ,
1510 1286 1611 1339 οὐκ
1633 1284 1779 1338 ἐστιν
1804 1285 1938 1355 ἡμῖν

353 1384 662 1455 όμοούσιον,
700 1383 748 1435 εἰ
787 1382 846 1433 τὸ
883 1380 980 1450 μὲν
1010 1377 1105 1431 τοῦ
1149 1375 1385 1447 Χριστοῦ
1417 1373 1691 1445 ἄφθαρτόν
1715 1374 1849 1436 ἐστι,
1880 1371 1942 1424 τὸ

359 1479 414 1531 δὲ
446 1476 718 1547 ἡμέτερον
774 1471 1035 1541 φθαρτόν.
1071 1468 1233 1522 Ἀλλὰ
1265 1467 1399 1538 πρὸς
1439 1465 1597 1518 τοῦτο
1634 1463 1941 1518 ἀντείποιεν

356 1569 425 1623 ἀν
459 1567 553 1620 καὶ
590 1565 765 1630 αὐτοὶ,
811 1564 892 1617 ὅτι
930 1564 1025 1615 “Ov
1055 1562 1258 1630 τρόπον
1316 1558 1457 1628 μετά
1510 1555 1941 1627 τὴνεάνάστασιν

354 1659 633 1730 ἄφθαρτον
663 1657 912 1724 λέγοντες
934 1654 995 1707 τὸ
1037 1652 1196 1721 σῶμα
1231 1649 1325 1704 τοῦ
1361 1646 1622 1719 Χριστοῦ,
1657 1646 1943 1717 ὀμοούσιον

354 1752 545 1819 λέγετε
570 1747 701 1801 αὐτὸ
722 1743 883 1805 εἶναι.
916 1744 1006 1799 τὸν
1037 1742 1199 1797 αὑτὸν
1245 1740 1446 1813 τρόπον
1489 1738 1585 1793 καὶ
1635 1739 1802 1809 ἡμεῖς
1836 1735 1942 1808 πρὸ

355 1844 454 1913 τῆς
478 1840 835 1901 ἀναστάσεως
855 1836 1131 1906 ἄφθαρτον
1158 1834 1431 1902 λέγοντες,
1476 1830 1763 1902 ὁμοούσιον
1806 1830 1939 1898 ἡμῖν

355 1932 730 2005 ὁμολογοῦμεν
760 1924 923 1982 εἶναι.
964 1927 1158 1997 Ἡμεῖς
1197 1925 1255 1978 δὲ
1302 1923 1559 1993 λέγομεν,
1609 1923 1690 1975 ὅτι
1726 1922 1787 1973 Εἰ
1843 1920 1939 1973 καὶ

356 2025 633 2096 ἄφθαρτον
662 2020 795 2075 αὐτὸ
823 2017 1195 2088 ὁμολογοῦμεν
1233 2015 1372 2084 μετά
1399 2014 1500 2084 τὴν
1531 2012 1850 2071 ἀνάστασιν,
1876 2010 1936 2062 οὐ

354 2120 422 2189 τῇ
450 2115 609 2187 φύσει
637 2113 867 2182 λέγομεν
896 2109 1025 2162 αὐτὸ
1063 2106 1362 2176 ἄφθαρτον,
1407 2105 1473 2173 τῇ
1502 2102 1559 2155 δὲ
1612 2101 1818 2172 χάριτι.
1878 2100 1939 2151 Et

354 2210 412 2264 δὲ
440 2207 876 2272 εῖπωσιν,Ἔστω
893 2202 988 2254 καὶ
1013 2199 1122 2271 πρὸ
1151 2198 1251 2267 τῆς
1278 2195 1627 2257 ἀναστάσεως
1653 2196 1720 2263 τῇ
1756 2193 1938 2262 χάριτι

355 2300 631 2372 ἄφθαρτον
658 2315 673 2329 ·
701 2297 958 2366 λέγομεν,
992 2293 1074 2346 ὅτι
1115 2290 1188 2343 Οὐ
1230 2289 1503 2359 συγχωρεῖ
1529 2285 1686 2340 τοῦτο
1716 2286 1785 2336 τὰ
1810 2283 1940 2353 περὶ

355 2394 450 2449 τοῦ
486 2388 727 2463 Χριστοῦ
752 2388 1023 2456 λεγόμενα
1049 2401 1063 2414 °
1103 2383 1211 2456 πρὸ
1255 2383 1354 2452 μὲν
1385 2380 1493 2452 γὰρ
1549 2379 1649 2449 τῆς
1701 2375 1938 2430 ἀναστά-

356 2502 497 2548 σεως
522 2480 859 2551 λέγεταικαὶ
897 2476 1177 2546 πεινῆσαι,
1222 2474 1317 2528 καὶ
1366 2472 1609 2542 διψῆσαι.
1668 2470 1779 2522 Καὶ
1824 2466 1940 2529 πῶς

356 2579 424 2632 ἀν
452 2577 539 2645 εἴη
566 2576 628 2628 τὸ
649 2571 825 2627 ταῦτα
845 2567 1131 2629 πεπονθὸς,
1173 2565 1450 2634 ἄφθαρτον
1482 2578 1498 2629 ;
1538 2560 1695 2617 Μετὰ
1739 2560 1797 2612 δὲ
1841 2557 1939 2628 τὴν

356 2667 661 2723 ἀνάστασιν
687 2663 840 2716 οὐδὲν
860 2660 970 2713 τῶν
993 2656 1249 2710 τοιούτων
1272 2653 1473 2707 ἔπαθεν
1496 2668 1511 2683 ο
1533 2650 1608 2713 ὡς
1629 2649 1806 2718 δῆλον,
1833 2646 1940 2717 πρὸ

360 2762 461 2832 μὲν
494 2760 596 2829 τῆς
617 2754 992 2817 ἀναστάσεως,
1030 2748 1269 2821 φθαρτὸν
1295 2744 1440 2800 εἷναι
1472 2745 1534 2798 τὸ
1574 2743 1758 2812 σῶμα,
1798 2738 1939 2812 μετά

356 2855 415 2909 δὲ
453 2852 552 2924 τὴν
597 2851 916 2910 ἀνάστασιν,
945 2844 1241 2913 ἄφθαρτον.
1298 2842 1362 2893 Εἰ
1412 2837 1520 2908 γάρ
1576 2836 1671 2890 καὶ
1718 2832 1939 2901 λέγεται

357 2946 557 3015 φαγεῖν
608 2942 747 3014 μετὰ
790 2940 889 3010 τὴν
934 2937 1248 2995 ἀνάστασιν,
1299 2931 1458 2985 τοῦτο
1506 2929 1575 2984 δι’
1629 2925 1940 2996 οἰκονομίαν

357 3038 614 3106 ἐποίησεν
638 3051 650 3064 ·
683 3033 782 3101 οὐχ
812 3030 889 3093 ὡς
926 3028 1005 3096 τῷ
1038 3028 1151 3079 ὄντι
1205 3024 1427 3084 πεινῶν,
1477 3021 1591 3075 ἀλλ’
1648 3020 1736 3074 ἴνα
1788 3016 1941 3090 δείξῃ

353 3133 471 3193 τοῖς
502 3126 775 3198 μαθηταῖς
805 3122 991 3184 αὐτοῦ,
1028 3120 1111 3172 ὅτι
1140 3117 1302 3179 αὑτός
1335 3120 1484 3168 ἐστιν
1528 3114 1557 3165 ὁ
1598 3109 1835 3174 ἀναστὰς
1873 3110 1939 3163 ὲκ

356 3220 567 3290 νεκρῶν
595 3236 608 3249 ⁸
640 3218 699 3270 ὃν
727 3216 928 3287 τρόπον
982 3212 1078 3265 καὶ
1102 3211 1225 3272 τοὺς
1251 3208 1455 3269 τύπους
1503 3206 1612 3257 τῶν
1662 3204 1807 3273 ἥλιον
1857 3202 1944 3255 λέ-

358 3329 515 3382 γεται
549 3307 816 3372 ἐπιδεῖξαι
855 3305 1062 3366 αὐτοῖς.
1100 3300 1293 3354 Καίτοι
1321 3300 1485 3371 ἡμεῖς
1513 3297 1663 3350 οὐδὲν
1700 3297 1808 3347 τῶν
1839 3292 1946 3362 πρὸ

359 3406 460 3476 τῆς
483 3401 837 3461 ἀναστάσεως
864 3395 1057 3451 παθῶν
1084 3391 1427 3463 ἀνιστάμεθα
1444 3390 1675 3462 ἔχοντες.
1695 3386 1947 3459 Ἀπαρχὴ

360 3494 418 3549 δὲ
448 3494 548 3563 τῆς
580 3494 645 3545 ὲκ
666 3488 879 3560 νεκρῶν
913 3485 1070 3557 ἡμῶν
1107 3482 1456 3545 ἀναστάσεως
1481 3483 1509 3535 ὁ
1541 3481 1795 3550 Χριστός.
1838 3478 1949 3532 Καὶ

363 3587 513 3657 ὅμως
537 3586 698 3646 αὐτὸς
738 3580 938 3653 εὑρέθη
971 3580 1112 3649 ἔχων
1140 3592 1157 3619 ο-
1188 3577 1262 3638 ὡς
1297 3575 1475 3645 δῆλον,
1512 3574 1593 3627 ὃτι
1638 3572 1705 3627 δι’
1750 3574 1951 3625 οἰκονο-

368 3680 497 3748 μίαν
534 3676 695 3729 τοῦτο
723 3675 968 3742 γέγονεν.
1004 3669 1228 3740 Ἀμέλει
1276 3668 1399 3721 οὐδὲ
1448 3667 1596 3735 λέγει
1648 3668 1682 3736 ἡ
1737 3662 1948 3734 Γραφὴ,

364 3771 447 3824 ὅτι
477 3769 785 3838 ὲπείνησεν,
812 3765 927 3819 ἀλλ’
961 3766 1043 3818 ὅτι
1087 3763 1311 3831 ἔφαγεν.
1353 3759 1679 3828 Ἑπιστῆσαι
1717 3757 1773 3809 δὲ
1809 3756 1948 3818 δέον,

363 3864 450 3917 ὅτι
473 3860 856 3932 παραφέρουσι
898 3857 1127 3928 χρήσεις
1171 3853 1325 3917 τινὰς
1357 3852 1466 3908 ἀπὸ
1523 3853 1634 3905 τῶν
1693 3849 1953 3920 Πατέρων

367 3957 644 4026 ἄφθαρτον
680 3952 742 4005 τὸ
776 3951 936 4022 σῶμα
978 3947 1074 4001 τοῦ
1112 3945 1354 4020 Χριστοῦ
1404 3944 1670 4014 λεγούσας
1698 3959 1715 3974 ⁸
1765 3942 1954 4013 {bo-nep

367 4049 465 4103 καὶ
493 4048 584 4101 τδν
609 4045 880 4116 μακάριον
917 4040 1190 4114 Κύριλλον
1247 4039 1495 4097 εἰπόντα,
1553 4038 1635 4091 ὅτι
1688 4037 1801 4105 Ούχ
1855 4036 1957 4089 ύπ-

367 4140 586 4205 εδέξατο
634 4136 872 4207 φθαρτὸν
925 4136 958 4204 ἡ
1006 4132 1101 4186 τοῦ
1158 4134 1333 4201 Λόγου
1368 4132 1550 4203 σάρξ·
1585 4131 1711 4184 ὅταν
1753 4129 1808 4181 δὲ
1856 4128 1955 4191 τὰς

364 4231 623 4293 τοιαύτας
657 4219 1027 4300 παραγάγωσι
1062 4226 1309 4296 χρήσεις,
1366 4222 1682 4292 ἐπισκέψαι,
1745 4221 1826 4275 ὅτι
1862 4220 1957 4289 ὁμο

365 4324 581 4395 ὡνυμόν
597 4325 712 4375 ἐστι
731 4321 903 4390 τὸτῆς
926 4318 1132 4388 φθορᾶς
1153 4317 1344 4386 δνομα.
1371 4316 1603 4384 Λέγεται
1625 4316 1732 4385 γὰρ
1756 4312 1952 4384 φθορὰ,

367 4417 402 4486 ή
435 4411 704 4484 παντελὴς
744 4409 986 4470 διάλυσις
1022 4406 1119 4461 τοῦ
1162 4406 1414 4477 σώματος
1458 4406 1539 4469 εἰς
1577 4404 1645 4458 τὰ
1692 4406 1951 4475 στοιχεῖα,

2106 1001 2171 1056 ll.
2195 999 2561 1073 Quapropter,
2581 1002 2625 1059 si
2645 1003 2840 1061 eodem
2872 1005 3162 1061 nobiscum
3183 1022 3348 1063 ωοοο
3376 1012 3595 1080 patieba
3616 1043 3629 1057 ο

2040 1100 2154 1158 tur,
2192 1108 2303 1148 non
2334 1110 2627 1165 possumus
2651 1096 2700 1151 ei
2738 1113 2939 1168 corpus
2969 1100 3395 1174 incorruptibile
3418 1106 3645 1161 tribue--

2038 1201 2115 1251 re,
2150 1186 2313 1241 sicuti
2344 1203 2413 1242 ne
2444 1188 2606 1244 nobis
2634 1189 2878 1259 quidem.
2908 1191 3169 1263 Adeoque
3222 1195 3329 1250 tale
3362 1197 3629 1266 quiddam

2039 1277 2123 1333 eis
2145 1278 2438 1350 objicimus
2465 1296 2478 1335 :
2538 1281 2594 1337 Si
2621 1281 2826 1338 Christi
2862 1299 3063 1354 corpus
3089 1286 3515 1358 incorruptibile
3543 1291 3630 1346 di~

2040 1368 2185 1431 citis,
2222 1370 2592 1440 nonejnsde'm
2629 1381 2714 1427 est
2739 1373 3025 1430 nobiscum
3062 1376 3385 1433 substantiae
3410 1396 3423 1432 :
3451 1394 3630 1448 quan-

2042 1460 2114 1515 do
2140 1476 2342 1532 corpus
2378 1462 2525 1518 illius
2553 1464 3265 1535 incorruptibile,nostrum
3295 1479 3379 1525 est
3430 1485 3630 1527 corru-

2043 1552 2259 1624 ptibile.
2297 1554 2404 1609 Sed
2435 1555 2689 1612 fortassis
2720 1558 2787 1613 ad
2814 1559 2919 1615 hoc
2941 1561 3045 1630 ipsi
3072 1561 3317 1618 vicissim
3344 1562 3586 1619 inferent
3609 1605 3627 1630 ,

2043 1657 2153 1711 quo
2201 1642 2365 1697 modo
2400 1659 2502 1699 nos
2534 1660 2565 1700 a
2606 1648 3018 1704 resurrectione
3066 1648 3274 1705 Christi
3302 1663 3507 1720 corpus
3540 1651 3628 1705 in-

2043 1736 2406 1804 corruptibile
2456 1738 2727 1805 dicentes,
2790 1741 3152 1797 nihilominus
3202 1742 3452 1813 ejusdem
3505 1758 3630 1800 esse

1973 1815 2014 1872 Β
2043 1824 2333 1880 nobiscum
2363 1828 2682 1884 substantiae
2716 1831 2998 1886 tradamus
3027 1849 3040 1885 :
3078 1832 3272 1887 eodem
3317 1848 3378 1887 se
3407 1847 3647 1904 quoque.

2046 1916 2210 1972 modo
2238 1917 2485 1975 dicentes
2517 1920 2661 1975 idem
2687 1931 2815 1977 ante
2856 1923 3317 1979 resurrectionem
3372 1925 3628 1981 incorru-

2048 2009 2240 2079 ptibile
2297 2011 2660 2067 nihilominus
2718 2014 2965 2084 ejusdem
3002 2030 3122 2071 esse
3175 2016 3462 2072 nobiscum
3498 2018 3630 2073 sub—

2050 2103 2269 2157 stantia:
2315 2103 2497 2159 fateri.
2558 2105 2762 2161 Verum
2800 2123 2904 2161 nos
2942 2109 3628 2178 respondemus:Etiamsi

2047 2204 2163 2263 post
2204 2197 2666 2251 resurrectionem
2703 2198 3124 2270 incorruptibile
3175 2200 3481 2268 fateamur,
3515 2218 3629 2258 non

2047 2295 2230 2341 tamen
2287 2302 2318 2341 a
2370 2288 2534 2344 nobis
2577 2290 3002 2362 incorruptibile
3075 2300 3273 2348 natura
3334 2294 3468 2361 dici,
3530 2294 3631 2350 sed

2047 2379 2237 2448 gratia.
2274 2381 2329 2436 Si
2357 2382 2695 2454 subjecerint
2721 2402 2734 2437 :
2763 2384 2937 2439 Etiam
2985 2393 3114 2441 ante
3162 2387 3628 2443 resurrectionem

2048 2472 2472 2544 incorruptibile
2496 2491 2596 2545 per
2624 2478 2856 2547 gratiam
2897 2486 3016 2532 esto
3051 2494 3065 2531 :
3110 2477 3349 2533 dicimus
3379 2494 3491 2539 non
3523 2478 3632 2534 hoc

2046 2578 2109 2617 ea
2145 2563 2467 2632 permittere
2511 2580 2633 2634 quae
2674 2565 2742 2619 de
2782 2564 3004 2621 Christo
3042 2567 3342 2621 traduntur
3376 2584 3391 2621 :
3421 2568 3630 2623 etenim

2049 2663 2176 2709 ante
2203 2656 2671 2711 resurrectionem
2694 2666 2751 2713 et
2778 2658 3044 2713 esuriisse
3069 2659 3295 2724 dicitur,
3319 2669 3376 2715 et
3398 2659 3626 2716 sitiisse.

2047 2744 2166 2811 Quo
2197 2755 2379 2800 autem
2416 2747 2579 2803 modo
2625 2748 3046 2819 incorruptibile
3085 2749 3284 2815 fuerit,
3318 2754 3467 2821 quod
3497 2754 3627 2810 talia

2049 2851 2270 2904 passum
2298 2837 2427 2890 est?
2459 2837 2530 2892 At
2564 2847 2687 2907 post
2719 2841 3187 2895 resurrectionem
3216 2841 3358 2897 nihil
3388 2844 3497 2899 tale
3530 2859 3627 2901 ac-

2048 2927 2221 2981 cidit:
2278 2928 2425 2983 unde
2482 2937 2666 2997 potest
2714 2938 2843 2986 ante
2908 2933 3376 2989 resurrectionem
3426 2950 3629 3006 corpus

2045 3018 2218 3074 fuisse
2247 3021 2627 3090 corruptibile,
2649 3034 2772 3092 post
2790 3025 3257 3082 resurrectionem
3291 3027 3623 3100 incorrupti-

2045 3111 2322 3169 bile.Nam
2347 3115 2494 3184 quod
2538 3115 2718 3170 edisse
2740 3126 2865 3186 post
2910 3120 3379 3176 resurrectionem
3398 3122 3627 3191 dicitur,

2048 3205 2102 3261 id
2148 3221 2279 3262 vero
2308 3222 2408 3277 per
2440 3206 2907 3278 dispensationem
2942 3211 3110 3267 fecit:
3140 3229 3249 3269 non
3274 3215 3403 3285 quia
3437 3230 3630 3271 revera

2046 3299 2306 3363 esuriret,
2331 3298 2424 3353 sed
2451 3299 2531 3352 uti
2554 3298 2843 3369 discipulis
2864 3302 2981 3358 suis
3007 3305 3349 3371 ostenderet,
3382 3307 3631 3377 seipsum

2047 3407 2168 3446 esse
2219 3391 2314 3461 qui
2368 3390 2438 3447 de
2494 3392 2728 3447 mortuis
2762 3396 3156 3453 resurrexisset
3194 3415 3207 3451 :
3243 3414 3354 3468 quo
3402 3400 3632 3470 quidem

2050 3482 2214 3537 modo
2244 3482 2528 3537 clavorum
2567 3498 2791 3554 quoque
2839 3485 3130 3544 cicatrices
3172 3490 3257 3545 eis
3292 3501 3633 3549 monstrasse

2050 3572 2278 3628 dicitur.
2316 3573 2483 3642 Atqui
2510 3589 2614 3629 nos
2647 3574 2722 3629 ita
2752 3591 3110 3648 resurgemus
3144 3588 3205 3635 ut
3242 3596 3435 3637 earum
3490 3586 3635 3642 nulli

2050 3665 2370 3733 passionum
2393 3666 2617 3719 obnoxii
2635 3666 2810 3721 simus
2825 3707 2839 3731 ,
2860 3683 2999 3737 quas
3019 3680 3146 3725 ante
3161 3675 3630 3735 resurrectionem

2052 3756 2392 3826 experimur.
2420 3756 2643 3811 [nterim
2678 3757 2939 3827 primitiae
2972 3763 3401 3821 resurrectionis
3430 3776 3637 3824 nostra:

2054 3849 2123 3905 de
2147 3850 2383 3905 mortuis
2405 3850 2664 3907 Christus
2688 3858 2772 3907 est
2792 3893 2806 3917 ,
2837 3862 2894 3908 et
2916 3862 3101 3910 tamen
3127 3856 3245 3913 haec
3265 3857 3357 3915 ille
3379 3871 3637 3931 repertus

2056 3949 2139 3998 est
2168 3942 2376 3997 habere
2414 3960 2429 3996 :
2465 3943 2534 3998 de
2580 3959 2691 4013 quo
2738 3945 3091 4001 manifestum
3127 3963 3213 4005 est
3268 3950 3321 4005 id
3362 3968 3485 4008 esse
3534 3971 3637 4026 per

2055 4033 2525 4102 dispensationem
2556 4033 2783 4088 factum.
2814 4036 2883 4091 Et
2920 4039 3141 4108 quidem
3194 4041 3477 4112 Scriptura
3526 4063 3636 4102 non

2055 4123 2191 4179 dicit
2219 4140 2343 4179 eum
2374 4125 2660 4188 esuriisse,
2682 4126 2777 4181 sed
2810 4130 3140 4186 comedisse.
3177 4132 3475 4190 Sciendum
3501 4154 3639 4194 vero

2054 4215 2290 4285 proferri
2323 4216 2391 4270 ab
2422 4216 2502 4271 eis
2537 4218 2799 4286 quasdam
2829 4220 3052 4275 Patrum
3085 4226 3448 4284 auctoritates
3469 4268 3484 4292 ,
3515 4246 3641 4300 qua:

2057 4308 2479 4377 incorruptibile
2511 4308 2717 4365 Christi
2759 4326 2962 4381 corpus
2989 4313 3209 4383 dicunt;
3248 4318 3390 4374 sicut
3435 4328 3492 4375 et
3530 4321 3641 4393 Cy-

2057 4400 2242 4453 rillum
2286 4399 2569 4470 allegant,
2632 4399 2720 4455 his
2783 4403 3012 4459 verbis:
3065 4405 3213 4461 Nihil
3272 4411 3641 4480 corruptibile

367 4506 427 4573 se
464 4498 539 4560 ὧν
585 4502 844 4571 συνετέθη
875 4518 888 4531 ·
927 4501 1021 4553 καλ⁸
1051 4498 1272 4567 λέγεται
1302 4498 1495 4569 φθορὰ,
1530 4497 1601 4550 τὰ
1633 4496 1945 4566 ἀνθρώπινα

2058 4490 2301 4559 suscepit
2354 4505 2486 4544 caro
2533 4490 2839 4547 Sermonis.
2892 4493 3001 4549 Sed
3051 4497 3275 4565 quoties
3318 4498 3639 4568 hujusmodi

368 4597 541 4652 ταῦτα
567 4592 737 4666 πάθη,
766 4593 913 4648 τοῦτ’
952 4591 1158 4645 ἔστιτὸ
1196 4594 1412 4661 πεινῃν,
1470 4589 1565 4642 καὶ
1611 4588 1796 4659 διψῆν,
1854 4588 1952 4643 καὶ

367 4689 468 4742 ὅσα
500 4686 750 4741 τοιαῦτα.
779 4685 948 4737 Ὅταν
988 4677 1080 4734 οὖν
1112 4679 1243 4751 εἴπῃ
1270 4697 1355 4741 τις
1383 4678 1492 4731 τῶν
1531 4679 1812 4749 Πατέρων,
1869 4679 1952 4731 ὅτι

369 4781 468 4849 οὐχ
505 4780 769 4848 ὑπέμεινε
803 4774 1013 4846 φθοράν
1040 4772 1103 4825 τὸ
1129 4770 1289 4841 σῶμα
1336 4770 1431 4823 τοῦ
1483 4769 1740 4839 Χριστοῦ,
1796 4769 1953 4821 τοῦτο

370 4872 543 4940 λέγει,
577 4871 661 4923 ὅτι
689 4869 750 4922 ού
779 4866 1026 4937 διαμπὰξ
1052 4863 1215 4932 ἐλύθη
1252 4880 1264 4892 ·
1307 4863 1446 4931 ὅπερ
1481 4861 1679 4930 ἀληθὲς
1709 4862 1866 4929 δῆλον
1893 4860 1953 4924 ἐξ

371 4957 447 5017 ὧν
475 4963 871 5031 ἀντιλέγουσιν.
908 4958 999 5011 Ἐν
1030 4954 1246 5018 πολλοῖς
1296 4954 1403 5023 γὰρ
1443 4953 1548 5023 πρὸ
1590 4953 1688 5022 τῆς
1722 4949 1953 5006 ἀναστά-

311 5037 315 5041 ’
375 5073 513 5119 crsu);
543 5054 783 5125 φθαρτὸν
816 5051 949 5104 αὐτὸ
977 5048 1219 5116 λέγουσι,
1253 5045 1391 5117 μετά
1429 5044 1486 5096 δὲ
1508 5043 1606 5114 τὴν
1634 5043 1949 5107 ἀνάστασιν,

374 5147 672 5219 ἄφθαρτον.
700 5143 806 5198 Καὶ
832 5140 1073 5197 τοσαῦτα
1110 5139 1207 5211 μὲν
1234 5137 1363 5208 περὶ
1392 5135 1710 5189 Γαῖανιτῶν.

2057 4583 2417 4637 auctoritates
2445 4582 2757 4652 proferunt,
2782 4586 3248 4643 considerandum
3271 4591 3444 4655 venit,
3466 4594 3642 4662 aequi-

2055 4689 2252 4728 vocum
2302 4689 2423 4729 esse
2477 4676 2883 4745 corrruptionis
2923 4680 3274 4735 vocabulum.
3322 4682 3459 4739 Nam
3510 4700 3641 4742 cor-
3706 4720 3709 4723 -

2055 4765 2238 4835 rpptio
2259 4765 2467 4820 dicitur
2487 4766 2649 4835 plena
2674 4767 2968 4822 dissolutio
2986 4771 3236 4840 corporis
3260 4773 3316 4827 in
3340 4774 3638 4842 elementa,

2056 4856 2123 4910 de
2136 4855 2341 4925 quibus
2360 4858 2726 4925 compositum
2751 4857 2885 4913 fuit:
2905 4859 3207 4932 itidemque
3223 4866 3640 4936 corruptionem

2054 4961 2317 5002 vocamus
2348 4946 2670 5003 affectiones
2702 4950 2819 5004 sive
2857 4952 3145 5020 passiones
3179 4955 3301 5012 illas
3344 4957 3637 5027 humanas,

2058 5048 2119 5093 ut
2172 5039 2411 5104 esurire,
2447 5038 2626 5105 sitire,
2658 5056 2889 5112 quasque
2923 5054 3051 5099 sunt
3084 5048 3203 5117 ejus
3252 5051 3471 5119 generis
3505 5051 3636 5109 alia.

2057 5132 2194 5188 Cum
2241 5148 2373 5203 ergo
2407 5134 2632 5187 Patrum
2684 5135 2883 5206 aliquis
2926 5136 3132 5194 dixerit
3173 5139 3381 5197 Christi
3435 5160 3639 5217 corpus

375 5259 487 5297 non
518 5241 847 5298 sustinuisse
879 5236 1313 5307 corruptionem,
1344 5234 1451 5289 hoc
1486 5232 1751 5287 nimirum
1785 5230 1939 5297 dicit,
1979 5246 2088 5285 non
2127 5246 2354 5299 prorsus
2420 5229 2593 5284 fuisse
2659 5230 2990 5287 dissolutum
3038 5250 3052 5287 :
3082 5236 3229 5303 quod
3280 5252 3414 5294 sane
3445 5256 3637 5298 verum

376 5353 533 5404 esse,
582 5337 650 5392 de
697 5334 993 5392 contrariis
1023 5346 1218 5388 eorum
1266 5330 1431 5385 dictis
1481 5336 1651 5399 patet.
1682 5326 1947 5384 Pluribus
1983 5327 2130 5381 enim
2168 5326 2222 5380 in
2263 5325 2400 5380 locis
2429 5332 2560 5380 ante
2592 5328 3053 5384 resurrectionem
3119 5331 3299 5402 ipsum
3360 5352 3482 5393 esse
3509 5354 3638 5396 cor-

375 5428 642 5503 ruptibile
672 5427 923 5493 tradunt,
951 5434 1077 5496 post
1117 5422 1589 5479 resurrectionem
1619 5417 2063 5489 incorruptibile.
2096 5418 2334 5471 Tantum
2365 5416 2433 5471 de
2465 5416 2754 5473 Gaianitis.

445 5527 511 5580 Oi
545 5524 603 5579 δὲ
649 5522 936 5592 Ἀγνοηταὶ
974 5521 1152 5575 πάντα
1197 5516 1586 5589 ὁμολογοῦντες
1628 5515 1705 5579 ὡς
1737 5516 1786 5568 οἱ
1821 5514 1952 5567 Θεο-

373 5618 632 5683 δοσιανοὶ,
663 5617 744 5678 εἰς
766 5614 924 5668 τοῦτο
951 5611 1332 5682 διαφωνοῦσιν,
1363 5611 1443 5663 ὅτι
1462 5609 1513 5661 οἱ
1548 5608 1646 5679 μὲν
1670 5605 1951 5660 Θεοδοσια-

373 5710 456 5764 vei.
484 5710 543 5763 οὐ
573 5707 824 5777 λέγουσιν
863 5705 1077 5775 ἀγνοεῖν
1106 5702 1167 5757 τὸ
1202 5700 1541 5773 ἀνθρώπινον
1565 5699 1659 5753 τοῦ
1689 5694 1950 5769 Χριστοῦο

372 5802 424 5854 οἱ
450 5801 528 5864 δὲ,
558 5802 797 5869 ἀγνοεῖν.
822 5796 980 5853 Κατά
1000 5795 1179 5850 πάντα
1207 5794 1337 5865 γὰρ,
1363 5792 1547 5861 φασὶν,
1588 5790 1765 5844 ἔοικεν
1795 5790 1947 5860 ἡμῖν.

374 5892 438 5945 El
465 5892 520 5945 ὀὶ
550 5888 1056 5961 ἀγνοοῦμενήμεῖς,
1093 5885 1334 5957 δηλονότι
1389 5885 1483 5939 καὶ
1526 5882 1687 5945 αὐτὸς
1739 5881 1948 5950 ἠγνόει.

2133 5513 2221 5566 lll.
2255 5512 2516 5582 Agnoeta:
2550 5527 2681 5568 vero
2714 5513 3043 5572 confitentes
3075 5519 3260 5574 omnia
3295 5536 3418 5590 qua:
3452 5520 3636 5579 Theo-

2062 5604 2273 5659 dosiani
2299 5646 2313 5668 ,
2349 5604 2664 5674 discrepant
2708 5607 2761 5661 in
2794 5607 2919 5672 hoc,
2948 5609 3095 5679 quod
3122 5610 3328 5668 Christi
3377 5614 3637 5670 humani-

2061 5706 2224 5751 tatem
2256 5697 2508 5767 ignorare
2537 5696 2905 5755 Theodosiani
2936 5714 3177 5775 negant,
3228 5705 3338 5762 illis
3385 5706 3641 5780 ignorare

2059 5788 2481 5844 atlirmantibus.
2512 5788 2679 5844 Aiunt
2703 5791 2851 5847 enim
2889 5810 2986 5864 per
3019 5798 3202 5853 omnia
3226 5796 3507 5856 Christum
3542 5815 3643 5855 no-

2058 5880 2143 5935 bis
2181 5880 2497 5936 assimilari.
2530 5880 2685 5947 Quod
2729 5884 2775 5939 si
2823 5900 2925 5941 nos
2969 5888 3312 5959 ignoremus,
3350 5902 3407 5950 et
3453 5895 3638 5965 ipsum
