4020 6534
451 427 592 500 1Ξ63

1693 423 2000 489 LEONTII
2043 425 2453 489 BYZANTINI

3582 428 3738 497 1264

451 549 758 622 ignorasse.
790 542 936 612 Quin
968 552 1024 598 et
1057 543 1112 599 in
1147 543 1463 615 Evangeliis
1506 540 1803 613 ipsummet
1847 543 1923 598 ita
1953 543 2034 596 lo-

2148 543 2252 596 Καὶ
2273 542 2439 606 αὐτὸς
2467 540 2524 597 δὲ
2554 540 2612 594 ἐν
2644 542 2760 606 τοῖς
2803 541 3164 611 Εὑαγγελίοις
3197 543 3382 616 φησιν,
3427 545 3513 601 ὅτι
3543 548 3746 613 mode
3799 597 3817 616 κ

455 642 552 712 qui
581 639 648 706 “,
699 645 762 692 ut
813 637 1091 693 neminem
1134 636 1283 690 dicat
1336 635 1492 689 illum
1537 635 1684 690 diem
1732 645 1788 690 ct
1839 635 2032 690 horam

455 747 661 798 nosse;
703 746 776 786 ne
807 731 1009 785 Filium
1065 728 1312 800 quidem,
1353 737 1509 783 extra
1571 728 1750 782 solum
1793 728 2032 782 Patrem.

453 825 524 880 Et
552 836 748 878 rursus
775 839 788 875 :
822 838 842 871 ‹
863 818 968 876 Ubi
1001 818 1264 873 Lazarum
1303 815 1700 887 posuistis’5h
1731 817 1858 872 Haec
1887 817 2034 871 enim

455 912 644 968 omnia
675 911 876 977 verba,
925 909 1217 978 inquiunt,
1251 908 1652 979 ignorationem
1703 907 2035 978 significant.

454 1004 664 1060 Verum
695 1002 793 1058 alii
821 999 1165 1071 respondent
1220 1014 1284 1054 ea
1313 998 1594 1054 Christum
1627 997 1860 1052 consilio
1901 1013 2038 1066 quo-

458 1095 586 1151 dam
622 1095 704 1150 sic
741 1091 1158 1164 pronuntiasse,
1189 1100 1252 1146 ut
1300 1091 1370 1146 ab
1413 1106 1472 1145 se
1524 1089 1832 1159 discipulos
1881 1105 2040 1145 aver-

459 1198 622 1256 teret,
656 1188 752 1258 qui
788 1188 982 1243 boram
1014 1184 1511 1243 consummationis
1541 1184 1778 1239 avebant
1808 1200 1872 1238 ex
1918 1187 2038 1254 ipso

457 1297 815 1354 cognoscere.
846 1281 1074 1350 Nempe,
1101 1279 1315 1344 dicunt,
1345 1294 1376 1331 a
1407 1277 1813 1332 resurrectione
1845 1292 2040 1333 rursus

457 1376 528 1431 ab
554 1376 639 1430 eis
667 1373 1064 1443 interrogatus,
1097 1385 1208 1425 non
1242 1371 1479 1440 amplius
1509 1369 1915 1439 respondebat:
1960 1370 2039 1424 Ne

457 1471 632 1527 Filius
659 1466 920 1538 quidem;
961 1464 1080 1530 sed,
1132 1465 1304 1519 Nemo
1366 1471 1633 1518 vestrum.
1678 1463 1789 1518 Nos
1854 1472 2038 1518 autem

455 1562 693 1619 dicimus
717 1575 831 1614 non
869 1558 1006 1612 adeo
1035 1556 1106 1610 de
1147 1556 1234 1610 his
1277 1553 1559 1609 subtiliter
1601 1553 1992 1624 inquirendum
2025 1573 2036 1607 :

405 1708 412 1726 ,
455 1668 562 1710 nec
606 1651 848 1725 synodus
885 1649 1002 1719 ipsa
1033 1646 1307 1703 curiosius
1336 1646 1405 1700 de
1433 1646 1538 1700 hoc
1579 1644 1833 1716 dogmate
1882 1643 2040 1699 solli-

419 1745 567 1802 ecita
594 1743 720 1799 fuit.
756 1741 1054 1797 Sciendum
1079 1749 1264 1794 tamen
1321 1738 1638 1807 complures
1671 1752 1738 1790 ex
1765 1736 2039 1799 Patribus,

455 1852 522 1894 ac
565 1834 969 1908 propemodum
1020 1833 1312 1887 universos
1360 1829 1541 1885 videri
1594 1829 1820 1893 dicere,
1884 1829 2033 1898 quod

2141 625 2249 684 οἶδε
2278 630 2378 702 τὴν
2403 631 2640 702 ἡμέραν,
2665 630 2790 684 οὐδὲ
2823 631 2922 702 τὴν
2952 631 3125 703 ὤραν,
3155 634 3277 687 οὐδὲ
3307 636 3339 688 δ
3368 635 3517 702 Υἱὸς,
3560 640 3612 692 εἰ
3657 638 3744 709 μῆ

2143 722 2356 792 μόνοςὸ
2385 723 2730 794 Πατήρ.Καὶ
2765 724 2947 790 πάλιν,
2995 743 3014 776 ι
3063 725 3178 778 Ποῦ
3223 726 3506 782 τεθείκατε
3548 730 3742 794 Λάζα-

2143 832 2268 886 ρον;
2307 835 2325 868 ι
2365 816 2552 872 Ταῦτα
2603 817 2714 885 γὰρ
2765 818 2947 872 πάντα
2995 817 3064 872 τὰ
3120 821 3529 892 προσρήματα,
3569 824 3742 892 φασὶ,

2141 909 2362 976 ἀγνοίας
2383 909 2690 964 εἰσίν.Ἀλλ⁹
2703 910 3046 979 ἀντιλέγουσι
3068 912 3206 984 πρὸς
3226 913 3540 979 αὐτοὺς,ὅτι
3559 916 3742 969 ταῦτα

2141 993 2297 1052 εἶπεν
2319 1001 2348 1052 ὁ
2381 999 2616 1069 Χριστὸς
2646 1001 2769 1052 κατ’
2789 999 3132 1070 οἰκονομίαν,
3171 1002 3260 1055 ἴνα
3284 1003 3576 1076 ἁποτρέψῃ
3605 1003 3742 1069 τοὺς

2145 1093 2394 1164 μαθητὰς
2428 1094 2622 1164 μαθεῖν
2650 1093 2711 1158 ἐξ
2751 1092 2915 1148 αὑτοῦ
2941 1093 3041 1164 τὴν
3066 1091 3216 1164 ὥραν
3244 1096 3342 1165 τῆς
3391 1096 3736 1160 συντελείας.

2144 1185 2403 1255 Ἀμέλει,
2465 1183 2619 1252 φασὶ,
2679 1184 2819 1255 μετὰ
2869 1184 2970 1255 τὴν
3021 1185 3321 1238 ἀνάστασιν
3376 1187 3740 1258 ἐρωτώμενος

2143 1273 2306 1327 πάλιν
2336 1274 2397 1338 ἐξ
2429 1273 2632 1336 αὐτῶν,
2668 1272 2854 1326 οὐκέτι
2884 1269 3060 1337 εἶπεν,
3094 1274 3176 1328 ὃτι
3215 1274 3354 1328 Οὐδὲ
3387 1277 3416 1328 ό
3446 1277 3594 1343 Υίὸς,
3616 1277 3738 1330 ἀλλ’

2143 1367 2226 1420 ὃτι
2257 1367 2451 1430 οὐδεὶς
2474 1367 2650 1438 ὑμῶν.
2695 1367 2886 1437 Ἡμεῖς
2913 1365 2971 1420 δὲ
2992 1366 3245 1438 λέγομεν,
3281 1368 3363 1421 ὅτι
3382 1369 3446 1421 οὐ
3475 1369 3558 1422 δεῖ
3585 1370 3736 1424 πάνυ

2141 1463 2522 1534 ἀκριϐολογεῖν
2562 1461 2692 1531 περὶ
2730 1462 2936 1515 τούτων
2967 1478 2980 1492 ·
3018 1462 3313 1534 τοιγαροῦν
3342 1463 3466 1516 οὐδὲ
3511 1465 3546 1534 ἡ
3597 1464 3734 1520 σύν·

2143 1554 2261 1618 οδος
2295 1555 2508 1608 τοιοῦτο
2535 1555 3070 1626 ἐπολυπραγμόνησε
3100 1554 3299 1625 δόγμα.
3345 1556 3492 1626 Πλὴν
3529 1557 3731 1623 ἰστέον,

2143 1645 2226 1700 ὅτι
2273 1647 2322 1699 οἰ
2350 1645 2535 1699 πολλοὶ
2557 1646 2667 1698 τῶν
2696 1645 2978 1717 Πατέρων,
3005 1647 3192 1716 σχεδὸν
3223 1648 3281 1701 δὲ
3329 1649 3555 1714 πάντες,
3603 1650 3736 1717 φαί-

2144 1754 2328 1792 νονται
2357 1737 2612 1806 λέγοντες
2634 1737 2798 1791 αὑτὸν
2841 1737 3076 1806 ἀγνοεῖν.
3123 1739 3186 1792 Εἰ
3217 1739 3328 1810 γὰρ
3373 1741 3516 1794 κατὰ
3552 1742 3735 1795 πάντα

2144 1827 2363 1897 λέγεται
2393 1829 2522 1899 ἡμῖν
2555 1829 2862 1900 ὁμοούσιος,
2904 1829 3211 1901 ἀγνοοῦμεν
3259 1831 3317 1884 δὲ
3370 1833 3467 1886 καὶ
3523 1834 3730 1902 ἡμεῖς·

456 1887 520 1894 κ-
567 1887 961 1908 ,ηπ-ηηκην
1809 1887 1817 1893 ,
1902 1887 1920 1898 _

455 1930 692 2002 ignoret.
719 1927 858 1984 Nam
886 1941 1014 1982 cum
1043 1940 1143 1994 per
1169 1923 1355 1979 omnia
1380 1923 1676 1977 nobiscum
1709 1921 1878 1976 unius
1909 1935 2031 1976 esse

2148 1887 2382 1992 Βηλονότι
2414 1887 2476 1976 ’δὲ
2517 1887 2610 1976 καί
2656 1887 3054 1995 αὑτός-ηγνόει.
3087 1887 3196 1977 lia!
3219 1925 3253 1995 ἠ
3285 1923 3474 1996 Γραφὴ
3501 1887 3733 1993 δειλέγει

456 2021 786 2080 substantiae
835 2019 1074 2084 dicatur,
1109 2024 1166 2073 et
1209 2031 1312 2072 nos
1362 2016 1681 2087 ignoremus
1717 2034 1729 2070 :
1764 2014 2033 2068 nimirum

2148 2019 2263 2090 περὶ
2293 2017 2479 2085 αὐτοῦ,
2507 2019 2586 2073 ὅτι
2619 2037 2638 2070 ι
2669 2020 3013 2091 Προέκοπτεν
3057 2019 3244 2092 ἡλικίᾳ
3265 2021 3361 2074 καὶ
3383 2021 3570 2095 σοφίᾳο
3594 2042 3615 2074 ι
3635 2021 3734 2092 δη-

455 2110 746 2184 ignorabat
775 2118 832 2164 et
883 2108 1022 2178 ipse.
1065 2107 1207 2174 Quin
1241 2114 1298 2162 et
1342 2105 1460 2176 ipsa
1489 2105 1777 2174 Scriptura
1821 2103 1958 2160 dicit
1988 2105 2035 2136 "

2148 2112 2310 2165 λονότι
2343 2112 2520 2166 ἐκεῖνο
2558 2109 2872 2183 μανθάνων,
2901 2111 3039 2184 ὅπερ
3066 2112 3253 2182 ἠγνόει
3294 2115 3394 2182 (Ιι).

453 2217 584 2258 eum
628 2200 932 2272 profecisse
971 2208 1081 2254 tam
1126 2208 1335 2253 statura
1385 2212 1549 2266 quam
1596 2195 1898 2267 sapientia:
1953 2195 2036 2250 di-

455 2304 704 2351 scentem
755 2292 812 2347 id
853 2291 1068 2346 scilicet
1107 2290 1254 2360 quod
1295 2288 1604 2360 ignorabat.

527 2387 617 2442 1V.
652 2388 758 2442 Par
795 2392 881 2440 est
926 2383 1093 2439 etiam
1131 2383 1200 2438 de
1240 2382 1498 2451 Origene,
1541 2382 1720 2452 deque
1769 2380 2043 2452 dogmatis

459 2475 638 2548 ipsius
669 2482 731 2530 ut
767 2474 978 2544 aliquid
1014 2473 1284 2529 dicamus.
1320 2472 1591 2542 Origenes
1632 2486 1790 2542 ergo,
1826 2471 2042 2541 priscus

460 2566 650 2626 homo.
691 2564 762 2619 de
805 2563 1026 2617 illorum
1063 2576 1299 2616 numero
1331 2559 1425 2630 qui
1455 2567 1586 2615 ante
1619 2561 2042 2616 Constantinum

459 2659 816 2721 exstiterunt,
847 2664 904 2711 et
945 2669 1175 2726 magnus
1210 2653 1522 2708 habebatur
1545 2693 1559 2718 ,
1589 2663 1645 2708 et
1713 2651 1886 2708 sacris
1923 2663 2045 2708 erat

460 2753 521 2808 in
544 2747 770 2806 Litteris
791 2748 1043 2804 eruditus
1064 2754 1120 2802 et
1141 2746 1550 2817 grammaticus.
1573 2745 1705 2816 Ejus
1732 2753 1889 2815 pater
1909 2761 2047 2799 mar-

459 2849 552 2914 tyr
586 2840 766 2896 factus
815 2847 937 2902 est,
991 2845 1049 2892 et
1097 2837 1331 2905 ipsemet
1377 2851 1600 2906 quoque
1649 2834 1944 2899 deductus,
1986 2843 2048 2888 ut

459 2929 793 3001 martyrium
845 2927 1046 2982 obiret.
1103 2926 1302 2981 Verum
1348 2924 1661 2980 sacriﬁcare
1702 2934 1943 2979 coactus;
1976 2939 2044 2978 ex

471 3017 791 3092 bujusmodi
853 3032 1020 3072 causa
1073 3015 1198 3070 fuit.
1251 3013 1394 3069 Dum
1446 3013 1772 3084 martyrium
1827 3013 2044 3080 obiret,

459 3111 761 3183 quemdam
785 3109 860 3164 ad
888 3123 1017 3164 eum
1050 3106 1434 3177 producebant
1465 3103 1806 3174 IEthiopem,
1842 3120 1927 3170 ac,
1960 3107 2049 3161 vel

463 3219 588 3260 cum
605 3201 864 3272 Ethiope
879 3200 1023 3256 fteda
1046 3199 1437 3259 committeret,
1455 3185 1542 3252 vel
1559 3197 1668 3252 diis
1690 3197 2043 3262 sacriﬁcaret,
2074 3239 2116 3296 C

464 3297 759 3369 urgebant.
791 3294 1056 3365 Origenes
1086 3291 1194 3347 diis
1250 3290 1560 3346 sacriﬁcare
1617 3290 1812 3345 maluit
1843 3308 1856 3344 :
1889 3306 2046 3346 acce-

466 3398 736 3460 ptumque
764 3387 894 3441 thus
924 3384 1127 3456 abjecit
1150 3384 1207 3438 in
1240 3382 1608 3438 sacriﬁcium:
1639 3380 1735 3437 sed
1768 3382 1888 3454 ejus
1917 3383 2047 3437 facti

465 3491 802 3552 magnOpere
831 3486 1021 3548 postea
1053 3475 1331 3546 paenituit,
1360 3474 1526 3543 idque
1562 3473 1919 3529 commissum
1952 3474 2050 3530 de-

473 3570 734 3642 ploravit.
767 3566 1072 3638 Opiniones
1114 3563 1356 3618 habebat
1399 3560 1756 3632 hujusmodi:
1806 3559 2047 3615 Gradum

468 3661 788 3718 inferiorem
834 3657 974 3713 Filio
1019 3653 1335 3717 tribuebat,
1385 3652 1532 3706 sicut
1576 3665 1704 3706 eum
1755 3658 1815 3705 et
1855 3649 2047 3704 Ariani

464 3765 657 3829 postea
689 3754 1028 3814 defendunt,
1059 3750 1310 3805 dicentes
1334 3745 1548 3817 priscos
1572 3745 1698 3800 illos
1723 3745 1914 3800 Patres
1935 3759 2049 3799 non

464 3849 637 3905 fuisse
659 3847 728 3902 de
755 3842 1156 3901 subtilitatibus
1181 3838 1468 3894 sollicitos.
1496 3837 1636 3894 Cum
1690 3835 1840 3891 enim
1886 3845 2050 3892 sectae

465 3941 716 3998 nondum
737 3936 1114 3998 emersissent,
1134 3931 1442 4002 simplicius
1465 3945 1562 3986 eos
1586 3930 1874 3984 vocabulis
1894 3945 2045 3984 usos:

465 4039 525 4088 at
539 4038 898 4101 posteaquam
919 4024 1272 4086 emerserint.
1287 4022 1521 4093 coepisse
1533 4035 1808 4092 quemque
1824 4021 2048 4076 Patrum

467 4121 576 4180 sibi
610 4122 827 4176 cavere.
860 4117 974 4172 Nos
1003 4125 1188 4171 autem
1221 4115 1460 4170 dicimus
1494 4128 1621 4169 eum
1656 4129 1790 4177 non,
1820 4121 1881 4167 ut
1911 4112 2048 4167 sim-

468 4214 677 4287 plicius
717 4209 1003 4266 vocabulis
1047 4223 1232 4273 usum,
1265 4207 1410 4262 Filio
1459 4205 1691 4278 gradum
1725 4205 2047 4260 inferiorem

467 4305 732 4362 tribuisse
756 4343 774 4370 ,
811 4301 908 4357 sed
940 4300 1086 4356 istud
1112 4299 1310 4369 dogma
1341 4312 1533 4368 reapse
1559 4297 1690 4352 totis
1709 4295 1920 4351 viribus
1945 4311 2050 4367 0p-

466 4413 762 4472 pugnasse.
791 4397 926 4453 Nam
955 4402 1110 4466 patet
1143 4409 1270 4449 eum
1317 4392 1372 4450 in
1405 4390 1638 4461 epistola
1679 4389 1916 4460 quadam
1949 4405 2047 4445 sua

467 4491 538 4547 de
612 4491 718 4546 hoc
765 4487 1024 4543 alacriter
1071 4491 1321 4548 certare,
1370 4497 1494 4536 cum
1541 4480 1658 4535 ait:
1715 4480 1888 4536 Filius
1951 4487 2048 4536 aut

2217 2379 2402 2443 Ἀξιον
2435 2378 2493 2432 δὲ
2545 2379 2643 2433 καὶ
2695 2380 2824 2451 περὶ
2871 2381 3215 2452 Ὡριγένους,
3267 2382 3361 2435 καὶ
3402 2382 3512 2435 τῶν
3560 2380 3734 2437 αὐτοῦ

2142 2470 2432 2540 δογμάτων
2463 2472 2658 2524 εἰπεῖν.
2703 2471 2761 2524 '0
2787 2473 2972 2524 τοίνυν
3027 2473 3310 2544 Ὠριγένης
3363 2475 3590 2545 ἀρχαῖος
3636 2476 3735 2530 ἇν-

2145 2562 2361 2634 Θρωπος
2398 2561 2473 2616 ὢν
2515 2561 2625 2616 τῶν
2669 2563 2777 2635 πρὸ
2817 2565 3235 2618 Κωνσταντίνου
3261 2567 3596 2636 γενομένων,
3633 2568 3731 2637 μέ-

2145 2669 2250 2724 γας
2280 2672 2342 2707 τε
2372 2651 2462 2727 ἦν,
2501 2657 2593 2709 καὶ
2637 2655 3073 2726 πεπαιδευμένος
3116 2659 3198 2721 εἰς
3249 2658 3348 2729 τὴν
3391 2659 3556 2727 ἁγίαν
3586 2660 3734 2731 Γρα-

2148 2746 2276 2819 Vh":
2327 2747 2720 2820 γραμματικός
2755 2765 2815 2800 τε
2855 2743 2944 2818 ἦν.
2983 2748 3186 2802 Τούτου
3214 2751 3243 2802 ό
3272 2750 3458 2823 πατὴρ
3487 2752 3732 2821 ἐμαρτύ.

2150 2855 2306 2912 ρησε,
2334 2840 2429 2893 καὶ
2449 2840 2609 2902 αὐτὸς
2631 2839 2688 2892 δὲ
2719 2840 2860 2911 ἢχθη
2895 2841 2989 2894 ἐπὶ
3019 2840 3077 2894 τὸ
3113 2844 3486 2915 μαρτυρῆσαι.
3523 2845 3730 2912 Ἦναγ-

2149 2929 2326 3000 κὰσθη
2381 2929 2441 2983 δὲ
2495 2929 2752 2983 ὲπιθῦσαι
2790 2929 2897 2983 ἀπὸ
2944 2930 3202 3003 τοιαύτης
3253 2932 3480 2996 αἰτίαςο
3531 2933 3622 2986 Ἔν
3651 2931 3733 3003 τῷ

2149 3021 2313 3076 αὑτὸν
2365 3023 2687 3093 μαρτυρεῖν,
2722 3023 3050 3092 παρήγαγον
3097 3021 3250 3094 αὐτῷ
3305 3021 3540 3077 Αἰθίοπά
3585 3037 3728 3083 τινα.

2151 3111 2246 3167 καὶ
2270 3113 2582 3182 ἠνάγκαζον
2610 3112 2643 3184 ἦ
2673 3112 2812 3183 μετὰ
2841 3112 2936 3166 τοῦ
2971 3112 3233 3178 Αἰθίοπος
3257 3115 3664 3187 ἀσχημονῆσαι,
3690 3115 3726 3186 ἢ

2151 3208 2262 3269 τοῖς
2285 3205 2426 3268 θεοῖς
2474 3203 2754 3259 ὲπιθῦσαι.
2805 3205 2864 3258 '0
2913 3206 2973 3259 δὲ
3029 3206 3231 3277 μᾶλλον
3262 3206 3438 3260 εἶλετο
3473 3207 3729 3262 ὲπιθῦσαι

2148 3300 2264 3360 τοῖς
2304 3297 2469 3361 θεοῖς,
2497 3297 2592 3351 καὶ
2632 3297 2839 3362 λαϐὼν,
2874 3297 3065 3369 ἔρριψε
3101 3299 3166 3369 τῇ
3203 3297 3388 3370 ουσίᾳο
3419 3297 3644 3370 ὕστερον
3669 3301 3733 3354 δὲ

2152 3390 2404 3460 μεγάλως
2435 3389 2728 3462 μετενόησε
2767 3389 2864 3444 καί⁸
2910 3389 3218 3461 ὲθρήνησεν
3246 3391 3339 3444 ἐπὶ
3374 3390 3556 3447 τοῦτο.
3593 3392 3728 3462 Περὶ

2147 3483 2204 3536 δὲ
2260 3483 2329 3536 τὰ
2377 3482 2626 3552 δόγματα
2681 3481 2921 3545 τοιοῦτος
2965 3477 3075 3554 ἦν’
3126 3482 3422 3537 ’Υπόϐασιν
3450 3483 3604 3553 ἔλεγε
3635 3481 3732 3537 τοῦ

2149 3573 2303 3637 Υἰοῢ,
2334 3573 2526 3644 ὥσπερ
2562 3572 2698 3643 μετὰ
2731 3571 2906 3625 ταῦτα
2947 3574 2997 3626 οἱ
3037 3573 3309 3644 ’Δρειανοὶ
3335 3573 3732 3638 ἀπολογοῦνται

2151 3666 2292 3737 ὑπὲρ
2322 3664 2490 3719 αὐτοῦ
2519 3665 2793 3733 λέγοντες,
2817 3666 2903 3718 ότι
2951 3666 3000 3718 οἱ
3053 3666 3272 3736 ἀρχαῖοι
3318 3666 3429 3720 τῶν
3470 3666 3730 3738 Πατέρων

2147 3756 2248 3810 οὐκ
2278 3753 2598 3827 ἐφρόντιζον
2631 3755 3038 3825 ἀκριϐολογίας.
3076 3757 3262 3827 Μήπω
3301 3757 3412 3827 γὰρ
3438 3759 3732 3828 ἀναφανει-

2151 3849 2259 3902 σῶν
2312 3848 2418 3902 τῶν
2479 3849 2765 3920 αίρὲσεων,
2823 3847 3196 3921 ἁπλούστερον
3247 3849 3548 3918 ἐκέχρηντο
3607 3851 3730 3912 ταῖς

2150 3941 2384 4006 λέξεσιν.
2411 3942 2544 3994 Ὅτε
2593 3942 2650 3994 δὲ
2684 3941 3036 4010 ἀνεφάνησαν
3057 3980 3072 4004 ,
3114 3941 3238 3995 τότε
3266 3939 3472 4012 ἤρξατο
3497 3941 3731 4004 ἕκαστος

2148 4033 2258 4088 τῶν
2307 4033 2570 4104 Πατέρων
2625 4033 2816 4087 ἑαυτὸν
2847 4031 3270 4103 ἀσφαλίζεσθαι.
3317 4031 3512 4102 Ἡμεῖς
3540 4031 3601 4087 δὲ
3643 4032 3730 4088 λέ-

2149 4143 2339 4196 γομεν,
2365 4127 2448 4180 ὅτι
2477 4127 2577 4198 οὐχ
2605 4125 2680 4192 ὡς
2717 4126 3086 4198 ἁπλούστερον
3128 4126 3473 4197 κεχρημένος
3502 4127 3619 4190 ταῖς
3642 4124 3730 4179 λέ-

2152 4218 2299 4284 ξεσιν
2327 4218 2598 4272 ὑπόϐασιν
2627 4217 3053 4282 ὲδόξαζεν,ἀλλὰ
3087 4217 3166 4288 τῷ
3194 4218 3308 4271 δντι
3339 4219 3576 4290 ἰσχυρῶς
3603 4220 3730 4272 άντ-

2149 4311 2490 4382 ελαμδάνετο
2538 4311 2730 4365 τούτου
2763 4310 2858 4364 τοῦ
2898 4309 3188 4380 δόγματος.
3243 4311 3500 4365 Φαίνεται
3533 4311 3642 4382 γὰρ
3670 4311 3726 4364 ἑν

2149 4404 2407 4476 ἐπιστολῇ
2434 4405 2599 4458 αὐτοῦ
2632 4405 2762 4475 περὶ
2790 4405 2981 4458 τούτου
3009 4406 3418 4476 ἀγωνιζόμενος
3438 4406 3721 4474 γενναίως,

2149 4497 2243 4550 καὶ
2275 4495 2472 4564 λέγων,
2503 4497 2584 4551 ὅτι
2623 4498 2680 4550 'O
2716 4496 2842 4560 Υἱὸς
2872 4497 2905 4567 ἢ
2934 4496 3136 4568 μείζων
3154 4497 3272 4549 ἐστὶ
3313 4496 3409 4551 τοῦ
3441 4496 3722 4567 Πατρὺς,ῆ

465 4587 631 4643 Patre
667 4583 842 4654 major
883 4589 990 4646 est,
1025 4587 1123 4633 aut
1163 4575 1367 4639 minor,
1399 4580 1496 4628 aut
1533 4571 1780 4642 aequalis.
1825 4571 1881 4627 Si
1915 4586 2045 4642 pro-

2155 4589 2469 4660 ἰλάττων,ἢ
2497 4589 2630 4652 ἴσος.
2655 4590 2715 4642 Εἰ
2741 4583 2835 4642 οὖν
2863 4589 3046 4654 δείξω,
3065 4589 3288 4644 ὅτιούδὲ
3323 4589 3528 4660 μείζων
3557 4588 3722 4653 ἐστὶν,

465 4679 694 4744 bavero,
717 4691 824 4732 nec
849 4675 1118 4744 majorem
1143 4683 1286 4734 esse,
1307 4682 1410 4722 nec
1437 4680 1628 4737 parem
1649 4707 1666 4733 ,
1693 4665 1905 4736 patebit
1926 4679 2050 4720 esse

469 4771 765 4826 minorem.
799 4763 1061 4835 Quamvis
1091 4761 1262 4832 igitur
1295 4758 1613 4813 inferiorem
1643 4757 1782 4812 Filio
1816 4755 2047 4829 gradum

469 4863 661 4928 tradit,
694 4870 882 4918 tamen
917 4871 1046 4914 eum
1082 4866 1324 4925 purgare
1352 4851 1627 4906 nituntur.
1655 4847 1726 4904 At
1754 4863 1888 4904 vero
1930 4863 2050 4902 ma.

466 4958 669 5014 nireste
723 4956 868 5011 hanc
918 4949 1239 5022 opinionem
1288 4943 1474 5008 fovet,
1520 4949 1578 4997 et
1637 4939 2048 4996 excusationem

467 5052 676 5106 nullam
716 5036 907 5104 habet.

539 5145 603 5199 ν.
631 5143 884 5198 Alterum
914 5147 1002 5195 est
1029 5137 1098 5192 de
1128 5131 1584 5206 praeexsistentia,
1615 5130 1796 5199 deque
1825 5130 2048 5186 restitu-

468 5236 617 5290 tione
641 5234 695 5288 in
726 5233 1025 5302 integrum.
1054 5229 1129 5283 De
1153 5222 1588 5297 praeexsistentia
1619 5222 1892 5287 tradebat,
1915 5232 2044 5277 ante

469 5329 666 5386 saecula
689 5333 904 5388 mentes
929 5323 1122 5386 fuisse,
1155 5335 1220 5376 ac
1241 5332 1410 5389 puras
1433 5315 1658 5387 quidem
1690 5331 1902 5378 omnes,
1923 5325 2040 5370 tum

540 5504 587 5537 “
613 5503 781 5559 Marc.
804 5519 918 5569 xm,
943 5503 1034 5558 32.
1110 5504 1158 5536 ³⁸
1179 5501 1339 5558 Joan.
1367 5518 1440 5567 si,
1459 5503 1548 5558 δι.
1627 5501 1673 5532 ³⁸
1704 5501 1838 5555 Luc.
1868 5515 1924 5558 ιι.
1955 5499 2043 5554 52.

543 5663 624 5789 (1ιέ
659 5661 884 5716 Ἐκεῖνο
904 5659 1256 5732 μανθάνων,
1283 5660 1428 5729 ὅπερ
1445 5659 1672 5730 ἀγνόει.
1694 5659 1880 5714 Mirari
1916 5659 2052 5713 sub-

472 5735 551 5790 it.
629 5733 878 5788 contium
941 5731 1206 5790 Agnoetis
1236 5731 1576 5787 concessisse
1599 5729 1907 5787 Christum.
1943 5744 2050 5790 qua

470 5752 551 5801 ιι,

629 5733 878 5788 cautium
905 5729 920 5732 ⁷
941 5731 1208 5803 Agnoetis
1236 5731 1576 5787 concessisse
1599 5729 1907 5803 Christum.
1943 5744 2050 5797 qua

468 5799 640 5881 homo
671 5814 814 5870 erat,
855 5799 1033 5881 multa
1057 5802 1386 5881 nescivissc,
1419 5815 1542 5881 qua:
1593 5799 1944 5881 proﬁciendo‘
1959 5814 2048 5853 sa-

469 5873 680 5950 pientia
707 5885 766 5932 et
787 5868 948 5933 relate
979 5874 1259 5931 didicerit.
1279 5872 1416 5928 Vide
1438 5868 1784 5939 Lequienum
1819 5870 1886 5922 ad
1903 5868 2043 5938 Opp.

2147 4681 2270 4736 οὐδὲ
2319 4681 2454 4744 ῖσος,
2502 4679 2662 4750 δῆλον
2714 4681 2797 4733 ὃτι
2835 4680 3075 4733 ἐλάττων
3109 4680 3278 4733 ἐστίν.
3322 4679 3388 4734 Εἰ
3431 4679 3526 4733 καὶ
3569 4677 3726 4743 605d-

2147 4767 2230 4832 ζει
2254 4767 2544 4826 ὑπόϐασιν,
2582 4767 2696 4820 ἀλλ’
2745 4764 2840 4822 οὖν
2895 4767 3225 4822 σπεύδουσιν
3277 4768 3724 4839 ἀπολογήσασθαι

2147 4859 2288 4929 ὑπὲρ
2318 4857 2510 4914 αὑτοῦ.
2543 4859 2602 4912 'O
2631 4859 2688 4913 δὲ
2713 4859 2968 4930 φανερῶς
2995 4857 3210 4924 δοξάζει
3229 4897 3246 4926 ,
3277 4861 3374 4915 καὶ
3431 4860 3728 4928 ἀπολογίαν

2144 4954 2245 5006 οὒκ
2268 4952 2408 5023 ἔχει.

2224 5133 2300 5186 Τὸ
2323 5134 2401 5197 δὲ,
2437 5134 2568 5205 περὶ
2591 5133 2694 5202 τῆς
2726 5132 3124 5205 προῦπάρξεὼς
3149 5137 3288 5198 εστι,
3317 5129 3416 5185 καὶ
3444 5131 3728 5186 ἀποκατα-

2155 5225 2420 5290 στάσεως.
2453 5227 2564 5280 Καὶ
2597 5226 2740 5292 τέως
2774 5228 2833 5296 (ἱ)
2866 5227 2996 5298 περὶ
3043 5225 3147 5297 τῆς
3189 5223 3592 5296 προῦπάρξεως
3616 5223 3729 5278 ἐδό-

2151 5318 2316 5384 ξαζεν
2341 5317 2536 5384 οὕτως,
2561 5321 2642 5374 ὅτι
2666 5320 2774 5392 πρὸ
2807 5320 2915 5374 τῶν
2942 5319 3158 5374 αἰώνων
3205 5318 3328 5381 νόες
3351 5312 3492 5389 ἦσαν
3531 5316 3756 5398 πάντες.

2152 5657 2478 5714 Damasceni
2529 5668 2665 5713 tom.
2687 5657 2730 5719 Ι.
2776 5669 2900 5726 pag.
2924 5652 3052 5715 245,
3081 5610 3204 5706 ⁸ιῖὀῑ.
3236 5650 3305 5717 5;
3355 5660 3412 5706 et
3444 5666 3568 5723 pag.
3600 5649 3726 5714 246,

2151 5737 2270 5867 ῐ10(ιί
2289 5728 2453 5863 )gkai
2486 5796 2653 5861 τέως.
2686 5813 2741 5850 κ.
2763 5813 2812 5849 τ.
2849 5794 2902 5847 λ.
2931 5791 3089 5850 Hunc
3112 5794 3295 5867 locum
3326 5790 3564 5867 illustrat
3588 5790 3728 5846 Huc.

2148 5861 2255 5922 tius
2276 5861 2588 5938 Origenian.
2615 5868 2712 5923 lib.
2744 5882 2801 5933 ιι,
2837 5875 3031 5944 quaest.
3064 5867 3120 5931 5,
3151 5866 3248 5946 §_2,
3272 5881 3327 5944 p.
3363 5861 3451 5927 68.
