4068 6544
295 449 434 520 1265

1515 461 1614 524 DE
1654 461 1935 523 SECTIS.
1971 487 2039 499 -
2078 464 2240 528 ACT.
2269 466 2344 527 X.

3434 469 3572 541 1266

291 573 544 645 καθαροὶ,
575 573 674 630 καὶ
696 578 747 632 οἱ
775 577 1055 650 δαίμονες,
1093 580 1189 634 καὶ
1215 581 1271 634 αἱ
1307 579 1500 651 ψυχαὶ,
1527 581 1625 635 καὶ
1648 582 1695 635 οἱ
1718 583 1885 650 ἄγγε-

1990 585 2290 649 daemonas,
2326 592 2441 640 tum
2471 584 2704 649 animas,
2733 595 2848 641 tum
2882 588 3130 658 angelos,
3160 588 3468 647 ministeria
3488 590 3573 648 di-

290 667 394 731 λοι,
424 669 876 744 λειτουργοῦντες
905 674 985 746 τῷ
1018 673 1160 748 Θεῷ,
1186 675 1282 728 καὶ
1324 674 1425 740 τὰς
1463 674 1687 739 ἐντολὰς
1716 675 1883 729 αὑτοῦ

292 759 598 827 ποιοῦντες.
642 765 701 818 Ὀ
734 766 791 819 δὲ
838 768 1087 833 διάϐολος
1140 762 1221 832 εἷς
1269 766 1383 835 ὣν,
1421 767 1613 840 ἐπειδὴ
1645 767 1706 821 τὸ
1751 767 1885 823 αὑτ-

291 851 535 918 εξούσιον
590 850 759 927 εἶχεν,
791 858 1071 931 ἠϐουλήθη
1108 860 1431 932 ἀντιστῆναι
1463 858 1542 930 τῷ
1592 860 1734 930 Θεῷ,
1791 862 1885 915 καὶ

290 942 551 999 ἀπώσατο
584 948 748 1002 αὐτὸν
781 951 809 1003 6
841 950 994 1017 Θεόςο
1028 952 1455 1023 συναπέστησαν
1493 951 1553 1007 δὲ
1586 951 1736 1024 αὐτῷ
1778 954 1883 1007 πᾶ-

295 1053 381 1090 σαι
416 1038 474 1090 αἱ
506 1038 667 1094 άλλαι
686 1040 973 1113 δυνάμεις.
999 1044 1110 1097 Καὶ
1137 1045 1188 1098 οἱ
1215 1044 1315 1115 μὲν
1346 1045 1493 1099 πάνυ
1527 1045 1885 1117 ἁμαρτήσαν-

290 1147 404 1194 τες,
447 1131 708 1203 δαίμονες
738 1135 1009 1203 ἐγένοντοθ
1040 1137 1090 1190 οἱ
1124 1137 1182 1191 δὲ
1212 1137 1296 1191 ἐτι
1343 1137 1588 1201 ἔλαττον,
1636 1140 1879 1207 ἄγγελον

290 1222 341 1274 οἱ
381 1222 438 1276 δὲ
487 1223 566 1278 ἔτι
617 1224 863 1295 ἔλαττον,
900 1228 1269 1299 ἀρχάγγελοι·
1320 1230 1417 1284 καὶ
1468 1229 1640 1294 οὕτως
1685 1232 1884 1301 ἐφεξῆς

290 1312 525 1379 ἕκαστος
556 1316 690 1388 πρὸς
717 1318 817 1390 τὴν
860 1319 1070 1375 οἰκείαν
1101 1320 1376 1393 ἁμαρτίαν
1410 1322 1706 1377 ἀπέλαϐεν.
1748 1322 1884 1375 Ὑπ-

291 1405 574 1463 ελείποντο
607 1409 666 1464 δὲ
696 1413 754 1465 αἱ
790 1411 984 1483 ψυχαὶ,
1030 1414 1238 1480 αἵτινες
1286 1414 1409 1469 οὐδὲ
1457 1415 1695 1469 τοσαῦτα
1743 1411 1883 1487 ἦσαν

290 1499 706 1571 άμαρτήσασαι,
758 1502 846 1557 ἵνα
889 1504 1148 1576 δαίμονες
1185 1507 1494 1577 γένωνται·
1544 1509 1668 1563 οὐδὲ
1702 1510 1884 1575 ,πάλιν

290 1588 436 1643 οὕτω
465 1592 836 1664 κουφοτέρως,
870 1595 960 1650 ἵνα
996 1597 1222 1668 ἄγγελοι
1253 1598 1545 1667 γένωνται.
1594 1600 1884 1672 Ἐποίησεν

290 1680 384 1737 οὖν
428 1684 522 1737 τὸν
572 1688 820 1759 παρόντα
863 1689 1092 1761 κόσμον,
1125 1692 1219 1745 καὶ
1266 1690 1368 1763 τὴν
1409 1691 1591 1764 ψυχὴν
1623 1693 1880 1766 συνέδησε

290 1774 369 1845 τῷ
400 1776 614 1847 σώματι
662 1782 805 1851 πρὸς
849 1781 1098 1836 κόλασιν.
1143 1783 1281 1837 Οὐδὲ
1329 1783 1459 1856 γὰρ,
1509 1785 1669 1855 φησὶ,
1718 1803 1885 1856 προσ-

291 1869 631 1941 ωπολήπτης
658 1873 689 1927 6
718 1873 875 1940 Θεὸς,
919 1874 1005 1928 ἵνα
1056 1876 1237 1931 πάντα
1281 1876 1456 1931 ταῦτα
1500 1880 1633 1948 μιᾶς
1667 1879 1884 1947 φύσεως

291 1956 423 2011 ὄντα
455 1961 659 2029 (πάντα
687 1962 798 2035 γὰρ
838 1964 1034 2032 λογικά
1079 1967 1187 2019 εἰσι
1223 1968 1291 2021 τά
1319 1967 1587 2040 ἀθάνατα)
1614 1970 1741 2033 τοὺς
1776 1968 1879 2039 μὲν

290 2052 512 2122 ποιήσοι
538 2053 825 2126 δαίμονας,
851 2058 978 2120 τοὺς
1002 2057 1081 2120 δὲ,
1102 2057 1304 2128 ψυχὰς,
1328 2060 1457 2124 τοὺς
1480 2059 1559 2125 δὲ,
1589 2061 1877 2131 ἀγγέλους·

290 2145 429 2199 ἀλλά
459 2147 643 2217 δῆλον,
677 2150 761 2203 ὅτι
792 2148 1028 2205 ἕκαστον
1055 2152 1197 2224 πρὸς
1227 2152 1257 2206 ὃ
1285 2152 1503 2226 ἥμαρτε
1533 2154 1884 2226 τιμωρούμε-

289 2255 401 2303 νος,
428 2239 519 2291 τὸν
553 2240 653 2310 μὲν
678 2242 904 2313 ἐποίησε
934 2243 1189 2314 δαίμοναο
1219 2243 1319 2299 τὸν
1342 2244 1419 2309 δὲ,
1447 2245 1648 2318 ψυχήν
1679 2247 1772 2302 τὸν
1797 2247 1876 2313 δὲ,

289 2328 543 2400 ἄγγελον.
578 2333 641 2386 Et
673 2333 750 2405 μὴ
786 2335 898 2407 γάρ
948 2332 1016 2408 ἦν
1063 2336 1246 2403 τοῦτο,
1292 2340 1386 2392 καὶ
1432 2338 1793 2412 προϋπῆρχον
1828 2343 1882 2396 αἱ

289 2423 487 2494 ψυχαὶ,
528 2425 672 2479 διατί
718 2426 870 2492 τινάς
914 2429 1013 2499 μὲν
1042 2429 1151 2482 τῶν
1175 2431 1371 2483 νεωστὶ
1400 2430 1703 2501 τεχθέντων
1738 2431 1887 2502 εὑρί-

293 2533 498 2586 σκομεν
522 2518 759 2586 τυφλοὺς
796 2518 963 2590 μηδὲν
989 2521 1442 2593 ἁμαρτήσαντας·
1468 2522 1665 2591 ἄλλους
1692 2522 1747 2577 δὲ
1778 2541 1886 2596 μη-

290 2606 383 2663 δὲν
431 2607 659 2679 ἔχοντας
702 2612 916 2674 κακὸν,
964 2613 1356 2684 τικτομένους;
1419 2613 1559 2667 ἀλλὰ
1610 2614 1770 2686 δῆλον
1804 2617 1884 2669 ὅτι

292 2700 655 2772 προῦπῆρχόν
680 2719 822 2765 τινες
846 2704 1117 2775 ἁμαρτίαι
1146 2707 1268 2768 ταῖς
1286 2705 1511 2775 ψυχαῖς,
1535 2706 1631 2776 ἀφ’
1658 2702 1734 2763 ὧν
1756 2709 1886 2761 ἐκά-

294 2807 395 2862 στη
433 2794 572 2865 πρὸς
598 2793 702 2865 τὴν
742 2794 902 2860 ἀξίαν
927 2796 1330 2866 ἀπολαμϐάνει.

364 3056 504 3129 Περὶ
550 3057 607 3114 δὲ
648 3059 748 3131 τῆς
778 3061 1281 3127 ἀποκαταστάσεως
1332 3064 1477 3119 οὕτω
1516 3065 1762 3130 δοξάζει·
1801 3068 1884 3119 ὅτι

290 3149 507 3219 γίνεται
538 3153 752 3224 νεκρῶν
779 3155 1103 3220 ἀνάστασις.
1132 3156 1460 3228 καὶγίνεται
1496 3158 1740 3224 κόλασις,
1772 3159 1887 3213 ἀλλ’

1989 676 2115 730 vina
2163 676 2462 743 obeuntes,
2515 692 2578 733 ac
2634 678 2729 733 Dei
2777 678 3052 735 mandatis
3097 681 3566 752 obtemperantes.

1989 768 2280 823 Diabolum
2304 785 2457 834 vero,
2477 769 2545 824 de
2567 770 2654 825 his
2679 786 2872 837 unum,
2899 771 3047 843 quod
3072 772 3289 828 arbitrii
3312 772 3569 845 libertate

1986 860 2257 931 praditus
2301 871 2488 929 esset,
2532 864 2644 918 Deo
2696 863 2943 919 voluisse
2992 866 3287 932 resistere,
3332 866 3569 937 ideoque

1986 954 2252 1024 rejectum
2287 969 2318 1009 a
2348 955 2490 1009 Deo:
2536 955 2705 1011 simul
2735 955 3025 1011 universas
3054 955 3192 1011 alias
3220 959 3407 1029 copias
3441 974 3568 1014 cum

1983 1063 2052 1105 eo
2082 1046 2371 1103 defecisse.
2417 1046 2523 1114 Qui
2572 1047 2812 1119 graviter
2860 1046 3258 1117 deliquissent,
3290 1047 3569 1106 daemonas

1986 1139 2195 1205 factos;
2232 1138 2327 1210 qui
2358 1141 2565 1205 minus,
2604 1140 2858 1210 angelos;
2902 1139 2997 1210 qui
3036 1138 3218 1196 adhuc
3250 1139 3567 1203 minus,ar—

1986 1232 2280 1303 cbangelos
2320 1232 2667 1303 :eodemque
2721 1231 2984 1303 deinceps
3032 1230 3199 1288 modo
3263 1232 3569 1302 quemlibet

1986 1338 2086 1393 pro
2118 1322 2323 1378 delicto
2357 1338 2458 1379 suo
2484 1338 2677 1394 puanas
2703 1322 2915 1379 tulisse.
2945 1323 3211 1393 Reliquas
3246 1322 3416 1379 fuisse
3448 1324 3568 1378 ani-

1986 1430 2122 1479 mas,
2155 1430 2276 1485 qua:
2308 1429 2487 1485 neque
2519 1424 2628 1470 tam
2657 1415 2809 1486 gravi
2842 1414 3053 1471 scelere
3096 1424 3273 1470 semet
3314 1414 3563 1471 obstrin-

1986 1507 2213 1573 xissent,
2240 1514 2299 1560 ut
2336 1506 2612 1561 daemones
2641 1505 2941 1561 evaderent
2978 1522 2992 1560 :
3035 1522 3139 1562 nec
3183 1522 3377 1562 rursus
3426 1507 3565 1564 adeo

1985 1597 2114 1663 levi,
2152 1607 2211 1653 ut
2243 1598 2423 1670 angeli
2458 1597 2671 1653 ﬁerent.
2706 1597 2896 1668 Itaque
2941 1597 3208 1652 mundum
3252 1598 3401 1654 hunc
3434 1613 3566 1656 con-

1984 1690 2195 1748 didisse
2227 1693 2421 1757 Deum,
2467 1702 2524 1747 et
2556 1691 2796 1746 animam
2832 1690 3091 1761 supplicii
3133 1705 3301 1746 causa
3342 1692 3571 1763 corpori

1986 1784 2266 1854 alligasse.
2301 1784 2414 1840 Nec
2451 1785 2636 1851 enim,
2686 1784 2794 1849 ait,
2843 1798 3206 1853 personarum
3251 1792 3567 1854 acceptator

1987 1885 2073 1931 est
2104 1878 2271 1943 Deus,
2303 1877 2399 1948 qui
2424 1877 2540 1933 hate
2564 1877 2772 1943 omnia,
2803 1886 3015 1933 naturae
3045 1878 3214 1933 unius
3241 1877 3566 1934 exsistentia

1988 1966 2140 2037 (sunt
2174 1969 2323 2024 enim
2355 1969 2539 2025 omnia
2571 1970 2783 2026 ratione
2814 1969 3044 2041 praedita
3070 1979 3126 2025 et
3168 1969 3569 2043 immortalia),

1982 2060 2065 2116 sic
2099 2059 2168 2115 ab
2216 2060 2375 2115 initio
2407 2060 2691 2125 conderet,
2741 2070 2802 2115 ut
2847 2061 3006 2125 alios,
3046 2062 3357 2129 daemonas;
3403 2063 3564 2130 alios,

1982 2150 2229 2216 animas;
2282 2151 2442 2217 alios,
2475 2152 2700 2221 angelos
2744 2152 2953 2207 faceret
2993 2173 3006 2207 :
3064 2154 3161 2208 sed
3210 2155 3565 2211 manifestum

1983 2240 2168 2310 potius
2200 2248 2284 2295 est
2318 2240 2489 2296 Deum
2540 2256 2643 2311 pro
2694 2242 2908 2297 ratione
2941 2242 3130 2298 delicti
3164 2260 3442 2315 quemque
3484 2246 3567 2302 sic

1984 2331 2288 2403 punivisse,
2318 2340 2379 2387 ut
2405 2332 2574 2388 alium
2606 2332 2817 2388 faceret
2849 2333 3193 2401 daemonem;
3226 2336 3418 2401 alium,
3449 2338 3569 2392 ani-

1984 2436 2166 2488 mam;
2198 2423 2392 2491 alium,
2436 2424 2716 2496 angelum.
2748 2424 2972 2495 Absque
3000 2442 3110 2495 quo
3140 2435 3309 2490 esset,
3346 2444 3412 2483 ac
3455 2428 3563 2485 nisi

1986 2515 2430 2585 prteexsisterent
2474 2518 2712 2584 animae,
2764 2518 2859 2588 qui
2915 2518 3037 2573 ﬁeri
3084 2518 3261 2589 possit
3323 2528 3384 2575 ut
3432 2514 3569 2578 alios

1986 2623 2184 2663 recens
2228 2608 2283 2662 in
2330 2608 2511 2663 lucem
2555 2609 2758 2674 editos,
2812 2610 2966 2665 nullo
3013 2611 3257 2667 admisso
3307 2612 3566 2675 crimine.

1987 2715 2196 2768 caecos;
2239 2701 2378 2756 alios
2422 2711 2649 2769 contra,
2686 2704 2806 2758 sine
2850 2704 2984 2758 vitio
3034 2704 3208 2769 nasci,
3252 2705 3567 2777 deprehen-

1986 2792 2216 2848 damus?
2243 2793 2515 2850 Nimirum
2544 2803 2716 2865 patet,
2748 2795 2951 2865 inquit,
2983 2796 3263 2852 exstitisse
3310 2798 3468 2867 prius
3511 2797 3570 2854 in

1987 2886 2124 2955 ipsis
2159 2885 2358 2941 animis
2397 2885 2597 2942 delicta
2630 2886 2904 2957 quaedam,
2939 2902 3176 2956 quorum
3210 2903 3375 2943 causa
3415 2904 3573 2959 qua:-

1986 2974 2124 3030 libet
2151 2992 2218 3031 ex
2245 2976 2443 3033 merito
2474 2992 2692 3047 poenam
2724 2977 2913 3033 refert.

2059 3067 2147 3122 Vl.
2188 3068 2264 3123 De
2305 3068 2655 3124 restitutione
2685 3084 2818 3124 vero
2860 3069 2915 3124 in
2952 3069 3249 3141 integrum,
3280 3070 3398 3127 haec
3445 3072 3569 3143 ejus

1989 3159 2214 3230 Opinio:
2250 3159 2491 3216 futuram
2522 3172 2871 3217 mortuorum
2896 3161 3386 3231 resurrectionem,
3406 3171 3574 3234 atque

292 3242 395 3297 οὐκ
429 3244 756 3316 ἀπέραντος.
792 3246 1178 3318 Κολαζομένου
1198 3249 1309 3319 γάρ
1338 3248 1432 3304 τοῦ
1467 3250 1718 3322 σώματος
1749 3251 1885 3307 κατά

1992 3253 2361 3323 supplicium;
2421 3254 2518 3310 sed
2568 3254 2797 3311 minime
2842 3253 2971 3309 ﬁnis
3000 3268 3221 3324 expers.
3251 3255 3388 3311 Nam
3442 3257 3574 3312 dum

295 3334 492 3406 μικρὸν
536 3336 861 3409 καθαίρεται
885 3340 918 3410 ἡ
944 3338 1113 3411 ψυχὴ,
1146 3340 1239 3393 καὶ
1261 3338 1436 3403 οὕτως
1453 3340 1890 3395 ἀποκαθίσταται

291 3429 372 3492 σίς
392 3428 492 3499 τὴν
514 3430 752 3501 ἀρχαίαν
771 3431 942 3498 τάξιν.
975 3432 1087 3486 Καὶ
1119 3433 1243 3496 τοὺς
1272 3431 1532 3502 δαίμονας
1565 3432 1623 3486 δὲ
1658 3432 1754 3486 καὶ
1783 3432 1884 3499 ἁγ-

292 3523 486 3595 γέλους
510 3524 661 3593 λέγει
681 3525 1173 3578 ἀποκαθίστασθαι.
1191 3524 1617 3596 ’Λνατρέπωμεν
1643 3523 1699 3577 δὲ
1716 3522 1889 3579 ταῦτα

294 3617 496 3684 πάντα,
534 3617 632 3671 καὶ
674 3617 892 3687 πρῶτον
934 3616 996 3671 τὸ
1037 3618 1140 3687 τῆς
1189 3618 1616 3690 προῦπάρξεως.
1660 3617 1888 3689 Ἐπειδὴ

294 3708 403 3781 γάρ
432 3710 497 3762 ὲκ
536 3708 632 3764 τοῦ
666 3708 870 3778 λέγειν,
919 3711 1002 3764 ὅτι
1041 3710 1141 3763 οὐκ
1189 3710 1307 3763 ἔστι
1342 3710 1823 3782 προσωπολήπτης
1859 3711 1888 3763 6

296 3800 449 3867 Θεὸς,
484 3801 709 3869 συνάγει
752 3801 853 3864 τὰς
883 3799 1062 3871 ψυχὰς
1093 3801 1321 3870 λογικὰς
1359 3800 1526 3865 οὔσας
1555 3803 1652 3855 καὶ
1679 3801 1885 3857 ἀθανά-

296 3908 445 3959 τους,
471 3890 663 3964 ὥσπερ
696 3891 792 3946 καὶ
821 3892 871 3945 οἱ
903 3892 1150 3961 ἄγγελοι,
1187 3893 1289 3957 τὰς
1327 3892 1427 3965 μὲν
1463 3892 1726 3964 συνδῆσαι
1754 3892 1891 3946 Θεὸν

295 3983 376 4054 τῷ
410 3982 645 4056 σώματι,
679 3985 804 4050 τοὺς
844 3984 901 4039 δὲ
928 3986 1087 4040 ἐᾶσαι
1121 3988 1179 4040 ὲν
1217 3986 1432 4056 οὐρανῷ
1492 3985 1643 4056 αὐτῷ
1682 4003 1892 4056 συμπο-

296 4076 625 4131 λιτεύεσθαυ
662 4078 1027 4143 ίστέον,ὅτιτὸ
1046 4076 1141 4131 τοῦ
1157 4079 1408 4149 λογικοῦ
1442 4078 1538 4133 καὶ
1564 4077 1887 4144 ἀθανάτου,

212 4206 223 4212 .
296 4162 589 4235 ὁμώνυμόν
642 4166 812 4223 ἐστιν.
852 4167 1016 4221 Ἀλλο
1075 4170 1185 4241 γάρ
1235 4170 1352 4223 ἐστι
1407 4168 1470 4222 τὸ
1524 4168 1742 4238 λογικδν
1794 4168 1890 4222 καὶ

297 4256 567 4313 ἀθάνατον
599 4258 708 4312 τῶν
735 4259 1009 4329 ἀγγέλων,
1046 4262 1143 4315 καὶ
1181 4260 1508 4330 ὑπερϐαϊνον
1546 4261 1647 4332 τὴν
1675 4260 1889 4332 ἀνορωο

299 4350 464 4419 πίνην
504 4349 687 4421 φύσιν,
734 4353 830 4407 καὶ
862 4353 991 4407 ἄλλο
1027 4354 1089 4408 τὸ
1138 4355 1437 4425 ἡμέτερον·
1501 4355 1621 4408 ἐπεὶ
1663 4355 1757 4408 καὶ
1797 4355 1888 4409 τὸν

298 4443 434 4496 Θεὸν
461 4445 680 4513 λογικὸν
731 4447 826 4498 καὶ
875 4444 1145 4500 ἀθάνατον
1184 4446 1452 4515 λέγομενο
1497 4445 1675 4499 καίτοι
1716 4447 1775 4499 οὐ
1805 4447 1890 4500 λέ-

298 4552 468 4608 γομεν
514 4535 676 4590 αὑτὸν
708 4532 848 4591 εἶναι
887 4539 989 4609 τῆς
1037 4536 1201 4608 ἡμῶν
1252 4538 1485 4607 φύσεως.
1531 4537 1675 4608 Πρὸς
1723 4538 1778 4591 δὲ
1825 4540 1886 4590 τὸ

1996 3359 2220 3415 corpus,
2273 3346 2369 3412 ait,
2422 3346 2687 3417 punitur,
2730 3347 2913 3401 anima
2969 3348 3233 3415 paulatim
3283 3356 3573 3421 purgatur,

1993 3445 2160 3508 atque
2200 3439 2305 3493 hoc
2349 3440 2515 3495 modo
2567 3438 2862 3510 pristinum
2906 3440 2963 3494 in
3007 3440 3192 3495 locum
3235 3441 3572 3497 restituitur.

1993 3528 2137 3594 Quin
2174 3537 2229 3583 et
2270 3530 2550 3584 daemonas
2581 3540 2636 3585 et
2670 3530 2896 3601 angelos
2938 3529 2993 3584 in
3039 3530 3315 3602 integrum
3354 3532 3575 3588 restitui

1994 3619 2181 3677 tradit.
2212 3619 2319 3675 Sed
2354 3620 2504 3677 enim
2534 3620 2652 3675 haec
2685 3621 2872 3675 omnia
2913 3636 3036 3689 nos,
3068 3638 3133 3678 ac
3166 3622 3408 3693 primum
3436 3623 3574 3678 illud

1995 3712 2063 3767 de
2095 3713 2531 3782 prieexsistentia
2563 3713 2890 3769 refutemus.
2932 3714 3069 3769 Nam
3111 3712 3242 3784 quia
3287 3713 3465 3770 fretus
3508 3730 3573 3770 ea

1994 3800 2206 3856 ratione
2235 3802 2382 3871 quod
2409 3818 2675 3872 personas
2702 3803 2848 3857 Deus
2898 3818 3008 3857 non
3031 3810 3279 3873 acceptet
3298 3844 3312 3868 ,
3344 3803 3571 3874 colligit,

1992 3911 2119 3950 eum
2138 3895 2366 3951 rationis
2386 3895 2680 3967 participes
2700 3896 2909 3950 animas
2927 3901 2981 3951 et
3004 3895 3365 3963 immortales,
3383 3895 3577 3967 quales

1992 3993 2049 4040 et
2075 3984 2255 4056 angeli
2285 3994 2435 4049 sunt,
2460 3985 2712 4055 alligasse
2736 3984 3100 4055 corporibus;
3132 3985 3361 4056 angelos
3381 3993 3571 4042 autem

1968 4077 2050 4133 -in
2082 4077 2224 4133 coelo
2263 4077 2573 4147 reliquisse,
2617 4077 2697 4132 uti
2733 4092 2859 4132 cum
2893 4077 3013 4148 ipso
3066 4084 3572 4149 conversarentur;

1992 4167 2276 4222 sciendum
2314 4183 2479 4223 voces
2510 4168 2662 4232 istas,
2700 4160 2922 4222 rationis
2953 4166 3238 4238 particeps,
3267 4173 3325 4220 et
3354 4167 3573 4220 immor-

1993 4260 2121 4325 tale,
2168 4260 2481 4330 :equivocas
2527 4275 2669 4315 esse.
2720 4260 2855 4314 Nam
2892 4259 3055 4314 aliter
3109 4259 3288 4331 angeli
3340 4258 3572 4331 rationis

1976 4353 2293 4425 participes
2325 4361 2382 4408 et
2410 4353 2752 4407 immortales
2794 4360 2944 4419 sunt,
2994 4353 3156 4408 aliter
3202 4367 3324 4419 nos,
3383 4352 3569 4407 minus

1989 4445 2201 4501 scilicet
2231 4460 2394 4515 quam
2424 4444 2502 4499 illi
2535 4444 2775 4514 :quippe
2806 4444 2981 4499 Deum
3011 4445 3190 4515 ipsum
3230 4458 3452 4513 quoque
3488 4459 3577 4496 ra-

1996 4538 2163 4590 tionis
2193 4535 2519 4605 participem
2555 4546 2610 4589 et
2643 4536 3011 4590 immortalem
3059 4535 3318 4599 dicimus,
3352 4548 3458 4587 nec
3488 4540 3573 4585 ta-

300 4628 501 4697 λέγειν,
532 4629 616 4683 ὅτι
638 4629 750 4682 Καὶ
776 4628 894 4693 πῶς
929 4630 980 4682 οἱ
1032 4629 1132 4699 μὲν
1174 4629 1454 4683 τίκτονται
1489 4630 1701 4699 τυφλοὶ,
1744 4630 1795 4683 οἱ
1828 4629 1885 4681 δὲ

1995 4644 2122 4683 men
2152 4643 2279 4681 eum
2326 4643 2445 4682 esse
2480 4635 2689 4682 natura;
2746 4636 2948 4682 nostra:
3001 4628 3315 4681 statuimus.
3351 4625 3435 4680 Ad
3469 4625 3577 4680 hoc

304 4719 470 4789 μηδὲν
501 4722 672 4775 κακὸν
702 4720 949 4791 ἔχοντεςς
982 4721 1236 4792 λέγομεν,
1282 4721 1365 4774 ὅτι
1413 4721 1592 4776 ταῦτα
1643 4722 1886 4792 κρίματά

303 4812 409 4866 εἱσι
447 4811 679 4882 Κυρίου,
716 4809 813 4865 καὶ
842 4809 925 4863 δεῖ
951 4811 1098 4881 ἡμᾶς
1132 4809 1306 4863 ταῦτα
1361 4809 1435 4883 μὴ
1476 4808 1687 4880 ζητεῖν.
1729 4809 1885 4864 Ἐπεὶ

302 4903 715 4978 ἀξιταποροῦμεν
748 4888 968 4971 αὐτοῧς,
990 4902 1142 4956 Διατί
1178 4903 1227 4957 οἱ
1258 4903 1415 4956 ἵπποι
1450 4905 1579 4974 μιᾶς
1608 4902 1759 4967 ὄντες
1784 4900 1884 4972 φύ-

305 5012 464 5058 σεως,
493 4997 543 5048 οἱ
589 4995 689 5065 μὲν
740 4994 1033 5068 μοχθοῦσιν
1075 4996 1136 5048 ὲν
1168 4995 1570 5067 ἀρτοκοπείοις,
1618 4994 1667 5048 οἱ
1714 4993 1771 5047 δὲ
1826 4994 1884 5047 ἐν

303 5087 482 5155 τρυφῇ
519 5085 655 5150 ζῶσι
691 5088 845 5160 παρὰ
877 5087 1133 5158 μεγάλοις
1159 5085 1503 5158 ἀνθρώποις
1548 5084 1640 5138 καί
1672 5102 1752 5138 τοι
1787 5085 1886 5148 τὰς

305 5177 483 5248 ψυχὰς
514 5178 719 5232 τούτων
765 5180 863 5250 οὐχ
915 5178 1244 5250 ὁμολογοῦσι
1298 5176 1697 5249 προϋπάρχειν.
1738 5178 1800 5229 υἱ
1831 5175 1886 5228 δὲ

308 5269 648 5327 Πλατωνικοὶ
700 5271 764 5325 ἐκ
813 5271 1019 5343 ταύτης
1044 5269 1541 5341 στενοχωρούμενοι
1604 5269 1703 5339 τῆς
1752 5270 1887 5322 ἀπο-

311 5360 455 5431 ρίας,
485 5360 582 5415 καὶ
606 5360 715 5414 τῶν
740 5362 952 5431 ἀλόγων
980 5363 1135 5418 εἶπον
1165 5362 1543 5435 προϋπάρχειν
1564 5360 1663 5424 τὰς
1688 5361 1882 5431 ψυχάς.

308 5451 447 5522 Περὶ
476 5451 533 5505 δὲ
566 5451 661 5509 τοῦ
693 5452 873 5521 λέγειν
905 5455 1129 5521 αὐτοὺς,
1162 5455 1237 5527 μὴ
1269 5448 1411 5509 εἶναι
1442 5454 1757 5521 ἀπέραντον
1788 5452 1888 5523 τὴν

308 5543 536 5599 κόλασιν
564 5544 837 5614 (λέγουσιν
869 5546 997 5617 γάρ,
1027 5546 1112 5600 ὅτι
1142 5546 1203 5600 τὸ
1231 5546 1331 5601 τοῦ
1360 5545 1558 5611 αἰῶνος
1590 5546 1767 5616 ὄνομα
1796 5544 1890 5598 ἐπὶ

307 5638 615 5713 ὡρισμένου
669 5641 862 5712 χρόνου
925 5642 1297 5712 λαμϐάνεται,
1346 5642 1445 5698 καὶ
1484 5643 1611 5697 ὅταν
1670 5640 1800 5713 εἴπῃ
1855 5640 1889 5710 ἡ

310 5732 527 5805 Γραφὴ,
556 5734 640 5787 ὅτι
670 5734 861 5788 αίωνία
889 5735 1036 5788 ἐστὶν
1083 5736 1116 5806 ἡ
1159 5736 1402 5802 κόλασις,
1436 5735 1498 5790 οὐ
1526 5734 1696 5804 λέγει,
1732 5734 1781 5787 εί
1817 5730 1890 5802 μὴ

318 5823 412 5877 ἐπὶ
434 5825 741 5896 ὡρισμένου
774 5825 1014 5898 χρόνου),
1048 5827 1243 5892 ἰστέον,
1295 5829 1376 5882 ὅτι
1424 5827 1502 5898 τῷ
1533 5828 1647 5883 δντι
1687 5828 1750 5879 τὸ
1791 5825 1889 5879 τοῦ

312 5914 696 5990 αἰῶνοςδνομα
724 5920 816 5972 καὶ
844 5919 993 5991 παρὰ
1019 5921 1128 5983 τοῖς
1154 5918 1278 5985 ἔξω,
1309 5920 1400 5974 καὶ
1433 5920 1583 5991 παρὰ
1603 5923 1669 5993 τῇ
1696 5921 1883 5991 Γραφῇ

1990 4736 2124 4775 vero
2156 4720 2303 4790 quod
2332 4720 2429 4784 ait,
2457 4734 2695 4792 quonam
2729 4728 2888 4788 pacto
2918 4716 3048 4773 (ιωοί
3076 4717 3305 4788 quidam
3339 4730 3575 4771 nascan-

1993 4818 2115 4875 tur,
2170 4809 2295 4865 aliis
2341 4808 2464 4865 vitii
2515 4808 2672 4863 nihil'
2707 4808 3077 4869 habentibus,
3132 4805 3570 4875 respondemus,

1993 4918 2117 4959 esse
2160 4902 2251 4957 illa
2301 4901 2398 4958 Dei
2450 4900 2660 4972 judicia
2718 4915 2839 4969 quze
2896 4897 3227 4968 inquirenda
3274 4911 3384 4951 non
3438 4895 3569 4950 sint.

1992 4996 2103 5052 Nos
2140 4996 2291 5051 enim
2338 4994 2391 5050 ci
2434 4992 2675 5048 vicissim
2724 4990 3039 5061 objicimus,
3072 4988 3297 5059 quinam
3348 4987 3460 5053 ﬁat,
3512 4994 3573 5042 ut

1995 5103 2118 5141 cum
2150 5086 2279 5156 equi
2309 5093 2521 5139 natura;
2550 5083 2661 5138 sint
2692 5081 2877 5146 unius,
2908 5079 3000 5134 alii
3031 5088 3213 5134 tamen
3238 5078 3295 5132 in
3322 5077 3574 5147 pistrinis

1994 5180 2268 5245 laborent,
2304 5177 2397 5233 alii
2432 5190 2657 5248 magnos
2685 5172 2831 5245 apud
2858 5170 3111 5227 homines
3142 5171 3197 5225 in
3240 5170 3457 5226 deliciis
3484 5169 3574 5225 vi-

1994 5271 2166 5327 vant?
2198 5270 2352 5343 atqui
2392 5269 2571 5324 nullas
2608 5269 2807 5324 horum
2848 5266 3060 5322 animas
3099 5263 3376 5335 Origenici
3417 5262 3574 5334 prius

1992 5363 2258 5421 exsistere
2275 5362 2626 5418 conﬁtentur.
2649 5358 2909 5417 Platonici
2931 5365 3134 5422 tamen,
3147 5357 3249 5412 hac
3263 5356 3577 5427 obiectione

1994 5456 2192 5528 pressi,
2232 5456 2522 5511 brutorum
2570 5454 2781 5508 animas
2823 5465 3044 5522 quoque
3096 5448 3253 5520 prius
3303 5447 3575 5503 exsistere

1998 5548 2277 5605 dicebant.
2312 5546 2469 5614 Quod
2512 5554 2695 5601 autem
2730 5543 3010 5615 inquiunt,
3052 5554 3165 5596 non
3209 5554 3331 5595 esse
3362 5535 3577 5609 suppli-

1997 5641 2144 5696 cium
2198 5640 2326 5695 ﬁnis
2369 5655 2564 5710 expers
2606 5637 2862 5710 (tradunt
2910 5634 3058 5691 enim
3102 5646 3305 5688 nomen
3355 5630 3457 5687 αξνί
3505 5628 3576 5683 de
3634 5654 3639 5659 ι

2000 5743 2249 5804 tempore
2273 5731 2503 5788 deﬁnito
2530 5730 2703 5800 accipi
2734 5748 2745 5783 :
2777 5739 2832 5783 et
2854 5728 3071 5797 quoties
3108 5724 3393 5796 Scriptura
3427 5721 3573 5776 dicat

2000 5826 2327 5898 supplicium
2366 5824 2498 5879 illud
2529 5824 2593 5879 ad
2620 5838 2797 5878 aevum
2832 5821 3053 5883 durare,
3085 5835 3193 5875 non
3218 5815 3321 5871 nisi
3348 5814 3415 5869 de
3440 5820 3568 5867 temo

2000 5935 2137 5991 pore
2170 5916 2397 5974 deﬁnito
2428 5932 2549 5974 eam
2580 5914 2809 5988 loqui),
2843 5911 3142 5983 sciendum
3178 5924 3304 5964 vere
3341 5903 3570 5976 quidem
