4068 6586
553 483 688 548 1267

1806 487 2117 548 LEONTII
2159 486 2565 549 BYZANTINI

3683 481 3826 546 1268

529 596 602 652 'id
625 595 759 662 dici,
795 595 943 668 quod
963 597 1062 652 aevi
1095 612 1297 654 nomen
1323 606 1432 654 tam
1457 598 1604 670 apud
1634 606 1927 654 extraneos
1979 598 2106 654 scri-

2230 598 2496 664 πολλάκις
2544 599 2636 654 ἐπὶ
2687 597 2997 672 ὡρισμένου
3041 596 3236 668 χρόνον
3273 595 3650 666 λαμϐάνεται·
3680 597 3826 668 πλὴν

545 695 732 759 plores
759 703 922 758 quam
951 689 1125 745 sacris
1153 689 1208 745 in
1231 690 1458 746 Litteris
1488 706 1631 761 saepe
1660 691 1730 745 de
1750 699 1994 761 tempore
2025 688 2126 744 de--

544 779 702 834 linito
726 779 1051 850 accipiatur,
1085 781 1182 837 sed
1207 782 1277 839 de
1311 783 1584 853 supplicio
1620 799 1730 838 non
1783 787 1864 838 sic
1895 782 2124 852 intelligi

544 884 726 940 posse.
794 871 934 926 Nam
980 872 1251 929 Christus
1290 874 1408 944 ipse
1445 875 1584 930 dixit
1611 874 1656 907 ³⁷
1710 876 1850 930 alios
1895 873 2121 945 quidem

535 962 798 1020 abituros
845 961 903 1018 in
934 963 1103 1020 vitam
1152 966 1222 1020 ad
1263 981 1441 1020 :evum
1477 966 1826 1029 duraturam,
1877 965 2016 1020 alios
2053 964 2123 1020 ad

541 1054 876 1125 supplicium
898 1055 953 1111 in
984 1071 1161 1112 aevum
1181 1056 1528 1112 duraturum.
1561 1059 1670 1112 Aut
1695 1058 1862 1128 igitur
1881 1057 2120 1126 spatium

545 1147 669 1202 vita:
705 1146 993 1202 deﬁnitum
1032 1149 1367 1218 accepimus,
1400 1149 1547 1218 quod
1581 1147 1890 1202 absurdum
1919 1147 2117 1204 fuerit:

539 1242 636 1290 aut
681 1242 916 1305 utraque
949 1235 1018 1290 de
1047 1243 1293 1306 tempore
1333 1235 1458 1291 ﬁnis
1496 1245 1742 1308 experte.

520 1345 524 1348 ν
611 1327 680 1382 Ει
709 1327 828 1383 haec
864 1326 1088 1397 quidem
1128 1329 1196 1383 ad
1234 1328 1764 1384 demonstrationem
1798 1328 2118 1401 dogmatum

532 1419 683 1475 'veris
709 1421 1000 1476 sententiis
1034 1420 1370 1484 innixorum,
1409 1429 1576 1491 atque
1609 1430 1883 1476 sectarum
1919 1436 2119 1491 pravas

537 1511 828 1581 opiniones
856 1512 1306 1582 amplectentium
1331 1511 1746 1574 refutationem,
1780 1511 1833 1566 in
1859 1511 1973 1582 ipsa
2005 1511 2119 1568 oris

536 1604 820 1672 apertione
863 1603 1114 1660 Christus
1166 1605 1332 1670 Deus,
1380 1603 1608 1674 largitor
1663 1603 1757 1658 ille
1806 1603 2113 1671 bonorum,

535 1695 697 1751 nobis
726 1696 1128 1767 suppeditavit:
1172 1698 1262 1754 cui
1294 1698 1490 1769 gloria,
1530 1705 1587 1754 et
1616 1698 1940 1768 imperium,
1988 1715 2114 1754 cum

535 1789 694 1845 Patre
723 1805 788 1846 ac
816 1789 1026 1863 Spiritu
1067 1800 1277 1855 sancto,
1307 1808 1457 1848 nunc
1485 1800 1541 1848 et
1582 1792 1654 1870 in.
1674 1807 1873 1848 aevum.
1914 1793 2110 1848 Amen.

607 1947 650 1981 ³⁷
683 1948 879 2006 Matth.
908 1967 1033 2016 xxv,
1070 1952 1161 2007 46.

641 2175 1098 2191 m

2234 694 2327 746 ἐπὶ
2351 693 2450 764 τῆς
2479 693 2760 756 κολάσεως
2809 691 2987 756 οὕτως
3027 691 3090 745 οὐ
3119 690 3350 745 δύναται
3375 689 3676 761 ληφθῆναι.
3707 690 3821 744 Αὕ-

2232 784 2326 848 τδς
2339 785 2449 856 γὰρ
2478 786 2505 839 ὁ
2533 785 2768 858 Χριστὸς
2794 780 3061 851 ammon
3091 801 3110 837 t
3133 781 3556 837 Ἀπελεύσονται
3593 782 3645 836 οἱ
3695 782 3820 852 μὲν,

2233 879 2314 940 είς
2344 875 2492 948 ζωὴν
2521 879 2760 931 αἰώνιονο
2799 878 2848 931 οἱ
2876 877 2954 942 δέ,
2988 878 3068 940 είς
3091 876 3312 930 κόλασιν
3353 874 3595 932 αίώνιον.
3629 895 3648 927 ι
3705 875 3823 929 Καὶ

2232 969 2265 1040 ἦ
2300 970 2361 1022 τὸ
2388 968 2488 1039 τῆς
2515 969 2660 1042 ζωῆς
2683 969 2992 1042 ὡρισμένον
3020 967 3395 1041 λαμϐάνομεν,
3420 969 3560 1041 ὅπερ
3590 969 3817 1025 ἄτοπον

2230 1062 2264 1140 ἢ
2290 1063 2579 1135 ἀμφότερα
2607 1063 2698 1116 ἐπὶ
2733 1061 2828 1116 τοῦ
2860 1062 3191 1133 ἀπεράντου.

2300 1336 2486 1391 Ταῦτα
2535 1336 2672 1408 πρὸς
2714 1336 2990 1402 ἀπόδειξιν
3019 1336 3128 1392 τῶν
3173 1336 3471 1408 ὁρθοδόξων
3501 1337 3813 1409 δογμάτων,

2229 1431 2323 1485 καὶ
2348 1431 2570 1502 ἔλεγχον
2603 1431 2710 1484 τῶν
2735 1431 3045 1498 κακοδόξων
3083 1431 3366 1501 αἱρέσεων,
3395 1432 3425 1483 ὁ
3454 1430 3564 1484 τῶν
3589 1431 3817 1499 ἀγαθῶν

2227 1522 2460 1594 χορηγὸς
2513 1525 2570 1577 ἐν
2625 1521 2827 1588 ἀνοίξει
2873 1520 2968 1576 τοῦ
3017 1523 3286 1594 πόματος
3323 1524 3456 1594 ἡμῖν
3500 1523 3813 1594 ἐχορήγησε

2226 1614 2462 1687 Χριστὸς
2500 1617 2527 1670 ὁ
2567 1615 2718 1680 Θεός·
2751 1611 2796 1685 ᾧ
2833 1618 2866 1688 ἡ
2905 1615 3051 1685 δόξα,
3105 1615 3201 1670 καὶ
3239 1615 3302 1670 τὸ
3331 1615 3560 1686 κράτος.
3599 1615 3698 1670 σὺν
3728 1615 3813 1685 τῷ

2226 1708 2404 1778 Πατρὶ
2433 1710 2526 1762 καὶ
2549 1708 2626 1779 τῷ
2654 1709 2794 1782 ἁγίῳ
2821 1709 3127 1782 Πνεύματι,
3162 1708 3258 1764 νῦν
3293 1710 3389 1763 καὶ
3415 1709 3494 1774 είς
3521 1708 3649 1774 τοὺς
3678 1707 3813 1761 αἰῶ-

2224 1816 2339 1862 νας.
2385 1800 2437 1851 Ἀ
2451 1801 2576 1872 μήν.

1211 2378 1230 2394 ’
1286 2329 2152 2466 ΛΕΟΝΤΙΟΥ
2231 2321 3078 2465 ΜΟΝΑΧΟΥ

1822 2577 2320 2701 ΛΟΓΟΙ
2397 2559 2512 2692 Γ’

951 2803 1252 2897 ΚΑΤΑ
1319 2805 2092 2929 ΝΕΣΤΟΡΙΑΝΩΝ
2165 2751 2361 2898 KAI
2434 2803 3363 2900 ΕΥΤΥΧΙΑΝΙΣΤΩΝ.

1432 3181 2083 3310 LEONTII
2179 3176 2904 3309 MONACHI

1785 3437 2122 3540 LIBRI
2217 3436 2542 3546 TBES

866 3655 1341 3756 CONTRA
1433 3659 2276 3756 NESTORIANOS
2355 3663 2508 3754 ET
2580 3661 3470 3789 EUTYCHIANOS,

519 3869 629 3929 QUI
672 3869 998 3918 HACTENUS
1039 3872 1264 3919 LATINE
1308 3874 1567 3921 TANTUM
1585 3875 1976 3933 EXSTABANT,
2016 3876 2116 3920 FB.
2162 3875 2484 3926 TURRIANO
2516 3879 2933 3935 INTERPRE'I‘E,
2971 3878 3135 3926 APUD
3170 3879 3237 3924 Η.
3283 3876 3580 3925 οΑΝιειυκ
3606 3878 3786 3930 ιεστ.

597 3975 809 4032 anno.
836 3975 903 4024 IN
931 3977 1227 4026 somnone
1255 3981 1547 4028 3.45qu1:
1575 3983 1634 4026 τ.
1666 3983 1711 4041 ι,
1741 3983 1801 4028 p.
1846 3964 1960 4028 535
2011 3984 2086 4028 ετ
2127 3983 2304 4040 ssoo.
2337 3987 2353 4045 ;
2398 3986 2570 4035 NUNC
2604 3988 2818 4037 AUTEM
2844 3987 3062 4036 ῦΚΑΕΟΕ
3084 3986 3307 4038 nanum
3332 3985 3672 4037 PRODEUNT
3699 3985 3790 4037 nx

596 4080 874 4138 ANTIQUO
919 4083 1219 4141 RAROQUE
1259 4087 1479 4134 CODICE
1524 4088 1953 4134 BIBLIOTHECIE
1999 4089 2346 4136 νΑΤιεΑΝΑ-ς.

1546 4241 1706 4315 (Aug.
1741 4241 1865 4311 MAI,
1894 4240 2143 4317 Spicilcg.
2179 4241 2405 4300 Roman.
2436 4252 2478 4300 t.
2508 4244 2577 4312 Χ,
2611 4259 2668 4317 p.
2703 4243 2779 4316 I.)

1114 4556 1495 4617 PROLOGUS.

582 4649 723 4708 Cum
756 4650 862 4707 viri
885 4651 1001 4708 Deo
1032 4651 1186 4707 chari
1212 4662 1269 4708 et
1292 4652 1608 4708 divinorum
1634 4651 1952 4724 dogmatum
1981 4659 2097 4707 stu-

515 4742 680 4812 diosi,
712 4743 1122 4815 disputationes
1149 4759 1286 4812 quas
1312 4743 1629 4816 frequenter
1651 4744 1872 4815 publice
1895 4743 2096 4800 habui--

513 4851 638 4894 mus
653 4835 1072 4909 approbassem,
1095 4837 1298 4892 hortati
1322 4847 1452 4892 sunt
1467 4852 1588 4904 nos,
1607 4847 1667 4894 ut
1685 4837 2096 4894 dubitationum

512 4937 570 4986 et
598 4929 962 4995 solutionum,
997 4929 1052 4983 in
1075 4929 1146 4984 iis
1181 4929 1251 4985 de
1287 4930 1491 5000 quibus
1539 4946 1681 5004 saepe
1709 4929 2092 4997 disseruimus,

512 5021 928 5094 designationes
990 5022 1254 5092 quasdam
1297 5021 1504 5093 scripto
1551 5023 1684 5096 ipsis
1729 5022 2093 5092 traderemus,

513 5124 576 5168 ut
603 5129 727 5170 esse
765 5114 848 5170 eis
876 5123 1123 5185 possent,
1160 5114 1303 5172 sicut
1329 5115 1555 5186 quidam
1591 5117 1751 5183 dixit,
1789 5117 2095 5173 remedium

512 5202 814 5262 oblivionis
836 5245 852 5271 ,
896 5205 1162 5261 excitatio
1193 5207 1473 5263 memorim
1498 5248 1513 5273 ,
1546 5215 1603 5266 et
1643 5207 1907 5279 temporis
1947 5207 2094 5281 quod

511 5295 699 5352 omnia
718 5296 1024 5364 oblitterat,
1052 5298 1348 5370 reparatio.
1373 5300 1485 5356 Nos
1512 5315 1644 5356 vero
1669 5316 1813 5372 saepe
1836 5300 2096 5372 interpel-

513 5389 608 5444 lati
634 5388 981 5457 distulimus,
1019 5406 1144 5446 cum
1173 5401 1399 5466 propter
1429 5393 1535 5449 alia
1575 5394 1768 5458 multa,
1803 5402 1918 5449 tum
1965 5409 2096 5464 pro-

510 5491 636 5554 pter
684 5483 797 5539 duo
848 5483 1236 5558 potissimum,
1293 5503 1530 5558 quorum
1583 5487 1815 5542 alterum
1868 5486 2093 5558 quidem

510 5584 648 5643 erat,
679 5592 791 5634 non
822 5592 946 5634 esse
980 5593 1082 5634 nos
1119 5593 1282 5653 pares
1313 5579 1382 5634 ad
1415 5579 1794 5645 scribendum,
1831 5579 2092 5649 quoniam

510 5684 614 5725 nec
635 5677 921 5725 externam
949 5670 1300 5742 disciplinam
1330 5671 1716 5742 percepimus;
1746 5679 1803 5726 et
1827 5671 2093 5741 spiritua-

507 5763 618 5820 lem
634 5760 944 5819 doctrinam
966 5780 1130 5836 quam
1150 5763 1338 5821 divina
1351 5765 1524 5836 gratia
1544 5763 1863 5835 suppeditat
1883 5763 2090 5820 mundo

506 5856 676 5915 corde
703 5858 975 5930 prmditis,
999 5858 1246 5914 nondum
1273 5858 1510 5914 assecuti
1535 5874 1761 5924 sumus;
1798 5873 1907 5912 non
1939 5857 2087 5912 enim
2125 5885 2130 5888 -

509 5953 680 6024 pudet
708 5969 796 6011 me
825 5954 1110 6011 conscium
1142 5951 1280 6009 mihi
1308 5968 1428 6009 esse
1463 5951 1746 6008 tenuitatis
1773 5967 1926 6019 mea),
1957 5965 2080 6006 cum

2792 4558 3197 4614 ΠΡΟΘΕΩΡῙΑ.

2277 4654 2504 4726 Ἀνδρες
2546 4653 2648 4728 μὲν
2689 4651 2985 4723 θεοφιλεῖς,
3028 4651 3126 4705 καὶ
3168 4647 3278 4704 τῶν
3303 4647 3465 4702 θείων
3489 4645 3782 4716 δογμάτων

2200 4746 2612 4820 ἐπιθυμητικῶς
2645 4744 2887 4818 ἔχοντες,
2915 4743 3016 4808 τὰς
3054 4743 3134 4808 είς
3180 4741 3241 4795 τὸ
3285 4739 3465 4794 κοινδν
3492 4737 3778 4803 διαλέξεις,

2197 4839 2265 4905 ἃς
2295 4838 2508 4912 συχνῶς
2562 4837 2911 4911 πεποιήμεθα
2958 4833 3358 4906 ἀποδεξάμενοι
3379 4871 3396 4899 ,
3429 4829 3782 4905 προῦτρεψαν

2198 4932 2348 5004 ἡμᾶς
2372 4929 2666 5003 ἐγγράφως
2703 4928 2814 4984 τῶν
2853 4927 3116 4991 πολλάκις
3159 4925 3468 4998 εἰρημένων
3491 4923 3782 4993 ἐπαπορη-

2200 5040 2338 5078 σεων
2382 5024 2477 5079 καὶ
2511 5021 2723 5076 λύσεων
2749 5017 3130 5082 ὑποτυπώσεις
3172 5018 3325 5081 τινάς
3364 5015 3548 5086 σφίσιν
3594 5015 3782 5079 αὐτοῖς

2197 5117 2557 5188 παραδοῦναι·
2589 5115 2664 5179 ὥς
2695 5113 2798 5168 πού
2826 5131 2911 5178 τις
2949 5111 3078 5183 ἔφη,
3115 5110 3288 5183 λήθης
3332 5109 3646 5182 φάρμακον,
3682 5109 3782 5162 καὶ

2201 5212 2420 5282 μνήμης
2448 5208 2802 5281 ὲμπύρευμα,
2828 5208 3020 5278 χρόνου
3044 5222 3103 5259 τε
3135 5197 3180 5274 ᾧ
3203 5205 3274 5259 τὰ
3300 5204 3478 5260 πάντα
3502 5202 3777 5257 καλύπτε-

2195 5320 2328 5369 ται,
2382 5299 2738 5374 ψυχαγωγίαν
2801 5301 2984 5361 αὐτοῖς
3031 5296 3309 5369 εἰσφέρειν
3378 5295 3770 5367 δυνησομένας.

2207 5369 2408 5463 Ἡμεῖς
2432 5369 2493 5446 δέ
2512 5369 2777 5459 «eoum;
2807 5375 3193 5462 ἐνοχληθέντες
3227 5385 3658 5459 ἀνεϐαλλόμεθα,
3679 5386 3775 5440 καὶ
3809 5369 3836 5386 ”

2193 5483 2261 5536 δι’
2293 5482 2456 5555 ἐτερα
2506 5483 2605 5553 μὲν
2651 5481 2902 5550 πλεῖστα,
2949 5481 3040 5536 διὰ
3084 5481 3179 5536 δύο
3217 5479 3277 5536 δέ
3315 5481 3570 5552 μάλιστα,
3613 5479 3682 5533 δι’
3714 5477 3774 5532 ἓν

2198 5575 2300 5647 μὲν
2318 5576 2378 5629 τὸ
2411 5574 2487 5647 μὴ
2519 5574 2722 5639 ἱκανῶς
2752 5573 2899 5646 ἔχειν
2941 5573 3078 5646 πρὸς
3109 5572 3501 5645 συγγραφικήν
3529 5570 3665 5637 ἕξιν,
3691 5571 3774 5624 δτι

2195 5671 2330 5743 μηδὲ
2362 5673 2461 5742 τῆς
2484 5669 2589 5736 ἔξω
2613 5669 2860 5734 παιδείας
2894 5669 3334 5741 μετεσχήκαμεν,
3365 5665 3461 5721 καὶ
3489 5666 3589 5736 τὴν
3611 5677 3778 5716 πνευ-

2196 5763 2432 5839 ματικὴν
2461 5764 2518 5818 δέ
2538 5763 2906 5828 διδασκαλίαν,
2940 5762 3007 5836 ἢν
3045 5763 3079 5834 ὴ
3119 5761 3239 5815 θεία
3264 5760 3425 5832 χάρις
3454 5757 3777 5829 ἐπιχορηγεί

2193 5861 2306 5924 τοῖς
2336 5857 2599 5930 καθαροῖς
2629 5857 2730 5927 τὴν
2752 5855 3002 5929 καρδίαν,
3030 5852 3184 5909 οὔπω
3209 5850 3551 5923 κεκτήμεθα·
3573 5849 3635 5901 οὐ
3662 5847 3774 5918 γὰρ

2194 5949 2592 6024 ἐπαισχύνομαι
2648 5949 2842 6023 μικρόν
2882 5965 2934 6002 τι
2983 5943 3222 6020 ἐμαυτοῦ
3251 5942 3487 6008 συνιεὶς-,ι
3517 5939 3624 5994 ’ὦν
3654 5939 3772 5993 νυνὶ
