4020 6528
306 423 444 491 1269

1359 422 1659 483 CONTRA
1698 420 2019 482 NESTOR.
2062 421 2157 479 ET
2198 419 2519 479 EUTYCH.

3424 411 3560 478 1270

294 541 475 609 στφῶν
507 535 686 606 πάντη
724 519 953 597 ἑαυτοὺς
982 532 1246 595 παλαιοὺς
1271 532 1380 587 τῶν
1407 534 1579 601 ἁγίων
1611 534 1873 604 Πατέρων

2008 533 2141 603 ἱ(ιυί
2195 547 2345 587 nunc
2382 536 2513 585 sunt
2558 526 2861 598 sapientes,
2901 544 2958 583 se
3008 530 3231 599 penitus
3260 528 3560 599 ignorent:

292 633 491 693 πόνους
540 625 945 698 ἀγνωμοσύνη,
984 625 1153 678 πολὺν
1186 623 1345 678 ὄκνον
1372 625 1606 678 ἐνεποίει
1646 628 1712 695 τῇ
1764 625 1877 677 δια-

1981 626 2216 680 alterum
2235 638 2387 689 vero,
2402 619 2549 693 quod
2562 623 2795 676 istorum
2808 621 3018 690 ingrata
3032 622 3297 677 memoria
3313 629 3562 677 veterum

290 725 413 796 νοίᾳ
443 738 544 794 μου
576 719 715 790 πρὸς
759 719 819 771 τὸ
873 717 1246 787 πειθαρχῆσαι
1294 715 1373 785 τῷ
1401 717 1742 787 ἐπιτάγματι
1776 716 1879 786 τῆς

2008 720 2233 773 aborum
2261 731 2401 786 quos
2432 715 2606 770 sancti
2637 713 2829 768 Patres
2868 722 3235 783 susceperunt
3260 756 3275 781 ,
3331 715 3563 769 multam

292 814 539 883 ἀγάπης.
567 810 674 874 Οὓς
718 810 827 879 γάρ
882 808 958 879 μὴ
1006 808 1269 863 πέπεικεν
1306 808 1374 862 τά
1420 809 1556 879 μετά
1609 808 1881 878 τοσαύτης

293 906 518 978 χάριτος
548 905 642 958 καὶ
676 903 866 971 σοφίας
900 900 1059 965 Θεοῦ,
1109 900 1274 954 ἔτιδὲ
1319 901 1413 954 καὶ
1462 902 1559 969 τῆς
1604 901 1744 955 κατά
1784 902 1883 970 τὴν

296 999 402 1066 ἔξω
437 997 764 1067 φιλοσοφίαν
795 995 1122 1066 ἀκρότητος,
1167 995 1262 1048 xui.
1299 994 1398 1063 τῆς
1433 994 1599 1065 άλλης
1634 993 1884 1057 παιδείας

294 1090 588 1146 ἐκτεθέντα
622 1089 1001 1158 συντάγματα,
1034 1085 1151 1150 πῶς
1185 1086 1253 1141 ἂν
1278 1087 1308 1140 6
1350 1086 1558 1158 βραχὺς
1580 1080 1759 1153 οὗτος,
1791 1088 1887 1140 καὶ

295 1181 404 1236 ἀπὸ
437 1181 640 1253 μικρᾶς
701 1178 1141 1251 προφερόμενος
1171 1176 1412 1241 διανοίας
1486 1177 1595 1245 καὶ,
1637 1176 1885 1248 γλώττης

297 1273 545 1327 πείσειεν
574 1272 731 1339 λόγος
752 1287 766 1337 ;

369 1456 561 1527 Ὅμως
592 1456 674 1527 (οὑ
706 1455 815 1527 γὰρ
842 1457 958 1519 τοῖς
991 1456 1427 1528 κεκρατημένοις
1464 1458 1758 1527 ἐγχειρεῖν,
1788 1456 1889 1525 τῆς

293 1548 352 1602 δέ
377 1548 487 1602 τῶν
516 1548 877 1617 ὑγιαινόντων
908 1548 1216 1618 ἀσφαλείας
1257 1547 1590 1619 ποιήσασθαι
1631 1547 1890 1618 πρόνοιαν

296 1639 681 1710 ἐπιτετάχασι)
719 1641 1050 1711 πειθαρχεῖν
1078 1640 1134 1693 δὲ
1164 1640 1326 1711 φιλίῳ
1358 1642 1762 1712 προστάγματι,
1796 1638 1893 1692 νῦν

295 1733 347 1783 εξ
379 1735 475 1783 mi.
503 1732 579 1801 μὴ
605 1730 874 1803 πρότερον
908 1730 1176 1801 ἔγνωμεν.
1210 1732 1321 1785 Καὶ
1352 1734 1501 1800 τρεῖς
1526 1732 1654 1795 τοὺς
1687 1732 1895 1795 πάντας

293 1823 487 1892 λόγους
510 1825 905 1897 συνετάξαμεν
934 1818 1009 1879 ὧν
1052 1826 1081 1877 6
1110 1827 1209 1896 μὲν
1235 1826 1472 1895 πρῶτος,
1492 1826 1593 1896 τῆς
1615 1826 1893 1879 ἀντιθέτου

301 1917 399 1969 καὶ
430 1915 790 1987 ψευδωνύμου
843 1916 1101 1985 γνώσεως
1143 1917 1442 1984 Νεστορίου
1488 1934 1547 1971 τε
1587 1919 1682 1972 καὶ
1722 1919 1895 1971 Εύτυ-
1931 1904 1965 1956 ΙῘ

295 2025 428 2079 χους
464 2009 521 2061 ἐν
548 2008 733 2080 ταύτῴ
764 2010 864 2074 τάς
898 2009 1289 2081 ἀνθυποφορᾶς
1316 2012 1409 2065 καὶ
1438 2011 1539 2074 τάς
1573 2011 1898 2082 ύπαπαντή-

298 2114 416 2162 σεις
446 2098 844 2169 κεφαλαιωδῶς
882 2101 1153 2172 περιέχει,
1192 2103 1377 2172 σχεδόν
1407 2121 1458 2155 τι
1492 2104 1548 2155 ἐν
1573 2104 1779 2173 ὀλίγοις
1799 2106 1897 2167 τάς

299 2190 485 2256 πάσας
532 2193 715 2247 αὐτῶν
762 2194 1091 2265 περικλείων
1136 2197 1540 2268 ἐπαπορήσειςο
1581 2199 1675 2250 ἐπί
1723 2214 1896 2267 κεφα-

298 2284 470 2339 λαίων
521 2285 578 2338 δὲ
612 2285 705 2339 τὸν
736 2286 900 2339 αὐτὸν
935 2288 1287 2358 πεποιήμεθα
1332 2290 1512 2358 λόγον,
1542 2290 1776 2344 ἑκάστου
1806 2291 1901 2359 δη-

298 2376 435 2446 λαδὴ
458 2377 782 2447 κεφαλαίου,
822 2379 891 2431 τά
921 2378 1011 2432 ὑπ’
1043 2379 1178 2432 αὐτὸ
1213 2380 1587 2451 ἀναφέρεσθαι
1618 2381 1893 2451 δυνάμενα

302 2466 669 2539 περιέχοντος.
714 2468 781 2522 'H
811 2468 867 2521 δὲ
897 2469 1181 2541 ἐπιγραφὴ
1238 2470 1374 2540 πρὸς
1403 2471 1493 2525 τὸν
1525 2471 1889 2542 ὑποκείμενον

300 2559 506 2613 σκοπὸν
536 2559 769 2631 καιρίως
792 2560 1058 2625 τέθειται,
1092 2562 1194 2631 τῆς
1227 2563 1367 2616 κατὰ
1395 2562 1493 2633 τὴν
1522 2562 1758 2657 θεότητα
1792 2562 1887 2617 τοῦ

301 2648 544 2719 Χριστοῦ
572 2651 666 2704 καὶ
692 2650 1090 2723 ἀνθρωπότητα
1114 2652 1365 2715 ἐναντίας
1391 2648 1669 2723 δοκήσεως
1692 2654 1892 2707 Νεστο-

304 2741 423 2811 ρίου
451 2758 512 2794 τε
542 2742 637 2795 καὶ
663 2742 960 2814 Εὐτυχοῦς,
990 2742 1211 2814 ἐλεγχος
1243 2746 1337 2798 καὶ
1366 2746 1668 2817 ἀνατροπὴ·
1704 2745 1890 2817 ἐπειδὴ

1985 809 2263 879 pigritiam
2289 808 2475 861 animo
2515 821 2638 860 meo
2682 806 2749 859 ad
2785 806 3157 860 obediendum
3183 807 3353 878 jussis
3380 807 3564 861 chari-

1984 902 2116 958 tatis
2170 887 2456 956 aﬁerebat.
2493 899 2708 966 Quibus
2733 900 2883 955 enim
2936 914 3046 953 non
3096 908 3390 955 suaserunt
3440 900 3566 954 libri

1987 1001 2140 1048 tanta
2170 994 2265 1048 Dei
2304 993 2476 1064 gratia
2499 1001 2557 1047 et
2588 991 2880 1060 sapientia,
2910 1006 2973 1045 ac
3000 1007 3217 1049 summo
3245 994 3411 1047 etiam
3444 992 3571 1063 phi—

1987 1084 2256 1155 losophia:
2300 1093 2357 1139 et
2401 1084 2635 1139 aliarum
2671 1083 3096 1153 disciplinarum
3153 1086 3339 1140 studio
3371 1087 3567 1155 scripti

1988 1186 2045 1233 et
2082 1177 2242 1243 editi,
2282 1177 2561 1247 quomodo
2594 1176 2685 1231 hic
2712 1192 2869 1232 meus
2892 1177 3052 1233 exilis
3077 1193 3264 1233 sermo
3295 1194 3365 1234 ex
3393 1179 3573 1233 tenui-

1990 1277 2101 1325 tate
2138 1280 2251 1324 tum
2284 1270 2519 1334 mentis,
2573 1279 2687 1324 tum
2745 1270 2944 1340 linguae
2997 1271 3281 1340 profectus
3338 1272 3573 1327 suadere

1990 1360 2194 1430 poterit
2212 1362 2234 1413 ?

2061 1454 2239 1509 Jussis
2292 1463 2474 1508 tamen
2512 1453 2798 1509 benevolis
2824 1495 2838 1520 ,
2875 1455 2980 1510 etsi
3014 1470 3123 1509 non
3180 1456 3338 1524 prius
3366 1495 3379 1519 ,
3425 1471 3577 1512 nunc

1995 1546 2216 1602 tandem
2244 1561 2440 1616 parere
2469 1546 2854 1613 decrevimus;
2878 1563 2989 1602 non
3011 1548 3158 1602 enim
3188 1549 3475 1619 jusserunt
3517 1556 3579 1603 ut

1996 1655 2187 1696 eorum
2215 1641 2310 1709 qui
2343 1640 2554 1694 robusti
2592 1649 2721 1695 sunt
2750 1648 2805 1695 et
2829 1653 2979 1695 recte
3006 1642 3207 1705 valent,
3248 1656 3439 1695 curam
3475 1639 3575 1695 ha—

1999 1731 2278 1786 beremus.
2317 1731 2453 1785 Tres
2488 1731 2673 1800 itaque
2708 1732 2883 1785 libros
2916 1733 3241 1801 scripsimus
3269 1770 3283 1793 ,
3336 1746 3579 1803 quorum

2001 1824 2213 1893 primus
2243 1824 2534 1879 contraria:
2557 1824 2749 1878 etfalsi
2769 1824 3008 1878 nominis
3036 1824 3305 1889 scientiae,
3344 1823 3585 1879 Nestorii

1999 1914 2339 1985 etEutyehis
2369 1916 2584 1987 objecta
2616 1923 2671 1970 et
2700 1916 2955 1985 opposita
2976 1915 3292 1969 summatim
3311 1914 3581 1979 continet,

2001 2006 2192 2076 paucis
2225 2021 2419 2061 omnes
2456 2007 2573 2061 fere
2602 2022 2794 2062 eorum
2842 2006 3177 2076 qumstioncs
3219 2006 3586 2076 comprehen-

1998 2104 2157 2157 dens.
2195 2101 2595 2171 Distinguimus
2646 2110 2830 2155 autem
2869 2099 3074 2154 librum
3102 2099 3154 2152 in
3179 2098 3381 2168 capita,
3420 2098 3493 2151 ita
3525 2106 3586 2151 ut

2001 2194 2435 2264 unumquodque
2466 2202 2630 2262 caput
2656 2209 2717 2247 ea
2774 2193 3086 2247 contineret
3133 2208 3256 2261 qum
3298 2191 3366 2245 ad
3403 2191 3583 2260 ipsum

2001 2285 2197 2341 referri
2226 2294 2500 2355 poterant.
2538 2285 2833 2354 inscriptio
2863 2294 3046 2339 autem
3083 2284 3249 2355 hujus
3307 2283 3436 2338 libri
3490 2298 3584 2337 ac-

2006 2378 2351 2435 commodata
2376 2376 2443 2431 ad
2482 2378 2819 2446 propositam
2858 2392 2972 2430 rem
3004 2378 3307 2447 subiectam
3336 2373 3587 2429 adhibita

1998 2482 2105 2537 est,
2142 2470 2435 2525 contraria:
2458 2468 2602 2523 inter
2630 2484 2687 2522 se
2714 2468 2953 2522 ﬁctionis
2983 2468 3221 2523 Nestorii
3246 2475 3302 2522 et
3322 2464 3588 2537 Eutychis

1998 2561 2145 2615 circa
2160 2554 2503 2615 diviiﬁtatem
2522 2574 2585 2612 ac
2611 2558 3009 2611 humanitatem
3038 2555 3587 2633 Christiconfutatio,

2000 2652 2127 2721 quia
2164 2652 2303 2705 alter
2350 2650 2719 2713 divinitatem,
2742 2649 2881 2703 alter
2902 2649 3301 2704 humanitatem
3322 2646 3591 2718 speciosis

2001 2744 2321 2798 nominibus
2339 2742 2445 2808 usi,
2464 2749 2525 2795 ut
2550 2742 2771 2811 utrique
2792 2741 2969 2796 visum
2999 2750 3105 2805 est,
3132 2742 3314 2796 ﬁctam
3338 2739 3587 2795 tradunt.

300 2835 331 2885 ὁ
358 2831 458 2901 μὲν
486 2834 586 2903 τὴν
616 2832 848 2906 θεότητα
889 2834 1130 2907 δοκήσει,
1161 2838 1190 2890 ὀ
1215 2836 1272 2890 δὲ
1319 2836 1418 2908 τὴν
1460 2837 1880 2909 ἀνθρωπότητα,
1923 2840 2066 2891 κατά
2090 2836 2151 2889 τὸ
2180 2836 2361 2898 αὐτοῖς
2386 2834 2600 2900 δοκοῦν,
2634 2836 2750 2905 μετ’
2782 2834 3076 2904 εὐπρεπῶν
3134 2834 3244 2887 τῶν
3306 2834 3590 2888 ὀνομάτων

302 2926 739 2997 δογματίζουσιν.

392 3018 449 3070 '0
479 3016 535 3069 δὲ
564 3016 818 3089 δεύτερος
852 3018 989 3089 πρὸς
1008 3021 1135 3084 τοὺς
1160 3021 1224 3073 ἐκ
1255 3020 1364 3075 τῶν
1394 3023 1680 3093 ἡμετέρων
1721 3040 1893 3094 προσ-

309 3112 572 3183 θεμένους
597 3114 667 3182 τῇ
702 3112 1135 3187 κατεφθαρμένῃ
1168 3113 1349 3184 ἐννοίᾳ
1388 3113 1495 3168 τῶν
1538 3114 1899 3185 ’Δφθαρτοδο-

310 3208 494 3279 κητῶν
511 3208 1118 3274 ἀποτείνεται·τούτους
1147 3210 1253 3281 γὰρ
1281 3211 1376 3265 καὶ
1408 3211 1644 3281 μάλιστα
1676 3212 1900 3277 δικαίως

2074 3016 2364 3073 Secundus
2400 3016 2541 3069 liber
2566 3023 2652 3070 est
2698 3014 2752 3068 in
2785 3030 2880 3069 eos
2936 3031 3032 3084 qui
3067 3030 3135 3069 ex
3165 3016 3367 3070 nostris
3402 3032 3591 3073 acces-

2008 3116 2199 3163 serunt
2227 3106 2295 3160 ad
2323 3114 2637 3174 corruptam
2671 3104 3004 3159 sententiam
3026 3120 3219 3159 eorum
3267 3105 3363 3175 qui
3389 3121 3593 3177 corpus

2007 3203 2214 3259 Christi
2258 3201 2680 3272 ineorruptibile
2722 3207 2849 3255 ante
2898 3200 3358 3254 resurrectionem
3412 3199 3629 3255 trade-‘

308 3302 376 3356 ἄν
404 3319 491 3365 τις
524 3300 821 3368 ἐλέγξειεν,
870 3300 1136 3373 διαφοράν
1186 3304 1592 3373 ἐπισταμένους
1633 3305 1726 3358 καὶ
1774 3304 1900 3359 {6:6-

2008 3297 2155 3361 bant,
2185 3296 2279 3365 qui
2308 3311 2374 3349 ex
2393 3310 2460 3349 eo
2487 3292 2669 3349 vocati
2699 3300 2827 3347 sunt
2848 3291 3377 3362 Ἀφοαρτοδοκῆται.
3396 3292 3595 3348 Justis-

311 3410 486 3465 τητας
516 3393 611 3448 καὶ
643 3394 927 3464 ἐνεργείας
958 3393 1055 3447 τοῦ
1090 3395 1209 3459 ἐνὸς
1244 3396 1339 3449 καὶ
1381 3395 1545 3465 μόνου
1575 3396 1785 3467 Κυρίου
1811 3398 1903 3450 καὶ

312 3484 449 3538 Θεοῦ
480 3484 575 3539 καὶ
616 3486 872 3556 Σωτῆρος
908 3486 1068 3555 ἡμῶν
1105 3486 1282 3555 Ἰησοῦ
1324 3487 1586 3557 Χριστοῦ.
1620 3489 1761 3552 Τοὺς
1797 3489 1905 3559 γάρ

315 3582 456 3653 πρὸς
484 3583 583 3647 τὰς
624 3582 819 3651 φύσεις
865 3584 1345 3649 ἀντιστατοῦντας,
1397 3587 1490 3639 καὶ
1540 3587 1600 3639 τὸ
1644 3585 1905 3657 διάφορον

314 3673 495 3728 αὐτῶν
518 3675 892 3747 ἀρνουμένους
937 3676 1076 3747 μετά
1117 3678 1217 3748 τὴν
1260 3678 1476 3744 ἕνωσιν,
1526 3678 1797 3749 ἰδιότητάς
1844 3696 1905 3731 τε

316 3766 414 3820 καὶ
453 3767 737 3839 ἐνεργείας
768 3769 870 3833 τὰς
921 3769 980 3823 ἐν
1014 3769 1207 3833 αὐταῖς
1253 3771 1511 3841 ἀθέσμως
1551 3771 1903 3842 συγχεόντας,

314 3859 378 3913 οὐ
416 3859 619 3931 μᾶλλον
662 3862 913 3933 γελῶμεν
946 3864 1044 3933 τῆς
1074 3864 1455 3927 ἀπαιδευσίας,
1486 3863 1518 3932 ἢ
1564 3864 1907 3934 οίκτείρομεν

316 3952 417 4023 τῆς
445 3953 724 4020 ἀσεϐείας,
782 3956 911 4025 περὶ
950 3956 1044 4008 τοῦ
1096 3956 1302 4025 τρόπου
1353 3956 1748 4027 διαποροῦντας
1797 3956 1907 4010 τῶν

322 4042 459 4115 μηδὲ
505 4045 958 4118 ὁμολογουμένων
1006 4048 1210 4114 αὐτοῖς,
1241 4049 1379 4120 μηδὲ
1411 4050 1530 4101 κατ’
1562 4048 1745 4113 αὐτοῖς
1773 4048 1908 4103 ὑπο-

319 4136 592 4207 κειμένων
624 4135 864 4205 φύσεων.
910 4135 1239 4191 ’Υποθέσθαι
1274 4137 1381 4210 γάρ
1416 4137 1524 4190 ἔδει
1573 4138 1786 4208 πρῶτον
1812 4138 1909 4191 αύ-

320 4228 434 4291 τοῖς
483 4228 583 4299 τὴν
615 4226 777 4297 φύσιν
826 4227 929 4298 τῆς
973 4227 1229 4297 θεότητος
1258 4229 1352 4283 τοῦ
1384 4231 1645 4302 Χριστοῦ,
1687 4233 1783 4284 καὶ
1812 4232 1909 4300 τὴν

322 4319 488 4388 φύσιν
538 4321 639 4392 τῆς
682 4321 805 4375 κατ’
840 4322 1001 4376 αὑτὸν
1040 4321 1463 4393 ἀνθρωπότητος
1516 4318 1654 4377 εἷναί
1702 4342 1759 4379 τε
1815 4327 1910 4379 καὶ

324 4413 692 4481 φυλάττεσθαι
752 4414 890 4485 μετὰ
922 4414 1033 4486 τὴν
1064 4416 1280 4483 ἕνωσιν,
1313 4419 1407 4473 καὶ
1452 4418 1623 4483 οὕτως
1652 4420 1781 4490 περὶ
1809 4418 1909 4488 τῆς

326 4506 673 4578 προυάλληλα
706 4508 913 4561 τούτων
963 4509 1232 4578 σχέσεως,
1277 4511 1373 4565 καὶ
1424 4512 1520 4566 τοῦ
1565 4513 1771 4583 τρόπου
1811 4513 1909 4584 τῆς

326 4597 614 4669 ὑπάρξεως
646 4600 1149 4671 πολυπραγμονεῖν·
1187 4602 1480 4673 διαλογικῷ
1510 4604 1570 4657 δὲ’
1598 4607 1911 4675 χαρακτῆρι

325 4691 776 4763 διεσχημάτισται
815 4688 969 4757 οὗτος
999 4696 1028 4749 6
1059 4694 1237 4763 λόγος,
1268 4696 1443 4762 οὐδὲν,
1482 4696 1557 4759 ὡς
1588 4692 1768 4765 οἶμαι,
1799 4695 1909 4748 τῶν

326 4780 749 4836 λυσιτελούντων
786 4799 847 4835 τε
900 4783 994 4836 καὶ
1030 4783 1282 4855 ὁρώντων
1316 4786 1396 4848 είς
1424 4784 1523 4856 τὴν
1556 4785 1650 4839 τοῦ
1686 4802 1912 4856 προκει-

336 4876 496 4945 μένου
530 4875 761 4947 ζήτησιν
798 4876 1141 4931 καταλιπών.
1185 4878 1275 4942 Ὣς
1306 4878 1372 4933 ἂν
1415 4879 1471 4934 δὲ
1513 4878 1587 4950 μὴ
1619 4879 1912 4949 συγχεθείη

335 4967 398 5019 τά
442 4966 733 5037 πρόσωπα,
783 4967 847 5021 τὸ
899 4968 1000 5037 μὲν
1049 4969 1143 5023 τοῦ
1181 4970 1570 5041 διαποροῦντος
1620 4973 1914 5045 πρόσωπον

336 5057 664 5129 ἀστερίσκῳ,
688 5060 749 5113 τὸ
773 5059 830 5113 δὲ
856 5060 949 5115 τοῦ
979 5061 1078 5125 τὰς
1104 5062 1286 5127 λύσεις
1317 5062 1615 5133 ἐπάγοντος
1642 5063 1719 5134 τῷ
1750 5082 1913 5118 σταυ-

337 5148 534 5221 ροειδεῖ
560 5154 1066 5224 κατεσημηνάμεθα
1113 5154 1291 5224 τύπῳ.
1345 5156 1457 5209 Καὶ
1494 5155 1652 5209 τοῦτο
1710 5156 1767 5210 δὲ
1815 5157 1917 5211 οὐκ

336 5239 548 5309 ἀλόγως
570 5243 958 5316 πεπράχαμεν,
1003 5246 1119 5300 ἀλλ’
1158 5247 1349 5319 ἀστέρι
1402 5248 1501 5319 μὲν
1538 5249 1637 5319 τὴν
1666 5249 1916 5319 ἀμυδρὰν

337 5334 434 5388 καὶ
460 5334 779 5404 ἀτράνωτον
801 5338 1010 5391 ἐκείνου
1050 5340 1250 5409 γνῶσιν
1286 5342 1698 5412 ὕπηνιξάμεοα’
1744 5343 1836 5396 τὸν
1861 5344 1918 5397 δὲ

334 5425 438 5495 τῆς
461 5424 724 5497 ἀληθείας
761 5428 1129 5499 ὑπασπιστὴν,
1162 5430 1240 5501 τῷ
1272 5432 1519 5503 τροπαίῳ
1556 5431 1648 5485 τοῦ
1682 5433 1917 5503 σταυροῦ

338 5516 788 5589 καθωπλίσαμεν.
826 5521 1266 5592 Ἑπιγέγραπται
1283 5519 1376 5578 οὖν
1398 5524 1493 5579 καὶ
1510 5517 1661 5588 οὗτος
1682 5527 1710 5579 6
1736 5525 1916 5593 λόγος,

336 5609 487 5678 Πρὸς
534 5610 674 5679 τοὺς
704 5613 771 5678 ἐξ
812 5612 980 5682 ἡμῶν
1009 5615 1456 5685 προσθεμένους
1484 5617 1556 5686 τῇ
1597 5621 1919 5687 κατεφθαρ-

336 5697 489 5777 μένῃ
531 5700 731 5772 γνώμῃ
762 5701 883 5757 τῶν
918 5702 1483 5773 Ἀφθαρτοδοκητῶν
1509 5703 1810 5775 διάλογος.

2007 3384 2144 3439 sime
2184 3393 2367 3438 autem
2410 3391 2539 3437 sunt
2574 3382 2627 3435 hi
2664 3380 2959 3435 accusandi
2986 3420 2999 3443 ,
3049 3380 3144 3449 qui
3177 3380 3346 3435 unius
3375 3382 3594 3436 Domini

2006 3486 2063 3533 et
2084 3477 2179 3533 Dei
2202 3492 2265 3531 ac
2284 3475 2584 3530 Salvatoris
2613 3474 2793 3529 nostri
2814 3472 3165 3529 JesuChristi
3197 3472 3592 3538 differentiam.

2006 3575 2062 3622 et
2109 3566 2509 3637 proprietates,
2556 3576 2613 3621 et
2652 3563 3005 3635 operationes
3035 3564 3237 3619 sciunt.
3291 3564 3401 3620 Eos
3443 3566 3595 3620 enim

2008 3660 2101 3728 qui
2134 3658 2350 3713 naturis
2380 3659 2769 3721 adversantur,
2801 3667 2857 3711 et
2885 3672 3077 3711 earum
3106 3655 3475 3711 differentiam
3498 3672 3596 3712 ne-

2010 3759 2141 3820 gant
2184 3758 2307 3819 post
2343 3749 2625 3812 unionem,
2664 3764 2727 3803 ac
2756 3748 3124 3818 proprietates
3163 3758 3218 3803 et
3256 3749 3503 3804 actiones
3537 3749 3594 3803 in

2011 3843 2095 3897 eis
2120 3842 2387 3897 scelerate
2434 3840 2801 3907 confundunt,
2834 3856 2946 3895 non
2979 3840 3151 3911 magis
3181 3840 3428 3896 ridemus
3465 3857 3595 3911 pro-

2013 3943 2134 4005 pter
2154 3935 2451 3999 inscitiam,
2471 3950 2639 4005 quam
2658 3934 2912 3989 dolemus
2939 3942 2995 3989 et
3021 3926 3351 3989 miserantur
3371 3944 3598 4006 propter

2012 4027 2370 4098 impietatem,
2415 4030 2510 4098 qui
2534 4028 2601 4083 de
2633 4027 2797 4081 modo
2839 4026 3061 4082 unionis
3084 4036 3410 4081 naturarum
3436 4025 3599 4081 dubi-

2012 4129 2164 4185 tant,
2214 4137 2351 4190 quas
2382 4136 2563 4191 neque
2599 4120 2953 4186 concedunt,
3000 4135 3183 4190 neque
3214 4128 3427 4190 ponunt
3451 4134 3595 4175 esse.

2010 4213 2311 4284 Oportebat
2341 4216 2487 4269 enim
2513 4214 2753 4283 primum
2793 4215 3034 4284 positum
3072 4229 3196 4268 esse
3224 4222 3281 4267 et
3318 4212 3486 4267 ﬁxum
3518 4211 3600 4282 ip-

2012 4307 2111 4367 sis,
2150 4322 2271 4361 esse
2320 4316 2375 4361 ct
2418 4306 2625 4361 servari
2655 4317 2778 4376 post
2808 4306 3072 4360 unionem
3103 4313 3358 4359 naturam
3398 4303 3600 4358 divini-

2014 4400 2142 4454 tatis
2170 4400 2396 4466 Christi,
2432 4409 2487 4455 et
2512 4408 2768 4455 naturam
2814 4398 3177 4453 humanitatis
3223 4398 3382 4468 ejus;
3434 4404 3599 4466 atque

2014 4490 2090 4544 ita
2141 4490 2421 4560 inquirere
2452 4498 2641 4560 postea
2672 4490 2951 4560 quomodo
2981 4505 3040 4544 se
3076 4488 3482 4543 habeantinter
3516 4502 3594 4549 se,

2014 4588 2070 4633 et
2102 4581 2382 4648 quomodo
2438 4580 2568 4635 sint.
2625 4581 2799 4650 Hujus
2846 4579 2977 4633 libri
3011 4579 3188 4649 stylus
3222 4576 3599 4631 conformatus

2013 4680 2097 4725 est
2128 4670 2570 4741 iudisputationc
2591 4681 2647 4726 et
2670 4672 2909 4742 dialogo,
2941 4671 3214 4739 nihilque,
3250 4677 3310 4723 ut
3331 4668 3596 4733 arbitror,

2014 4762 2266 4817 relictum
2290 4772 2374 4817 est
2392 4778 2585 4817 eorum
2635 4780 2758 4833 qua:
2781 4765 2849 4817 ad
2878 4763 3213 4833 propositam
3238 4760 3597 4831 quaestionem

2014 4854 2340 4923 spectabant
2387 4864 2445 4909 et
2488 4855 2777 4909 commoda
2807 4862 2986 4909 erant.
3021 4854 3100 4909 Ne
3139 4860 3324 4907 autem
3352 4866 3602 4923 persona:

2015 4945 2527 5013 confunderentur;
2563 4963 2799 5018 persona
2834 4947 3144 5001 dubitantis
3176 4945 3346 5001 habet
3386 4944 3599 5000 stellam

2016 5038 2334 5109 insignitam
2361 5057 2373 5093 :
2401 5056 2635 5109 persona
2670 5041 2937 5097 solventis
2972 5039 3349 5094 dubitationes
3374 5038 3601 5109 ﬁguram

2017 5133 2217 5187 crucis.
2240 5133 2352 5188 Nec
2370 5134 2422 5188 id
2447 5134 2668 5204 quidem
2693 5134 2897 5188 factum
2925 5144 3009 5189 est
3032 5142 3261 5188 temere.
3294 5131 3429 5185 Nota
3452 5131 3599 5187 enim

2019 5224 2189 5279 stella:
2218 5225 2591 5296 signiﬁcamus
2633 5235 2878 5291 tenuem,
2909 5234 3102 5281 etnon
3141 5223 3468 5293 explicatam
3510 5239 3603 5277 co.-

2019 5316 2321 5386 gnitiouem
2353 5333 2603 5387 personae
2649 5317 2989 5383 dubitantis;
3024 5315 3369 5371 defensorem
3416 5322 3598 5369 autem

2022 5407 2271 5463 veritatis
2312 5417 2518 5478 trapaeo
2562 5409 2747 5464 crucis
2779 5408 3135 5463 armavimus.
3186 5408 3281 5465 Est
3303 5418 3487 5465 autem
3518 5409 3602 5463 in-

2021 5500 2264 5571 scriptus
2310 5501 2401 5556 hic
2439 5502 2613 5568 liber,
2651 5502 2910 5557 Adversus
2950 5519 3034 5557 eos
3071 5502 3160 5573 qui
3207 5518 3271 5556 ea:
3314 5503 3505 5556 nostris
3549 5518 3603 5554 se

2022 5594 2384 5662 adjunxerunt
2413 5595 2482 5649 ad
2519 5604 2824 5665 corruptum
2851 5596 3166 5649 sententiam
3212 5586 3604 5665 Aphtﬁertodo-

2023 5693 2279 5748 actarum,
2320 5685 2374 5740 id
2408 5694 2493 5741 est
2524 5702 2714 5741 eorum
2761 5687 2857 5757 qui
2884 5702 3084 5757 corpus
3113 5684 3321 5741 Christi
3355 5692 3482 5739 ante
3514 5698 3602 5737 re-

2022 5778 2422 5833 surrectionem
2457 5780 2881 5851 incorruptibile
2913 5780 3081 5834 fuisse
3127 5786 3418 5833 senserunt
3443 5816 3457 5844 ,
3484 5774 3603 5834 dia.-

2022 5870 2197 5941 logus.
