4068 6544
506 418 640 485 1271

571 525 798 584 Tertius
829 523 973 580 liber
994 522 1244 579 continet
1269 519 1705 578 contutationem
1737 535 1930 576 eorum
1989 519 2082 589 qui
2113 523 2164 582 Α

497 619 763 676 simulant
795 632 855 673 se
891 624 1080 671 tenere
1113 629 1366 684 magnam
1400 623 1457 670 et
1485 612 1888 668 mcumenicam
1948 627 2077 683 syn-

496 710 666 767 odum
681 706 1216 767 Chalcedonensem.
1253 713 1310 760 et
1334 712 1464 758 sunt
1479 701 1809 762 Nestoriani.
1839 701 1904 756 Hi
1931 701 2078 755 sicut

491 811 550 858 et
588 799 789 868 reliqui
813 798 1109 854 baeresium
1157 804 1504 858 sectatores,
1549 793 1809 848 videntur
1861 792 2078 848 divinas

493 891 810 962 Scripturas
833 901 890 945 et
918 887 1235 958 superiores
1259 885 1498 957 synodos
1518 884 1790 954 recipere,
1810 897 1924 938 non
1949 882 2076 952 qui-

492 983 617 1040 dem
648 982 797 1054 quod
827 980 1132 1036 secundum
1158 993 1253 1034 eas
1285 977 1548 1040 sentiant,
1583 975 1679 1030 sed
1725 983 1785 1029 ut
1817 973 2076 1044 impieta-

491 1085 603 1130 tem
628 1087 784 1130 suam
813 1072 883 1127 ad
905 1068 1265 1139 decipiendos
1309 1067 1679 1136 simpliciores
1713 1064 1818 1120 bac
1847 1063 2074 1119 simula-

490 1167 644 1222 tione
671 1173 875 1236 tegant,
909 1163 1052 1218 sicut
1074 1159 1451 1232 Apollinarius
1479 1157 1908 1214 etMacedonius
1945 1171 2075 1227 syn-

491 1258 660 1313 odum
691 1257 988 1315 Nicanam.
1015 1264 1069 1309 et
1089 1252 1376 1308 Nestorius
1391 1258 1590 1320 praeter
1608 1249 1880 1304 Nicaenam
1909 1247 2076 1303 etiam

417 1421 426 1428 ‘
488 1348 1155 1419 Constantinopolitanam
1179 1363 1192 1399 :
1217 1344 1496 1416 Eutyches
1519 1350 1720 1412 praeter
1735 1341 1892 1406 alias,
1909 1340 2076 1396 etiam

419 1439 430 1518 ξ
489 1441 764 1518 synodum
795 1441 1154 1514 Ephesinam.
1214 1436 1305 1492 Sic
1337 1435 1504 1491 etiam
1539 1433 1596 1488 hi
1635 1433 1901 1488 simulant
1948 1445 2078 1486 san-

417 1515 431 1528 .
490 1515 637 1596 ctam
663 1535 933 1608 synodum
963 1532 1494 1594 Cbaicedonensem,
1539 1537 1656 1582 tum
1698 1536 1758 1582 ut
1789 1525 1942 1598 gravi
1974 1540 2074 1580 au-

428 1613 433 1621 ’
489 1630 749 1686 ctoritate
780 1640 1137 1698 personarum
1168 1624 1289 1694 ejus
1320 1623 1659 1693 impietatem
1690 1635 1843 1675 suam
1872 1619 2074 1684 celent,

491 1733 608 1778 tum
640 1729 701 1776 ut
727 1719 869 1774 viam
893 1719 1000 1772 sibi
1029 1717 1281 1771 muniant
1309 1714 1378 1770 ad
1411 1713 1836 1785 oppugnandam
1867 1711 2076 1766 verita-

1753 411 2067 473 LEONTII
2107 410 2516 474 BYZANTINI

3629 391 3787 456 1272

2273 525 2332 579 ’0
2373 526 2430 580 δὲ
2463 525 2648 596 τρίτος
2699 521 2793 576 καὶ
2845 515 3156 578 τελευταῖος
3187 512 3287 584 τὴν
3315 507 3632 579 ἀνατροπὴν
3658 507 3782 578 ἔχει

2180 617 2324 671 κατὰ
2351 617 2464 670 τῶν
2500 611 2952 685 ὑποκρινομένων
2979 609 3082 679 τὴν
3120 603 3368 677 μεγάλην
3391 599 3489 654 καὶ
3515 599 3782 669 οίκουμεο

2177 711 2337 782 νικὴν
2368 708 2590 764 σύνοδον
2634 706 2735 778 τὴν
2763 706 2822 759 ὲν
2859 698 3190 773 Χαλκηδόνι,
3237 695 3334 750 καὶ
3370 693 3439 748 τά
3467 690 3772 763 Νεστορίου

2179 801 2617 874 πρεσϐευόντων.
2658 793 2821 853 Οὗτοι
2846 795 2978 865 γὰρ,
3002 793 3191 860 ὥσπερ
3233 787 3430 860 ἀμέλει
3454 786 3549 840 καὶ
3571 784 3621 838 oi
3653 782 3774 836 λοι-

2180 896 2273 950 πολ
2300 895 2412 948 τῶν
2442 892 2707 966 αίρέσεων
2733 889 2960 961 μύσται,
2982 884 3084 948 τάς
3111 901 3170 938 τε
3199 881 3352 944 θείας
3378 877 3626 952 Γραφάς,
3673 875 3779 929 καὶ

2177 988 2277 1052 τὰς
2308 985 2778 1060 προηγησαμένας
2824 980 2988 1050 ἁγίας
3017 976 3269 1038 συνόδους
3315 970 3640 1045 προσίεσθαι
3683 968 3778 1022 δο-

2179 1078 2369 1134 κοῦσιν
2396 1095 2410 1110 ο
2443 1077 2505 1131 ού
2538 1075 2867 1148 φρονοῦντες
2899 1072 3000 1143 μὲν
3024 1067 3146 1124 κατ’
3168 1066 3363 1132 αύτάς,
3395 1061 3777 1136 προκάλυμμα

2177 1169 2237 1223 δὲ
2271 1168 2369 1238 τῆς
2400 1167 2580 1221 αὐτῶν
2621 1165 2878 1227 ἀσεϐείας
2919 1159 3128 1222 ταύτας
3158 1155 3494 1226 ποιούμενοι,
3526 1151 3667 1223 πρὸς
3695 1151 3777 1217 ὲξο

2178 1262 2396 1332 απάτην
2416 1258 2527 1313 τῶν
2559 1256 2966 1326 ἁπλουστέρωνο
2994 1246 3106 1306 οἷον
3136 1247 3510 1318 Ἀπολινάριος
3546 1244 3646 1317 μὲν
3676 1245 3774 1298 καὶ

2179 1350 2536 1412 Μακεδόνιος,
2559 1347 2659 1419 τὴν
2692 1348 2752 1401 ὲν
2780 1345 3003 1415 Νικαίᾳ·
3047 1341 3344 1410 Νεστὸριος
3373 1338 3432 1391 δὲ
3461 1337 3601 1408 πρὸς
3629 1335 3771 1391 ταύο

2177 1460 2269 1514 τῃ,
2295 1442 2389 1496 καὶ
2419 1440 2519 1511 τὴν
2549 1441 2608 1494 ὲν
2643 1433 3240 1493 Κωνσταντινουπόλει’
3269 1430 3518 1502 Εὑτυχῆς
3539 1428 3598 1483 δὲ
3629 1429 3773 1499 πρὸς

2177 1537 2301 1597 ταῖς
2330 1533 2541 1597 ἄλλαις,
2575 1532 2672 1586 καὶ
2715 1531 2815 1600 τὴν
2861 1531 2919 1583 ὲν
2951 1528 3186 1598 Ἐφέσῳ.
3213 1524 3373 1580 Οὕτω
3400 1525 3458 1580 δὲ
3497 1525 3593 1580 καὶ
3620 1518 3772 1578 οὗτοι

2177 1627 2275 1697 τὴν
2322 1628 2380 1680 ἐν
2420 1625 2732 1694 Χαλκηδόνι
2760 1623 2927 1692 ἀγίαν
2962 1620 3352 1693 ὑποκρίνονται
3381 1618 3620 1682 σύνοδον,
3650 1617 3774 1688 ἃμα

2183 1718 2284 1787 μὲν
2315 1717 2417 1789 τὴν
2446 1715 2659 1770 ἑαυτῶν
2715 1715 2973 1770 ἀσέϐειαν
3007 1713 3490 1783 συγκαλύπτοντες
3517 1713 3586 1783 τῇ
3620 1710 3768 1778 ἀξιο-

487 1823 621 1868 tem.
655 1812 900 1880 Quorum
925 1811 1226 1867 versutiam
1266 1824 1390 1864 cum
1425 1808 1708 1878 impietate
1741 1804 2075 1875 implicatam

2182 1811 2376 1882 πιστία
2436 1811 2547 1864 τῶν
2616 1809 2969 1879 προσώπων,
3027 1808 3144 1879 ἅμα
3192 1806 3251 1860 δὲ
3326 1804 3513 1874 σφίσιν
3579 1803 3771 1867 αὐτοῖς

487 1918 612 1958 cum
641 1903 900 1973 detegere
934 1916 997 1956 ac
1021 1900 1258 1970 prodere
1288 1899 1582 1961 vellemus,
1634 1895 1702 1951 ad
1737 1894 1948 1965 primos
1973 1895 2074 1948 Pa-

486 2004 599 2052 tres
653 1995 774 2067 ejus
827 1993 1128 2064 impietatis
1177 1990 1610 2048 confutationem
1663 1985 2068 2048 revocavimus,

484 2086 834 2158 proferentes
869 2086 924 2140 in
951 2093 1204 2155 apertum
1247 2099 1442 2139 eorum
1496 2081 1742 2152 origines
1783 2089 1840 2135 ct
1891 2079 2073 2133 fontes

484 2178 814 2249 impietatis,
848 2185 912 2232 ut
936 2176 1016 2232 sic
1035 2192 1134 2231 eos
1165 2175 1337 2232 semel
1362 2172 1596 2244 simplici
1631 2171 1867 2226 veritate
1920 2170 2071 2224 clau-

485 2269 642 2335 dere,
665 2277 936 2324 eteorum
959 2267 1257 2322 ﬂuxionem
1281 2266 1506 2335 impiam
1523 2264 1928 2332 interrumpere
1954 2269 2072 2315 stu-

483 2362 766 2418 deremus.
797 2361 913 2416 Hoc
949 2361 1100 2417 enim
1123 2359 1287 2416 modo
1321 2359 1572 2429 reliquus
1609 2355 1788 2410 ﬂuxus
1819 2353 2068 2423 impieta-

487 2455 559 2511 tis
581 2452 880 2509 delebitur.
911 2451 1198 2523 Siquidem
1223 2460 1420 2506 natura
1446 2456 1824 2520 comparatum
1867 2457 1954 2502 est
1985 2455 2067 2510 ut,

485 2546 663 2602 initiis
691 2545 961 2602 malorum
983 2544 1294 2610 exstinctis,
1313 2559 1436 2614 qua:
1459 2558 1526 2598 ex
1548 2541 1631 2598 eis
1655 2539 1897 2612 profecta
1917 2548 2069 2603 sunt,

485 2625 652 2692 simul
669 2634 1118 2706 exstinguantur.
1139 2632 1372 2689 Librum
1408 2641 1594 2688 autem
1629 2628 2071 2686 coniutationum

489 2728 546 2783 in
573 2728 753 2798 capita
783 2725 1139 2782 distinximus
1163 2763 1181 2792 ,
1229 2724 1472 2794 ascripto
1523 2738 1755 2780 numero
1801 2721 1857 2775 in
1891 2719 2072 2775 fronte

487 2819 755 2890 cujusque
780 2818 996 2890 capitis.
1029 2817 1126 2872 Est
1175 2825 1360 2871 autem
1416 2815 1718 2884 inscriptus
1768 2812 1912 2867 liber
1948 2811 2070 2866 sic:

486 2910 564 2966 De
593 2912 758 2968 tacita
798 2909 1138 2966 simulatione
1163 2917 1213 2962 et
1251 2909 1454 2978 origine
1482 2905 1774 2977 impietatis
1797 2903 2074 2959 Nestoriu-

487 3020 706 3069 uorum,
755 3011 805 3058 et
853 3005 917 3058 de
939 3020 1126 3058 eorum
1175 3002 1428 3059 Patribus
1458 2999 1747 3070 patefactio
1785 3006 1835 3057 et
1885 2999 2073 3052 trium-

486 3099 642 3168 phus.

562 3469 671 3525 Eos
699 3481 835 3524 vero
855 3466 950 3537 qui
982 3465 1132 3521 hunc
1160 3463 1361 3520 librum
1397 3463 1597 3520 lecturi
1623 3453 1775 3527 sunt,
1819 3475 2075 3532 rogamus
2102 3466 2143 3521 C

495 3570 554 3616 ut
576 3557 794 3616 veniam
823 3557 978 3621 dent,
1019 3556 1201 3613 sicubi
1233 3555 1569 3613 adversariis
1619 3555 1830 3625 plagam
1883 3557 2077 3611 morti-

494 3654 666 3709 feram
691 3666 804 3708 non
831 3651 1151 3714 indiximus,
1189 3659 1246 3706 et
1280 3650 1568 3705 veritatem
1605 3648 1880 3704 inﬁrmius
1909 3666 2072 3720 quam

493 3761 595 3816 par
613 3751 756 3808 erat,
791 3743 1108 3800 defendisse
1141 3742 1476 3798 videbimur.
1508 3741 1553 3798 A
1585 3741 1910 3800 disserendo
1949 3742 2074 3813 qui-

493 3836 618 3891 dem
646 3850 746 3905 pro
765 3834 1032 3906 dignitate
1067 3849 1255 3890 rerum
1284 3849 1476 3890 omnes
1493 3834 1747 3890 similiter
1772 3835 2071 3892 absumus:

495 3925 682 3982 studio
709 3942 843 3982 vero
870 3935 926 3982 et
963 3941 1152 3982 amore
1206 3925 1426 3995 pietatis
1478 3925 1620 3981 alius
1673 3925 1784 3981 alio
1829 3935 2071 3996 praestat.

497 4018 886 4088 Unusquisque
923 4027 983 4073 ut
1010 4020 1118 4074 erit
1163 4027 1521 4089 praeparatus,
1563 4019 1637 4073 ita
1686 4033 1816 4073 sane
1854 4033 2075 4073 mensu-

496 4126 612 4166 ram
645 4110 836 4182 gratiae
881 4111 1136 4180 accipiet.
1177 4111 1295 4167 Hoc
1349 4115 1517 4167 etiam
1552 4111 1815 4166 lectorem
1859 4120 2074 4170 oratum

496 4202 688 4268 velim,
717 4210 778 4258 ut
806 4201 852 4258 si
891 4203 1023 4274 quid
1072 4202 1176 4272 ipsi
1212 4218 1324 4260 non
1363 4202 1497 4258 satis
1532 4202 1804 4272 explicate
1849 4219 1880 4258 a
1913 4203 2077 4257 nobis

495 4293 708 4350 dictum
771 4309 894 4349 esse
971 4293 1275 4362 videbitur,
1321 4303 1419 4349 aut
1481 4302 1711 4369 propter
1767 4293 2074 4349 abstrusam

496 4386 881 4458 quaestionem,
934 4395 1030 4443 aut
1074 4395 1305 4458 propter
1339 4381 1704 4457 quarumdam
1737 4402 1936 4442 vocum
1977 4403 2075 4442 va-

495 4481 697 4535 riatam
752 4480 1212 4552 signiﬁcationem
1262 4497 1326 4536 ac
1376 4480 1804 4551 proprietatem,
1852 4496 1920 4536 ne
1972 4480 2078 4535 hoc

495 4587 622 4626 cum
652 4572 893 4643 primum
939 4572 1168 4645 legerit,
1205 4572 1498 4643 improbet.
1528 4571 1666 4628 Cum
1700 4573 1848 4628 enim
1878 4575 2076 4628 iterum

495 4671 552 4718 et
595 4664 796 4734 sapius
848 4679 972 4733 quae
1023 4663 1171 4720 dicta
1225 4674 1353 4722 sunt
1418 4664 1904 4730 animadverterit,
1946 4680 2076 4720 sen-

499 4756 731 4810 tentiam
771 4771 965 4811 eorum
1024 4771 1147 4826 qua:
1205 4756 1471 4812 dicuntur
1519 4757 1866 4827 explanatam
1911 4773 2076 4828 repe-

499 4850 624 4906 riet.
662 4849 911 4905 Perfecta
950 4864 1084 4906 vero
1126 4864 1225 4919 per
1252 4864 1312 4904 se
1365 4864 1578 4906 merces
1625 4850 1832 4905 laboris
1854 4851 1909 4906 in
1931 4867 2078 4922 qua:-

499 4944 671 4999 rendo
718 4944 907 5014 positi,
943 4944 1056 5000 erit
1101 4942 1356 5000 veritatis
1387 4943 1653 5000 inventio.
1707 4945 2080 5001 Auctoritates

498 5039 666 5096 etiam
687 5055 812 5094 cum
851 5039 920 5094 iis
949 5053 1071 5109 qua:
1103 5053 1135 5094 a
1165 5038 1325 5094 nobis
1347 5040 1589 5110 exposita
1617 5049 1767 5106 sunt,
1792 5041 2078 5106 facientes,

499 5133 730 5204 singulis
774 5132 934 5188 libris
961 5131 1317 5203 subjecimus,
1355 5141 1417 5188 ut
1443 5133 1732 5192 veritatem
1763 5134 2080 5191 testimonio

501 5224 857 5295 antiquorum
895 5224 1371 5284 contirmaremus.

2180 1901 2660 1973 προοδοποιοῦντες
2723 1901 2822 1972 τὴν
2880 1899 3026 1955 κατά
3088 1899 3187 1970 τῆς
3257 1897 3518 1968 ἀληθείας
3585 1895 3773 1965 ἐγχεί-

2181 2013 2359 2068 ρησιν.
2422 1989 2522 2048 Ὧν
2585 1996 2687 2062 τὴν
2751 1992 3089 2063 πανουργίαν
3123 2033 3138 2056 ,
3179 1989 3318 2061 μετά
3371 1989 3474 2060 τῆς
3553 2002 3772 2058 συμπε-

2177 2088 2492 2158 πλεγμένης
2559 2087 2850 2150 ἀσεϐείας.
2883 2083 3234 2153 ἀνακαλύψαι
3290 2081 3644 2152 βουλόμενοι,
3673 2078 3774 2133 ἐπὶ

2175 2181 2304 2242 τοὺς
2363 2179 2614 2246 πρώτους
2673 2177 2854 2232 αὐτῶν
2902 2176 3004 2244 τῆς
3065 2173 3322 2237 ἀσεϐείας
3373 2170 3626 2244 Πατέρας
3673 2169 3774 2224 τδν

2177 2271 2400 2342 ἔλεγχον
2431 2269 2841 2342 μετηγάγομεν,
2865 2268 2967 2332 τὰς
3003 2266 3180 2338 ἀρχὰς
3206 2264 3391 2322 αὐτῶν
3423 2263 3518 2318 καὶ
3541 2263 3638 2326 τὰς
3666 2277 3775 2333 πη-

2177 2363 2281 2432 γὰς
2306 2361 2408 2432 τῆς
2435 2361 2728 2433 ἀθεότητος
2758 2361 2835 2424 είς
2875 2359 2940 2414 τὸ
2968 2358 3211 2431 ἐμφανὲς
3239 2355 3500 2425 ἄγοντεςθ
3532 2353 3675 2410 οὔτω
3705 2368 3769 2405 τε

2178 2452 2436 2517 καθάπαξ
2478 2453 2649 2517 αὐτὰς
2679 2452 3079 2523 ἀποφράττειν,
3118 2451 3214 2506 καὶ
3251 2450 3352 2520 τῆς
3399 2448 3563 2504 ἀθέου
3592 2446 3770 2519 φορᾶς

2178 2545 2510 2599 ἀνακόπτειν
2541 2543 2957 2609 σπουδάζοντες,
2984 2542 3063 2613 τῷ
3088 2540 3246 2612 ἀτιλῷ
3267 2541 3474 2612 ἐλέγχῳ
3506 2538 3607 2608 τῆς
3634 2537 3770 2607 ἀλη-

2177 2635 2354 2700 θείας.
2381 2636 2567 2710 Ταύτῃ
2597 2636 2708 2708 γὰρ
2737 2635 2916 2691 καὶτὸ
2945 2635 3134 2690 λοιπὸν
3169 2631 3352 2706 ῥεῦμα
3373 2633 3474 2705 τῆς
3505 2629 3766 2694 ἀσεϐείας

2177 2729 2631 2802 ἀφανισθήσεται,
2655 2727 2848 2800 ἐπειδὴ
2877 2726 3386 2798 συνδιαφθείρεσθαι
3409 2724 3621 2794 πέφυκε
3641 2724 3766 2788 ταῖς

2177 2820 2376 2890 ἀρχαῖς
2401 2821 2509 2875 τῶν
2539 2820 2746 2884 κακῶν,
2772 2819 2869 2874 καὶ⁸
2891 2819 2962 2875 τά
2989 2821 3054 2874 ὲκ
3085 2818 3295 2873 τούτων
3322 2815 3760 2887 ἀποτελέσματα.

2182 2911 2288 2965 Τὸν
2317 2911 2374 2964 δὲ
2409 2911 2571 2980 λόγον
2603 2912 2697 2966 τὸν
2728 2913 2821 2965 ἐπὶ
2856 2912 2964 2964 τῶν
2995 2911 3232 2982 ἐλέγχων
3263 2912 3344 2973 είς
3369 2909 3640 2978 κεφάλαια
3664 2924 3763 2960 κα-

2179 3003 2553 3074 ταδιείλαμεν,
2589 3003 2824 3074 ἀριθμὸν
2847 3003 3034 3066 αὐτοῖς
3063 3003 3158 3055 ἐπὶ
3185 3000 3281 3055 τοῦ
3305 3002 3558 3072 μετώπου
3584 3016 3763 3071 παρα-

2180 3093 2517 3166 γράψαντες,
2558 3095 2648 3150 διὰ
2676 3095 2738 3149 τὸ
2781 3095 3242 3166 εὐμνημόνευτον·
3273 3095 3675 3167 ἐπιγέγραπται
3699 3091 3763 3146 δὲ

2178 3188 2206 3240 ὁ
2237 3187 2395 3257 λόγος
2425 3187 2632 3252 οὕτως,
2676 3188 2792 3256 Τῆς
2825 3187 3170 3259 ἀπορῤήτου
3213 3187 3312 3243 καί
3351 3185 3764 3258 ἀρχοειόεστέ-

2171 3295 2286 3347 ρας
2314 3278 2435 3334 τῶν
2461 3278 2879 3346 Νεστοριανῶν
2905 3279 3186 3347 ἀσεϐείας
3205 3315 3222 3342 ,
3255 3277 3356 3332 καὶ
3401 3273 3521 3331 τῶν
3541 3275 3763 3343 ταύτης

2177 3368 2476 3440 Πατέρων,
2517 3369 2686 3441 φώρα
2712 3369 2810 3424 καί
2850 3370 3157 3440 θρίαμϐος.

2268 3463 2709 3535 Παρακαλοῦμεν
2756 3463 2812 3517 δὲ
2863 3463 2991 3528 τοὺς
3040 3459 3461 3532 ἐντευξομένους
3503 3457 3639 3528 τῷδε
3683 3455 3765 3537 τῷ

2179 3557 2388 3628 μετρίῳ
2424 3555 2768 3627 συντάγματι
2812 3553 3145 3626 συγγνώμην
3175 3555 3309 3624 ἡμῖν
3347 3553 3558 3623 νέμειν,
3593 3553 3654 3606 ὲν
3681 3545 3765 3614 οἷς

2177 3667 2236 3703 τε
2272 3648 2348 3720 μὴ
2378 3651 2610 3720 καιρίως
2639 3649 2767 3713 τοὺς
2805 3648 3082 3710 ἐναντίους
3112 3645 3478 3717 βεϐλὴκαμεν,
3505 3645 3601 3699 καὶ
3626 3644 3680 3696 εί
3707 3661 3765 3698 τι

2177 3739 2270 3794 τοῦ
2304 3739 2517 3805 δεόντος
2547 3739 2938 3808 ἀσθενέστερον
2971 3734 3444 3808 προηγωνισμένοι
3489 3733 3589 3802 τῆς
3632 3729 3768 3802 ἀλη-

2179 3834 2331 3897 θείας
2365 3832 2688 3905 φανείημεν.
2730 3833 2842 3904 Τῆς
2883 3831 2980 3902 μὲν
3011 3827 3122 3898 γὰρ
3156 3826 3314 3896 ἀξίας
3353 3826 3460 3878 τῶν
3499 3823 3766 3896 πραγμάς

2176 3946 2306 3994 των,
2342 3927 2546 3999 ὁμοίως
2578 3926 2780 3991 πάντες
2807 3921 3254 3994 ἀπολειπόμεθαο
3288 3917 3367 3991 τῷ
3397 3918 3454 3973 δὲ
3490 3919 3636 3990 ζήλῳ
3664 3917 3766 3987 τῆς

2178 4021 2482 4084 εὐσεϐείας,
2514 4018 2672 4082 ἄλλος
2702 4019 2862 4073 ἄλλου
2907 4016 3324 4088 διενηνόχαμεν.
3373 4013 3532 4068 Κατά
3573 4011 3628 4064 δὲ
3665 4010 3765 4081 τὴν

2177 4116 2385 4166 οίκείαν
2444 4111 2914 4185 προπαρασκευὴν
2968 4110 3200 4174 ἕκαστος
3252 4107 3494 4180 δηλονότι
3554 4105 3650 4160 καὶ
3703 4103 3764 4158 τὸ

2181 4203 2380 4273 μέτρον
2409 4202 2519 4268 ἕξει
2548 4203 2646 4272 τῆς
2695 4201 2939 4273 χάριτος.
2992 4199 3104 4254 Καὶ
3155 4199 3318 4252 τοῦτο
3368 4197 3425 4251 δὲ
3471 4199 3531 4250 ὲν
3571 4195 3761 4273 ἀγάπῃ

2179 4271 2566 4365 προτρέπομεν
2604 4271 3143 4363 Ῠτὸννὲντευξόμενον,
3175 4291 3242 4345 ἶν’
3267 4291 3321 4343 εί
3352 4307 3402 4344 τι
3453 4289 3530 4361 μὴ
3572 4271 3763 4356 σαφῶς

2178 4385 2326 4458 αύτῷ
2359 4385 2466 4441 τῶν
2493 4387 2622 4458 παρ’
2652 4388 2810 4458 ἡμῶν
2841 4387 3096 4459 εἰρῆσθαι
3126 4385 3351 4454 δόξειεν,
3377 4384 3410 4456 ἢ
3435 4383 3524 4438 διὰ
3543 4383 3643 4454 τὴν
3667 4380 3763 4439 τοῦ

2179 4480 2536 4551 θεωρήματος
2564 4480 2921 4551 βαθύτητα,ἢ
2953 4479 3042 4532 διὰ
3072 4478 3169 4550 τὴν
3209 4479 3366 4532 ἐνίων
3395 4476 3593 4545 λέξεων
3623 4491 3764 4546 παρα

2178 4571 2528 4644 ηλλαγμένην
2569 4573 2848 4644 σημασίαν
2900 4590 2956 4626 τε
3007 4573 3101 4628 καὶ
3153 4571 3416 4642 ἰδιότητα,
3458 4569 3635 4640 τούτῳ
3687 4569 3764 4639 μὴ

2180 4666 2322 4721 κατά
2341 4667 2441 4738 τὴν
2473 4666 2697 4739 πρώτην
2723 4666 2965 4732 ἔντευξιν
2988 4667 3254 4730 κακίζειν.
3298 4666 3630 4736 Ἐπιστήσας
3655 4663 3765 4734 γὰρ

2180 4761 2262 4823 δὶς
2291 4759 2324 4832 ἢ
2358 4761 2454 4814 καὶ
2482 4760 2746 4824 πολλάκις
2788 4763 2904 4824 τοῖς
2951 4760 3266 4832 εἰρημένοις
3297 4760 3388 4812 τὸν
3437 4757 3583 4824 νοῦν,
3629 4775 3764 4828 τρα-

2183 4853 2452 4926 νουμὲνην
2475 4853 2634 4924 αὐτῷ
2660 4854 2883 4926 εὑρήσει
2907 4854 3013 4908 τῶν
3039 4853 3348 4924 λεγομένων
3373 4852 3473 4924 τὴν
3505 4852 3761 4908 διάνοιαν.
3843 4875 3854 4880 ·

2184 4948 2492 5020 Αύτοτελὴς
2540 4949 2596 5002 δὲ
2632 4949 2826 5020 μισθὸς
2869 4949 2965 5003 τοῦ
2999 4949 3142 5004 κατά
3181 4949 3280 5020 τὴν
3312 4949 3542 5019 ζήτησιν
3577 4948 3764 5013 πόνου,

2183 5039 2285 5111 τῆς
2329 5040 2587 5112 ἀληθείας
2635 5042 2669 5112 ἠ
2723 5040 2958 5110 εὕρεσις.
2995 5041 3232 5112 Χρήσεις
3263 5055 3326 5108 γε
3376 5039 3484 5111 μὴν
3507 5039 3616 5092 τῶν
3648 5055 3759 5092 συν-

2182 5134 2482 5204 ταγμάτων
2539 5133 2756 5205 ἑκάστῳ
2802 5136 2915 5198 τοίς
2977 5135 3106 5204 παρ’
3152 5131 3313 5204 ἡμῶν
3363 5130 3762 5201 ὲκτεθειμένοις

2186 5226 2593 5298 συνηγορούσας
2623 5226 3064 5298 ύποτετάχαμεν,
3089 5225 3188 5297 τὴν
3221 5224 3486 5297 ἀλήθειαν
3537 5223 3646 5279 τῶν
3681 5221 3762 5276 εί-

2188 5323 2439 5396 ρημὲνων
2479 5322 2574 5378 καὶ
2623 5325 2690 5378 ὲκ
2747 5322 2848 5394 τῆς
2878 5322 2986 5377 τῶν
3044 5320 3290 5377 παλαιῶν
3334 5318 3645 5394 μαρτυρίας
3667 5334 3760 5374 m-

2189 5414 2495 5487 στούμενοι.
