4068 6538
285 416 425 480 1273
1341 414 1634 475 CONTRA
1676 412 1999 475 NESTOR.
2036 412 2131 474 ET
2172 412 2492 473 EUTYCH.
3416 412 3552 480 tm

1638 765 2007 855 ΛΟΓΟΣ
2078 758 2189 850 Α’.

286 953 422 1008 ΤΗΣ
457 953 647 1009 ΚΑΤΑ.
676 951 823 1007 ΤΗΝ
854 949 1174 1007 ΘΕΟΊἮΤᾹ
1206 950 1345 1004 ΤΟΥ
1386 947 1653 1006 ΚΥΡΙοΥ
1689 947 1811 1001 ΚΑΙ
1843 944 2359 1026 ΑΝΘΡΩΠΟἸᾚΤΑ
2385 941 2738 997 ΕΝΑΝΤΙΔΣ
2768 939 3131 998 ΔΟΚΗΣΕΩΣ
3164 940 3556 1003 ΝΕΣΤοΡίοΥ

1182 1045 1304 1103 ΚΑΙ
1328 1045 1721 1113 ΕΥΤΥΧΟΥΣ,
1755 1043 2071 1099 ΕΛΕΓΧΟΣ
2106 1042 2228 1097 ΚΑΙ
2259 1039 2664 1097 ΑΝΑΤΡΟΠΗ.

1478 1354 1843 1446 LIBER
1906 1326 2379 1445 PRIMUS

292 1558 775 1624 CONFUTATIO
811 1556 1261 1631 UTRIUSQUE
1300 1556 1682 1618 FICTIONIS
1711 1555 1953 1617 INTER
1985 1555 2073 1615 SE
2110 1553 2592 1628 CONTRARIXE,
2617 1551 2984 1615 NESTORII
3025 1552 3122 1614 ΕΤ
3156 1550 3556 1625 EU'l'YCHlS,

993 1650 1221 1733 CIRCA
1258 1648 1770 1712 DlVINlTATEM
1807 1647 2121 1708 CHRISTI
2162 1647 2257 1707 ET
2296 1644 2888 1708 HUMANlTATEM.

361 1936 468 1990 Τὸν
511 1935 643 2008 περ)⁹
691 1934 1042 1997 ὑποστάσεως
1089 1934 1183 1989 καὶ
1237 1934 1430 1997 οὐσίας
1466 1934 1661 2004 λόγον,
1702 1937 1872 2007 ἤγουν

2050 1934 2401 2007 Propositum
2436 1933 2575 1989 mihi
2614 1940 2700 1989 est
2729 1946 3028 2003 exponere,
3059 1939 3115 1987 et
3146 1930 3443 2001 explanare
3474 1947 3564 1985 ra-

294 2026 591 2102 προσώπου
630 2026 729 2080 καὶ⁹
774 2025 992 2095 φύσεως
1039 2024 1122 2098 (οὐ
1172 2024 1253 2097 (a)
1289 2026 1486 2080 ταύτὸν
1517 2025 1626 2097 γάρ
1658 2026 1877 2098 ἄμφω),

294 2121 392 2175 καὶ
428 2120 560 2191 περὶ
596 2118 794 2173 ταύτὸν
834 2117 1075 2189 ἑκάτερα
1117 2119 1528 2189 συγκεχυμένον
1577 2119 1672 2172 καὶ
1712 2117 1882 2190 ἀτρά-

295 2228 466 2267 νωτον
500 2212 651 2283 παρά
686 2212 802 2275 τοῖς
842 2209 937 2264 νῦν
965 2210 1095 2266 ὅντα
1141 2212 1347 2281 σοφοῖς,
1377 2210 1655 2282 τρανῶσαί
1686 2226 1746 2264 τε
1786 2213 1882 2265 καὶ

296 2302 633 2372 διασαφῆσαι
665 2302 1007 2374 προύθέμην,
1047 2302 1185 2358 ἄλλα
1219 2302 1281 2356 τὲ
1311 2319 1435 2356 τινα
1478 2302 1753 2373 κεφάλαια
1783 2303 1883 2371 τῆς

297 2393 621 2458 ἀκολουθίας
670 2395 907 2465 ἐχόμενα
948 2396 1048 2466 τῆς
1101 2393 1327 2467 πρώτης
1373 2395 1658 2467 ζητήσεως
1693 2394 1884 2448 ἐπιλύ-

299 2483 517 2549 σασθαι,
550 2484 687 2538 Θεοῦ
730 2486 1210 2555 συνεφαπτομένου
1240 2486 1394 2556 ἡμῖν,
1423 2486 1518 2540 καὶ
1554 2486 1617 2538 τὸ
1658 2484 1885 2548 ἀσθενὲς

296 2573 409 2627 τῶν
472 2573 751 2644 λογισμῶν
820 2574 1202 2644 ὑπερείδοντος
1273 2572 1364 2628 διὰ
1432 2573 1542 2628 τῶν
1604 2574 1886 2645 ὑμετέρων

299 2663 499 2735 εὐχῶν,
546 2659 635 2728 αἷς
676 2665 772 2718 κα)⁸
803 2664 1043 2739 θαρρῶν,
1098 2665 1177 2727 είς
1230 2663 1331 2735 τὴν
1375 2662 1532 2718 τοῦδε
1580 2663 1675 2719 τοῦ
1724 2665 1886 2733 λόγου

303 2756 522 2827 καθῆκα
554 2755 792 2826 ἐμαυτὸν
828 2755 1095 2820 ἐξέτασιν.
1137 2756 1251 2809 Οὐκ
1288 2756 1596 2827 ἀγνοοῦμεν
1626 2756 1683 2809 δὲ
1716 2756 1791 2820 ὡς
1836 2757 1886 2810 οί

303 2846 401 2899 νῦν
432 2849 568 2918 ἡμῖν
608 2848 1036 2913 ἐπαναστάντες,
1077 2848 1174 2901 καὶ
1220 2847 1348 2919 μίαν
1380 2846 1595 2919 ἔχοντες
1625 2848 1725 2918 τὴν
1753 2848 1890 2919 πρός

302 2956 362 2993 τε
386 2940 450 2994 τὸ
477 2940 662 3007 καλὸν,
698 2946 795 2994 καὶ
824 2944 949 3004 τοὺς
976 2940 1277 3012 θεηγόρους
1312 2940 1510 3012 ἄνδρας
1549 2940 1886 3006 ἐναντίωσιν,

300 3032 493 3103 ὥσπερ
524 3033 787 3097 ἐκείνους,
821 3031 961 3087 οὕτω
988 3032 1051 3104 δὴ
1082 3035 1179 3089 καὶ
1205 3036 1356 3105 ἡμᾶς
1383 3034 1509 3097 τοὺς
1532 3032 1630 3105 τὴν
1656 3033 1890 3103 μάθησιν

302 3125 483 3179 αὐτῶν
527 3124 873 3196 ἐζηλωκότας
918 3127 1014 3179 καὶ
1065 3125 1497 3197 προϊσχομένους
1543 3125 1889 3190 διαπτύουσι,

305 3218 398 3274 καὶ
425 3217 697 3289 τιμῶντες
724 3220 874 3289 ἡμᾶς
906 3218 1082 3292 ταύτῃ
1107 3218 1366 3288 λελήθασι
1398 3220 1467 3289 τῇ
1502 3217 1761 3288 κοινωνίᾳ
1788 3216 1892 3287 τῆς

1984 2030 2188 2085 tionem
2212 2027 2546 2100 hypostasis,
2587 2033 2644 2081 et
2691 2024 3035 2088 substantias,
3068 2023 3121 2078 id
3152 2031 3255 2086 est,
3292 2038 3561 2092 personae,

1980 2130 2037 2176 et
2060 2128 2268 2175 natura:
2295 2119 2474 2188 (idem
2515 2116 2665 2173 enim
2699 2124 2934 2186 utraque
2968 2124 3118 2178 sunt,
3152 2123 3208 2169 et
3236 2114 3382 2168 circa
3415 2112 3562 2167 idem

1981 2212 2294 2276 versantur)
2323 2206 2634 2272 confusam,
2660 2214 2717 2261 et
2747 2220 2859 2260 non
2919 2205 3261 2274 explanatam
3295 2203 3441 2273 apud
3472 2218 3567 2257 eos

1981 2301 2074 2370 qui
2114 2300 2219 2355 hoc
2249 2308 2495 2369 tempore
2528 2298 2808 2368 sapientes
2833 2301 3231 2359 numerantur;
3268 2303 3431 2363 atque
3461 2292 3567 2347 alia

1984 2400 2249 2462 praeterea
2268 2391 2447 2464 capita
2473 2390 2771 2461 explicare,
2790 2404 2915 2459 quae
2936 2403 3061 2443 cum
3075 2387 3252 2458 prima
3264 2386 3569 2456 quaestione

1982 2485 2283 2549 cohaerent,
2318 2484 2485 2553 idque
2508 2484 2623 2538 Deo
2651 2484 2902 2553 juvante,
2926 2489 2981 2535 et
3002 2479 3376 2534 inﬁrmitatem
3415 2477 3568 2547 cogi-

1986 2578 2256 2631 talionum
2281 2585 2597 2632 nostrarum
2616 2574 2817 2630 merito
2840 2572 3226 2645 precationnm
3254 2579 3570 2626 vestrarum

1984 2671 2286 2737 iniciente;
2329 2670 2531 2739 quibus
2583 2669 2829 2722 conlisus
2874 2665 2941 2720 ad
2992 2665 3375 2719 tractationem
3405 2664 3572 2735 hujus

1986 2762 2310 2833 qumstionis
2364 2776 2452 2815 me
2481 2760 2714 2815 contuli.
2746 2758 2866 2813 Non
2906 2758 3223 2827 ignoramus
3269 2756 3418 2825 quod
3475 2756 3573 2824 qui

1986 2856 2150 2911 nobis
2183 2855 2569 2917 adversantur,
2605 2861 2663 2908 et
2718 2851 2923 2922 quibus
2966 2866 3138 2904 unum
3187 2865 3312 2904 eum
3370 2848 3575 2903 sanctis

1990 2948 2246 3004 Patribus
2279 2954 2562 3002 certamen
2587 2953 2692 3005 est,
2720 2944 2864 2998 sicut
2892 2943 3034 3007 illos,
3059 2942 3141 2996 sic
3164 2940 3328 2995 etiam
3355 2954 3458 2993 nos
3479 2938 3573 3008 qui

1990 3041 2212 3095 illorum
2239 3037 2589 3106 disciplinam
2614 3045 2896 3091 sectamur
2924 3043 2979 3089 et
3002 3033 3375 3096 defendimus,
3408 3030 3575 3085 inbo-

1992 3139 2229 3188 norant:
2258 3129 2353 3200 qui
2388 3145 2490 3184 nos
2523 3129 2709 3199 potius
2733 3128 3049 3183 nescientes
3074 3126 3350 3180 honorant
3377 3166 3392 3188 ,
3442 3123 3576 3178 dum

1993 3223 2195 3294 probra
2221 3237 2343 3292 qum
2368 3221 2478 3275 illis
2500 3220 2791 3292 objiciunt,
2818 3220 3109 3274 nobiscum
3142 3215 3575 3273 communicant.

302 3309 549 3379 ἀτιμίας.
571 3311 635 3363 Οί
657 3310 768 3380 γὰρ
800 3310 954 3363 αὐτοὶ
979 3312 1048 3365 τά
1068 3327 1129 3363 τε
1171 3309 1289 3365 θεῖα
1324 3309 1605 3375 παίζουσι,
1638 3308 1732 3363 καὶ
1761 3308 1889 3373 τοὺς

1993 3317 2055 3374 Hi
2087 3318 2232 3373 enim
2267 3325 2323 3371 et
2352 3316 2543 3371 divina
2573 3314 2810 3378 ludunt,
2868 3322 2925 3369 ct
2967 3313 3258 3383 theologos
3310 3309 3580 3365 conviciis

305 3400 592 3470 θεολόγους
620 3400 908 3473 ὑϐρίζουσι
929 3419 943 3433 ·
971 3402 1065 3455 καί⁵
1090 3401 1143 3456 τί
1176 3401 1343 3473 μέγα,
1372 3403 1422 3455 εί
1452 3402 1549 3455 καὶ
1578 3402 1731 3473 ἡμᾶς
1761 3400 1891 3464 τοὺς

309 3493 476 3563 μηδὲν
520 3493 681 3555 ὄντας
735 3493 1141 3559 ὲξουθενοῦσινς
1196 3487 1274 3548 ὧν
1321 3490 1481 3547 τοῦτο
1531 3493 1692 3564 μόνον
1738 3492 1890 3557 ἄξιόν

307 3588 423 3641 ἐστι
455 3586 778 3657 θαυμάζειν,
809 3586 892 3640 ὅτι
919 3586 1100 3657 πάσης
1129 3586 1229 3656 μὲν
1259 3586 1464 3655 ἀρετῆς
1489 3585 1591 3654 τῆς
1623 3587 1679 3637 ὲν
1709 3585 1891 3655 ἔργοις

307 3675 614 3736 σπουδαίως
638 3674 956 3746 ἀμελοῦσιν,
977 3672 1264 3727 κελεύουσι
1286 3673 1341 3726 δὲ
1368 3674 1509 3742 σφᾶς
1533 3672 1732 3736 αὐτοὺς
1753 3668 1891 3725 εῖναι

308 3767 539 3837 σοφούς’
578 3768 673 3821 καὶ
710 3767 817 3820 εἰσὶ
848 3762 963 3820 οἷον
1002 3765 1061 3830 ἐξ
1094 3766 1468 3834 ἐπιτάγματος
1509 3764 1759 3829 συνετοὶ,
1796 3763 1893 3818 καὶ

305 3861 368 3917 τὸ
400 3860 574 3915 θέλειν
613 3860 811 3925 αὐτοὺς
852 3860 1013 3931 μόνον
1043 3857 1432 3920 εὐπαιδεύτους
1455 3846 1776 3930 ἀπέφηνεν,
1817 3857 1893 3920 ὡς

320 3954 868 4024 Ὰκροφιλοσόςρους
903 3952 1098 4017 αὐτούς
1136 3970 1220 4014 τις
1250 3950 1359 4004 τῶν
1393 3951 1758 4023 ἁστειοτέρων
1798 3969 1895 4021 χα-

308 4048 538 4116 ριέντως
588 4045 897 4115 ὠνόμακεν.
947 4044 1090 4098 Ἀλλ’
1135 4045 1195 4097 οὐ
1236 4042 1343 4114 χρὴ
1384 4042 1473 4096 διὰ
1520 4043 1619 4112 τὴν
1670 4043 1894 4095 ἐκείνων

310 4136 592 4208 μοχθηρὰν
633 4135 974 4205 προαίρεσιν,
1008 4136 1153 4204 ἡμᾶς
1182 4134 1246 4201 γέ
1274 4151 1329 4185 τι
1371 4132 1698 4201 καθυφεῖναι
1731 4132 1762 4202 ἢ
1794 4133 1894 4200 τῆς

308 4228 623 4300 παρρησίας
655 4227 689 4298 ἢ
719 4226 827 4281 τῶν
849 4226 1079 4295 ἀγώνων
1100 4242 1113 4256 ·
1153 4214 1461 4279 τούναντίον
1491 4224 1591 4295 μὲν
1631 4221 1745 4285 οὖν,
1783 4226 1896 4287 τοῖς

306 4320 416 4375 τῶν
455 4320 744 4391 μακαρίων
774 4318 985 4390 ἀνδρῶν
1019 4318 1301 4388 ἀθλήμασι
1344 4317 1483 4388 πρὸς
1529 4316 1783 4389 ἀνδρείαν
1820 4315 1896 4380 ὡς

306 4413 376 4467 τὰ
418 4410 655 4481 μάλιστα
685 4409 1131 4481 παραθήγεσθαι,
1169 4408 1268 4461 καὶ
1310 4408 1509 4462 ταύτὸν
1551 4407 1783 4477 πάσχειν
1816 4406 1895 4477 τῷ

309 4504 629 4576 θερμοτάτῳ
681 4503 921 4574 σιδήρῳο
961 4502 1172 4564 ἐκεῖνός
1212 4517 1274 4555 τε
1318 4500 1427 4571 γὰρ
1482 4498 1778 4570 στομοῦται
1820 4498 1896 4571 τῷ

1990 3418 2417 3466 consectantur:
2454 3416 2510 3463 et
2537 3406 2671 3478 quid
2708 3406 2909 3460 mirum
2964 3405 3011 3460 si
3072 3418 3175 3459 nos
3199 3444 3211 3467 ,
3243 3401 3338 3473 qui
3387 3416 3581 3456 sumus

1990 3500 2172 3565 nihili,
2203 3498 2611 3555 contemnunt?
2645 3497 2700 3552 in
2731 3497 2937 3567 quibus
2965 3496 3073 3551 hoc
3110 3501 3319 3549 tantum
3350 3492 3579 3563 dignum

1990 3598 2075 3645 est
2121 3589 2509 3653 admiratione,
2559 3588 2707 3658 quod
2758 3602 2977 3642 omnem
3029 3586 3294 3639 virtutem
3342 3599 3465 3654 quae
3520 3582 3580 3637 in

1992 3680 2209 3735 actione
2226 3687 2330 3745 est,
2363 3680 2614 3734 studiose
2636 3679 2958 3749 negligunt;
2990 3692 3158 3746 seque
3184 3675 3334 3745 ipsos
3362 3674 3583 3745 sapien-

1993 3782 2076 3825 tes
2098 3787 2219 3825 esse
2247 3771 2466 3842 iubent,
2496 3778 2551 3825 et
2583 3778 2714 3825 sunt
2748 3779 3007 3838 tanquam
3044 3782 3111 3822 ex
3139 3766 3391 3837 iussione
3424 3765 3501 3835 (1)
3525 3772 3584 3820 et

1993 3864 2177 3919 edicto
2200 3863 2495 3933 prudentia
2526 3863 2744 3933 praediti
2770 3879 2785 3928 ;
2821 3876 2961 3931 quos
2995 3859 3249 3915 eruditos
3279 3875 3401 3915 esse
3426 3858 3580 3925 fecit,

1993 3956 2131 4010 velle
2159 3963 2371 4009 tantum
2404 3972 2416 4009 :
2451 3955 2595 4010 sicut
2636 3970 2731 4010 eos
2778 3953 3003 4024 quidam
3037 3969 3105 4008 ex
3137 3951 3459 4007 hominibus
3487 3966 3587 4006 ur-

1996 4048 2173 4113 banis,
2204 4047 2387 4118 lepide
2422 4056 2477 4103 et
2510 4057 2744 4103 venuste
2771 4088 2785 4112 ,
2821 4046 3293 4118 ἁκροφιλοσόφους
3315 4085 3329 4111 ,
3370 4043 3424 4099 id
3475 4051 3582 4109 est,

1995 4154 2242 4195 summos
2268 4139 2626 4209 phiIOSOphos
2656 4141 2732 4210 (2)
2768 4139 3006 4193 vocavit.
3064 4136 3171 4193 Sed
3218 4153 3330 4192 non
3366 4143 3588 4207 oportet

1995 4246 2096 4286 nos
2152 4241 2377 4302 propter
2424 4231 2647 4286 illorum
2699 4231 3055 4301 depravatum
3099 4231 3465 4295 voluntatem,
3497 4228 3585 4285 vel

1996 4324 2274 4389 ﬁduciam,
2311 4324 2398 4378 vel
2429 4332 2711 4379 certamen
2767 4323 3091 4390 remittere;
3126 4322 3378 4393 quinimo
3451 4337 3587 4378 con—-

2000 4426 2081 4472 tra
2107 4460 2121 4483 ,
2155 4416 2559 4473 certaminibus
2588 4415 2837 4471 virorum
2877 4415 3167 4471 beatorum
3200 4415 3269 4469 ad
3306 4412 3590 4469 fortitudi-

1998 4525 2124 4565 nem
2157 4508 2429 4565 stimulati
2482 4516 2538 4564 et
2584 4508 2803 4579 urgeri,
2840 4516 2903 4562 ut
2965 4506 3110 4562 idem
3159 4507 3380 4562 eveniat
3426 4504 3591 4561 nobis

308 4598 502 4670 ψυχρῷ
536 4597 950 4668 προσομιλήσας
985 4596 1163 4649 ὕδατι.
1208 4596 1319 4649 Καὶ
1343 4596 1506 4665 ἡμεῖς
1537 4597 1652 4658 τοῖς
1689 4594 1890 4648 τούτων

2000 4603 2146 4673 quod
2180 4603 2330 4657 ferro
2364 4601 2722 4665 calidissimo,
2752 4600 2899 4671 quod
2934 4600 3157 4670 quidem
3187 4613 3345 4669 aqum
3375 4598 3591 4669 frigidae

310 4694 485 4762 ἀγῶσι
543 4691 679 4763 πρὸς
707 4690 833 4752 τοὺς
855 4689 1050 4752 ἄθλους
1081 4687 1421 4760 ῥωννύμεθα.
1455 4684 1579 4741 Εἶεν
1603 4687 1660 4741 δὲ
1685 4682 1778 4742 οὖν
1813 4687 1890 4759 τῷ

2000 4696 2320 4751 immersum
2356 4704 2413 4751 et
2450 4695 2696 4751 infusum
2735 4693 3002 4749 durescit.
3031 4692 3098 4747 Et
3127 4707 3229 4746 nos
3288 4692 3420 4745 dum
3462 4706 3590 4746 cum

309 4785 612 4856 τομωτάτῳ
640 4783 804 4854 λόγῳ,
846 4782 1036 4853 ὥσπερ
1070 4783 1316 4855 μαχαίρᾳ
1353 4783 1627 4854 διστόμῳ,
1672 4783 1772 4855 τὴν
1806 4783 1892 4853 ἐφ’

312 4877 549 4947 ἑκάτερα
594 4875 777 4930 αὐτῶν
811 4876 956 4929 κατὰ
989 4875 1091 4945 τῆς
1126 4874 1385 4946 ἀληθείας
1412 4875 1662 4929 ἐνστασίν
1689 4892 1750 4928 τε
1801 4875 1894 4929 καὶ

311 4969 739 5040 ἀντιπαράταξιν
771 4968 1144 5041 διατεμόντες,
1187 4967 1585 5039 ἀνατρέψωμεν
1619 4967 1719 5038 τῆς
1757 4967 1893 5021 ὕπο-

210 5090 220 5106 ι
315 5061 517 5125 θέσεως
556 5061 806 5115 ἐντεῦθεν
837 5060 1153 5132 ἀρχόμενοι.

382 5238 447 5292 Ol
484 5239 583 5308 τῆς
636 5238 938 5308 Νεπορίου
983 5236 1525 5310 ἁνθρωπολατρείας,
1570 5234 1663 5289 καὶ
1706 5234 1756 5288 ol
1793 5233 1893 5305 τῆς

313 5330 589 5401 Εὑτυχοῦς
644 5331 983 5400 φαντασίας,
1044 5329 1247 5403 μᾶλλον
1279 5329 1337 5385 δὲ
1387 5330 1439 5383 oi
1474 5329 1575 5400 τῆς
1626 5326 1894 5399 ἑκατέρας

314 5426 624 5499 φαντασίας
651 5427 911 5500 μαθηταὶ,
952 5428 1135 5494 καλῶς
1168 5427 1279 5501 γὰρ
1293 5427 1509 5490 -αὑτοὺς
1535 5424 1771 5496 εὐλαϐὴς
1804 5425 1901 5478 καὶ

1998 4787 2085 4843 his
2117 4795 2415 4854 certamus,
2444 4786 2513 4842 ad
2548 4786 2836 4857 praemium
2884 4782 3209 4840 certaminis
3238 4783 3588 4839 roboramur.

2009 4874 2120 4948 Age
2140 4893 2272 4948 ergo
2304 4877 2477 4932 verbo
2518 4875 2871 4948 penetranti,
2912 4884 3171 4944 tanquam
3207 4873 3389 4945 gladio
3434 4872 3590 4929 anci-

2000 4969 2121 5039 piti,
2153 4970 2327 5024 aciem
2349 4985 2544 5025 eorum
2574 4968 2842 5024 adversus
2872 4967 3162 5022 veritatem
3198 4966 3525 5021 instinctam
3558 4980 3591 5022 a

1997 5060 2205 5115 dextris
2234 5069 2290 5115 et
2326 5076 2356 5115 a
2400 5060 2648 5120 sinistris
2688 5064 3135 5131 perrumpentes,
3171 5064 3592 5128 prosternamus

1998 5167 2115 5217 eos,
2149 5151 2283 5208 hinc
2311 5152 2520 5208 exorsi.
3204 5202 3207 5205 ,

2049 5243 2314 5315 Discipuli
2328 5243 2569 5298 Nestorii
2584 5242 2640 5297 in
2661 5240 2974 5297 idololatria
2989 5239 3349 5295 humanitatis
3359 5235 3590 5302 Christi,

2000 5341 2056 5389 et
2072 5334 2324 5404 discipuli
2348 5334 2613 5406 Eutychis
2632 5334 2689 5390 in
2709 5334 2949 5396 ﬁctione,
2966 5332 3078 5387 imo
3094 5330 3352 5403 discipuli
3377 5329 3592 5386 utrius-

2006 5440 2114 5496 que
2144 5425 2382 5483 ﬁctionis
2412 5444 2424 5481 :
2454 5426 2598 5483 belle
2625 5426 2772 5482 enim
2804 5435 3070 5495 utrosque
3101 5422 3395 5496 religiosus
3421 5430 3478 5480 et
3505 5419 3592 5481 ἀίε-

349 5585 464 5667 .(a)
494 5586 770 5667 Particula
795 5588 877 5667 of),
905 5604 1033 5667 non,
1061 5588 1285 5667 additur
1317 5587 1513 5667 _codici
1564 5607 1595 5647 a
1642 5588 1888 5649 secunda
1926 5602 2116 5643 manu.
2145 5586 2277 5642 Eam
2339 5601 2534 5658 reapse
2567 5602 2678 5643 non
2729 5586 2947 5658 legebat
3011 5584 3339 5651 Turrianus,
3381 5582 3477 5654 qui
3506 5580 3591 5638 id-.

315 5658 464 5713 circo
485 5672 711 5713 sensum
733 5658 840 5713 loci
870 5658 1030 5713 aliter
1059 5659 1378 5730 explicavit.

389 5775 466 5843 (1)
512 5773 577 5829 Et
597 5781 1001 5846 sunt_tr_x_nquam
1026 5790 1089 5827 ea:
1108 5775 1370 5846 jussione.
1424 5770 1547 5831 Οἴον
1580 5775 1635 5843 ἐξ
1666 5774 1894 5844 ἐπιτάγ-

321 5861 489 5917 ματος
517 5844 751 5902 συνετοί.
777 5844 1106 5902 Tuanusus.

2007 5862 2043 5921 φ
2081 5774 2159 5846 (2)
2190 5774 2363 5909 aliter
2421 5783 2597 5845 putres
2647 5773 2998 5853 philosophos.
3026 5772 3120 5830 Gr.
3182 5764 3585 5849 Σαπροφιλοσιε

2049 5863 2161 5915 ους.
2262 5886 2274 5899 .

2049 5863 2161 5915 ους.
2200 5863 2274 5909 ιβ.
