4068 6542
479 411 616 481 12Ἱῦ

1749 413 2058 476 LEONTII
2097 414 2512 476 BYZANTINI

3621 410 3765 478 1276

474 527 636 581 vinus
657 523 743 581 vir
771 523 1238 594 ἐναντιοδοκήτας,
1269 523 1322 579 id
1354 530 1460 591 est,
1493 523 1790 584 contrariae
1819 524 2060 580 ﬁctionis

2171 527 2306 590 θεῖος
2329 525 2470 597 ἀνὴρ
2490 522 2635 578 οὕτω
2661 521 2930 596 κέκληκεν
2949 524 3051 597 (b),
3067 525 3602 594 Ἐναντιοδοκήτας
3628 529 3765 581 ἐκι-

472 627 728 675 auctores
749 616 1058 673 contrarios
1091 615 1425 688 appellavit;
1453 615 1529 670 illi
1552 615 1775 686 quidem
1800 616 2060 671 divinita-

476 720 588 769 tem
625 711 680 766 in
713 709 1002 766 Salvatore
1030 708 1156 764 ficte
1179 708 1374 764 dicunt
1399 706 1499 778 ('5),
1537 707 1594 762 hi
1631 723 1765 764 vero
1803 707 2060 778 humani-

475 813 667 860 tatem.
715 801 1004 858 Nestorius
1063 801 1470 872 beneplaeitum
1501 809 1558 856 et
1601 800 1923 872 dignitatem
1959 815 2060 870 pro

474 896 699 954 ﬁctione
729 894 1038 951 divinitatis
1062 893 1350 959 defendit;
1384 894 1661 966 Eutychcs
1709 908 1933 949 carnem
1970 893 2063 948 in~

472 988 772 1054 eﬂ’abilem,
798 1002 900 1058 pro
923 986 1163 1042 naturali
1202 995 1259 1042 et
1288 996 1498 1042 nostra.
1549 985 1641 1041 Sic
1674 985 1924 1041 honestis
1957 1000 2060 1040 uo-

474 1079 725 1134 minibus
742 1086 800 1134 et
824 1077 1010 1132 verbis
1034 1075 1272 1139 decoris,
1300 1085 1556 1146 tanquam
1589 1075 1732 1131 ﬁctis
1756 1075 2056 1140 coloribus,

476 1167 787 1224 foeditatem
815 1167 1114 1223 contrariae
1135 1166 1360 1236 quidem
1395 1166 1720 1236 impietatis,
1749 1165 1849 1221 sed
1873 1175 2060 1222 tamen

475 1258 728 1330 aequalis,
760 1260 1060 1315 honestare
1087 1258 1366 1313 nituntur.
1401 1257 1568 1324 Quasi
1615 1257 1865 1313 studium
1897 1258 2060 1314 nobis

477 1351 550 1406 sit
569 1351 845 1422 elegantia
870 1351 1154 1405 nominum
1176 1349 1390 1414 utendi,
1425 1357 1481 1404 et
1510 1365 1622 1404 non
1644 1349 1832 1420 potius
1861 1349 2059 1405 faciem

476 1440 730 1496 veritatis
765 1456 896 1496 vere
924 1455 1155 1495 auream
1207 1439 1555 1510 aspiciendi,
1611 1457 1720 1511 qua
1771 1440 1914 1495 nihil
1973 1446 2061 1494 est

477 1535 795 1600 amabilius,
825 1535 1079 1605 quamvis
1127 1533 1267 1588 nihil
1314 1534 1540 1605 elegans
1595 1541 1654 1590 et
1706 1534 2058 1606 splendidum

477 1627 726 1682 accedat.
765 1627 880 1682 Nec
903 1628 1052 1682 enim
1082 1627 1428 1682 ornamentis
1459 1627 1708 1698 indiget,
1741 1643 1864 1698 quae
1900 1635 2064 1682 natu-

477 1722 581 1776 rali
639 1721 1064 1792 pulchritudine
1133 1720 1512 1792 splendescit;
1575 1737 1681 1777 nec
1729 1722 2058 1786 verborum,

478 1814 640 1882 quasi
682 1814 1094 1884 pigmentorum
1158 1815 1340 1872 fucata
1403 1827 1460 1874 et
1508 1816 1690 1872 fallaci
1733 1815 1938 1888 specie.
1993 1815 2058 1869 Hi

478 1905 650 1976 igitur
671 1921 860 1962 secum
902 1917 959 1964 et
997 1924 1127 1964 eum
1156 1912 1392 1966 veritate
1423 1919 1756 1982 pugnantes,
1779 1908 1988 1963 bellum
2009 1906 2066 1960 in

472 2013 596 2052 eam
623 2014 726 2069 per
757 2001 1039 2074 contraria
1071 2003 1260 2074 partiti
1291 2011 1442 2069 sunt,
1488 2003 1697 2058 eisdem
1729 1998 2067 2071 pr0positio-

472 2091 643 2146 nibus
675 2089 745 2147 ad
775 2108 938 2148 suum
996 2102 1234 2165 uterque
1278 2095 1446 2150 ﬁnem
1497 2095 1829 2159 abutentes,
1899 2091 1976 2147 ita
2005 2098 2066 2146 ut

473 2187 770 2243 consensio
799 2187 1100 2258 impietatis
1146 2192 1425 2248 contrarie
1457 2189 1908 2246 dissentientium
1949 2203 2062 2242 uno

473 2289 803 2350 argumento
827 2283 1081 2338 veritatis
1107 2299 1139 2339 a
1177 2283 1473 2356 discipulis
1510 2283 1764 2354 ejusdem
1808 2281 2064 2336 veritatis

473 2370 856 2437 convellatur,
891 2381 950 2426 et
991 2374 1293 2431 concordia
1331 2375 1625 2446 pravitatis
1651 2373 1938 2444 coliiosam
1978 2371 2067 2427 vi-

472 2460 706 2516 ctoriam
732 2463 914 2532 pariat
945 2481 960 2519 :
989 2466 1194 2534 quibus
1239 2467 1388 2522 enim
1435 2465 1784 2538 argumentis
1827 2465 2066 2522 alterum

476 2552 712 2608 istorum
744 2554 840 2624 qui
885 2555 1174 2625 impietate
1222 2557 1461 2612 connexi
1513 2565 1682 2622 sunt,
1734 2555 2063 2619 refellimus,

471 2645 682 2718 eisdem
709 2647 878 2702 etiam
904 2649 1142 2703 alterum
1175 2649 1340 2705 simul
1373 2649 1755 2704 refutavimus.

2162 615 2354 686 τέρους
2387 613 2656 676 καλέσας·
2686 613 2735 666 οί
2777 611 2876 683 μὲν
2917 613 3026 686 γάρ
3053 618 3152 685 τὴν
3187 615 3436 685 θεότητα,
3478 618 3528 670 οί
3562 617 3618 669 δὲ
3661 617 3763 688 τὴν

2162 706 2565 777 ἀνθρωπότητα
2605 704 2825 778 δοκήσει
2857 704 3114 777 λέγουσιν
3147 702 3284 762 εἶναι
3316 710 3372 761 ἐν
3399 709 3480 779 τῷ
3513 708 3758 779 Σωτῆρι,

2163 795 2304 868 πλὴν
2342 796 2466 850 ὅσον
2515 795 2800 868 ἑκάτερος,
2845 799 2874 852 6
2925 798 3026 869 μὲν
3073 799 3173 871 τὴν
3230 799 3484 854 εὐδοκίαν
3523 801 3618 853 καὶ
3657 800 3760 870 τὴν

2161 887 2348 955 ἀξίαν,
2385 888 2508 944 ἀντὶ
2545 889 2645 959 τῆς
2672 889 2816 944 κατά
2851 890 2952 961 τὴν
2993 891 3226 964 θεότητα
3261 893 3566 963 φαντασίας
3593 913 3606 924 ο
3643 895 3675 947 6
3702 893 3763 947 δὲ

2161 978 2263 1050 τὴν
2301 978 2542 1050 ἄρρητον
2583 980 2783 1050 σάρκα,
2829 980 2953 1035 ἀντὶ
2992 983 3093 1053 τῆς
3143 983 3304 1052 φύσει
3346 983 3440 1036 καὶ
3479 983 3765 1055 ἡμετέρας

2163 1071 2587 1144 προσίσχονται,
2627 1073 2966 1145 εὐπρεπέσιν
3035 1074 3268 1147 ὀνόμασι
3323 1074 3420 1130 καὶ
3491 1076 3767 1147 εὐφήμοις

2164 1166 2444 1239 ῥήμασιν,
2498 1165 2688 1239 ὥσπερ
2743 1166 3032 1239 χρώμασιν
3089 1167 3485 1232 ἐπιπλάστοις,
3540 1171 3602 1223 τὸ
3661 1168 3766 1238 τῆς

2133 1257 2412 1320 ¹ἐναντίας
2449 1258 2569 1348 μὲν,
2603 1259 2728 1330 ίσης
2763 1259 2822 1313 δὲ
2863 1260 3122 1324 ἀσεϐείας
3163 1260 3404 1325 δυσειδὲς
3447 1262 3768 1333 ἀποσεμνύ-

2162 1367 2276 1404 νειν
2321 1349 2749 1422 ἐπιχειροῦντες.
2801 1352 3015 1407 Ὠσανεὶ
3073 1351 3268 1407 τούτου
3315 1353 3766 1424 ἐσπουδασμένου

2161 1443 2296 1514 ἡμῖν
2324 1442 2522 1506 κάλλος
2556 1444 2748 1497 ἀσκεῖν
2781 1443 3087 1514 ὀνομάτων,
3141 1445 3258 1498 ἀλλ’
3292 1445 3354 1498 οὑ
3391 1445 3450 1498 τὸ
3485 1446 3587 1513 τῆς
3627 1446 3768 1516 ἀλη-

2162 1534 2316 1599 θείας
2339 1533 2575 1605 χρυσοῦν
2602 1535 2774 1599 ὅντως
2804 1536 3102 1607 πρόσωπον
3134 1535 3483 1602 ἐποπτεύειν,
3513 1531 3581 1607 ἦς
3610 1537 3770 1590 οὐδὲν

2163 1627 2600 1700 ἐρασμιώτερον,
2662 1627 2763 1683 κᾶν
2809 1629 2870 1682 τὸ
2919 1628 3020 1700 τῆς
3080 1628 3282 1694 λέξεως
3343 1631 3620 1701 εὐπρεπὲς
3669 1629 3769 1683 καὶ

2164 1719 2392 1790 φαιδρὸν
2425 1718 2500 1790 μὴ
2548 1721 2747 1790 προσῇ.
2789 1721 2942 1791 Μηδὲ
2996 1721 3105 1794 γὰρ
3163 1721 3538 1792 κομμωτικῶν
3591 1721 3768 1792 αὐτὴν

2171 1811 2524 1883 προσδεῖσθαι
2552 1812 3050 1884 καλλωπισμάτων,
3084 1814 3303 1885 φυσικῷ
3343 1813 3532 1867 κάλλει
3563 1813 3770 1884 λελαμ-

2173 1904 2518 1976 πρυσμένην,
2557 1905 2651 1959 καὶ
2685 1905 2852 1977 μηδὲν
2889 1906 3154 1977 δεομένην
3182 1906 3284 1975 τῆς
3317 1907 3383 1960 ἐκ
3422 1905 3534 1959 τῶν
3574 1907 3769 1978 ῥημά-

2171 2010 2280 2047 των
2296 1992 2486 2066 ὦσπερ
2504 1996 2979 2067 προστριμμάτων
2997 1997 3281 2069 ἀπατηλῆς
3301 1998 3396 2051 ἐπι
3403 1997 3766 2070 μορφώσεως.

2171 2079 2330 2139 Οὗτοι
2361 2085 2427 2155 δὴ
2477 2082 2568 2140 οὖν
2601 2089 2818 2149 ἑαυτοῖς
2864 2105 2927 2141 τε
2976 2090 3071 2142 καὶ
3115 2091 3180 2160 τῇ
3218 2088 3447 2162 ἀληθείᾳ
3477 2091 3771 2161 ἀπομαχό-

2171 2197 2348 2251 μενοι,
2382 2178 2470 2232 διά
2515 2181 2624 2233 τῶν
2652 2180 2914 2236 ἐναντίων
2952 2183 3042 2235 τὸν
3074 2183 3197 2236 κατ’
3223 2182 3398 2253 αὑτῆς
3435 2183 3769 2254 ἐμερίσαντο

2170 2273 2428 2344 πόλεμον,
2477 2275 2601 2335 ταῖς
2641 2274 2836 2339 αὑταῖς
2892 2276 3227 2348 προτάσσειν
3270 2276 3531 2348 ἑκάτερος
3580 2276 3768 2331 αὑτῶν

2171 2362 2309 2434 πρὸς
2332 2362 2423 2416 τὸν
2453 2362 2584 2416 ἴδιον
2631 2363 3018 2436 ἀποχρώμενοι
3049 2364 3289 2420 σκοπόν·
3339 2365 3482 2420 ὥστε
3529 2365 3630 2433 τὴν
3673 2363 3769 2419 διὰ

2170 2455 2282 2508 τῶν
2303 2454 2565 2510 ἐναντίων
2587 2456 2933 2527 συμφωνίαν,
2955 2458 3036 2510 ἐνὶ
3055 2457 3136 2529 τῷ
3154 2457 3249 2529 τῆς
3271 2457 3533 2529 ἀληθείας
3555 2459 3767 2529 ἐλέγχῳ

2175 2547 2310 2618 πρὸς
2336 2546 2446 2600 τῶν
2481 2547 2778 2619 γνωρίμων
2827 2549 3002 2620 αὐτῆς
3046 2551 3474 2620 ἀνατρέπεσθαι,
3529 2550 3626 2605 καὶ
3672 2551 3766 2618 yi-

2173 2641 2362 2696 νεσθαι
2393 2641 2714 2712 περιουσίαν
2755 2641 2937 2711 νίκης,
2963 2642 3062 2713 τῆς
3097 2643 3364 2715 πονηρίας
3398 2643 3500 2716 τὴν
3535 2660 3765 2714 συμφω-

473 2739 615 2807 νίαν.
668 2736 761 2804 Οἷς
808 2740 916 2812 γὰρ
955 2741 1022 2795 ἂν
1069 2740 1298 2814 θάτερον
1342 2742 1451 2797 τῶν
1505 2742 1646 2796 κατά
1682 2743 1780 2813 τὴν
1845 2738 2100 2794 ἀσέϐειαν
2141 2735 2654 2807 συμπεπλεγμένων
2716 2736 3158 2809 ἀνατρέψαιμεν,
3205 2737 3421 2803 τούτοις
3465 2738 3761 2792 συνανατέ-

472 2845 714 2900 τραπται
743 2829 837 2882 καὶ
868 2830 896 2882 6
924 2829 1131 2901 ἕτερος.

547 2919 645 2975 Est
679 2926 866 2973 autem
893 2918 1296 2974 advertendum
1333 2914 1481 2974 idem
1507 2919 1762 2976 evenisse
1789 2919 1936 2975 circa
1980 2918 2067 2974 in-

2256 2910 2453 2965 ’Ῑστέον
2480 2911 2611 2984 γὰρ,
2644 2912 2721 2977 ὡς
2758 2915 2955 2969 ταύτὸν
2988 2915 3224 2972 πέπονθε
3269 2919 3401 2990 περὶ
3424 2920 3526 2992 τὴν
3551 2923 3760 2980 οίκονο-

476 3009 859 3066 earnationem
897 3009 1132 3081 Eutyehi
1193 3011 1267 3081 (4)
1304 3027 1430 3066 eum
1465 3012 1754 3079 Nestorio,
1803 3010 1952 3081 quod
2003 3011 2062 3067 in

2172 3003 2302 3074 μίαν
2338 3004 2589 3075 Εὑτυχῆς
2614 3003 2754 3074 πρὸς
2778 3007 3096 3079 Νεστόριον,
3132 3009 3160 3061 ὃ
3193 3011 3324 3082 περὶ
3350 2989 3458 3084 τὴν
3481 2989 3761 3085 θεολογίαν

478 3101 754 3157 Trinitate
785 3100 1026 3156 Sabellio
1056 3116 1182 3157 cum
1209 3101 1376 3168 Ario;
1407 3103 1485 3158 illi
1520 3104 1670 3158 enim
1714 3119 1813 3174 per
1841 3113 2064 3158 eontra-

481 3195 563 3251 ria
601 3195 659 3250 in
687 3195 897 3250 malum
916 3196 1128 3266 aequale
1146 3196 1498 3252 ceciderunt.
1533 3196 1812 3254 Sabellius
1835 3197 2063 3266 quidem

481 3295 712 3360 propter
743 3287 1136 3353 substantiam,
1176 3287 1235 3342 in
1268 3303 1438 3342 unam
1468 3288 1795 3360 hypostasin
1825 3289 2066 3345 confun-

481 3381 565 3438 dit
593 3379 917 3451 bypostases
941 3397 956 3446 ;
989 3379 1158 3434 Arius
1182 3395 1317 3435 vero
1345 3389 1573 3450 propter
1601 3381 1926 3453 hypostases
1951 3420 1967 3449 ,
1994 3383 2068 3438 si-

485 3469 600 3524 mul
628 3484 756 3524 eum
785 3468 869 3526 eis
888 3469 1258 3527 substantiam
1278 3470 1490 3526 divisit.
1519 3471 1588 3527 Hi
1605 3487 1739 3528 vero
1761 3488 2064 3530 converse:

483 3561 777 3617 Nestorius
816 3563 1044 3634 quidem
1078 3561 1280 3617 dividit
1329 3570 1559 3627 naturas
1605 3565 1658 3619 in
1700 3565 2065 3637 hypostases;

485 3654 763 3726 Eutyches
786 3671 921 3711 vero
944 3655 1270 3710 commiscet
1303 3662 1532 3711 naturas
1554 3657 1609 3710 in
1636 3665 1915 3713 naturam.
1944 3657 2071 3725 Qui-

486 3747 591 3801 bus
612 3746 763 3801 enim
790 3743 1269 3816 disputationibus
1306 3756 1364 3803 et
1385 3749 1731 3819 argumentis
1759 3766 1790 3806 a
1815 3751 2071 3821 superio-

486 3859 611 3898 rum
639 3855 954 3915 temporum
983 3843 1306 3901 hominibus
1337 3845 1585 3903 Trinitas
1611 3847 1788 3904 divisa
1825 3857 1931 3915 est,
1955 3849 2069 3906 eis-

484 3935 612 3990 dem
644 3950 676 3991 a
712 3935 1114 4006 posterioribus
1134 3937 1524 4006 oeconomiam,
1574 3939 1626 3994 id
1663 3947 1769 4006 est,
1810 3939 2070 3996 incarna-

485 4030 695 4085 tionem
738 4027 1026 4084 confusam
1049 4043 1191 4086 'esse
1240 4030 1570 4102 reperimus.
1625 4031 1839 4098 Quibus
1884 4043 2070 4090 autem

483 4135 634 4174 nunc
675 4120 1039 4175 oeconomiam
1089 4120 1381 4189 dividunt,
1447 4122 1537 4178 his
1591 4123 1671 4178 illi
1719 4123 2072 4180 divinitatem

485 4207 854 4267 confundunt.
911 4210 1025 4283 Age
1055 4226 1209 4283 ergo,
1241 4213 1590 4283 proferamus
1618 4213 1942 4271 inmedium
1969 4231 2069 4272 eo-

485 4316 608 4356 rum
639 4302 973 4373 sophistieas
997 4304 1451 4376 propositiones,
1503 4317 1560 4362 et
1594 4317 1858 4378 tanquam
1894 4308 1951 4365 in
1986 4311 2073 4382 ju-

485 4392 654 4459 dicio,
695 4393 892 4450 demus
921 4395 1104 4452 locum
1139 4395 1596 4452 accusationibus
1625 4413 1857 4467 eorum;
1903 4409 2072 4471 atque

487 4485 564 4541 ita
587 4499 711 4556 qua:
733 4485 941 4542 frustra
985 4497 1180 4544 contra
1221 4489 1514 4545 veritatem
1542 4504 1683 4545 vane
1725 4492 2077 4564 excogitave-

488 4588 638 4641 runt,
669 4578 884 4636 diluere
914 4581 1264 4637 conabimur.

558 4751 912 4808 Aiuntenim:
930 4751 987 4810 Si
1005 4752 1146 4808 duas
1161 4761 1390 4808 naturas
1406 4751 1462 4807 in
1475 4767 1587 4808 uno
1601 4751 1822 4810 Christo
1843 4769 1965 4811 esse
1991 4755 2078 4811 di-

487 4845 638 4913 citis,
664 4854 865 4901 natura
884 4855 1068 4902 autem
1091 4862 1201 4901 non
1231 4853 1316 4901 est
1336 4846 1458 4902 sine
1475 4846 1777 4918 hypostasi,
1793 4848 1916 4904 duae
1942 4864 2075 4921 ergo

487 4948 656 4996 erunt
688 4939 1036 5011 bypostases.
1064 4937 1246 4994 Unum
1270 4945 1457 4994 autem
1483 4946 1570 4994 est
1594 4939 1908 5012 utriusque,
1937 4941 2074 5006 dixi,

489 5041 796 5100 certamen,
824 5031 1080 5102 quamvis
1113 5029 1238 5085 finis
1269 5030 1344 5086 sit
1379 5029 1663 5086 differens.
1695 5031 1781 5087 Illi
1811 5033 1984 5098 enim,
2019 5032 2074 5088 id

495 5131 603 5190 est,
626 5121 969 5189 Nestoriani,
992 5129 1053 5177 ut
1072 5137 1197 5177 cum
1216 5121 1428 5177 naturis
1450 5121 1775 5194 bypostases
1800 5122 2072 5190 inferant;

495 5214 591 5272 alii
623 5214 849 5282 vero,id
871 5223 980 5281 est,
1014 5215 1368 5288 Eutychiani,
1402 5222 1461 5269 ut
1493 5229 1595 5285 per
1624 5215 1948 5287 hypostases
1978 5232 2079 5272 na-

499 5319 651 5364 turas
672 5307 838 5364 etiam
875 5309 1158 5373 tollerent,
1195 5310 1390 5364 eodem
1425 5318 1751 5380 argumento
1797 5309 1883 5365 usi
1925 5319 2073 5366 sunt.

491 5397 602 5454 Sed
631 5398 880 5465 audiant,
911 5400 1006 5470 qui
1035 5399 1304 5473 Eutychis
1325 5408 1513 5470 partes
1538 5407 1871 5468 sequuntur.
1902 5399 2078 5456 Nobis

491 5490 644 5546 enim
680 5505 854 5546 unum
889 5505 1185 5548 commune
1237 5500 1520 5549 certamen
1566 5498 1762 5546 contra
1809 5497 2076 5561 utrosque

583 5670 660 5745 (ὁ)
693 5669 882 5730 Schol.
942 5671 1001 5730 in
1029 5687 1203 5745 marg.
1267 5672 1401 5746 περὶ
1455 5672 1553 5727 τοῦ
1588 5671 1736 5728 ἀϐσᾶ
1766 5670 1973 5728 Νόννου
1999 5670 2156 5743 φησί.

572 5827 651 5899 (5)
692 5827 879 5902 Aliter:
919 5826 1238 5902 depingitur
1277 5825 1553 5902 lipnnus
1579 5828 1683 5902 iste
1717 5843 1749 5884 a
1795 5827 1995 5900 Cyrillo
2038 5829 2091 5902 in

502 5895 827 5957 \‘it'a'sancti
846 5895 1009 5958 Salue
1029 5895 1292 5956 ct‘sancti
1315 5895 1578 5966 Quiriaci.
1609 5895 1935 5957 Tt'amsx't's.

2167 3096 2458 3160 Σαὸέλλιος
2491 3098 2630 3170 πρὸς
2653 3099 2744 3155 τὸν
2766 3102 2986 3171 Ἀρειον
3007 3118 3020 3132 ·
3059 3102 3260 3156 ἐκεῖνοί
3293 3121 3354 3157 τε
3386 3104 3496 3178 γὰρ
3527 3107 3614 3162 διὰ
3651 3110 3761 3163 τῶν

2167 3189 2452 3256 ἐναντίων,
2482 3191 2563 3254 εἰς
2608 3191 2672 3246 τὸ
2701 3187 2820 3248 ἴσον
2869 3195 3042 3248 κακὸν
3099 3197 3618 3267 ἐμπεπτώκασινοὸ
3662 3204 3762 3274 μὲν

2166 3280 2254 3334 διὰ
2291 3281 2388 3349 τὴν
2435 3282 2624 3338 οὑσίαν
2674 3286 2757 3349 είς
2815 3286 2946 3356 μίαν
3000 3287 3304 3344 ὑπόστασιν
3361 3291 3608 3362 συγχέων
3661 3295 3762 3359 τὰς

2169 3374 2518 3441 ὑποστάσεις,
2543 3378 2571 3430 6
2596 3376 2654 3431 δὲ
2677 3377 2766 3432 διὰ
2795 3378 2896 3444 τὰς
2916 3378 3247 3443 ὑποστάσεις
3274 3381 3598 3455 συνδιαιρῶν
3626 3385 3760 3439 10.6-

2168 3481 2293 3530 ταις
2335 3466 2431 3521 καὶ
2472 3467 2572 3539 τὴν
2605 3467 2815 3525 οὐσίαν.
2857 3471 2972 3524 Καὶ
3021 3465 3168 3528 οὗτοι
3203 3471 3260 3526 δὲ
3293 3472 3356 3526 τὸ
3395 3474 3690 3543 ἀνάπαλιν,
3729 3475 3765 3529 6

2174 3557 2275 3630 μὲν
2302 3557 2488 3625 τέμνει
2527 3560 2627 3625 τὰς
2663 3561 2856 3631 φύσεις
2901 3563 2981 3628 είς
3029 3564 3387 3631 ὑποστάσεις,
3426 3568 3455 3620 6
3493 3566 3550 3621 δὲ
3601 3567 3765 3640 φύρει

2172 3649 2274 3715 τὰς
2305 3650 2497 3720 φύσεις
2527 3653 2608 3717 είς
2642 3653 2825 3724 φύσιν.
2846 3655 2998 3710 Καὶδ
3035 3657 3134 3726 μὲν
3165 3659 3311 3712 ποιεῖ
3332 3659 3432 3731 τὴν
3462 3657 3766 3714 ὑπόστασιν

2172 3742 2522 3812 ὑποστάσεις,
2555 3746 2584 3798 6
2612 3745 2670 3799 δὲ
2708 3745 2808 3811 τάς
2845 3747 3039 3818 φύσεις
3067 3749 3150 3812 είς
3177 3748 3341 3819 φύσιν
3386 3750 3630 3822 ἀναχέει.
3667 3744 3766 3815 Οἷς

2172 3834 2283 3907 γὰρ
2323 3829 2674 3908 προϐλήμάσι
2718 3837 3111 3910 διαιρουμένην
3160 3840 3267 3894 ὑπὸ
3322 3841 3432 3896 τῶν
3481 3843 3768 3916 προτέρων

2173 3926 2320 3982 ἐστιν
2367 3928 2493 3983 ἰδεῖν
2543 3930 2641 4002 τὴν
2691 3931 2919 4000 Τριάδα,
2960 3932 3174 4000 τούτοις
3235 3935 3612 4006 συγχεομένην
3660 3935 3768 3990 ὑπὸ

2173 4019 2283 4074 τῶν
2335 4020 2581 4090 ὑστέρων
2640 4021 2982 4093 εὑρίσκομεν
3037 4026 3137 4098 τὴν
3185 4027 3531 4099 οίκονομίανο
3577 4022 3656 4092 οἷς
3708 4028 3767 4084 δὲ

2173 4109 2443 4182 διαιροῦσι
2491 4110 2591 4183 τὴν
2647 4113 2968 4184 οἰκονομίαν
3008 4115 3060 4168 οί
3109 4115 3240 4182 νῦν,
3292 4117 3508 4182 τούτοις
3565 4120 3766 4176 ἐκεῖνοι

2177 4201 2467 4270 συγχέουσι
2493 4203 2594 4274 τὴν
2624 4204 2876 4277 θεύτητα.
2905 4206 3042 4277 Φέρε
3083 4207 3149 4277 δὴ
3200 4204 3294 4263 οὖν
3333 4209 3435 4274 τὰς
3470 4209 3767 4282 προτάσεις

2175 4294 2355 4348 αὐτῶν
2375 4296 2475 4360 τάς
2507 4297 2832 4364 σοφιστικὰς
2869 4299 2952 4362 είς
2998 4300 3159 4370 μέσον
3193 4300 3272 4372 τῷ
3313 4301 3460 4371 λόγῳ
3507 4303 3768 4374 παραγά-

2179 4403 2403 4458 γωμεν,
2457 4389 2553 4444 καὶ
2599 4388 2790 4460 ὥσπερ
2823 4391 2886 4444 ἐν
2913 4391 3291 4465 δικαστηρίῳ,
3347 4393 3534 4467 χώραν
3583 4396 3769 4459 αὐτοῖς
3803 4383 3807 4385 λ

2177 4476 2286 4534 τῶν
2311 4478 2433 4534 καθ’
2465 4480 2625 4552 ἡμῶν
2654 4481 3022 4554 ἐγκλημάτων
3046 4485 3312 4551 ἐνδόντες,
3340 4486 3485 4541 οὕτω
3511 4487 3765 4540 διαλῦσαι

2179 4573 2281 4638 τὰς
2331 4575 2567 4645 ματαίας
2621 4575 2805 4631 αὐτῶν
2857 4578 3000 4633 κατά
3055 4579 3156 4650 τῆς
3212 4580 3471 4653 ἀληθείας
3522 4583 3769 4648 ἐπινοίας

2179 4667 2580 4738 πειρασόμεθα.

2245 4759 2386 4812 Φασὶ
2418 4758 2644 4831 γάρἘξ
2696 4759 2790 4814 δύο
2825 4760 3016 4831 φύσεις
3071 4764 3166 4818 ἐπὶ
3211 4764 3307 4819 τοῦ
3358 4765 3478 4832 ἑνὸς
3526 4768 3766 4840 Χριστοῦ

2177 4867 2336 4921 φατε,
2379 4851 2482 4905 οὐκ
2512 4850 2628 4906 ἔστι
2670 4852 2728 4906 δὲ
2765 4851 2928 4922 φύσις
2964 4857 3340 4922 ἀνυπόστατος
3363 4899 3379 4926 ,
3427 4859 3524 4915 δύο
3565 4861 3671 4933 ἄρα
3701 4862 3768 4916 ἂν

2177 4939 2286 4998 εἷεν
2313 4941 2409 4997 καὶ
2441 4943 2500 4996 αἱ
2529 4942 2864 5008 ὑποστάσεις
2888 4959 2902 4973 ’
2937 4941 3019 5009 εἷς
3039 4946 3097 5000 δὲ
3125 4947 3272 5003 ἐστιν
3299 4949 3654 5021 ἀμφοτέροις,
3691 4951 3770 5015 ὡς

2182 5030 2344 5104 ἔφην,
2393 5031 2565 5102 ἀγὼν,
2611 5031 2714 5087 κᾶν
2743 5033 2773 5086 6
2817 5031 3075 5109 σκοπδςῇ
3110 5035 3390 5110 διάφορος.
3422 5041 3486 5093 Oi
3529 5041 3628 5111 μὲν
3656 5041 3768 5116 γάρ

2183 5119 2271 5176 ἵνα
2299 5123 2416 5187 ταῖς
2445 5121 2646 5192 φύσεσι
2669 5126 3115 5194 συνεισαγάγωσι
3155 5127 3256 5192 τάς
3295 5128 3628 5194 ὑποστάσεις
3653 5119 3672 5193 ,’
3718 5133 3768 5186 οἱ

2181 5217 2239 5272 δὲ
2277 5217 2364 5273 ἴνα
2392 5218 2483 5273 διὰ
2507 5218 2616 5274 τῶν
2647 5220 3003 5276 ὑποστάσεων
3031 5223 3124 5277 καὶ
3150 5223 3252 5287 τὰς
3287 5222 3482 5293 φύσεις
3510 5226 3764 5294 ἀνέλωσι,

2181 5309 2260 5380 τῷ
2297 5310 2448 5383 αὑτῷ
2498 5310 2802 5384 κέχρηνται
2826 5312 3199 5386 προϐλήματι.
3243 5315 3384 5368 Ἀλλ’
3422 5315 3769 5370 ἀκουέτωσαν

2185 5402 2278 5455 καὶ
2307 5402 2445 5474 πρὸς
2488 5402 2648 5474 ἡμῶν
2686 5404 2736 5457 οί
2764 5405 2863 5476 τῆς
2890 5405 3165 5477 Εὐτυχοῦς
3199 5405 3395 5478 μοίρας
3431 5423 3446 5438 ·
3466 5407 3496 5461 6
3531 5407 3630 5479 μὲν
3661 5408 3770 5479 γάρ

2182 5508 2266 5557 τις
2299 5493 2477 5559 κοινὸς
2512 5494 2645 5566 ἡμῖν
2671 5495 2807 5567 πρὸς
2841 5495 3163 5570 ἑκατέρους,
3193 5497 3223 5551 6
3242 5498 3301 5553 δὲ
3335 5497 3466 5564 ἴδιός
3489 5499 3606 5553 ἐστι
3633 5495 3768 5570 πρὸς

2202 5829 2588 5959 5{MEMBEagem
2635 5831 2804 5891 habet
2857 5832 2910 5890 iu
2944 5833 3087 5892 libro
3113 5833 3192 5892 De
3229 5834 3402 5903 sectis,
3425 5840 3531 5890 act.
3569 5831 3619 5899 l,
3649 5843 3773 5902 pag.

2307 5942 2318 5955 .
2391 5916 2507 5958 λε..

2197 5916 2318 5958 490'.
2351 5916 2507 5958 DASX.

2830 5989 2856 6024 έ-
2909 5975 3078 6017 μζςπ.
