4068 6576
385 519 518 589 1277

1440 519 1746 606 (ΣΟΝΤΒΑ⁸
1780 515 2101 579 NESTOR.
2138 514 2233 574 ET
2272 511 2600 573 EUTYCH.

3514 500 3654 568 1278

378 632 604 695 τούτους
628 627 798 697 ἀγών.
841 627 908 682 Τί
929 626 986 684 δέ
1013 628 1170 699 ὑμεῖς
1201 644 1368 697 φατες
1399 625 1546 682 Μίαν
1569 625 1756 689 ἅπλῶς
1780 623 1947 694 λέγετε

2073 626 2191 684 est;
2219 617 2507 688 proprium
2543 629 2676 671 vero
2701 623 2897 672 contra
2929 614 3050 670 hos.
3081 612 3226 682 Quid
3250 628 3350 670 vos
3364 628 3498 669 vero
3513 613 3652 669 dici-

379 722 580 794 φύσιν;
614 718 713 788 Οὒ,
760 719 948 790 φασὶν,
978 717 1113 773 ἀλλά
1155 719 1284 789 μίαν
1315 717 1764 790 σεσαρκωμένην.
1792 715 1961 771 Οὐδὲν

376 811 434 868 δὲ
475 809 674 866 κωλύει
710 811 805 864 καὶ
859 809 1211 880 χαριέστερον
1253 809 1382 878 ὑμῖν
1422 807 1830 878 συμπλακῆναι,
1863 806 1961 876 τὴν

380 901 572 974 μὲνδὴ
629 901 758 973 μίαν
801 902 870 972 ἤν
927 917 1064 970 φατε
1120 899 1216 953 τοῦ
1271 899 1443 968 Λόγου
1500 898 1666 969 φύσιν
1704 897 1961 961 λαϐόντες

346 980 576 1066 ἰέχομεν
615 992 747 1066 παρ’
771 991 944 1063 ὑμῶν.
973 991 1110 1063 Περ)⁸
1137 990 1195 1045 δὲ
1229 991 1346 1062 τῆς
1369 991 1564 1062 ἐτέρας
1594 988 1736 1044 έστω
1772 991 1804 1060 ἡ
1847 989 1962 1042 δια-

379 1085 563 1158 μάχηο
605 1085 673 1155 ἢν
712 1082 876 1154 φύσιν
912 1082 1012 1153 μέν
1065 1083 1262 1154 ἑτέραν
1303 1081 1456 1152 παρά
1509 1080 1608 1152 τὴν
1650 1081 1746 1133 τοῦ
1780 1079 1958 1148 Λόγου

374 1177 554 1248 φαμὲν
584 1177 782 1248 ἡμεῖς,
818 1172 957 1246 σὰρξ
994 1174 1050 1229 δέ
1099 1174 1236 1246 πρὸς
1279 1172 1432 1244 ὑμῶν
1461 1172 1744 1228 καλεῖσθαι
1791 1172 1956 1242 φιλεῖ.

372 1268 440 1322 Τί
473 1283 610 1338 φατε
636 1267 889 1340 περὶτῆς
914 1267 1120 1338 σαρκὸς
1162 1267 1404 1338 ταύτηςς
1437 1265 1548 1337 ἔχει
1580 1264 1763 1334 φύσιν,
1796 1264 1830 1335 ἢ
1865 1265 1958 1318 οὑ-

375 1359 579 1432 σίαν,ἥ
617 1359 787 1432 μέρος
818 1376 882 1429 γε
928 1359 1183 1428 φύσεως;
1228 1358 1322 1412 τοῦ
1369 1359 1424 1412 δέ
1464 1358 1653 1424 πόσου,
1696 1358 1854 1427 ὑμεῖς
1892 1355 1960 1410 ἂν

369 1454 516 1524 εἴητε
555 1451 758 1525 κύριοι,
814 1451 925 1505 εἴτε
971 1453 1168 1522 ἥμισυ,
1194 1451 1307 1503 εἴτε
1347 1451 1551 1520 τρίτον,
1590 1449 1701 1502 εἴτε
1746 1467 1798 1502 τι
1832 1449 1959 1502 ἀλλο

370 1545 746 1617 ποστημόριον
775 1545 962 1598 καλεῖν
991 1542 1195 1597 θέλετε.
1240 1542 1351 1596 Καὶ
1381 1542 1469 1597 ἵνα
1507 1539 1584 1612 τῷ
1627 1539 1778 1612 αύτῷ
1828 1541 1958 1608 ὑμῖν

368 1636 662 1710 χρήσωμαι
697 1637 960 1706 σχήματι,
1009 1634 1124 1688 ἔστι
1164 1633 1302 1705 σὰρξ
1353 1631 1620 1696 ἀνούσιος,
1662 1631 1695 1703 ἢ
1743 1630 1958 1700 φύσεως

367 1726 636 1798 ἄμοιρος;
685 1729 797 1782 Καὶ
843 1727 961 1792 πῶς
1005 1727 1072 1782 ἂν
1125 1726 1507 1797 ἀποφεύξησθε
1554 1724 1649 1796 τὴν
1684 1726 1956 1795 ὑμετέραν

364 1818 634 1891 ἀπορίανξ
663 1820 726 1875 Ei
756 1819 855 1891 μὲν
890 1819 998 1890 γάρ
1031 1821 1151 1872 ἐστι
1180 1816 1318 1889 σάρξ
1363 1818 1634 1883 ἀνούσιος,
1666 1816 1699 1887 ἢ
1741 1815 1957 1886 φύσεως

363 1909 554 1977 ἐκτὸς,
608 1910 820 1976 δείξατε
866 1911 952 1976 τίς
982 1910 1138 1976 οῦσα,
1172 1912 1265 1964 καὶ
1305 1910 1421 1974 πῶς
1453 1909 1652 1982 ἔχουσα
1695 1909 1954 1979 τυγχάνει

2064 714 2136 768 tis
2163 727 2330 766 unam
2364 718 2620 764 naturam
2667 722 2793 764 esse
2814 708 2838 760 ?
2863 707 3007 772 Non,
3042 707 3324 778 inquiunt,
3357 707 3453 762 sed
3482 721 3649 761 unam

2063 802 2595 862 inearnatam.Nihii
2627 808 2811 856 autem
2864 799 3124 870 prohibet
3177 801 3312 869 quin
3363 798 3650 854 vobiscum

2061 900 2484 970 coniungantur.
2517 895 2692 952 Unam
2726 895 2915 964 itaque
2947 902 3198 947 naturam
3227 891 3431 957 Verbi,
3481 905 3648 961 quam

2062 991 2269 1055 dicitis,
2302 1005 2333 1045 a
2364 989 2524 1044 vobis
2579 987 2762 1043 datam
2795 995 2854 1041 et
2900 998 3219 1039 concessam
3264 992 3538 1038 tenemus.
3571 982 3647 1036 De

2062 1087 2236 1142 altera
2268 1093 2454 1141 autem
2489 1093 2686 1138 natura
2713 1081 3134 1144 contendamus,
3170 1094 3336 1148 quam
3390 1088 3646 1133 naturam

2061 1179 2225 1233 aliam
2256 1193 2378 1233 esse
2411 1175 2650 1232 dicimus
2694 1181 2896 1245 praeter
2927 1180 3180 1226 naturam
3213 1170 3416 1236 Verbi,
3467 1185 3589 1239 quae
3614 1186 3645 1224 a

2062 1270 2219 1325 vobis
2253 1270 2362 1324 dici
2393 1269 2553 1325 solet.
2577 1267 2720 1334 Quid
2755 1267 2825 1320 de
2859 1265 2964 1319 hac
2993 1278 3159 1319 carne
3191 1261 3424 1317 dicitis?
3454 1260 3646 1314 habet-

2062 1378 2131 1417 ne
2155 1373 2434 1425 naturam,
2463 1360 2550 1416 vel
2587 1358 2972 1422 substantiam,
3033 1363 3128 1410 aut
3176 1364 3386 1425 partem
3420 1353 3643 1423 quidem

2062 1453 2312 1508 naturae?
2332 1460 2600 1522 quantum
2627 1460 2810 1505 autem
2834 1449 3057 1512 habeat,
3082 1447 3140 1502 in
3166 1454 3346 1502 vestra
3370 1452 3642 1514 potestate

2059 1551 2162 1607 est,
2197 1543 2312 1598 sive
2343 1541 2650 1606 dimidiam,
2674 1543 2788 1596 sive
2820 1540 3036 1594 tertiam
3075 1547 3309 1608 partem,
3329 1537 3444 1591 sive
3475 1536 3640 1588 aliam

2059 1634 2344 1688 minimam
2377 1642 2588 1704 partem
2618 1648 2817 1687 vocare
2856 1631 3010 1685 libet.
3045 1630 3112 1683 Et
3147 1639 3207 1682 ut
3239 1627 3432 1684 eadem
3469 1625 3642 1679 forma

2058 1725 2480 1797 argumentandi
2514 1725 2798 1781 vobiscum
2832 1732 2976 1790 utar,
3007 1731 3168 1778 estne
3211 1735 3340 1775 caro
3369 1719 3641 1782 ἀνούσιος,

2061 1817 2116 1872 id
2142 1828 2248 1885 est,
2285 1833 2483 1889 expers
2511 1817 2855 1882 substantiae,
2882 1816 2968 1871 vel
2995 1830 3193 1885 expers
3225 1812 3474 1867 naturae?
3497 1810 3644 1876 Quo-

2059 1909 2224 1966 modo
2245 1921 2491 1966 nostram
2521 1911 2882 1982 quzestionem
2915 1907 3226 1979 eﬂ'ugietis?
3247 1905 3464 1964 Etenim
3489 1904 3533 1959 si
3558 1910 3642 1957 est

361 2000 525 2073 αῦτη,
557 2001 653 2056 καὶ
682 2003 842 2073 ἡμεῖς
874 2001 1190 2073 στέρξομεν.
1226 2003 1287 2054 Ei
1315 2002 1372 2054 δέ
1403 2005 1500 2072 τῆς
1534 2000 1770 2071 ἐσχάτης
1795 1999 1944 2053 ἐστὶν

2049 2017 2176 2058 caro
2225 2019 2424 2075 expers
2472 2004 2815 2067 substantiae,
2868 2002 2954 2057 vel
3004 2009 3162 2056 extra
3193 2009 3484 2062 naturam,
3545 1997 3642 2052 de-

361 2091 622 2165 ἀμαθίας,
667 2093 848 2164 σάρκα
880 2092 1254 2156 ὑποτίθεσθαι,
1287 2092 1386 2145 οὑκ
1416 2090 1582 2145 οὖσαν
1626 2089 1773 2144 τοῦθ’
1816 2091 1953 2160 ὅπερ

361 2183 457 2239 καὶ
503 2183 746 2252 λέγεται,
789 2183 821 2254 ἢ
854 2183 915 2238 ού
945 2183 1247 2254 λεγομένην
1280 2184 1416 2254 ὅπερ
1451 2183 1620 2249 ἐστὶν,
1669 2181 1788 2246 πῶς
1818 2183 1952 2236 ἀπο·

361 2273 623 2346 φεύξεσθε
656 2276 721 2346 ἣν
771 2276 902 2347 ἡμῖν
934 2275 1090 2328 αὐτοὶ
1141 2275 1508 2347 προεϐάλεσθε
1544 2274 1850 2346 πρότασινς
1887 2273 1952 2328 Et

360 2367 470 2440 γάρ
527 2367 630 2421 οὐκ
679 2366 796 2421 ἔστι
829 2366 965 2440 σὰρξ
1019 2367 1302 2433 ἁνούσιος,
1359 2366 1606 2421 τουτέστι
1643 2366 1806 2437 φύσιν
1851 2365 1951 2420 ούκ

358 2457 559 2532 ἔχουσα
585 2500 600 2526 ,
637 2460 737 2513 οὑκ
790 2458 907 2512 ἐστι
952 2459 1009 2512 δὲ
1051 2459 1212 2529 φύσις
1250 2460 1624 2522 ἀνυπόστατος
1649 2499 1664 2524 ,
1706 2460 1806 2514 οὐκ
1843 2459 1952 2530 ἄρα

358 2549 513 2606 ἔσται
549 2549 686 2622 σάρξ
714 2551 1084 2612 ἀνυπόστατος
1105 2566 1118 2580 ·
1154 2549 1272 2621 ὥρα
1305 2549 1366 2622 δὴ
1397 2548 1668 2622 οὖνὺμᾶς
1700 2551 1732 2623 ἢ
1768 2551 1950 2607 τέλεον

357 2639 846 2695 ἀποσκευάσασθαι
872 2640 1073 2712 σαρκὸς
1102 2642 1204 2712 τὴν
1229 2641 1413 2711 φύσιν,
1442 2642 1475 2713 ἢ
1505 2643 1600 2695 δύο
1624 2644 1951 2709 ὑποστάσεις

355 2734 560 2788 διδόναι
586 2734 665 2805 τῷ
717 2734 941 2806 Κυρίῳ,
991 2734 1133 2789 κατά
1167 2735 1265 2806 τὴν
1315 2736 1590 2808 ὑμετέραν
1628 2737 1950 2806 νομοθεσίαν

352 2827 455 2897 τὴν
479 2826 816 2896 φάσκουσαν,
842 2825 958 2882 Οὐκ
987 2826 1102 2880 ἐστι
1140 2827 1300 2896 φύσις
1323 2827 1711 2893 ἀνυπόστατος.
1748 2831 1811 2882 Εἰ
1842 2831 1950 2901 γὰρ

352 2919 457 2973 οὐκ
497 2918 615 2973 ἐστι
667 2919 828 2991 φύσις
876 2920 1288 2986 ἀνυπόστατος,
1337 2919 1502 2991 φύσιν
1539 2921 1596 2975 δέ
1645 2923 1740 2975 τοῦ
1774 2923 1949 2992 Λόγου

351 3011 559 3081 λέγετε,
607 3013 704 3068 καὶ
757 3013 1057 3067 ὑπόστασιν
1103 3013 1212 3084 ἀρα
1268 3012 1344 3084 τῷ
1392 3013 1548 3083 Λόγῳ
1585 3013 1806 3068 δώσετε.
1841 3015 1950 3068 Καὶ

351 3103 472 3158 ἐστι
522 3103 712 3159 λοιπὸν
746 3106 874 3176 περί
914 3105 1014 3176 τῆς
1049 3105 1252 3178 σαρκὸς
1287 3105 1348 3158 τὸ
1383 3105 1739 3178 ζητούμενον,
1787 3107 1836 3159 εί
1870 3107 1946 3177 μὴ

351 3196 448 3251 καὶ
479 3194 620 3268 αῦτη
649 3197 749 3268 τὴν
782 3195 944 3266 φύσιν
969 3196 1171 3268 ἔχουσα
1202 3197 1300 3266 τὴν
1334 3196 1493 3262 ἰδίαν,
1549 3195 1799 3261 ἀξιοῦται
1849 3195 1948 3249 καὶ

349 3289 457 3360 τῆς
490 3289 744 3360 κλήσεως
771 3306 788 3321 ο
812 3289 907 3344 καὶ
932 3289 1141 3360 ταύτης
1180 3307 1244 3358 γε
1267 3288 1530 3360 τυχοῦσα,
1557 3287 1670 3360 ἔχοι
1705 3287 1798 3342 καὶ
1846 3285 1946 3360 τὴν

351 3382 685 3438 ὑπόστασινο
737 3383 770 3456 ἢ
823 3384 898 3458 μὴ
958 3382 1178 3453 ἔχουσα,
1207 3385 1306 3454 τὴν
1350 3383 1648 3437 ὑπόστασιν
1703 3383 1800 3436 καὶ
1843 3381 1943 3454 τὴν

347 3474 514 3549 φύσιν
581 3476 1007 3548 προσαπολέσει.
1073 3476 1230 3530 Οὕτω
1291 3475 1390 3546 μέν
1454 3470 1547 3529 οὖν
1602 3476 1764 3546 ὑμεῖς
1821 3476 1944 3538 ταῖς

349 3568 582 3634 οἰκείαις
612 3569 872 3641 ἀπορίαις
899 3568 1173 3640 ἐνέχεσθε,
1201 3569 1296 3622 καὶ
1321 3567 1474 3622 οὐδὲν
1507 3567 1662 3638 παρά
1691 3566 1851 3622 τοῦτο
1884 3566 1944 3622 τὸ

349 3659 659 3731 πανοῦργον
707 3662 855 3732 ὑμᾶς
907 3661 1012 3727 ἔξω
1061 3660 1171 3714 τῶν
1217 3659 1459 3715 εὐθυνῶν
1512 3660 1832 3730 πεποίηκεν,
1867 3651 1944 3714 ὧν

349 3755 497 3825 ἡμᾶς
522 3753 857 3826 ἐγράψασθε.
887 3755 984 3808 ’Ἐν
1021 3753 1101 3808 ἐτι
1143 3753 1253 3808 τῶν
1288 3753 1514 3824 ἀπόρων
1559 3751 1940 3819 ἐπιλύσαντες,

349 3843 548 3899 πολλοῦ
575 3862 717 3908 τινος
745 3845 885 3910 ἄξιοι
943 3845 1201 3915 φανεῖσθε
1222 3861 1235 3874 ·
1269 3845 1318 3897 εί
1350 3843 1450 3897 οὐκ
1487 3843 1602 3897 ἐστι
1639 3843 1803 3915 φύσις
1845 3845 1941 3897 ἀν-

350 3939 673 4001 υποστατος,
705 3937 770 3990 ἐκ
802 3936 894 3990 δύο
924 3937 980 3991 δέ
1016 3936 1232 4007 φύσεων
1261 3935 1574 4006 ὁμολογεῖτε
1600 3936 1691 3988 τὸν
1717 3935 1940 4005 Κύριον,

349 4030 414 4083 ἐκ
445 4029 539 4083 δύο
561 4027 672 4102 ἀρα
701 4030 854 4084 ἔσται
878 4031 970 4084 καὶ
1001 4029 1356 4083 ὑποστάσεων
1378 4045 1394 4060 ο
1425 4031 1519 4082 καὶ
1550 4029 1635 4092 τίς
1668 4027 1852 4082 λοιπὸν
1876 4030 1940 4099 τῇ

349 4121 648 4195 Νελστορίου
675 4123 940 4196 διαιρέσει
972 4124 1273 4186 ὑπεύθυνος
1316 4123 1632 4194 γεγένηται,
1677 4122 1804 4192 ὑμῖν
1835 4139 1942 4174 πα-

352 4215 710 4289 ραχωροῦμεν
765 4219 1010 4271 σκοπεῖν.
1054 4217 1211 4270 Οῦτω
1259 4219 1359 4288 μὲν
1391 4213 1486 4271 οὖν
1528 4217 1695 4287 ὑμᾶς,
1725 4216 1822 4269 καὶ
1854 4215 1942 4270 διά

348 4309 552 4364 τούτων
587 4308 1040 4380 ἀπεπεμψάμεθα
1062 4326 1077 4342 θ
1127 4312 1238 4375 τοῖς
1278 4310 1335 4366 δὲ
1383 4311 1447 4365 ἐκ
1484 4309 1778 4381 διαμέτρου
1809 4309 1940 4380 ὑμῖν

348 4401 712 4473 ἀποσφαλεϊσι
744 4403 846 4474 τῆς
871 4401 1155 4474 ἀληθείας,
1192 4403 1336 4458 οὕτω
1363 4404 1724 4475 διαλεξόμεθα
1746 4421 1759 4435 ·

419 4584 494 4638 οὐ
531 4582 750 4652 ταύτὸν,
779 4575 826 4638 ὦ
867 4578 1036 4651 οῦτοι,
1074 4585 1378 4652 ὑπόστασις
1416 4587 1511 4641 καὶ
1553 4588 1935 4654 ἐνυπόστατον,

348 4675 539 4748 ὥσπερ
559 4676 746 4749 ἕτερον
771 4678 932 4732 οὐσία
953 4677 1050 4732 καὶ
1078 4678 1321 4733 ἐνούσιον
1341 4695 1355 4710 ο
1387 4680 1422 4750 η
1451 4679 1548 4750 μέν
1567 4680 1677 4751 γάρ
1705 4679 1939 4733 ὑπόστα-
1971 4675 2012 4730 D

348 4785 434 4832 σις
461 4768 553 4822 τδν
581 4769 706 4822 τινὰ
753 4768 924 4841 δηλοῖ,
960 4768 1022 4822 τὸ
1048 4767 1108 4822 δέ
1135 4769 1507 4824 ἐνυπόστατον
1560 4768 1659 4841 τὴν
1707 4770 1897 4824 οὐσίαν
1916 4785 1931 4801 °

328 4861 444 4919 ,καὶ
471 4861 506 4933 ή
559 4861 659 4932 μέν
697 4861 1020 4928 ὑπόστασις,
1063 4859 1360 4932 πρόσωπον
1387 4859 1640 4930 ἀφορίζει
1693 4861 1806 4924 τοῖς
1835 4877 1936 4931 χα-

349 4956 800 5025 ρακτηριστικοῖς
830 4951 1116 5024 ίδιώμασι⁶
1151 4951 1212 5005 τὸ
1243 4951 1301 5006 δέ
1337 4953 1721 5018 ἐνυπόστατον,
1768 4953 1829 5006 τὸ
1862 4954 1936 5025 μὴ

347 5040 486 5106 εἶναι
524 5047 654 5105 αὐτὸ
688 5043 1036 5118 συμϐεϐηκὸς
1092 5043 1266 5114 δηλοῖ,
1309 5043 1337 5097 ὃ
1381 5045 1440 5097 ἐν
1494 5045 1667 5116 ἐτέρῳ
1713 5044 1826 5116 ἔχει
1876 5046 1938 5099 τὸ

348 5133 532 5204 εἶναι,
587 5138 682 5192 καὶ
728 5139 825 5192 οὐκ
856 5140 914 5191 ἐν
969 5137 1153 5209 ἐαυτῷ
1205 5137 1514 5209 θεωρεῖται.
1572 5138 1833 5193 Τοιαῦται
1879 5138 1936 5192 δὲ

349 5230 520 5284 πᾶσαι
544 5231 598 5282 αί
636 5229 943 5300 ποιότητες,
967 5227 1028 5282 αῖ
1059 5245 1119 5282 τε
1149 5225 1432 5290 ούσιὼδεις
1461 5227 1554 5281 καὶ
1584 5227 1937 5290 ἐπουσιώδεις

2058 2103 2383 2160 monstrate,
2412 2111 2533 2165 quae
2568 2105 2671 2160 est,
2704 2103 2762 2149 et
2790 2091 3068 2163 quomodo
3103 2091 3222 2145 haec
3244 2091 3430 2155 habet,
3463 2096 3517 2144 et
3540 2102 3642 2141 nos

2054 2186 2494 2256 acquiescemus.
2517 2186 2612 2241 Sin
2645 2197 2828 2241 autem
2853 2183 3363 2240 extremaeinscitiae
3390 2191 3494 2245 est,
3529 2195 3640 2250 quo

2054 2279 2219 2333 modo
2271 2278 2551 2349 eﬂ‘ugietis
2579 2320 2592 2344 ,
2653 2295 2817 2349 quam
2859 2277 2960 2348 ipsi
2996 2276 3159 2332 nobis
3203 2275 3637 2346 propositionem

2053 2370 2336 2442 ohjicilis?
2379 2370 2435 2427 Si
2461 2372 2609 2427 enim
2645 2387 2756 2426 non
2795 2381 2879 2426 est
2909 2385 3038 2426 caro
3070 2383 3268 2440 expers
3287 2367 3635 2432 substantias,

2054 2463 2108 2518 id
2144 2473 2248 2530 est,
2294 2471 2406 2519 non
2451 2465 2664 2521 habens
2696 2473 2950 2520 naturam
2979 2505 2994 2529 ,
3048 2479 3160 2517 non
3194 2469 3277 2517 est
3310 2471 3494 2516 autem
3542 2476 3639 2515 na-

2052 2565 2175 2611 tura
2211 2556 2331 2612 sine
2374 2556 2650 2628 hypostasi
2678 2598 2693 2623 ,
2750 2571 2859 2610 non
2895 2564 2978 2610 est
3017 2554 3185 2627 igitur
3223 2568 3354 2608 caro
3385 2554 3503 2608 sine
3537 2553 3636 2622 hy-

2051 2649 2278 2718 postasi.
2307 2647 2538 2718 Oportet
2569 2664 2699 2718 ergo
2746 2664 2882 2712 vos,
2937 2655 3032 2701 aut
3084 2657 3337 2700 naturam
3386 2662 3417 2700 a
3469 2660 3636 2699 carne

2051 2738 2272 2808 penitus
2303 2755 2610 2804 removere,
2640 2749 2736 2794 aut
2763 2739 2898 2793 duas
2926 2739 3249 2810 hypostases
3271 2735 3506 2791 Domino
3541 2735 3638 2788 tri-

2051 2830 2222 2886 buere
2252 2831 2554 2886 secundum
2587 2831 2762 2901 legem
2792 2836 3051 2894 vestram,
3080 2843 3203 2898 quae
3223 2827 3356 2884 dicit
3375 2840 3484 2879 non
3514 2838 3635 2879 esse

2052 2933 2306 2978 naturam
2357 2923 2474 2979 sine
2503 2921 2806 2994 hypostasi.
2837 2919 3055 2975 Etenim
3091 2919 3134 2974 si
3175 2934 3286 2973 non
3317 2924 3402 2972 est
3435 2924 3636 2970 natura

2051 3019 2168 3074 sine
2199 3017 2504 3091 hypostasi,
2537 3025 2792 3072 naturam
2820 3024 3009 3070 autem
3036 3013 3202 3069 Verbi
3233 3012 3439 3078 dicitis,
3464 3010 3637 3081 hypo-

2051 3111 2242 3166 stasim
2292 3127 2424 3182 ergo
2450 3109 2632 3166 Verbo
2677 3107 2904 3164 dabitis.
2949 3107 3018 3161 Et
3047 3103 3380 3175 relinquitur
3403 3101 3635 3173 quazstio

2050 3203 2118 3260 de
2145 3219 2332 3260 carne.
2370 3203 2566 3259 Utrum
2617 3203 2662 3257 si
2695 3218 2805 3257 non
2838 3200 3007 3255 habet
3039 3199 3320 3270 propriam
3350 3205 3631 3259 naturam,

2050 3306 2280 3352 vocetur
2311 3311 2460 3362 caro,
2485 3304 2540 3350 et
2563 3306 2777 3359 vocata,
2811 3293 3012 3348 habeat
3039 3292 3205 3347 etiam
3253 3289 3630 3362 hypostasim;

2048 3398 2142 3445 aut
2165 3406 2272 3444 non
2295 3389 2505 3444 habens
2533 3389 2892 3460 hypostasim,
2913 3386 3079 3441 etiam
3111 3390 3364 3438 naturam
3392 3381 3629 3438 amittat.

2047 3481 2140 3538 Sic
2167 3482 2336 3553 igitur
2374 3496 2473 3536 vos
2494 3479 2697 3536 vestris
2733 3476 3178 3534 dubitationibus
3203 3475 3440 3531 convicti
3472 3473 3627 3528 estis.

2047 3579 2116 3634 Et
2145 3578 2295 3633 nulla
2321 3576 2561 3633 versutia
2591 3591 2691 3629 vos
2712 3583 2867 3630 extra
2898 3588 3092 3644 pmnas
3113 3586 3306 3627 eorum
3333 3569 3628 3626 criminum

2045 3668 2113 3724 dc
2140 3668 2342 3738 quibus
2375 3683 2475 3722 nos
2525 3665 2861 3730 accusastis,
2906 3679 3028 3720 esse
3070 3663 3254 3719 faciet.
3290 3663 3356 3716 Et
3390 3659 3435 3716 si
3466 3675 3629 3715 unam

2046 3761 2409 3832 qumstionem
2439 3759 2735 3826 solveritis,
2763 3773 2962 3828 magno
2992 3757 3203 3812 honore
3226 3754 3378 3826 digni
3403 3767 3632 3824 appare-

2046 3852 2199 3907 bitis.
2233 3851 2289 3907 Si
2329 3868 2438 3906 non
2468 3859 2554 3906 est
2583 3859 2781 3904 natura
2816 3849 2935 3903 sine
2961 3847 3242 3920 hypostasi
3267 3889 3283 3914 ,
3316 3861 3386 3902 ex
3414 3845 3631 3900 duabus

2045 3954 2227 4001 autem
2265 3943 2477 3999 naturis
2499 3958 2620 3997 esse
2651 3941 2947 3996 Dominum
2983 3937 3324 4002 conceditis,
3351 3946 3434 3993 est
3463 3935 3632 4007 igitur

2043 4055 2112 4096 ex
2143 4039 2359 4095 duabus
2389 4035 2800 4109 hypostasibus.
2825 4033 2960 4101 Quis
2985 4033 3152 4104 igitur
3181 4037 3410 4102 propter
3432 4030 3630 4085 Nesto-

2044 4131 2111 4186 rii
2144 4130 2473 4186 divisionem
2515 4127 2887 4201 hypostaseon
2917 4141 3044 4182 reus
3077 4123 3268 4187 fuerit,
3319 4121 3478 4176 vobis
3506 4135 3631 4190 pcr-

2044 4220 2630 4293 mittimusjudieium.
2660 4218 2752 4274 Sic
2777 4233 2909 4289 ergo
2932 4231 3031 4272 vos
3054 4216 3144 4271 his
3177 4214 3518 4287 argumentis
3542 4227 3628 4266 re-

2042 4317 2218 4373 victos
2259 4315 2607 4371 dimittimus.
2663 4313 2800 4369 Cum
2862 4313 2931 4368 iis
2979 4321 3163 4367 autem
3205 4309 3299 4380 qui
3349 4305 3627 4364 contrario

2043 4410 2206 4466 modo
2240 4418 2405 4481 atque
2457 4423 2558 4464 nos
2608 4423 2640 4462 a
2691 4405 2924 4462 veritate
2953 4403 3238 4470 aberrant,
3262 4401 3344 4457 sic
3375 4399 3623 4470 disputa-

2043 4503 2246 4560 bimus.

2114 4595 2232 4650 Non
2258 4602 2344 4648 est
2375 4593 2519 4648 idem
2556 4592 2890 4665 hypostasis,
2920 4598 2977 4646 et
3007 4595 3393 4663 enypostaton,
3427 4586 3482 4641 id
3519 4593 3624 4654 est,

2041 4689 2190 4762 quod
2214 4697 2298 4743 est
2327 4688 2383 4743 in
2413 4685 2785 4751 subsistente;
2823 4685 2967 4741 sicut
2999 4683 3148 4739 aliud
3174 4692 3260 4738 est
3290 4680 3624 4744 substantia,

2039 4785 2096 4833 et
2132 4775 2282 4832 aliud
2327 4789 2449 4831 esse
2495 4774 2551 4828 in
2585 4773 2923 4837 substantia,
2958 4771 3001 4826 si
3041 4770 3269 4840 quidem
3310 4766 3624 4841 hypostasis

2040 4865 2281 4936 aliquem
2341 4878 2512 4918 unum
2557 4861 2835 4926 declarat;
2872 4875 2994 4916 esse
3041 4869 3223 4914 autem
3255 4866 3621 4930 enypostaton

2041 4955 2288 5012 declarat
2337 4953 2724 5020 substantiam,
2758 4951 2856 5007 sed
2887 4967 2996 5006 non
3037 4951 3278 5020 aliquem
3310 4963 3522 5004 unum:
3563 4957 3621 5004 et

2041 5049 2350 5121 hypostasis
2382 5047 2604 5118 quidem
2641 5060 2932 5117 personam
2967 5042 3160 5098 deﬁnit
3189 5039 3620 5113 proprietatibus

2037 5137 2490 5214 designantibus:
2519 5145 2883 5211 enypostaton
2911 5151 3046 5192 vero
3069 5135 3342 5207 signiﬁcat
3363 5148 3472 5188 non
3497 5146 3619 5188 esse

2037 5236 2315 5301 accidens,
2362 5233 2507 5305 quod
2548 5233 2604 5288 in
2639 5232 2748 5288 alio
2799 5231 2967 5286 habet
3012 5237 3072 5285 ut
3105 5229 3198 5295 sit,
3234 5236 3292 5284 et
3327 5242 3435 5282 non
3465 5225 3521 5281 in
3559 5240 3620 5281 se

348 5321 722 5392 καλούμεναι,
779 5316 856 5376 ὧν
905 5320 1170 5393 οὐδετέρα
1239 5321 1392 5374 ἐστὶν
1450 5319 1634 5387 οὐσία,
1689 5323 1934 5375 τουτέστι

2049 5327 2305 5384 cernitur.
2339 5323 2661 5398 Cuiusmodi
2692 5333 2823 5382 sunt
2849 5338 3040 5380 omnes
3066 5321 3381 5392 qualitates,
3409 5327 3464 5373 et
3495 5333 3622 5389 qua:

348 5415 585 5487 πρᾶγμα
624 5411 894 5484 ὑφεστὼς,
941 5411 1058 5468 ἀλλ’
1088 5413 1116 5467 ὃ
1153 5411 1244 5468 ἀεὶ
1273 5411 1399 5484 περὶ
1439 5411 1540 5484 τὴν
1584 5411 1772 5468 οὐσίαν
1801 5411 1931 5468 θεων

350 5507 551 5578 ρεῖται,
588 5503 664 5567 ὡς
693 5503 892 5575 χρῶμα
931 5504 988 5557 ἐν
1019 5501 1256 5575 σώματι,
1307 5504 1404 5558 καὶ
1433 5502 1510 5568 ὡς
1557 5505 1838 5578 ἐπιστήμη
1876 5506 1934 5559 ἐν

345 5596 516 5668 ψυχῇ.
542 5596 602 5650 '0
624 5595 804 5649 τοίνυν
822 5594 1020 5664 λέγων,
1047 5597 1162 5650 Οὐκ
1183 5596 1332 5651 ἐστιν
1354 5597 1516 5668 φύσις
1537 5598 1933 5662 ἀνυπόστατος,

349 5689 545 5761 ἀληθὲς
571 5691 670 5760 μὲν
691 5689 843 5758 λέγει
867 5704 882 5720 ·
912 5689 972 5743 ού
1009 5689 1116 5762 μὴν
1141 5689 1315 5760 ὀρθῶς
1347 5691 1732 5763 συμπεραίνει,
1768 5690 1828 5744 τὸ
1857 5691 1930 5762 μὴ

349 5783 722 5846 ἀνυπόστατον
743 5783 993 5852 συνάγων
1025 5786 1105 5849 είς
1128 5785 1190 5842 τὸ
1215 5785 1513 5842 ὑπόστασιν
1541 5781 1681 5841 εἶναι
1703 5803 1716 5816 ·
1742 5785 1933 5858 ὥσπερ

350 5875 417 5930 ἂν
443 5877 496 5930 εί
512 5893 596 5941 τις
631 5875 707 5949 μὴ
745 5871 886 5930 εἶναι
909 5875 1058 5945 λέγοι
1091 5877 1251 5949 σῶμα
1275 5879 1704 5950 ἀσχημάτιστον,
1734 5879 1934 5951 ἀληθὲς

345 5966 524 6042 λέγων
545 5985 558 6002 ⁸
593 5967 784 6026 ἔπειτα
837 5968 1060 6041 συνάγοι
1094 5970 1194 6025 οὐκ
1232 5969 1409 6044 ὀρθῶς
1444 5971 1506 6027 τὸ
1557 5973 1744 6046 σχῆμα
1779 5973 1931 6045 σῶμα

2036 5422 2429 5480 substantiales
2464 5423 2631 5476 etiam
2673 5419 2960 5486 dicuntur,
3008 5433 3073 5474 ex
3117 5417 3321 5488 quibus
3353 5413 3504 5470 nulla
3533 5423 3620 5472 est

2035 5514 2367 5580 substantia,
2403 5513 2456 5568 id
2498 5522 2607 5580 est,
2649 5529 2740 5569 res
2781 5527 2880 5582 per
2924 5526 2983 5566 se
3029 5510 3320 5577 exsistens,
3356 5507 3453 5564 sed
3495 5521 3619 5578 qua:

2034 5622 2255 5678 semper
2301 5606 2453 5662 circa
2504 5606 2870 5661 substantiam
2919 5604 3200 5667 cernitur,
3250 5611 3313 5656 ut
3358 5601 3510 5656 color
3560 5599 3618 5656 in

2034 5713 2287 5770 corpore,
2333 5705 2390 5754 et
2433 5697 2669 5753 scientia
2719 5695 2778 5752 in
2825 5695 3026 5752 anima.
3078 5693 3184 5762 Qui
3233 5693 3402 5768 igitur
3438 5690 3612 5748 dicit:

2033 5791 2156 5847 Non
2192 5797 2278 5848 est
2314 5799 2513 5847 natura
2545 5790 2666 5847 sine
2712 5789 3025 5864 bypostasi,
3061 5806 3258 5848 verum
3302 5785 3466 5856 dicit;
3500 5800 3626 5848 non.

2037 5893 2222 5940 tamen
2257 5891 2407 5940 recte
2449 5883 2753 5949 concludit,
2797 5899 2924 5940 cum
2967 5883 3255 5941 concludit
3315 5879 3466 5951 quod
3501 5893 3614 5935 non

2034 5984 2118 6034 est
2149 5976 2268 6035 sine
2300 5975 2577 6050 hypostasi
2608 5975 2946 6050 hypostasim
2971 5991 3122 6033 esse:
3155 5981 3212 6029 ut
3241 5971 3286 6028 si
3320 5969 3445 6042 quis
3465 5968 3614 6026 dicat
