4068 6558
511 415 650 486 1?.79

1772 432 2088 494 LEONTII
2125 432 2535 497 BYZANTINI

3635 448 3780 516 1280

508 548 620 589 non
654 549 845 591 carere
872 550 1079 608 corpus
1104 539 1298 611 ﬁgura,
1330 543 1480 614 quod
1513 560 1706 604 verum
1727 560 1848 616 est;
1882 551 2043 607 deind

2145 578 2158 610 ι
2185 543 2345 615 εἶναι,
2371 549 2492 603 ἀλλ’
2518 550 2617 604 οὐκ
2646 550 2704 606 ἐν
2721 550 2798 624 τῷ
2834 552 3045 626 σώματι
3070 557 3412 631 θεωρεῖσθαι.
3438 560 3776 616 Ἀνυπόστα-

509 639 620 679 non
655 634 803 681 recte
837 629 1131 686 concludat
1163 631 1392 704 ﬁguram
1432 653 1566 709 ergo
1609 656 1734 696 esse
1769 659 1992 714 corpus,
2028 656 2086 702 et

505 730 618 771 non
649 717 834 787 potius
861 721 1016 776 cerni
1047 723 1103 778 in
1139 739 1395 796 corpore.
1431 730 1630 786 Natura
1669 733 1856 804 igitur,
1887 737 1940 791 id
1975 748 2081 806 est,

503 807 813 866 substantia
880 828 1161 884 nunquam
1213 817 1333 875 sine
1360 820 1637 892 bypostasi
1673 842 1796 883 esse
1846 832 2080 898 poterit;

501 913 614 953 non
632 906 814 956 tamen
831 912 1029 961 natura
1045 916 1130 962 est
1148 908 1479 980 hypostasis,
1493 917 1621 986 quia
1642 935 1823 989 neque
1847 933 2052 978 remeat
2065 967 2078 979 .

501 987 822 1060 llypostasis
841 995 988 1049 enim
1019 1006 1106 1052 est
1137 1009 1358 1066 natura,
1391 1014 1586 1061 natura
1621 1019 1804 1064 autem
1834 1027 1945 1066 non
1968 1015 2080 1084 jam

497 1085 583 1130 est
642 1077 971 1150 hypostasis.
1009 1081 1236 1141 ‘Natura
1289 1089 1435 1144 enim
1499 1094 1768 1150 rationem
1827 1077 2081 1157 essentia:

497 1168 698 1239 recipit
735 1170 835 1241 (5).
869 1172 1190 1244 Hypostasis
1249 1193 1381 1235 vero
1429 1183 1699 1239 rationem
1754 1203 1854 1257 per
1897 1206 1955 1247 se
1987 1207 2078 1248 es-

496 1262 689 1318 sentiae
724 1263 837 1335 (6),
874 1276 1071 1322 natura
1102 1270 1371 1327 rationem
1403 1276 1607 1344 speciei
1652 1281 1928 1350 continet;
1977 1284 2078 1358 hy-

494 1350 734 1417 postasis
789 1351 1033 1408 declarat
1077 1357 1318 1425 aliquem
1372 1376 1543 1416 unum
1575 1364 1651 1434 (7)
1689 1408 1704 1432 ,
1749 1379 1945 1426 natura
1995 1350 2075 1430 rei

496 1440 824 1497 universalis
862 1445 1239 1502 characterem
1270 1450 1348 1522 (id
1376 1462 1460 1507 est
1489 1453 1746 1530 formam)
1793 1460 2072 1534 declarat;

495 1530 808 1602 bypostasis
837 1541 1125 1608 proprium
1157 1558 1187 1596 a
1215 1547 1495 1601 communi
1520 1553 1781 1608 secernit.
1825 1554 1894 1609 Et
1930 1566 1990 1612 ut
2017 1557 2076 1614 in

492 1637 706 1680 summa
736 1628 937 1691 dicam,
966 1632 1133 1688 unius
1166 1643 1379 1692 natura:
1411 1642 1632 1711 proprie
1659 1642 1920 1702 dicuntur
1942 1664 2075 1706 con-

489 1715 894 1785 substantialia,
935 1732 993 1778 et
1035 1739 1274 1794 quorum
1308 1738 1389 1784 est
1444 1732 1585 1786 ratio
1615 1736 1871 1794 essentiae
1919 1756 2073 1796 com-

489 1808 694 1863 munis.
731 1810 990 1870 Deﬁnitio
1020 1833 1153 1872 vero
1179 1818 1491 1892 bynostasis
1516 1831 1602 1879 est
1631 1825 1732 1898 (8),
1756 1831 1842 1885 vel
1872 1842 2070 1890 natura

2185 658 2276 704 τος
2335 641 2436 712 μὲν
2466 641 2560 696 οὖν
2610 644 2802 713 φύσις,
2855 652 3135 706 τουτέστιν
3181 653 3374 720 οὑσία,
3431 655 3533 710 οὑκ
3579 657 3647 710 ἂν
3682 659 3773 731 εἴη

2187 732 2338 789 ποτέ.
2369 733 2442 786 Οὑ
2475 733 2632 807 μὴνὴ
2655 736 2821 805 Δφύσις
2851 740 3147 807 ὑπόστασις
3167 787 3181 808 ,
3205 745 3286 799 ὄτι
3326 747 3462 816 μηδὲ
3484 749 3774 820 ἀντιστρέ-

2185 824 2357 892 φειυή
2391 825 2488 894 μὲν
2518 825 2627 898 γὰρ
2658 827 2956 894 ὑπόστασις
2980 834 3074 886 καὶ
3103 835 3333 910 φύσις,ἡ
3361 837 3416 890 δὲ
3447 839 3610 909 φύσις
3637 844 3772 896 οὑκ-

2185 913 2279 984 tu:
2302 916 2398 969 καὶ
2431 916 2766 982 ὑπόστασιςο
2805 921 2838 990 ἡ
2868 922 2968 991 μὲν
3023 917 3133 996 γὰρ
3160 927 3346 996 φύσις,
3380 931 3471 984 τὸν
3499 933 3595 986 τοῦ
3627 919 3770 990 εἶναι

2182 1004 2338 1074 λόγον
2361 1008 2670 1080 ἐπιδέχεται
2691 1027 2706 1042 σ
2738 1013 2771 1083 ἡ
2815 1013 2871 1066 δὲ
2907 1015 3227 1086 ὑπόστασις,
3257 1021 3353 1074 καὶ
3383 1023 3474 1078 τὸν
3509 1025 3605 1078 τοῦ
3643 1029 3768 1082 καθ’

2182 1096 2374 1152 ἑαυτὸν
2401 1097 2540 1156 εἶναι
2563 1119 2578 1132 ’
2603 1104 2753 1178 καὶὴ
2781 1106 2880 1176 μὲν
2910 1107 3082 1172 εἴδους
3111 1109 3269 1179 λόγον
3301 1113 3508 1184 ἐπέχει,
3527 1120 3559 1186 ἡ
3584 1119 3640 1172 δὲ
3671 1121 3767 1176 τοῦ

2179 1189 2327 1254 τινός
2364 1192 2514 1246 ἐστιν
2537 1193 2835 1267 δηλωτική.
2893 1200 3000 1252 Καὶ
3036 1201 3069 1270 ἡ
3103 1202 3202 1270 μὲν
3243 1204 3532 1260 καθολικοῦ
3582 1212 3766 1282 πράγ-

2183 1297 2354 1350 ματος
2405 1285 2736 1358 χαρακτῆρα
2783 1288 2953 1360 δηλοῖ,
3007 1292 3126 1363 ἡδὲ
3159 1293 3252 1347 τοῦ
3303 1297 3480 1351 κοινοῦ
3531 1300 3593 1355 τὸ
3634 1303 3768 1368 ἴδιον

2178 1371 2681 1434 ἀποδιαστέλλεται.
2715 1381 2825 1434 Καὶ
2858 1383 3138 1452 συντόμως
3166 1388 3362 1452 εἰπεῖν,
3411 1391 3630 1459 φύσεως
3664 1398 3766 1466 μὲν

2187 1465 2320 1533 μιᾶς
2357 1468 2566 1538 κυρίως
2591 1468 2812 1538 λέγεται
2859 1471 2928 1526 τὰ
2968 1474 3254 1544 όμοούσια,
3297 1477 3390 1530 καὶ
3424 1473 3500 1533 ὧν
3527 1483 3556 1536 6
3603 1465 3764 1554 λόγος

2176 1555 2274 1609 τοῦ
2326 1552 2468 1613 εἶναι
2517 1561 2724 1626 κοινός
2757 1563 3109 1631 ὑποστάσεως
3147 1569 3204 1621 δὲ
3242 1570 3366 1639 ὄρος
3393 1588 3407 1601 ·
3443 1571 3476 1643 ἦ
3514 1573 3584 1626 τὰ
3618 1577 3764 1630 κατὰ

2174 1646 2272 1719 τὴν
2312 1649 2474 1717 φύσιν
2516 1651 2618 1722 μὲν
2649 1654 2841 1719 ταύτὰ,
2873 1657 3093 1728 ἀριθμῷ
3142 1659 3198 1712 δὲ
3226 1661 3582 1732 διαφέροντα·
3619 1667 3653 1738 ἢ
3691 1670 3762 1722 τὰ

2175 1737 2240 1791 ἐκ
2275 1738 2551 1812 διαφόρων
2587 1743 2803 1813 φύσεων
2854 1749 3198 1816 συνεστῶτα,
3249 1750 3350 1823 τὴν
3389 1753 3447 1808 δὲ
3493 1754 3586 1810 τοῦ
3620 1753 3759 1813 εἶναι

2175 1832 2461 1888 κοινωνίαν
2491 1834 2609 1905 ἅμα
2639 1853 2700 1888 τε
2730 1838 2824 1890 καὶ
2849 1839 2905 1892 ἐν
2935 1839 3190 1909 ἀλλήλοις
3231 1845 3546 1915 κεκτημένα
3569 1866 3583 1881 ο
3613 1847 3759 1905 οὕτω

465 1898 709 1966 .quidcm
750 1903 968 1970 eadem,
1021 1924 1255 1966 numero
1300 1929 1430 1970 vero
1467 1916 1815 1991 diﬁ‘erentia;
1869 1926 1954 1980 vel
2000 1943 2043 1982 e:

486 1986 872 2014 .l:“-..-...:l_-___
896 2012 920 2014 η
942 2012 951 2014 _
972 2006 982 2014 .
1066 2000 1076 2010 -
1363 2006 1375 2014 .

2532 1893 2544 1905 .
3059 1893 3070 1909 ι
3121 1893 3125 1894 ν
3170 1893 3187 1905 υ
3234 1893 3545 1915 -ν-τ-’Ίιντννν-
3616 1893 3757 1905 """'

2173 1919 2235 1986 γέ
2260 1921 2343 1974 τοί
2385 1939 2528 1993 φημι
2553 1925 2914 1981 κοινωνοῦντα
2958 1928 3052 1982 τοῦ
3094 1925 3255 1997 εἶναι,
3281 1934 3383 2006 οὑχ
3403 1935 3480 2000 ὡς
3514 1941 3758 2014 συμπλη-

483 1986 876 2050 differentibus
895 2000 1111 2054 naturis
1133 2006 1456 2074 composita,
1477 2014 1921 2072 communionem
1937 2035 2068 2075 vero

481 2081 738 2137 essentia:
771 2084 848 2157 (9)
880 2088 1046 2144 simul
1091 2093 1258 2149 etiam
1311 2095 1454 2154 inter
1497 2116 1555 2156 se
1609 2103 1720 2177 (10)
1768 2106 2063 2177 habentia,

480 2184 591 2225 non
649 2182 912 2245 tanquam
963 2184 1298 2253 complentia
1351 2191 1718 2251 substantiam
1770 2197 1918 2254 inter
1982 2217 2060 2257 se.

477 2258 635 2326 Quod
663 2266 886 2334 quidem
917 2271 977 2324 ﬁt
1007 2273 1065 2328 in
1095 2277 1444 2346 substantiis,
1473 2293 1530 2338 et
1560 2284 1628 2341 iis
1659 2303 1784 2358 quae
1809 2291 2064 2348 substan-

481 2351 686 2410 tialiter
719 2358 788 2413 de
820 2360 954 2430 ipsis
991 2367 1384 2440 praedicantur,
1431 2390 1554 2444 quae
1587 2351 1850 2436 dicuntur
1879 2386 2060 2454 quali-

478 2450 640 2512 tates,
660 2449 756 2504 sed
784 2458 1045 2523 tanquam
1085 2459 1413 2521 alterutrius
1433 2477 1649 2536 natura,
1673 2481 1731 2527 et
1750 2449 2058 2534 substantia

475 2548 588 2588 non
640 2549 902 2598 cernatur
954 2561 1056 2614 per
1102 2563 1200 2616 se,
1253 2553 1351 2608 sed
1414 2572 1538 2611 cum
1598 2565 1937 2632 composita,
2000 2577 2059 2625 et

475 2627 709 2685 coinsita
737 2630 870 2704 (ll).
902 2633 1059 2701 Quod
1091 2641 1315 2710 quidem
1345 2655 1402 2702 et
1436 2647 1490 2702 in
1521 2650 1645 2707 aliis
1687 2627 1856 2712 rebus
1899 2627 2057 2730 repe-

471 2719 653 2787 ritur,
693 2733 751 2778 et
778 2742 888 2782 non
922 2730 1104 2788 minus
1135 2734 1188 2787 in
1227 2737 1408 2793 anima
1443 2754 1498 2796 et
1539 2758 1790 2816 corpore,
1817 2765 2053 2821 quorum

469 2814 780 2872 communis
811 2820 1037 2888 quidem
1070 2824 1402 2898 hyposlasis,
1431 2814 1656 2905 propria
1685 2854 1820 2896 vero
1851 2852 2052 2906 natura

467 2915 524 2959 et
551 2905 693 2961 ratio
719 2908 1002 2969 diﬁ‘erens.

533 2995 622 3064 At,
666 2998 950 3070 inquiunt,
992 3005 1160 3064 homo
1196 3011 1300 3067 etsi
1335 3029 1403 3070 ex
1441 3016 1827 3082 differentibus
1864 3030 2048 3099 specie

1864 3071 2046 3099 ..μων

450 3071 805 3158 compositus
835 3103 938 3162 est,
969 3108 1230 3156 neutrum
1273 3113 1457 3163 tamen
1487 3125 1681 3168 eorum
1709 3116 1830 3174 sine
1870 3121 2046 3179 altero

446 3176 629 3251 habet
671 3188 993 3243 essentiam.
1061 3192 1306 3251 Verbum
1357 3207 1543 3258 autem
1609 3216 1739 3264 ante
1782 3210 2042 3271 humani-

458 3279 629 3329 tatem
661 3286 766 3342 est,
795 3289 852 3335 et
875 3281 1042 3340 homo
1077 3287 1301 3356 quidem
1330 3307 1397 3347 ex
1427 3294 1766 3366 imperfectis
1791 3307 2041 3374 partibus

457 3375 708 3423 constat:
746 3369 1004 3430 Christus
1029 3393 1163 3432 vero
1195 3381 1469 3450 perfectas
1513 3387 1680 3445 habet
1717 3369 1940 3466 partes;
1983 3411 2041 3456 et

455 3456 561 3512 hac
595 3460 812 3517 ratione
845 3479 915 3519 ne
961 3476 1152 3536 partes
1177 3473 1400 3542 quidem
1441 3479 1638 3536 merito
1673 3487 1858 3542 vocari
1903 3505 2038 3560 pos-

455 3561 606 3606 sunt.
682 3553 976 3619 Quomodo
1050 3561 1220 3631 igitur
1276 3571 1736 3638 compositionem
1791 3553 2036 3641 hominis

453 3649 713 3713 tanquam
746 3647 984 3704 similem
1017 3652 1070 3707 in
1105 3655 1289 3710 Verbo
1331 3667 1388 3714 et
1420 3660 1801 3726 incarnatione
1827 3676 2033 3746 accipis

450 3734 588 3788 nihil
643 3738 820 3794 simile
863 3739 1194 3799 habentem?
1231 3745 1356 3804 llzec
1405 3752 1632 3821 quidem
1681 3734 2029 3834 Nestoriani,

449 3829 663 3886 scilicet
699 3834 991 3891 sententia:
1029 3841 1344 3905 contrariae,
1377 3852 1434 3898 et
1477 3845 1766 3908 divisionis
1812 3859 2028 3925 patroni

447 3921 737 3992 objiciunt.
785 3926 920 3982 Aliis
959 3930 1131 3998 enim,
1161 3931 1542 4005 Eutycliianis,
1565 3921 1829 4012 inquam;
1849 3949 2030 4018 placet

443 4019 752 4085 exemplum
778 4034 889 4074 non
927 4033 1209 4092 sumptum
1240 4037 1366 4096 apte
1395 4037 1451 4082 et
1481 4035 1896 4107 convenienler,
1927 4043 2026 4098 sed

441 4106 601 4164 valde
639 4108 856 4176 inscite,
887 4123 942 4169 et
994 4124 1056 4169 ut
1101 4117 1354 4174 confusio
1397 4127 1671 4197 prototypi
1725 4106 1922 4199 poscit,
1969 4145 2026 4192 et

441 4210 706 4271 tanquam
759 4220 1017 4275 expressa
1059 4208 1238 4281 imago
1282 4213 1452 4269 illius.
1483 4215 1638 4283 Quod
1685 4231 1868 4278 autem
1910 4244 2021 4285 non

436 4304 523 4350 est
566 4303 818 4350 nostrum
867 4297 1152 4354 inventum
1201 4302 1326 4371 hoc,
1377 4305 1471 4360 sed
1521 4326 1550 4364 a
1601 4315 1920 4384 majoribus,
1961 4330 2021 4376 ut

431 4387 487 4442 in
532 4387 831 4456 proverbio
875 4398 988 4454 est,
1043 4391 1189 4448 ﬁlius
1241 4410 1271 4449 a
1323 4407 1502 4465 patre,
1547 4405 1882 4476 accepimus,
1934 4421 2019 4468 tc-

431 4485 649 4531 stantur
671 4478 874 4549 scripta
901 4481 1304 4552 theolomrum,
1328 4485 1387 4540 in
1406 4489 1612 4558 quibus
1635 4492 1743 4550 hoc
1763 4504 2017 4574 exemplo

430 4565 676 4624 hominis
696 4587 764 4625 ex
796 4572 979 4628 anima
1008 4585 1064 4630 et
1094 4592 1330 4647 corpore
1364 4583 1679 4652 compositi,
1710 4586 1765 4642 in
1803 4594 2010 4654 unione
2041 4576 2092 4637 Ῑ)

429 4663 514 4718 usi
535 4673 690 4720 sunt.
709 4666 829 4722 Non
851 4676 1033 4725 tamen
1058 4681 1208 4728 recte
1225 4674 1437 4753 faciunt
1466 4675 1560 4746 qui
1588 4679 1696 4733 vim
1723 4682 2012 4758 adhibent,

427 4765 488 4810 ut
533 4758 614 4813 sic
655 4775 713 4815 se
743 4761 946 4818 habeat
979 4766 1313 4836 exemplum,
1364 4779 1426 4824 ut
1470 4783 1846 4847 prototypum.
1889 4779 2010 4837 Non

423 4849 572 4904 enim
614 4863 761 4909 esset
803 4855 915 4925 jam
960 4860 1310 4929 exemplum,
1362 4863 1472 4918 nisi
1522 4865 1756 4926 haberet
1798 4871 2007 4944 aliquid

421 4941 710 5002 dissimile.
770 4947 882 5004 Nos
947 4950 1093 5005 enim
1156 4967 1265 5008 non
1332 4957 1667 5026 sumpsimus
1727 4961 2006 5023 hominem

419 5037 655 5107 exempli
674 5053 861 5104 causa,
887 5041 1019 5111 quia.
1042 5043 1199 5113 prius
1230 5057 1415 5103 essent
1447 5061 1842 5125 partes,neque
1872 5060 2004 5129 quia

417 5130 604 5200 simul,
636 5147 819 5204 neque
859 5135 992 5206 quia
1041 5137 1402 5209 imperfectae.
1441 5143 1810 5204 Concedimus
1851 5153 1999 5209 enim

415 5378 458 5433 Τ
487 5309 564 5382 (5)
586 5309 867 5367 Rationem
885 5316 1127 5371 essentia:
1154 5321 1357 5392 recipit,
1387 5322 1497 5376 ἶΓὸν
1525 5323 1622 5379 τοῦ
1653 5322 1795 5382 εἶναι
1824 5329 2003 5402 λόγον.

465 5397 552 5433 cn.

465 5397 552 5434 CR.

476 5450 564 5534 (6)
589 5451 898 5535 ιζεεροεεαξὶε
922 5472 1044 5535 gero
1071 5459 1343 5535 rationem
1389 5480 1482 5535 per
1527 5481 1583 5521 se
1617 5471 1875 5526 essentia.
1899 5473 2002 5527 Τὸν

409 5523 504 5575 τοῦ
535 5523 639 5576 καθ
657 5526 670 5546 ’
690 5525 884 5579 ἑαυτὸν
895 5523 1056 5583 εἶναι.
1071 5529 1147 5586 In.

481 5593 559 5694 (Ζ)
575 5593 822 5694 Dnecﬁarat
843 5597 1074 5694 aliquem
1098 5618 1287 5694 unam.
1312 5602 1568 5694 ΤιΞτινρς
1583 5607 1895 5694 δηλωτικήλ
1911 5613 1986 5669 lo.

481 5662 557 5752 (8)
591 5666 835 5752 Deﬁnitio
872 5662 994 5752 vero
1017 5671 1332 5752 hypostasis.
1367 5662 1990 5752 llypos'tas'issigniﬁeat

407 5731 773 5831 substantiam
827 5731 1218 5824 particularem
1278 5761 1387 5831 no_n
1418 5731 1983 5831 quocunqpeomodo,

405 5805 500 5858 sed
530 5818 804 5890 quatenus
829 5805 916 5893 est
939 5813 996 5868 in
1031 5828 1132 5868 suo
1181 5805 1698 5897 com_p_leniento,_id
1734 5805 1985 5897 *es'iJéé

403 5889 460 5942 se
485 5879 781 5958 scparatim
805 5891 861 5939 et
882 5879 1486 5945 incommunicabilitcr
1514 5879 1804 5952 chisteti's.
1832 5879 1985 5963 Qua;

2171 2014 2380 2082 ρωτικὰ
2414 2018 2513 2086 τῆς
2543 2016 2791 2090 ἀλλήλων
2844 2021 3051 2087 οὐσίας,
3107 2023 3243 2098 ὅπερ
3277 2024 3425 2081 ἔστιν
3482 2031 3612 2086 ίδείν
3659 2033 3757 2090 ἐπὶ

2166 2102 2277 2157 τῶν
2315 2105 2514 2160 οὐσιῶν
2549 2107 2646 2162 καὶ
2689 2110 2798 2163 τῶν
2826 2110 3101 2180 οὑσιωδῶς
3139 2117 3260 2169 κατ’
3291 2117 3472 2174 αὑτῶν
3518 2139 3754 2196 κατηγο-

2168 2195 2468 2268 ρουμένων,
2503 2202 2790 2273 ποιότητες
2806 2202 2864 2256 δὲ
2887 2198 3051 2260 αὗται
3083 2207 3396 2277 καλοῦνται,
3415 2213 3530 2267 ἀλλ’
3555 2216 3631 2282 ὡς
3648 2195 3754 2290 τῆς

2165 2288 2398 2362 θατέρου
2427 2292 2642 2361 φύσεως
2670 2296 2762 2352 καὶ
2789 2297 2998 2367 οὑσίας,
3040 2301 3115 2373 μὴ
3142 2303 3265 2358 καθ’
3287 2305 3490 2381 ἑαυτὴν
3513 2288 3754 2385 θεωροιιι⁹

2165 2382 2354 2455 μένης,
2391 2385 2527 2440 ἀλλὰ
2568 2389 2708 2460 μετὰ
2747 2391 2846 2462 τῆς
2894 2396 3265 2470 συγκειμένης
3306 2401 3402 2456 καὶ
3452 2382 3746 2476 συμπεφυ-

2160 2474 2342 2540 κυίας.
2374 2477 2553 2551 Ὅπερ
2582 2481 2647 2534 ἄν
2667 2499 2752 2547 τις
2777 2483 2930 2556 εὖροι
2955 2488 3051 2542 καὶ
3073 2490 3159 2560 ἐφ’
3189 2491 3397 2564 ἐτέρων
3432 2474 3534 2566 μὲν
3561 2474 3747 2571 πραγ-

2161 2563 2368 2634 μάτων,
2404 2569 2502 2640 οὑχ
2533 2570 2736 2641 ἥκιστα
2789 2575 2846 2629 δὲ
2896 2579 2989 2633 ἐπὶ
3023 2580 3201 2653 ψυχῆς
3231 2563 3328 2640 καὶ
3370 2563 3640 2659 σώματος,
3665 2563 3747 2648 ῶν

2157 2657 2311 2730 κοινὴ
2347 2660 2509 2735 μὲνὴ
2544 2664 2864 2736 ὑπόστασις,
2903 2671 3008 2727 ἰδία
3045 2673 3163 2748 δὲή
3195 2677 3381 2752 φύσις,
3413 2657 3508 2738 κάκ
3529 2685 3558 2738 6
3583 2683 3744 2756 λόγος

2152 2750 2427 2825 διάφορος.

2247 3036 2375 3090 Ἀλλ’
2417 3041 2446 3094 6
2486 3040 2811 3116 ἄνθρωπος,
2855 3050 3036 3120 φασιν,
3075 3055 3125 3110 εί
3171 3057 3268 3112 καὶ
3311 3059 3374 3127 ἐξ
3417 3061 3731 3136 ἑτεροειδῶν

2149 3129 2502 3201 συνέστηκεν,
2540 3135 2655 3189 ἀλλ’
2680 3133 2773 3192 οὖν
2793 3140 2908 3196 οὐδ’
2935 3143 3200 3218 ὁπότερον
3219 3150 3402 3208 αὐτῶν
3428 3129 3550 3227 δίχα
3573 3158 3727 3215 θατέο

2070 3226 2114 3291 c
2149 3235 2241 3290 ρου
2261 3220 2322 3274 τὸ
2346 3215 2486 3278 εἶναι
2523 3224 2780 3299 ἔσχηκεν.
2835 3233 2894 3286 '0
2919 3233 2976 3287 δὲ
3007 3215 3180 3307 Λόγος
3205 3239 3322 3297 ἔστι
3359 3246 3454 3300 καὶ
3480 3215 3600 3321 ’πρὸ
3629 3251 3728 3322 τῆς

2142 3311 2563 3388 ἀνθρωπότητος
2592 3336 2607 3351 ·
2654 3323 2749 3376 καὶ.
2803 3327 2832 3380 6
2895 3328 2994 3398 μὲν
3047 3329 3108 3396 ἐξ
3170 3333 3378 3391 ἀτελῶν
3433 3311 3728 3415 συνέστηκε

2143 3407 2348 3477 μερῶν,
2380 3410 2408 3462 6
2436 3410 2492 3464 δὲ
2514 3413 2749 3486 Χριστὸς
2766 3418 2948 3474 τέλεια
2982 3422 3097 3494 ἔχει
3130 3426 3199 3480 τὰ
3225 3430 3369 3503 μέρη
3393 3450 3406 3464 ο
3432 3436 3528 3489 καὶ
3553 3407 3731 3513 ταύτῃ

2139 3497 2262 3553 οὑδὲ
2289 3500 2429 3574 μέρη
2455 3502 2522 3557 ἂν
2559 3507 2786 3573 εἰκότως
2847 3512 3116 3571 καλοῖντο.
3170 3521 3294 3586 Πῶς
3323 3525 3502 3580 τοίνυν
3540 3530 3601 3584 τὸ
3630 3533 3724 3588 τοῦ

2135 3591 2425 3665 ἀνθρώπου
2469 3599 2662 3669 κρᾶμα
2708 3601 2801 3655 ἐπί
2841 3622 2901 3657 τε
2945 3607 3040 3661 τοῦ
3085 3610 3261 3680 Λόγου
3310 3617 3404 3670 καὶ
3451 3619 3549 3690 τῆς
3592 3639 3724 3695 σαρ-

2135 3681 2362 3750 κώσεως
2402 3687 2698 3759 λαμϐάνεις
2748 3696 2914 3765 μηδὲν
2944 3701 3185 3766 ἐοικότας
3228 3706 3414 3764 Ταῦτά
3449 3681 3626 3778 τινες,
3663 3681 3722 3769 ὀι

2132 3775 2228 3829 τοῦ
2275 3779 2521 3834 ἐναντίου
2556 3783 2716 3854 λόγου
2749 3790 2846 3842 καὶ
2893 3791 2994 3862 τῆς
3029 3793 3351 3864 διαιρέσεως
3408 3775 3718 3878 συνήγοροι.

2132 3868 2260 3934 Τοῖς
2295 3872 2404 3943 γὰρ
2447 3874 2657 3947 ἑτέροις
2691 3879 2844 3947 φίλον
2877 3883 2938 3937 τὸ
2977 3888 3332 3960 παράδειγμα
3372 3893 3472 3948 οὑκ
3502 3868 3721 3965 οἰκείως

2129 3958 2562 4036 λαμϐανόμενον,
2590 3968 2726 4024 ἀλλὰ
2758 3973 2854 4027 καὶ
2888 3973 3010 4030 λίαν
3040 3958 3291 4048 ἀμαθῶς,
3324 3985 3543 4058 καὶτῆς
3567 3958 3718 4061 1':pr

2127 4054 2362 4108 τοτὺπου
2410 4059 2728 4130 συγχύσεως
2784 4065 3060 4134 ἐπαξίως,
3107 4071 3184 4139 ὡς
3220 4076 3453 4149 ἐναργὲς
3497 4054 3719 4155 ⁷ἐκείνης

2125 4143 2518 4219 ἀπεικόνισμα.
2547 4151 2668 4206 Ὅτι
2703 4154 2802 4224 μὲν
2825 4155 2919 4212 οὖν
2944 4161 3041 4232 οὐχ
3067 4166 3340 4240 ἡμέτερον
3368 4172 3524 4228 τοῦτο
3548 4172 3714 4248 εὑρη-

2125 4252 2220 4306 μα,
2247 4237 2362 4292 ἀλλ’
2388 4241 2594 4297 ἄνωθεν
2628 4249 2779 4313 παῖς,
2868 4270 3020 4321 φασι.
3053 4259 3206 4329 παρὰ
3231 4237 3438 4334 πατρὸς
3470 4237 3711 4334 6565.56.-

2124 4325 2298 4396 μεθα,
2341 4336 2613 4404 μαρτυρεῖ
2651 4337 2722 4390 τὰ
2757 4340 2869 4394 τῶν
2919 4325 3200 4417 θεοσόφων
3236 4325 3719 4426 συντάγματαίὲν

2119 4416 2201 4484 οἷς
2245 4423 2338 4477 ἐπὶ
2386 4425 2487 4495 τῆς
2515 4427 2764 4496 ἑνώσεως
2807 4434 2887 4505 τῷ
2933 4440 3073 4494 κατὰ
3099 4416 3201 4495 τὸν
3226 4416 3514 4517 ἄνθρωπον
3546 4416 3712 4525 ἐγρή-

2121 4528 2280 4568 σαντο
2341 4519 2768 4593 παραδείγματι.
2805 4523 2880 4580 Οὑ
2914 4528 3021 4600 μὴν
3049 4531 3111 4586 τὸ
3140 4536 3492 4610 παράδειγμα
3515 4519 3696 4609 καλῶς

2115 4621 2180 4672 γε
2213 4606 2481 4673 ποιοῦσιν,
2513 4611 2862 4683 ὲκϐιάζοντες
2898 4620 3071 4687 οὑτως
3097 4606 3243 4696 ἔχειν
3268 4628 3342 4693 ὡς
3471 4606 3688 4704 πρωτό-ζ

2108 4712 2300 4753 τυπον.
2334 4699 2408 4753 Οὑ
2435 4700 2545 4773 γὰρ
2575 4703 2655 4759 ἔτι
2680 4705 2746 4762 ἂν
2772 4709 2854 4780 εἴη
2884 4713 3263 4786 παράδειγμα,
3305 4721 3354 4774 εἰ
3394 4722 3469 4794 μὴ
3505 4699 3597 4778 καὶ
3631 4728 3691 4786 τ’)

2113 4787 2374 4855 ἀπεοικὸς
2407 4791 2540 4862 ἔχοι.
2572 4794 2764 4868 Ἡμεῖς
2791 4800 2902 4873 γὰρ
2927 4803 3018 4859 τὸν
3048 4805 3336 4879 ἄνθρωπον
3373 4787 3498 4868 οὔτε
3524 4817 3610 4871 διὰ
3639 4819 3702 4874 τὸ

2115 4883 2549 4958 προῦπάρχεινῆ
2582 4891 2974 4964 συνυπάρχειν,
3013 4895 3138 4953 οὔτε
3169 4900 3256 4955 διὰ
3286 4903 3345 4956 τὸ
3374 4904 3566 4972 ἀτελὲς
3591 4909 3700 4963 τῶν

2118 4972 2334 5042 μερῶν⁹
2364 4981 2824 5052 συγκεχωρείσθω
2853 4987 2963 5058 γὰρ
2987 4992 3099 5056 τοῖς
3137 4997 3490 5065 κακοσχόλοις
3534 5001 3695 5071 ἀτελῆ

2111 5063 2309 5134 λέγειν,
2334 5069 2535 5142 καίπερ
2579 5074 2678 5129 οὑκ
2735 5077 2864 5131 ὅντα
2899 5081 3040 5136 κατὰ
3065 5083 3157 5137 τὸν
3195 5085 3290 5140 τοῦ
3315 5063 3461 5145 εἶναι
3513 5063 3692 5162 λόγον,

2102 5158 2186 5232 ,ὡς
2220 5159 2447 5235 ὕστερον
2479 5164 2728 5240 δείξομεν
2747 5185 2762 5202 ο
2790 5170 2929 5226 ἀλλὰ
2959 5173 3096 5244 πρὸς
3127 5176 3362 5248 δήλωσιν
3386 5158 3694 5257 ,εἰλήφαμεν

2117 5346 2446 5432 ιθηιιεννςξτο
2483 5343 2537 5432 in
2583 5346 2875 5432 uni‘onem‘
2901 5350 3136 5432 alicujus
3173 5356 3347 5428 magis
3403 5362 3682 5432 completi,

2113 5422 2222 5502 Lion
2255 5408 2462 5465 dicitur
2490 5413 2823 5502 lijjpostasis.
2847 5408 3368 5502 Anima-etcorpcus,
3399 5408 3685 5502 éi'igﬁiiiiis’.

2111 5475 2659 5567 homo'compon'i'tur
2692 5497 2748 5567 et
2771 5475 3394 5567 completurniuvspeeie
3437 5475 3536 5557 se?!
3586 5475 3685 5558 na:

2111 5555 2232 5630 tura
2259 5550 2548 5630 humana,
2575 5567 2706 5630 sunt
2730 5550 3089 5630 ἐνυπόστατα.
3118 5550 3393 5626 Convenit
3426 5586 3552 5628 cum
3595 5573 3682 5630 his

2105 5615 2355 5706 deﬁnith
2377 5615 2699 5706 Damasceni
2732 5628 2786 5683 in
2822 5615 3430 5706 1.ogi¢d,"i:a}'."4lii"tii.

2170 5689 2710 5768 (ﬁ)_Cgmmanionem
2742 5715 2863 5754 vero
2894 5689 3164 5760 essentia;
3188 5706 3298 5762 Τοῦ
3323 5705 3489 5767 εἶναι.
3517 5711 3590 5768 In.

2306 5761 2653 5855 ξίιῃυιξιὶαει
2667 5769 2808 5823 inter
2832 5785 2907 5826 se.
2935 5772 3089 5855 ’ξᾼμα
3119 5760 3288 5833 καὶέν
3315 5760 3674 5855 ἇλλῆλαῖξίίυ.

2165 5832 2277 5900 (Η)
2309 5832 2566 5892 Coinst'ta.
2599 5832 3050 5914 Συμπεφυκυίαξ.
