4020 6526
267 434 401 509 1281

1332 440 1631 503 CONTRA
1672 441 1993 506 NESTOR.
2033 444 2128 506 ET
2168 444 2493 510 EUTYCH.

3389 443 3525 510 1282

259 557 635 629 παραδειγμα,
668 552 763 607 τοῦ
813 550 949 623 αὐτῇ
983 550 1047 622 τῇ
1080 549 1237 623 οὐσίᾳ
1278 550 1369 604 τὸν
1396 552 1568 620 Λόγον
1600 552 1829 624 ἡνῶσθαι

1945 555 2064 611 istis
2114 556 2256 611 male.
2307 556 2551 623 feriatis,
2607 568 2667 613 ut
2712 557 3062 627 imperfectas
3111 567 3344 625 vocent,
3398 576 3528 618 cum

258 650 338 721 τῷ
387 649 447 713 ἐξ
476 650 509 716 ἠ
521 647 636 717 μῶν
677 645 890 716 σώματι
923 643 1016 697 καὶ
1058 643 1182 713 μηδ’
1210 643 1274 697 ἄν
1313 659 1448 696 ποτε
1478 644 1647 714 χωρὶς
1678 644 1845 698 αὐτοῦ

258 738 657 810 τεθεωρῆσθαι,
695 738 744 791 εί
773 738 867 791 καὶ
899 734 1063 799 σώζοι
1106 735 1210 790 κάν
1236 737 1300 806 τῇ
1330 732 1522 788 ὲνώσει
1556 735 1617 789 τὸ
1659 737 1848 805 διάφο-

261 851 375 905 ρον,
401 831 590 902 ῶσπερ
624 830 817 902 ἀμέλει
850 830 944 883 καὶ
972 830 1001 881 ό
1031 827 1211 891 κοινὸς
1238 827 1546 900 ἄνθρωπος.
1584 827 1674 881 Ἑν
1703 829 1846 882 οὐδε-

262 931 481 1000 ποτέρῳ
511 927 620 998 γὰρ
654 923 993 995 συγχυθέντα
1017 922 1266 992 φαίνεται
1292 921 1363 975 τά
1397 922 1679 992 ἰδιώματα.
1706 921 1844 976 Οὔτε

261 1020 369 1091 γὰρ
399 1016 460 1083 ἐξ
504 1016 734 1089 ἀοράτου
785 1015 819 1087 ἢ
871 1014 1165 1079 ἀθανάτου,
1206 1013 1380 1085 ὁρατὴ
1411 1014 1503 1065 καὶ
1551 1013 1718 1084 θνητὴ
1752 1014 1847 1081 γέ-

262 1123 419 1177 γονεν
448 1107 481 1175 ἡ
527 1105 771 1176 ἡμετέρα
808 1104 977 1175 ψυχὴ,
1008 1103 1131 1157 οὗτε
1172 1104 1278 1174 μὴν
1306 1106 1333 1157 ὁ
1362 1104 1537 1170 Λόγος
1581 1104 1775 1174 ὁρατὸς
1806 1104 1839 1174 ἢ

260 1197 476 1270 θνητὸς,
508 1197 710 1267 καίπερ
743 1198 799 1249 ὲν
825 1195 1008 1266 ὅρατῷ
1053 1196 1146 1249 καὶ
1193 1194 1372 1265 θνητῷ
1404 1195 1615 1265 σώματι
1649 1196 1747 1265 τῆς
1782 1214 1841 1247 τε

258 1291 533 1362 ἡμετέρας
563 1287 742 1357 ψυχῆς
776 1290 868 1340 καὶ
898 1287 989 1340 τοῦ
1021 1287 1195 1354 Λόγου
1233 1287 1639 1357 γεγενημένων.
1672 1288 1841 1352 Σώζει
1880 1300 1913 1357 ’ξ

256 1383 366 1452 γὰρ
391 1381 723 1444 ἁνελλειπῶς
746 1381 853 1432 τῶν
877 1378 1183 1449 εἰρημένων
1218 1380 1496 1449 ἑκάτερον,
1532 1380 1560 1431 ὅ
1586 1396 1640 1430 τε
1663 1380 1841 1443 κοινὸς

256 1474 543 1547 ἄνθρωπος
565 1475 594 1526 ὁ
640 1475 705 1526 ἐκ
742 1474 923 1542 ψυχῆς
953 1473 1047 1524 καὶ
1091 1472 1363 1542 σώματος,
1400 1473 1428 1524 ὃ
1460 1490 1518 1524 τε
1554 1471 1747 1541 Σωτὴρ
1778 1473 1841 1524 ἐκ

257 1568 511 1639 θεότητος
532 1568 627 1621 καὶ
651 1566 1073 1637 ἀνθρωπότητος
1107 1566 1366 1628 ὑποστάς.
1397 1566 1460 1618 Οἱ
1486 1565 1543 1617 δὲ
1574 1562 1635 1617 οὺ
1669 1564 1791 1617 καθ’
1812 1564 1841 1617 ὅ

256 1659 455 1724 ἔοικεν,
496 1658 631 1712 ἀλλά
677 1658 798 1710 καθ’
828 1657 856 1709 ὃ
905 1658 1131 1709 ἀπέοικε
1171 1655 1510 1725 λαμϐάνουσι
1554 1656 1615 1708 τὸ
1654 1656 1837 1725 παράο

254 1751 475 1821 δειγμα,
507 1752 601 1803 καὶ
630 1749 1020 1820 κακοσχολοῦσι
1057 1750 1187 1820 περὶ
1224 1749 1323 1812 τὰς
1361 1749 1589 1811 πεύσεις
1609 1764 1621 1776 ο
1651 1748 1799 1801 ὥσπε
1807 1766 1838 1819 ρ

253 1842 320 1894 ἂν
341 1842 391 1895 εἰ
424 1842 517 1894 καὶ
545 1840 604 1894 τὸ
626 1841 851 1909 ἡλιακὸν
884 1842 1231 1910 ἀπαύγασμα
1275 1840 1434 1911 ἡμῶν
1462 1839 1837 1911 παραλαμϐα-

1946 645 2153 716 alioqui
2187 662 2297 700 non
2334 646 2465 710 sint,
2496 647 2803 701 secundum
2852 646 3122 703 rationem
3159 650 3432 715 essentiae,
3467 661 3529 705 ut

1945 748 2135 808 postea
2157 738 2698 805 demonstrabimus;
2731 737 2826 792 sed
2856 739 3190 808 sumpsimus
3216 741 3524 810 exemplum

1944 830 2011 884 ad
2058 830 2452 885 declarandum
2484 846 2607 884 esse
2636 830 2878 885 Verbum
2922 830 3023 899 ipsi
3058 830 3381 885 substantias
3406 833 3528 886 uni-

1946 930 2062 975 tum
2092 962 2106 984 ,
2152 923 2369 991 corpori
2422 922 2633 976 scilicet
2672 937 2739 976 ex
2785 920 2946 975 nobis
2977 932 3233 990 sumpto,
3280 930 3337 976 et
3381 940 3526 977 nun-

1943 1028 2106 1084 quam
2173 1014 2291 1069 sine
2357 1030 2426 1069 eo
2480 1014 2669 1078 cerni,
2719 1015 2977 1083 quamvis
3027 1024 3211 1068 servet
3254 1014 3418 1069 etiam
3468 1016 3522 1070 in

1944 1108 2151 1160 unione
2211 1104 2624 1169 differentiam;
2681 1105 2826 1159 sicut
2890 1105 3058 1157 etiam
3126 1114 3313 1158 servat
3372 1120 3525 1158 com-

1944 1198 2127 1250 munis
2161 1197 2345 1249 homo.
2396 1196 2455 1249 ln
2500 1203 2698 1249 neutro
2741 1194 2891 1250 enim
2942 1202 3249 1247 cernuntur
3298 1194 3526 1248 confuse

1942 1289 2331 1358 proprietates.
2369 1288 2481 1341 Nec
2518 1287 2667 1340 enim
2716 1301 2784 1340 ex
2829 1285 3095 1339 invisibili
3137 1291 3193 1339 et
3228 1286 3524 1338 immortali

1942 1379 2084 1434 facta
2128 1386 2214 1432 est
2267 1378 2448 1431 anima
2526 1388 2715 1431 nostra
2767 1376 3069 1430 invisibilis
3129 1385 3185 1430 et
3249 1376 3520 1428 mortalis.

1940 1471 2128 1539 Neque
2180 1469 2421 1523 Verbum
2471 1469 2675 1524 factum
2720 1477 2805 1523 est
2851 1468 3071 1522 visibile
3129 1476 3187 1522 et
3263 1468 3517 1529 mortale,

1941 1564 2191 1634 quamvis
2222 1563 2278 1615 in
2320 1577 2554 1631 corpore
2589 1563 2791 1617 visibili
2839 1570 2895 1615 et
2939 1562 3175 1615 mortali.
3219 1560 3523 1629 Utrumque

1940 1656 2088 1709 enim
2120 1654 2394 1707 dictorum
2437 1662 2617 1707 servat
2658 1655 2867 1723 integre
2910 1668 3063 1706 suam
3106 1652 3520 1720 preprietatem,

1940 1744 2087 1799 sicut
2142 1743 2433 1812 utriusque
2481 1746 2704 1813 ﬁnatura
2760 1744 3026 1813 postulat;
3094 1742 3260 1795 homo
3310 1741 3523 1793 scilicet

1939 1836 2252 1891 communis
2294 1850 2360 1889 ex
2397 1835 2580 1889 anima
2622 1843 2677 1888 et
2714 1849 2947 1903 corpore
2994 1841 3275 1894 constans,
3311 1840 3367 1885 et
3410 1830 3522 1884 Sal-

252 1935 453 1986 νόντων
493 1933 585 1986 ἐπὶ
629 1933 721 1985 σοῦ
756 1932 929 1998 Λόγου
961 1933 1054 1985 καὶ
1098 1932 1195 1985 τοῦ
1245 1931 1483 1999 Πατρός,
1515 1930 1604 1983 διὰ
1626 1935 1687 1983 τὸ
1722 1947 1829 1982 συν

1942 1934 2100 1981 vator
2140 1927 2197 1980 in
2243 1925 2531 1979 divinitate
2565 1933 2621 1978 et
2668 1924 3010 1978 humanitate
3057 1922 3385 1977 subsistens.
3427 1920 3519 1974 [sti

254 2029 390 2093 αφὲς
444 2042 504 2079 τε
559 2026 652 2078 καὶ
691 2026 979 2090 συναῒδιον,
1030 2025 1429 2096 ἐπηρεάζουσιν
1471 2026 1605 2095 ἡμῖν
1635 2024 1713 2086 ὡς
1769 2022 1832 2074 τὸ

252 2117 625 2171 ἀνυπόστατον
663 2118 837 2193 ταύτῃ
867 2118 1393 2181 κατασκευάζουσιν.

1939 2032 2070 2071 vero
2118 2016 2432 2085 exemplum
2480 2016 2801 2084 accipiunt,
2853 2031 2964 2070 non
3015 2023 3291 2084 quatenus
3338 2012 3518 2066 simile

1938 2117 2045 2171 est,
2086 2108 2183 2163 sed
2223 2118 2500 2177 quatenus
2537 2106 2823 2162 dissimile.
2869 2107 2936 2160 Et
2974 2107 3119 2160 male
3156 2105 3422 2159 feriantur
3460 2104 3519 2158 in

250 2212 367 2264 suis
415 2190 965 2279 percontationibus,
1009 2216 1069 2262 nt
1114 2224 1241 2263 eum
1291 2222 1394 2262 nos
1443 2207 1796 2276 splendorem
1856 2201 1990 2258 solis
2040 2200 2278 2268 exempli
2324 2188 2490 2253 causa
2536 2198 2591 2252 in
2658 2198 2839 2253 Verbo
2874 2208 2931 2253 et
2975 2198 3132 2252 Patre
3188 2198 3521 2251 assumimus

248 2310 477 2373 propter
515 2303 963 2374 conjunctionem
1013 2311 1168 2356 ortus
1206 2300 1519 2370 splendoris
1567 2315 1695 2353 cum
1768 2297 1904 2361 sole,
1944 2309 2049 2349 nos
2085 2302 2310 2357 vexant,
2357 2289 2514 2361 quasi
2568 2292 2672 2347 hac
2718 2292 2932 2347 ratione
2964 2292 3229 2346 faciamus
3274 2290 3518 2346 Verbum

246 2410 360 2450 non
389 2395 691 2451 subsistere
726 2410 825 2465 per
857 2410 939 2450 se.

318 2489 443 2541 Ὅτι
473 2487 532 2541 δὲ
577 2488 684 2540 οόδ’
721 2488 750 2540 ό
794 2486 1082 2558 ἄνθρωπος
1118 2486 1180 2552 ἐξ
1212 2485 1420 2540 ἀτελῶν
1460 2486 1576 2538 ἐστι
1623 2483 1825 2555 μερῶν,

245 2579 391 2635 κατά
412 2595 475 2647 γε
505 2579 599 2632 τὸν
630 2578 721 2633 τοῦ
750 2579 869 2643 πῶς
906 2573 1046 2631 εἶναι
1084 2578 1314 2649 θατέρου
1342 2578 1520 2645 λόγον,
1553 2578 1600 2628 εί
1632 2578 1725 2629 καὶ
1753 2574 1830 2638 ὡς

244 2671 384 2742 πρὸς
416 2672 542 2741 ὅρον
575 2670 669 2723 τοῦ
690 2670 812 2724 ὅλου
847 2670 1161 2741 ἀνθρώπου,
1195 2669 1286 2722 τὸν
1305 2669 1400 2721 τοῦ
1427 2667 1551 2722 ὅλου
1586 2667 1654 2720 τά
1686 2669 1828 2737 μέρη

242 2763 423 2832 λόγον,
452 2762 527 2825 ὡς
555 2762 678 2817 ὅλου
721 2764 821 2815 οὐκ
853 2763 1183 2833 ἐπιδέχεται,
1232 2756 1335 2814 ὦδε
1388 2761 1455 2814 ἂν
1509 2761 1723 2829 μάθοις.
1762 2757 1829 2811 Τί

242 2855 353 2927 γὰρ
377 2854 548 2908 λείποι
569 2857 634 2925 τῇ
658 2854 824 2925 ψυχῇ,
849 2853 1123 2924 χωριστὴν
1151 2852 1349 2924 ἐχούσῃ
1377 2854 1470 2906 καὶ
1496 2852 1632 2905 ἰδίαν
1658 2851 1827 2921 ζωὴν,

244 2947 383 3018 πρὸς
410 2948 472 3000 τὸ
505 2943 644 3000 εἷναι
675 2947 864 3000 οὐσίαν
905 2945 1198 3016 ἀσώματον
1239 2943 1625 3015 αὐτοκίνητον;
1670 2942 1830 2996 τοῦτο

241 3040 352 3108 γὰρ
374 3038 546 3107 αὐτῆς
575 3037 727 3107 δηλοῖ
752 3039 845 3089 καὶ
870 3037 933 3088 τὸ
963 3036 1233 3089 ἀθάνατον
1271 3035 1366 3087 καὶ
1405 3032 1466 3086 τὸ
1499 3032 1825 3104 ἀνώλεθρον.

242 3131 308 3183 Τί
345 3131 401 3184 δὲ
447 3130 526 3201 τῷ
577 3129 792 3200 σώματι
832 3129 972 3200 πρὸς
1008 3129 1069 3181 τὸ
1091 3125 1231 3180 εἶναι
1275 3127 1477 3197 σῶμας
1533 3120 1594 3179 οὗ
1626 3126 1692 3195 δὴ
1733 3123 1827 3178 καὶ

2005 2474 2161 2541 Quod
2206 2482 2390 2528 autem
2439 2490 2620 2544 neque
2681 2474 2845 2528 homo
2892 2489 2960 2529 ex
3007 2474 3348 2544 imperfectis
3394 2492 3523 2545 par-

1938 2568 2085 2621 tibus
2112 2566 2453 2636 compositus
2473 2576 2557 2621 est
2586 2568 2890 2621 secundum
2924 2568 3194 2622 rationem
3230 2569 3518 2638 cujusdam

1935 2658 2188 2713 essentia:
2221 2659 2546 2712 alterutrius
2590 2659 2786 2727 partis,
2837 2660 3093 2727 quamvis
3147 2660 3327 2729 quoad
3385 2660 3520 2715 defi-

1938 2752 2201 2806 nitionem
2246 2751 2416 2807 totius
2464 2751 2706 2805 hominis
2739 2767 2847 2804 non
2892 2751 3169 2819 rccipiunt
3219 2762 3404 2820 partes
3434 2769 3520 2807 ra-

1940 2843 2144 2897 tionem
2182 2845 2350 2899 totius
2379 2854 2639 2913 tanquam
2678 2842 2868 2906 totius,
2919 2842 2999 2896 sic
3042 2842 3339 2913 intelliges.
3372 2844 3516 2909 Quid

1930 2937 2076 2991 enim
2110 2938 2266 2991 deest
2295 2937 2493 2991 anima:
2526 2930 2761 2991 habenti
2798 2946 3106 3004 separatam
3150 2945 3205 2990 et
3231 2938 3515 3007 propriam

1930 3028 2122 3093 vitam,
2156 3028 2224 3083 ad
2259 3028 2384 3092 hoc,
2415 3038 2475 3082 ut
2499 3028 2569 3082 sit
2596 3029 2902 3083 substantia
2925 3030 3270 3099 incorporea,
3297 3046 3516 3102 semper

1930 3121 2195 3175 mobilis?
2230 3120 2344 3175 Hoc
2371 3122 2521 3175 enim
2554 3121 2799 3175 declarat
2824 3121 3189 3176 immortalem
3224 3139 3344 3178 esse
3366 3140 3510 3191 eam,

240 3223 585 3286 ἀποδιδόντες
634 3224 727 3276 τὸν
771 3224 895 3293 ὅρον
953 3222 1106 3289 φασὶ,
1160 3220 1320 3287 σῶμα
1358 3214 1498 3273 εἶναι
1545 3219 1607 3272 τὸ
1660 3218 1822 3289 τριχῇ

1931 3221 1985 3267 et
2024 3213 2255 3267 interire
2286 3228 2395 3267 non
2441 3228 2622 3282 posse.
2663 3213 2803 3278 Quid
2839 3229 3032 3267 rursus
3074 3214 3229 3269 deest
3269 3220 3511 3286 corpori,

236 3316 544 3379 διαστατόν.
585 3316 618 3387 ἢ
647 3314 807 3386 σῶμα
834 3314 1063 3383 φυσικὸν
1083 3311 1379 3385 ὀργανικὸν
1407 3311 1639 3381 δυνάμει
1675 3311 1823 3381 ζωὴν

237 3405 399 3477 ἔχονν
447 3406 697 3475 ἑκάτεροι
747 3404 857 3474 γὰρ
900 3402 1011 3456 τῶν
1055 3404 1198 3472 ὅρων
1247 3403 1345 3455 ἐπὶ
1400 3400 1493 3454 τοῦ
1550 3402 1820 3472 ἡμετέρου

238 3496 494 3567 σώματος
546 3496 766 3558 οίκείως
825 3493 1163 3565 ἀρμόσουσιν
1200 3510 1215 3525 ο
1272 3495 1375 3548 οὐκ
1428 3493 1591 3563 ἀτελῆ
1644 3493 1824 3546 τοίνυν

233 3588 411 3643 ταῦτα
443 3588 564 3643 καθ’
596 3588 765 3642 ἑαυτά
798 3587 1211 3657 λαμϐανόμενα,
1246 3590 1294 3639 εἰ
1326 3586 1421 3639 καὶ¹
1453 3584 1619 3655 ἀτελῆ
1663 3584 1824 3638 πάλιν

232 3683 523 3752 λέγονται,
568 3683 645 3745 ὠς
696 3682 837 3753 πρὸς
878 3680 978 3752 τὴν
1030 3679 1125 3733 τοῦ
1180 3681 1304 3735 ὅλου
1364 3681 1424 3732 ὲν
1460 3672 1505 3747 ᾧ
1556 3680 1627 3732 τά
1680 3679 1820 3748 μέρη

233 3779 564 3835 ὑπόστασιν·
598 3775 772 3846 τούτῳ
808 3776 919 3846 γάρ
944 3776 1024 3847 τῷ
1052 3777 1217 3845 λόγῳ,
1242 3776 1343 3828 οὐκ
1365 3774 1430 3827 ἂν
1452 3774 1688 3843 ἁμάρτοι
1714 3791 1819 3835 τις,

233 3870 331 3923 καὶ
359 3869 419 3921 τὸ
449 3866 591 3921 κατά
614 3866 851 3937 Χριστὸν
880 3866 1227 3936 ἑρμηνεύσας
1259 3866 1579 3937 μυστήριον.
1607 3863 1823 3927 nam;

232 3960 370 4033 γάρ,
399 3960 504 4013 κᾶν
534 3961 611 4023 ὡς
637 3958 773 4024 Θεὸς
836 3958 1063 4029 γυμνὸς,
1093 3958 1126 4029 ἦ
1175 3958 1464 4029 ἄνθρωπος
1493 3957 1651 4026 ψιλὸς
1680 3957 1822 4027 λαμ-

234 4053 472 4123 ϐάνηται
492 4067 508 4081 ·
532 4050 605 4114 ὡς
639 4049 889 4104 ἐντεῦθεν
911 4050 1088 4103 διττὸν
1122 4044 1265 4103 εἶναι
1293 4049 1385 4102 τὸν
1416 4048 1517 4118 τῆς
1543 4049 1821 4119 τελειότη-

234 4158 328 4205 τος
356 4143 503 4212 ὅρον,
548 4139 644 4194 καὶ
692 4140 785 4194 τὸν
836 4140 935 4210 μὲν
984 4140 1175 4203 ἁπλῶς
1213 4139 1493 4208 λέγεσθαι,
1531 4140 1624 4193 τὸν
1655 4139 1714 4193 δὲ
1761 4140 1821 4192 ὲν

236 4235 420 4306 σχέσει
450 4232 797 4305 θεωρεῖσθαι,
834 4233 976 4286 κατὰ
1015 4234 1106 4285 τὸν
1140 4232 1313 4303 μέγαν
1352 4233 1675 4304 Γρηγόριον.
1718 4234 1822 4287 Τέ-

232 4327 374 4391 λειος
419 4328 519 4395 μὲν
547 4326 657 4397 γάρ
688 4326 837 4381 ἐστιν
867 4327 895 4378 ὁ
919 4325 1098 4395 λόγος,
1137 4326 1232 4380 καὶ
1272 4327 1515 4397 πλήρης,
1548 4328 1641 4381 καὶ
1676 4344 1819 4398 παρ-

232 4419 455 4483 εκτικὸς
490 4418 833 4489 τελειότητος
857 4435 873 4450 ·
914 4419 1098 4472 τελεία
1123 4418 1178 4471 δὲ
1204 4419 1298 4471 καὶ
1335 4421 1367 4488 ἡ
1396 4418 1489 4471 τοῦ
1527 4418 1817 4489 ἀνθρώπου

230 4510 402 4583 ψυχὴ,
433 4512 509 4575 ὡς
539 4510 679 4581 πρὸς
705 4511 800 4565 τὸν
832 4511 959 4581 ὅρον
988 4510 1089 4581 τῆς
1116 4510 1424 4580 ὑπάρξεως.
1460 4511 1600 4563 Ἀλλ’
1643 4512 1765 4564 οὐδὲ
1791 4514 1818 4565 ό

232 4559 407 4673 Ᾰάςὲξ
458 4559 675 4667 τὶλεῖοξ
703 4559 960 4673 armis},
1000 4559 1142 4656 ’,2ἆᾴ
1160 4559 1697 4672 ⁷έέἱεἰἒ›ξ’ὲτέιίόἐδξ,’
1717 4559 1815 4673 ἰζῆ
1852 4559 1895 4613 υ

233 4695 336 4766 τῆς
384 4694 805 4766 ἀνθρωπότητος
869 4692 1020 4765 αὐτῷ
1072 4695 1549 4765 συντεταγμένηςο
1601 4693 1724 4747 οὔτε
1782 4698 1816 4765 ἡ

231 4786 380 4859 ψυχὴ
407 4786 611 4851 τέλειος
637 4787 945 4857 ἄνθρωπος,
977 4786 1080 4840 κᾶν
1110 4785 1324 4840 τελείαν
1357 4785 1471 4857 ἔχει
1499 4787 1708 4852 οὐσίαν,
1741 4789 1815 4859 μὴ

231 4878 326 4933 τοῦ
360 4879 611 4951 σώματος
651 4880 790 4951 αὐτῇ
840 4878 1351 4950 συνεπινοουμένου.
1412 4880 1525 4935 Καὶ
1572 4880 1728 4933 τοῦτο
1758 4881 1815 4935 δὲ

234 4973 732 5045 παρασημήνασθαι
759 4973 886 5044 χρὴ,
916 4974 999 5028 ὅτι
1026 4975 1140 5037 τοῖς
1160 4972 1272 5026 τῶν
1302 4974 1642 5045 πραγμάτων
1668 4974 1816 5044 ὅροις

224 5065 284 5119 ,οἱ
312 5068 494 5137 χρόνοι
541 5067 603 5121 οὐ
644 5067 1315 5140 συμπαραλαμϐάνονται,
1352 5065 1542 5137 ὥσπερ
1588 5065 1709 5119 οὐδὲ
1760 5066 1813 5118 οἱ

234 5160 409 5216 τόποι,
443 5160 564 5214 Τῶν
592 5162 701 5232 γάρ
729 5155 802 5212 ὧν
826 5161 926 5214 οὐκ
972 5159 1102 5214 ἄνευ
1147 5160 1243 5212 καὶ
1288 5158 1449 5229 μόνον
1494 5157 1656 5226 λόγον
1715 5157 1813 5208 ἐπ-

234 5256 475 5325 έχουσιν.
512 5252 634 5307 Ἐτι
683 5257 789 5320 πᾶς
837 5255 962 5327 ὅρος
1012 5253 1109 5306 τοῦ
1159 5251 1256 5306 νῦν
1298 5250 1623 5325 πράγματός
1668 5249 1817 5301 ἐστιν

301 5415 417 5485 (19.)
451 5413 726 5485 Duplicem
744 5430 871 5468 esse.
897 5410 1390 5485 Duplegdeﬁnitio
1449 5407 1805 5485 perfectionis

233 5485 288 5541 in
309 5478 571 5542 'Ch'risto.
600 5484 774 5539 altera
807 5478 1038 5553 simplex
1073 5481 1256 5545 dicta;
1294 5478 1467 5553 altera
1504 5479 1559 5533 in
1586 5478 1808 5553 habitu-

231 5556 361 5611 dine
390 5554 623 5624 simplex
660 5555 727 5610 ad
792 5549 1137 5624 divinitatem
1191 5550 1359 5609 Verbi
1410 5559 1658 5624 spectat;
1718 5549 1809 5603 illa

230 5642 352 5696 quae
378 5627 433 5680 in
470 5620 795 5680 habitudine
846 5623 1122 5696 cons_istit,
1154 5624 1399 5693 pertinet
1433 5621 1501 5675 ad
1546 5620 1813 5674 unionem

232 5694 396 5752 Verbi
420 5712 547 5751 cum
569 5696 932 5751 humanitate.
968 5694 1105 5748 Tun.

329 5768 416 5831 15)
442 5766 554 5821 Hoc
582 5774 761 5820 autem
818 5764 1182 5817 adnotandum
1237 5770 1332 5817 est.
1375 5762 1613 5817 Adverte
1666 5759 1814 5831 quod

233 5832 583 5892 definitiones
616 5851 727 5891 non
750 5834 995 5890 inferunt
1037 5833 1203 5889 simul
1237 5848 1364 5889 cum
1419 5832 1666 5887 definitis
1692 5832 1810 5886 loca

232 5915 289 5961 et
321 5916 604 5976 tempora;
636 5921 739 5962 nec
792 5906 939 5960 enim
971 5919 1093 5973 quae
1139 5902 1503 5969 definiuntur,
1550 5908 1807 5957 constant

1929 3311 1989 3357 ut
2026 3303 2102 3357 sit
2152 3303 2389 3374 corpus?
2438 3302 2586 3373 quod
2641 3303 2866 3372 quidem
2914 3304 3009 3373 qui
3038 3304 3329 3369 definiunt,
3357 3308 3513 3364 aiunt

1926 3411 2047 3450 esse
2111 3410 2314 3466 corpus
2365 3395 2565 3465 triplici
2607 3395 2996 3459 dimensione;
3040 3405 3138 3451 aut
3178 3414 3382 3470 corpus
3412 3416 3512 3456 na-

1928 3491 2103 3545 turale
2156 3491 2476 3561 organicum
2524 3499 2796 3560 potestate
2835 3490 3002 3545 vitam
3058 3492 3299 3559 habens;
3355 3504 3513 3551 utra-

1924 3598 2032 3652 que
2084 3582 2232 3637 enim
2293 3582 2546 3639 definitio
2607 3592 2732 3652 apte
2795 3585 3088 3639 conveniet
3135 3588 3355 3656 corpori
3418 3604 3513 3643 no.

1925 3685 2065 3739 stro;
2114 3690 2225 3729 non
2271 3685 2403 3729 sunt
2443 3676 2612 3745 igitur
2654 3675 2975 3745 imperfecta
3009 3685 3227 3747 sumpta
3278 3694 3377 3747 per
3427 3696 3507 3745 se,
3545 3697 3560 3708 ’

1927 3768 2145 3822 tametsi
2205 3768 2529 3837 imperfecta
2586 3768 2887 3835 dicuntur,
2938 3771 3119 3839 quoad
3174 3771 3509 3842 hypostasim

1926 3860 2116 3923 totius,
2175 3859 2228 3913 in
2287 3874 2399 3928 quo
2445 3867 2575 3913 sunt
2607 3868 2839 3928 partes;
2901 3860 3004 3915 hac
3062 3863 3213 3915 enim
3273 3864 3507 3929 ratione,

1924 3965 2033 4005 non
2065 3952 2364 4016 aberrabit,
2396 3952 2489 4022 qui
2527 3953 2692 4007 etiam
2734 3954 3057 4024 mysterium
3092 3954 3303 4011 Christi
3337 3955 3515 4010 inter-

1924 4042 2263 4111 pretabitur.
2316 4042 2709 4112 Imperfectum
2748 4044 2895 4098 enim
2944 4052 3064 4108 cst,
3122 4045 3167 4099 si
3217 4046 3303 4099 vel
3367 4046 3511 4101 Deus

1922 4134 2110 4189 nudus
2164 4134 2285 4189 sine
2335 4134 2715 4200 humanitate,
2780 4137 2865 4189 vel
2918 4136 3086 4191 homo
3147 4138 3277 4191 item
3326 4139 3511 4195 nudus

1923 4227 2043 4283 sine
2071 4228 2360 4283 divinitate
2384 4237 2658 4293 sumatur,
2695 4238 2757 4283 ut
2786 4228 2916 4285 hinc
2946 4239 3211 4299 appareat
3232 4230 3509 4300 duplicem

1922 4335 2044 4375 esse
2100 4320 2211 4392 (12)
2265 4318 2627 4390 perfectionis
2685 4321 3066 4377 definitionem
3123 4323 3178 4376 in
3241 4322 3505 4389 Christo;

1922 4428 2115 4479 unam,
2154 4426 2277 4481 quae
2307 4411 2635 4482 simpliciter
2674 4412 2922 4479 dicitur;
2976 4414 3227 4477 alteram,
3270 4430 3394 4483 quae
3448 4415 3507 4468 in

1922 4504 2252 4560 habitudine
2272 4507 2541 4571 cernitur,
2557 4504 2859 4559 secundum
2883 4520 3137 4575 magnum
3160 4505 3505 4575 Gregorium.

1924 4596 2240 4653 Perfectum
2278 4612 2519 4668 namque
2564 4606 2649 4652 est
2693 4597 2972 4664 Verbum,
3019 4604 3075 4652 et
3138 4598 3397 4666 plenum,
3452 4606 3510 4652 et

1925 4690 2178 4761 praebens
2209 4690 2639 4759 perfectionem:
2692 4691 2937 4760 perfecta
2984 4700 3167 4744 autem
3203 4699 3290 4744 est
3319 4690 3503 4745 anima

1926 4784 2189 4850 hominis,
2228 4794 2493 4855 quantum
2527 4784 2594 4838 ad
2643 4783 3021 4839 definitionem
3068 4784 3325 4839 essentia:
3369 4800 3501 4840 suae.

1923 4877 2031 4933 Sed
2070 4886 2255 4933 tamen
2284 4892 2467 4947 neque
2493 4877 2738 4933 Verbum
2777 4884 2863 4932 est
2900 4875 3180 4946 perfectus
3226 4875 3503 4943 Christus,

1919 4986 2032 5025 non
2086 4970 2240 5024 unita
2288 4968 2661 5036 humanitate,
2724 4968 2977 5039 quamvis
3023 4967 3303 5038 perfectus
3359 4968 3506 5024 Deus

1920 5062 2017 5124 sit;
2052 5077 2156 5117 nec
2185 5062 2367 5117 anima
2398 5062 2676 5132 perfectus
2702 5061 2869 5116 homo
2899 5068 3004 5126 est,
3029 5060 3160 5115 licet
3196 5059 3504 5130 perfectam

1922 5155 2292 5210 substantiam
2344 5154 2566 5219 habeat,
2610 5160 2840 5223 corpore
2892 5169 3002 5207 non
3047 5152 3213 5206 simul
3268 5166 3392 5208 cum
3439 5168 3504 5207 ea

1923 5248 2182 5319 cogitato.
2231 5245 2347 5302 Hoc
2394 5255 2579 5302 autem
2631 5245 3005 5301 adnotandum
3040 5252 3126 5300 est
3172 5242 3305 5317 (15),
3354 5245 3504 5314 quod

1912 5422 1982 5463 ex
2015 5408 2127 5473 bis,
2155 5406 2410 5477 quamvis
2446 5406 2500 5463 in
2525 5406 2645 5463 his:
2667 5402 2946 5477 hominem
2972 5401 3120 5459 enim
3145 5400 3499 5477 definientes.

1915 5478 2120 5533 animal
2153 5473 2423 5544 rationale
2477 5477 2711 5533 mortale
2739 5474 3009 5540 dicimus;
3047 5473 3270 5544 quando
3311 5480 3501 5527 autem

1918 5557 2108 5603 natum
2161 5548 2252 5611 sit,
2292 5555 2387 5601 aut
2417 5548 2512 5604 ubi
2561 5548 2810 5610 exsistat,
2859 5561 2976 5603 non
3032 5543 3503 5613 subjicimusges-

1921 5620 2156 5674 sentiam
2184 5619 2330 5673 enim
2362 5619 2616 5674 animalis
2642 5619 2822 5673 solum
2873 5612 3268 5688 significamus,
3294 5612 3506 5667 relictis

1924 5687 2036 5744 illis
2058 5704 2181 5758 quae
2204 5688 2260 5742 in
2290 5689 2437 5743 omni
2462 5705 2521 5745 re
2556 5698 2744 5745 creata
2775 5683 3070 5758 conju‘nete
3092 5683 3500 5758 intelliguntur;

1923 5774 2046 5828 quae
2067 5751 2196 5814 sunt
2225 5767 2441 5829 tempus
2464 5767 2522 5815 et
2571 5761 2765 5817 locus:
2804 5751 2925 5816 sine
2980 5768 3228 5829 tempore
3278 5751 3335 5809 et
3378 5751 3503 5806 loco

1920 5826 2058 5883 nihil
2086 5846 2269 5954 gerum
2291 5826 2598 5887 creatarum
2621 5832 2809 5889 dicere
2837 5838 2933 5886 aut
2966 5826 3275 5897 intelligere
3299 5836 3504 5895 possu-

1920 5914 2057 5954 mns.
2113 5916 2160 5954 υ.

1916 5914 2057 5954 “IIIS.
2089 5914 2160 5954 ID.
