4020 6554
502 459 638 528 1283
1611 504 1614 508 .
1749 443 2062 508 LEONTII

2180 442 2515 505 'ZANTINI
3640 433 3786 505 1284

496 592 620 632 cum
642 567 1058 628 definitionibus
1086 580 1271 623 rerum
1298 578 1408 619 non
1431 569 2071 629 assumunturtempora,

2180 558 2322 627 ὄρος,
2348 557 2408 610 οὗ
2433 554 2528 608 τοῦ
2555 552 2781 625 ὕστερον
2807 551 2868 618 ἐξ
2888 551 3055 607 αὐτοῦ
3078 551 3518 624 ἀποϐησομένου.
3539 553 3612 606 Ἦ
3634 552 3784 605 οὓτω

495 670 640 724 sicut
682 680 861 736 neque
911 663 1040 718 loci.
1083 659 1374 715 Rationem
1418 656 1567 712 enim
1619 670 1813 712 eorum
1864 661 2074 708 tantum

2183 647 2236 717 γ’
2264 647 2331 702 ἂν
2359 647 2513 701 οὐδὲν
2535 645 2646 700 τῶν
2671 647 2730 699 ὲν
2768 643 2984 713 γενέσει
3018 645 3218 712 δέξαιτ’
3247 644 3315 699 ἂν
3345 645 3470 715 ὅρον
3511 642 3608 698 τοῦ
3635 639 3782 698 εἶναι

495 735 803 823 continent,
849 759 970 813 sine
1017 755 1222 826 quibus
1260 768 1369 808 non
1411 750 1748 806 consistunt.
1805 749 2076 802 Praeterea

2181 742 2321 812 ὅπερ
2349 739 2524 801 ἐστὶν,
2546 739 2669 793 ἐπεὶ
2703 738 2840 808 μηδὲ
2865 737 3048 807 μένει·
3070 736 3205 790 ἀλλά
3231 735 3562 808 μεταϐάλλει
3596 735 3783 789 πάντα

494 856 676 910 omnis
704 850 957 908 deﬁnitio
988 848 1068 904 rei
1100 857 1206 912 est,
1238 860 1361 916 qua:
1390 858 1542 897 nunc
1571 851 1691 906 est;
1743 855 1854 894 non
1889 845 2072 892 autem

2180 835 2262 898 si;
2284 832 2465 887 πάντα
2495 831 2566 886 τά
2595 832 2654 885 ὲν
2677 829 2888 898 γενέσει
2919 830 3014 883 καὶ
3058 828 3266 901 φθορᾷ·
3307 828 3444 883 ἀλλά
3474 827 3572 882 καὶ
3599 824 3659 881 αἱ
3684 827 3781 880 λο-

494 951 636 1021 ejus,
667 961 790 1017 qum
822 960 889 998 ex
922 957 986 997 ea
1013 949 1217 1011 postea
1242 937 1485 993 eveniet.
1517 935 1740 1004 Alioqui
1787 932 1926 987 nihil
1973 945 2075 986 eo-

2180 926 2338 997 γικαὶ
2375 926 2550 978 πᾶσαι
2577 916 2782 987 οὐσίαι,
2820 922 2883 976 τὸ
2920 922 3124 993 μᾶλλον
3157 923 3256 976 καὶ
3297 916 3465 993 ἦττον
3500 920 3626 975 κατ’
3649 919 3785 990 aps-

496 1006 618 1094 rum
659 1054 780 1108 quae
831 1043 1012 1090 ortum
1063 1032 1330 1101 capiunt,
1384 1027 1766 1083 deﬁnitionem
1819 1022 2076 1080 essentia:

2180 1019 2277 1090 τὴν
2331 1017 2735 1088 ἐπιδεχόμεναι,
2789 1016 2885 1070 καὶ
2930 1015 2991 1069 τὸ
3047 1015 3142 1069 νῦν
3197 1015 3293 1086 μὲν
3327 1013 3541 1080 οὕτως,
3591 1006 3692 1066 νῦν
3721 1011 3786 1064 δὲ

495 1147 660 1202 quam
679 1101 868 1189 habet,
891 1125 1138 1192 recipere
1160 1118 1387 1191 poterit,
1415 1117 1544 1187 quia
1566 1115 1701 1170 nihil
1724 1120 2070 1184 perseverat;

2182 1111 2409 1175 ἐκείνως
2459 1109 2626 1180 ἔχειν,
2667 1109 2726 1163 ὲν
2758 1109 2976 1180 κινήσει
3016 1107 3352 1178 θεωροῦνται
3377 1123 3392 1137 ·
3424 1101 3486 1160 τὸ
3531 1105 3646 1177 γὰρ
3683 1103 3786 1158 ἐπὶ

495 1198 591 1278 sed
621 1219 806 1275 omnia
838 1223 1124 1270 mutantur
1158 1212 1213 1266 in
1245 1210 1583 1278 omnia,qu:e
1600 1216 1783 1262 ortum
1816 1212 1873 1260 et
1898 1203 2075 1258 inter-

2181 1202 2292 1256 τῶν
2323 1201 2503 1256 αὐτῶν
2539 1199 2814 1266 ἵστασθαι,
2863 1200 2924 1253 οὐ
2953 1200 3055 1270 τῆς
3097 1199 3328 1270 κτιστῆς
3355 1198 3573 1268 φύσεως
3611 1198 3779 1250 ἴδιον·

496 1314 636 1368 itum
682 1309 958 1371 subeunt;
989 1305 1102 1359 imo
1127 1317 1320 1358 omnes
1342 1299 1666 1356 substantia:
1694 1296 1907 1351 ratione
1938 1311 2078 1365 pra:-

2184 1295 2342 1365 εῐπερ
2383 1293 2478 1346 ἐπὶ
2513 1291 2648 1345 Θεοῦ
2710 1292 2806 1346 καὶ
2845 1290 3010 1360 μόνου
3062 1293 3146 1356 τὸ,
3183 1291 3267 1345 Σὺ
3311 1289 3381 1344 δὲ
3413 1293 3447 1344 ὁ
3480 1287 3671 1355 αὐτὸς
3701 1283 3782 1351 εἴ,

495 1406 644 1468 ditae,
677 1418 801 1459 cum
831 1401 957 1470 plus
983 1405 1036 1452 et
1066 1396 1250 1449 minus
1288 1392 1594 1448 secundum
1630 1389 1894 1444 virtutem
1931 1388 2076 1442 reci-

2183 1405 2253 1442 κυ
2263 1387 2642 1458 ριολεκτεϊται.

496 1499 670 1571 piant,
707 1505 763 1551 et
810 1509 955 1548 nunc
993 1489 1216 1560 quidem
1255 1488 1359 1552 sic,
1402 1501 1555 1540 nunc
1620 1499 1754 1539 vero
1796 1484 1892 1538 illo
1939 1482 2105 1538 modo
2144 1499 2202 1538 se
2248 1483 2524 1547 habeant,
2576 1480 2632 1536 in
2669 1489 2824 1536 motu
2899 1489 3234 1544 cernuntur;
3274 1474 3330 1534 in
3373 1477 3583 1533 eisdem
3625 1477 3784 1531 enim

496 1568 745 1661 perstare
779 1602 889 1640 non
926 1593 1013 1639 est
1055 1581 1342 1652 proprium
1383 1586 1598 1632 naturae
1629 1585 1830 1631 creata:
1856 1614 1871 1639 ,
1909 1573 2182 1644 siquidem
2211 1573 2281 1628 de
2354 1573 2474 1628 solo
2540 1573 2657 1628 Deo
2686 1570 2912 1642 proprie
2966 1569 3173 1625 dicitur
3215 1587 3229 1623 :
3281 1568 3354 1623 Tu
3421 1577 3597 1622 autem
3639 1568 3784 1622 idem

496 1688 608 1758 ipse
641 1701 694 1738 es
725 1685 764 1737 '.

566 1775 653 1836 At,
681 1770 943 1842 inquiunt
977 1768 1301 1825 defensores
1330 1763 1657 1820 divisionis:
1703 1775 1938 1832 corpore
1971 1758 2078 1815 cir—

2264 1755 2472 1827 Ἀλλ’ή
2520 1754 2690 1826 ψυχὴ,
2729 1753 2899 1823 φασὶν
2949 1752 3000 1806 οἱ
3035 1751 3136 1822 τῆς
3179 1750 3503 1822 διαιρέσεως
3553 1749 3783 1825 πρόμαε

494 1864 887 1922 cumscribitur
918 1861 1124 1922 anima,
1159 1865 1216 1914 et
1245 1857 1537 1928 passiones
1573 1853 1793 1923 recipit,
1829 1861 1885 1907 et
1919 1851 2077 1906 dolo-

495 1973 586 2014 res
633 1953 906 2018 sustinet;
961 1964 1136 2022 quare
1188 1948 1236 2003 si
1289 1948 1371 2002 sic
1422 1945 1667 2001 Verbum
1723 1942 1939 1996 unitum
1993 1949 2079 1996 est

495 2050 711 2112 animae,
744 2046 876 2101 licet
905 2043 1007 2098 tibi
1036 2042 1216 2112 ipsum
1243 2039 1410 2094 etiam
1444 2035 1654 2091 eisdem
1693 2033 1990 2103 subjicere,
2022 2040 2078 2086 et

494 2141 678 2197 facere
707 2138 951 2194 Verbum
985 2133 1214 2204 patibile
1274 2139 1331 2185 et
1359 2126 1866 2195 circumscriptum.
1899 2122 2079 2189 Quid?

496 2244 682 2285 nonne
719 2243 820 2284 vos
843 2227 1034 2298 potius
1058 2224 1175 2279 haec
1202 2221 1420 2277 facitis?
1472 2219 1731 2290 objiciam
1766 2215 1914 2271 enim
1955 2229 2078 2284 qua:

495 2321 659 2377 nobis
705 2320 763 2374 in
821 2317 1058 2373 crimine
1113 2314 1340 2385 ponitis.
1398 2310 1683 2381 Siquidem
1739 2305 2078 2362 formidastis

495 2415 656 2478 unire
683 2410 927 2468 Verbum
960 2408 1135 2471 carni,
1161 2416 1218 2461 et
1259 2403 1356 2459 toti
1397 2401 1629 2468 homini,
1661 2398 1819 2470 quasi
1849 2411 2077 2453 necesse

499 2514 670 2571 esset,
705 2503 785 2560 sic
812 2499 1217 2564 circumscribi,
1247 2507 1307 2554 et
1350 2496 1486 2567 pati.
1523 2495 1582 2551 Si
1628 2493 1796 2564 igitur
1834 2489 2076 2548 Verbum

495 2608 696 2654 netu-ra
730 2595 844 2667 pati
876 2589 1078 2665 potest,
1115 2600 1212 2647 aut
1235 2587 1813 2658 circumscriptionem
1843 2583 1952 2639 loci
1989 2597 2078 2646 re-

496 2691 653 2762 cipit,
689 2695 854 2745 erunt
907 2688 1024 2741 haec
1072 2685 1128 2740 in
1183 2685 1304 2754 ipso
1345 2691 1574 2753 propter
1611 2679 1814 2750 ipsum,
1860 2686 1918 2732 et
1966 2690 2078 2731 non

497 2790 723 2854 propter
754 2779 1017 2834 unionem
1056 2792 1182 2832 cum
1227 2790 1460 2845 corpore
1501 2769 1718 2843 patibili
1757 2778 1812 2824 et
1843 2768 2080 2824 circum-

496 2873 740 2943 scripto;
773 2879 940 2941 atque
963 2870 1071 2926 erit
1099 2869 1171 2923 ita
1204 2867 1432 2938 patibile
1455 2874 1511 2921 et
1537 2861 2078 2932 circumscriptibile,

495 2965 747 3036 quamvis
778 2980 889 3018 non
917 2977 1138 3033 passum
1180 2961 1286 3026 sit,
1329 2975 1512 3029 neque
1555 2955 2076 3024 circumscriptum:

493 3057 639 3126 quod
661 3057 705 3111 si
728 3065 923 3109 natura
936 3063 1023 3108 est
1039 3052 1409 3116 immutabile,
1435 3061 1490 3106 et
1511 3049 2076 3118 incircumscriptum,

2177 1866 2285 1920 χοι,
2313 1846 2764 1919 περιγέγραπται
2789 1847 2848 1898 ὲν
2871 1844 2949 1915 τῷ
2981 1844 3220 1915 σώματι,
3247 1844 3342 1896 καὶ
3364 1844 3510 1915 πάθη
3533 1846 3780 1914 δέχεται,

2178 1941 2273 1995 καὶ
2321 1938 2622 2009 ἀλγηδόνας
2657 1937 2961 2008 ὑπομένει*
3012 1937 3109 1989 καὶ
3161 1937 3212 1988 sl
3262 1935 3438 1999 οὕτως
3493 1936 3710 2007 ἥνωται
3748 1941 3782 1990 ὁ

2178 2032 2376 2101 Λόγος,
2409 2031 2528 2102 ὥρα
2551 2047 2636 2084 σοι
2659 2030 2754 2085 καὶ
2785 2028 2949 2082 αὑτὸν
2976 2029 3261 2094 τοῖςῑσοις
3292 2027 3647 2094 ὑποϐάλλειν,
3684 2029 3779 2084 καὶ

2177 2127 2355 2178 ποιεῖν
2385 2123 2547 2177 αὐτὸν
2574 2122 2819 2192 παθητὸν
2847 2121 2942 2176 καὶ
2975 2119 3380 2193 περιγραπτόν.
3433 2121 3501 2174 Τί
3526 2121 3624 2187 δέ;
3655 2123 3780 2191 οὐχὶ

2181 2217 2385 2290 μᾶλλον
2435 2216 2596 2286 ὑμεῖς
2654 2214 2836 2269 ταῦτα
2905 2212 3398 2285 κατασκευάζετες
3451 2213 3776 2285 εἴποιμ’ἆν,

2178 2312 2323 2382 ἅπερ
2349 2313 2483 2382 ἡμῖν
2523 2309 2833 2378 ἐγκαλεῖτε.
2880 2307 3170 2361 Δεδοίκατε
3239 2306 3358 2377 γὰρ
3386 2307 3552 2362 αὐτὸν
3605 2306 3780 2379 σαρκὶ

2182 2401 2478 2456 συνάπτειν
2513 2401 2611 2455 καὶ
2657 2400 2764 2471 ὅλῳ
2799 2398 3100 2470 ἀνθρώπῳ,
3129 2397 3208 2462 ὡς
3239 2396 3302 2463 ἐξ
3332 2399 3579 2471 ἀνάγκης
3616 2416 3780 2470 περι.

2181 2494 2603 2566 γραφησόμενον
2661 2494 2759 2548 καὶ
2807 2493 3157 2565 πεισόμενον.
3211 2493 3274 2546 Ei
3324 2493 3427 2564 μὲν
3463 2489 3560 2548 οὖν
3607 2492 3775 2564 φύσει

2181 2585 2425 2657 παθητὸς
2454 2588 2483 2640 ό
2516 2585 2711 2654 Λόγος.
2757 2585 2790 2657 ἢ
2835 2586 2938 2658 τὴν
2979 2587 3040 2640 ὲν
3069 2585 3223 2655 τόπῳ
3251 2585 3471 2656 δέχεται
3500 2603 3778 2658 περιγρα-

2181 2677 2310 2749 φὴν,
2347 2677 2502 2730 ἔσται
2530 2677 2707 2731 ταῦτα
2737 2677 2795 2730 ἐν
2824 2677 2974 2748 αὺτῷ
3002 2677 3070 2730 δι’
3091 2677 3277 2744 αὐτὸν,
3307 2677 3425 2732 ἀλλ’
3447 2677 3510 2731 οὐ
3546 2676 3638 2732 διὰ
3669 2677 3776 2750 τὴν

2181 2770 2320 2841 πρὸς
2351 2770 2414 2824 τὸ
2438 2770 2823 2842 περιγραπτὸν
2874 2771 2972 2824 καὶ
3013 2771 3263 2843 παθητὸν
3315 2773 3476 2842 σῶμα
3528 2771 3770 2827 ἕνωσινο

2182 2862 2280 2918 καὶ
2307 2861 2462 2916 ἔσται
2501 2860 2678 2926 οὕτως
2715 2861 2960 2934 παθητὸς
2988 2863 3395 2935 περιγραπτδς,
3421 2862 3526 2917 κᾶν
3553 2863 3628 2935 μὴ
3669 2863 3776 2918 πέ-

2182 2954 2350 3010 πονθε
2387 2955 2524 3026 μηδὲ
2576 2956 3047 3028 περιγέγραπται’
3089 2959 3140 3012 εἰ
3188 2956 3248 3012 δὲ
3293 2957 3457 3025 φύσει
3499 2957 3776 3028 ᾶτρεπτός

2184 3051 2301 3102 ἐστι
2326 3049 2422 3102 καὶ
2446 3048 2865 3119 ἀπερίγραπτος
2901 3051 2998 3104 καὶ
3033 3049 3274 3118 ἀπαθὴς,
3313 3051 3416 3104 κᾶν
3457 3051 3517 3102 ὲν
3551 3050 3776 3119 σώματι

494 3112 552 3204 et
577 3147 906 3218 impatibile,
934 3147 1063 3200 licet
1086 3150 1159 3200 sit
1180 3145 1234 3198 in
1262 3159 1515 3214 corpore,
1548 3143 1793 3198 servabit
1819 3141 2076 3212 proprie—

2181 3138 2431 3209 γένηται,
2468 3112 2718 3202 sciit-etim
2747 3112 3002 3193 c‘oviﬁtov
3036 3140 3136 3210 τῆς
3175 3112 3448 3204 ἀπαθείας
3476 3140 3573 3194 καὶ
3603 3112 3775 3211 ἀτρεο

496 3247 666 3296 tatem
696 3237 1175 3308 impassibilitatis,
1207 3245 1263 3290 et
1286 3236 1555 3290 rationem
1584 3232 2076 3287 immutabilitatis.

498 3329 780 3399 Siquidem
819 3343 997 3398 neque
1029 3343 1155 3382 cum
1192 3326 1460 3380 mundum
1490 3332 1727 3386 crearet,
1762 3331 1818 3379 et
1850 3324 1904 3378 in
1936 3325 2079 3378 hanc

498 3421 731 3476 formam
765 3436 892 3475 eum
928 3420 1252 3483 adduceret,
1285 3433 1409 3473 cum
1450 3417 1608 3487 prius
1655 3430 1766 3470 non
1811 3423 1980 3481 esset,
2011 3431 2079 3470 ex

502 3527 673 3582 supra
709 3509 1015 3573 mundano,
1052 3517 1110 3564 et
1139 3525 1206 3564 ex
1247 3523 1416 3578 supra
1451 3522 1618 3578 quam
1672 3505 1982 3561 substantia
2024 3505 2078 3560 in

499 3604 620 3660 haec
648 3618 770 3674 quae
798 3603 852 3657 in
877 3601 1086 3656 mundo
1117 3609 1214 3656 aut
1239 3602 1389 3655 circa
1419 3599 1695 3654 mundum
1749 3604 1899 3664 sunt,
1929 3597 2084 3652 dela-

497 3713 657 3769 psum
695 3696 1090 3764 cernitur;vel
1123 3711 1190 3750 ex
1224 3693 1705 3763 incircumscripto
1727 3707 1795 3748 eo
1829 3691 2000 3754 venit,
2024 3699 2081 3746 ut

498 3787 981 3857 circumscriptum
1031 3793 1227 3840 esset:
1290 3798 1463 3854 quare
1511 3797 1692 3852 neque
1752 3781 1907 3850 prius
1953 3795 2078 3834 cum

499 3879 796 3944 mundum,
835 3888 891 3934 et
933 3893 997 3933 ea
1030 3891 1153 3946 quae
1184 3875 1238 3928 in
1289 3889 1358 3929 eo
1405 3882 1554 3937 sunt,
1607 3871 1850 3937 creavit;
1900 3885 2082 3940 neque

498 3979 689 4041 postea
723 3969 945 4039 quando
981 3983 1238 4037 magnum
1270 3963 1564 4028 mundum,
1599 3963 1653 4016 in
1686 3976 1877 4032 parvo,
1904 3958 2083 4014 homi-

2180 3230 2310 3301 ψῑας
2357 3230 2540 3299 λόγον.
2575 3231 2687 3284 Kal
2720 3230 2831 3301 γὰρ
2861 3231 2985 3284 οὐδὲ
3019 3231 3225 3302 κόσμον
3281 3231 3503 3296 κτίζων,
3552 3232 3645 3285 καὶ
3691 3233 3780 3295 εἰς

2180 3323 2300 3378 τόδε
2350 3324 2410 3377 τὸ
2456 3324 2646 3394 σχῆμα
2686 3322 2837 3393 ἄγων
2872 3323 3036 3378 αὑτὸν
3077 3324 3178 3378 οὐκ
3207 3324 3338 3378 ὂντα
3382 3324 3672 3397 πρότερον,
3709 3324 3778 3378 ὲκ

2178 3414 2275 3468 τοῦ
2304 3414 2702 3486 ὑπερκοσμίου,
2740 3416 2821 3479 εἰς
2851 3414 2912 3468 τὸ
2948 3415 3316 3487 περικόσμιον
3352 3415 3516 3469 τοῦτο
3545 3415 3578 3487 ἦ
3610 3415 3776 3484 ἐγκό-

2184 3525 2347 3580 σμιον
2373 3507 2749 3571 ὲκπεπτωκὼς
2769 3508 3046 3586 φαίνεται,
3074 3508 3107 3580 ἢ
3131 3510 3193 3562 ὲκ
3220 3509 3315 3562 τοῦ
3340 3508 3545 3563 οἰκείου
3576 3509 3782 3580 ἀπερι-

2182 3600 2398 3672 γράφου
2430 3601 2511 3662 εἰς
2553 3601 2615 3654 τὸ
2650 3601 3098 3672 περιγεγράφθαι
3141 3603 3233 3656 ὑπ’
3266 3601 3428 3656 αὑτοῦ
3473 3600 3775 3671 ἐληλυθὼἶ⁶

2182 3694 2245 3747 οὑ
2283 3693 2472 3749 τοίνυν
2509 3691 2636 3747 οὔτε
2693 3694 2962 3765 πρότερον
2994 3695 3158 3765 ἡνίκα
3208 3695 3299 3750 τὸν
3333 3696 3542 3766 κόσμον
3583 3695 3782 3750 καὶτὰ

2181 3784 2240 3836 ὲν
2271 3783 2424 3852 αὐτῷ
2471 3783 2654 3836 πάντα
2704 3786 3064 3854 παρήγαγεν,
3101 3785 3228 3838 οὔτε
3283 3785 3511 3858 ὕστερον
3546 3786 3636 3840 ὅτε
3678 3785 3780 3840 τὸν

2186 3875 2363 3947 μέγαν
2396 3875 2453 3928 ὲν
2491 3875 2674 3946 μικρῷ
2712 3877 2922 3946 κόσμον
2962 3878 3056 3931 τὸν
3086 3877 3378 3950 ἄνθρωπον
3409 3878 3596 3949 ἑαυτῷ
3619 3896 3781 3950 περι-

2182 3967 2385 4041 έπηξεν
2415 3970 2790 4042 περιεγράφη.
2830 3970 2944 4023 Kal
2976 3971 3030 4024 τί
3060 3969 3284 4039 θαῦμα;
3323 3972 3459 4025 ὃπου
3506 3989 3572 4041 γε
3614 3971 3710 4026 καὶ
3742 3973 3777 4043 ἡ

497 4077 626 4117 nem
663 4062 719 4115 in
751 4076 809 4116 se
857 4061 976 4130 ipso
1011 4059 1186 4113 Filius
1223 4057 1318 4111 Dei
1350 4057 1671 4125 complexus
1701 4062 1806 4118 est,
1843 4052 2078 4108 circum-

2183 4059 2280 4112 τοῦ
2316 4059 2610 4131 ἀνθρώπου
2639 4061 2810 4132 ψυχὴ,
2845 4063 2942 4132 οὐχ
2986 4063 3177 4126 ἁπλῶς
3209 4063 3300 4116 διὰ
3335 4063 3399 4116 τὸ
3446 4065 3504 4118 ἐν
3558 4062 3778 4135 σώματι

498 4153 741 4222 scriptus
773 4160 876 4207 est.
909 4151 977 4206 Et
1009 4149 1145 4219 quid
1190 4149 1437 4203 mirum?
1484 4147 1760 4217 siquidem
1789 4153 1846 4200 et
1899 4144 2078 4199 anima

2184 4154 2358 4223 αὐτὴν
2409 4151 2551 4208 εἶναι
2604 4156 2808 4226 πάσχει
2838 4156 3033 4219 ταῦτα,
3067 4158 3206 4211 ἀλλὰ
3250 4159 3340 4213 διὰ
3374 4159 3434 4212 τὸ
3462 4160 3778 4229 πεφυκέναι

499 4243 742 4298 hominis
775 4259 884 4296 non
933 4241 1259 4311 simpliciter
1290 4241 1418 4310 quia
1450 4240 1567 4309 ipsa
1614 4247 1701 4293 est
1729 4238 1783 4292 in
1824 4251 2078 4306 corpore,

2184 4245 2415 4315 πάσχειν
2444 4246 2540 4299 καὶ
2575 4246 2751 4316 χωρίς
2794 4247 3068 4318 σώματος·
3097 4249 3128 4319 ἥ
3157 4248 3302 4302 οὕτω
3332 4267 3394 4318 γε
3436 4251 3532 4304 καὶ
3567 4250 3775 4324 όραθή-

498 4335 615 4390 Ιιαιο
647 4334 891 4404 patitur;
926 4334 1025 4388 sed
1066 4333 1193 4403 quia
1229 4343 1424 4387 natura
1457 4332 1507 4386 ei
1537 4331 1704 4394 inest,
1739 4337 1802 4382 ut
1834 4327 1952 4382 haec
1981 4343 2078 4397 pa-

2186 4353 2359 4402 σεται,
2380 4337 2478 4390 καὶ
2497 4337 2563 4390 τὰ
2589 4337 2718 4408 ἑξῆς
2747 4338 2911 4392 πάθοι
2935 4339 3022 4400 ἂν,
3049 4341 3151 4395 ὅσα
3173 4341 3268 4395 τοῦ
3297 4344 3576 4413 σώματος.
3607 4343 3778 4399 Ἀλλὰ

500 4427 688 4490 tiatur,
717 4426 883 4481 etiam
914 4435 1028 4480 uta
1056 4441 1287 4496 corpore
1319 4430 1570 4494 separata
1593 4431 1713 4476 est:
1743 4419 1952 4489 alioqui
1975 4419 2078 4474 sub

2184 4428 2359 4482 ταῦτα
2401 4429 2499 4498 μὲν
2531 4431 2592 4483 οὐ
2627 4430 2919 4496 πέπονθεν,
2950 4433 3138 4503 ἐπειδὴ
3171 4434 3449 4498 οὑσιωδῶς
3485 4434 3628 4489 αὐτὰ
3658 4434 3778 4506 ἔχει

499 4527 783 4589 aspectum
813 4517 994 4581 cadet.
1026 4527 1082 4573 et
1111 4495 1400 4580 morietur,
1432 4523 1488 4569 et
1517 4513 1624 4568 alia
1652 4510 1925 4583 ejusmodi
1953 4525 2077 4582 quae

2184 4521 2249 4572 ὲκ
2281 4495 2419 4573 Θεοῧ
2472 4520 2737 4577 λαόοῦσα.
2788 4524 2996 4595 Πάσχει
3049 4495 3474 4598 δὲΙπαθητικάς
3508 4495 3776 4598 δυνάμεις

499 4610 747 4681 corporis
773 4618 924 4677 sunt,
956 4610 1220 4680 patietur.
1250 4607 1417 4678 Atqui
1451 4607 1570 4661 liam
1613 4621 1723 4659 non
1762 4612 1849 4660 est
1893 4619 2075 4675 passa,

2185 4609 2405 4681 ἔχουσα,
2434 4608 2526 4676 αἷς
2550 4613 2645 4667 καὶ
2668 4615 3074 4688 συναπέρχεται
3110 4617 3430 4689 ὲκδημοΰσα
3461 4619 3556 4673 τοῦ
3582 4619 3774 4690 σῶμα·

495 4701 627 4771 quia
654 4701 771 4757 haec
800 4701 969 4756 habet
992 4700 1300 4756 secundum
1332 4697 1721 4760 substantiam,
1748 4696 2078 4751 naturaliter

2184 4720 2276 4766 τος
2296 4719 2310 4735 ο
2337 4705 2432 4758 καὶ
2460 4705 2716 4777 δηλοῦσιν
2747 4709 2802 4761 αἰ
2844 4710 2902 4762 ὲν
2949 4709 3078 4780 ᾅδου
3118 4709 3309 4781 ψυχαὶ,
3341 4712 3436 4766 καὶ
3463 4713 3533 4766 τὰ
3564 4713 3775 4768 τούτων

497 4809 527 4848 a
576 4794 689 4848 Deo
723 4801 947 4863 accepta
991 4792 1126 4862 (Η).
1176 4792 1388 4848 Patitur
1440 4799 1649 4855 autem,
1700 4789 1906 4859 quippe
1957 4805 2078 4859 qua!

2185 4794 2384 4865 δεσμὰ,
2401 4796 2468 4849 δι’
2483 4796 2519 4851 ἃ
2535 4798 2630 4852 καὶ
2650 4800 2684 4869 ή
2705 4800 2886 4852 ἐκεῖσε
2905 4800 3097 4868 γέγονε
3114 4801 3208 4856 τοῦ
3231 4803 3470 4874 Χριστοῦ
3497 4806 3773 4876 παρουσία

497 4883 662 4939 habet
715 4884 997 4954 potentias
1055 4882 1303 4953 passivas
1368 4897 1494 4937 cum
1541 4881 1746 4952 quibus
1795 4881 1997 4952 migrat
2046 4897 2077 4936 a

2180 4888 2582 4956 κηρύξαντος,
2613 4891 2760 4946 κατὰ
2797 4891 2891 4946 τὸν
2922 4894 3156 4966 Πέτρον,
3203 4894 3276 4949 ἐν
3311 4895 3561 4966 φυλακῇ
3586 4899 3773 4953 πνεύ-

497 4991 750 5046 corpore,
786 4975 840 5030 id
867 4974 1016 5045 quod
1045 4974 1246 5030 anima:
1273 4990 1395 5045 qua:
1425 4973 1570 5044 apud
1606 4973 1814 5030 inferos
1843 4981 1993 5038 sunt,
2023 4982 2078 5028 et

2180 4993 2373 5048 μασιν
2406 4979 2633 5048 ἀφεσιψ
2666 4980 2801 5052 πρὸς
2830 4981 2888 5034 δὲ
2918 4985 3016 5037 καὶ
3063 4984 3115 5037 οἱ
3163 4985 3468 5058 ἀκάθαρτοι
3513 4986 3772 5059 δαίμονες

497 5083 688 5122 earum
712 5067 933 5123 vincula
962 5066 1267 5131 declarant,
1296 5075 1521 5136 propter
1545 5082 1666 5136 quae
1691 5066 1803 5122 illic
1825 5065 2078 5122 Christus

2186 5070 2543 5141 κολαζόμενοι
2579 5090 2640 5128 τε
2671 5074 2767 5128 καὶ
2801 5074 3288 5148 κολασθησόμενοι,
3325 5079 3532 5152 καίπερ
3577 5080 3770 5151 σωμάο

498 5159 708 5214 adfuit:
744 5159 868 5226 Qui,
903 5161 1046 5216 sicut
1078 5161 1275 5214 Petrus
1311 5159 1410 5224 ait,
1440 5160 1711 5230 spiritibus
1743 5161 1833 5229 qui
1868 5161 1924 5214 in
1953 5177 2078 5215 car-

2185 5181 2296 5218 των
2325 5165 2689 5237 ἀνθρωπίνων
2723 5169 3164 5241 ἀπηλλαγμένοι.

499 5270 615 5308 cere
665 5261 819 5308 erant
845 5293 861 5320 ,
915 5255 1223 5326 praedicavit
1271 5255 1657 5310 remissionem
1684 5256 1725 5308 ’.
1787 5255 2080 5312 Declarant
2154 5264 2420 5329 prieterea
2459 5263 2729 5319 immundi
2774 5265 3073 5332 diemones,
3123 5269 3219 5340 qui
3288 5283 3481 5340 pmnas
3511 5269 3663 5326 dant
3711 5278 3771 5326 et

499 5349 733 5410 dabunt,
773 5350 1025 5419 quamvis
1066 5366 1097 5405 a
1129 5350 1483 5420 corporibus
1526 5350 1784 5406 humanis
1827 5351 1988 5408 liberi
2031 5363 2090 5410 et
2123 5356 2311 5411 soluti.

570 5441 679 5495 Sed
709 5441 913 5511 patitur
939 5443 1163 5512 quidem
1194 5443 1522 5514 simpliciter
1556 5442 1760 5510 anima,
1795 5445 1926 5515 quia
1959 5460 2078 5516 pas-

2220 5537 2233 5546 .
2271 5449 2436 5546 Ἀλλά
2468 5453 2680 5546 πάσχει
2702 5452 2801 5526 μὲν
2827 5451 3016 5520 ἁπλῶς
3038 5456 3070 5528 ἡ
3097 5454 3266 5529 ψυχὴ,
3299 5456 3611 5530 παθητικάς
3631 5457 3765 5531 πρὸς

499 5535 646 5588 sivas
679 5535 953 5604 potentias
975 5535 1042 5590 ad
1072 5535 1364 5593 utilitatem
1406 5551 1565 5592 suam
1591 5546 1802 5609 aptatas
1829 5539 2076 5608 accepit;

2186 5537 2438 5638 fb-aﬁtﬁ
2503 5543 2781 5616 συμφέρον
2830 5547 3302 5619 συναρμοσθείσας
3355 5549 3614 5624 δυνάμεις
3671 5551 3762 5605 λα-

500 5629 706 5695 patitur
726 5633 910 5680 autem
935 5629 1224 5698 passiones
1245 5642 1540 5697 corporeas
1565 5637 1793 5700 propter
1815 5629 2076 5685 unionem

2186 5630 2379 5686 δοῦσα·
2414 5635 2615 5707 πάσχει
2643 5637 2700 5692 δὲ
2728 5639 2822 5694 καὶ
2847 5641 3140 5714 σωματικὰ
3161 5642 3333 5715 πάθη,
3367 5644 3520 5716 πιρά
3541 5644 3642 5717 τὴν
3669 5642 3758 5697 τοῦ

577 5780 592 5803 ⁸
635 5780 780 5835 Psal.
809 5796 879 5846 οι,
909 5781 998 5837 28.
1073 5782 1136 5837 ’1
1171 5783 1317 5837 Pctr.
1349 5799 1424 5846 ιιι,
1455 5784 1536 5836 19.

557 5879 1063 5970 ’(14)Ναιιιναιὶηι·.
1114 5901 1498 5971 οὺσιωδῶς,‹ι.
1543 5903 1599 5960 d.
1659 5901 2051 5959 essentialiter.
2094 5901 2233 5959 Tun.
