4068 6534
298 460 438 528 1285
460 534 463 539 λ

1360 451 1657 513 CONTRA
1696 444 2015 513 NESTOR.
2056 448 2152 509 ET
2190 444 2511 509 EUTYCH.

3415 453 3552 523 1286

296 580 549 652 σώματος
596 572 796 646 κρᾶσιν
846 562 891 638 ᾧ
930 566 1260 631 συνδέδεται,
1304 564 1402 618 καὶ
1439 563 1549 618 τῶν
1581 562 1765 617 τόπων
1793 556 1875 623 οἷς

1980 573 2101 614 cum
2125 574 2357 629 corpore
2391 558 2503 630 (l5)
2536 574 2663 614 cum
2687 574 2800 630 quo
2829 561 3082 634 colligata
3110 575 3218 633 est,
3246 578 3305 625 et
3325 577 3552 643 propter

292 674 360 728 ἂν
419 666 731 738 ὲνδιαιτῷτο
777 664 875 733 τὴν
941 661 1211 733 ἰδιότητα·
1261 658 1503 728 πάσχειν·
1542 656 1653 727 γὰρ
1687 654 1875 718 ἁπλῶς

291 763 595 832 πεφυκυῖα,
628 759 722 814 καὶ
755 759 847 810 τοῦ
872 754 1077 808 τοιοῦδε
1101 750 1311 814 πάθους
1340 750 1460 803 ἐστὶ
1482 748 1730 817 δεκτική.
1763 746 1875 801 Καὶ

291 852 744 924 περιγέγραπται
804 847 903 917 μὲν
942 843 1021 914 τῷ
1049 843 1195 912 λόγῳ
1236 841 1339 911 τῆς
1366 837 1678 911 ὑπάρξεως.
1712 840 1872 909 Περι-

292 944 603 1017 γράφεσθαι
633 940 690 994 δὲ
722 940 944 1006 λέγεται
972 934 1264 1004 δευτέρως,
1288 933 1392 1003 τὴν
1418 933 1478 984 ὲν
1510 927 1875 1001 περιγραπτῷ

302 1036 518 1108 σώματι
566 1032 765 1102 ἔχουσα
805 1028 1105 1096 διαγωγήν.
1146 1025 1356 1095 Πάσχει
1398 1024 1443 1076 δ’
1485 1023 1554 1077 ἂν
1599 1023 1695 1075 καὶ
1734 1019 1875 1080 κατὰ

290 1127 425 1181 Θεὸν
465 1123 536 1177 τὰ
570 1123 711 1188 θεῖα,
758 1120 959 1190 ἥκιστα
1007 1118 1105 1188 μὲν
1135 1116 1223 1170 διὰ
1254 1115 1316 1168 τὸ
1350 1115 1529 1186 σῶμα.
1564 1112 1691 1176 Πῶς
1728 1112 1872 1183 γάρ;

289 1219 319 1273 δ
350 1234 414 1288 γε
460 1216 555 1269 καὶ
604 1210 899 1267 ἀντιτείνει
960 1207 1244 1270 πολλάκις·
1281 1204 1422 1260 ἀλλὰ
1475 1204 1542 1257 δι’
1574 1203 1743 1273 αὐτὴν
1779 1202 1875 1255 καί¹

286 1310 389 1381 τὴν
421 1306 594 1377 αὐτῆς
640 1304 826 1375 φύσιν,
856 1300 953 1355 τοῦ
1005 1300 1106 1371 μὲν
1146 1295 1545 1369 ἐπιθυμητικοῦ
1595 1296 1876 1367 ἐρωτικῶς

289 1401 429 1474 πρὸς
480 1399 574 1452 τὸν
612 1396 745 1450 Θεὸν
793 1392 1236 1463 ἀνατεταμένουο
1295 1388 1390 1442 τοῦ
1441 1389 1497 1442 δὲ
1554 1387 1875 1458 θυμοειδοῦς

287 1491 628 1568 ἀρρενωπῶς
669 1485 1066 1556 τετονωμένου,
1095 1485 1193 1537 καὶ
1229 1480 1469 1544 ἀκλινῶς
1496 1478 1572 1550 τῷ
1602 1481 1877 1551 ἐπιθυμη-

286 1585 426 1657 τικῷ
460 1580 891 1651 συντεταμένουο
924 1579 1018 1632 τοῦ
1076 1577 1134 1630 δὲ
1176 1570 1490 1642 λογιστικοῦ
1528 1571 1626 1633 τὰς
1675 1570 1873 1633 ἁΰλους

288 1679 557 1751 ἐμφάσεις
590 1671 803 1736 ἀσκὶως
843 1668 1164 1741 δεχομένου,
1200 1666 1295 1718 καὶ
1325 1660 1571 1724 ὲνοειδῶς
1600 1661 1874 1732 ὲλλαμπο-

290 1774 478 1843 μένου.
512 1768 625 1822 Καὶ
659 1766 843 1829 καλῶς
879 1760 1100 1833 εἴρηταί
1125 1775 1234 1812 τινι
1260 1756 1371 1811 τῶν
1399 1755 1506 1829 πρὸ
1533 1756 1691 1827 ὴμῶν
1719 1754 1876 1828 ἀνδρὶ

287 1863 535 1933 θεοσόφῳ
570 1860 670 1929 (ε)-
714 1853 808 1920 Εἴς
861 1853 1027 1915 πόθος
1064 1850 1270 1917 ἀγαθὸς
1324 1850 1419 1903 καὶ
1451 1847 1671 1912 αἰώνιος
1710 1850 1738 1902 ό
1774 1848 1876 1919 τῆς

288 1954 523 2026 ἀληθοῦς
552 1950 810 2022 γνώσεως
849 1947 1158 2015 ἐφιέμενος.
1203 1942 1430 2005 Ταύτας
1480 1941 1591 2011 γάρ
1634 1940 1729 1995 καὶ
1776 1942 1871 2011 ῥυ-

287 2047 450 2101 πῶσα
473 2044 572 2107 τὰς
600 2040 884 2110 δυνάμεις,
913 2037 973 2089 ὲν
998 2033 1170 2105 κακίᾳ
1212 2033 1308 2085 καὶ
1346 2032 1404 2083 ὲν
1439 2030 1691 2100 ἀγνωσία
1730 2029 1876 2097 γίνε-

284 2158 399 2204 ται,
430 2139 523 2193 καὶ
545 2137 646 2191 οὐκ
687 2136 750 2188 ὲκ
778 2130 876 2185 τοῦ
929 2128 1184 2198 σώματος
1222 2124 1323 2189 τὰς
1373 2123 1574 2186 κακίας
1608 2121 1738 2192 ἔχει,
1772 2121 1874 2177 κᾶν

285 2248 433 2294 τινες
470 2227 652 2283 αὐτῶν
689 2224 780 2279 διὰ
805 2221 901 2276 τοῦ
936 2218 1191 2290 σώματος
1220 2215 1587 2269 έκτελοῦνται·
1618 2208 1690 2269 ὧν
1722 2212 1875 2267 οὐδὲν

284 2326 314 2378 ὁ
344 2321 439 2375 τοῦ
471 2318 607 2373 Θεοῦ
662 2315 834 2383 Λόγος
877 2310 1081 2379 δέξαιτ’
1110 2308 1176 2363 ἄν
1210 2325 1367 2369 ποτε,
1407 2307 1677 2379 ἄτρεπτος
1705 2304 1780 2358 ὢν
1806 2307 1874 2378 τῇ

287 2413 451 2484 φύσει
486 2412 581 2465 καὶ
610 2405 993 2467 ἀναλλοίωτος.
1032 2402 1105 2455 Οὐ
1142 2401 1242 2473 μὲν
1286 2399 1374 2453 διὰ
1415 2399 1478 2451 τὸ
1524 2397 1736 2460 ἀπαθὲς
1776 2397 1875 2467 τῆς

288 2504 545 2575 φύσεως,
601 2496 896 2567 ἀνθρώπου
952 2493 1112 2563 φύσει
1174 2487 1545 2543 συνάπτεσθαι
1599 2485 1876 2548 οὑσιωδῶς

287 2573 717 2667 παραιτήσεται·
760 2588 849 2640 ἴνα
889 2586 965 2657 μὴ
1004 2583 1190 2654 μέλλοι
1225 2580 1396 2644 πάθος
1440 2579 1640 2649 ἀληθὲς
1680 2573 1875 2648 εἷναιή

289 2686 664 2759 παραίτησις,
706 2680 801 2734 καὶ
849 2676 928 2748 τῷ
984 2673 1286 2728 δεδοικέναι
1327 2673 1384 2726 ἐν
1433 2671 1668 2733 ἐκείνοις
1719 2669 1875 2738 γενέ-

292 2780 441 2845 σθαι,
477 2780 534 2832 έν
565 2770 646 2839 οἷς
675 2774 733 2826 αἱ
768 2771 877 2825 τῶν
905 2766 1213 2821 σπουδαίων
1244 2765 1416 2836 ψυχαὶ
1460 2763 1627 2817 αὐτὸν
1655 2763 1879 2833 ἔχουσαι

292 2870 489 2945 βοηθὸν
516 2868 611 2923 καὶ
647 2864 1018 2932 συλλήπτορα,
1041 2858 1193 2911 οὐδὲν
1226 2857 1291 2909 ὲκ
1320 2855 1414 2909 τοῦ
1438 2853 1691 2925 σώματος
1727 2853 1878 2924 εἱλή-

291 2980 423 3033 φασι
452 2959 674 3033 βλάϐος,
719 2954 859 3010 ἀλλὰ
897 2952 994 3005 καὶ
1031 2948 1233 3021 μᾶλλον
1275 2947 1397 3018 Θεῷ
1441 2946 1877 3017 πεπλουτήκασι,

288 3052 369 3123 τῷ
396 3050 610 3121 σώματι
642 3047 893 3116 συνεργῷ
918 3040 1055 3113 πρὸς
1089 3036 1287 3110 ἀρετὴν
1314 3036 1415 3088 οὐκ
1443 3035 1725 3104 ἀντιπάλῳ
1747 3052 1881 3107 χρη-

293 3146 549 3217 σάμεναι.

368 3341 387 3374 ι
422 3320 484 3373 Εἰ
517 3316 722 3382 τελεία,
755 3310 989 3384 φασὶν,ὴ
1012 3306 1105 3361 τοῦ
1138 3306 1315 3375 Λόγου
1348 3305 1672 3369 ὑπόστασις,
1697 3303 1877 3357 τελεία

291 3415 348 3467 δὲ
378 3413 539 3482 καίὴ
584 3408 680 3463 τοῦ
738 3402 1031 3477 ἀνθρώπου
1082 3402 1141 3455 δν
1186 3400 1469 3463 άνέλαὸεν,
1502 3399 1772 3469 ἄτρεπτος
1823 3395 1877 3447 δὲ

292 3516 387 3564 καὶ
415 3511 442 3562 ὁ
469 3508 640 3575 Λόγος
677 3502 989 3574 μεμένηκεν
1017 3537 1030 3561 ,
1057 3494 1434 3557 ἀναλλοιὼτως
1464 3492 1520 3545 δὲ
1557 3492 1651 3545 καὶ
1679 3493 1710 3560 ἡ
1745 3488 1881 3561 σὰρξ

293 3598 677 3659 διασέσωσται,
704 3592 819 3654 πῶς
855 3591 914 3643 οὑ
944 3589 1036 3641 δύο
1058 3587 1239 3656 λέγειν
1272 3583 1604 3644 ὑποστάσεις
1634 3581 1879 3647 εὐσεϐὲς,

299 3690 423 3761 μηδ’
491 3686 759 3755 ὁποτέρας
792 3679 1211 3751 συγκεχυμένης
1243 3694 1258 3743 ;
1295 3697 1312 3729 ι
1362 3676 1604 3728 Ἐοίκασι
1658 3673 1718 3725 δέ
1790 3690 1880 3741 μοι

296 3774 773 3847 κακουργόταταῆ
826 3770 1184 3841 ἀμαθέστατα
1219 3766 1553 3839 προσφέρειν
1608 3765 1704 3826 τὰς
1746 3762 1882 3815 πεύ-

300 3890 435 3933 σεις.
466 3873 573 3923 Καὶ
595 3868 704 3937 γάρ
729 3866 803 3927 ὼς
834 3865 900 3917 ἂν
934 3864 983 3915 εἰ
1017 3861 1093 3932 μὴ
1122 3857 1694 3931 προδιαστειλαμένων
1724 3854 1881 3924 ἡμῶν

297 3966 367 4019 τά
400 3981 465 4015 πε
479 3964 531 4032 pi.
561 3960 654 4012 τοῦ
677 3956 909 4019 τελείου,
936 3954 1055 4017 πῶς
1077 3954 1142 4006 ἂν
1164 3951 1376 4019 λέγοιτο
1406 3950 1499 4003 καὶ
1523 3948 1550 4002 ὅ
1574 3966 1624 4001 τι
1653 3945 1844 4009 διττῶς
1861 3961 1878 3979 ο

298 4057 527 4131 προσέτι
558 4055 613 4108 δὲ
647 4053 739 4107 καὶ
773 4048 904 4121 περὶ
935 4046 1028 4100 τοῦ
1074 4045 1284 4117 κυρίως
1336 4041 1742 4112 σημαινομένου
1782 4040 1882 4110 τῆς

297 4149 690 4210 ὑποστάσεως,
766 4140 1190 4214 μεταϐαίνουσιν
1241 4136 1349 4191 ἀπὸ
1403 4133 1505 4205 τῆς
1562 4132 1653 4186 τοῦ
1704 4133 1879 4199 Λόγου

299 4243 538 4314 φύσεως,
570 4239 668 4309 τῆς
700 4236 796 4290 καλ¹
824 4234 886 4286 τὸ
908 4230 1090 4286 κοινὸν
1121 4225 1499 4300 σημαινούσης
1521 4227 1620 4295 τῆς
1645 4223 1878 4293 φύσεως,

301 4333 446 4409 μετὰ
466 4331 560 4386 τοῦ
595 4330 728 4384 ἰδίου
759 4328 859 4398 τῆς
891 4323 1248 4384 ὑποστάσεως
1269 4337 1282 4351 ⁸
1326 4320 1501 4389 Λόγου
1528 4320 1636 4389 γὰρ
1671 4319 1882 4389 ἔφαμεν

298 4426 461 4497 φύσιν
482 4463 497 4488 ,
520 4422 620 4491 οὐχ
666 4417 852 4480 ἁπλῶς
883 4414 1067 4484 φύσιν,
1099 4413 1195 4466 ἐπὶ
1226 4413 1287 4465 τὸ
1324 4412 1453 4465 ἴδιον
1482 4411 1648 4464 αὑτοῦ
1685 4428 1883 4481 σημαι-

295 4518 524 4589 νόμενον
554 4515 652 4583 τῆς
680 4511 1051 4572 ὑποστάσεως.
1078 4506 1190 4560 Καί
1218 4521 1349 4574 φασι
1378 4502 1593 4558 τελείαν
1623 4499 1762 4556 εῖναι
1786 4501 1879 4555 τοῦ

1978 653 2374 723 proprietatem
2406 652 2658 707 locorum
2688 654 2744 708 in
2773 654 2977 725 quibus
3005 657 3156 729 degit
3176 668 3234 716 et
3262 673 3552 732 versatur;

1977 742 2107 813 quia
2145 744 2297 799 enim
2341 743 2670 813 simpliciter
2705 744 2956 801 innatum
2994 758 3076 803 est
3116 750 3169 805 ei
3207 752 3351 821 pati,
3392 754 3558 826 hujus

1974 834 2249 905 passionis
2272 850 2440 905 capax
2461 843 2564 890 est.
2591 835 3027 907 Circumscripta
3051 840 3217 896 etiam
3235 851 3319 898 est
3342 845 3556 902 ratione

1975 924 2311 980 exsistentiaz
2340 924 2480 995 (l6).
2507 924 2724 980 Dicitur
2748 925 2949 982 deinde
2985 929 3232 984 secundo
3266 932 3430 988 modo
3453 935 3559 989 οξτο

1977 1015 2314 1085 cumscripta
2348 1029 2493 1080 esse,
2526 1025 2801 1085 quatenus
2830 1016 2968 1070 vivit
2993 1017 3048 1071 in
3069 1033 3302 1089 corpore
3322 1022 3560 1078 circum-

1976 1107 2204 1177 scripto.
2251 1107 2503 1162 Adicitur
2555 1108 2723 1163 etiam
2774 1109 3079 1164 secundum
3134 1110 3307 1166 Deum
3354 1113 3559 1171 divinis

1976 1196 2168 1261 rebus,
2188 1212 2538 1267 nequaquam
2599 1215 2731 1254 vero
2762 1209 2991 1270 propter
3024 1215 3248 1271 corpus.
3271 1203 3558 1271 Quomodo

1974 1288 2122 1343 enim
2165 1297 2394 1359 propter
2421 1305 2643 1361 corpus,
2685 1292 2833 1361 quod
2869 1307 3254 1362 saepenumero
3306 1298 3558 1354 resistit?

1975 1380 2110 1451 quin
2141 1382 2327 1452 potius
2360 1389 2587 1452 propter
2618 1398 2675 1438 se
2704 1392 2760 1439 et
2790 1393 3049 1440 naturam
3086 1402 3263 1453 suam,
3292 1405 3418 1444 cum
3457 1406 3558 1447 cu-

1977 1473 2183 1544 piditas
2243 1473 2470 1544 quidem
2523 1490 2711 1530 amore
2761 1491 2890 1546 erga
2940 1477 3113 1531 Deum
3164 1480 3554 1550 protenditur;

1976 1565 2053 1619 ita
2101 1580 2236 1620 vero
2278 1565 2518 1620 viriliter
2557 1568 2837 1633 roborata,
2884 1577 2940 1623 et
2987 1586 3097 1623 non
3144 1570 3379 1639 inﬂexa,
3430 1590 3556 1628 cum

1977 1657 2281 1727 cupiditate
2312 1659 2614 1728 conspirat.
2650 1660 2808 1713 Ratio
2838 1669 3022 1716 autem
3055 1678 3247 1717 eorum
3288 1682 3411 1735 qua:
3446 1682 3557 1722 non

1978 1748 2257 1815 videntur,
2287 1751 2787 1821 contemplationes
2828 1753 2942 1824 (t7)
2990 1753 3107 1809 sine
3146 1755 3557 1815 inumbratione

1977 1849 2033 1896 et
2053 1841 2394 1897 obscuritate
2419 1843 2638 1912 recipit,
2661 1851 2717 1898 et
2746 1844 2907 1899 unice
2932 1845 3297 1903 illmninatur.
3324 1851 3558 1907 Pulchre

1977 1942 2104 1988 ante
2153 1949 2256 1989 nos
2301 1950 2331 1988 a
2379 1934 2619 2005 quodam
2659 1937 2906 2006 sapiente
2961 1939 3169 1994 dictum
3219 1952 3343 1998 est:
3386 1960 3557 2000 unum

1976 2025 2314 2081 desiderium
2344 2026 2573 2091 bonum,
2598 2035 2655 2083 et
2692 2038 2961 2085 aeternum
2990 2046 3101 2101 quo
3144 2049 3275 2088 vera
3318 2036 3559 2105 cognitio

1977 2114 2412 2183 concupiscitur.
2442 2114 2551 2170 Has
2585 2118 2861 2185 potentias
2897 2118 3113 2173 animus
3153 2121 3248 2190 qui
3287 2123 3556 2188 sordidat,

1977 2207 2033 2260 in
2064 2206 2203 2260 vitio
2245 2215 2301 2261 et
2350 2207 2660 2277 ignorantia
2713 2220 3005 2276 versatur,
3057 2219 3114 2266 et
3156 2227 3267 2267 non
3315 2228 3383 2267 ex
3432 2228 3559 2269 cor-

1975 2313 2110 2367 pore
2145 2298 2279 2353 vitia
2325 2298 2498 2365 ducit,
2556 2300 2810 2370 quamvis
2840 2303 3092 2371 quaedam
3138 2319 3206 2358 ex
3272 2304 3405 2374 ipsis
3462 2321 3562 2375 per

1978 2402 2182 2459 corpus
2228 2397 2560 2458 patrantur;
2610 2405 2677 2444 ex
2724 2392 2929 2460 quibus
2970 2392 3107 2446 nihil
3141 2408 3382 2463 unquam
3425 2395 3562 2450 Ver-

1976 2477 2107 2533 bum
2158 2479 2256 2534 Dei
2310 2480 2557 2550 recipere
2610 2490 2815 2552 potest,
2877 2498 3003 2538 cum
3058 2484 3131 2539 sit
3197 2493 3393 2539 natura
3453 2486 3560 2540 im-

1978 2570 2265 2634 mutabile,
2336 2580 2393 2625 et
2465 2573 2815 2629 invariabile.
2881 2576 3005 2630 Non
3085 2585 3267 2632 tamen
3333 2592 3563 2650 propter

1980 2660 2481 2729 impassibilitatem
2532 2671 2745 2718 natura;
2786 2666 3069 2721 recusabit
3115 2667 3380 2722 unionem
3424 2671 3561 2725 sub-

1979 2752 2290 2806 stantialem
2314 2768 2438 2806 cum
2472 2762 2667 2808 natura
2694 2755 2955 2820 humana,
2979 2772 3048 2811 ne
3074 2759 3348 2813 recusatio
3377 2761 3561 2829 passio

1979 2859 2108 2898 vera
2136 2843 2254 2898 fore
2285 2845 2562 2909 videatur,
2588 2854 2645 2900 et
2674 2846 2854 2900 vereri
2888 2846 2942 2901 in
2969 2847 3077 2902 illis
3110 2864 3231 2904 esse
3279 2850 3333 2903 in
3359 2852 3562 2920 quibus

1979 2937 2177 2992 animae
2210 2936 2587 2991 studiosorum
2619 2938 2738 3006 ipso
2772 2938 3023 3008 adjutorc
3054 2939 3186 2993 nihil
3228 2940 3559 2997 incommodi

1979 3047 2045 3087 ex
2120 3046 2352 3102 corpore
2416 3039 2723 3101 ceperunt,
2793 3031 2903 3085 imo
2988 3033 3162 3103 magis
3236 3034 3350 3089 Deo
3412 3034 3562 3105 pleni

1980 3125 2206 3180 fuerunt
2254 3134 2476 3179 utentes
2505 3139 2736 3191 corpore
2792 3140 2902 3177 non
2955 3124 3295 3193 adversario,
3332 3126 3430 3183 sed
3463 3127 3564 3183 ad-

1973 3219 2182 3288 jutore.

2059 3328 2077 3359 ‹
2111 3308 2167 3363 Si
2220 3306 2498 3377 perfecta,
2539 3307 2817 3377 inquiunt,
2865 3316 2950 3364 est
3006 3309 3317 3380 hypostasis
3360 3310 3561 3375 Verbi,

1980 3409 2037 3453 et
2080 3399 2322 3468 perfecta
2373 3399 2503 3452 item
2550 3399 2790 3454 hominis
2819 3416 2983 3470 quem
3023 3402 3305 3471 suscepit,
3361 3402 3564 3459 mansit

1981 3499 2162 3545 autem
2218 3491 2461 3546 Verbum
2515 3492 2896 3559 immutabile,
2951 3509 3081 3547 caro
3121 3494 3287 3548 etiam
3343 3506 3562 3551 servata

1980 3592 2064 3637 est
2129 3582 2507 3650 invariabilis;
2563 3584 2841 3655 quomodo
2893 3600 3005 3639 non
3048 3596 3133 3641 est
3181 3587 3333 3654 pium
3377 3586 3562 3641 dicere

1981 3674 2120 3729 duas
2156 3676 2501 3747 hypostases,
2535 3684 2737 3731 neutra
2775 3675 3046 3730 confusa?
3098 3676 3365 3731 Videntur
3425 3676 3560 3732 mihi

1982 3765 2139 3819 valde
2188 3766 2461 3819 malitiose
2512 3773 2568 3819 et
2623 3764 2845 3819 indocte
2896 3768 3233 3835 percontari.
3277 3768 3561 3837 Siquidem

1982 3856 2139 3926 quasi
2192 3871 2295 3911 nos
2344 3873 2454 3911 non
2517 3857 2673 3925 prius
2734 3859 3150 3913 distinxerimus
3214 3860 3560 3930 perfectum,

1982 3948 2261 4019 quomodo
2312 3948 2529 4004 dicatur
2589 3958 2646 4005 et
2689 3952 2835 4021 quod
2886 3950 3228 4020 dupliciter;
3296 3961 3562 4022 prmterea

1982 4042 2173 4106 etiam,
2213 4042 2344 4111 quid
2386 4042 2609 4112 proprie
2641 4042 2914 4113 signiﬁcet
2944 4042 3274 4113 hypostasis,
3323 4042 3563 4098 transfe-

1982 4141 2117 4188 runt
2169 4150 2226 4189 se
2266 4149 2297 4187 a
2345 4144 2541 4189 natura
2596 4134 2800 4199 Verbi,
2855 4150 2977 4204 quae
3048 4150 3339 4191 commune
3392 4135 3559 4190 etiam

1980 4236 2194 4281 naturae
2256 4242 2379 4281 cum
2461 4226 2802 4295 proprietate
2860 4226 3173 4297 hypostasis
3241 4224 3561 4295 signiﬁcat:

1981 4316 2149 4371 Verbi
2195 4315 2342 4370 enim
2396 4324 2655 4369 naturam
2696 4314 2939 4370 diximus
2970 4331 3079 4369 non
3107 4314 3434 4385 simpliciter
3465 4330 3566 4371 na-

1984 4416 2195 4473 turam;
2226 4406 2585 4473 transferunt,
2612 4408 2857 4477 inquam,
2890 4422 2948 4463 se
2981 4407 3047 4462 ad
3083 4408 3365 4477 proprium
3393 4408 3567 4479 signi-

1985 4500 2204 4555 llcatum
2248 4499 2580 4571 hypostasis,
2603 4507 2662 4554 et
2703 4498 2861 4553 aiunt
2903 4500 3202 4569 perfectam
3239 4514 3359 4552 esse
3390 4499 3566 4569 hypo-

298 4587 474 4679 Λόγου
550 4607 649 4677 τὴν
705 4603 1040 4663 ὑπόστασιν,
1072 4598 1215 4653 οὕτω
1280 4596 1572 4659 καλοῦντες
1630 4594 1728 4667 τὴν
1783 4594 1877 4647 τοῦ

1986 4592 2171 4647 stasim
2216 4591 2415 4646 Verbi:
2452 4591 2532 4645 sic
2552 4599 2817 4646 vocantes
2838 4599 3091 4645 naturam
3125 4589 3245 4643 Filii
3276 4589 3562 4659 αὐτοτελῆ,

297 4702 509 4773 Κυρίου
535 4694 833 4761 αὐτοτελῆ
862 4691 1048 4763 φύσιν,
1080 4691 1179 4761 τὴν
1212 4689 1312 4742 οὑκ
1334 4687 1503 4758 ἄλλην
1529 4686 1696 4740 οὖσαν
1726 4687 1879 4756 παρὰ

295 4793 398 4865 τὴν
427 4791 522 4846 τοῦ
552 4788 770 4861 Πατρός
792 4804 804 4815 ·
837 4803 915 4857 τῳ
939 4778 1433 4854 χαρακτηριστικῷ
1460 4779 1519 4831 δὲ
1552 4779 1649 4849 τῆς
1679 4778 1880 4849 ἰδιότη-

298 4903 390 4948 τος
432 4885 533 4956 τῆς
578 4880 720 4937 κατὰ
764 4879 862 4949 τὴν
898 4875 1155 4945 γέννησιν
1208 4871 1367 4942 μόνον
1405 4869 1789 4940 διαφέρουσαν,
1820 4870 1879 4922 τδ

303 4979 498 5049 ἰδίωμα
523 4971 962 5046 κατηγοροῦντες
989 4966 1110 5019 ἀντὶ
1140 4962 1235 5018 τοῦ
1260 4965 1318 5016 ὲν
1347 4956 1389 5031 ᾧ
1414 4962 1476 5015 τὸ
1520 4960 1716 5049 ἰδίωμα
1738 4976 1752 4991 ο
1786 4961 1881 5014 καὶ

300 5068 402 5135 τὴν
427 5045 617 5137 σχέσιν
641 5045 739 5132 τὴν
768 5059 906 5131 πρὸς
928 5055 1157 5127 ἄλληλα,
1199 5052 1321 5106 ἀντὶ
1361 5050 1471 5127 τῶν
1524 5051 1584 5104 ὲν
1619 5045 1700 5114 οἷς
1744 5050 1880 5121 αὑτὴ

302 5160 709 5229 κατηγορεῖται.
746 5153 867 5207 Τῶν
902 5150 1012 5219 γὰρ
1042 5147 1364 5216 ὀνομάτων,
1398 5144 1468 5197 τὰ
1504 5143 1601 5213 μὲν
1635 5143 1738 5212 τῆς
1780 5143 1881 5211 φύ-

304 5268 445 5314 σεως
493 5250 601 5302 τῶν
640 5245 1025 5315 ὑποκειμένων
1077 5241 1198 5294 ἐστὶ
1250 5236 1550 5307 δηλωτικὰ,
1582 5235 1653 5289 τὰ
1685 5236 1742 5288 δὲ
1778 5236 1879 5306 τῆς

305 5319 689 5415 σχέσεωςθτῶν
730 5341 1074 5410 πραγμάτων
1126 5337 1241 5388 έστι
1281 5328 1642 5400 γνωριστικά.
1668 5327 1790 5380 Τῶν
1828 5330 1885 5382 δὲ

306 5434 625 5508 έτεροειδῶν
665 5433 801 5504 πρὸς
853 5432 921 5486 τά
975 5426 1198 5500 ὁμοειδῆ
1242 5422 1682 5478 έπαλλάττουσαν
1735 5420 1884 5473 ἔστιν

376 5580 447 5653 (ε)
473 5578 660 5635 Schol.
694 5576 831 5647 Περὶ
860 5573 1154 5646 Εὑαγρίου.

378 5695 498 5776 ςὶὄξ
519 5692 745 5764 Propter
762 5692 1012 5776 unionem
1041 5705 1159 5743 cum
1185 5703 1423 5776 corpore.
1459 5685 1558 5739 Διὰ
1581 5683 1679 5755 τὴν
1694 5684 1892 5754 κρᾶσιν

310 5760 407 5819 τοῦ
435 5760 709 5833 σώματος,
745 5779 801 5833 q.
867 5760 924 5815 d.
957 5768 1182 5831 propter
1225 5760 1545 5814 mistionem
1597 5770 1722 5810 cum
1763 5768 1887 5809 cor-

312 5851 486 5909 pore;
504 5832 640 5909 T15R-

384 5904 496 5976 (l6)
538 5903 756 5959 Ratione
783 5902 1116 5956 exsistemiw.
1157 5897 1481 5968 ’Υπάρξεως
1502 5895 1666 5966 λόγῳ.
1706 5894 1781 5949 ln.

1982 4684 2036 4738 id
2068 4693 2172 4749 est,
2210 4698 2308 4753 per
2338 4699 2396 4737 se
2428 4682 2752 4752 perfectam,
2781 4699 2903 4752 qua:
2956 4697 3066 4735 non
3113 4689 3197 4736 est
3226 4682 3330 4736 alia
3367 4691 3566 4752 prteter

1981 4784 2235 4830 naturam
2256 4774 2454 4838 Patris,
2469 4773 2854 4844 designatione
2880 4773 3236 4843 proprietatis
3257 4774 3565 4829 secundum

1980 4867 2388 4939 generationem
2439 4867 2619 4921 solum
2676 4864 2961 4931 differens,
3021 4865 3389 4935 pradicantes
3435 4882 3567 4936 pro-

1988 4960 2277 5030 prietatem
2304 4974 2405 5027 pro
2432 4974 2499 5014 eo
2553 4958 2607 5013 in
2639 4973 2749 5028 quo
2785 4966 2869 5013 est
2894 4958 3232 5029 pr0prietas;
3268 4965 3324 5012 et
3346 4956 3569 5012 bahitu-

1990 5050 2176 5109 dinem
2217 5061 2536 5106 naturarum
2594 5052 2742 5108 inter
2793 5067 2851 5108 se
2894 5067 2999 5122 pro
3031 5050 3097 5105 iis
3127 5050 3181 5104 in
3221 5050 3423 5121 quibus
3453 5050 3571 5107 haec

1990 5144 2261 5200 habitudo
2313 5144 2667 5214 praedicatur.
2694 5143 2930 5200 Nomina
2970 5143 3119 5198 enim
3153 5142 3256 5197 alia
3289 5142 3570 5198 declarant

1988 5247 2239 5292 naturam
2290 5237 2705 5307 subiectorum,
2762 5237 2870 5292 alia
2942 5235 3325 5291 habitudinem
3383 5249 3567 5288 rerum

1989 5330 2312 5387 ostendunt.
2346 5329 2552 5384 Eorum
2584 5336 2767 5383 autem
2799 5344 2921 5400 quae
2960 5328 3144 5399 Specie
3182 5326 3465 5387 ditiorum,
3498 5323 3568 5379 ad

1989 5439 2054 5479 ea
2101 5437 2221 5494 qua:
2266 5414 2514 5492 ejusdem
2555 5421 2759 5492 Speciei
2791 5432 2940 5489 sunt,
2965 5421 3185 5476 diversa
3213 5427 3502 5474 estcomm
3550 5441 3572 5455 -

2075 5681 2185 5752 (17)
2202 5678 2700 5752 Contemplationes.
2742 5678 2971 5752 ’ᾼῦλους
2988 5673 3256 5752 ἐμφάσεις
3284 5677 3443 5752 voca}
3465 5669 3563 5735 τὰς

1992 5740 2229 5821 θεωρίας
2272 5749 2382 5802 τῶν
2424 5740 2880 5821 ’ἀοράτωςθηῆτοι
2906 5740 3032 5821 τῷν’
3069 5740 3144 5816 μὴ
3193 5740 3564 5821 βλεπομένων,

1991 5817 2465 5875 considerationes
2486 5817 2844 5874 invisibiliu'm
2877 5817 2965 5872 vel
3003 5831 3112 5871 non
3146 5817 3566 5885 apparentium,

1996 5902 2055 5946 ut
2073 5899 2299 5946 sanctus
2323 5890 2527 5947 Paulus
2548 5890 2646 5944 ait.
2673 5889 2747 5945 la.
