4068 6544
501 432 656 524 1287’

1728 448 2041 513 LEONTII
2078 448 2489 515 BYZANTINI

3634 463 3775 528 1288

490 570 696 630 uicatio
727 564 1117 625 habitudinum
1149 574 1317 616 :nam
1357 571 1482 630 quae
1516 557 1727 614 habent
1770 559 2087 615 communia

2193 560 2374 632 εὑρεῖν
2402 563 2502 635 τὴν
2533 565 2825 620 κοινωνίαν
2851 564 2965 621 τῶν
3004 570 3250 640 σχέσεων
3279 588 3292 602 ·
3324 564 3407 637 οἷς
3431 573 3543 645 γὰρ
3562 574 3633 630 ἂν
3660 594 3782 632 κοι-

492 663 719 739 speclei,
767 659 979 716 scilicet
1022 657 1381 727 hypostases,
1433 651 1522 707 bis
1574 650 1964 707 communibus
2017 665 2083 705 ea

491 770 615 828 quae
645 759 780 808 sunt
797 748 1049 822 ejusdem
1085 743 1318 816 speciei,
1350 757 1551 813 nempe
1577 742 1815 807 naturis,
1852 740 1943 797 his
1985 756 2085 797 co-

491 844 757 915 pulantur
796 839 946 894 inter
975 850 1037 891 se
1077 843 1179 891 :et
1211 833 1419 904 quibus
1468 831 1798 889 dividuntur
1852 847 1916 888 ea
1960 848 2085 904 qum

491 944 622 991 sunt
661 931 895 989 diversae
945 927 1177 1000 speciei,
1234 939 1437 997 nempe
1483 926 1724 991 naturis,
1775 925 1863 981 bis
1913 940 2087 996 copu-

490 1028 677 1083 lantur
703 1025 853 1081 inter
878 1037 940 1079 se
968 1037 1093 1093 quae
1115 1028 1247 1076 sunt
1278 1017 1529 1090 ejusdem
1571 1017 1779 1088 speciei
1806 1034 1821 1071 :
1845 1031 2085 1073 numero

492 1121 641 1176 enim
684 1118 926 1175 discreta
966 1117 1116 1170 inter
1138 1127 1219 1177 se,
1250 1125 1377 1166 cum
1405 1110 1471 1164 iis
1496 1123 1620 1179 quae
1654 1116 1788 1163 sunt
1831 1107 2084 1179 ejusdem

2188 652 2421 707 νωνοῦσι
2461 656 2577 718 τοῖς
2615 656 2944 727 ὲτεροειδέσι
2999 661 3067 715 τὰ
3109 661 3354 733 ὁμοειδῆ,
3380 663 3594 732 τούτοις
3632 668 3779 723 διαι-

2185 744 2407 815 ροῦνται
2456 747 2594 819 πρὸς
2642 748 2851 804 ἑαυτά·
2881 751 2977 805 καὶ
3016 749 3099 818 οἷς
3144 752 3485 827 διαιροῦνται
3525 760 3665 830 πρὸς
3707 763 3782 815 τὰ

2184 836 2482 908 ὲτεροειδῆ,
2513 840 2729 905 τούτοις
2779 843 3113 900 συνάπτεται
3145 846 3283 917 πρὸς
3311 850 3503 904 ἑαυτά.
3535 851 3628 922 Τῷ
3674 854 3780 923 μὲν

2185 928 2299 1001 γὰρ
2347 929 2568 1002 ἀριθμῴ
2608 933 2746 1003 πρὸς
2784 934 2956 989 ἑαυτὰ
2998 936 3413 1009 διακρινόμενα,
3445 943 3524 1013 τῷ
3568 943 3628 997 δὲ
3660 945 3782 1016 ὅρῳ

2189 1020 2328 1092 πρὸς
2382 1023 2551 1077 ἑαυτά
2593 1024 3005 1099 συναπτόμενα,
3061 1031 3172 1084 τῶν
3219 1032 3538 1101 έτεροειδῶν
3590 1035 3784 1090 διακέ-

2188 1130 2397 1184 κριται.

492 1212 699 1285 speciei
743 1210 1098 1281 copulantur,
1137 1205 1194 1259 in
1241 1210 1443 1258 natura
1483 1201 1718 1257 scilicet.
1749 1198 2084 1255 Deﬂnitione
2121 1211 2309 1260 autem
2358 1208 2613 1279 copulata
2670 1209 2817 1266 inter
2862 1226 2942 1280 se,
3002 1213 3072 1269 ab
3106 1212 3176 1270 iis
3230 1230 3353 1286 quae
3385 1224 3515 1272 sunt
3542 1216 3784 1275 diversa:

493 1302 723 1367 naturai
758 1309 1019 1364 distincta
1050 1311 1200 1359 sunt.

563 1430 701 1486 Cum
726 1443 858 1499 ergo
890 1424 1013 1480 duae
1038 1420 1395 1478 habitudines
1422 1418 1727 1476 secundum
1771 1416 1918 1475 idem
1946 1416 2086 1475 Ver-

491 1524 622 1580 bum
665 1526 989 1584 cernantur,
1022 1532 1131 1571 una
1158 1513 1412 1585 quidem,
1453 1512 1764 1567 secundum
1797 1526 1967 1582 quam
1998 1509 2088 1565 Fi-

490 1618 601 1674 lius
647 1622 734 1671 est
778 1612 925 1667 idem
962 1625 1089 1665 cum
1124 1609 1289 1662 Patre
1318 1624 1331 1673 ;
1360 1606 1556 1672 altera,
1582 1603 1890 1659 secundum
1920 1618 2086 1672 quam

490 1708 668 1766 Filius
701 1713 789 1761 est
815 1703 885 1758 ab
912 1718 978 1758 eo
1015 1700 1333 1763 distinctus,
1362 1705 1420 1752 et
1444 1713 1554 1752 una
1579 1695 1805 1768 quidem
1832 1695 2085 1750 declare-

2261 1421 2365 1476 Δὺο
2391 1419 2486 1478 οῦν
2515 1423 2753 1495 σχέσεων
2781 1424 2921 1479 κατά
2950 1424 3043 1480 τὸν
3070 1426 3232 1482 αὑτὸν
3259 1428 3433 1499 Λόγον
3465 1430 3785 1504 Θεωρουμέ·

2189 1530 2316 1578 νων,
2352 1514 2482 1584 μιᾶς
2539 1514 2637 1585 μὲν
2675 1513 2798 1569 καθ’
2831 1515 2900 1585 ἢν
2928 1515 3030 1587 τὴν
3080 1517 3390 1590 ταυτότητα
3438 1520 3552 1591 ἔχει
3588 1523 3617 1575 ό
3649 1524 3782 1589 Υἰδς

2189 1604 2327 1675 πρὸς
2348 1604 2437 1659 τὸν
2459 1605 2700 1678 Πατέρα,
2721 1606 2913 1678 ἐτέρας
2932 1607 2989 1660 δὲ
3017 1608 3142 1662 καθ’
3169 1610 3238 1683 ἣν
3268 1612 3296 1664 ὁ
3325 1611 3453 1676 Υίδς
3480 1614 3580 1667 ἀπ’
3600 1612 3779 1669 αὑτοῦ

2190 1696 2531 1771 διακέκριται
2555 1715 2569 1729 ·
2594 1699 2691 1754 καὶ⁵
2723 1700 2820 1772 τῆς
2855 1701 2953 1769 μὲν
2974 1702 3040 1774 τῇ
3068 1701 3166 1773 τῆς
3193 1702 3411 1772 φύσεως
3434 1709 3781 1780 προσηγορίᾳ

490 1809 583 1857 ιιιι-
624 1795 998 1869 appellatione
1028 1802 1278 1858 naturae;
1324 1790 1499 1844 altera
1544 1804 1679 1845 vero
1717 1788 2088 1859 appellatione

2193 1789 2554 1863 δηλουμένης,
2587 1792 2688 1863 τῆς
2747 1791 2805 1844 δὲ
2865 1795 2933 1865 τῇ
2997 1794 3101 1865 τῆς
3161 1794 3516 1862 ὑποστάσεως
3581 1800 3778 1871 κλήσει

491 1888 849 1965 hypostasis:
887 1892 1298 1942 commutantes
1353 1882 1445 1937 isti
1504 1880 1894 1948 habitudines,
1923 1879 2086 1935 habi-

492 1985 743 2042 tudinem
797 1982 1233 2052 distinguentem
1280 1993 1310 2032 a
1353 1975 1520 2032 Patre
1560 1971 1716 2030 carni
1747 1970 1900 2037 dant,
1934 1972 2091 2044 igno-

493 2086 681 2133 rantes
726 2084 985 2130 naturam
1047 2069 1273 2143 quidem
1322 2076 1495 2123 totam
1546 2081 1667 2122 esse
1697 2065 1819 2133 Dei,
1856 2079 1980 2135 qua:
2006 2072 2090 2120 est

491 2167 809 2226 substantia
855 2163 1047 2230 Verbi,
1078 2161 1311 2234 perfecti
1359 2159 1642 2232 perfecta;
1690 2157 2087 2229 proprietatem

489 2278 627 2321 vero
651 2240 1028 2333 generationis
1056 2254 1275 2319 fecisse,
1313 2261 1375 2309 ut
1406 2259 1705 2308 vocaretur
1753 2250 2087 2323 hypostasis,

490 2363 552 2412 et
588 2353 806 2418 Filius;
841 2347 1008 2406 sicuti
1039 2361 1236 2403 rursus
1279 2343 1337 2399 in
1375 2344 1538 2399 Patre
1584 2341 1903 2415 proprietas
1931 2341 2091 2396 inna-

491 2445 831 2512 scibilitatis,
862 2453 920 2499 et
947 2456 1129 2498 causa!
1183 2439 1550 2512 hypostasim,
1576 2447 1633 2494 et
1651 2438 1872 2494 Patrem
1896 2446 2089 2495 osten-

493 2542 598 2599 dit.
622 2539 775 2596 ldem
813 2533 1233 2607 intelligendum
1261 2541 1347 2589 est
1382 2532 1440 2587 in
1474 2531 1689 2602 Spiritu
1712 2538 1907 2588 sancto
1936 2547 1951 2586 :
1976 2546 2089 2587 non

492 2632 646 2690 enim
671 2638 870 2687 natura
902 2627 1103 2692 Patris,
1125 2633 1183 2681 et
1222 2624 1372 2690 Filii,
1403 2633 1459 2679 et
1488 2622 1733 2693 Spiritus
1763 2622 1940 2679 sancti
1975 2622 2088 2678 vim

495 2722 666 2780 habet
692 2714 1030 2789 complendi,
1059 2725 1320 2787 tanquam
1362 2712 1550 2769 minus
1575 2712 1647 2768 sit
1685 2712 1742 2767 in
1771 2728 1883 2767 una
1920 2726 2086 2782 quam

496 2816 554 2872 in
576 2813 775 2871 tribus.
802 2811 873 2867 Et
897 2810 1004 2867 hoc
1023 2817 1110 2865 est
1131 2816 1334 2863 natura
1353 2805 1620 2871 Trinitas,
1644 2803 1795 2875 quod
1811 2811 1896 2860 est
1914 2820 2089 2861 unum

493 2904 633 2977 quid
664 2917 860 2959 eorum
923 2901 1021 2972 qui
1068 2906 1378 2956 cernuntur
1412 2897 1470 2953 in
1501 2896 1796 2964 Trinitate,
1825 2896 2087 2967 quoniam

493 2978 609 3055 non
636 3006 725 3053 est
750 3011 821 3053 cx
843 2994 1026 3050 tribus
1051 2989 1393 3063 imperfectis
1431 3005 1605 3046 unum
1637 2988 1971 3061 perfectum,
1989 2986 2088 3045 sed

492 3105 565 3147 ex
594 3086 774 3143 tribus
804 3084 1066 3159 perfectis
1104 3098 1279 3139 unum
1307 3079 1789 3153 supraperfectum
1841 3086 1900 3135 et
1934 3086 2083 3134 ante-

2191 1883 2625 1958 γνωριζομένης,
2653 1884 2756 1950 τὰς
2791 1886 3007 1958 σχέσεις
3035 1887 3267 1954 ἐναλλὰξ
3294 1891 3644 1961 ποιήσαντες,
3675 1893 3779 1966 τὴν

2190 1976 2296 2028 ἀπὸ
2317 1976 2411 2030 τοῦ
2442 1977 2656 2050 Πατρδς
2678 1977 3064 2047 διακρίνουσαν
3096 1981 3282 2048 σχέσιν
3312 1982 3449 2055 πρὸς
3468 1984 3566 2058 τὴν
3596 1986 3781 2057 σάρκα

2191 2067 2450 2135 διδόασιν,
2484 2070 2809 2140 ἀγνοοῦντες
2850 2071 2946 2145 τὴν
2971 2071 3062 2143 ζὼς
3111 2074 3442 2141 ὑπόστασιν,
3468 2077 3549 2132 ὅτι
3611 2078 3780 2149 φύσις

2193 2160 2292 2231 μὲν
2327 2159 2421 2232 ὅλη
2455 2161 2591 2216 Θεοῦ
2619 2165 2651 2234 ἡ
2676 2163 2837 2217 οὐσία
2868 2163 2963 2218 τοῦ
3001 2164 3202 2235 Λόγου,
3224 2165 3429 2222 τελείου
3462 2167 3645 2223 τελεία
3670 2186 3685 2199 ·
3715 2170 3781 2224 τὸ

2189 2250 2246 2305 δὲ
2302 2252 2503 2323 ίδίωμα
2548 2254 2648 2325 τῆς
2692 2256 3026 2329 γεννήσεως,
3075 2256 3374 2314 ὑπόστασίν
3403 2278 3461 2314 τε
3507 2263 3602 2316 καὶ
3647 2262 3780 2317 Υἰὸν

2194 2344 2495 2416 κεκλῆσθαι
2528 2347 2832 2420 πεποίηκεν
2857 2364 2871 2379 ·
2903 2347 3093 2422 ὥσπερ
3118 2347 3185 2405 αὖ
3216 2351 3310 2407 imi
3337 2353 3432 2408 τοῦ
3458 2354 3689 2428 Πατρὶς,
3714 2356 3780 2410 τὸ

2194 2433 2389 2506 ἰδίωμα
2418 2435 2516 2509 τῆς
2542 2439 2871 2510 ἀγεννησίας
2891 2442 2987 2495 καὶ
3014 2442 3113 2497 τοῦ
3152 2445 3349 2514 αἰτίου,
3383 2445 3684 2501 ὑπόστασίν
3711 2466 3775 2503 τε

2189 2527 2283 2582 καὶ
2314 2526 2534 2601 Πατέρα
2559 2529 2828 2602 ἀπέφηνε.
2848 2534 2921 2587 Τὸ
2951 2532 2996 2587 δ’
3025 2534 3158 2588 αὑτὸ
3197 2537 3291 2592 καὶ
3325 2540 3455 2611 περὶ
3485 2537 3576 2593 τοῦ
3612 2539 3773 2608 ἁγίου

2192 2619 2518 2692 Πνεὺματος
2565 2623 2769 2678 ἐννοεῖν
2823 2626 2972 2699 χρή’
3013 2626 3075 2680 οὑ
3120 2628 3230 2702 γὰρ
3275 2629 3772 2705 συμπληρωτικὴή

2190 2709 2284 2766 τοῦ
2324 2711 2541 2785 Πατρὺς
2590 2715 2685 2768 καὶ
2729 2715 2861 2770 Υἰοῦ
2905 2717 3002 2772 καὶ
3049 2719 3208 2789 ἁγίου
3240 2721 3563 2793 Πνεῦματος
3587 2723 3771 2794 φύσις,

2189 2802 2267 2866 ὡς
2296 2796 2390 2859 οὖν
2428 2803 2631 2876 μᾶλλον
2665 2809 2723 2862 ἐν
2753 2807 2831 2879 τῷ
2858 2810 2942 2862 ἐνὶ
2972 2810 3005 2882 ἢ
3035 2811 3094 2865 ἐν
3129 2814 3242 2876 τοῖς
3268 2813 3435 2884 τρισί.
3463 2815 3575 2870 Καὶ
3612 2814 3774 2871 τοῦτο

2188 2897 2256 2967 τῇ
2288 2892 2501 2968 φύσειή
2532 2896 2725 2970 Τριάς,
2757 2901 2898 2972 ὅπερ
2928 2899 2995 2956 ἂν
3021 2900 3080 2955 ἓν
3103 2920 3154 2956 τι
3186 2902 3296 2958 τῶν
3326 2905 3383 2959 ὲν
3406 2903 3600 2978 Τριάδι
3634 2905 3771 2961 θεω-

2193 2985 2472 3059 ρουμένων
2499 2988 2757 3060 τυγχάνοι
2776 3006 2791 3022 ο
2821 2990 2905 3045 ὅτι
2938 2991 3014 3062 μὴ
3044 2991 3105 3058 ἐξ
3130 2992 3338 3048 ἀτελῶν
3377 2994 3546 3068 τριῶν
3578 2996 3639 3050 ἓν
3675 2995 3771 3050 τέ-

2190 3078 2353 3147 λειον,
2381 3080 2495 3134 ἀλλ’
2529 3082 2593 3134 ὲκ
2620 3080 2789 3153 τριῶν
2810 3082 3033 3137 τελείων
3066 3083 3126 3139 ἓν
3155 3085 3455 3155 ὑπερτελὲς
3500 3087 3597 3142 καὶ
3632 3103 3770 3161 προ-

493 3180 929 3255 ροτίοσιιιιη,ιιιι
955 3176 1159 3232 alicubi
1182 3175 1321 3231 dicit
1348 3190 1582 3246 magnus
1600 3172 1919 3246 Dionysius.
1945 3172 2086 3229 Cum

2193 3168 2420 3235 τέλειον,
2459 3169 2536 3234 ῶς
2555 3186 2658 3224 που
2686 3172 2715 3225 ὁ
2744 3171 2920 3243 μέγας
2968 3172 3076 3246 ἔφη
3119 3173 3416 3240 Διονύσιος.
3448 3176 3548 3244 Ἐξ
3586 3178 3769 3231 τοίνυν

495 3273 666 3347 igitur
684 3287 780 3328 sex
805 3268 1162 3326 habitudines
1183 3265 1612 3338 contempletur,
1637 3264 1778 3322 duas
1807 3266 1989 3323 Patris
2014 3266 2084 3322 ad

494 3364 762 3428 Verbum,
783 3371 839 3418 et
864 3359 1034 3418 Verbi
1066 3359 1137 3414 ad
1166 3359 1386 3415 Patrem
1427 3374 1440 3411 :
1473 3355 1615 3413 duas
1658 3356 1860 3415 deinde
1911 3358 2084 3415 Verbi

494 3455 569 3513 ad
602 3469 850 3520 carnem,
876 3462 934 3508 et
982 3450 1170 3507 carnis
1211 3449 1281 3506 ad
1322 3448 1567 3506 Verbum
1605 3467 1618 3505 :
1649 3448 1789 3506 duas
1816 3458 2086 3521 praeterea

494 3546 708 3607 Christi
758 3544 828 3601 ad
885 3558 1011 3612 nos,
1067 3551 1124 3598 et
1164 3550 1387 3599 nostras
1433 3540 1503 3598 ad
1544 3542 1761 3614 ipsum;
1795 3551 1911 3599 tres
1945 3541 2087 3599 ﬁunt

496 3636 783 3712 generales
839 3631 1400 3717 conjugationesaAc
1442 3633 1624 3704 prima
1671 3633 1895 3704 quidem
1928 3633 2088 3690 habi-

456 3786 461 3790 _
499 3729 634 3787 tudo
661 3725 1113 3799 coniugationum
1147 3724 1230 3780 sic
1270 3723 1459 3790 habet,
1491 3723 1637 3778 sicut
1665 3723 1828 3779 tertia
1859 3722 2086 3794 quidem

496 3835 532 3877 a
561 3818 739 3891 prima
765 3833 779 3872 :
809 3813 1055 3873 secunda
1094 3828 1230 3869 vero
1258 3829 1312 3868 .a
1335 3811 1540 3879 media,
1576 3812 1667 3867 illa
1705 3812 1857 3868 enim
1880 3812 2086 3883 quibus

496 3918 745 3969 extrema
794 3909 942 3963 inter
984 3922 1043 3963 se
1084 3904 1460 3969 conveniunt,
1500 3904 1782 3960 contrario
1819 3903 1986 3960 modo
2026 3918 2087 3960 se

498 4000 730 4065 habent,
771 4006 941 4070 atque
972 3997 1030 4053 in
1058 3996 1277 4064 media;
1310 3995 1456 4052 sicut
1483 4006 1702 4063 contra,
1730 3996 2088 4065 media.Qui-

499 4095 608 4151 bus
624 4093 773 4148 enim
803 4089 1085 4147 contrarie
1102 4088 1268 4144 habet
1296 4088 1364 4144 ad
1391 4104 1450 4144 se
1476 4089 1673 4160 ipsam,
1690 4092 2089 4148 convenienter

500 4185 673 4241 habet
715 4181 787 4238 ad
828 4187 1190 4246 extrema,et
1230 4180 1439 4250 quibus
1486 4195 1684 4236 rursus
1749 4182 2090 4238 convenien-

503 4286 588 4334 ter
642 4274 810 4331 habet
856 4272 928 4330 ad
977 4288 1038 4330 se
1081 4274 1296 4345 ipsam,
1337 4272 1617 4329 contrarie
1668 4272 1837 4331 habet
1893 4274 1963 4331 ad
1989 4290 2089 4331 ex-

502 4377 704 4425 trema.

571 4459 670 4517 liis
692 4456 938 4517 breviter
960 4455 1127 4513 dictis
1146 4497 1161 4523 ,
1183 4455 1430 4513 conabor
1467 4457 1764 4529 explanare
1810 4459 2086 4530 exemplo.

2195 3262 2431 3333 σχέσεων
2482 3262 2616 3332 ἡμῖν
2656 3262 3070 3336 Θεωρουμένων,
3100 3265 3246 3322 δυεῖν
3275 3265 3379 3339 μὲν
3415 3267 3511 3323 τοῦ
3555 3268 3771 3342 Πατρὺς

2192 3352 2330 3424 πρὸς
2373 3351 2463 3407 τὸν
2482 3353 2675 3422 Λόγον,
2705 3355 2801 3409 καὶ
2841 3354 2937 3410 τοῦ
2976 3356 3154 3427 Λόγου
3191 3358 3330 3432 πρὸς
3366 3359 3458 3415 τὸν
3506 3361 3768 3434 Πατέρα·

2189 3443 2335 3499 δυεῖν
2361 3444 2418 3498 δὲ
2446 3443 2542 3500 τοῦ
2580 3446 2753 3517 Λόγου
2784 3448 2922 3521 πρὸς
2950 3448 3051 3523 τὴν
3080 3451 3282 3520 σάρκα,
3310 3452 3525 3527 καὶτῆς
3570 3456 3772 3527 σαρκὸς

2194 3539 2330 3611 πρὸς
2372 3539 2464 3593 τὸν
2504 3540 2678 3609 Λόγον
2703 3582 2719 3609 ,
2749 3541 2894 3597 δυεῖν
2930 3542 2989 3597 δὲ
3024 3541 3120 3597 τοῦ
3165 3543 3403 3619 Χριστοῦ
3436 3546 3572 3618 πρὸς
3599 3547 3769 3619 ἡμᾶς’

2194 3630 2288 3684 καί
2319 3630 2477 3701 ήμῶν
2509 3630 2643 3703 πρὸς
2660 3629 2846 3698 αὑτὸν,
2878 3633 3028 3703 τρεῖς
3069 3633 3312 3700 γίνονται
3351 3634 3642 3692 καθολικαὶ
3679 3653 3776 3691 συ-

2194 3720 2402 3791 ζυγίαι.
2434 3722 2544 3777 Καὶ
2588 3724 2622 3794 ή
2672 3722 2775 3794 μὲν
2831 3722 3027 3796 πρώτη
3081 3723 3193 3778 τῶν
3259 3725 3533 3794 συζυγιῶν
3587 3728 3774 3800 σχέσις

2192 3813 2367 3879 οὕτως
2393 3814 2616 3886 ἕχει,ὡς
2650 3817 2682 3887 ἠ
2710 3815 2868 3889 τρίτη
2899 3815 2998 3887 μὲν
3024 3816 3131 3870 ἀπὸ
3148 3818 3246 3890 τῆς
3276 3817 3523 3892 πρώτης,
3546 3819 3773 3892 δευτέρα

2193 3906 2249 3960 δὲ
2281 3906 2389 3961 ἀπὸ
2420 3907 2520 3978 τῆς
2553 3907 2724 3979 μέσης
2745 3923 2760 3938 ⁸
2798 3903 2880 3972 οἷς
2908 3908 3016 3980 γὰρ
3043 3907 3348 3980 ᾠκείωνται
3384 3912 3441 3966 αἱ
3468 3912 3773 3985 ἀκρότητες

2194 4001 2331 4070 πρὸς
2360 4001 2581 4068 ἑαυτὰς,
2611 4001 2871 4065 ἐναντίως
2903 4001 3124 4073 ἔχουσαι
3157 4002 3294 4075 πρὸς
3320 4002 3420 4075 τὴν
3454 4004 3628 4076 μέσην
3653 4021 3669 4036 °
3698 4006 3772 4071 ὡς

2194 4093 2487 4166 ἒμπαλινή
2516 4092 2680 4166 μέση.
2718 4092 2814 4157 Οἷς
2846 4093 2956 4165 γὰρ
2999 4094 3259 4159 ἐναντίως
3301 4095 3417 4166 ἔχει
3466 4095 3605 4166 πρὸς
3650 4098 3774 4151 ἑαυο

2194 4184 2314 4257 τὴν,
2342 4183 2560 4250 οἰκείως
2607 4183 2723 4254 ἔχει
2762 4181 2904 4253 πρὸς
2950 4183 3048 4247 τὰς
3084 4183 3426 4256 ἀκρότητας·
3462 4186 3557 4241 καὶ
3613 4186 3773 4242 πάλιν

2195 4270 2275 4341 οἷς
2307 4277 2526 4342 οἰκείως
2566 4276 2683 4349 ἔχει
2715 4277 2856 4350 πρὸς
2901 4275 3128 4349 ἑαυτὴν,
3175 4277 3443 4344 ἐναντίως
3473 4277 3586 4351 ἔχει
3633 4280 3777 4351 πρὸς

2196 4371 2295 4432 τὰς
2317 4369 2643 4441 ἀκρότητας.

2269 4459 2489 4516 Τούτων
2530 4462 2819 4534 συντόμως
2847 4459 3161 4535 εἰρημένων
3189 4462 3490 4533 σαφηνίσαι
3514 4462 3654 4533 αὑτά
3681 4463 3775 4521 ἐπὶ

504 4551 630 4608 Sint
678 4549 874 4622 posita:
921 4558 1034 4605 tres
1082 4563 1213 4617 res,
1263 4548 1445 4604 anima
1487 4548 1834 4620 simpliciter,
1886 4566 2088 4622 corpus

2198 4552 2643 4625 παραδείγματος
2685 4553 3040 4626 πειράσομαι.
3071 4552 3293 4608 Κείσθω
3337 4554 3394 4609 δὲ
3437 4554 3569 4628 τρία
3598 4556 3775 4628 πράγ-

504 4641 856 4714 simpliciter,
891 4641 1058 4697 homo
1082 4656 1150 4696 ex
1173 4640 1357 4696 anima
1376 4649 1433 4697 et
1459 4657 1691 4713 corpore
1727 4645 2088 4715 compositus,

503 4744 561 4791 ct
602 4736 804 4791 horum
836 4735 981 4789 inter
1020 4748 1078 4790 sc
1103 4731 1480 4799 habitudines,
1527 4742 1590 4789 ut
1629 4736 1828 4791 animae
1864 4736 1934 4792 ad
1973 4739 2095 4795 ani-

506 4844 675 4894 mam,
699 4827 898 4884 animae
948 4824 1018 4882 ad
1058 4839 1264 4897 corpus
1299 4841 1493 4894 suum;
1522 4826 1766 4885 hominis
1793 4829 1862 4886 ad
1890 4845 2094 4904 corpus

506 4918 860 4991 simpliciter,
888 4928 945 4973 et
974 4916 1043 4972 ad
1079 4916 1318 4972 animam
1357 4917 1701 4988 simpliciter.
1736 4919 1934 4977 Anima
1964 4923 2092 4993 qui-

507 5011 635 5067 dem
668 5009 738 5066 ad
761 5008 1001 5064 animam
1033 5008 1114 5064 sic
1143 5024 1202 5064 se
1231 5007 1420 5075 habet,
1447 5017 1510 5064 ut
1531 5010 1855 5069 diversitate
1877 5024 2091 5071 natura:

509 5104 748 5159 discreta
793 5101 893 5166 sit;
946 5100 1101 5154 unita
1136 5116 1273 5157 vero
1318 5100 1537 5158 ratione
1566 5102 1899 5176 hypostasis,
1921 5122 2089 5177 quam

510 5195 619 5249 vita
654 5190 1001 5264 ἀλληλοῦχος,
1030 5190 1081 5246 id
1121 5199 1227 5259 est,
1260 5202 1453 5249 mutuo
1492 5204 1739 5267 accepta,
1776 5206 1835 5254 et
1874 5197 2091 5254 reddita

510 5282 746 5357 perfecit
791 5299 807 5336 :
850 5281 958 5337 hoc
988 5282 1233 5339 secunda
1272 5283 1578 5356 eademque
1611 5286 1789 5343 media
1824 5288 2091 5346 habitudo

511 5382 695 5430 servat
730 5388 746 5428 :
782 5371 951 5428 homo
983 5387 1118 5429 vero
1154 5372 1222 5429 ad
1267 5389 1471 5447 corpus
1519 5375 1868 5448 simpliciter,
1920 5389 1977 5435 et
2025 5379 2095 5437 ad

512 5462 751 5519 animam
791 5461 1116 5535 simpliciter
1148 5465 1377 5532 relatus,
1406 5474 1669 5539 tanquam
1691 5475 1841 5525 totus
1865 5471 2095 5526 omnino

513 5552 585 5609 ab
613 5541 737 5609 istis
768 5552 1066 5622 discretus,
1102 5564 1331 5627 propter
1373 5556 1758 5614 habitudinem
1794 5558 1861 5614 ad
1909 5571 2097 5631 partes

513 5660 683 5713 suas,
739 5644 1037 5702 secundam
1088 5648 1537 5706 communionem
1582 5665 1709 5706 cum
1761 5650 1895 5724 ipsis
1940 5651 2092 5710 facit.

514 5737 698 5807 Quare
744 5737 999 5797 Christus
1040 5738 1109 5795 ad
1152 5755 1257 5797 nos
1278 5748 1335 5796 et
1357 5740 1428 5796 ad
1463 5741 1685 5798 Patrem
1719 5744 1949 5810 relatus,
1975 5756 2099 5800 tan-

2196 4661 2365 4711 ματα,
2420 4644 2567 4716 ψυχὴ
2626 4644 2836 4711 ἁπλῶς,
2887 4644 3047 4715 σῶμα
3091 4642 3300 4711 ἁπλῶς,
3361 4643 3651 4718 ἄνθρωπος
3710 4648 3776 4703 ἐκ

2192 4733 2376 4806 ψυχῆς
2402 4735 2499 4791 καὶ⁷
2526 4734 2778 4808 σώματος
2810 4733 3084 4801 συνεστώς
3107 4752 3123 4768 ο
3155 4738 3250 4790 καὶ
3295 4736 3502 4791 τούτων
3535 4739 3592 4793 αί
3638 4740 3775 4810 πρὸς

2193 4825 2453 4896 ἀλλήλαις
2503 4829 2738 4900 σχέσεις,
2766 4823 2877 4884 οἷον
2922 4829 3106 4902 ψυχῆς
3165 4830 3303 4902 πρὸς
3360 4831 3776 4906 ψυχὴν,ψυχῆς

2196 4919 2334 4991 πρὸς
2382 4919 2444 4974 τδ
2484 4920 2685 4993 ἑαυτῆς
2729 4922 2910 4995 σῶμα,
2949 4923 3238 4996 ἀνθρώπου
3296 4924 3434 4998 πρὸς
3475 4925 3536 4980 τὸ
3587 4927 3774 4994 ἁπλῶς

2195 5011 2395 5085 ψυχήν.
2423 5013 2583 5086 Ψυχὴ
2644 5012 2746 5084 μὲν
2806 5015 2916 5087 γὰρ
2958 5015 3097 5085 πρὸς
3133 5014 3312 5088 ψυχὴν
3343 5016 3422 5089 τῷ
3466 5017 3647 5091 ταυτῷ
3678 5020 3775 5090 τῆς

2197 5105 2386 5169 οὑσίας
2420 5105 2698 5179 ἡνωμένη.
2737 5106 2815 5175 τῷ
2853 5106 3097 5180 διαφόρῳ
3134 5094 3232 5178 τῆς
3273 5108 3627 5175 ὑποστάσεως
3660 5111 3775 5165 δια-

2200 5199 2492 5269 κέκριται·
2523 5196 2684 5251 τοῦτο
2717 5198 2977 5269 ἡπρώτη
3030 5199 3125 5252 καὶ
3173 5199 3207 5265 ἢ
3249 5197 3537 5254 τελευταία
3593 5202 3776 5272 σχέσις

2199 5287 2311 5342 τῶν
2376 5287 2648 5358 συζυγιῶν
2675 5306 2688 5321 ο
2732 5288 2879 5361 ψυχὴ
2912 5290 2969 5342 δὲ
3010 5290 3146 5361 πρὸς
3183 5289 3243 5343 τὸ
3272 5289 3445 5362 αὐτῆς
3488 5291 3671 5364 ᾤμα,
3696 5310 3776 5364 τῳ

2205 5378 2306 5447 μὲν
2363 5379 2590 5452 ἑτεροίῳ
2648 5378 2752 5451 τῆς
2826 5379 3047 5450 φύσεως
3117 5379 3501 5454 διακέκριται,
3570 5383 3774 5455 ἥνωται

2201 5471 2257 5526 δὲ
2314 5471 2392 5543 τῷ
2449 5472 2593 5545 λόγῳ
2656 5473 2756 5545 τῆς
2816 5472 3189 5537 ὑποστάσεως,
3241 5473 3312 5546 ἢν
3369 5474 3773 5547 ήάλληλοῦχος

2202 5562 2317 5634 ζωὴ
2376 5564 2675 5619 ἀπετέλεσε
2698 5581 2711 5595 ’
2771 5564 2933 5621 τοῦτο
2994 5567 3029 5637 ἡ
3083 5565 3317 5639 δευτέρα
3375 5569 3472 5623 καὶ
3525 5570 3561 5641 ή
3625 5568 3765 5640 μέση

2201 5654 2461 5720 διασώζει
2521 5657 2705 5729 σχέσις
2731 5673 2745 5691 ·
2809 5658 3100 5731 ἄνθρωπος
3153 5659 3211 5715 δὲ
3264 5663 3401 5734 πρὸς
3459 5663 3522 5717 τὺ
3587 5661 3776 5723 ἁπλῶς

2207 5747 2391 5819 σῶμα,
2440 5750 2538 5804 καὶ
2570 5750 2670 5820 τὴν
2708 5751 2898 5818 ἁπλῶς
2934 5750 3115 5825 ψυχὴν
3134 5793 3149 5819 ,
3178 5751 3302 5819 ὅλος
3343 5755 3524 5828 πάντη
3570 5753 3778 5812 τούτων

582 5920 697 5981 tl8i
754 5921 944 5979 Carm:
1001 5923 1334 5996 hypostasin.
1366 5920 1554 5980 Utitur
1599 5925 1870 5984 vocabulo
1902 5942 2077 5986 causa:

2193 5944 2215 5986 υ
2245 5930 2539 6006 principio,
2564 5948 2718 5993 more
2740 5931 3078 5994 Graecorum.
3109 5936 3246 5992 Tun.
