  <div class='ocr_page' id='page_1' title='image "/cluster/home/n/w/nwhite01/storage/ocr_20150623/86:1/hvd.32044019208909/652.png"; bbox 0 0 4068 6528; ppageno 0'>
   <div class='ocr_carea' id='block_1_1' title="bbox 274 445 411 517">
    <p class='ocr_par' dir='ltr' id='par_1_1' title="bbox 274 445 411 517">
     <span class='ocr_line' id='line_1_1' title="bbox 274 445 411 517; baseline 0.022 -5"><span class='ocrx_word' id='word_1_1' title='bbox 274 445 411 517; x_wconf 75' lang='lat'><strong>1289</strong></span> 
     </span>
    </p>
   </div>
   <div class='ocr_carea' id='block_1_2' title="bbox 1338 438 2497 546">
    <p class='ocr_par' dir='ltr' id='par_1_2' title="bbox 1338 438 2497 546">
     <span class='ocr_line' id='line_1_2' title="bbox 1338 438 2497 546; baseline 0.001 -29"><span class='ocrx_word' id='word_1_2' title='bbox 1338 440 1642 546; x_wconf 63' lang='lat' dir='ltr'><strong>“comta</strong></span> <span class='ocrx_word' id='word_1_3' title='bbox 1683 438 2002 518; x_wconf 78' lang='lat' dir='ltr'><strong>NESTon.</strong></span> <span class='ocrx_word' id='word_1_4' title='bbox 2040 457 2134 517; x_wconf 87' lang='lat' dir='ltr'><strong>ET</strong></span> <span class='ocrx_word' id='word_1_5' title='bbox 2175 442 2497 518; x_wconf 76' lang='lat' dir='ltr'><strong>EUTYCH.</strong></span> 
     </span>
    </p>
   </div>
   <div class='ocr_carea' id='block_1_3' title="bbox 3407 457 3542 526">
    <p class='ocr_par' dir='ltr' id='par_1_3' title="bbox 3407 457 3542 526">
     <span class='ocr_line' id='line_1_3' title="bbox 3407 457 3542 526; baseline 0.015 -2"><span class='ocrx_word' id='word_1_6' title='bbox 3407 457 3542 526; x_wconf 79' lang='lat'><strong>1290</strong></span> 
     </span>
    </p>
   </div>
   <div class='ocr_carea' id='block_1_4' title="bbox 270 552 1847 644">
    <p class='ocr_par' dir='ltr' id='par_1_4' title="bbox 270 552 1847 644">
     <span class='ocr_line' id='line_1_4' title="bbox 270 552 1847 644; baseline 0.001 -25"><span class='ocrx_word' id='word_1_7' title='bbox 270 566 719 644; x_wconf 73' lang='grc' dir='ltr'>διακεκριμένος,</span> <span class='ocrx_word' id='word_1_8' title='bbox 753 567 841 621; x_wconf 86' lang='grc' dir='ltr'>διὰ</span> <span class='ocrx_word' id='word_1_9' title='bbox 871 567 969 640; x_wconf 79' lang='grc' dir='ltr'>τὴν</span> <span class='ocrx_word' id='word_1_10' title='bbox 1003 567 1137 639; x_wconf 77' lang='grc' dir='ltr'>πρὸς</span> <span class='ocrx_word' id='word_1_11' title='bbox 1171 568 1240 622; x_wconf 72' lang='grc' dir='ltr'><strong>τὰ</strong></span> <span class='ocrx_word' id='word_1_12' title='bbox 1271 552 1468 624; x_wconf 68' lang='grc' dir='ltr'>ἑαυτοῦ</span> <span class='ocrx_word' id='word_1_13' title='bbox 1504 571 1647 642; x_wconf 84' lang='grc' dir='ltr'>μέρη</span> <span class='ocrx_word' id='word_1_14' title='bbox 1701 569 1847 641; x_wconf 78' lang='grc' dir='ltr'>πρῶ·</span> 
     </span>
    </p>
   </div>
   <div class='ocr_carea' id='block_1_5' title="bbox 1951 552 3547 644">
    <p class='ocr_par' dir='ltr' id='par_1_5' title="bbox 1955 571 3547 644">
     <span class='ocr_line' id='line_1_5' title="bbox 1955 571 3547 644; baseline 0.007 -22"><span class='ocrx_word' id='word_1_15' title='bbox 1955 583 2118 639; x_wconf 87' lang='lat' dir='ltr'><strong>quam</strong></span> <span class='ocrx_word' id='word_1_16' title='bbox 2144 578 2293 624; x_wconf 83' lang='lat' dir='ltr'><strong>totus</strong></span> <span class='ocrx_word' id='word_1_17' title='bbox 2323 585 2388 624; x_wconf 77' lang='lat' dir='ltr'><strong>ex</strong></span> <span class='ocrx_word' id='word_1_18' title='bbox 2425 571 2695 640; x_wconf 87' lang='lat' dir='ltr'><strong>partibus,</strong></span> <span class='ocrx_word' id='word_1_19' title='bbox 2724 582 2952 643; x_wconf 75' lang='lat' dir='ltr'><strong>propter</strong></span> <span class='ocrx_word' id='word_1_20' title='bbox 2973 586 3159 644; x_wconf 88' lang='lat' dir='ltr'><strong>partes</strong></span> <span class='ocrx_word' id='word_1_21' title='bbox 3179 591 3307 633; x_wconf 84' lang='lat' dir='ltr'><strong>suas</strong></span> <span class='ocrx_word' id='word_1_22' title='bbox 3327 578 3547 634; x_wconf 78' lang='lat' dir='ltr'><strong>medius</strong></span> 
     </span>
    </p>
   </div>
   <div class='ocr_carea' id='block_1_6' title="bbox 269 659 1847 734">
    <p class='ocr_par' dir='ltr' id='par_1_6' title="bbox 269 659 1847 734">
     <span class='ocr_line' id='line_1_6' title="bbox 269 659 1847 734; baseline 0.004 -24"><span class='ocrx_word' id='word_1_23' title='bbox 269 665 370 728; x_wconf 76' lang='grc' dir='ltr'><strong>την</strong></span> <span class='ocrx_word' id='word_1_24' title='bbox 398 659 604 729; x_wconf 86' lang='grc' dir='ltr'>σχέσιν,</span> <span class='ocrx_word' id='word_1_25' title='bbox 634 659 895 732; x_wconf 80' lang='grc' dir='ltr'><strong>δευτέραν</strong></span> <span class='ocrx_word' id='word_1_26' title='bbox 927 663 1162 714; x_wconf 84' lang='grc' dir='ltr'>ποιεῖται</span> <span class='ocrx_word' id='word_1_27' title='bbox 1192 661 1330 734; x_wconf 76' lang='grc' dir='ltr'>πρὸς</span> <span class='ocrx_word' id='word_1_28' title='bbox 1359 662 1500 716; x_wconf 76' lang='grc' dir='ltr'>αὐτὰ</span> <span class='ocrx_word' id='word_1_29' title='bbox 1538 662 1847 716; x_wconf 76' lang='grc' dir='ltr'><strong>κοινωνίαν.</strong></span> 
     </span>
    </p>
   </div>
   <div class='ocr_carea' id='block_1_7' title="bbox 275 750 1850 825">
    <p class='ocr_par' dir='ltr' id='par_1_7' title="bbox 275 750 1850 825">
     <span class='ocr_line' id='line_1_7' title="bbox 275 750 1850 825; baseline 0.003 -22"><span class='ocrx_word' id='word_1_30' title='bbox 275 751 438 804; x_wconf 78' lang='grc' dir='ltr'>Ὥστε</span> <span class='ocrx_word' id='word_1_31' title='bbox 468 750 564 804; x_wconf 68' lang='grc' dir='ltr'>καὶ</span> <span class='ocrx_word' id='word_1_32' title='bbox 596 753 625 806; x_wconf 83' lang='grc' dir='ltr'><strong>δ</strong></span> <span class='ocrx_word' id='word_1_33' title='bbox 653 753 889 824; x_wconf 84' lang='grc' dir='ltr'>Χριστὸς</span> <span class='ocrx_word' id='word_1_34' title='bbox 921 753 1056 825; x_wconf 80' lang='grc' dir='ltr'>πρὸς</span> <span class='ocrx_word' id='word_1_35' title='bbox 1090 755 1239 824; x_wconf 80' lang='grc' dir='ltr'>ἡμᾶς</span> <span class='ocrx_word' id='word_1_36' title='bbox 1260 755 1354 807; x_wconf 80' lang='grc' dir='ltr'><strong>καὶ</strong></span> <span class='ocrx_word' id='word_1_37' title='bbox 1382 752 1521 825; x_wconf 78' lang='grc' dir='ltr'>πρὸς</span> <span class='ocrx_word' id='word_1_38' title='bbox 1549 753 1638 806; x_wconf 75' lang='grc' dir='ltr'><strong>τὸν</strong></span> <span class='ocrx_word' id='word_1_39' title='bbox 1673 754 1850 807; x_wconf 81' lang='grc' dir='ltr'>Πατέ-</span> 
     </span>
    </p>
   </div>
   <div class='ocr_carea' id='block_1_8' title="bbox 274 842 1850 916">
    <p class='ocr_par' dir='ltr' id='par_1_8' title="bbox 274 842 1850 916">
     <span class='ocr_line' id='line_1_8' title="bbox 274 842 1850 916; baseline 0.001 -21"><span class='ocrx_word' id='word_1_40' title='bbox 274 860 366 913; x_wconf 86' lang='grc' dir='ltr'><strong>ρα,</strong></span> <span class='ocrx_word' id='word_1_41' title='bbox 396 842 474 907; x_wconf 84' lang='grc' dir='ltr'>ὡς</span> <span class='ocrx_word' id='word_1_42' title='bbox 501 843 622 907; x_wconf 79' lang='grc' dir='ltr'>ὅλος</span> <span class='ocrx_word' id='word_1_43' title='bbox 643 842 719 897; x_wconf 83' lang='grc' dir='ltr'>ὣν</span> <span class='ocrx_word' id='word_1_44' title='bbox 741 845 806 898; x_wconf 84' lang='grc' dir='ltr'>ὲκ</span> <span class='ocrx_word' id='word_1_45' title='bbox 833 844 1037 916; x_wconf 82' lang='grc' dir='ltr'><strong>μερῶν,</strong></span> <span class='ocrx_word' id='word_1_46' title='bbox 1075 844 1162 898; x_wconf 79' lang='grc' dir='ltr'>διὰ</span> <span class='ocrx_word' id='word_1_47' title='bbox 1186 845 1255 899; x_wconf 76' lang='grc' dir='ltr'>τὰ</span> <span class='ocrx_word' id='word_1_48' title='bbox 1276 843 1475 898; x_wconf 76' lang='grc' dir='ltr'>ἑαυτοῦ</span> <span class='ocrx_word' id='word_1_49' title='bbox 1519 845 1658 916; x_wconf 90' lang='grc' dir='ltr'>μέρη</span> <span class='ocrx_word' id='word_1_50' title='bbox 1694 862 1850 915; x_wconf 87' lang='grc' dir='ltr'>μεσι-</span> 
     </span>
    </p>
   </div>
   <div class='ocr_carea' id='block_1_9' title="bbox 272 928 1853 1007">
    <p class='ocr_par' dir='ltr' id='par_1_9' title="bbox 272 928 1853 1007">
     <span class='ocr_line' id='line_1_9' title="bbox 272 928 1853 1007; baseline 0.002 -21"><span class='ocrx_word' id='word_1_51' title='bbox 272 928 420 987; x_wconf 79' lang='grc' dir='ltr'>τεύει</span> <span class='ocrx_word' id='word_1_52' title='bbox 471 937 585 998; x_wconf 88' lang='grc' dir='ltr'>τοῖς</span> <span class='ocrx_word' id='word_1_53' title='bbox 631 934 841 1005; x_wconf 80' lang='grc' dir='ltr'>ἄκροις,</span> <span class='ocrx_word' id='word_1_54' title='bbox 876 936 1016 999; x_wconf 81' lang='grc' dir='ltr'>ὅλως</span> <span class='ocrx_word' id='word_1_55' title='bbox 1069 935 1169 1007; x_wconf 78' lang='grc' dir='ltr'>μὲν</span> <span class='ocrx_word' id='word_1_56' title='bbox 1223 936 1528 999; x_wconf 74' lang='grc' dir='ltr'><strong>ὑπόστασις</strong></span> <span class='ocrx_word' id='word_1_57' title='bbox 1577 936 1655 989; x_wconf 84' lang='grc' dir='ltr'>ὢν</span> <span class='ocrx_word' id='word_1_58' title='bbox 1715 936 1853 1006; x_wconf 78' lang='grc' dir='ltr'>πρὸς</span> 
     </span>
    </p>
   </div>
   <div class='ocr_carea' id='block_1_10' title="bbox 271 1026 1849 1100">
    <p class='ocr_par' dir='ltr' id='par_1_10' title="bbox 271 1026 1849 1100">
     <span class='ocr_line' id='line_1_10' title="bbox 271 1026 1849 1100; baseline 0.001 -20"><span class='ocrx_word' id='word_1_59' title='bbox 271 1026 444 1098; x_wconf 73' lang='grc' dir='ltr'>ἡμᾶς,</span> <span class='ocrx_word' id='word_1_60' title='bbox 489 1027 627 1098; x_wconf 71' lang='grc' dir='ltr'>μετὰ</span> <span class='ocrx_word' id='word_1_61' title='bbox 676 1028 774 1096; x_wconf 81' lang='grc' dir='ltr'>τῆς</span> <span class='ocrx_word' id='word_1_62' title='bbox 835 1027 1096 1100; x_wconf 82' lang='grc' dir='ltr'>θεότητος</span> <span class='ocrx_word' id='word_1_63' title='bbox 1143 1028 1232 1082; x_wconf 84' lang='grc' dir='ltr'>διὰ</span> <span class='ocrx_word' id='word_1_64' title='bbox 1271 1029 1372 1100; x_wconf 84' lang='grc' dir='ltr'><strong>τὴν</strong></span> <span class='ocrx_word' id='word_1_65' title='bbox 1424 1029 1849 1100; x_wconf 84' lang='grc' dir='ltr'>ἀνθρωπότητα,</span> 
     </span>
    </p>
   </div>
   <div class='ocr_carea' id='block_1_11' title="bbox 269 1116 1854 1192">
    <p class='ocr_par' dir='ltr' id='par_1_11' title="bbox 269 1116 1854 1192">
     <span class='ocr_line' id='line_1_11' title="bbox 269 1116 1854 1192; baseline -0.001 -20"><span class='ocrx_word' id='word_1_66' title='bbox 269 1116 760 1191; x_wconf 78' lang='grc' dir='ltr'>έπαλλαττομένων</span> <span class='ocrx_word' id='word_1_67' title='bbox 804 1120 915 1173; x_wconf 82' lang='grc' dir='ltr'><strong>τῶν</strong></span> <span class='ocrx_word' id='word_1_68' title='bbox 967 1120 1112 1173; x_wconf 73' lang='grc' dir='ltr'>κατὰ</span> <span class='ocrx_word' id='word_1_69' title='bbox 1168 1119 1270 1191; x_wconf 83' lang='grc' dir='ltr'><strong>τὴν</strong></span> <span class='ocrx_word' id='word_1_70' title='bbox 1325 1121 1600 1192; x_wconf 75' lang='grc' dir='ltr'><strong>διάκρισιν</strong></span> <span class='ocrx_word' id='word_1_71' title='bbox 1645 1137 1705 1174; x_wconf 87' lang='grc' dir='ltr'><strong>τε</strong></span> <span class='ocrx_word' id='word_1_72' title='bbox 1758 1119 1854 1173; x_wconf 72' lang='grc' dir='ltr'>καὶ</span> 
     </span>
    </p>
   </div>
   <div class='ocr_carea' id='block_1_12' title="bbox 268 1206 1852 1283">
    <p class='ocr_par' dir='ltr' id='par_1_12' title="bbox 268 1206 1852 1283">
     <span class='ocr_line' id='line_1_12' title="bbox 268 1206 1852 1283; baseline 0 -17"><span class='ocrx_word' id='word_1_73' title='bbox 268 1213 462 1266; x_wconf 69' lang='grc' dir='ltr'>ἕνωσιν</span> <span class='ocrx_word' id='word_1_74' title='bbox 501 1213 759 1282; x_wconf 76' lang='grc' dir='ltr'><strong>σχέσεων,</strong></span> <span class='ocrx_word' id='word_1_75' title='bbox 792 1206 869 1266; x_wconf 82' lang='grc' dir='ltr'>ὧν</span> <span class='ocrx_word' id='word_1_76' title='bbox 896 1230 956 1265; x_wconf 88' lang='grc' dir='ltr'><strong>τε</strong></span> <span class='ocrx_word' id='word_1_77' title='bbox 993 1213 1129 1283; x_wconf 66' lang='grc' dir='ltr'>πρὸς</span> <span class='ocrx_word' id='word_1_78' title='bbox 1175 1214 1372 1268; x_wconf 71' lang='grc' dir='ltr'>ἑαυτὸν</span> <span class='ocrx_word' id='word_1_79' title='bbox 1417 1213 1507 1269; x_wconf 77' lang='grc' dir='ltr'>διὰ</span> <span class='ocrx_word' id='word_1_80' title='bbox 1539 1217 1608 1267; x_wconf 77' lang='grc' dir='ltr'>τὰ</span> <span class='ocrx_word' id='word_1_81' title='bbox 1655 1212 1852 1267; x_wconf 78' lang='grc' dir='ltr'>ἑαυτοῦ</span> 
     </span>
    </p>
   </div>
   <div class='ocr_carea' id='block_1_13' title="bbox 271 1298 1852 1376">
    <p class='ocr_par' dir='ltr' id='par_1_13' title="bbox 271 1298 1852 1376">
     <span class='ocr_line' id='line_1_13' title="bbox 271 1298 1852 1376; baseline 0.001 -20"><span class='ocrx_word' id='word_1_82' title='bbox 271 1303 414 1375; x_wconf 76' lang='grc' dir='ltr'>μέρη</span> <span class='ocrx_word' id='word_1_83' title='bbox 446 1303 584 1374; x_wconf 79' lang='grc' dir='ltr'>ἔχων</span> <span class='ocrx_word' id='word_1_84' title='bbox 613 1303 942 1374; x_wconf 79' lang='grc' dir='ltr'><strong>γνωρίζεται</strong></span> <span class='ocrx_word' id='word_1_85' title='bbox 963 1345 978 1368; x_wconf 89' lang='grc'><strong>,</strong></span> <span class='ocrx_word' id='word_1_86' title='bbox 1015 1307 1108 1358; x_wconf 76' lang='grc' dir='ltr'><strong>καὶ</strong></span> <span class='ocrx_word' id='word_1_87' title='bbox 1138 1298 1214 1359; x_wconf 79' lang='grc' dir='ltr'>ὧν</span> <span class='ocrx_word' id='word_1_88' title='bbox 1242 1305 1381 1376; x_wconf 86' lang='grc' dir='ltr'>πρός</span> <span class='ocrx_word' id='word_1_89' title='bbox 1409 1322 1469 1357; x_wconf 86' lang='grc' dir='ltr'><strong>τε</strong></span> <span class='ocrx_word' id='word_1_90' title='bbox 1507 1305 1599 1358; x_wconf 84' lang='grc' dir='ltr'><strong>τὸν</strong></span> <span class='ocrx_word' id='word_1_91' title='bbox 1633 1304 1852 1376; x_wconf 79' lang='grc' dir='ltr'><strong>Πατέρα</strong></span> 
     </span>
    </p>
   </div>
   <div class='ocr_carea' id='block_1_14' title="bbox 269 1393 1853 1469">
    <p class='ocr_par' dir='ltr' id='par_1_14' title="bbox 269 1393 1853 1469">
     <span class='ocr_line' id='line_1_14' title="bbox 269 1393 1853 1469; baseline 0.001 -21"><span class='ocrx_word' id='word_1_92' title='bbox 269 1395 363 1450; x_wconf 74' lang='grc' dir='ltr'>καὶ</span> <span class='ocrx_word' id='word_1_93' title='bbox 393 1393 560 1466; x_wconf 74' lang='grc' dir='ltr'>ἡμᾶς,</span> <span class='ocrx_word' id='word_1_94' title='bbox 587 1393 678 1448; x_wconf 83' lang='grc' dir='ltr'>διὰ</span> <span class='ocrx_word' id='word_1_95' title='bbox 703 1394 801 1466; x_wconf 85' lang='grc' dir='ltr'>τὴν</span> <span class='ocrx_word' id='word_1_96' title='bbox 829 1395 939 1450; x_wconf 84' lang='grc' dir='ltr'>τῶν</span> <span class='ocrx_word' id='word_1_97' title='bbox 970 1396 1154 1469; x_wconf 81' lang='grc' dir='ltr'><strong>μερῶν</strong></span> <span class='ocrx_word' id='word_1_98' title='bbox 1186 1396 1322 1466; x_wconf 69' lang='grc' dir='ltr'>πρὸς</span> <span class='ocrx_word' id='word_1_99' title='bbox 1355 1397 1424 1450; x_wconf 75' lang='grc' dir='ltr'>τὰ</span> <span class='ocrx_word' id='word_1_100' title='bbox 1461 1396 1604 1468; x_wconf 84' lang='grc' dir='ltr'>ἄκρα</span> <span class='ocrx_word' id='word_1_101' title='bbox 1657 1397 1853 1451; x_wconf 81' lang='grc' dir='ltr'>οἰκειό-</span> 
     </span>
    </p>
   </div>
   <div class='ocr_carea' id='block_1_15' title="bbox 267 1487 1848 1561">
    <p class='ocr_par' dir='ltr' id='par_1_15' title="bbox 267 1487 1848 1561">
     <span class='ocr_line' id='line_1_15' title="bbox 267 1487 1848 1561; baseline 0.003 -21"><span class='ocrx_word' id='word_1_102' title='bbox 267 1503 406 1558; x_wconf 80' lang='grc' dir='ltr'>τητα</span> <span class='ocrx_word' id='word_1_103' title='bbox 425 1487 710 1559; x_wconf 84' lang='grc' dir='ltr'>κέκτηται.</span> <span class='ocrx_word' id='word_1_104' title='bbox 731 1488 1105 1559; x_wconf 78' lang='grc' dir='ltr'>Εὐγνωμόνως</span> <span class='ocrx_word' id='word_1_105' title='bbox 1121 1489 1178 1542; x_wconf 75' lang='grc' dir='ltr'><strong>δὲ</strong></span> <span class='ocrx_word' id='word_1_106' title='bbox 1194 1489 1303 1542; x_wconf 82' lang='grc' dir='ltr'><strong>τῶν</strong></span> <span class='ocrx_word' id='word_1_107' title='bbox 1331 1490 1514 1561; x_wconf 79' lang='grc' dir='ltr'>μερῶν</span> <span class='ocrx_word' id='word_1_108' title='bbox 1528 1492 1734 1544; x_wconf 88' lang='grc' dir='ltr'>άκουστ</span> <span class='ocrx_word' id='word_1_109' title='bbox 1743 1491 1848 1544; x_wconf 86' lang='grc' dir='ltr'>έον·</span> 
     </span>
    </p>
   </div>
   <div class='ocr_carea' id='block_1_16' title="bbox 266 1577 1849 1653">
    <p class='ocr_par' dir='ltr' id='par_1_16' title="bbox 266 1577 1849 1653">
     <span class='ocr_line' id='line_1_16' title="bbox 266 1577 1849 1653; baseline 0.003 -23"><span class='ocrx_word' id='word_1_110' title='bbox 266 1579 329 1632; x_wconf 87' lang='grc' dir='ltr'>οὐ</span> <span class='ocrx_word' id='word_1_111' title='bbox 364 1577 471 1649; x_wconf 82' lang='grc' dir='ltr'><strong>γὰρ</strong></span> <span class='ocrx_word' id='word_1_112' title='bbox 495 1579 581 1642; x_wconf 80' lang='grc' dir='ltr'>ὡς</span> <span class='ocrx_word' id='word_1_113' title='bbox 619 1580 686 1650; x_wconf 81' lang='grc' dir='ltr'>τῇ</span> <span class='ocrx_word' id='word_1_114' title='bbox 728 1580 891 1650; x_wconf 80' lang='grc' dir='ltr'>φύσει</span> <span class='ocrx_word' id='word_1_115' title='bbox 917 1579 1097 1651; x_wconf 74' lang='grc' dir='ltr'>ἁτελῆ</span> <span class='ocrx_word' id='word_1_116' title='bbox 1128 1581 1280 1644; x_wconf 79' lang='grc' dir='ltr'>ὄντα,</span> <span class='ocrx_word' id='word_1_117' title='bbox 1314 1581 1456 1652; x_wconf 84' lang='grc' dir='ltr'>μέρη</span> <span class='ocrx_word' id='word_1_118' title='bbox 1485 1581 1660 1636; x_wconf 81' lang='grc' dir='ltr'>ταῦτά</span> <span class='ocrx_word' id='word_1_119' title='bbox 1684 1591 1849 1653; x_wconf 77' lang='grc' dir='ltr'>φημι,</span> 
     </span>
    </p>
   </div>
   <div class='ocr_carea' id='block_1_17' title="bbox 267 1669 1854 1745">
    <p class='ocr_par' dir='ltr' id='par_1_17' title="bbox 267 1669 1854 1745">
     <span class='ocr_line' id='line_1_17' title="bbox 267 1669 1854 1745; baseline 0.003 -20"><span class='ocrx_word' id='word_1_120' title='bbox 267 1669 384 1725; x_wconf 79' lang='grc' dir='ltr'>ἀλλ’</span> <span class='ocrx_word' id='word_1_121' title='bbox 417 1671 493 1734; x_wconf 83' lang='grc' dir='ltr'>ὡς</span> <span class='ocrx_word' id='word_1_122' title='bbox 550 1671 1006 1743; x_wconf 76' lang='grc' dir='ltr'><strong>συμπληρωτικὰ</strong></span> <span class='ocrx_word' id='word_1_123' title='bbox 1061 1673 1158 1726; x_wconf 86' lang='grc' dir='ltr'><strong>τοῦ</strong></span> <span class='ocrx_word' id='word_1_124' title='bbox 1209 1672 1504 1744; x_wconf 75' lang='grc' dir='ltr'><strong>προσώπου</strong></span> <span class='ocrx_word' id='word_1_125' title='bbox 1559 1675 1658 1745; x_wconf 80' lang='grc' dir='ltr'>τῆς</span> <span class='ocrx_word' id='word_1_126' title='bbox 1713 1678 1854 1729; x_wconf 76' lang='grc' dir='ltr'>κατὰ</span> 
     </span>
    </p>
   </div>
   <div class='ocr_carea' id='block_1_18' title="bbox 265 1763 1854 1838">
    <p class='ocr_par' dir='ltr' id='par_1_18' title="bbox 265 1763 1854 1838">
     <span class='ocr_line' id='line_1_18' title="bbox 265 1763 1854 1838; baseline 0.003 -20"><span class='ocrx_word' id='word_1_127' title='bbox 265 1764 502 1836; x_wconf 69' lang='grc' dir='ltr'>Χριστδν</span> <span class='ocrx_word' id='word_1_128' title='bbox 552 1763 928 1829; x_wconf 67' lang='grc' dir='ltr'>ὑποστάσεως.</span> <span class='ocrx_word' id='word_1_129' title='bbox 965 1765 1124 1819; x_wconf 75' lang='grc' dir='ltr'>Οὕτω</span> <span class='ocrx_word' id='word_1_130' title='bbox 1175 1766 1286 1836; x_wconf 75' lang='grc' dir='ltr'>γὰρ</span> <span class='ocrx_word' id='word_1_131' title='bbox 1337 1767 1376 1818; x_wconf 89' lang='grc' dir='ltr'><strong>Γ</strong></span> <span class='ocrx_word' id='word_1_132' title='bbox 1383 1767 1626 1838; x_wconf 86' lang='grc' dir='ltr'>ρηγορίῳ</span> <span class='ocrx_word' id='word_1_133' title='bbox 1667 1785 1727 1821; x_wconf 84' lang='grc' dir='ltr'><strong>τε</strong></span> <span class='ocrx_word' id='word_1_134' title='bbox 1761 1770 1854 1822; x_wconf 77' lang='grc' dir='ltr'><strong>καὶ</strong></span> 
     </span>
    </p>
   </div>
   <div class='ocr_carea' id='block_1_19' title="bbox 266 1846 1852 1928">
    <p class='ocr_par' dir='ltr' id='par_1_19' title="bbox 266 1846 1852 1928">
     <span class='ocr_line' id='line_1_19' title="bbox 266 1846 1852 1928; baseline 0.001 -19"><span class='ocrx_word' id='word_1_135' title='bbox 266 1853 540 1926; x_wconf 80' lang='grc' dir='ltr'>Κυρίλλῳ,</span> <span class='ocrx_word' id='word_1_136' title='bbox 576 1846 671 1928; x_wconf 72' lang='grc' dir='ltr'>καὶ</span> <span class='ocrx_word' id='word_1_137' title='bbox 721 1856 780 1909; x_wconf 78' lang='grc' dir='ltr'>τὸ</span> <span class='ocrx_word' id='word_1_138' title='bbox 827 1856 950 1910; x_wconf 76' lang='grc' dir='ltr'>ὅλον</span> <span class='ocrx_word' id='word_1_139' title='bbox 987 1857 1048 1911; x_wconf 83' lang='grc' dir='ltr'><strong>ού</strong></span> <span class='ocrx_word' id='word_1_140' title='bbox 1089 1857 1191 1927; x_wconf 88' lang='grc' dir='ltr'><strong>μία</strong></span> <span class='ocrx_word' id='word_1_141' title='bbox 1217 1857 1399 1924; x_wconf 74' lang='grc' dir='ltr'>φύσις,</span> <span class='ocrx_word' id='word_1_142' title='bbox 1425 1859 1519 1912; x_wconf 75' lang='grc' dir='ltr'><strong>καὶ</strong></span> <span class='ocrx_word' id='word_1_143' title='bbox 1543 1859 1730 1922; x_wconf 84' lang='grc' dir='ltr'>ἁπλῶς</span> <span class='ocrx_word' id='word_1_144' title='bbox 1757 1859 1852 1912; x_wconf 72' lang='grc' dir='ltr'><strong>καὶ</strong></span> 
     </span>
    </p>
   </div>
   <div class='ocr_carea' id='block_1_20' title="bbox 262 1946 1585 2018">
    <p class='ocr_par' dir='ltr' id='par_1_20' title="bbox 262 1946 1585 2018">
     <span class='ocr_line' id='line_1_20' title="bbox 262 1946 1585 2018; baseline 0.002 -18"><span class='ocrx_word' id='word_1_145' title='bbox 262 1947 404 2018; x_wconf 82' lang='grc' dir='ltr'>πρός</span> <span class='ocrx_word' id='word_1_146' title='bbox 430 1963 502 2011; x_wconf 83' lang='grc' dir='ltr'><strong>τι,</strong></span> <span class='ocrx_word' id='word_1_147' title='bbox 528 1946 588 1999; x_wconf 89' lang='grc' dir='ltr'><strong>τό</strong></span> <span class='ocrx_word' id='word_1_148' title='bbox 610 1962 668 1999; x_wconf 87' lang='grc' dir='ltr'><strong>τε</strong></span> <span class='ocrx_word' id='word_1_149' title='bbox 693 1947 881 2010; x_wconf 78' lang='grc' dir='ltr'>ἀτελὲς</span> <span class='ocrx_word' id='word_1_150' title='bbox 911 1947 1004 2000; x_wconf 75' lang='grc' dir='ltr'><strong>καὶ</strong></span> <span class='ocrx_word' id='word_1_151' title='bbox 1025 1946 1086 1999; x_wconf 85' lang='grc' dir='ltr'><strong>τὸ</strong></span> <span class='ocrx_word' id='word_1_152' title='bbox 1118 1947 1325 2000; x_wconf 88' lang='grc' dir='ltr'>τέλειον</span> <span class='ocrx_word' id='word_1_153' title='bbox 1349 1947 1585 2017; x_wconf 80' lang='grc' dir='ltr'>εἴρηται.</span> 
     </span>
    </p>
   </div>
   <div class='ocr_carea' id='block_1_21' title="bbox 278 2031 1849 2112">
    <p class='ocr_par' dir='ltr' id='par_1_21' title="bbox 278 2031 1849 2112">
     <span class='ocr_line' id='line_1_21' title="bbox 278 2031 1849 2112; baseline 0.004 -24"><span class='ocrx_word' id='word_1_154' title='bbox 278 2037 285 2045; x_wconf 91' lang='grc'><em>”</em></span> <span class='ocrx_word' id='word_1_155' title='bbox 341 2055 361 2088; x_wconf 76' lang='grc' dir='ltr'><strong>ι</strong></span> <span class='ocrx_word' id='word_1_156' title='bbox 391 2037 455 2090; x_wconf 87' lang='grc' dir='ltr'><strong>Τί</strong></span> <span class='ocrx_word' id='word_1_157' title='bbox 481 2031 575 2089; x_wconf 81' lang='grc' dir='ltr'><strong>οὖν</strong></span> <span class='ocrx_word' id='word_1_158' title='bbox 599 2053 763 2105; x_wconf 81' lang='grc' dir='ltr'>φασιν</span> <span class='ocrx_word' id='word_1_159' title='bbox 785 2054 798 2103; x_wconf 91' lang='grc'><strong>;</strong></span> <span class='ocrx_word' id='word_1_160' title='bbox 825 2036 900 2089; x_wconf 77' lang='grc' dir='ltr'><strong>Οὐ</strong></span> <span class='ocrx_word' id='word_1_161' title='bbox 928 2037 1160 2106; x_wconf 79' lang='grc' dir='ltr'>λέγομεν</span> <span class='ocrx_word' id='word_1_162' title='bbox 1191 2037 1320 2107; x_wconf 86' lang='grc' dir='ltr'>μίαν</span> <span class='ocrx_word' id='word_1_163' title='bbox 1345 2038 1509 2107; x_wconf 85' lang='grc' dir='ltr'>φύσιν</span> <span class='ocrx_word' id='word_1_164' title='bbox 1535 2039 1849 2112; x_wconf 83' lang='grc' dir='ltr'>ἀνθρώπου,</span> 
     </span>
    </p>
   </div>
   <div class='ocr_carea' id='block_1_22' title="bbox 265 2125 1852 2204">
    <p class='ocr_par' dir='ltr' id='par_1_22' title="bbox 265 2125 1852 2204">
     <span class='ocr_line' id='line_1_22' title="bbox 265 2125 1852 2204; baseline 0.003 -23"><span class='ocrx_word' id='word_1_165' title='bbox 265 2125 472 2197; x_wconf 80' lang='grc' dir='ltr'>καίπερ</span> <span class='ocrx_word' id='word_1_166' title='bbox 508 2127 739 2196; x_wconf 64' lang='grc' dir='ltr'>διάφορα</span> <span class='ocrx_word' id='word_1_167' title='bbox 776 2128 844 2180; x_wconf 72' lang='grc' dir='ltr'><strong>τά</strong></span> <span class='ocrx_word' id='word_1_168' title='bbox 892 2127 1218 2182; x_wconf 75' lang='grc' dir='ltr'>συνελθόντα</span> <span class='ocrx_word' id='word_1_169' title='bbox 1265 2129 1664 2198; x_wconf 85' lang='grc' dir='ltr'>γινώσκοντες;</span> <span class='ocrx_word' id='word_1_170' title='bbox 1698 2133 1763 2185; x_wconf 84' lang='grc' dir='ltr'>Τί</span> <span class='ocrx_word' id='word_1_171' title='bbox 1789 2135 1852 2204; x_wconf 82' lang='grc' dir='ltr'><strong>δὴ</strong></span> 
     </span>
    </p>
   </div>
   <div class='ocr_carea' id='block_1_23' title="bbox 265 2213 1853 2296">
    <p class='ocr_par' dir='ltr' id='par_1_23' title="bbox 265 2213 1853 2296">
     <span class='ocr_line' id='line_1_23' title="bbox 265 2213 1853 2296; baseline 0.003 -23"><span class='ocrx_word' id='word_1_172' title='bbox 265 2213 361 2273; x_wconf 83' lang='grc' dir='ltr'><strong>οὖν</strong></span> <span class='ocrx_word' id='word_1_173' title='bbox 389 2218 570 2287; x_wconf 86' lang='grc' dir='ltr'>λυπεῖ,</span> <span class='ocrx_word' id='word_1_174' title='bbox 598 2217 791 2291; x_wconf 84' lang='grc' dir='ltr'>ὥσπερ</span> <span class='ocrx_word' id='word_1_175' title='bbox 825 2213 928 2274; x_wconf 86' lang='grc' dir='ltr'>ὧδε</span> <span class='ocrx_word' id='word_1_176' title='bbox 953 2219 1053 2274; x_wconf 82' lang='grc' dir='ltr'>οὐκ</span> <span class='ocrx_word' id='word_1_177' title='bbox 1088 2221 1174 2273; x_wconf 74' lang='grc' dir='ltr'><strong>ἐπ’</strong></span> <span class='ocrx_word' id='word_1_178' title='bbox 1211 2223 1494 2292; x_wconf 83' lang='grc' dir='ltr'><strong>ἀναιρέσει</strong></span> <span class='ocrx_word' id='word_1_179' title='bbox 1523 2223 1623 2294; x_wconf 79' lang='grc' dir='ltr'><strong>τῆς</strong></span> <span class='ocrx_word' id='word_1_180' title='bbox 1660 2223 1853 2296; x_wconf 82' lang='grc' dir='ltr'>ἰδιότη-</span> 
     </span>
    </p>
   </div>
   <div class='ocr_carea' id='block_1_24' title="bbox 263 2310 1854 2384">
    <p class='ocr_par' dir='ltr' id='par_1_24' title="bbox 263 2310 1854 2384">
     <span class='ocr_line' id='line_1_24' title="bbox 263 2310 1854 2384; baseline 0.004 -17"><span class='ocrx_word' id='word_1_181' title='bbox 263 2322 359 2376; x_wconf 76' lang='grc' dir='ltr'><strong>τος</strong></span> <span class='ocrx_word' id='word_1_182' title='bbox 394 2312 502 2366; x_wconf 82' lang='grc' dir='ltr'><strong>τῶν</strong></span> <span class='ocrx_word' id='word_1_183' title='bbox 535 2311 740 2383; x_wconf 84' lang='grc' dir='ltr'>μερῶν,</span> <span class='ocrx_word' id='word_1_184' title='bbox 781 2310 942 2380; x_wconf 85' lang='grc' dir='ltr'>φύσιν</span> <span class='ocrx_word' id='word_1_185' title='bbox 970 2311 1246 2383; x_wconf 83' lang='grc' dir='ltr'><strong>καλοῦμεν</strong></span> <span class='ocrx_word' id='word_1_186' title='bbox 1291 2313 1390 2379; x_wconf 74' lang='grc' dir='ltr'>τὰς</span> <span class='ocrx_word' id='word_1_187' title='bbox 1422 2317 1634 2384; x_wconf 77' lang='grc' dir='ltr'>φύσεις,</span> <span class='ocrx_word' id='word_1_188' title='bbox 1667 2320 1715 2370; x_wconf 80' lang='grc' dir='ltr'>εἰ</span> <span class='ocrx_word' id='word_1_189' title='bbox 1758 2321 1854 2373; x_wconf 71' lang='grc' dir='ltr'>καὶ</span> 
     </span>
    </p>
   </div>
   <div class='ocr_carea' id='block_1_25' title="bbox 266 2405 1849 2478">
    <p class='ocr_par' dir='ltr' id='par_1_25' title="bbox 266 2405 1849 2478">
     <span class='ocr_line' id='line_1_25' title="bbox 266 2405 1849 2478; baseline 0.002 -18"><span class='ocrx_word' id='word_1_190' title='bbox 266 2405 358 2460; x_wconf 64' lang='grc' dir='ltr'>ἐπὶ</span> <span class='ocrx_word' id='word_1_191' title='bbox 387 2405 622 2476; x_wconf 81' lang='grc' dir='ltr'>Χριστοῦ</span> <span class='ocrx_word' id='word_1_192' title='bbox 666 2405 726 2458; x_wconf 79' lang='grc' dir='ltr'><strong>τὸ</strong></span> <span class='ocrx_word' id='word_1_193' title='bbox 765 2406 953 2476; x_wconf 82' lang='grc' dir='ltr'>ὅμοιον</span> <span class='ocrx_word' id='word_1_194' title='bbox 983 2405 1267 2470; x_wconf 84' lang='grc' dir='ltr'>ποιοῦντες</span> <span class='ocrx_word' id='word_1_195' title='bbox 1295 2407 1600 2478; x_wconf 84' lang='grc' dir='ltr'>φαινόμεθα</span> <span class='ocrx_word' id='word_1_196' title='bbox 1628 2427 1644 2475; x_wconf 86' lang='lat'><strong>;</strong></span> <span class='ocrx_word' id='word_1_197' title='bbox 1690 2411 1849 2464; x_wconf 78' lang='grc' dir='ltr'>Ἀλλὰ</span> 
     </span>
    </p>
   </div>
   <div class='ocr_carea' id='block_1_26' title="bbox 264 2494 1851 2569">
    <p class='ocr_par' dir='ltr' id='par_1_26' title="bbox 264 2494 1851 2569">
     <span class='ocr_line' id='line_1_26' title="bbox 264 2494 1851 2569; baseline 0.003 -21"><span class='ocrx_word' id='word_1_198' title='bbox 264 2494 588 2566; x_wconf 78' lang='grc' dir='ltr'>λοιδορεῖσθε</span> <span class='ocrx_word' id='word_1_199' title='bbox 632 2497 763 2565; x_wconf 79' lang='grc' dir='ltr'>ἡμῖν</span> <span class='ocrx_word' id='word_1_200' title='bbox 816 2496 911 2548; x_wconf 73' lang='grc' dir='ltr'>καὶ</span> <span class='ocrx_word' id='word_1_201' title='bbox 943 2495 1256 2568; x_wconf 79' lang='grc' dir='ltr'>διασύρετε,</span> <span class='ocrx_word' id='word_1_202' title='bbox 1289 2499 1364 2559; x_wconf 83' lang='grc' dir='ltr'>ὡς</span> <span class='ocrx_word' id='word_1_203' title='bbox 1414 2501 1681 2569; x_wconf 87' lang='grc' dir='ltr'>σύγχυσιν</span> <span class='ocrx_word' id='word_1_204' title='bbox 1729 2502 1851 2554; x_wconf 79' lang='grc' dir='ltr'>ἐπι-</span> 
     </span>
    </p>
   </div>
   <div class='ocr_carea' id='block_1_27' title="bbox 264 2588 1848 2663">
    <p class='ocr_par' dir='ltr' id='par_1_27' title="bbox 264 2588 1848 2663">
     <span class='ocr_line' id='line_1_27' title="bbox 264 2588 1848 2663; baseline 0.002 -21"><span class='ocrx_word' id='word_1_205' title='bbox 264 2588 476 2642; x_wconf 80' lang='grc' dir='ltr'>νοοῦσιν</span> <span class='ocrx_word' id='word_1_206' title='bbox 525 2590 619 2642; x_wconf 73' lang='grc' dir='ltr'><strong>ἐπὶ</strong></span> <span class='ocrx_word' id='word_1_207' title='bbox 671 2588 936 2660; x_wconf 82' lang='grc' dir='ltr'><strong>Χριστοῦ,</strong></span> <span class='ocrx_word' id='word_1_208' title='bbox 970 2589 1160 2662; x_wconf 75' lang='grc' dir='ltr'>ἐπειδὴ</span> <span class='ocrx_word' id='word_1_209' title='bbox 1208 2590 1279 2643; x_wconf 76' lang='grc' dir='ltr'>τὰ</span> <span class='ocrx_word' id='word_1_210' title='bbox 1316 2593 1458 2662; x_wconf 88' lang='grc' dir='ltr'>μέρη</span> <span class='ocrx_word' id='word_1_211' title='bbox 1501 2595 1567 2663; x_wconf 81' lang='grc' dir='ltr'>τῇ</span> <span class='ocrx_word' id='word_1_212' title='bbox 1601 2592 1694 2647; x_wconf 83' lang='grc' dir='ltr'><strong>τοῦ</strong></span> <span class='ocrx_word' id='word_1_213' title='bbox 1727 2593 1848 2646; x_wconf 80' lang='grc' dir='ltr'>ὅλου</span> 
     </span>
    </p>
   </div>
   <div class='ocr_carea' id='block_1_28' title="bbox 268 2676 1849 2754">
    <p class='ocr_par' dir='ltr' id='par_1_28' title="bbox 268 2676 1849 2754">
     <span class='ocr_line' id='line_1_28' title="bbox 268 2676 1849 2754; baseline 0.004 -24"><span class='ocrx_word' id='word_1_214' title='bbox 268 2676 609 2750; x_wconf 80' lang='grc' dir='ltr'>σημαίνομεν</span> <span class='ocrx_word' id='word_1_215' title='bbox 635 2679 923 2749; x_wconf 78' lang='grc' dir='ltr'>ὀνομασίᾳ.</span> <span class='ocrx_word' id='word_1_216' title='bbox 962 2699 980 2732; x_wconf 77' lang='grc' dir='ltr'><strong>ι</strong></span> <span class='ocrx_word' id='word_1_217' title='bbox 1013 2680 1075 2732; x_wconf 76' lang='lat' dir='ltr'><strong>Ei</strong></span> <span class='ocrx_word' id='word_1_218' title='bbox 1106 2680 1205 2750; x_wconf 77' lang='grc' dir='ltr'>μὲν</span> <span class='ocrx_word' id='word_1_219' title='bbox 1236 2680 1303 2735; x_wconf 80' lang='grc' dir='ltr'><strong>τὰ</strong></span> <span class='ocrx_word' id='word_1_220' title='bbox 1327 2682 1474 2752; x_wconf 83' lang='grc' dir='ltr'>μέρη</span> <span class='ocrx_word' id='word_1_221' title='bbox 1491 2686 1556 2754; x_wconf 80' lang='grc' dir='ltr'>τῇ</span> <span class='ocrx_word' id='word_1_222' title='bbox 1588 2683 1684 2736; x_wconf 80' lang='grc' dir='ltr'><strong>τοῦ</strong></span> <span class='ocrx_word' id='word_1_223' title='bbox 1726 2685 1849 2737; x_wconf 80' lang='grc' dir='ltr'>ὅλου</span> 
     </span>
    </p>
   </div>
   <div class='ocr_carea' id='block_1_29' title="bbox 267 2768 1850 2846">
    <p class='ocr_par' dir='ltr' id='par_1_29' title="bbox 267 2768 1850 2846">
     <span class='ocr_line' id='line_1_29' title="bbox 267 2768 1850 2846; baseline 0.006 -26"><span class='ocrx_word' id='word_1_224' title='bbox 267 2768 452 2821; x_wconf 83' lang='grc' dir='ltr'>καλεῖν</span> <span class='ocrx_word' id='word_1_225' title='bbox 479 2768 765 2823; x_wconf 76' lang='grc' dir='ltr'>ἐϐούλεσθε</span> <span class='ocrx_word' id='word_1_226' title='bbox 797 2771 1164 2843; x_wconf 67' lang='grc' dir='ltr'>προσηγορίᾳ,</span> <span class='ocrx_word' id='word_1_227' title='bbox 1195 2771 1302 2825; x_wconf 80' lang='grc' dir='ltr'>ἔδει</span> <span class='ocrx_word' id='word_1_228' title='bbox 1331 2774 1551 2838; x_wconf 79' lang='grc' dir='ltr'>πάντως</span> <span class='ocrx_word' id='word_1_229' title='bbox 1579 2776 1725 2846; x_wconf 76' lang='grc' dir='ltr'>ὑμᾶς</span> <span class='ocrx_word' id='word_1_230' title='bbox 1753 2779 1850 2829; x_wconf 71' lang='grc' dir='ltr'>καὶ</span> 
     </span>
    </p>
   </div>
   <div class='ocr_carea' id='block_1_30' title="bbox 263 2859 1851 2938">
    <p class='ocr_par' dir='ltr' id='par_1_30' title="bbox 263 2859 1851 2938">
     <span class='ocr_line' id='line_1_30' title="bbox 263 2859 1851 2938; baseline 0.008 -26"><span class='ocrx_word' id='word_1_231' title='bbox 263 2859 326 2912; x_wconf 81' lang='grc' dir='ltr'><strong>τὸ</strong></span> <span class='ocrx_word' id='word_1_232' title='bbox 349 2859 468 2913; x_wconf 83' lang='grc' dir='ltr'>ὅλον</span> <span class='ocrx_word' id='word_1_233' title='bbox 497 2863 563 2933; x_wconf 81' lang='grc' dir='ltr'>τῇ</span> <span class='ocrx_word' id='word_1_234' title='bbox 596 2861 703 2915; x_wconf 83' lang='grc' dir='ltr'><strong>τῶν</strong></span> <span class='ocrx_word' id='word_1_235' title='bbox 727 2861 911 2933; x_wconf 84' lang='grc' dir='ltr'>μερῶν</span> <span class='ocrx_word' id='word_1_236' title='bbox 929 2863 1218 2934; x_wconf 81' lang='grc' dir='ltr'>γνωρίζειν</span> <span class='ocrx_word' id='word_1_237' title='bbox 1247 2867 1534 2938; x_wconf 78' lang='grc' dir='ltr'>ὀνομασίᾳ,</span> <span class='ocrx_word' id='word_1_238' title='bbox 1564 2869 1660 2922; x_wconf 73' lang='grc' dir='ltr'>καὶ</span> <span class='ocrx_word' id='word_1_239' title='bbox 1675 2870 1851 2934; x_wconf 72' lang='grc' dir='ltr'>οὕτως</span> 
     </span>
    </p>
   </div>
   <div class='ocr_carea' id='block_1_31' title="bbox 265 2949 1851 3031">
    <p class='ocr_par' dir='ltr' id='par_1_31' title="bbox 265 2949 1851 3031">
     <span class='ocr_line' id='line_1_31' title="bbox 265 2949 1851 3031; baseline 0.008 -27"><span class='ocrx_word' id='word_1_240' title='bbox 265 2951 442 3016; x_wconf 71' lang='grc' dir='ltr'>οὐδεὶς</span> <span class='ocrx_word' id='word_1_241' title='bbox 505 2954 571 3006; x_wconf 85' lang='grc' dir='ltr'>ἂν</span> <span class='ocrx_word' id='word_1_242' title='bbox 637 2949 705 3025; x_wconf 79' lang='grc' dir='ltr'>ἦν</span> <span class='ocrx_word' id='word_1_243' title='bbox 749 2954 941 3022; x_wconf 82' lang='grc' dir='ltr'>φθόνος</span> <span class='ocrx_word' id='word_1_244' title='bbox 1001 2958 1154 3026; x_wconf 82' lang='grc' dir='ltr'>ἡμῖν.</span> <span class='ocrx_word' id='word_1_245' title='bbox 1210 2958 1397 3030; x_wconf 82' lang='grc' dir='ltr'>Σάρκα</span> <span class='ocrx_word' id='word_1_246' title='bbox 1447 2960 1576 3030; x_wconf 81' lang='grc' dir='ltr'>δὲῆ</span> <span class='ocrx_word' id='word_1_247' title='bbox 1639 2961 1851 3031; x_wconf 84' lang='grc' dir='ltr'>ἄνθρω-</span> 
     </span>
    </p>
   </div>
   <div class='ocr_carea' id='block_1_32' title="bbox 264 3031 1852 3123">
    <p class='ocr_par' dir='ltr' id='par_1_32' title="bbox 264 3031 1852 3123">
     <span class='ocr_line' id='line_1_32' title="bbox 264 3031 1852 3123; baseline 0.007 -27"><span class='ocrx_word' id='word_1_248' title='bbox 264 3031 368 3096; x_wconf 56' lang='lat' dir='ltr'><strong>trav</strong></span> <span class='ocrx_word' id='word_1_249' title='bbox 390 3045 683 3106; x_wconf 85' lang='grc' dir='ltr'>καλοῦντες</span> <span class='ocrx_word' id='word_1_250' title='bbox 716 3045 918 3115; x_wconf 83' lang='grc' dir='ltr'>μᾶλλον</span> <span class='ocrx_word' id='word_1_251' title='bbox 945 3046 1035 3099; x_wconf 87' lang='grc' dir='ltr'><strong>τὸν</strong></span> <span class='ocrx_word' id='word_1_252' title='bbox 1065 3047 1290 3117; x_wconf 82' lang='grc' dir='ltr'>Κύριον,</span> <span class='ocrx_word' id='word_1_253' title='bbox 1321 3049 1382 3101; x_wconf 80' lang='grc' dir='ltr'>τὸ</span> <span class='ocrx_word' id='word_1_254' title='bbox 1411 3049 1530 3102; x_wconf 80' lang='grc' dir='ltr'>ὅλον</span> <span class='ocrx_word' id='word_1_255' title='bbox 1557 3052 1620 3104; x_wconf 84' lang='grc' dir='ltr'>ὲκ</span> <span class='ocrx_word' id='word_1_256' title='bbox 1653 3053 1852 3123; x_wconf 75' lang='grc' dir='ltr'>μέρους</span> 
     </span>
    </p>
   </div>
   <div class='ocr_carea' id='block_1_33' title="bbox 263 3134 1854 3211">
    <p class='ocr_par' dir='ltr' id='par_1_33' title="bbox 263 3134 1854 3211">
     <span class='ocr_line' id='line_1_33' title="bbox 263 3134 1854 3211; baseline 0.004 -24"><span class='ocrx_word' id='word_1_257' title='bbox 263 3135 597 3205; x_wconf 77' lang='grc' dir='ltr'>ὲσημαίνετε</span> <span class='ocrx_word' id='word_1_258' title='bbox 629 3135 716 3200; x_wconf 83' lang='grc' dir='ltr'><strong>ἂν,</strong></span> <span class='ocrx_word' id='word_1_259' title='bbox 751 3134 866 3187; x_wconf 82' lang='grc' dir='ltr'>ἀλλ’</span> <span class='ocrx_word' id='word_1_260' title='bbox 903 3137 965 3188; x_wconf 80' lang='grc' dir='ltr'>οὐ</span> <span class='ocrx_word' id='word_1_261' title='bbox 1016 3135 1178 3205; x_wconf 76' lang='grc' dir='ltr'>φύσιν</span> <span class='ocrx_word' id='word_1_262' title='bbox 1241 3137 1369 3206; x_wconf 87' lang='grc' dir='ltr'>μίαν</span> <span class='ocrx_word' id='word_1_263' title='bbox 1419 3138 1516 3201; x_wconf 77' lang='grc' dir='ltr'>τὰς</span> <span class='ocrx_word' id='word_1_264' title='bbox 1551 3139 1644 3191; x_wconf 80' lang='grc' dir='ltr'><strong>δύο</strong></span> <span class='ocrx_word' id='word_1_265' title='bbox 1686 3156 1854 3211; x_wconf 82' lang='grc' dir='ltr'>προσ-</span> 
     </span>
    </p>
   </div>
   <div class='ocr_carea' id='block_1_34' title="bbox 269 3227 1850 3303">
    <p class='ocr_par' dir='ltr' id='par_1_34' title="bbox 269 3227 1850 3303">
     <span class='ocr_line' id='line_1_34' title="bbox 269 3227 1850 3303; baseline 0.003 -20"><span class='ocrx_word' id='word_1_266' title='bbox 269 3227 656 3299; x_wconf 79' lang='grc' dir='ltr'>αγορεύοντες.</span> <span class='ocrx_word' id='word_1_267' title='bbox 687 3229 954 3294; x_wconf 82' lang='grc' dir='ltr'>Πολλάκις</span> <span class='ocrx_word' id='word_1_268' title='bbox 989 3230 1097 3302; x_wconf 82' lang='grc' dir='ltr'>γὰρ</span> <span class='ocrx_word' id='word_1_269' title='bbox 1126 3231 1187 3282; x_wconf 87' lang='grc' dir='ltr'><strong>τὸ</strong></span> <span class='ocrx_word' id='word_1_270' title='bbox 1219 3231 1292 3303; x_wconf 78' lang='grc' dir='ltr'><strong>μὴ</strong></span> <span class='ocrx_word' id='word_1_271' title='bbox 1331 3234 1727 3302; x_wconf 79' lang='grc' dir='ltr'>κυριολεκτεῖν,</span> <span class='ocrx_word' id='word_1_272' title='bbox 1757 3238 1850 3288; x_wconf 74' lang='grc' dir='ltr'>καὶ</span> 
     </span>
    </p>
   </div>
   <div class='ocr_carea' id='block_1_35' title="bbox 1953 661 3540 739">
    <p class='ocr_par' dir='ltr' id='par_1_35' title="bbox 1953 661 3540 739">
     <span class='ocr_line' id='line_1_35' title="bbox 1953 661 3540 739; baseline 0.006 -23"><span class='ocrx_word' id='word_1_273' title='bbox 1953 667 2039 716; x_wconf 88' lang='lat' dir='ltr'><strong>est</strong></span> <span class='ocrx_word' id='word_1_274' title='bbox 2073 661 2220 716; x_wconf 90' lang='lat' dir='ltr'><strong>inter</strong></span> <span class='ocrx_word' id='word_1_275' title='bbox 2252 672 2538 728; x_wconf 81' lang='lat' dir='ltr'><strong>extrema;</strong></span> <span class='ocrx_word' id='word_1_276' title='bbox 2575 679 2643 720; x_wconf 79' lang='lat' dir='ltr'><strong>ex</strong></span> <span class='ocrx_word' id='word_1_277' title='bbox 2698 674 2816 720; x_wconf 92' lang='lat' dir='ltr'><strong>toto</strong></span> <span class='ocrx_word' id='word_1_278' title='bbox 2864 668 3195 739; x_wconf 82' lang='lat' dir='ltr'><strong>hypostasis,</strong></span> <span class='ocrx_word' id='word_1_279' title='bbox 3238 670 3444 726; x_wconf 86' lang='lat' dir='ltr'><strong>relatus</strong></span> <span class='ocrx_word' id='word_1_280' title='bbox 3473 674 3540 726; x_wconf 86' lang='lat' dir='ltr'><strong>ad</strong></span> 
     </span>
    </p>
   </div>
   <div class='ocr_carea' id='block_1_36' title="bbox 1954 753 3544 831">
    <p class='ocr_par' dir='ltr' id='par_1_36' title="bbox 1954 753 3544 831">
     <span class='ocr_line' id='line_1_36' title="bbox 1954 753 3544 831; baseline 0.008 -23"><span class='ocrx_word' id='word_1_281' title='bbox 1954 753 2195 821; x_wconf 81' lang='lat' dir='ltr'><strong>Patrem,</strong></span> <span class='ocrx_word' id='word_1_282' title='bbox 2240 766 2472 827; x_wconf 77' lang='lat' dir='ltr'><strong>propter</strong></span> <span class='ocrx_word' id='word_1_283' title='bbox 2515 757 2869 814; x_wconf 74' lang='lat' dir='ltr'><strong>divinitatem</strong></span> <span class='ocrx_word' id='word_1_284' title='bbox 2913 775 3042 816; x_wconf 86' lang='lat' dir='ltr'><strong>cum</strong></span> <span class='ocrx_word' id='word_1_285' title='bbox 3087 762 3460 831; x_wconf 76' lang='lat' dir='ltr'><strong>humanitate;</strong></span> <span class='ocrx_word' id='word_1_286' title='bbox 3488 772 3544 821; x_wconf 83' lang='lat' dir='ltr'><strong>et</strong></span> 
     </span>
    </p>
   </div>
   <div class='ocr_carea' id='block_1_37' title="bbox 1953 847 3542 925">
    <p class='ocr_par' dir='ltr' id='par_1_37' title="bbox 1953 847 3542 925">
     <span class='ocr_line' id='line_1_37' title="bbox 1953 847 3542 925; baseline 0.008 -26"><span class='ocrx_word' id='word_1_287' title='bbox 1953 859 2020 899; x_wconf 79' lang='lat' dir='ltr'><strong>ex</strong></span> <span class='ocrx_word' id='word_1_288' title='bbox 2052 854 2167 901; x_wconf 89' lang='lat' dir='ltr'><strong>toto</strong></span> <span class='ocrx_word' id='word_1_289' title='bbox 2229 847 2542 920; x_wconf 84' lang='lat' dir='ltr'><strong>hypostasis</strong></span> <span class='ocrx_word' id='word_1_290' title='bbox 2572 851 2780 906; x_wconf 86' lang='lat' dir='ltr'><strong>relatus</strong></span> <span class='ocrx_word' id='word_1_291' title='bbox 2813 851 2880 906; x_wconf 90' lang='lat' dir='ltr'><strong>ad</strong></span> <span class='ocrx_word' id='word_1_292' title='bbox 2914 867 3035 917; x_wconf 91' lang='lat' dir='ltr'><strong>nos,</strong></span> <span class='ocrx_word' id='word_1_293' title='bbox 3069 861 3297 925; x_wconf 83' lang='lat' dir='ltr'><strong>propter</strong></span> <span class='ocrx_word' id='word_1_294' title='bbox 3346 857 3542 912; x_wconf 58' lang='lat' dir='ltr'><strong>hama:</strong></span> 
     </span>
    </p>
   </div>
   <div class='ocr_carea' id='block_1_38' title="bbox 1953 937 3545 1013">
    <p class='ocr_par' dir='ltr' id='par_1_38' title="bbox 1953 937 3545 1013">
     <span class='ocr_line' id='line_1_38' title="bbox 1953 937 3545 1013; baseline 0.009 -22"><span class='ocrx_word' id='word_1_295' title='bbox 1953 937 2186 993; x_wconf 85' lang='lat' dir='ltr'><strong>nitatem</strong></span> <span class='ocrx_word' id='word_1_296' title='bbox 2221 955 2346 994; x_wconf 91' lang='lat' dir='ltr'><strong>cum</strong></span> <span class='ocrx_word' id='word_1_297' title='bbox 2389 939 2701 1008; x_wconf 88' lang='lat' dir='ltr'><strong>divinitate,</strong></span> <span class='ocrx_word' id='word_1_298' title='bbox 2737 944 3070 1013; x_wconf 85' lang='lat' dir='ltr'><strong>permutatis</strong></span> <span class='ocrx_word' id='word_1_299' title='bbox 3119 946 3545 1006; x_wconf 81' lang='lat' dir='ltr'><strong>habitudinibus</strong></span> 
     </span>
    </p>
   </div>
   <div class='ocr_carea' id='block_1_39' title="bbox 1955 1029 3544 1106">
    <p class='ocr_par' dir='ltr' id='par_1_39' title="bbox 1955 1029 3544 1106">
     <span class='ocr_line' id='line_1_39' title="bbox 1955 1029 3544 1106; baseline 0.008 -24"><span class='ocrx_word' id='word_1_300' title='bbox 1955 1029 2261 1083; x_wconf 91' lang='lat' dir='ltr'><strong>secundum</strong></span> <span class='ocrx_word' id='word_1_301' title='bbox 2309 1031 2724 1088; x_wconf 86' lang='lat' dir='ltr'><strong>distinctionem</strong></span> <span class='ocrx_word' id='word_1_302' title='bbox 2758 1043 2818 1088; x_wconf 89' lang='lat' dir='ltr'><strong>et</strong></span> <span class='ocrx_word' id='word_1_303' title='bbox 2853 1034 3116 1089; x_wconf 91' lang='lat' dir='ltr'><strong>unionem</strong></span> <span class='ocrx_word' id='word_1_304' title='bbox 3171 1053 3308 1106; x_wconf 90' lang='lat' dir='ltr'><strong>quas</strong></span> <span class='ocrx_word' id='word_1_305' title='bbox 3356 1053 3544 1094; x_wconf 85' lang='lat' dir='ltr'><strong>secum</strong></span> 
     </span>
    </p>
   </div>
   <div class='ocr_carea' id='block_1_40' title="bbox 1953 1124 3546 1197">
    <p class='ocr_par' dir='ltr' id='par_1_40' title="bbox 1953 1124 3546 1197">
     <span class='ocr_line' id='line_1_40' title="bbox 1953 1124 3546 1197; baseline 0.008 -24"><span class='ocrx_word' id='word_1_306' title='bbox 1953 1131 2186 1191; x_wconf 83' lang='lat' dir='ltr'><strong>propter</strong></span> <span class='ocrx_word' id='word_1_307' title='bbox 2230 1131 2418 1192; x_wconf 84' lang='lat' dir='ltr'><strong>partes</strong></span> <span class='ocrx_word' id='word_1_308' title='bbox 2455 1135 2584 1179; x_wconf 89' lang='lat' dir='ltr'><strong>suas</strong></span> <span class='ocrx_word' id='word_1_309' title='bbox 2642 1124 2839 1191; x_wconf 87' lang='lat' dir='ltr'><strong>habet;</strong></span> <span class='ocrx_word' id='word_1_310' title='bbox 2866 1136 2921 1181; x_wconf 89' lang='lat' dir='ltr'><strong>et</strong></span> <span class='ocrx_word' id='word_1_311' title='bbox 2963 1143 3100 1197; x_wconf 86' lang='lat' dir='ltr'><strong>quas</strong></span> <span class='ocrx_word' id='word_1_312' title='bbox 3141 1143 3265 1184; x_wconf 87' lang='lat' dir='ltr'><strong>cum</strong></span> <span class='ocrx_word' id='word_1_313' title='bbox 3292 1131 3452 1186; x_wconf 85' lang='lat' dir='ltr'><strong>Patre</strong></span> <span class='ocrx_word' id='word_1_314' title='bbox 3488 1139 3546 1186; x_wconf 79' lang='lat' dir='ltr'><strong>et</strong></span> 
     </span>
    </p>
   </div>
   <div class='ocr_carea' id='block_1_41' title="bbox 1957 1213 3542 1293">
    <p class='ocr_par' dir='ltr' id='par_1_41' title="bbox 1957 1213 3542 1293">
     <span class='ocr_line' id='line_1_41' title="bbox 1957 1213 3542 1293; baseline 0.008 -28"><span class='ocrx_word' id='word_1_315' title='bbox 1957 1213 2243 1268; x_wconf 89' lang='lat' dir='ltr'><strong>nobiscum</strong></span> <span class='ocrx_word' id='word_1_316' title='bbox 2300 1216 2488 1278; x_wconf 88' lang='lat' dir='ltr'><strong>habet,</strong></span> <span class='ocrx_word' id='word_1_317' title='bbox 2542 1227 2769 1288; x_wconf 88' lang='lat' dir='ltr'><strong>pr0pter</strong></span> <span class='ocrx_word' id='word_1_318' title='bbox 2829 1220 3274 1276; x_wconf 86' lang='lat' dir='ltr'><strong>convenientiam</strong></span> <span class='ocrx_word' id='word_1_319' title='bbox 3302 1224 3542 1293; x_wconf 83' lang='lat' dir='ltr'><strong>partium</strong></span> 
     </span>
    </p>
   </div>
   <div class='ocr_carea' id='block_1_42' title="bbox 1956 1304 3544 1379">
    <p class='ocr_par' dir='ltr' id='par_1_42' title="bbox 1956 1304 3544 1379">
     <span class='ocr_line' id='line_1_42' title="bbox 1956 1304 3544 1379; baseline 0.009 -24"><span class='ocrx_word' id='word_1_320' title='bbox 1956 1316 2082 1356; x_wconf 89' lang='lat' dir='ltr'><strong>cum</strong></span> <span class='ocrx_word' id='word_1_321' title='bbox 2129 1304 2415 1360; x_wconf 85' lang='lat' dir='ltr'><strong>extremis.</strong></span> <span class='ocrx_word' id='word_1_322' title='bbox 2443 1305 2582 1361; x_wconf 87' lang='lat' dir='ltr'><strong>Cum</strong></span> <span class='ocrx_word' id='word_1_323' title='bbox 2626 1319 2808 1363; x_wconf 88' lang='lat' dir='ltr'><strong>autem</strong></span> <span class='ocrx_word' id='word_1_324' title='bbox 2845 1317 3030 1379; x_wconf 88' lang='lat' dir='ltr'><strong>partes</strong></span> <span class='ocrx_word' id='word_1_325' title='bbox 3061 1311 3318 1378; x_wconf 75' lang='lat' dir='ltr'><strong>dicimus,</strong></span> <span class='ocrx_word' id='word_1_326' title='bbox 3351 1314 3544 1370; x_wconf 82' lang='lat' dir='ltr'><strong>audire</strong></span> 
     </span>
    </p>
   </div>
   <div class='ocr_carea' id='block_1_43' title="bbox 1954 1398 3543 1472">
    <p class='ocr_par' dir='ltr' id='par_1_43' title="bbox 1954 1398 3543 1472">
     <span class='ocr_line' id='line_1_43' title="bbox 1954 1398 3543 1472; baseline 0.008 -24"><span class='ocrx_word' id='word_1_327' title='bbox 1954 1404 2173 1464; x_wconf 86' lang='lat' dir='ltr'><strong>oportet</strong></span> <span class='ocrx_word' id='word_1_328' title='bbox 2203 1398 2506 1466; x_wconf 89' lang='lat' dir='ltr'><strong>prudenter</strong></span> <span class='ocrx_word' id='word_1_329' title='bbox 2534 1417 2548 1454; x_wconf 89' lang='lat'><strong>:</strong></span> <span class='ocrx_word' id='word_1_330' title='bbox 2572 1415 2680 1455; x_wconf 90' lang='lat' dir='ltr'><strong>non</strong></span> <span class='ocrx_word' id='word_1_331' title='bbox 2711 1402 2859 1456; x_wconf 90' lang='lat' dir='ltr'><strong>enim</strong></span> <span class='ocrx_word' id='word_1_332' title='bbox 2891 1412 3077 1472; x_wconf 89' lang='lat' dir='ltr'><strong>partes</strong></span> <span class='ocrx_word' id='word_1_333' title='bbox 3114 1404 3369 1472; x_wconf 78' lang='lat' dir='ltr'><strong>dicimus,</strong></span> <span class='ocrx_word' id='word_1_334' title='bbox 3417 1408 3543 1460; x_wconf 78' lang='lat' dir='ltr'><strong>tan-</strong></span> 
     </span>
    </p>
   </div>
   <div class='ocr_carea' id='block_1_44' title="bbox 1955 1486 3545 1566">
    <p class='ocr_par' dir='ltr' id='par_1_44' title="bbox 1955 1486 3545 1566">
     <span class='ocr_line' id='line_1_44' title="bbox 1955 1486 3545 1566; baseline 0.008 -29"><span class='ocrx_word' id='word_1_335' title='bbox 1955 1499 2118 1553; x_wconf 82' lang='lat' dir='ltr'><strong>quam</strong></span> <span class='ocrx_word' id='word_1_336' title='bbox 2153 1486 2504 1557; x_wconf 84' lang='lat' dir='ltr'><strong>imperfeetas</strong></span> <span class='ocrx_word' id='word_1_337' title='bbox 2535 1500 2755 1555; x_wconf 87' lang='lat' dir='ltr'><strong>natura,</strong></span> <span class='ocrx_word' id='word_1_338' title='bbox 2787 1493 2881 1547; x_wconf 90' lang='lat' dir='ltr'><strong>sed</strong></span> <span class='ocrx_word' id='word_1_339' title='bbox 2915 1502 3174 1564; x_wconf 88' lang='lat' dir='ltr'><strong>tanquam</strong></span> <span class='ocrx_word' id='word_1_340' title='bbox 3204 1497 3545 1566; x_wconf 83' lang='lat' dir='ltr'><strong>complentes</strong></span> 
     </span>
    </p>
   </div>
   <div class='ocr_carea' id='block_1_45' title="bbox 1958 1579 3544 1658">
    <p class='ocr_par' dir='ltr' id='par_1_45' title="bbox 1958 1579 3544 1658">
     <span class='ocr_line' id='line_1_45' title="bbox 1958 1579 3544 1658; baseline 0.008 -28"><span class='ocrx_word' id='word_1_341' title='bbox 1958 1583 2246 1644; x_wconf 81' lang='lat' dir='ltr'><strong>personam</strong></span> <span class='ocrx_word' id='word_1_342' title='bbox 2300 1579 2610 1650; x_wconf 86' lang='lat' dir='ltr'><strong>hypostasis</strong></span> <span class='ocrx_word' id='word_1_343' title='bbox 2651 1582 2878 1638; x_wconf 85' lang='lat' dir='ltr'><strong>Christi.</strong></span> <span class='ocrx_word' id='word_1_344' title='bbox 2923 1585 3014 1639; x_wconf 91' lang='lat' dir='ltr'><strong>Sic</strong></span> <span class='ocrx_word' id='word_1_345' title='bbox 3043 1587 3190 1640; x_wconf 91' lang='lat' dir='ltr'><strong>enim</strong></span> <span class='ocrx_word' id='word_1_346' title='bbox 3217 1602 3247 1640; x_wconf 88' lang='lat' dir='ltr'><strong>a</strong></span> <span class='ocrx_word' id='word_1_347' title='bbox 3275 1586 3544 1658; x_wconf 82' lang='lat' dir='ltr'><strong>Gregorio</strong></span> 
     </span>
    </p>
   </div>
   <div class='ocr_carea' id='block_1_46' title="bbox 1955 1667 3546 1748">
    <p class='ocr_par' dir='ltr' id='par_1_46' title="bbox 1955 1667 3546 1748">
     <span class='ocr_line' id='line_1_46' title="bbox 1955 1667 3546 1748; baseline 0.01 -28"><span class='ocrx_word' id='word_1_348' title='bbox 1955 1677 2011 1721; x_wconf 88' lang='lat' dir='ltr'><strong>et</strong></span> <span class='ocrx_word' id='word_1_349' title='bbox 2032 1667 2238 1740; x_wconf 78' lang='lat' dir='ltr'><strong>Cyrillo</strong></span> <span class='ocrx_word' id='word_1_350' title='bbox 2271 1671 2480 1727; x_wconf 87' lang='lat' dir='ltr'><strong>dictum</strong></span> <span class='ocrx_word' id='word_1_351' title='bbox 2513 1678 2597 1728; x_wconf 87' lang='lat' dir='ltr'><strong>est</strong></span> <span class='ocrx_word' id='word_1_352' title='bbox 2615 1681 2792 1730; x_wconf 90' lang='lat' dir='ltr'><strong>totum</strong></span> <span class='ocrx_word' id='word_1_353' title='bbox 2823 1690 2934 1731; x_wconf 89' lang='lat' dir='ltr'><strong>non</strong></span> <span class='ocrx_word' id='word_1_354' title='bbox 2955 1691 3067 1733; x_wconf 90' lang='lat' dir='ltr'><strong>una</strong></span> <span class='ocrx_word' id='word_1_355' title='bbox 3094 1687 3312 1748; x_wconf 87' lang='lat' dir='ltr'><strong>natura,</strong></span> <span class='ocrx_word' id='word_1_356' title='bbox 3340 1691 3395 1736; x_wconf 90' lang='lat' dir='ltr'><strong>et</strong></span> <span class='ocrx_word' id='word_1_357' title='bbox 3413 1683 3546 1737; x_wconf 83' lang='lat' dir='ltr'><strong>sim-</strong></span> 
     </span>
    </p>
   </div>
   <div class='ocr_carea' id='block_1_47' title="bbox 1956 1761 3546 1845">
    <p class='ocr_par' dir='ltr' id='par_1_47' title="bbox 1956 1761 3546 1845">
     <span class='ocr_line' id='line_1_47' title="bbox 1956 1761 3546 1845; baseline 0.01 -31"><span class='ocrx_word' id='word_1_358' title='bbox 1956 1761 2192 1829; x_wconf 87' lang='lat' dir='ltr'><strong>pliciter,</strong></span> <span class='ocrx_word' id='word_1_359' title='bbox 2222 1773 2275 1817; x_wconf 91' lang='lat' dir='ltr'><strong>et</strong></span> <span class='ocrx_word' id='word_1_360' title='bbox 2306 1765 2370 1817; x_wconf 88' lang='lat' dir='ltr'><strong>ad</strong></span> <span class='ocrx_word' id='word_1_361' title='bbox 2423 1767 2655 1836; x_wconf 87' lang='lat' dir='ltr'><strong>aliquid,</strong></span> <span class='ocrx_word' id='word_1_362' title='bbox 2689 1777 2747 1822; x_wconf 88' lang='lat' dir='ltr'><strong>et</strong></span> <span class='ocrx_word' id='word_1_363' title='bbox 2787 1769 3199 1840; x_wconf 84' lang='lat' dir='ltr'><strong>imperfectum,</strong></span> <span class='ocrx_word' id='word_1_364' title='bbox 3253 1779 3312 1828; x_wconf 77' lang='lat' dir='ltr'><strong>&#39;e&#39;t</strong></span> <span class='ocrx_word' id='word_1_365' title='bbox 3370 1776 3546 1845; x_wconf 80' lang='lat' dir='ltr'><strong>perfe-</strong></span> 
     </span>
    </p>
   </div>
   <div class='ocr_carea' id='block_1_48' title="bbox 1957 1860 2125 1907">
    <p class='ocr_par' dir='ltr' id='par_1_48' title="bbox 1957 1860 2125 1907">
     <span class='ocr_line' id='line_1_48' title="bbox 1957 1860 2125 1907; baseline 0.018 -3"><span class='ocrx_word' id='word_1_366' title='bbox 1957 1860 2125 1907; x_wconf 88' lang='lat' dir='ltr'><strong>ctum.</strong></span> 
     </span>
    </p>
   </div>
   <div class='ocr_carea' id='block_1_49' title="bbox 2033 2011 3544 2084">
    <p class='ocr_par' dir='ltr' id='par_1_49' title="bbox 2033 2011 3544 2084">
     <span class='ocr_line' id='line_1_49' title="bbox 2033 2011 3544 2084; baseline 0.009 -19"><span class='ocrx_word' id='word_1_367' title='bbox 2033 2030 2050 2061; x_wconf 75' lang='grc' dir='ltr'><strong>ι</strong></span> <span class='ocrx_word' id='word_1_368' title='bbox 2079 2011 2220 2078; x_wconf 83' lang='lat' dir='ltr'><strong>Quid</strong></span> <span class='ocrx_word' id='word_1_369' title='bbox 2251 2015 2420 2084; x_wconf 80' lang='lat' dir='ltr'><strong>igitur</strong></span> <span class='ocrx_word' id='word_1_370' title='bbox 2451 2017 2645 2070; x_wconf 88' lang='lat' dir='ltr'><strong>aiunt?</strong></span> <span class='ocrx_word' id='word_1_371' title='bbox 2677 2017 2871 2073; x_wconf 86' lang='lat' dir='ltr'><strong>Nonne</strong></span> <span class='ocrx_word' id='word_1_372' title='bbox 2903 2019 3144 2076; x_wconf 90' lang='lat' dir='ltr'><strong>dicimus</strong></span> <span class='ocrx_word' id='word_1_373' title='bbox 3177 2038 3340 2077; x_wconf 88' lang='lat' dir='ltr'><strong>unant</strong></span> <span class='ocrx_word' id='word_1_374' title='bbox 3385 2033 3544 2078; x_wconf 87' lang='lat' dir='ltr'><strong>natu—</strong></span> 
     </span>
    </p>
   </div>
   <div class='ocr_carea' id='block_1_50' title="bbox 1956 2106 3545 2182">
    <p class='ocr_par' dir='ltr' id='par_1_50' title="bbox 1956 2106 3545 2182">
     <span class='ocr_line' id='line_1_50' title="bbox 1956 2106 3545 2182; baseline 0.009 -25"><span class='ocrx_word' id='word_1_375' title='bbox 1956 2120 2075 2159; x_wconf 83' lang='lat' dir='ltr'><strong>ram</strong></span> <span class='ocrx_word' id='word_1_376' title='bbox 2129 2106 2390 2174; x_wconf 86' lang='lat' dir='ltr'><strong>hominis,</strong></span> <span class='ocrx_word' id='word_1_377' title='bbox 2446 2111 2697 2179; x_wconf 82' lang='lat' dir='ltr'><strong>quamvis</strong></span> <span class='ocrx_word' id='word_1_378' title='bbox 2743 2120 3146 2182; x_wconf 83' lang='lat' dir='ltr'><strong>cognoscamus</strong></span> <span class='ocrx_word' id='word_1_379' title='bbox 3229 2115 3545 2172; x_wconf 66' lang='lat' dir='ltr'><strong>differentia</strong></span> 
     </span>
    </p>
   </div>
   <div class='ocr_carea' id='block_1_51' title="bbox 1955 2203 3544 2280">
    <p class='ocr_par' dir='ltr' id='par_1_51' title="bbox 1955 2203 3544 2280">
     <span class='ocr_line' id='line_1_51' title="bbox 1955 2203 3544 2280; baseline 0.008 -27"><span class='ocrx_word' id='word_1_380' title='bbox 1955 2213 2098 2264; x_wconf 84' lang='lat' dir='ltr'><strong>esse,</strong></span> <span class='ocrx_word' id='word_1_381' title='bbox 2131 2216 2253 2270; x_wconf 67' lang='lat' dir='ltr'><strong>qua:</strong></span> <span class='ocrx_word' id='word_1_382' title='bbox 2283 2211 2488 2257; x_wconf 89' lang='lat' dir='ltr'><strong>coeunt</strong></span> <span class='ocrx_word' id='word_1_383' title='bbox 2517 2203 2572 2257; x_wconf 90' lang='lat' dir='ltr'><strong>in</strong></span> <span class='ocrx_word' id='word_1_384' title='bbox 2605 2206 2814 2259; x_wconf 87' lang='lat' dir='ltr'><strong>unum?</strong></span> <span class='ocrx_word' id='word_1_385' title='bbox 2845 2204 2988 2272; x_wconf 85' lang='lat' dir='ltr'><strong>Quid</strong></span> <span class='ocrx_word' id='word_1_386' title='bbox 3013 2221 3147 2278; x_wconf 87' lang='lat' dir='ltr'><strong>ergo</strong></span> <span class='ocrx_word' id='word_1_387' title='bbox 3181 2207 3384 2273; x_wconf 85' lang='lat' dir='ltr'><strong>obstat,</strong></span> <span class='ocrx_word' id='word_1_388' title='bbox 3407 2210 3544 2280; x_wconf 88' lang='lat' dir='ltr'><strong>quin</strong></span> 
     </span>
    </p>
   </div>
   <div class='ocr_carea' id='block_1_52' title="bbox 1953 2288 3542 2369">
    <p class='ocr_par' dir='ltr' id='par_1_52' title="bbox 1953 2288 3542 2369">
     <span class='ocr_line' id='line_1_52' title="bbox 1953 2288 3542 2369; baseline 0.009 -27"><span class='ocrx_word' id='word_1_389' title='bbox 1953 2288 2098 2344; x_wconf 87' lang='lat' dir='ltr'><strong>sicut</strong></span> <span class='ocrx_word' id='word_1_390' title='bbox 2136 2290 2229 2346; x_wconf 90' lang='lat' dir='ltr'><strong>hic</strong></span> <span class='ocrx_word' id='word_1_391' title='bbox 2267 2304 2378 2347; x_wconf 90' lang='lat' dir='ltr'><strong>non</strong></span> <span class='ocrx_word' id='word_1_392' title='bbox 2411 2293 2480 2348; x_wconf 88' lang='lat' dir='ltr'><strong>ad</strong></span> <span class='ocrx_word' id='word_1_393' title='bbox 2527 2295 2832 2350; x_wconf 85' lang='lat' dir='ltr'><strong>tollendum</strong></span> <span class='ocrx_word' id='word_1_394' title='bbox 2865 2297 3267 2367; x_wconf 81' lang='lat' dir='ltr'><strong>proprietatem</strong></span> <span class='ocrx_word' id='word_1_395' title='bbox 3297 2301 3542 2369; x_wconf 88' lang='lat' dir='ltr'><strong>partium</strong></span> 
     </span>
    </p>
   </div>
   <div class='ocr_carea' id='block_1_53' title="bbox 1955 2388 3542 2458">
    <p class='ocr_par' dir='ltr' id='par_1_53' title="bbox 1955 2388 3542 2458">
     <span class='ocr_line' id='line_1_53' title="bbox 1955 2388 3542 2458; baseline 0.007 -23"><span class='ocrx_word' id='word_1_396' title='bbox 1955 2393 2180 2438; x_wconf 90' lang='lat' dir='ltr'><strong>naturas</strong></span> <span class='ocrx_word' id='word_1_397' title='bbox 2202 2399 2466 2440; x_wconf 88' lang='lat' dir='ltr'><strong>vocamus</strong></span> <span class='ocrx_word' id='word_1_398' title='bbox 2483 2394 2756 2452; x_wconf 87' lang='lat' dir='ltr'><strong>naturam,</strong></span> <span class='ocrx_word' id='word_1_399' title='bbox 2783 2388 2994 2458; x_wconf 91' lang='lat' dir='ltr'><strong>aliquid</strong></span> <span class='ocrx_word' id='word_1_400' title='bbox 3022 2390 3204 2446; x_wconf 90' lang='lat' dir='ltr'><strong>simile</strong></span> <span class='ocrx_word' id='word_1_401' title='bbox 3236 2391 3292 2444; x_wconf 89' lang='lat' dir='ltr'><strong>in</strong></span> <span class='ocrx_word' id='word_1_402' title='bbox 3318 2389 3542 2446; x_wconf 86' lang='lat' dir='ltr'><strong>Christo</strong></span> 
     </span>
    </p>
   </div>
   <div class='ocr_carea' id='block_1_54' title="bbox 1954 2473 3543 2552">
    <p class='ocr_par' dir='ltr' id='par_1_54' title="bbox 1954 2473 3543 2552">
     <span class='ocr_line' id='line_1_54' title="bbox 1954 2473 3543 2552; baseline 0.007 -25"><span class='ocrx_word' id='word_1_403' title='bbox 1954 2473 2133 2530; x_wconf 79' lang='lat' dir='ltr'><strong>facere</strong></span> <span class='ocrx_word' id='word_1_404' title='bbox 2176 2475 2499 2532; x_wconf 77' lang='lat' dir='ltr'><strong>videamur?</strong></span> <span class='ocrx_word' id='word_1_405' title='bbox 2556 2479 2699 2546; x_wconf 83' lang='lat' dir='ltr'><strong>Quin</strong></span> <span class='ocrx_word' id='word_1_406' title='bbox 2751 2481 2936 2551; x_wconf 83' lang='lat' dir='ltr'><strong>potius</strong></span> <span class='ocrx_word' id='word_1_407' title='bbox 2972 2482 3222 2538; x_wconf 84' lang='lat' dir='ltr'><strong>convicia</strong></span> <span class='ocrx_word' id='word_1_408' title='bbox 3249 2483 3543 2552; x_wconf 17' lang='lat' dir='ltr'><strong>facitis,set</strong></span> 
     </span>
    </p>
   </div>
   <div class='ocr_carea' id='block_1_55' title="bbox 1955 2562 3539 2645">
    <p class='ocr_par' dir='ltr' id='par_1_55' title="bbox 1955 2562 3539 2645">
     <span class='ocr_line' id='line_1_55' title="bbox 1955 2562 3539 2645; baseline 0.009 -29"><span class='ocrx_word' id='word_1_409' title='bbox 1955 2562 2188 2620; x_wconf 87' lang='lat' dir='ltr'><strong>illuditis</strong></span> <span class='ocrx_word' id='word_1_410' title='bbox 2222 2567 2378 2634; x_wconf 88' lang='lat' dir='ltr'><strong>quasi</strong></span> <span class='ocrx_word' id='word_1_411' title='bbox 2405 2567 2790 2624; x_wconf 76' lang='lat' dir='ltr'><strong>confusionem</strong></span> <span class='ocrx_word' id='word_1_412' title='bbox 2820 2569 2874 2624; x_wconf 91' lang='lat' dir='ltr'><strong>in</strong></span> <span class='ocrx_word' id='word_1_413' title='bbox 2897 2570 3118 2627; x_wconf 87' lang='lat' dir='ltr'><strong>Christo</strong></span> <span class='ocrx_word' id='word_1_414' title='bbox 3143 2575 3539 2645; x_wconf 81' lang='lat' dir='ltr'><strong>excogitemus,</strong></span> 
     </span>
    </p>
   </div>
   <div class='ocr_carea' id='block_1_56' title="bbox 1954 2655 3538 2736">
    <p class='ocr_par' dir='ltr' id='par_1_56' title="bbox 1954 2655 3538 2736">
     <span class='ocr_line' id='line_1_56' title="bbox 1954 2655 3538 2736; baseline 0.01 -30"><span class='ocrx_word' id='word_1_415' title='bbox 1954 2655 2082 2722; x_wconf 84' lang='lat' dir='ltr'><strong>quia</strong></span> <span class='ocrx_word' id='word_1_416' title='bbox 2129 2666 2312 2725; x_wconf 87' lang='lat' dir='ltr'><strong>partes</strong></span> <span class='ocrx_word' id='word_1_417' title='bbox 2355 2660 2724 2728; x_wconf 88' lang='lat' dir='ltr'><strong>appellatione</strong></span> <span class='ocrx_word' id='word_1_418' title='bbox 2783 2663 2951 2717; x_wconf 87' lang='lat' dir='ltr'><strong>totius</strong></span> <span class='ocrx_word' id='word_1_419' title='bbox 2994 2665 3390 2736; x_wconf 81' lang='lat' dir='ltr'><strong>signiﬁcamus.</strong></span> <span class='ocrx_word' id='word_1_420' title='bbox 3423 2687 3441 2719; x_wconf 75' lang='grc' dir='ltr'><strong>ι</strong></span> <span class='ocrx_word' id='word_1_421' title='bbox 3482 2668 3538 2726; x_wconf 84' lang='lat' dir='ltr'><strong>Si</strong></span> 
     </span>
    </p>
   </div>
   <div class='ocr_carea' id='block_1_57' title="bbox 1955 2745 3542 2828">
    <p class='ocr_par' dir='ltr' id='par_1_57' title="bbox 1955 2745 3542 2828">
     <span class='ocr_line' id='line_1_57' title="bbox 1955 2745 3542 2828; baseline 0.009 -30"><span class='ocrx_word' id='word_1_422' title='bbox 1955 2745 2224 2802; x_wconf 82' lang='lat' dir='ltr'><strong>volebatis</strong></span> <span class='ocrx_word' id='word_1_423' title='bbox 2269 2763 2467 2804; x_wconf 88' lang='lat' dir='ltr'><strong>vocare</strong></span> <span class='ocrx_word' id='word_1_424' title='bbox 2521 2759 2705 2820; x_wconf 88' lang='lat' dir='ltr'><strong>partes</strong></span> <span class='ocrx_word' id='word_1_425' title='bbox 2756 2753 2980 2810; x_wconf 85' lang='lat' dir='ltr'><strong>nomine</strong></span> <span class='ocrx_word' id='word_1_426' title='bbox 3022 2755 3212 2820; x_wconf 89' lang='lat' dir='ltr'><strong>totius,</strong></span> <span class='ocrx_word' id='word_1_427' title='bbox 3247 2759 3542 2828; x_wconf 85' lang='lat' dir='ltr'><strong>oportebat</strong></span> 
     </span>
    </p>
   </div>
   <div class='ocr_carea' id='block_1_58' title="bbox 1956 2838 3538 2918">
    <p class='ocr_par' dir='ltr' id='par_1_58' title="bbox 1956 2838 3538 2918">
     <span class='ocr_line' id='line_1_58' title="bbox 1956 2838 3538 2918; baseline 0.012 -30"><span class='ocrx_word' id='word_1_428' title='bbox 1956 2838 2222 2906; x_wconf 82' lang='lat' dir='ltr'><strong>profecto,</strong></span> <span class='ocrx_word' id='word_1_429' title='bbox 2239 2851 2298 2897; x_wconf 92' lang='lat' dir='ltr'><strong>ut</strong></span> <span class='ocrx_word' id='word_1_430' title='bbox 2319 2850 2491 2896; x_wconf 86' lang='lat' dir='ltr'><strong>totum</strong></span> <span class='ocrx_word' id='word_1_431' title='bbox 2507 2843 2672 2898; x_wconf 88' lang='lat' dir='ltr'><strong>etiam</strong></span> <span class='ocrx_word' id='word_1_432' title='bbox 2692 2844 3073 2901; x_wconf 84' lang='lat' dir='ltr'><strong>nominatione</strong></span> <span class='ocrx_word' id='word_1_433' title='bbox 3085 2849 3330 2918; x_wconf 82' lang='lat' dir='ltr'><strong>partium</strong></span> <span class='ocrx_word' id='word_1_434' title='bbox 3351 2851 3538 2906; x_wconf 89' lang='lat' dir='ltr'><strong>decla-</strong></span> 
     </span>
    </p>
   </div>
   <div class='ocr_carea' id='block_1_59' title="bbox 1956 2932 3536 3002">
    <p class='ocr_par' dir='ltr' id='par_1_59' title="bbox 1956 2932 3536 3002">
     <span class='ocr_line' id='line_1_59' title="bbox 1956 2932 3536 3002; baseline 0.007 -19"><span class='ocrx_word' id='word_1_435' title='bbox 1956 2932 2174 2995; x_wconf 76' lang='lat' dir='ltr'><strong>raretis,</strong></span> <span class='ocrx_word' id='word_1_436' title='bbox 2210 2942 2375 3002; x_wconf 88' lang='lat' dir='ltr'><strong>atque</strong></span> <span class='ocrx_word' id='word_1_437' title='bbox 2407 2933 2482 2988; x_wconf 88' lang='lat' dir='ltr'><strong>ita</strong></span> <span class='ocrx_word' id='word_1_438' title='bbox 2513 2935 2661 2989; x_wconf 82' lang='lat' dir='ltr'><strong>nulla</strong></span> <span class='ocrx_word' id='word_1_439' title='bbox 2689 2935 2846 2991; x_wconf 88' lang='lat' dir='ltr'><strong>vobis</strong></span> <span class='ocrx_word' id='word_1_440' title='bbox 2867 2937 3071 2992; x_wconf 80' lang='lat' dir='ltr'><strong>invidia</strong></span> <span class='ocrx_word' id='word_1_441' title='bbox 3103 2949 3269 2995; x_wconf 87' lang='lat' dir='ltr'><strong>esset.</strong></span> <span class='ocrx_word' id='word_1_442' title='bbox 3303 2941 3536 2997; x_wconf 86' lang='lat' dir='ltr'><strong>Carnem</strong></span> 
     </span>
    </p>
   </div>
   <div class='ocr_carea' id='block_1_60' title="bbox 1954 3025 3536 3099">
    <p class='ocr_par' dir='ltr' id='par_1_60' title="bbox 1954 3025 3536 3099">
     <span class='ocr_line' id='line_1_60' title="bbox 1954 3025 3536 3099; baseline 0.008 -23"><span class='ocrx_word' id='word_1_443' title='bbox 1954 3033 2161 3087; x_wconf 86' lang='lat' dir='ltr'><strong>autem,</strong></span> <span class='ocrx_word' id='word_1_444' title='bbox 2201 3025 2287 3079; x_wconf 85' lang='lat' dir='ltr'><strong>vel</strong></span> <span class='ocrx_word' id='word_1_445' title='bbox 2335 3025 2616 3081; x_wconf 87' lang='lat' dir='ltr'><strong>hominem</strong></span> <span class='ocrx_word' id='word_1_446' title='bbox 2676 3036 2933 3084; x_wconf 85' lang='lat' dir='ltr'><strong>vocantes</strong></span> <span class='ocrx_word' id='word_1_447' title='bbox 2983 3030 3170 3099; x_wconf 86' lang='lat' dir='ltr'><strong>potius</strong></span> <span class='ocrx_word' id='word_1_448' title='bbox 3219 3033 3536 3097; x_wconf 81' lang='lat' dir='ltr'><strong>Dominum,</strong></span> 
     </span>
    </p>
   </div>
   <div class='ocr_carea' id='block_1_61' title="bbox 1952 3117 3541 3190">
    <p class='ocr_par' dir='ltr' id='par_1_61' title="bbox 1952 3117 3541 3190">
     <span class='ocr_line' id='line_1_61' title="bbox 1952 3117 3541 3190; baseline 0.007 -18"><span class='ocrx_word' id='word_1_449' title='bbox 1952 3127 2130 3172; x_wconf 86' lang='lat' dir='ltr'><strong>totum</strong></span> <span class='ocrx_word' id='word_1_450' title='bbox 2177 3133 2243 3172; x_wconf 78' lang='lat' dir='ltr'><strong>ex</strong></span> <span class='ocrx_word' id='word_1_451' title='bbox 2282 3126 2436 3187; x_wconf 86' lang='lat' dir='ltr'><strong>parte</strong></span> <span class='ocrx_word' id='word_1_452' title='bbox 2474 3117 2884 3190; x_wconf 79' lang='lat' dir='ltr'><strong>significaretis,</strong></span> <span class='ocrx_word' id='word_1_453' title='bbox 2917 3132 2973 3176; x_wconf 89' lang='lat' dir='ltr'><strong>et</strong></span> <span class='ocrx_word' id='word_1_454' title='bbox 3000 3139 3109 3177; x_wconf 92' lang='lat' dir='ltr'><strong>non</strong></span> <span class='ocrx_word' id='word_1_455' title='bbox 3144 3123 3282 3180; x_wconf 84' lang='lat' dir='ltr'><strong>duas</strong></span> <span class='ocrx_word' id='word_1_456' title='bbox 3314 3135 3541 3184; x_wconf 83' lang='lat' dir='ltr'><strong>naturas</strong></span> 
     </span>
    </p>
   </div>
   <div class='ocr_carea' id='block_1_62' title="bbox 1955 3210 3538 3290">
    <p class='ocr_par' dir='ltr' id='par_1_62' title="bbox 1955 3210 3538 3290">
     <span class='ocr_line' id='line_1_62' title="bbox 1955 3210 3538 3290; baseline 0.011 -29"><span class='ocrx_word' id='word_1_457' title='bbox 1955 3218 2213 3264; x_wconf 86' lang='lat' dir='ltr'><strong>vocantes</strong></span> <span class='ocrx_word' id='word_1_458' title='bbox 2253 3226 2439 3265; x_wconf 91' lang='lat' dir='ltr'><strong>unam.</strong></span> <span class='ocrx_word' id='word_1_459' title='bbox 2471 3210 2626 3282; x_wconf 71' lang='lat' dir='ltr'><strong>Szepe</strong></span> <span class='ocrx_word' id='word_1_460' title='bbox 2658 3213 2805 3268; x_wconf 88' lang='lat' dir='ltr'><strong>enim</strong></span> <span class='ocrx_word' id='word_1_461' title='bbox 2843 3230 2953 3270; x_wconf 90' lang='lat' dir='ltr'><strong>non</strong></span> <span class='ocrx_word' id='word_1_462' title='bbox 2980 3221 3206 3287; x_wconf 87' lang='lat' dir='ltr'><strong>proprie</strong></span> <span class='ocrx_word' id='word_1_463' title='bbox 3239 3219 3392 3290; x_wconf 90' lang='lat' dir='ltr'><strong>loqui</strong></span> <span class='ocrx_word' id='word_1_464' title='bbox 3423 3221 3538 3279; x_wconf 76' lang='lat' dir='ltr'><strong>dis-</strong></span> 
     </span>
    </p>
   </div>
   <div class='ocr_carea' id='block_1_63' title="bbox 263 3284 1847 3394">
    <p class='ocr_par' dir='ltr' id='par_1_63' title="bbox 263 3284 1847 3394">
     <span class='ocr_line' id='line_1_63' title="bbox 322 3284 1847 3303; baseline -0.004 -6"><span class='ocrx_word' id='word_1_465' title='bbox 322 3284 394 3299; x_wconf 90' lang='lat'><strong>..</strong></span> <span class='ocrx_word' id='word_1_466' title='bbox 618 3284 632 3290; x_wconf 85' lang='lat'><strong>-</strong></span> <span class='ocrx_word' id='word_1_467' title='bbox 934 3284 1011 3298; x_wconf 85' lang='lat'><strong>..</strong></span> <span class='ocrx_word' id='word_1_468' title='bbox 1068 3284 1080 3302; x_wconf 87' lang='lat'><strong>,</strong></span> <span class='ocrx_word' id='word_1_469' title='bbox 1219 3284 1292 3303; x_wconf 83' lang='grc'><strong>,,</strong></span> 
     </span>
     <span class='ocr_line' id='line_1_64' title="bbox 263 3319 1847 3394; baseline 0.004 -21"><span class='ocrx_word' id='word_1_470' title='bbox 263 3320 535 3390; x_wconf 71' lang='grc' dir='ltr'>δόγματος</span> <span class='ocrx_word' id='word_1_471' title='bbox 557 3319 853 3392; x_wconf 75' lang='grc' dir='ltr'>ἐργάζεται</span> <span class='ocrx_word' id='word_1_472' title='bbox 881 3321 1177 3391; x_wconf 68' lang='grc' dir='ltr'>διαφωνίαν</span> <span class='ocrx_word' id='word_1_473' title='bbox 1195 3339 1208 3353; x_wconf 74' lang='grc' dir='ltr'><strong>ο</strong></span> <span class='ocrx_word' id='word_1_474' title='bbox 1239 3324 1362 3377; x_wconf 80' lang='grc' dir='ltr'>ὃθεν</span> <span class='ocrx_word' id='word_1_475' title='bbox 1394 3326 1556 3394; x_wconf 75' lang='grc' dir='ltr'>ἡμεῖς</span> <span class='ocrx_word' id='word_1_476' title='bbox 1585 3327 1726 3379; x_wconf 82' lang='grc' dir='ltr'>κατά</span> <span class='ocrx_word' id='word_1_477' title='bbox 1749 3327 1847 3390; x_wconf 74' lang='grc' dir='ltr'><strong>τὰς</strong></span> 
     </span>
    </p>
   </div>
   <div class='ocr_carea' id='block_1_64' title="bbox 1951 3284 3534 3394">
    <p class='ocr_par' dir='ltr' id='par_1_64' title="bbox 1953 3284 3534 3373">
     <span class='ocr_line' id='line_1_65' title="bbox 1953 3284 3534 3373; baseline 0.009 -20"><span class='ocrx_word' id='word_1_478' title='bbox 1953 3301 2294 3369; x_wconf 86' lang='lat' dir='ltr'><strong>erepantiam</strong></span> <span class='ocrx_word' id='word_1_479' title='bbox 2345 3302 2618 3373; x_wconf 84' lang='lat' dir='ltr'><strong>dogmatis</strong></span> <span class='ocrx_word' id='word_1_480' title='bbox 2661 3303 2848 3361; x_wconf 81' lang='lat' dir='ltr'><strong>elIicit.</strong></span> <span class='ocrx_word' id='word_1_481' title='bbox 2888 3284 3044 3364; x_wconf 83' lang='lat' dir='ltr'><strong>Unde</strong></span> <span class='ocrx_word' id='word_1_482' title='bbox 3081 3284 3186 3366; x_wconf 77' lang='lat' dir='ltr'><strong>nos</strong></span> <span class='ocrx_word' id='word_1_483' title='bbox 3229 3284 3534 3368; x_wconf 75' lang='lat' dir='ltr'><strong>secundum</strong></span> 
     </span>
    </p>
   </div>
   <div class='ocr_carea' id='block_1_65' title="bbox 267 3412 1845 3491">
    <p class='ocr_par' dir='ltr' id='par_1_65' title="bbox 267 3412 1845 3491">
     <span class='ocr_line' id='line_1_66' title="bbox 267 3412 1845 3491; baseline 0.005 -27"><span class='ocrx_word' id='word_1_484' title='bbox 267 3412 420 3476; x_wconf 83' lang='grc' dir='ltr'>Θείας</span> <span class='ocrx_word' id='word_1_485' title='bbox 460 3413 708 3482; x_wconf 78' lang='grc' dir='ltr'>Γραφὰς,</span> <span class='ocrx_word' id='word_1_486' title='bbox 749 3414 840 3466; x_wconf 76' lang='grc' dir='ltr'><strong>καὶ</strong></span> <span class='ocrx_word' id='word_1_487' title='bbox 887 3414 986 3476; x_wconf 83' lang='grc' dir='ltr'><strong>τὰς</strong></span> <span class='ocrx_word' id='word_1_488' title='bbox 1028 3416 1542 3484; x_wconf 83' lang='grc' dir='ltr'>πατροπαραδότους</span> <span class='ocrx_word' id='word_1_489' title='bbox 1593 3418 1845 3491; x_wconf 74' lang='grc' dir='ltr'>θεωρίας,</span> 
     </span>
    </p>
   </div>
   <div class='ocr_carea' id='block_1_66' title="bbox 267 3502 1848 3581">
    <p class='ocr_par' dir='ltr' id='par_1_66' title="bbox 267 3502 1848 3581">
     <span class='ocr_line' id='line_1_67' title="bbox 267 3502 1848 3581; baseline 0.005 -26"><span class='ocrx_word' id='word_1_490' title='bbox 267 3502 528 3566; x_wconf 70' lang='grc' dir='ltr'>πολλάκις</span> <span class='ocrx_word' id='word_1_491' title='bbox 576 3506 637 3556; x_wconf 78' lang='grc' dir='ltr'>τὸ</span> <span class='ocrx_word' id='word_1_492' title='bbox 675 3504 795 3557; x_wconf 82' lang='grc' dir='ltr'>ὅλον</span> <span class='ocrx_word' id='word_1_493' title='bbox 828 3505 892 3556; x_wconf 85' lang='grc' dir='ltr'>ὲκ</span> <span class='ocrx_word' id='word_1_494' title='bbox 940 3505 1161 3576; x_wconf 85' lang='grc' dir='ltr'>μέρους,</span> <span class='ocrx_word' id='word_1_495' title='bbox 1199 3506 1293 3558; x_wconf 77' lang='grc' dir='ltr'><strong>καὶ</strong></span> <span class='ocrx_word' id='word_1_496' title='bbox 1341 3506 1409 3559; x_wconf 75' lang='grc' dir='ltr'>τὰ</span> <span class='ocrx_word' id='word_1_497' title='bbox 1450 3509 1590 3578; x_wconf 82' lang='grc' dir='ltr'>μέρη</span> <span class='ocrx_word' id='word_1_498' title='bbox 1637 3513 1702 3581; x_wconf 78' lang='grc' dir='ltr'><strong>τῇ</strong></span> <span class='ocrx_word' id='word_1_499' title='bbox 1753 3510 1848 3563; x_wconf 83' lang='grc' dir='ltr'><strong>τοῦ</strong></span> 
     </span>
    </p>
   </div>
   <div class='ocr_carea' id='block_1_67' title="bbox 263 3595 1849 3670">
    <p class='ocr_par' dir='ltr' id='par_1_67' title="bbox 263 3595 1849 3670">
     <span class='ocr_line' id='line_1_68' title="bbox 263 3595 1849 3670; baseline 0.003 -20"><span class='ocrx_word' id='word_1_500' title='bbox 263 3595 388 3650; x_wconf 75' lang='grc' dir='ltr'>ὅλου</span> <span class='ocrx_word' id='word_1_501' title='bbox 437 3597 632 3668; x_wconf 82' lang='grc' dir='ltr'>κλήσει</span> <span class='ocrx_word' id='word_1_502' title='bbox 691 3595 1196 3668; x_wconf 82' lang='grc' dir='ltr'>προσαγορεύομεν,</span> <span class='ocrx_word' id='word_1_503' title='bbox 1234 3597 1360 3652; x_wconf 76' lang='grc' dir='ltr'>Υὶδν</span> <span class='ocrx_word' id='word_1_504' title='bbox 1414 3599 1702 3670; x_wconf 81' lang='grc' dir='ltr'>ἀνθρώπου</span> <span class='ocrx_word' id='word_1_505' title='bbox 1759 3601 1849 3654; x_wconf 76' lang='grc' dir='ltr'>τὸν</span> 
     </span>
    </p>
   </div>
   <div class='ocr_carea' id='block_1_68' title="bbox 267 3689 1848 3762">
    <p class='ocr_par' dir='ltr' id='par_1_68' title="bbox 267 3689 1848 3762">
     <span class='ocr_line' id='line_1_69' title="bbox 267 3689 1848 3762; baseline 0.002 -19"><span class='ocrx_word' id='word_1_506' title='bbox 267 3689 438 3759; x_wconf 79' lang='grc' dir='ltr'>Λόγον</span> <span class='ocrx_word' id='word_1_507' title='bbox 465 3690 844 3761; x_wconf 78' lang='grc' dir='ltr'>ὀνομάζοντες,</span> <span class='ocrx_word' id='word_1_508' title='bbox 875 3691 969 3743; x_wconf 74' lang='grc' dir='ltr'><strong>καὶ</strong></span> <span class='ocrx_word' id='word_1_509' title='bbox 1001 3689 1212 3761; x_wconf 84' lang='grc' dir='ltr'>Κύριον</span> <span class='ocrx_word' id='word_1_510' title='bbox 1241 3689 1344 3759; x_wconf 77' lang='grc' dir='ltr'>τῆς</span> <span class='ocrx_word' id='word_1_511' title='bbox 1380 3691 1542 3761; x_wconf 81' lang='grc' dir='ltr'>δόξης</span> <span class='ocrx_word' id='word_1_512' title='bbox 1569 3693 1848 3762; x_wconf 75' lang='grc' dir='ltr'>ἐσταυρῶ-</span> 
     </span>
    </p>
   </div>
   <div class='ocr_carea' id='block_1_69' title="bbox 268 3779 1848 3851">
    <p class='ocr_par' dir='ltr' id='par_1_69' title="bbox 268 3779 1848 3851">
     <span class='ocr_line' id='line_1_70' title="bbox 268 3779 1848 3851; baseline 0.001 -19"><span class='ocrx_word' id='word_1_513' title='bbox 268 3779 1058 3851; x_wconf 78' lang='grc' dir='ltr'>σθαιὸμολογοῦντες.Ἀλλόύ</span> <span class='ocrx_word' id='word_1_514' title='bbox 1091 3779 1242 3850; x_wconf 87' lang='grc' dir='ltr'><strong>παρὰ</strong></span> <span class='ocrx_word' id='word_1_515' title='bbox 1271 3779 1429 3833; x_wconf 85' lang='grc' dir='ltr'>τοῦτο</span> <span class='ocrx_word' id='word_1_516' title='bbox 1477 3783 1541 3850; x_wconf 80' lang='grc' dir='ltr'>τῇ</span> <span class='ocrx_word' id='word_1_517' title='bbox 1583 3783 1848 3837; x_wconf 81' lang='grc' dir='ltr'>ἁντιδόσει</span> 
     </span>
    </p>
   </div>
   <div class='ocr_carea' id='block_1_70' title="bbox 265 3871 1850 3942">
    <p class='ocr_par' dir='ltr' id='par_1_70' title="bbox 265 3871 1850 3942">
     <span class='ocr_line' id='line_1_71' title="bbox 265 3871 1850 3942; baseline 0.001 -18"><span class='ocrx_word' id='word_1_518' title='bbox 265 3873 376 3925; x_wconf 79' lang='grc' dir='ltr'><strong>τῶν</strong></span> <span class='ocrx_word' id='word_1_519' title='bbox 417 3872 1086 3942; x_wconf 80' lang='grc' dir='ltr'>ίδιωμάτων,άναιροῦμεν</span> <span class='ocrx_word' id='word_1_520' title='bbox 1105 3872 1197 3923; x_wconf 64' lang='grc' dir='ltr'><strong>τδν</strong></span> <span class='ocrx_word' id='word_1_521' title='bbox 1230 3871 1358 3924; x_wconf 85' lang='grc' dir='ltr'>ίδιον</span> <span class='ocrx_word' id='word_1_522' title='bbox 1390 3872 1545 3941; x_wconf 76' lang='grc' dir='ltr'>λόγον</span> <span class='ocrx_word' id='word_1_523' title='bbox 1565 3875 1662 3942; x_wconf 77' lang='grc' dir='ltr'>τῆς</span> <span class='ocrx_word' id='word_1_524' title='bbox 1694 3873 1850 3926; x_wconf 81' lang='grc' dir='ltr'>θατέ-</span> 
     </span>
    </p>
   </div>
   <div class='ocr_carea' id='block_1_71' title="bbox 267 3963 1849 4035">
    <p class='ocr_par' dir='ltr' id='par_1_71' title="bbox 267 3963 1849 4035">
     <span class='ocr_line' id='line_1_72' title="bbox 267 3963 1849 4035; baseline 0.001 -19"><span class='ocrx_word' id='word_1_525' title='bbox 267 3979 366 4035; x_wconf 82' lang='grc' dir='ltr'><strong>ρου</strong></span> <span class='ocrx_word' id='word_1_526' title='bbox 394 3965 452 4017; x_wconf 81' lang='grc' dir='ltr'>ὲν</span> <span class='ocrx_word' id='word_1_527' title='bbox 483 3963 666 4034; x_wconf 84' lang='grc' dir='ltr'>ταυτῷ</span> <span class='ocrx_word' id='word_1_528' title='bbox 696 3965 977 4034; x_wconf 79' lang='grc' dir='ltr'>ἰδιότητος.</span> <span class='ocrx_word' id='word_1_529' title='bbox 999 3965 1140 4032; x_wconf 83' lang='grc' dir='ltr'>Πρὸς</span> <span class='ocrx_word' id='word_1_530' title='bbox 1162 3963 1218 4015; x_wconf 83' lang='grc' dir='ltr'><strong>δὲ</strong></span> <span class='ocrx_word' id='word_1_531' title='bbox 1257 3963 1348 4015; x_wconf 79' lang='grc' dir='ltr'><strong>καὶ</strong></span> <span class='ocrx_word' id='word_1_532' title='bbox 1380 3963 1466 4015; x_wconf 78' lang='grc' dir='ltr'><strong>διὰ</strong></span> <span class='ocrx_word' id='word_1_533' title='bbox 1491 3967 1694 4034; x_wconf 85' lang='grc' dir='ltr'>κυρίων</span> <span class='ocrx_word' id='word_1_534' title='bbox 1715 3967 1849 4035; x_wconf 80' lang='grc' dir='ltr'>ἡμῖν</span> 
     </span>
    </p>
   </div>
   <div class='ocr_carea' id='block_1_72' title="bbox 263 4056 1847 4127">
    <p class='ocr_par' dir='ltr' id='par_1_72' title="bbox 263 4056 1847 4127">
     <span class='ocr_line' id='line_1_73' title="bbox 263 4056 1847 4127; baseline 0 -16"><span class='ocrx_word' id='word_1_535' title='bbox 263 4056 440 4111; x_wconf 85' lang='grc' dir='ltr'>ταῦτα</span> <span class='ocrx_word' id='word_1_536' title='bbox 471 4056 581 4110; x_wconf 84' lang='grc' dir='ltr'>τῶν</span> <span class='ocrx_word' id='word_1_537' title='bbox 610 4056 893 4127; x_wconf 81' lang='grc' dir='ltr'>ὀνομάτων</span> <span class='ocrx_word' id='word_1_538' title='bbox 925 4057 1289 4125; x_wconf 72' lang='grc' dir='ltr'>γνωρίζεται,</span> <span class='ocrx_word' id='word_1_539' title='bbox 1312 4057 1412 4126; x_wconf 81' lang='grc' dir='ltr'>τὴν</span> <span class='ocrx_word' id='word_1_540' title='bbox 1442 4057 1540 4125; x_wconf 77' lang='grc' dir='ltr'><strong>μὲν</strong></span> <span class='ocrx_word' id='word_1_541' title='bbox 1579 4059 1847 4112; x_wconf 82' lang='grc' dir='ltr'>ἀντίδοσιν</span> 
     </span>
    </p>
   </div>
   <div class='ocr_carea' id='block_1_73' title="bbox 262 4145 1848 4220">
    <p class='ocr_par' dir='ltr' id='par_1_73' title="bbox 262 4145 1848 4220">
     <span class='ocr_line' id='line_1_74' title="bbox 262 4145 1848 4220; baseline 0.003 -21"><span class='ocrx_word' id='word_1_542' title='bbox 262 4145 375 4200; x_wconf 86' lang='grc' dir='ltr'><strong>τῶν</strong></span> <span class='ocrx_word' id='word_1_543' title='bbox 409 4146 716 4214; x_wconf 73' lang='grc' dir='ltr'>ἰδιωμάτων</span> <span class='ocrx_word' id='word_1_544' title='bbox 742 4151 797 4198; x_wconf 78' lang='grc' dir='ltr'><strong>ἐν</strong></span> <span class='ocrx_word' id='word_1_545' title='bbox 839 4150 907 4218; x_wconf 83' lang='grc' dir='ltr'>τῇ</span> <span class='ocrx_word' id='word_1_546' title='bbox 954 4147 1051 4217; x_wconf 77' lang='grc' dir='ltr'>μιᾷ</span> <span class='ocrx_word' id='word_1_547' title='bbox 1096 4146 1396 4201; x_wconf 82' lang='grc' dir='ltr'>ὑποστάσει</span> <span class='ocrx_word' id='word_1_548' title='bbox 1431 4148 1717 4220; x_wconf 82' lang='grc' dir='ltr'>θεωροῦσι,</span> <span class='ocrx_word' id='word_1_549' title='bbox 1746 4151 1848 4220; x_wconf 78' lang='grc' dir='ltr'><strong>τὴν</strong></span> 
     </span>
    </p>
   </div>
   <div class='ocr_carea' id='block_1_74' title="bbox 259 4237 1846 4313">
    <p class='ocr_par' dir='ltr' id='par_1_74' title="bbox 259 4237 1846 4313">
     <span class='ocr_line' id='line_1_75' title="bbox 259 4237 1846 4313; baseline 0.002 -20"><span class='ocrx_word' id='word_1_550' title='bbox 259 4237 321 4293; x_wconf 73' lang='grc' dir='ltr'>δὲ</span> <span class='ocrx_word' id='word_1_551' title='bbox 354 4238 593 4309; x_wconf 81' lang='grc' dir='ltr'>ἰδιότητα</span> <span class='ocrx_word' id='word_1_552' title='bbox 625 4240 723 4310; x_wconf 79' lang='grc' dir='ltr'><strong>τὴν</strong></span> <span class='ocrx_word' id='word_1_553' title='bbox 759 4241 816 4292; x_wconf 80' lang='grc' dir='ltr'>ἐν</span> <span class='ocrx_word' id='word_1_554' title='bbox 853 4242 918 4308; x_wconf 84' lang='grc' dir='ltr'>τῇ</span> <span class='ocrx_word' id='word_1_555' title='bbox 966 4238 1237 4308; x_wconf 87' lang='grc' dir='ltr'>κοινότητι</span> <span class='ocrx_word' id='word_1_556' title='bbox 1276 4241 1334 4292; x_wconf 84' lang='grc' dir='ltr'><strong>ἐν</strong></span> <span class='ocrx_word' id='word_1_557' title='bbox 1365 4243 1430 4311; x_wconf 81' lang='grc' dir='ltr'>τῇ</span> <span class='ocrx_word' id='word_1_558' title='bbox 1475 4241 1705 4313; x_wconf 76' lang='grc' dir='ltr'>διαφορᾷ</span> <span class='ocrx_word' id='word_1_559' title='bbox 1737 4243 1846 4296; x_wconf 85' lang='grc' dir='ltr'><strong>τῶν</strong></span> 
     </span>
    </p>
   </div>
   <div class='ocr_carea' id='block_1_75' title="bbox 263 4332 1842 4404">
    <p class='ocr_par' dir='ltr' id='par_1_75' title="bbox 263 4332 1842 4404">
     <span class='ocr_line' id='line_1_76' title="bbox 263 4332 1842 4404; baseline 0.002 -20"><span class='ocrx_word' id='word_1_560' title='bbox 263 4332 480 4402; x_wconf 79' lang='grc' dir='ltr'>φύσεων</span> <span class='ocrx_word' id='word_1_561' title='bbox 515 4332 990 4402; x_wconf 82' lang='grc' dir='ltr'>ἐπιγινώσκουσιν.</span> <span class='ocrx_word' id='word_1_562' title='bbox 1028 4332 1218 4401; x_wconf 82' lang='grc' dir='ltr'>Ὑμεῖς</span> <span class='ocrx_word' id='word_1_563' title='bbox 1247 4332 1405 4404; x_wconf 84' lang='grc' dir='ltr'><strong>δὲτῷ</strong></span> <span class='ocrx_word' id='word_1_564' title='bbox 1436 4334 1842 4404; x_wconf 81' lang='grc' dir='ltr'>παραδείγματι</span> 
     </span>
    </p>
   </div>
   <div class='ocr_carea' id='block_1_76' title="bbox 263 4421 1842 4494">
    <p class='ocr_par' dir='ltr' id='par_1_76' title="bbox 263 4421 1842 4494">
     <span class='ocr_line' id='line_1_77' title="bbox 263 4421 1842 4494; baseline -0.016 -19"><span class='ocrx_word' id='word_1_565' title='bbox 263 4423 595 4494; x_wconf 79' lang='grc' dir='ltr'>κεχρημένοι</span> <span class='ocrx_word' id='word_1_566' title='bbox 647 4423 740 4474; x_wconf 87' lang='grc' dir='ltr'><strong>τοῦ</strong></span> <span class='ocrx_word' id='word_1_567' title='bbox 766 4421 1081 4491; x_wconf 73' lang='grc' dir='ltr'>ἀνθρώπου,</span> <span class='ocrx_word' id='word_1_568' title='bbox 1113 4423 1208 4474; x_wconf 71' lang='grc' dir='ltr'><strong>καὶ</strong></span> <span class='ocrx_word' id='word_1_569' title='bbox 1243 4422 1392 4492; x_wconf 63' lang='grc' dir='ltr'>αὐτῷ</span> <span class='ocrx_word' id='word_1_570' title='bbox 1425 4423 1504 4493; x_wconf 64' lang='grc' dir='ltr'><strong>τῷ</strong></span> <span class='ocrx_word' id='word_1_571' title='bbox 1558 4425 1842 4494; x_wconf 55' lang='grc' dir='ltr'><strong>πρωτοτύ,</strong></span> 
     </span>
    </p>
   </div>
   <div class='ocr_carea' id='block_1_77' title="bbox 261 4499 1842 4589">
    <p class='ocr_par' dir='ltr' id='par_1_77' title="bbox 261 4499 1842 4589">
     <span class='ocr_line' id='line_1_78' title="bbox 261 4499 1842 4589; baseline 0.002 -22"><span class='ocrx_word' id='word_1_572' title='bbox 261 4525 351 4585; x_wconf 71' lang='lat' dir='ltr'><strong>mp</strong></span> <span class='ocrx_word' id='word_1_573' title='bbox 404 4499 850 4584; x_wconf 81' lang='grc' dir='ltr'>συνδιαφθείρετε</span> <span class='ocrx_word' id='word_1_574' title='bbox 899 4513 960 4565; x_wconf 82' lang='grc' dir='ltr'><strong>τὸ</strong></span> <span class='ocrx_word' id='word_1_575' title='bbox 999 4513 1375 4583; x_wconf 82' lang='grc' dir='ltr'>παράδειγμα.</span> <span class='ocrx_word' id='word_1_576' title='bbox 1402 4516 1553 4569; x_wconf 85' lang='grc' dir='ltr'>Μίαν</span> <span class='ocrx_word' id='word_1_577' title='bbox 1597 4517 1696 4585; x_wconf 80' lang='grc' dir='ltr'><strong>μὲν</strong></span> <span class='ocrx_word' id='word_1_578' title='bbox 1733 4518 1842 4589; x_wconf 74' lang='grc' dir='ltr'><strong>γὰρ</strong></span> 
     </span>
    </p>
   </div>
   <div class='ocr_carea' id='block_1_78' title="bbox 1953 3392 3538 3478">
    <p class='ocr_par' dir='ltr' id='par_1_78' title="bbox 1953 3392 3538 3478">
     <span class='ocr_line' id='line_1_79' title="bbox 1953 3392 3538 3478; baseline 0.01 -31"><span class='ocrx_word' id='word_1_579' title='bbox 1953 3392 2286 3462; x_wconf 89' lang='lat' dir='ltr'><strong>Scripturas,</strong></span> <span class='ocrx_word' id='word_1_580' title='bbox 2305 3403 2361 3449; x_wconf 91' lang='lat' dir='ltr'><strong>et</strong></span> <span class='ocrx_word' id='word_1_581' title='bbox 2377 3398 2785 3465; x_wconf 81' lang='lat' dir='ltr'><strong>speculationes</strong></span> <span class='ocrx_word' id='word_1_582' title='bbox 2806 3414 2836 3453; x_wconf 87' lang='lat' dir='ltr'><strong>a</strong></span> <span class='ocrx_word' id='word_1_583' title='bbox 2853 3400 3110 3458; x_wconf 86' lang='lat' dir='ltr'><strong>Patribus</strong></span> <span class='ocrx_word' id='word_1_584' title='bbox 3129 3404 3378 3468; x_wconf 87' lang='lat' dir='ltr'><strong>traditas.</strong></span> <span class='ocrx_word' id='word_1_585' title='bbox 3395 3422 3538 3478; x_wconf 82' lang='lat' dir='ltr'><strong>saepe</strong></span> 
     </span>
    </p>
   </div>
   <div class='ocr_carea' id='block_1_79' title="bbox 1953 3493 3535 3562">
    <p class='ocr_par' dir='ltr' id='par_1_79' title="bbox 1953 3493 3535 3562">
     <span class='ocr_line' id='line_1_80' title="bbox 1953 3493 3535 3562; baseline 0.013 -28"><span class='ocrx_word' id='word_1_586' title='bbox 1953 3493 2128 3538; x_wconf 85' lang='lat' dir='ltr'><strong>totum</strong></span> <span class='ocrx_word' id='word_1_587' title='bbox 2159 3501 2225 3538; x_wconf 76' lang='lat' dir='ltr'><strong>ex</strong></span> <span class='ocrx_word' id='word_1_588' title='bbox 2254 3495 2432 3555; x_wconf 89' lang='lat' dir='ltr'><strong>parte,</strong></span> <span class='ocrx_word' id='word_1_589' title='bbox 2465 3497 2523 3542; x_wconf 87' lang='lat' dir='ltr'><strong>et</strong></span> <span class='ocrx_word' id='word_1_590' title='bbox 2550 3501 2762 3557; x_wconf 85' lang='lat' dir='ltr'><strong>partem</strong></span> <span class='ocrx_word' id='word_1_591' title='bbox 2790 3493 3016 3547; x_wconf 88' lang='lat' dir='ltr'><strong>nomine</strong></span> <span class='ocrx_word' id='word_1_592' title='bbox 3042 3495 3212 3550; x_wconf 89' lang='lat' dir='ltr'><strong>totius</strong></span> <span class='ocrx_word' id='word_1_593' title='bbox 3247 3496 3535 3562; x_wconf 71' lang='lat' dir='ltr'><strong>adicimus.</strong></span> 
     </span>
    </p>
   </div>
   <div class='ocr_carea' id='block_1_80' title="bbox 1950 3574 3538 3654">
    <p class='ocr_par' dir='ltr' id='par_1_80' title="bbox 1950 3574 3538 3654">
     <span class='ocr_line' id='line_1_81' title="bbox 1950 3574 3538 3654; baseline 0.011 -25"><span class='ocrx_word' id='word_1_594' title='bbox 1950 3590 2078 3630; x_wconf 76' lang='lat' dir='ltr'><strong>eum</strong></span> <span class='ocrx_word' id='word_1_595' title='bbox 2131 3578 2372 3633; x_wconf 73' lang='lat' dir='ltr'><strong>Verbum</strong></span> <span class='ocrx_word' id='word_1_596' title='bbox 2406 3574 2604 3634; x_wconf 70' lang='lat' dir='ltr'><strong>Filium</strong></span> <span class='ocrx_word' id='word_1_597' title='bbox 2644 3583 2885 3638; x_wconf 84' lang='lat' dir='ltr'><strong>hominis</strong></span> <span class='ocrx_word' id='word_1_598' title='bbox 2911 3586 3291 3654; x_wconf 87' lang='lat' dir='ltr'><strong>nominamus;</strong></span> <span class='ocrx_word' id='word_1_599' title='bbox 3321 3600 3376 3645; x_wconf 90' lang='lat' dir='ltr'><strong>et</strong></span> <span class='ocrx_word' id='word_1_600' title='bbox 3424 3592 3538 3646; x_wconf 79' lang='grc' dir='ltr'><strong>Ι)οι</strong></span> 
     </span>
    </p>
   </div>
   <div class='ocr_carea' id='block_1_81' title="bbox 1952 3669 3539 3741">
    <p class='ocr_par' dir='ltr' id='par_1_81' title="bbox 1952 3669 3539 3741">
     <span class='ocr_line' id='line_1_82' title="bbox 1952 3669 3539 3741; baseline 0.014 -22"><span class='ocrx_word' id='word_1_601' title='bbox 1952 3669 2164 3721; x_wconf 80' lang='lat' dir='ltr'><strong>minuln</strong></span> <span class='ocrx_word' id='word_1_602' title='bbox 2225 3671 2415 3740; x_wconf 71' lang='lat' dir='ltr'><strong>gloriae</strong></span> <span class='ocrx_word' id='word_1_603' title='bbox 2463 3674 2791 3730; x_wconf 82' lang='lat' dir='ltr'><strong>cruciﬁxum</strong></span> <span class='ocrx_word' id='word_1_604' title='bbox 2854 3679 3202 3735; x_wconf 81' lang='lat' dir='ltr'><strong>conﬁtemur.</strong></span> <span class='ocrx_word' id='word_1_605' title='bbox 3261 3682 3368 3738; x_wconf 89' lang='lat' dir='ltr'><strong>Sed</strong></span> <span class='ocrx_word' id='word_1_606' title='bbox 3426 3700 3539 3741; x_wconf 89' lang='lat' dir='ltr'><strong>non</strong></span> 
     </span>
    </p>
   </div>
   <div class='ocr_carea' id='block_1_82' title="bbox 1951 3767 3541 3848">
    <p class='ocr_par' dir='ltr' id='par_1_82' title="bbox 1951 3767 3541 3848">
     <span class='ocr_line' id='line_1_83' title="bbox 1951 3767 3541 3848; baseline 0.014 -36"><span class='ocrx_word' id='word_1_607' title='bbox 1951 3770 2247 3831; x_wconf 87' lang='lat' dir='ltr'><strong>propterea</strong></span> <span class='ocrx_word' id='word_1_608' title='bbox 2273 3767 2774 3823; x_wconf 85' lang='lat' dir='ltr'><strong>communicatione</strong></span> <span class='ocrx_word' id='word_1_609' title='bbox 2803 3768 3123 3826; x_wconf 91' lang='lat' dir='ltr'><strong>idiomatum</strong></span> <span class='ocrx_word' id='word_1_610' title='bbox 3146 3774 3390 3831; x_wconf 90' lang='lat' dir='ltr'><strong>tollimus</strong></span> <span class='ocrx_word' id='word_1_611' title='bbox 3413 3793 3541 3848; x_wconf 92' lang='lat' dir='ltr'><strong>pro-</strong></span> 
     </span>
    </p>
   </div>
   <div class='ocr_carea' id='block_1_83' title="bbox 1953 3854 3532 3929">
    <p class='ocr_par' dir='ltr' id='par_1_83' title="bbox 1953 3854 3532 3929">
     <span class='ocr_line' id='line_1_84' title="bbox 1953 3854 3532 3929; baseline 0.013 -22"><span class='ocrx_word' id='word_1_612' title='bbox 1953 3854 2128 3922; x_wconf 87' lang='lat' dir='ltr'><strong>priam</strong></span> <span class='ocrx_word' id='word_1_613' title='bbox 2165 3857 2434 3911; x_wconf 82' lang='lat' dir='ltr'><strong>rationem</strong></span> <span class='ocrx_word' id='word_1_614' title='bbox 2480 3861 2833 3929; x_wconf 75' lang='lat' dir='ltr'><strong>proprietatis</strong></span> <span class='ocrx_word' id='word_1_615' title='bbox 2876 3864 3199 3920; x_wconf 88' lang='lat' dir='ltr'><strong>alterutrius</strong></span> <span class='ocrx_word' id='word_1_616' title='bbox 3231 3865 3284 3922; x_wconf 91' lang='lat' dir='ltr'><strong>in</strong></span> <span class='ocrx_word' id='word_1_617' title='bbox 3314 3869 3532 3926; x_wconf 84' lang='lat' dir='ltr'><strong>eodem.</strong></span> 
     </span>
    </p>
   </div>
   <div class='ocr_carea' id='block_1_84' title="bbox 1954 3947 3533 4026">
    <p class='ocr_par' dir='ltr' id='par_1_84' title="bbox 1954 3947 3533 4026">
     <span class='ocr_line' id='line_1_85' title="bbox 1954 3947 3533 4026; baseline 0.012 -27"><span class='ocrx_word' id='word_1_618' title='bbox 1954 3947 2182 4012; x_wconf 85' lang='lat' dir='ltr'><strong>Deinde,</strong></span> <span class='ocrx_word' id='word_1_619' title='bbox 2227 3949 2342 4004; x_wconf 67' lang='lat' dir='ltr'><strong>haec</strong></span> <span class='ocrx_word' id='word_1_620' title='bbox 2373 3951 2538 4004; x_wconf 88' lang='lat' dir='ltr'><strong>etiam</strong></span> <span class='ocrx_word' id='word_1_621' title='bbox 2575 3953 2735 4008; x_wconf 87' lang='lat' dir='ltr'><strong>nobis</strong></span> <span class='ocrx_word' id='word_1_622' title='bbox 2767 3969 2866 4024; x_wconf 89' lang='lat' dir='ltr'><strong>per</strong></span> <span class='ocrx_word' id='word_1_623' title='bbox 2912 3958 3134 4026; x_wconf 88' lang='lat' dir='ltr'><strong>propria</strong></span> <span class='ocrx_word' id='word_1_624' title='bbox 3178 3960 3402 4017; x_wconf 85' lang='lat' dir='ltr'><strong>nomina</strong></span> <span class='ocrx_word' id='word_1_625' title='bbox 3435 3963 3533 4018; x_wconf 35' lang='lat' dir='ltr'><strong>des</strong></span> 
     </span>
    </p>
   </div>
   <div class='ocr_carea' id='block_1_85' title="bbox 1951 4038 3534 4118">
    <p class='ocr_par' dir='ltr' id='par_1_85' title="bbox 1951 4038 3534 4118">
     <span class='ocr_line' id='line_1_86' title="bbox 1951 4038 3534 4118; baseline 0.013 -29"><span class='ocrx_word' id='word_1_626' title='bbox 1951 4038 2250 4104; x_wconf 87' lang='lat' dir='ltr'><strong>clarantur,</strong></span> <span class='ocrx_word' id='word_1_627' title='bbox 2284 4055 2407 4094; x_wconf 91' lang='lat' dir='ltr'><strong>cum</strong></span> <span class='ocrx_word' id='word_1_628' title='bbox 2441 4043 3002 4101; x_wconf 84' lang='lat' dir='ltr'><strong>communicationem</strong></span> <span class='ocrx_word' id='word_1_629' title='bbox 3033 4048 3257 4118; x_wconf 89' lang='lat' dir='ltr'><strong>quidem</strong></span> <span class='ocrx_word' id='word_1_630' title='bbox 3298 4052 3534 4109; x_wconf 85' lang='lat' dir='ltr'><strong>idioma-</strong></span> 
     </span>
    </p>
   </div>
   <div class='ocr_carea' id='block_1_86' title="bbox 1949 4133 3535 4214">
    <p class='ocr_par' dir='ltr' id='par_1_86' title="bbox 1949 4133 3535 4214">
     <span class='ocr_line' id='line_1_87' title="bbox 1949 4133 3535 4214; baseline 0.011 -30"><span class='ocrx_word' id='word_1_631' title='bbox 1949 4140 2067 4185; x_wconf 85' lang='lat' dir='ltr'><strong>tum</strong></span> <span class='ocrx_word' id='word_1_632' title='bbox 2098 4133 2151 4186; x_wconf 93' lang='lat' dir='ltr'><strong>in</strong></span> <span class='ocrx_word' id='word_1_633' title='bbox 2184 4148 2291 4187; x_wconf 88' lang='lat' dir='ltr'><strong>una</strong></span> <span class='ocrx_word' id='word_1_634' title='bbox 2315 4134 2591 4204; x_wconf 81' lang='lat' dir='ltr'><strong>hypostasi</strong></span> <span class='ocrx_word' id='word_1_635' title='bbox 2625 4139 3098 4208; x_wconf 88' lang='lat' dir='ltr'><strong>contemplamur;</strong></span> <span class='ocrx_word' id='word_1_636' title='bbox 3138 4144 3535 4214; x_wconf 87' lang='lat' dir='ltr'><strong>proprietatem</strong></span> 
     </span>
    </p>
   </div>
   <div class='ocr_carea' id='block_1_87' title="bbox 1949 4226 3537 4297">
    <p class='ocr_par' dir='ltr' id='par_1_87' title="bbox 1949 4226 3537 4297">
     <span class='ocr_line' id='line_1_88' title="bbox 1949 4226 3537 4297; baseline 0.012 -22"><span class='ocrx_word' id='word_1_637' title='bbox 1949 4238 2082 4277; x_wconf 83' lang='lat' dir='ltr'><strong>vero</strong></span> <span class='ocrx_word' id='word_1_638' title='bbox 2114 4239 2237 4294; x_wconf 74' lang='lat' dir='ltr'><strong>quae</strong></span> <span class='ocrx_word' id='word_1_639' title='bbox 2264 4235 2350 4281; x_wconf 85' lang='lat' dir='ltr'><strong>est</strong></span> <span class='ocrx_word' id='word_1_640' title='bbox 2394 4226 2449 4280; x_wconf 85' lang='lat' dir='ltr'><strong>in</strong></span> <span class='ocrx_word' id='word_1_641' title='bbox 2493 4228 2911 4297; x_wconf 88' lang='lat' dir='ltr'><strong>communitate,</strong></span> <span class='ocrx_word' id='word_1_642' title='bbox 2943 4231 2995 4285; x_wconf 91' lang='lat' dir='ltr'><strong>in</strong></span> <span class='ocrx_word' id='word_1_643' title='bbox 3023 4232 3342 4292; x_wconf 76' lang='lat' dir='ltr'><strong>differentia</strong></span> <span class='ocrx_word' id='word_1_644' title='bbox 3371 4251 3537 4293; x_wconf 85' lang='lat' dir='ltr'><strong>natu-</strong></span> 
     </span>
    </p>
   </div>
   <div class='ocr_carea' id='block_1_88' title="bbox 1949 4320 3532 4402">
    <p class='ocr_par' dir='ltr' id='par_1_88' title="bbox 1949 4320 3532 4402">
     <span class='ocr_line' id='line_1_89' title="bbox 1949 4320 3532 4402; baseline 0.011 -32"><span class='ocrx_word' id='word_1_645' title='bbox 1949 4333 2133 4371; x_wconf 83' lang='lat' dir='ltr'><strong>rarum</strong></span> <span class='ocrx_word' id='word_1_646' title='bbox 2181 4320 2552 4389; x_wconf 80' lang='lat' dir='ltr'><strong>agnoscimus.</strong></span> <span class='ocrx_word' id='word_1_647' title='bbox 2598 4323 2707 4377; x_wconf 82' lang='lat' dir='ltr'><strong>Vos</strong></span> <span class='ocrx_word' id='word_1_648' title='bbox 2758 4333 2964 4390; x_wconf 84' lang='lat' dir='ltr'><strong>autem,</strong></span> <span class='ocrx_word' id='word_1_649' title='bbox 3000 4337 3218 4383; x_wconf 90' lang='lat' dir='ltr'><strong>utentes</strong></span> <span class='ocrx_word' id='word_1_650' title='bbox 3279 4332 3532 4402; x_wconf 83' lang='lat' dir='ltr'><strong>exemplo</strong></span> 
     </span>
    </p>
   </div>
   <div class='ocr_carea' id='block_1_89' title="bbox 1947 4409 3532 4486">
    <p class='ocr_par' dir='ltr' id='par_1_89' title="bbox 1947 4409 3532 4486">
     <span class='ocr_line' id='line_1_90' title="bbox 1947 4409 3532 4486; baseline 0.011 -25"><span class='ocrx_word' id='word_1_651' title='bbox 1947 4409 2210 4474; x_wconf 89' lang='lat' dir='ltr'><strong>hominis,</strong></span> <span class='ocrx_word' id='word_1_652' title='bbox 2242 4427 2369 4467; x_wconf 91' lang='lat' dir='ltr'><strong>cum</strong></span> <span class='ocrx_word' id='word_1_653' title='bbox 2397 4413 2516 4483; x_wconf 90' lang='lat' dir='ltr'><strong>ipso</strong></span> <span class='ocrx_word' id='word_1_654' title='bbox 2541 4423 2836 4486; x_wconf 78' lang='lat' dir='ltr'><strong>prototypo</strong></span> <span class='ocrx_word' id='word_1_655' title='bbox 2866 4419 3177 4486; x_wconf 81' lang='lat' dir='ltr'><strong>exemplum</strong></span> <span class='ocrx_word' id='word_1_656' title='bbox 3209 4420 3374 4477; x_wconf 91' lang='lat' dir='ltr'><strong>simul</strong></span> <span class='ocrx_word' id='word_1_657' title='bbox 3409 4439 3532 4479; x_wconf 92' lang='lat' dir='ltr'><strong>cor-</strong></span> 
     </span>
    </p>
   </div>
   <div class='ocr_carea' id='block_1_90' title="bbox 1948 4503 3526 4582">
    <p class='ocr_par' dir='ltr' id='par_1_90' title="bbox 1948 4503 3526 4582">
     <span class='ocr_line' id='line_1_91' title="bbox 1948 4503 3526 4582; baseline 0.011 -28"><span class='ocrx_word' id='word_1_658' title='bbox 1948 4503 2224 4572; x_wconf 88' lang='lat' dir='ltr'><strong>rumpitis.</strong></span> <span class='ocrx_word' id='word_1_659' title='bbox 2274 4505 2447 4561; x_wconf 87' lang='lat' dir='ltr'><strong>Unam</strong></span> <span class='ocrx_word' id='word_1_660' title='bbox 2475 4506 2623 4562; x_wconf 91' lang='lat' dir='ltr'><strong>enim</strong></span> <span class='ocrx_word' id='word_1_661' title='bbox 2665 4517 2920 4563; x_wconf 88' lang='lat' dir='ltr'><strong>naturam</strong></span> <span class='ocrx_word' id='word_1_662' title='bbox 2969 4509 3210 4566; x_wconf 89' lang='lat' dir='ltr'><strong>hominis</strong></span> <span class='ocrx_word' id='word_1_663' title='bbox 3254 4512 3526 4582; x_wconf 89' lang='lat' dir='ltr'><strong>dicimus;</strong></span> 
     </span>
    </p>
   </div>
   <div class='ocr_carea' id='block_1_91' title="bbox 261 4597 1847 4683">
    <p class='ocr_par' dir='ltr' id='par_1_91' title="bbox 261 4603 1839 4678">
     <span class='ocr_line' id='line_1_92' title="bbox 261 4603 1839 4678; baseline 0.001 -20"><span class='ocrx_word' id='word_1_664' title='bbox 261 4603 554 4676; x_wconf 83' lang='grc' dir='ltr'>ἀνθρώπου</span> <span class='ocrx_word' id='word_1_665' title='bbox 590 4603 752 4673; x_wconf 80' lang='grc' dir='ltr'>φύσιν</span> <span class='ocrx_word' id='word_1_666' title='bbox 781 4603 1013 4671; x_wconf 80' lang='grc' dir='ltr'>λέγομεν</span> <span class='ocrx_word' id='word_1_667' title='bbox 1037 4643 1050 4665; x_wconf 90' lang='grc'><strong>,</strong></span> <span class='ocrx_word' id='word_1_668' title='bbox 1075 4603 1172 4673; x_wconf 73' lang='grc' dir='ltr'>οὐχ</span> <span class='ocrx_word' id='word_1_669' title='bbox 1207 4605 1284 4666; x_wconf 84' lang='grc' dir='ltr'>ὡς</span> <span class='ocrx_word' id='word_1_670' title='bbox 1319 4604 1385 4658; x_wconf 86' lang='grc' dir='ltr'>ἂν</span> <span class='ocrx_word' id='word_1_671' title='bbox 1416 4606 1574 4674; x_wconf 76' lang='grc' dir='ltr'>ὑμεῖς</span> <span class='ocrx_word' id='word_1_672' title='bbox 1605 4608 1800 4678; x_wconf 83' lang='grc' dir='ltr'>φαίητε</span> <span class='ocrx_word' id='word_1_673' title='bbox 1825 4649 1839 4671; x_wconf 92' lang='grc'><strong>,</strong></span> 
     </span>
    </p>
   </div>
   <div class='ocr_carea' id='block_1_92' title="bbox 1951 4597 3532 4683">
    <p class='ocr_par' dir='ltr' id='par_1_92' title="bbox 1951 4597 3532 4668">
     <span class='ocr_line' id='line_1_93' title="bbox 1951 4597 3532 4668; baseline 0.009 -22"><span class='ocrx_word' id='word_1_674' title='bbox 1951 4611 2057 4648; x_wconf 90' lang='lat' dir='ltr'><strong>non</strong></span> <span class='ocrx_word' id='word_1_675' title='bbox 2097 4605 2155 4648; x_wconf 90' lang='lat' dir='ltr'><strong>ut</strong></span> <span class='ocrx_word' id='word_1_676' title='bbox 2185 4613 2282 4650; x_wconf 85' lang='lat' dir='ltr'><strong>vos</strong></span> <span class='ocrx_word' id='word_1_677' title='bbox 2312 4597 2516 4662; x_wconf 87' lang='lat' dir='ltr'><strong>dicitis,</strong></span> <span class='ocrx_word' id='word_1_678' title='bbox 2560 4599 2651 4668; x_wconf 89' lang='lat' dir='ltr'><strong>qui</strong></span> <span class='ocrx_word' id='word_1_679' title='bbox 2684 4611 2940 4653; x_wconf 88' lang='lat' dir='ltr'><strong>naturam</strong></span> <span class='ocrx_word' id='word_1_680' title='bbox 2966 4601 3151 4656; x_wconf 87' lang='lat' dir='ltr'><strong>carnis</strong></span> <span class='ocrx_word' id='word_1_681' title='bbox 3187 4603 3241 4657; x_wconf 91' lang='lat' dir='ltr'><strong>in</strong></span> <span class='ocrx_word' id='word_1_682' title='bbox 3277 4605 3532 4661; x_wconf 88' lang='lat' dir='ltr'><strong>substan-</strong></span> 
     </span>
    </p>
   </div>
   <div class='ocr_carea' id='block_1_93' title="bbox 259 4695 1836 4771">
    <p class='ocr_par' dir='ltr' id='par_1_93' title="bbox 259 4695 1836 4771">
     <span class='ocr_line' id='line_1_94' title="bbox 259 4695 1836 4771; baseline 0.003 -23"><span class='ocrx_word' id='word_1_683' title='bbox 259 4697 340 4757; x_wconf 81' lang='grc' dir='ltr'><strong>είς</strong></span> <span class='ocrx_word' id='word_1_684' title='bbox 373 4697 572 4750; x_wconf 71' lang='grc' dir='ltr'>ταυτὸν</span> <span class='ocrx_word' id='word_1_685' title='bbox 602 4695 830 4764; x_wconf 79' lang='grc' dir='ltr'>ἄγοντες</span> <span class='ocrx_word' id='word_1_686' title='bbox 863 4695 962 4766; x_wconf 80' lang='grc' dir='ltr'><strong>τὴν</strong></span> <span class='ocrx_word' id='word_1_687' title='bbox 993 4695 1157 4764; x_wconf 76' lang='grc' dir='ltr'>φύσιν</span> <span class='ocrx_word' id='word_1_688' title='bbox 1190 4695 1291 4765; x_wconf 85' lang='grc' dir='ltr'>τῆς</span> <span class='ocrx_word' id='word_1_689' title='bbox 1342 4697 1547 4766; x_wconf 81' lang='grc' dir='ltr'>σαρκὸς</span> <span class='ocrx_word' id='word_1_690' title='bbox 1579 4700 1644 4769; x_wconf 77' lang='grc' dir='ltr'>τῇ</span> <span class='ocrx_word' id='word_1_691' title='bbox 1677 4700 1836 4771; x_wconf 69' lang='grc' dir='ltr'>οὐσίᾳ</span> 
     </span>
    </p>
   </div>
   <div class='ocr_carea' id='block_1_94' title="bbox 259 4787 1840 4862">
    <p class='ocr_par' dir='ltr' id='par_1_94' title="bbox 259 4787 1840 4862">
     <span class='ocr_line' id='line_1_95' title="bbox 259 4787 1840 4862; baseline 0.002 -20"><span class='ocrx_word' id='word_1_692' title='bbox 259 4790 360 4859; x_wconf 85' lang='grc' dir='ltr'><strong>τῆς</strong></span> <span class='ocrx_word' id='word_1_693' title='bbox 390 4788 587 4858; x_wconf 78' lang='grc' dir='ltr'>ψυχῆς,</span> <span class='ocrx_word' id='word_1_694' title='bbox 618 4788 651 4859; x_wconf 81' lang='grc' dir='ltr'>ἢ</span> <span class='ocrx_word' id='word_1_695' title='bbox 685 4787 745 4841; x_wconf 80' lang='grc' dir='ltr'>τὸ</span> <span class='ocrx_word' id='word_1_696' title='bbox 777 4787 1088 4845; x_wconf 71' lang='grc' dir='ltr'>ἀνάπαλιν·</span> <span class='ocrx_word' id='word_1_697' title='bbox 1122 4788 1247 4841; x_wconf 75' lang='grc' dir='ltr'>οὕτε</span> <span class='ocrx_word' id='word_1_698' title='bbox 1295 4789 1401 4859; x_wconf 82' lang='grc' dir='ltr'>μὴν</span> <span class='ocrx_word' id='word_1_699' title='bbox 1446 4788 1502 4855; x_wconf 79' lang='grc' dir='ltr'>ἐξ</span> <span class='ocrx_word' id='word_1_700' title='bbox 1557 4790 1840 4862; x_wconf 78' lang='grc' dir='ltr'>ἑκατέρων</span> 
     </span>
    </p>
   </div>
   <div class='ocr_carea' id='block_1_95' title="bbox 260 4881 1343 4953">
    <p class='ocr_par' dir='ltr' id='par_1_95' title="bbox 260 4881 1343 4953">
     <span class='ocr_line' id='line_1_96' title="bbox 260 4881 1343 4953; baseline 0 -19"><span class='ocrx_word' id='word_1_701' title='bbox 260 4881 368 4935; x_wconf 78' lang='grc' dir='ltr'>οὐδ’</span> <span class='ocrx_word' id='word_1_702' title='bbox 395 4883 666 4953; x_wconf 75' lang='grc' dir='ltr'>ὁποτέραν</span> <span class='ocrx_word' id='word_1_703' title='bbox 684 4881 1110 4936; x_wconf 81' lang='grc' dir='ltr'>ἀποτετελέσθαι</span> <span class='ocrx_word' id='word_1_704' title='bbox 1140 4882 1343 4953; x_wconf 78' lang='grc' dir='ltr'>φαμέν.</span> 
     </span>
    </p>
   </div>
   <div class='ocr_carea' id='block_1_96' title="bbox 330 4973 1839 5046">
    <p class='ocr_par' dir='ltr' id='par_1_96' title="bbox 330 4973 1839 5046">
     <span class='ocr_line' id='line_1_97' title="bbox 330 4973 1839 5046; baseline 0.001 -19"><span class='ocrx_word' id='word_1_705' title='bbox 330 4975 495 5028; x_wconf 75' lang='grc' dir='ltr'>Φύσιν</span> <span class='ocrx_word' id='word_1_706' title='bbox 536 4975 592 5028; x_wconf 80' lang='grc' dir='ltr'>δὲ</span> <span class='ocrx_word' id='word_1_707' title='bbox 628 4975 834 5046; x_wconf 82' lang='grc' dir='ltr'>ταύτην</span> <span class='ocrx_word' id='word_1_708' title='bbox 877 4975 1179 5045; x_wconf 87' lang='grc' dir='ltr'>καλοῦμεν,</span> <span class='ocrx_word' id='word_1_709' title='bbox 1207 4975 1269 5028; x_wconf 82' lang='grc' dir='ltr'>οὐ</span> <span class='ocrx_word' id='word_1_710' title='bbox 1300 4973 1435 5045; x_wconf 71' lang='grc' dir='ltr'>πρὸς</span> <span class='ocrx_word' id='word_1_711' title='bbox 1468 4973 1566 5045; x_wconf 79' lang='grc' dir='ltr'>τὴν</span> <span class='ocrx_word' id='word_1_712' title='bbox 1600 4975 1706 5028; x_wconf 83' lang='grc' dir='ltr'>τῶν</span> <span class='ocrx_word' id='word_1_713' title='bbox 1741 4993 1839 5046; x_wconf 69' lang='grc' dir='ltr'>μει-</span> 
     </span>
    </p>
   </div>
   <div class='ocr_carea' id='block_1_97' title="bbox 262 5066 1842 5138">
    <p class='ocr_par' dir='ltr' id='par_1_97' title="bbox 262 5066 1842 5138">
     <span class='ocr_line' id='line_1_98' title="bbox 262 5066 1842 5138; baseline 0.001 -19"><span class='ocrx_word' id='word_1_714' title='bbox 262 5067 374 5138; x_wconf 85' lang='grc' dir='ltr'><strong>ρῶν</strong></span> <span class='ocrx_word' id='word_1_715' title='bbox 415 5069 600 5138; x_wconf 81' lang='grc' dir='ltr'>σχέσιν</span> <span class='ocrx_word' id='word_1_716' title='bbox 628 5068 1040 5132; x_wconf 79' lang='grc' dir='ltr'>ἀποϐλέποντες</span> <span class='ocrx_word' id='word_1_717' title='bbox 1069 5067 1266 5137; x_wconf 73' lang='grc' dir='ltr'>(οὐδεὶς</span> <span class='ocrx_word' id='word_1_718' title='bbox 1300 5066 1409 5138; x_wconf 87' lang='grc' dir='ltr'><strong>γάρ</strong></span> <span class='ocrx_word' id='word_1_719' title='bbox 1460 5068 1578 5120; x_wconf 79' lang='grc' dir='ltr'>ἐστι</span> <span class='ocrx_word' id='word_1_720' title='bbox 1625 5067 1782 5136; x_wconf 80' lang='grc' dir='ltr'>λόγος</span> <span class='ocrx_word' id='word_1_721' title='bbox 1814 5072 1842 5121; x_wconf 83' lang='grc' dir='ltr'>ὁ</span> 
     </span>
    </p>
   </div>
   <div class='ocr_carea' id='block_1_98' title="bbox 175 5158 1837 5233">
    <p class='ocr_par' dir='ltr' id='par_1_98' title="bbox 175 5158 1837 5233">
     <span class='ocr_line' id='line_1_99' title="bbox 175 5158 1837 5233; baseline 0.001 -21"><span class='ocrx_word' id='word_1_722' title='bbox 175 5158 182 5166; x_wconf 90' lang='grc'><em>’</em></span> <span class='ocrx_word' id='word_1_723' title='bbox 262 5160 323 5213; x_wconf 73' lang='grc' dir='ltr'><strong>τὸ</strong></span> <span class='ocrx_word' id='word_1_724' title='bbox 371 5160 663 5230; x_wconf 82' lang='grc' dir='ltr'>ἑτεροφυὲς</span> <span class='ocrx_word' id='word_1_725' title='bbox 704 5161 883 5215; x_wconf 77' lang='grc' dir='ltr'>αὐτῶν</span> <span class='ocrx_word' id='word_1_726' title='bbox 909 5163 1012 5214; x_wconf 86' lang='grc' dir='ltr'>κὰν</span> <span class='ocrx_word' id='word_1_727' title='bbox 1055 5163 1122 5233; x_wconf 83' lang='grc' dir='ltr'>τῇ</span> <span class='ocrx_word' id='word_1_728' title='bbox 1154 5159 1346 5212; x_wconf 81' lang='grc' dir='ltr'>ὲνώσει</span> <span class='ocrx_word' id='word_1_729' title='bbox 1386 5159 1837 5231; x_wconf 81' lang='grc' dir='ltr'>λυμαινόμενος),</span> 
     </span>
    </p>
   </div>
   <div class='ocr_carea' id='block_1_99' title="bbox 260 5243 1841 5322">
    <p class='ocr_par' dir='ltr' id='par_1_99' title="bbox 260 5243 1841 5322">
     <span class='ocr_line' id='line_1_100' title="bbox 260 5243 1841 5322; baseline 0.002 -18"><span class='ocrx_word' id='word_1_730' title='bbox 260 5251 401 5304; x_wconf 68' lang='grc' dir='ltr'>ἀλλὰ</span> <span class='ocrx_word' id='word_1_731' title='bbox 445 5252 544 5322; x_wconf 79' lang='grc' dir='ltr'>τὴν</span> <span class='ocrx_word' id='word_1_732' title='bbox 585 5251 681 5305; x_wconf 89' lang='grc' dir='ltr'><strong>τοῦ</strong></span> <span class='ocrx_word' id='word_1_733' title='bbox 724 5243 959 5308; x_wconf 87' lang='grc' dir='ltr'>καθόλου</span> <span class='ocrx_word' id='word_1_734' title='bbox 995 5254 1090 5306; x_wconf 74' lang='grc' dir='ltr'><strong>καὶ</strong></span> <span class='ocrx_word' id='word_1_735' title='bbox 1130 5251 1304 5314; x_wconf 88' lang='grc' dir='ltr'>εἴδους</span> <span class='ocrx_word' id='word_1_736' title='bbox 1341 5252 1620 5322; x_wconf 84' lang='grc' dir='ltr'>σημασίαν</span> <span class='ocrx_word' id='word_1_737' title='bbox 1644 5292 1659 5314; x_wconf 94' lang='grc'><strong>,</strong></span> <span class='ocrx_word' id='word_1_738' title='bbox 1699 5255 1841 5307; x_wconf 79' lang='grc' dir='ltr'>κατά</span> 
     </span>
    </p>
   </div>
   <div class='ocr_carea' id='block_1_100' title="bbox 260 5341 1840 5415">
    <p class='ocr_par' dir='ltr' id='par_1_100' title="bbox 260 5341 1840 5415">
     <span class='ocr_line' id='line_1_101' title="bbox 260 5341 1840 5415; baseline 0.002 -19"><span class='ocrx_word' id='word_1_739' title='bbox 260 5342 357 5396; x_wconf 84' lang='grc' dir='ltr'><strong>τοῦ</strong></span> <span class='ocrx_word' id='word_1_740' title='bbox 387 5341 617 5414; x_wconf 83' lang='grc' dir='ltr'>μερικοῦ</span> <span class='ocrx_word' id='word_1_741' title='bbox 653 5343 748 5398; x_wconf 61' lang='grc' dir='ltr'><strong>καί⁹</strong></span> <span class='ocrx_word' id='word_1_742' title='bbox 795 5345 926 5398; x_wconf 83' lang='grc' dir='ltr'>ίδίου</span> <span class='ocrx_word' id='word_1_743' title='bbox 971 5343 1416 5415; x_wconf 84' lang='grc' dir='ltr'>κατηγοροῦμεν.</span> <span class='ocrx_word' id='word_1_744' title='bbox 1459 5344 1680 5415; x_wconf 80' lang='grc' dir='ltr'>Ἐπειδὴ</span> <span class='ocrx_word' id='word_1_745' title='bbox 1707 5345 1840 5415; x_wconf 76' lang='grc' dir='ltr'>γὰρ,</span> 
     </span>
    </p>
   </div>
   <div class='ocr_carea' id='block_1_101' title="bbox 259 5434 1840 5508">
    <p class='ocr_par' dir='ltr' id='par_1_101' title="bbox 259 5434 1840 5508">
     <span class='ocr_line' id='line_1_102' title="bbox 259 5434 1840 5508; baseline 0 -20"><span class='ocrx_word' id='word_1_746' title='bbox 259 5435 446 5498; x_wconf 82' lang='grc' dir='ltr'>καθὼς</span> <span class='ocrx_word' id='word_1_747' title='bbox 481 5436 531 5487; x_wconf 79' lang='grc' dir='ltr'><strong>οἱ</strong></span> <span class='ocrx_word' id='word_1_748' title='bbox 557 5434 626 5488; x_wconf 83' lang='grc' dir='ltr'>τὰ</span> <span class='ocrx_word' id='word_1_749' title='bbox 653 5435 848 5503; x_wconf 79' lang='grc' dir='ltr'>λογικά</span> <span class='ocrx_word' id='word_1_750' title='bbox 871 5437 1168 5508; x_wconf 87' lang='grc' dir='ltr'>σκέμματα</span> <span class='ocrx_word' id='word_1_751' title='bbox 1197 5435 1571 5504; x_wconf 86' lang='grc' dir='ltr'>διακρίνοντες</span> <span class='ocrx_word' id='word_1_752' title='bbox 1604 5437 1840 5506; x_wconf 87' lang='grc' dir='ltr'>παραδι-</span> 
     </span>
    </p>
   </div>
   <div class='ocr_carea' id='block_1_102' title="bbox 257 5523 1841 5595">
    <p class='ocr_par' dir='ltr' id='par_1_102' title="bbox 257 5523 1841 5595">
     <span class='ocr_line' id='line_1_103' title="bbox 257 5523 1841 5595; baseline -0.001 -16"><span class='ocrx_word' id='word_1_753' title='bbox 257 5525 435 5588; x_wconf 79' lang='grc' dir='ltr'>δόασι,</span> <span class='ocrx_word' id='word_1_754' title='bbox 466 5524 534 5578; x_wconf 69' lang='grc' dir='ltr'>τὰ</span> <span class='ocrx_word' id='word_1_755' title='bbox 563 5523 666 5592; x_wconf 79' lang='grc' dir='ltr'>μὲν</span> <span class='ocrx_word' id='word_1_756' title='bbox 687 5524 780 5576; x_wconf 76' lang='grc' dir='ltr'>ἐπὶ</span> <span class='ocrx_word' id='word_1_757' title='bbox 813 5524 1012 5595; x_wconf 82' lang='grc' dir='ltr'>μέρους</span> <span class='ocrx_word' id='word_1_758' title='bbox 1035 5527 1288 5581; x_wconf 78' lang='grc' dir='ltr'>κοινωνεῖ</span> <span class='ocrx_word' id='word_1_759' title='bbox 1314 5527 1429 5589; x_wconf 87' lang='grc' dir='ltr'>τοῖς</span> <span class='ocrx_word' id='word_1_760' title='bbox 1455 5524 1736 5591; x_wconf 78' lang='grc' dir='ltr'>καθ’ὅλου,</span> <span class='ocrx_word' id='word_1_761' title='bbox 1773 5525 1841 5578; x_wconf 75' lang='grc' dir='ltr'>τὰ</span> 
     </span>
    </p>
   </div>
   <div class='ocr_carea' id='block_1_103' title="bbox 258 5615 1842 5686">
    <p class='ocr_par' dir='ltr' id='par_1_103' title="bbox 258 5615 1842 5686">
     <span class='ocr_line' id='line_1_104' title="bbox 258 5615 1842 5686; baseline 0.002 -18"><span class='ocrx_word' id='word_1_762' title='bbox 258 5616 320 5670; x_wconf 75' lang='grc' dir='ltr'>δὲ</span> <span class='ocrx_word' id='word_1_763' title='bbox 349 5615 471 5670; x_wconf 83' lang='grc' dir='ltr'>καθ’</span> <span class='ocrx_word' id='word_1_764' title='bbox 505 5615 628 5668; x_wconf 84' lang='grc' dir='ltr'>ὅλου</span> <span class='ocrx_word' id='word_1_765' title='bbox 656 5619 1045 5686; x_wconf 81' lang='grc' dir='ltr'>κατηγορεῖται</span> <span class='ocrx_word' id='word_1_766' title='bbox 1071 5617 1211 5670; x_wconf 85' lang='grc' dir='ltr'><strong>κατὰ</strong></span> <span class='ocrx_word' id='word_1_767' title='bbox 1231 5616 1340 5670; x_wconf 82' lang='grc' dir='ltr'>τῶν</span> <span class='ocrx_word' id='word_1_768' title='bbox 1364 5617 1458 5669; x_wconf 76' lang='grc' dir='ltr'><strong>ἐπὶ</strong></span> <span class='ocrx_word' id='word_1_769' title='bbox 1484 5616 1684 5686; x_wconf 84' lang='grc' dir='ltr'>μέρους</span> <span class='ocrx_word' id='word_1_770' title='bbox 1709 5632 1721 5646; x_wconf 91' lang='grc'><strong>·</strong></span> <span class='ocrx_word' id='word_1_771' title='bbox 1749 5619 1842 5671; x_wconf 74' lang='grc' dir='ltr'><strong>καὶ</strong></span> 
     </span>
    </p>
   </div>
   <div class='ocr_carea' id='block_1_104' title="bbox 261 5699 1841 5778">
    <p class='ocr_par' dir='ltr' id='par_1_104' title="bbox 261 5699 1841 5778">
     <span class='ocr_line' id='line_1_105' title="bbox 261 5699 1841 5778; baseline 0.001 -17"><span class='ocrx_word' id='word_1_772' title='bbox 261 5707 368 5761; x_wconf 78' lang='grc' dir='ltr'>τῶν</span> <span class='ocrx_word' id='word_1_773' title='bbox 398 5707 496 5776; x_wconf 80' lang='grc' dir='ltr'>μὲν</span> <span class='ocrx_word' id='word_1_774' title='bbox 523 5705 762 5776; x_wconf 83' lang='grc' dir='ltr'>ἀτόμων,</span> <span class='ocrx_word' id='word_1_775' title='bbox 796 5708 1054 5759; x_wconf 82' lang='grc' dir='ltr'>κοινωνία</span> <span class='ocrx_word' id='word_1_776' title='bbox 1082 5699 1199 5760; x_wconf 77' lang='grc' dir='ltr'>ἐστὶ</span> <span class='ocrx_word' id='word_1_777' title='bbox 1245 5709 1380 5778; x_wconf 85' lang='grc' dir='ltr'>πρὸς</span> <span class='ocrx_word' id='word_1_778' title='bbox 1423 5709 1483 5760; x_wconf 83' lang='grc' dir='ltr'><strong>τὸ</strong></span> <span class='ocrx_word' id='word_1_779' title='bbox 1514 5705 1653 5771; x_wconf 69' lang='grc' dir='ltr'>εἶδος</span> <span class='ocrx_word' id='word_1_780' title='bbox 1699 5707 1841 5762; x_wconf 84' lang='grc' dir='ltr'><strong>κατὰ</strong></span> 
     </span>
    </p>
   </div>
   <div class='ocr_carea' id='block_1_105' title="bbox 333 5818 1841 5892">
    <p class='ocr_par' dir='ltr' id='par_1_105' title="bbox 333 5818 1841 5892">
     <span class='ocr_line' id='line_1_106' title="bbox 333 5818 1841 5892; baseline 0.001 -20"><span class='ocrx_word' id='word_1_781' title='bbox 333 5819 443 5892; x_wconf 85' lang='lat' dir='ltr'><strong>(l9)</strong></span> <span class='ocrx_word' id='word_1_782' title='bbox 479 5818 896 5892; x_wconf 74' lang='lat' dir='ltr'><strong>Communicatio</strong></span> <span class='ocrx_word' id='word_1_783' title='bbox 913 5820 1118 5892; x_wconf 74' lang='lat' dir='ltr'><strong>quidem</strong></span> <span class='ocrx_word' id='word_1_784' title='bbox 1141 5821 1566 5892; x_wconf 75' lang='lat' dir='ltr'><strong>individuorum.</strong></span> <span class='ocrx_word' id='word_1_785' title='bbox 1585 5819 1841 5875; x_wconf 88' lang='lat' dir='ltr'><strong>Commu-</strong></span> 
     </span>
    </p>
   </div>
   <div class='ocr_carea' id='block_1_106' title="bbox 262 5889 1838 5958">
    <p class='ocr_par' dir='ltr' id='par_1_106' title="bbox 262 5889 1838 5958">
     <span class='ocr_line' id='line_1_107' title="bbox 262 5889 1838 5958; baseline -0.001 -12"><span class='ocrx_word' id='word_1_786' title='bbox 262 5889 466 5946; x_wconf 70' lang='lat' dir='ltr'><strong>nieatio</strong></span> <span class='ocrx_word' id='word_1_787' title='bbox 485 5891 896 5945; x_wconf 88' lang='lat' dir='ltr'><strong>individuorum</strong></span> <span class='ocrx_word' id='word_1_788' title='bbox 916 5889 980 5943; x_wconf 91' lang='lat' dir='ltr'><strong>ad</strong></span> <span class='ocrx_word' id='word_1_789' title='bbox 1005 5890 1243 5958; x_wconf 86' lang='lat' dir='ltr'><strong>speciem</strong></span> <span class='ocrx_word' id='word_1_790' title='bbox 1267 5900 1351 5945; x_wconf 88' lang='lat' dir='ltr'><strong>est</strong></span> <span class='ocrx_word' id='word_1_791' title='bbox 1366 5891 1667 5946; x_wconf 85' lang='lat' dir='ltr'><strong>secundum</strong></span> <span class='ocrx_word' id='word_1_792' title='bbox 1683 5900 1838 5945; x_wconf 86' lang='lat' dir='ltr'><strong>natu-</strong></span> 
     </span>
    </p>
   </div>
   <div class='ocr_carea' id='block_1_107' title="bbox 661 5983 1486 6049">
    <p class='ocr_par' dir='ltr' id='par_1_107' title="bbox 661 5983 1486 6049">
     <span class='ocr_line' id='line_1_108' title="bbox 661 5983 1486 6049; baseline 0.006 -5"><span class='ocrx_word' id='word_1_793' title='bbox 661 5983 931 6045; x_wconf 75' lang='lat' dir='ltr'><strong>PATROL.</strong></span> <span class='ocrx_word' id='word_1_794' title='bbox 976 5983 1091 6045; x_wconf 85' lang='lat' dir='ltr'><strong>Gn.</strong></span> <span class='ocrx_word' id='word_1_795' title='bbox 1139 5983 1486 6049; x_wconf 71' lang='lat' dir='ltr'><strong>LXXXVI.</strong></span> 
     </span>
    </p>
   </div>
   <div class='ocr_carea' id='block_1_108' title="bbox 1943 4688 3530 4762">
    <p class='ocr_par' dir='ltr' id='par_1_108' title="bbox 1943 4688 3530 4762">
     <span class='ocr_line' id='line_1_109' title="bbox 1943 4688 3530 4762; baseline 0.007 -20"><span class='ocrx_word' id='word_1_796' title='bbox 1943 4688 2076 4743; x_wconf 82' lang='lat' dir='ltr'><strong>tiam</strong></span> <span class='ocrx_word' id='word_1_797' title='bbox 2127 4691 2324 4746; x_wconf 63' lang='lat' dir='ltr'><strong>animae</strong></span> <span class='ocrx_word' id='word_1_798' title='bbox 2373 4693 2613 4756; x_wconf 87' lang='lat' dir='ltr'><strong>trahitis,</strong></span> <span class='ocrx_word' id='word_1_799' title='bbox 2651 4703 2710 4747; x_wconf 90' lang='lat' dir='ltr'><strong>ut</strong></span> <span class='ocrx_word' id='word_1_800' title='bbox 2760 4694 2894 4748; x_wconf 76' lang='lat' dir='ltr'><strong>[iant</strong></span> <span class='ocrx_word' id='word_1_801' title='bbox 2961 4695 3142 4762; x_wconf 88' lang='lat' dir='ltr'><strong>idem;</strong></span> <span class='ocrx_word' id='word_1_802' title='bbox 3191 4706 3286 4750; x_wconf 89' lang='lat' dir='ltr'><strong>aut</strong></span> <span class='ocrx_word' id='word_1_803' title='bbox 3336 4714 3530 4754; x_wconf 77' lang='lat' dir='ltr'><strong>rursus</strong></span> 
     </span>
    </p>
   </div>
   <div class='ocr_carea' id='block_1_109' title="bbox 1946 4783 3528 4849">
    <p class='ocr_par' dir='ltr' id='par_1_109' title="bbox 1946 4783 3528 4849">
     <span class='ocr_line' id='line_1_110' title="bbox 1946 4783 3528 4849; baseline 0.006 -17"><span class='ocrx_word' id='word_1_804' title='bbox 1946 4788 2194 4836; x_wconf 83' lang='lat' dir='ltr'><strong>naturam</strong></span> <span class='ocrx_word' id='word_1_805' title='bbox 2218 4783 2412 4836; x_wconf 74' lang='lat' dir='ltr'><strong>anima:</strong></span> <span class='ocrx_word' id='word_1_806' title='bbox 2440 4783 2491 4838; x_wconf 92' lang='lat' dir='ltr'><strong>in</strong></span> <span class='ocrx_word' id='word_1_807' title='bbox 2523 4785 2887 4839; x_wconf 83' lang='lat' dir='ltr'><strong>substantiam</strong></span> <span class='ocrx_word' id='word_1_808' title='bbox 2912 4787 3113 4849; x_wconf 88' lang='lat' dir='ltr'><strong>carnis,</strong></span> <span class='ocrx_word' id='word_1_809' title='bbox 3146 4801 3247 4840; x_wconf 89' lang='lat' dir='ltr'><strong>nec</strong></span> <span class='ocrx_word' id='word_1_810' title='bbox 3282 4789 3528 4844; x_wconf 83' lang='lat' dir='ltr'><strong>exalter-</strong></span> 
     </span>
    </p>
   </div>
   <div class='ocr_carea' id='block_1_110' title="bbox 1948 4873 2953 4942">
    <p class='ocr_par' dir='ltr' id='par_1_110' title="bbox 1948 4873 2953 4942">
     <span class='ocr_line' id='line_1_111' title="bbox 1948 4873 2953 4942; baseline 0.004 -19"><span class='ocrx_word' id='word_1_811' title='bbox 1948 4880 2068 4924; x_wconf 88' lang='lat' dir='ltr'><strong>utra</strong></span> <span class='ocrx_word' id='word_1_812' title='bbox 2103 4881 2509 4942; x_wconf 86' lang='lat' dir='ltr'><strong>utramcunque</strong></span> <span class='ocrx_word' id='word_1_813' title='bbox 2548 4873 2667 4928; x_wconf 83' lang='lat' dir='ltr'><strong>ﬁeri</strong></span> <span class='ocrx_word' id='word_1_814' title='bbox 2695 4873 2953 4929; x_wconf 92' lang='lat' dir='ltr'><strong>dicimus.</strong></span> 
     </span>
    </p>
   </div>
   <div class='ocr_carea' id='block_1_111' title="bbox 2015 4964 3524 5032">
    <p class='ocr_par' dir='ltr' id='par_1_111' title="bbox 2015 4964 3524 5032">
     <span class='ocr_line' id='line_1_112' title="bbox 2015 4964 3524 5032; baseline 0.005 -15"><span class='ocrx_word' id='word_1_815' title='bbox 2015 4964 2276 5017; x_wconf 83' lang='lat' dir='ltr'><strong>Naturam</strong></span> <span class='ocrx_word' id='word_1_816' title='bbox 2309 4973 2494 5020; x_wconf 89' lang='lat' dir='ltr'><strong>autem</strong></span> <span class='ocrx_word' id='word_1_817' title='bbox 2529 4981 2790 5021; x_wconf 89' lang='lat' dir='ltr'><strong>vocamus</strong></span> <span class='ocrx_word' id='word_1_818' title='bbox 2824 4967 2988 5032; x_wconf 87' lang='lat' dir='ltr'><strong>hanc,</strong></span> <span class='ocrx_word' id='word_1_819' title='bbox 3025 4982 3132 5022; x_wconf 89' lang='lat' dir='ltr'><strong>non</strong></span> <span class='ocrx_word' id='word_1_820' title='bbox 3162 4965 3442 5024; x_wconf 81' lang='lat' dir='ltr'><strong>intuentes</strong></span> <span class='ocrx_word' id='word_1_821' title='bbox 3471 4970 3524 5024; x_wconf 91' lang='lat' dir='ltr'><strong>in</strong></span> 
     </span>
    </p>
   </div>
   <div class='ocr_carea' id='block_1_112' title="bbox 1945 5058 3524 5135">
    <p class='ocr_par' dir='ltr' id='par_1_112' title="bbox 1945 5058 3524 5135">
     <span class='ocr_line' id='line_1_113' title="bbox 1945 5058 3524 5135; baseline 0.004 -23"><span class='ocrx_word' id='word_1_822' title='bbox 1945 5058 2325 5114; x_wconf 85' lang='lat' dir='ltr'><strong>habitudinem</strong></span> <span class='ocrx_word' id='word_1_823' title='bbox 2383 5061 2621 5130; x_wconf 85' lang='lat' dir='ltr'><strong>partium</strong></span> <span class='ocrx_word' id='word_1_824' title='bbox 2669 5079 2682 5115; x_wconf 89' lang='lat'><strong>:</strong></span> <span class='ocrx_word' id='word_1_825' title='bbox 2724 5062 2873 5116; x_wconf 87' lang='lat' dir='ltr'><strong>nulla</strong></span> <span class='ocrx_word' id='word_1_826' title='bbox 2910 5063 3058 5118; x_wconf 88' lang='lat' dir='ltr'><strong>enim</strong></span> <span class='ocrx_word' id='word_1_827' title='bbox 3089 5071 3174 5118; x_wconf 88' lang='lat' dir='ltr'><strong>est</strong></span> <span class='ocrx_word' id='word_1_828' title='bbox 3209 5065 3370 5130; x_wconf 90' lang='lat' dir='ltr'><strong>ratio,</strong></span> <span class='ocrx_word' id='word_1_829' title='bbox 3403 5081 3524 5135; x_wconf 77' lang='lat' dir='ltr'><strong>qua:</strong></span> 
     </span>
    </p>
   </div>
   <div class='ocr_carea' id='block_1_113' title="bbox 1943 5152 3521 5225">
    <p class='ocr_par' dir='ltr' id='par_1_113' title="bbox 1943 5152 3521 5225">
     <span class='ocr_line' id='line_1_114' title="bbox 1943 5152 3521 5225; baseline 0.003 -19"><span class='ocrx_word' id='word_1_830' title='bbox 1943 5152 2322 5208; x_wconf 87' lang='lat' dir='ltr'><strong>diversitatem</strong></span> <span class='ocrx_word' id='word_1_831' title='bbox 2343 5163 2553 5208; x_wconf 74' lang='lat' dir='ltr'><strong>natura:</strong></span> <span class='ocrx_word' id='word_1_832' title='bbox 2575 5155 2812 5225; x_wconf 87' lang='lat' dir='ltr'><strong>partium</strong></span> <span class='ocrx_word' id='word_1_833' title='bbox 2842 5155 3008 5209; x_wconf 84' lang='lat' dir='ltr'><strong>etiam</strong></span> <span class='ocrx_word' id='word_1_834' title='bbox 3036 5154 3087 5209; x_wconf 88' lang='lat' dir='ltr'><strong>in</strong></span> <span class='ocrx_word' id='word_1_835' title='bbox 3117 5156 3320 5212; x_wconf 89' lang='lat' dir='ltr'><strong>unione</strong></span> <span class='ocrx_word' id='word_1_836' title='bbox 3341 5156 3521 5212; x_wconf 66' lang='lat' dir='ltr'><strong>laedat.</strong></span> 
     </span>
    </p>
   </div>
   <div class='ocr_carea' id='block_1_114' title="bbox 1945 5241 3522 5315">
    <p class='ocr_par' dir='ltr' id='par_1_114' title="bbox 1945 5241 3522 5315">
     <span class='ocr_line' id='line_1_115' title="bbox 1945 5241 3522 5315; baseline 0.003 -19"><span class='ocrx_word' id='word_1_837' title='bbox 1945 5242 2051 5296; x_wconf 87' lang='lat' dir='ltr'><strong>Sed</strong></span> <span class='ocrx_word' id='word_1_838' title='bbox 2097 5243 2294 5311; x_wconf 62' lang='lat' dir='ltr'><strong>&quot;potius</strong></span> <span class='ocrx_word' id='word_1_839' title='bbox 2355 5241 2812 5315; x_wconf 78' lang='lat' dir='ltr'><strong>significationem</strong></span> <span class='ocrx_word' id='word_1_840' title='bbox 2850 5243 3180 5299; x_wconf 86' lang='lat' dir='ltr'><strong>universalis</strong></span> <span class='ocrx_word' id='word_1_841' title='bbox 3224 5253 3281 5299; x_wconf 90' lang='lat' dir='ltr'><strong>et</strong></span> <span class='ocrx_word' id='word_1_842' title='bbox 3317 5246 3522 5315; x_wconf 89' lang='lat' dir='ltr'><strong>speciei</strong></span> 
     </span>
    </p>
   </div>
   <div class='ocr_carea' id='block_1_115' title="bbox 1944 5335 3521 5407">
    <p class='ocr_par' dir='ltr' id='par_1_115' title="bbox 1944 5335 3521 5407">
     <span class='ocr_line' id='line_1_116' title="bbox 1944 5335 3521 5407; baseline 0.002 -18"><span class='ocrx_word' id='word_1_843' title='bbox 1944 5335 2012 5390; x_wconf 90' lang='lat' dir='ltr'><strong>de</strong></span> <span class='ocrx_word' id='word_1_844' title='bbox 2063 5335 2382 5405; x_wconf 86' lang='lat' dir='ltr'><strong>particulari</strong></span> <span class='ocrx_word' id='word_1_845' title='bbox 2413 5344 2468 5390; x_wconf 89' lang='lat' dir='ltr'><strong>et</strong></span> <span class='ocrx_word' id='word_1_846' title='bbox 2499 5337 2727 5405; x_wconf 88' lang='lat' dir='ltr'><strong>proprio</strong></span> <span class='ocrx_word' id='word_1_847' title='bbox 2757 5337 3119 5407; x_wconf 74' lang='lat' dir='ltr'><strong>praedicamus</strong></span> <span class='ocrx_word' id='word_1_848' title='bbox 3151 5355 3164 5390; x_wconf 93' lang='lat'><strong>:</strong></span> <span class='ocrx_word' id='word_1_849' title='bbox 3202 5338 3334 5407; x_wconf 86' lang='lat' dir='ltr'><strong>quia</strong></span> <span class='ocrx_word' id='word_1_850' title='bbox 3377 5339 3521 5395; x_wconf 89' lang='lat' dir='ltr'><strong>sicut</strong></span> 
     </span>
    </p>
   </div>
   <div class='ocr_carea' id='block_1_116' title="bbox 1945 5428 3521 5499">
    <p class='ocr_par' dir='ltr' id='par_1_116' title="bbox 1945 5428 3521 5499">
     <span class='ocr_line' id='line_1_117' title="bbox 1945 5428 3521 5499; baseline 0.002 -18"><span class='ocrx_word' id='word_1_851' title='bbox 1945 5428 2171 5483; x_wconf 90' lang='lat' dir='ltr'><strong>tradunt</strong></span> <span class='ocrx_word' id='word_1_852' title='bbox 2197 5428 2292 5498; x_wconf 91' lang='lat' dir='ltr'><strong>qui</strong></span> <span class='ocrx_word' id='word_1_853' title='bbox 2325 5429 2544 5497; x_wconf 83' lang='lat' dir='ltr'><strong>regulas</strong></span> <span class='ocrx_word' id='word_1_854' title='bbox 2565 5429 2873 5484; x_wconf 87' lang='lat' dir='ltr'><strong>disserendi</strong></span> <span class='ocrx_word' id='word_1_855' title='bbox 2905 5428 3248 5494; x_wconf 88' lang='lat' dir='ltr'><strong>discernunt,</strong></span> <span class='ocrx_word' id='word_1_856' title='bbox 3277 5431 3521 5499; x_wconf 81' lang='lat' dir='ltr'><strong>particu-</strong></span> 
     </span>
    </p>
   </div>
   <div class='ocr_carea' id='block_1_117' title="bbox 1943 5521 3519 5590">
    <p class='ocr_par' dir='ltr' id='par_1_117' title="bbox 1943 5521 3519 5590">
     <span class='ocr_line' id='line_1_118' title="bbox 1943 5521 3519 5590; baseline 0.002 -17"><span class='ocrx_word' id='word_1_857' title='bbox 1943 5521 2078 5575; x_wconf 84' lang='lat' dir='ltr'><strong>laria</strong></span> <span class='ocrx_word' id='word_1_858' title='bbox 2121 5521 2346 5590; x_wconf 91' lang='lat' dir='ltr'><strong>quidem</strong></span> <span class='ocrx_word' id='word_1_859' title='bbox 2378 5522 2789 5577; x_wconf 89' lang='lat' dir='ltr'><strong>connnunicant</strong></span> <span class='ocrx_word' id='word_1_860' title='bbox 2820 5521 3257 5587; x_wconf 89' lang='lat' dir='ltr'><strong>universalibus;</strong></span> <span class='ocrx_word' id='word_1_861' title='bbox 3298 5523 3519 5576; x_wconf 82' lang='lat' dir='ltr'><strong>univer-</strong></span> 
     </span>
    </p>
   </div>
   <div class='ocr_carea' id='block_1_118' title="bbox 1944 5603 3518 5684">
    <p class='ocr_par' dir='ltr' id='par_1_118' title="bbox 1944 5603 3518 5684">
     <span class='ocr_line' id='line_1_119' title="bbox 1944 5603 3518 5684; baseline 0.001 -17"><span class='ocrx_word' id='word_1_862' title='bbox 1944 5613 2078 5667; x_wconf 86' lang='lat' dir='ltr'><strong>salia</strong></span> <span class='ocrx_word' id='word_1_863' title='bbox 2097 5628 2228 5668; x_wconf 84' lang='lat' dir='ltr'><strong>vero</strong></span> <span class='ocrx_word' id='word_1_864' title='bbox 2247 5611 2614 5682; x_wconf 61' lang='lat' dir='ltr'><strong>praedicantur</strong></span> <span class='ocrx_word' id='word_1_865' title='bbox 2630 5611 2698 5668; x_wconf 91' lang='lat' dir='ltr'><strong>de</strong></span> <span class='ocrx_word' id='word_1_866' title='bbox 2719 5611 3146 5684; x_wconf 87' lang='lat' dir='ltr'><strong>particularibus</strong></span> <span class='ocrx_word' id='word_1_867' title='bbox 3163 5629 3177 5679; x_wconf 89' lang='lat'><strong>;</strong></span> <span class='ocrx_word' id='word_1_868' title='bbox 3196 5621 3250 5667; x_wconf 90' lang='lat' dir='ltr'><strong>et</strong></span> <span class='ocrx_word' id='word_1_869' title='bbox 3267 5603 3484 5668; x_wconf 87' lang='lat' dir='ltr'><strong>commu</strong></span> <span class='ocrx_word' id='word_1_870' title='bbox 3500 5645 3518 5658; x_wconf 69' lang='grc' dir='ltr'><strong>ο</strong></span> 
     </span>
    </p>
   </div>
   <div class='ocr_carea' id='block_1_119' title="bbox 1940 5701 3514 5775">
    <p class='ocr_par' dir='ltr' id='par_1_119' title="bbox 1940 5701 3514 5775">
     <span class='ocr_line' id='line_1_120' title="bbox 1940 5701 3514 5775; baseline 0.001 -16"><span class='ocrx_word' id='word_1_871' title='bbox 1940 5701 2385 5762; x_wconf 73' lang='grc' dir='ltr'>ἠἰυιιιίοσιιὶἀοιη</span> <span class='ocrx_word' id='word_1_872' title='bbox 2414 5704 2826 5760; x_wconf 87' lang='lat' dir='ltr'><strong>individuorum</strong></span> <span class='ocrx_word' id='word_1_873' title='bbox 2845 5706 2956 5775; x_wconf 86' lang='lat' dir='ltr'><strong>(l9)</strong></span> <span class='ocrx_word' id='word_1_874' title='bbox 2979 5705 3045 5759; x_wconf 86' lang='lat' dir='ltr'><strong>ad</strong></span> <span class='ocrx_word' id='word_1_875' title='bbox 3062 5706 3300 5774; x_wconf 85' lang='lat' dir='ltr'><strong>speciem</strong></span> <span class='ocrx_word' id='word_1_876' title='bbox 3324 5708 3514 5770; x_wconf 80' lang='lat' dir='ltr'><strong>relata,</strong></span> 
     </span>
    </p>
   </div>
   <div class='ocr_carea' id='block_1_120' title="bbox 1946 5818 3514 5889">
    <p class='ocr_par' dir='ltr' id='par_1_120' title="bbox 1946 5818 3514 5889">
     <span class='ocr_line' id='line_1_121' title="bbox 1946 5818 3514 5889; baseline -0.003 -17"><span class='ocrx_word' id='word_1_877' title='bbox 1946 5836 2081 5880; x_wconf 87' lang='lat' dir='ltr'><strong>ram,</strong></span> <span class='ocrx_word' id='word_1_878' title='bbox 2112 5828 2166 5872; x_wconf 90' lang='lat' dir='ltr'><strong>et</strong></span> <span class='ocrx_word' id='word_1_879' title='bbox 2209 5833 2318 5871; x_wconf 90' lang='lat' dir='ltr'><strong>non</strong></span> <span class='ocrx_word' id='word_1_880' title='bbox 2355 5818 2658 5889; x_wconf 86' lang='lat' dir='ltr'><strong>secundum</strong></span> <span class='ocrx_word' id='word_1_881' title='bbox 2713 5819 3172 5889; x_wconf 87' lang='lat' dir='ltr'><strong>appellationem;</strong></span> <span class='ocrx_word' id='word_1_882' title='bbox 3208 5818 3335 5888; x_wconf 86' lang='lat' dir='ltr'><strong>quia</strong></span> <span class='ocrx_word' id='word_1_883' title='bbox 3373 5819 3514 5872; x_wconf 84' lang='lat' dir='ltr'><strong>indi.</strong></span> 
     </span>
    </p>
   </div>
   <div class='ocr_carea' id='block_1_121' title="bbox 1945 5888 3516 5961">
    <p class='ocr_par' dir='ltr' id='par_1_121' title="bbox 1945 5888 3516 5961">
     <span class='ocr_line' id='line_1_122' title="bbox 1945 5888 3516 5961; baseline -0.002 -17"><span class='ocrx_word' id='word_1_884' title='bbox 1945 5890 2169 5944; x_wconf 85' lang='lat' dir='ltr'><strong>viduum</strong></span> <span class='ocrx_word' id='word_1_885' title='bbox 2203 5888 2532 5944; x_wconf 85' lang='lat' dir='ltr'><strong>naturaliter</strong></span> <span class='ocrx_word' id='word_1_886' title='bbox 2593 5888 2883 5960; x_wconf 81' lang='lat' dir='ltr'><strong>participat</strong></span> <span class='ocrx_word' id='word_1_887' title='bbox 2940 5889 3210 5956; x_wconf 86' lang='lat' dir='ltr'><strong>speciem,</strong></span> <span class='ocrx_word' id='word_1_888' title='bbox 3237 5904 3358 5961; x_wconf 76' lang='lat' dir='ltr'><strong>qua:</strong></span> <span class='ocrx_word' id='word_1_889' title='bbox 3393 5903 3516 5942; x_wconf 84' lang='lat' dir='ltr'><strong>cum</strong></span> 
     </span>
    </p>
   </div>
   <div class='ocr_carea' id='block_1_122' title="bbox 3050 5979 3119 6045">
    <p class='ocr_par' dir='ltr' id='par_1_122' title="bbox 3050 5979 3119 6045">
     <span class='ocr_line' id='line_1_123' title="bbox 3050 5979 3119 6045; baseline 0.101 -7"><span class='ocrx_word' id='word_1_890' title='bbox 3050 5979 3119 6045; x_wconf 68' lang='grc' dir='ltr'><strong><em>Μ</em></strong></span> 
     </span>
    </p>
   </div>
  </div>
