4068 6544
545 431 694 497 ’1291

1783 424 2090 486 LEONTII
2132 427 2542 504 BYZANTINI.

562 552 647 598 est
683 539 989 596 secundum
1039 545 1320 602 naturam;
1365 535 1761 590 universalium
1809 550 1942 588 vero
1987 549 2139 588 com-

2260 539 2342 608 :qu
2371 537 2563 606 (pos-iw
2596 534 2704 587 τῶν
2733 534 2790 588 δὲ
2819 533 3074 596 καθόλου,
3109 531 3364 586 κοινωνία
3395 530 3534 603 πρὸς
3565 529 3638 584 τὰ
3676 533 3827 602 μέρη

563 632 866 690 municatio
913 631 978 689 ad
1014 629 1389 701 particularia,
1425 635 1510 681 est
1543 626 1848 681 secundum
1899 625 2140 695 appella-

567 725 772 779 tionem
839 722 976 793 (sive
1009 720 1477 791 przedicationem)
1504 738 1516 772 :
1543 719 1752 773 idcirco
1772 734 1880 772 non
1915 732 2139 773 recusa-

568 832 712 879 mus,
748 824 809 869 ut
835 813 968 879 dixi,
995 813 1354 883 appellatione
1387 811 1555 866 totius
1597 810 1873 880 appellare
1905 819 2137 879 partem,

566 911 694 981 quia
724 927 830 966 una
857 920 1052 965 natura
1091 918 1263 964 totum
1312 907 1514 978 speciei
1551 907 1805 960 humanae
1843 919 2144 975 repraesen-

568 1008 674 1066 tat;
705 999 832 1068 quia
853 999 992 1053 nihil
1023 1013 1217 1053 eorum
1245 1014 1366 1067 quae
1393 997 1496 1051 sub
1525 996 1716 1051 eadem
1747 995 1930 1065 specie
1951 1010 2145 1050 nume-

565 1100 782 1155 rantur,
812 1097 896 1144 est
926 1089 1158 1144 diversae
1194 1088 1517 1143 substantia
1539 1105 1552 1141 :
1577 1087 1723 1142 unde
1750 1087 2145 1143 convenienter

566 1192 623 1238 et
670 1190 797 1253 apte
845 1182 1069 1238 nomine
1106 1181 1416 1236 communis
1442 1181 1775 1251 particulare
1801 1180 2141 1235 nominatur.

563 1277 685 1332 Non
713 1275 860 1330 enim
896 1273 1127 1344 reperiri
1159 1281 1339 1343 potest
1369 1272 1570 1341 aliquis
1595 1273 1779 1334 homo,
1809 1272 1903 1341 qui
1953 1271 2026 1326 sit
2057 1272 2143 1325 di-

566 1381 727 1423 versa
793 1365 975 1435 specie
1038 1364 1108 1419 ‘ab
1160 1362 1384 1418 homine
1441 1362 1788 1417 universali:
1839 1363 1896 1416 in
1923 1362 2146 1417 Christo

567 1468 750 1514 autem
790 1455 1105 1528 huiusmodi
1150 1454 1287 1510 ordo
1336 1454 1681 1510 habitudinis
1707 1470 1816 1509 non
1844 1455 2142 1524 reperitur,

568 1563 694 1602 eum
727 1562 838 1601 non
871 1546 945 1601 sit
988 1546 1201 1616 species
1230 1545 1598 1609 Christorum,
1631 1546 1777 1600 sicut
1814 1557 1898 1600 est
1930 1547 2148 1616 species

567 1641 876 1703 hominum,
905 1648 966 1693 ut
989 1654 1056 1693 ex
1085 1639 1171 1694 his
1195 1637 1435 1694 Christis
1466 1653 1609 1692 unus
1643 1646 1901 1706 tanquam
1925 1637 2146 1707 proprie

549 1729 976 1801 quodammodo
1029 1722 1258 1800 prOpter
1290 1729 1658 1785 universalem
1702 1738 1758 1784 et
1800 1744 2146 1784 communem

567 1823 850 1878 Christum
877 1822 1134 1879 Christus
1179 1823 1296 1892 ipse
1341 1822 1679 1888 nominatus,
1707 1837 1814 1876 una
1843 1831 2038 1878 natura
2067 1823 2151 1878 di-

455 1962 460 1966 .
569 1925 727 1972 catur
757 1916 825 1970 ad
857 1915 1002 1981 illos,
1035 1924 1091 1970 et
1119 1915 1187 1969 ab
1221 1915 1359 1981 illis;
1394 1924 1453 1968 ut
1481 1915 1659 1984 ipsum
1683 1922 1741 1969 et
1773 1929 1939 1969 unam
1981 1923 2147 1969 natu-
2181 1892 2224 1950 Β

547 2023 711 2072 “ram,
761 2015 818 2061 et
865 2007 1004 2062 duas
1054 2021 1348 2072 vocemus;
1379 2022 1542 2060 unam
1573 2005 1796 2074 quidem
1829 2006 2146 2071 habentem,

572 2107 800 2170 propter
824 2098 1274 2154 communitatem
1303 2107 1546 2162 naturae;
1571 2098 1710 2152 duas
1737 2112 1891 2161 vero,
1923 2106 2152 2167 propter

575 2201 762 2262 partes
817 2193 958 2263 ejus,
1002 2191 1146 2246 sicut
1192 2189 1249 2243 in
1302 2189 1462 2244 nobis
1502 2189 1771 2244 cernitur.
1817 2189 1956 2245 Cum
2001 2188 2151 2243 enim

504 2301 508 2304 ‘
553 2300 741 2340 causa
775 2299 897 2354 quae
940 2284 996 2338 in
1025 2283 1187 2338 nobis
1205 2291 1310 2347 est,
1329 2297 1440 2336 non
1466 2282 1776 2352 reperiatur
1800 2282 1869 2336 ab
1893 2282 1986 2337 illo
2005 2281 2152 2352 quod

555 2378 636 2431 'in
675 2376 838 2431 nobis
869 2375 1091 2445 proprie
1119 2383 1174 2429 et
1202 2380 1327 2444 apte
1360 2373 1585 2436 dicitur,
1620 2371 1687 2426 ad
1721 2371 1874 2426 illum
1908 2388 2014 2426 rion
2052 2387 2154 2442 po-

554 2477 688 2524 "test
732 2467 1039 2522 transferri.
1073 2465 1420 2521 Manifestum
1457 2475 1642 2520 autem
1691 2474 1775 2520 est
1823 2466 1933 2530 hic,
1982 2482 2155 2536 quare

578 2560 747 2614 homo
779 2558 982 2614 dicitur
1021 2573 1149 2623 una,
1183 2566 1237 2612 et
1273 2556 1394 2612 dua:
1422 2565 1653 2611 naturae.
1687 2557 1863 2612 Unam
1900 2566 2154 2612 naturam

555 2652 752 2707 'habet
816 2659 1042 2721 propter
1104 2648 1660 2705 communicationem
1721 2649 1960 2718 speciei;
2019 2649 2157 2705 ‘duas

556 2760 716 2800 rvero
739 2753 970 2814 ~pr0pter
998 2751 1338 2812 partes,quae
1356 2755 1465 2794 non
1496 2748 1624 2795 sunt
1647 2740 1827 2795 altera
1849 2740 1904 2794 in
1929 2740 2156 2795 alteram

559 2836 903 2893 'mutataeJn
931 2834 1150 2890 Christo
1183 2843 1367 2888 autem
1391 2847 1515 2886 cum
1544 2847 1654 2886 non
1678 2831 1751 2887 sit
1773 2822 2161 2902 species,quo-

557 2927 747 2982 ‘modo
798 2925 917 2980 dua:
973 2932 1184 2978 naturae
1226 2921 1336 2976 dici
1374 2928 1609 2990 possunt
1642 2919 1785 2974 una?
1853 2927 1963 2973 tres
2009 2917 2157 2972 enim

557 3027 796 3074 -tantum
829 3016 1021 3071 modos
1061 3013 1391 3084 reperimus,
1419 3012 1621 3083 quibus
1662 3009 1872 3079 aliquid
1907 3023 2015 3064 una
2057 3024 2158 3064 na-

2241 628 2382 681 κατὰ
2409 627 2507 698 τὴν
2536 626 2729 696 κλῆσιν
2756 642 2768 657 ·
2805 629 2870 696 τῇ
2902 624 2998 678 τοῦ
3025 623 3147 677 ὅλου
3177 622 3526 695 προσηγορίᾳ
3557 622 3618 675 τὺ
3652 623 3826 694 μέρος

2241 720 2448 786 καλεῖν,
2485 721 2560 784 ὡς
2592 719 2753 789 ἔφην,
2781 719 2843 772 οὐ
2890 715 3334 788 παρῃτησάμεθα
3362 732 3378 748 ο
3410 716 3510 785 τῆς
3558 715 3669 785 γὰρ
3719 713 3831 782 (pti-

2246 828 2386 876 σεως
2430 814 2531 882 τῆς
2583 814 2715 880 μιᾶς
2761 811 2822 864 τὸ
2883 810 3006 864 ὅλον
3077 808 3173 862 τοῦ
3243 807 3588 879 ἀνθρωπείου
3651 806 3831 867 εἴδους

2243 904 2622 977 παριστὼσης,
2653 905 2843 976 ἐπειδὴ
2897 904 3008 958 τῶν
3057 903 3163 957 ὑπὸ
3204 903 3264 956 τὸ
3302 903 3434 955 αὐτὸ
3475 899 3615 966 εἶδος
3663 901 3830 970 ἀριθ-

2245 997 2539 1068 μουμένων
2581 996 2737 1051 οὐδέν
2783 997 2901 1049 ἐστι
2949 993 3295 1065 ἑτεροούσιον
3319 1034 3334 1057 ,
3366 994 3591 1054 είκότως
3627 995 3696 1062 τῇ
3729 989 3831 1044 τοῦ

2243 1089 2428 1144 κοινοῦ
2475 1087 2823 1161 προσηγορίᾳ
2867 1087 2929 1140 τὸ
2986 1084 3217 1157 μερικδν
3278 1082 3706 1154 ἐπονομάζεται.
3751 1083 3830 1134 Οὐ

2244 1184 2354 1254 γὰρ
2397 1183 2546 1237 ἐστιν
2595 1182 2776 1252 εὑρεῖν
2803 1180 2898 1234 τόν
2943 1197 3065 1233 τινα
3121 1177 3435 1249 ἄνθρωπον,
3507 1173 3833 1246 ἑτεροειδῶς

2246 1276 2440 1346 ἔχοντα
2470 1273 2607 1346 πρὸς
2642 1274 2735 1328 τὸν
2765 1272 3002 1328 καθόλου
3027 1270 3318 1343 ἄνθρωπον
3341 1285 3358 1301 ·
3384 1268 3477 1323 ἐπὶ
3505 1268 3564 1322 δὲ
3590 1266 3832 1338 Χριστοῦ

2247 1369 2467 1440 τοιαύτη
2496 1385 2583 1432 τις
2611 1365 2766 1431 τάξις
2814 1365 3053 1436 σχέσεως
3085 1364 3185 1433 οὐχ
3219 1361 3535 1433 εὑρίσκεται
3561 1377 3575 1392 ·
3607 1361 3669 1413 οὐ
3719 1358 3834 1431 γὰρ

2247 1464 2312 1534 δὴ
2349 1463 2521 1524 εἴδους
2542 1461 2694 1523 ὄντος
2723 1456 3000 1530 Χριστῶν,
3033 1455 3226 1526 ὥσπερ
3256 1455 3351 1508 καὶ
3376 1452 3704 1522 ἀνθρώπων,
3738 1451 3835 1506 ἴνα

2251 1560 2315 1612 ἐκ
2341 1555 2546 1610 τούτων
2573 1556 2601 1608 ό
2633 1551 2715 1616 εἷς
2741 1553 2816 1615 ὡς
2853 1550 2997 1614 ίδίως
3022 1568 3144 1614 πως
3176 1551 3329 1620 παρὰ
3353 1548 3446 1602 τὸν
3470 1547 3707 1601 καθόλου
3733 1547 3834 1599 καὶ

2249 1649 2429 1704 κοινὸν
2481 1646 2741 1717 Χριστὸν,
2769 1644 3007 1716 Χριστὸς
3065 1644 3229 1707 αὐτὸς
3289 1641 3669 1713 χρηματίζων,
3727 1639 3832 1709 μία

2249 1741 2413 1812 φύσις
2450 1740 2677 1809 λέγηται
2725 1737 2861 1808 πρὸς
2891 1737 3138 1799 ἐκείνους
3195 1753 3255 1788 τε
3308 1737 3404 1788 καὶ
3459 1731 3828 1792 ἀπ’ὲκείνων,

2251 1834 2339 1888 ἶνα
2371 1832 2468 1886 καὶ
2507 1831 2636 1901 μίαν
2665 1831 2828 1884 αὐτὸν
2855 1829 2952 1882 καὶ
2976 1829 3072 1882 δύο
3113 1827 3306 1896 φύσεις
3334 1826 3611 1897 καλῷμεν,
3641 1825 3702 1878 τὸ
3731 1824 3834 1894 μὲν

2252 1925 2448 1995 ἔχοντα
2498 1923 2586 1976 διὰ
2628 1923 2692 1976 τὸ
2743 1923 2943 1982 κοινὸν.
2973 1921 3034 1973 τὸ
3075 1921 3132 1974 δὲ
3183 1921 3270 1974 διά
3311 1920 3381 1973 τά
3416 1917 3613 1972 ἑαυτοῦ
3649 1917 3829 1988 μέρη⁶

2252 2013 2718 2088 ὥσπερὲφ’ήμῶν
2751 2013 3060 2084 θεωρεῖται.
3087 2012 3202 2081 Τῆς
3231 2011 3340 2080 γὰρ
3369 2010 3550 2073 αἰτίας
3582 2009 3656 2080 μὴ
3681 2009 3835 2079 εὑρι-

2253 2109 2546 2179 σκομὲνης,
2581 2106 2676 2160 καὶ
2729 2104 2827 2159 ἀπ’
2859 2104 3072 2158 ἐκείνου
3129 2104 3233 2173 τῆς
3290 2105 3375 2170 ἐφ’
3405 2102 3588 2176 ἡμῶν,
3638 2101 3703 2154 τὸ
3745 2100 3834 2169 ἐφ’

2251 2200 2412 2273 ἡμῶν
2450 2199 2612 2269 μόνον
2641 2197 2860 2260 οἰκείως
2890 2196 3315 2266 λεγόμενον,ὲπ’
3334 2193 3498 2248 αὑτὸν
3533 2194 3836 2264 ἀναφέρειν

2253 2291 2353 2360 οὐχ
2398 2284 2510 2342 οἷόν
2537 2306 2622 2344 τε.
2666 2287 2837 2359 Δῆλον
2868 2289 2926 2342 δέ
2961 2289 3114 2342 ἐστιν
3141 2286 3396 2352 ἐνταῦθα,
3459 2285 3603 2340 κατά
3639 2285 3694 2338 τί
3735 2284 3838 2356 μία

2255 2383 2352 2435 καὶ
2402 2380 2498 2435 δύο
2547 2380 2747 2451 φύσεις
2789 2382 2818 2434 ό
2865 2379 3157 2450 ἄνθρωπος
3194 2378 3455 2447 λέγεται·
3487 2379 3551 2432 τὸ
3592 2378 3692 2448 μὲν
3725 2376 3838 2448 γάρ

2257 2469 2368 2539 ἔχει
2409 2467 2500 2522 διὰ
2543 2467 2644 2539 τὴν
2685 2466 2780 2520 τοῦ
2821 2466 2997 2530 εἴδους
3023 2467 3334 2532 κοινωνίαν,
3370 2467 3433 2520 τὸ
3466 2466 3524 2519 δὲ
3570 2466 3840 2538 κέκτηται

2257 2562 2346 2615 διὰ
2381 2561 2480 2633 τὴν
2510 2560 2617 2614 τῶν
2650 2560 2834 2631 μερῶν
2861 2559 3150 2630 ἀτρεψίαν.
3187 2559 3315 2614 Ἐπὶ
3354 2560 3594 2630 Χριστοῦ
3641 2559 3698 2613 δὲ
3736 2559 3838 2613 οὐκ

2256 2655 2410 2717 ὄντος
2433 2653 2605 2717 εἴδους
2625 2692 2640 2718 ,
2674 2652 2794 2716 πῶς
2821 2652 2888 2706 ἂν
2922 2653 3022 2723 μία
3065 2653 3123 2705 αἱ
3147 2651 3243 2706 δύο
3269 2652 3518 2721 λέγοιτος
3547 2653 3696 2722 τρεῖς
3727 2651 3839 2722 γὰρ

2259 2744 2590 2816 εὑρίσκομεν
2619 2742 2722 2797 καὶ
2753 2743 2949 2812 μόνους
2978 2744 3236 2812 τρόπους,
3265 2742 3387 2797 καθ’
3418 2741 3512 2806 οὓς
3547 2742 3645 2812 μία
3673 2742 3841 2810 φύσις

2259 2836 2478 2905 λέγεται
2506 2877 2522 2896 ,
2547 2835 2608 2888 τὸ
2657 2837 2955 2905 λεγόμενον
2975 2851 2989 2867 ·
3024 2835 3057 2905 ἢ
3093 2835 3202 2907 γὰρ
3249 2837 3308 2888 τὸ
3343 2830 3486 2898 εἶδος
3516 2829 3690 2897 εἶναι,
3715 2833 3749 2903 ἢ
3781 2832 3843 2885 τδ

2259 2922 2354 2976 τοῦ
2392 2922 2558 2976 αὑτοῦ
2597 2924 2773 2986 εἴδους
2814 2923 3088 2993 μετέχειν,
3127 2923 3160 2994 ἢ
3192 2923 3253 2977 τὸ
3294 2923 3438 2977 κατά
3483 2923 3746 2992 σύγχυσιν
3785 2921 3844 2988 ἐξ

2262 3013 2577 3084 ὲτεροειδῶν
2629 3015 2929 3086 ἑτεροειδὲς
2976 3015 3441 3079 ἀποτετέλεσται,
3487 3015 3517 3068 ὃ
3576 3003 3846 3085 ἑκατέρου

557 3122 708 3166 -tura
739 3107 946 3164 dicitur
979 3123 992 3160 :
1028 3114 1123 3160 aut
1151 3105 1279 3175 quia
1311 3113 1396 3159 est
1420 3103 1663 3174 species;
1692 3109 1790 3155 aut
1820 3101 1950 3170 quia
1985 3101 2159 3170 parti-

2266 3105 2513 3174 μετέχον,
2542 3105 2650 3158 οὐδ’
2684 3105 2948 3176 ὁπότερον
2978 3105 3238 3178 καθαρῶς
3266 3108 3439 3171 ἐστιν,
3475 3109 3542 3178 ἢν
3570 3106 3664 3159 καὶ
3686 3105 3846 3158 νόθον

583 3203 733 3273 cipat
787 3199 1060 3270 speciem;
1099 3206 1194 3252 aut
1243 3196 1391 3266 quod
1448 3195 1773 3250 confusione
1825 3208 1893 3247 ex
1927 3191 2162 3247 diversis

2270 3196 2529 3250 καλοῦσιν
2561 3198 2611 3251 oi
2642 3199 2771 3271 περὶ
2796 3197 2992 3253 ταῦτα.

584 3292 876 3366 speciebus
903 3292 1120 3346 diversa
1147 3289 1329 3359 specie
1351 3287 1609 3343 effectum
1640 3294 1743 3351 est,
1776 3284 1924 3355 quod
1952 3285 2239 3356 utriusque
2277 3291 2578 3361 particeps,
2645 3307 2747 3347 nec
2809 3292 3135 3348 alterutrum
3165 3308 3302 3364 pure
3360 3301 3464 3350 est.
3527 3294 3699 3362 Quam
3746 3307 3849 3346 na—

589 3396 767 3439 turam
795 3383 1160 3439 adulterinam
1197 3389 1414 3444 vocant,
1447 3379 1542 3448 qui
1573 3378 1690 3432 hzec
1725 3385 1980 3432 tractant.

643 3543 950 3606 Praeterea,
987 3552 1056 3592 ne
1107 3535 1229 3591 duae
1278 3543 1489 3590 natura:
1520 3532 1575 3587 in
1612 3531 1835 3588 Christo
1889 3531 2166 3596 dicantur,

569 3631 907 3706 ihujusmodi
965 3628 1340 3684 dubitationes
1385 3625 1850 3697 opponitisznon
1912 3623 2060 3680 enim
2111 3631 2172 3676 ut

591 3728 749 3789 duas,
780 3733 836 3779 et
888 3735 1052 3776 unam
1085 3720 1228 3775 sicut
1273 3719 1328 3772 in
1358 3716 1520 3771 nobis
1548 3715 1765 3783 dicatis,
1791 3715 1886 3772 sed
1923 3724 1984 3771 ut
2007 3731 2171 3770 unam

592 3818 761 3873 solam
795 3833 808 3868 :
846 3813 977 3867 hinc
1009 3811 1155 3866 enim
1188 3809 1346 3864 vobis
1370 3809 1536 3864 etiam
1560 3822 1671 3862 non
1697 3806 2014 3861 volentibus
2049 3820 2170 3875 pas-

593 3911 674 3966 sio
705 3904 1044 3964 confusionis
1077 3903 1303 3972 insuper
1331 3899 1576 3965 advenit,
1606 3906 1662 3954 ct
1691 3913 1795 3952 nec
1820 3897 2006 3968 passio
2033 3896 2175 3952 divi-

594 3997 768 4058 sionis
816 3996 1043 4053 recedit.
1082 3995 1204 4049 Non
1244 3993 1392 4047 enim
1440 4005 1667 4046 necesse
1701 3998 1788 4045 est
1845 3997 1907 4042 ut
1936 4004 2044 4043 una
2072 4004 2172 4043 na-

597 4105 719 4149 tura
753 4103 922 4144 unum
968 4100 1199 4141 numero
1241 4084 1334 4148 sit,
1364 4084 1613 4153 quinimo
1643 4089 1752 4135 tam
1773 4081 1973 4145 multa,
2005 4089 2062 4134 et
2097 4088 2175 4134 tot

596 4193 851 4243 numero,
880 4185 1017 4247 quot
1069 4181 1200 4229 sunt
1243 4173 1569 4244 hypostases
1609 4169 1948 4238 complentes
2000 4167 2173 4230 ipsam

599 4278 875 4328 naturam.
900 4263 1324 4321 Consideremus
1350 4261 1514 4316 etiam
1541 4260 1621 4314 sic
1651 4277 1664 4312 :
1689 4273 1811 4328 quae
1836 4265 1966 4311 sunt
1995 4256 2173 4312 eidem

597 4359 852 4434 aequalia,
879 4357 1027 4412 inter
1065 4372 1124 4411 se
1154 4363 1282 4411 sunt
1322 4352 1576 4422 aequalia.
1618 4348 1972 4405 Describatur
2002 4349 2174 4403 trian-

601 4457 764 4530 gulus
787 4448 1145 4520 aequilaterus
1181 4443 1572 4514 rectangulus:
1605 4452 1668 4497 ut
1717 4441 1866 4496 enim
1913 4455 1972 4494 se
2011 4439 2177 4494 habet

597 4550 838 4620 primum
875 4549 1018 4602 latus
1047 4543 1116 4598 ad
1158 4538 1485 4605 secundum.
1519 4544 1575 4588 et
1624 4531 1931 4589 secundum
1967 4531 2035 4586 ad
2066 4538 2179 4586 ter-

605 4644 767 4707 tium,
800 4641 879 4694 ita
918 4654 976 4695 se
1026 4635 1193 4690 habet
1221 4630 1457 4701 primum
1495 4625 1563 4680 ad
1603 4633 1935 4680 extremum.
1984 4621 2177 4678 Scribe

605 4732 774 4803 igitur
816 4731 917 4784 tria
969 4729 1138 4782 latera
1165 4721 1298 4793 (21),
1330 4727 1388 4774 et
1417 4715 1486 4771 da
1530 4725 1640 4770 tres
1671 4728 1938 4783 personas
1959 4713 2011 4767 in
2042 4728 2182 4767 uno-

2341 3531 2452 3585 Καὶ
2498 3529 2674 3594 ἄλλως
2734 3531 2823 3584 ἐπ’
2853 3532 3136 3604 ἀναιρέσει
3193 3533 3286 3589 τοῦ
3345 3535 3441 3589 δύο
3491 3535 3711 3606 λέγειν,
3742 3542 3852 3606 τὰς

2271 3622 2525 3685 τοιαύτας
2554 3623 2933 3693 ὲπαπορήσεις
2967 3624 3297 3697 προῖσχεσθε
3326 3642 3340 3653 ·
3370 3629 3430 3681 οὐ
3471 3629 3579 3700 γὰρ
3623 3630 3710 3684 ἵνα
3748 3635 3852 3688 καὶ

2271 3713 2365 3767 δύο
2389 3713 2484 3766 καὶ
2516 3712 2668 3784 μίαν,
2699 3713 2888 3784 ὥσπερ
2913 3715 3172 3780 ἐνταῦθα,
3209 3717 3424 3788 εἴπητε,
3456 3720 3572 3774 ἀλλ’
3599 3720 3686 3776 ἵνα
3713 3724 3855 3794 μίαν

2277 3806 2472 3875 μόνηνο
2500 3804 2751 3859 ἐντεῦθεν
2773 3806 2881 3877 γὰρ
2914 3808 3011 3861 καὶ
3041 3808 3117 3880 μὴ
3151 3808 3497 3880 βουλομένοις
3524 3814 3651 3884 ὑμῖν
3669 3816 3730 3868 τὸ
3747 3818 3855 3886 τῆς

2275 3896 2593 3968 συγχύσεως
2625 3896 2847 3952 ἐπιπλεῖ
2879 3898 3074 3963 πάθος.
3112 3902 3222 3954 Καὶ
3262 3902 3386 3956 οὔτε
3419 3903 3478 3957 τὸ
3512 3904 3613 3974 τῆς
3640 3906 3856 3977 διαιρέο

2277 4006 2415 4052 seu);
2457 3990 2734 4060 ὑποχωρεί
2757 4006 2770 4020 ’
2800 3989 2864 4042 οὐ
2913 3989 3022 4062 γὰρ
3051 3992 3266 4063 ἀνάγκη
3312 3994 3410 4066 τὴν
3439 3995 3568 4066 μίαν
3603 3996 3759 4065 φύσιν
3794 3998 3855 4052 ἓν

2275 4077 2416 4135 εἶναι
2473 4081 2550 4151 τῷ
2603 4080 2864 4152 ἀριθμῷ·
2893 4083 2944 4136 εί
2996 4082 3072 4155 μὴ
3115 4087 3212 4138 καὶ
3265 4086 3499 4155 μάλιστα
3541 4088 3709 4143 πολλά
3753 4092 3856 4145 καὶ

2276 4167 2516 4222 τοσαῦτα
2536 4169 2615 4239 τῷ
2653 4170 2874 4241 ἀριθμῷ
2903 4171 3012 4242 εἴη,
3034 4174 3157 4226 ὅσαι
3187 4175 3282 4227 καὶ
3322 4175 3377 4228 αἱ
3431 4177 3855 4250 συμπληροῦσαι

2277 4258 2446 4331 αὐτὴν
2464 4261 2603 4316 εἰσιν
2625 4263 3286 4334 ὑποστάσειςθσκοπῶμεν
3311 4267 3368 4320 δὲ
3397 4268 3492 4321 καὶ
3520 4268 3852 4342 οὖτως(22)⁶

2278 4350 2358 4402 Τὰ
2419 4349 2496 4420 τῷ
2540 4350 2694 4421 αὑτῷ
2737 4351 2848 4418 ἴσα,
2881 4354 2975 4407 καὶ
3020 4354 3295 4425 ἀλλήλοις,
3336 4359 3522 4426 φασὶν,
3555 4358 3702 4413 ἐστιν
3737 4361 3853 4416 [σα.

2279 4440 2498 4494 Κείσθω
2538 4442 2600 4513 δὴ
2637 4443 2696 4496 ὲν
2737 4443 3117 4514 διαγράμματι
3171 4447 3506 4519 ἰσόπλευρον,
3529 4450 3857 4521 ὀρθογώνιον

2278 4535 2577 4605 τρίγωνον’
2615 4535 2692 4599 ὼς
2725 4535 2833 4608 γὰρ
2873 4537 3056 4610 ἔχειή
3099 4541 3294 4611 πρώτη
3334 4542 3545 4615 πλευρά
3583 4546 3722 4616 πρὸς
3750 4547 3856 4618 τὴν

2279 4627 2561 4697 δευτέραν,
2595 4628 2690 4681 καί⁵
2742 4630 2774 4698 ἡ
2822 4629 3054 4700 δευτέρα
3112 4633 3251 4704 πρὸς
3301 4633 3400 4704 τὴν
3439 4636 3651 4709 τρίτην,
3681 4636 3855 4701 οὕτως

2277 4718 2396 4788 ἔχει
2449 4719 2545 4771 καὶ
2598 4720 2632 4790 ἡ
2681 4718 2872 4791 πρώτη
2926 4721 3064 4792 πρὸς
3113 4723 3211 4794 τὴν
3267 4724 3606 4782 τελευταίαν.
3636 4727 3855 4798 Γράψον

602 4789 826 4897 (ιυυοηιιθ
883 4822 1087 4883 latere;
1143 4789 1200 4868 et
1248 4809 1512 4880 reperies,
1539 4806 1689 4876 quod
1729 4805 1876 4860 sicut
1914 4821 1972 4860 se
2010 4805 2162 4860 habel

2281 4809 2375 4864 οὖν
2414 4811 2512 4874 τάς
2550 4789 2702 4881 τρεῖς
2730 4789 3013 4883 πλευρὰς,
3038 4815 3132 4868 καὶ
3167 4789 3270 4880 ’δὸς
3319 4818 3448 4887 τρία
3475 4789 3858 4889 πρόσωπαξὲν

602 4917 846 4988 primum
886 4912 954 4966 ad
995 4906 1262 4967 medium,
1285 4910 1342 4957 et
1375 4899 1618 4955 medium
1639 4897 1709 4952 ad
1735 4905 2068 4962 extremum,
2099 4897 2175 4951 ita

2287 4902 2373 4970 ἐφ’
2401 4903 2608 4975 ἑκάστῃ
2662 4903 2894 4974 πλευρᾷ,
2925 4906 3019 4958 καὶ
3078 4908 3336 4978 εὑρήσεις
3385 4911 3468 4964 ὅτι
3529 4910 3604 4974 ὠς
3646 4912 3760 4981 ἔχει
3795 4912 3858 4966 τδ

607 5024 666 5063 se
690 5003 916 5061 habebit
938 5001 1176 5072 primum
1208 4995 1275 5050 ad
1311 5001 1641 5050 extremum.
1677 4990 1858 5057 Quare
1881 4990 1995 5044 hanc
2026 4991 2162 5045 dico‘

2288 4991 2507 5062 πρῶτον
2531 4993 2667 5062 πρὸς
2692 4992 2751 5045 τὸ
2785 4993 2972 5062 μέσον,
3002 4996 3098 5049 καὶ
3127 4998 3186 5062 τὸ
3214 4999 3382 5068 μέσον
3409 5000 3544 5068 πρὸς
3583 5002 3646 5054 τὸ
3669 5002 3858 5056 τελευ-

607 5099 747 5164 Quia
785 5097 831 5152 si
875 5093 1019 5149 datis
1072 5089 1180 5145 dici
1214 5101 1379 5142 unam
1409 5084 1572 5137 Verbi
1596 5093 1652 5137 et
1675 5080 1858 5136 carnis
1905 5090 2180 5148 naturam,

509 5332 512 5340 ’
605 5343 1208 5419 ’ipsopommunicatur
1236 5338 1536 5419 secundum
1593 5346 1880 5419 naturam;
1913 5335 2009 5419 sed
2066 5350 2176 5417 nor)

651 5415 944 5471 medicatur
1002 5411 1348 5468 individuum
1407 5408 1475 5462 de
1536 5415 1752 5472 natura,
1809 5407 2019 5462 directa
2085 5405 2190 5460 sei-

651 5435 944 5471 mulcatur
1003 5435 1348 5468 IlluIVquum
1407 5435 1475 5462 uc
1537 5435 1752 5472 natura,
1809 5435 2019 5462 uncum
2085 5435 2190 5460 aol-

610 5435 745 5546 licet
803 5494 859 5541 et
913 5483 1112 5539 usitata
1175 5479 1600 5546 praedicatione;
1661 5494 1771 5532 non
1838 5477 1985 5546 enim
2051 5474 2193 5530 dici-

1205 5561 1380 5607 etrus.
1429 5548 1633 5604 Contra
1670 5563 1802 5602 vero
1853 5545 1912 5599 ﬁt
1949 5546 2003 5600 in
2037 5560 2190 5610 corn-

1208 5621 1467 5669 ersalium
1517 5618 1585 5669 ad
1660 5615 2038 5669 narticularia.
2095 5602 2194 5669 Est

2143 5630 2167 5669 ε

612 5698 766 5755 enim
830 5695 946 5750 haec
983 5692 1427 5748 communicatio
1487 5685 1793 5744 secundum
1869 5685 2192 5755 appellatio-

617 5754 743 5826 nem
769 5782 863 5835 seu
899 5763 1529 5835 prmdicationem,_cum
1577 5756 1910 5835 universalia
1945 5754 2024 5809 de
2068 5769 2196 5835 par-

635 5491 745 5544 icet
803 5494 859 5541 et
913 5483 1112 5539 usitata

612 5567 738 5614 mus
782 5573 797 5611 :
838 5555 1012 5609 Homo
1048 5561 1133 5608 est

613 5626 992 5686 municatione
1074 5621 1467 5676 universalium
1517 5618 1585 5673 ad
1660 5615 2038 5687 particularia.

603 5823 943 5898 .Vticulari’btis
983 5835 1194 5891 directa
1227 5830 1621 5904 praedicatione
1663 5823 2184 5900 przedicenturjdi-

1161 6521 1166 6524 .
1299 6521 1304 6524 .
1359 6519 1420 6526 ...-
1499 6521 1506 6524 .

2288 5085 2458 5148 ταίον,
2490 5081 2664 5147 οὕτως
2704 5083 2818 5148 ἕξει
2867 5087 2962 5138 καὶ
3015 5086 3076 5138 τὸ
3122 5087 3340 5158 πρῶτον
3389 5089 3526 5161 πρὸς
3553 5091 3618 5144 τὸ
3671 5092 3856 5146 τελευ-

2286 5337 2463 5390 cimus
2527 5335 2673 5390 enim
2716 5354 2729 5391 :
2781 5337 2977 5394 Petrus
3038 5339 3309 5394 esthomo.
3349 5339 3484 5395 Tua.

3493 5431 3734 5487 Verbum

2363 5497 2474 5569 (2i)
2507 5497 2686 5554 Scribe
2726 5501 2889 5572 igitur
2934 5503 3040 5557 tria
3109 5503 3303 5556 latera.
3362 5503 3682 5557 Pater...A..
3711 5517 3856 5556 caro.

2620 5608 2749 5648 caro
3081 5595 3248 5649 Pater

2361 5663 2926 5719 Verbum..A..Pater.
2962 5679 3092 5719 caro
3144 5666 3182 5716 Δ
3225 5665 3491 5720 Verbum.
3520 5665 3594 5718 in.

2366 5755 2474 5826 (‘22)
2504 5755 2689 5815 Schol.
2733 5755 3135 5827 Ἀριστοτέλους
3167 5756 3241 5820 ὡς
3266 5757 3372 5812 ἀπὸ
3404 5755 3685 5812 Εὐκλίδου.

3681 417 3825 481 1292

3882 5229 3888 5294 ἰ
