  <div class='ocr_page' id='page_1' title='image "/cluster/home/n/w/nwhite01/storage/ocr_20150623/86:1/hvd.32044019208909/654.png"; bbox 0 0 4068 6536; ppageno 0'>
   <div class='ocr_carea' id='block_1_1' title="bbox 304 444 441 511">
    <p class='ocr_par' dir='ltr' id='par_1_1' title="bbox 304 444 441 511">
     <span class='ocr_line' id='line_1_1' title="bbox 304 444 441 511; baseline 0 -2"><span class='ocrx_word' id='word_1_1' title='bbox 304 444 441 511; x_wconf 74' lang='lat'><strong>1293</strong></span> 
     </span>
    </p>
   </div>
   <div class='ocr_carea' id='block_1_2' title="bbox 1352 454 2497 528">
    <p class='ocr_par' dir='ltr' id='par_1_2' title="bbox 1352 454 2497 528">
     <span class='ocr_line' id='line_1_2' title="bbox 1352 454 2497 528; baseline 0.012 -13"><span class='ocrx_word' id='word_1_2' title='bbox 1352 454 1660 517; x_wconf 76' lang='lat' dir='ltr'><strong>CONTRA</strong></span> <span class='ocrx_word' id='word_1_3' title='bbox 1689 458 2006 521; x_wconf 78' lang='lat' dir='ltr'><strong>NESTOR.</strong></span> <span class='ocrx_word' id='word_1_4' title='bbox 2044 463 2139 522; x_wconf 88' lang='grc' dir='ltr'><strong>ΕΤ</strong></span> <span class='ocrx_word' id='word_1_5' title='bbox 2179 466 2497 528; x_wconf 85' lang='lat' dir='ltr'><strong>EUTYCH.</strong></span> 
     </span>
    </p>
   </div>
   <div class='ocr_carea' id='block_1_3' title="bbox 3416 473 3553 540">
    <p class='ocr_par' dir='ltr' id='par_1_3' title="bbox 3416 473 3553 540">
     <span class='ocr_line' id='line_1_3' title="bbox 3416 473 3553 540; baseline 0 -2"><span class='ocrx_word' id='word_1_6' title='bbox 3416 473 3553 540; x_wconf 64' lang='grc' dir='ltr'>ιρθι</span> 
     </span>
    </p>
   </div>
   <div class='ocr_carea' id='block_1_4' title="bbox 302 560 1863 642">
    <p class='ocr_par' dir='ltr' id='par_1_4' title="bbox 302 560 1863 639">
     <span class='ocr_line' id='line_1_4' title="bbox 302 560 1863 639; baseline 0.006 -26"><span class='ocrx_word' id='word_1_7' title='bbox 302 562 471 615; x_wconf 80' lang='grc' dir='ltr'>τατον.</span> <span class='ocrx_word' id='word_1_8' title='bbox 511 560 608 613; x_wconf 83' lang='grc' dir='ltr'>Διά</span> <span class='ocrx_word' id='word_1_9' title='bbox 656 560 707 614; x_wconf 64' lang='lat' dir='ltr'><strong>ei</strong></span> <span class='ocrx_word' id='word_1_10' title='bbox 740 560 804 633; x_wconf 76' lang='grc' dir='ltr'>δὴ</span> <span class='ocrx_word' id='word_1_11' title='bbox 844 560 1016 617; x_wconf 88' lang='grc' dir='ltr'>ταῦτά</span> <span class='ocrx_word' id='word_1_12' title='bbox 1064 580 1244 633; x_wconf 61' lang='grc' dir='ltr'>φημι,</span> <span class='ocrx_word' id='word_1_13' title='bbox 1282 566 1404 619; x_wconf 87' lang='grc' dir='ltr'>Ὅτι</span> <span class='ocrx_word' id='word_1_14' title='bbox 1447 569 1496 620; x_wconf 88' lang='grc' dir='ltr'>εἰ</span> <span class='ocrx_word' id='word_1_15' title='bbox 1527 566 1718 632; x_wconf 85' lang='grc' dir='ltr'><strong>δώσεις</strong></span> <span class='ocrx_word' id='word_1_16' title='bbox 1747 568 1863 639; x_wconf 66' lang='grc' dir='ltr'>μίαι</span> 
     </span>
    </p>
   </div>
   <div class='ocr_carea' id='block_1_5' title="bbox 1963 560 3577 642">
    <p class='ocr_par' dir='ltr' id='par_1_5' title="bbox 1978 573 3577 642">
     <span class='ocr_line' id='line_1_5' title="bbox 1978 573 3577 642; baseline 0.011 -16"><span class='ocrx_word' id='word_1_17' title='bbox 1978 573 2317 631; x_wconf 76' lang='lat' dir='ltr'><strong>confitemini</strong></span> <span class='ocrx_word' id='word_1_18' title='bbox 2352 585 2480 633; x_wconf 99' lang='lat' dir='ltr'><strong>ante</strong></span> <span class='ocrx_word' id='word_1_19' title='bbox 2515 593 2679 634; x_wconf 90' lang='lat' dir='ltr'><strong>unam</strong></span> <span class='ocrx_word' id='word_1_20' title='bbox 2712 595 2834 637; x_wconf 88' lang='lat' dir='ltr'><strong>esse</strong></span> <span class='ocrx_word' id='word_1_21' title='bbox 2861 591 3114 639; x_wconf 88' lang='lat' dir='ltr'><strong>naturam</strong></span> <span class='ocrx_word' id='word_1_22' title='bbox 3157 586 3320 641; x_wconf 78' lang='lat' dir='ltr'><strong>Verbi</strong></span> <span class='ocrx_word' id='word_1_23' title='bbox 3360 597 3417 641; x_wconf 91' lang='lat' dir='ltr'><strong>et</strong></span> <span class='ocrx_word' id='word_1_24' title='bbox 3452 590 3577 642; x_wconf 80' lang='lat' dir='ltr'><strong>Pa—-</strong></span> 
     </span>
    </p>
   </div>
   <div class='ocr_carea' id='block_1_6' title="bbox 302 647 1873 730">
    <p class='ocr_par' dir='ltr' id='par_1_6' title="bbox 302 647 1873 730">
     <span class='ocr_line' id='line_1_6' title="bbox 302 647 1873 730; baseline 0.007 -27"><span class='ocrx_word' id='word_1_25' title='bbox 302 647 555 719; x_wconf 79' lang='grc' dir='ltr'>λέγεσθαι</span> <span class='ocrx_word' id='word_1_26' title='bbox 609 650 702 704; x_wconf 88' lang='grc' dir='ltr'><strong>τοῦ</strong></span> <span class='ocrx_word' id='word_1_27' title='bbox 731 652 907 721; x_wconf 83' lang='grc' dir='ltr'>Λόγου</span> <span class='ocrx_word' id='word_1_28' title='bbox 939 656 1035 707; x_wconf 72' lang='grc' dir='ltr'>καὶ</span> <span class='ocrx_word' id='word_1_29' title='bbox 1090 653 1191 724; x_wconf 83' lang='grc' dir='ltr'>τῆς</span> <span class='ocrx_word' id='word_1_30' title='bbox 1222 656 1425 725; x_wconf 82' lang='grc' dir='ltr'>σαρκὸς</span> <span class='ocrx_word' id='word_1_31' title='bbox 1454 658 1616 727; x_wconf 89' lang='grc' dir='ltr'>φύσιν</span> <span class='ocrx_word' id='word_1_32' title='bbox 1638 702 1653 725; x_wconf 90' lang='grc'><strong>,</strong></span> <span class='ocrx_word' id='word_1_33' title='bbox 1682 661 1873 730; x_wconf 84' lang='grc' dir='ltr'>ὁμολο-</span> 
     </span>
    </p>
   </div>
   <div class='ocr_carea' id='block_1_7' title="bbox 302 738 1869 820">
    <p class='ocr_par' dir='ltr' id='par_1_7' title="bbox 302 738 1869 820">
     <span class='ocr_line' id='line_1_7' title="bbox 302 738 1869 820; baseline 0.006 -26"><span class='ocrx_word' id='word_1_34' title='bbox 302 744 446 809; x_wconf 85' lang='grc' dir='ltr'>γεῖτε</span> <span class='ocrx_word' id='word_1_35' title='bbox 470 742 526 796; x_wconf 82' lang='grc' dir='ltr'>δὲ</span> <span class='ocrx_word' id='word_1_36' title='bbox 558 742 655 812; x_wconf 99' lang='grc' dir='ltr'><strong>μία</strong></span> <span class='ocrx_word' id='word_1_37' title='bbox 680 742 841 811; x_wconf 79' lang='grc' dir='ltr'>φύσις</span> <span class='ocrx_word' id='word_1_38' title='bbox 870 738 1009 798; x_wconf 77' lang='grc' dir='ltr'>εἶναι</span> <span class='ocrx_word' id='word_1_39' title='bbox 1042 745 1135 798; x_wconf 86' lang='grc' dir='ltr'><strong>τοῦ</strong></span> <span class='ocrx_word' id='word_1_40' title='bbox 1166 746 1345 815; x_wconf 84' lang='grc' dir='ltr'>Λόγου</span> <span class='ocrx_word' id='word_1_41' title='bbox 1377 748 1471 801; x_wconf 75' lang='grc' dir='ltr'>καὶ</span> <span class='ocrx_word' id='word_1_42' title='bbox 1498 747 1592 802; x_wconf 90' lang='grc' dir='ltr'><strong>τοῦ</strong></span> <span class='ocrx_word' id='word_1_43' title='bbox 1634 750 1869 820; x_wconf 82' lang='grc' dir='ltr'><strong>Πατρός·</strong></span> 
     </span>
    </p>
   </div>
   <div class='ocr_carea' id='block_1_8' title="bbox 290 831 1868 909">
    <p class='ocr_par' dir='ltr' id='par_1_8' title="bbox 290 831 1868 909">
     <span class='ocr_line' id='line_1_8' title="bbox 290 831 1868 909; baseline 0.007 -24"><span class='ocrx_word' id='word_1_44' title='bbox 290 831 499 886; x_wconf 80' lang='grc' dir='ltr'>δώσετε</span> <span class='ocrx_word' id='word_1_45' title='bbox 529 834 636 905; x_wconf 81' lang='grc' dir='ltr'>ἄρα</span> <span class='ocrx_word' id='word_1_46' title='bbox 673 834 802 906; x_wconf 83' lang='grc' dir='ltr'>μίαν</span> <span class='ocrx_word' id='word_1_47' title='bbox 846 834 1009 904; x_wconf 84' lang='grc' dir='ltr'>φύσιν</span> <span class='ocrx_word' id='word_1_48' title='bbox 1041 831 1181 891; x_wconf 78' lang='grc' dir='ltr'>εἶναι</span> <span class='ocrx_word' id='word_1_49' title='bbox 1236 837 1339 907; x_wconf 81' lang='grc' dir='ltr'>τῆς</span> <span class='ocrx_word' id='word_1_50' title='bbox 1391 840 1595 909; x_wconf 78' lang='grc' dir='ltr'>σαρκὸς</span> <span class='ocrx_word' id='word_1_51' title='bbox 1628 842 1723 894; x_wconf 75' lang='grc' dir='ltr'>καὶ</span> <span class='ocrx_word' id='word_1_52' title='bbox 1772 842 1868 896; x_wconf 89' lang='grc' dir='ltr'><strong>τοῦ</strong></span> 
     </span>
    </p>
   </div>
   <div class='ocr_carea' id='block_1_9' title="bbox 293 924 533 996">
    <p class='ocr_par' dir='ltr' id='par_1_9' title="bbox 293 924 533 996">
     <span class='ocr_line' id='line_1_9' title="bbox 293 924 533 996; baseline 0.013 -19"><span class='ocrx_word' id='word_1_53' title='bbox 293 924 533 996; x_wconf 71' lang='grc' dir='ltr'>Πατρός.</span> 
     </span>
    </p>
   </div>
   <div class='ocr_carea' id='block_1_10' title="bbox 377 1039 1871 1121">
    <p class='ocr_par' dir='ltr' id='par_1_10' title="bbox 377 1039 1871 1121">
     <span class='ocr_line' id='line_1_10' title="bbox 377 1039 1871 1121; baseline 0.007 -29"><span class='ocrx_word' id='word_1_54' title='bbox 377 1060 395 1093; x_wconf 78' lang='grc' dir='ltr'><strong>ι</strong></span> <span class='ocrx_word' id='word_1_55' title='bbox 442 1039 585 1093; x_wconf 83' lang='grc' dir='ltr'>Ἀλλ’</span> <span class='ocrx_word' id='word_1_56' title='bbox 628 1041 688 1093; x_wconf 84' lang='grc' dir='ltr'>οὐ</span> <span class='ocrx_word' id='word_1_57' title='bbox 720 1041 952 1111; x_wconf 82' lang='grc' dir='ltr'>λέγομεν</span> <span class='ocrx_word' id='word_1_58' title='bbox 973 1080 988 1105; x_wconf 88' lang='grc'><strong>,</strong></span> <span class='ocrx_word' id='word_1_59' title='bbox 1021 1043 1153 1112; x_wconf 73' lang='grc' dir='ltr'>φασὶ</span> <span class='ocrx_word' id='word_1_60' title='bbox 1178 1082 1193 1108; x_wconf 86' lang='grc'><strong>,</strong></span> <span class='ocrx_word' id='word_1_61' title='bbox 1223 1044 1302 1112; x_wconf 82' lang='grc' dir='ltr'>τῷ</span> <span class='ocrx_word' id='word_1_62' title='bbox 1334 1046 1481 1115; x_wconf 81' lang='grc' dir='ltr'>αὐτῷ</span> <span class='ocrx_word' id='word_1_63' title='bbox 1522 1048 1711 1118; x_wconf 84' lang='grc' dir='ltr'>τρόπῳ</span> <span class='ocrx_word' id='word_1_64' title='bbox 1741 1050 1871 1121; x_wconf 87' lang='grc' dir='ltr'>μίαν</span> 
     </span>
    </p>
   </div>
   <div class='ocr_carea' id='block_1_11' title="bbox 296 1127 1872 1210">
    <p class='ocr_par' dir='ltr' id='par_1_11' title="bbox 296 1127 1872 1210">
     <span class='ocr_line' id='line_1_11' title="bbox 296 1127 1872 1210; baseline 0.007 -26"><span class='ocrx_word' id='word_1_65' title='bbox 296 1132 576 1203; x_wconf 66' lang='grc' dir='ltr'>ἑκατέρων</span> <span class='ocrx_word' id='word_1_66' title='bbox 632 1127 770 1185; x_wconf 79' lang='grc' dir='ltr'>εἶναι</span> <span class='ocrx_word' id='word_1_67' title='bbox 835 1132 1018 1200; x_wconf 91' lang='grc' dir='ltr'>φύσιν,</span> <span class='ocrx_word' id='word_1_68' title='bbox 1063 1134 1177 1187; x_wconf 83' lang='grc' dir='ltr'>ἀλλ’</span> <span class='ocrx_word' id='word_1_69' title='bbox 1216 1136 1311 1187; x_wconf 75' lang='grc' dir='ltr'><strong>ἐπὶ</strong></span> <span class='ocrx_word' id='word_1_70' title='bbox 1370 1136 1468 1206; x_wconf 83' lang='grc' dir='ltr'>μὲν</span> <span class='ocrx_word' id='word_1_71' title='bbox 1520 1139 1735 1210; x_wconf 79' lang='grc' dir='ltr'>Πατρὸς</span> <span class='ocrx_word' id='word_1_72' title='bbox 1778 1142 1872 1195; x_wconf 78' lang='grc' dir='ltr'>καὶ</span> 
     </span>
    </p>
   </div>
   <div class='ocr_carea' id='block_1_12' title="bbox 266 1224 1872 1307">
    <p class='ocr_par' dir='ltr' id='par_1_12' title="bbox 266 1224 1872 1307">
     <span class='ocr_line' id='line_1_12' title="bbox 266 1224 1872 1307; baseline 0.008 -31"><span class='ocrx_word' id='word_1_73' title='bbox 266 1282 270 1286; x_wconf 44' lang='grc'><strong>,</strong></span> <span class='ocrx_word' id='word_1_74' title='bbox 297 1224 429 1278; x_wconf 84' lang='grc' dir='ltr'>Υίοῦ</span> <span class='ocrx_word' id='word_1_75' title='bbox 454 1264 469 1287; x_wconf 94' lang='grc'><strong>,</strong></span> <span class='ocrx_word' id='word_1_76' title='bbox 499 1224 576 1294; x_wconf 83' lang='grc' dir='ltr'>τῷ</span> <span class='ocrx_word' id='word_1_77' title='bbox 604 1224 786 1293; x_wconf 84' lang='grc' dir='ltr'>ταυτῷ</span> <span class='ocrx_word' id='word_1_78' title='bbox 814 1225 912 1295; x_wconf 85' lang='grc' dir='ltr'>τῆς</span> <span class='ocrx_word' id='word_1_79' title='bbox 947 1225 1164 1295; x_wconf 79' lang='grc' dir='ltr'>φύσεως</span> <span class='ocrx_word' id='word_1_80' title='bbox 1184 1267 1200 1292; x_wconf 90' lang='grc'><strong>,</strong></span> <span class='ocrx_word' id='word_1_81' title='bbox 1236 1229 1470 1283; x_wconf 73' lang='grc' dir='ltr'>ἐνταῦθα</span> <span class='ocrx_word' id='word_1_82' title='bbox 1505 1231 1561 1284; x_wconf 86' lang='grc' dir='ltr'>δὲ</span> <span class='ocrx_word' id='word_1_83' title='bbox 1610 1232 1688 1303; x_wconf 81' lang='grc' dir='ltr'>τῷ</span> <span class='ocrx_word' id='word_1_84' title='bbox 1726 1234 1872 1307; x_wconf 80' lang='grc' dir='ltr'>λόγῳ</span> 
     </span>
    </p>
   </div>
   <div class='ocr_carea' id='block_1_13' title="bbox 293 1315 1874 1392">
    <p class='ocr_par' dir='ltr' id='par_1_13' title="bbox 293 1315 1874 1392">
     <span class='ocr_line' id='line_1_13' title="bbox 293 1315 1874 1392; baseline 0.008 -24"><span class='ocrx_word' id='word_1_85' title='bbox 293 1318 394 1387; x_wconf 77' lang='grc' dir='ltr'>τῆς</span> <span class='ocrx_word' id='word_1_86' title='bbox 421 1315 708 1381; x_wconf 59' lang='grc' dir='ltr'>ὲνώσεωςέ</span> <span class='ocrx_word' id='word_1_87' title='bbox 742 1317 938 1370; x_wconf 75' lang='grc' dir='ltr'>οὐκοῦν</span> <span class='ocrx_word' id='word_1_88' title='bbox 964 1318 1023 1371; x_wconf 83' lang='grc' dir='ltr'>οὐ</span> <span class='ocrx_word' id='word_1_89' title='bbox 1050 1320 1246 1373; x_wconf 77' lang='grc' dir='ltr'>ταυτὸν</span> <span class='ocrx_word' id='word_1_90' title='bbox 1286 1320 1349 1372; x_wconf 88' lang='grc' dir='ltr'>τὸ</span> <span class='ocrx_word' id='word_1_91' title='bbox 1388 1324 1453 1392; x_wconf 75' lang='grc' dir='ltr'><strong>τῇ</strong></span> <span class='ocrx_word' id='word_1_92' title='bbox 1485 1322 1676 1378; x_wconf 81' lang='grc' dir='ltr'>ὲνώσει</span> <span class='ocrx_word' id='word_1_93' title='bbox 1702 1325 1761 1379; x_wconf 85' lang='grc' dir='ltr'>ἓν</span> <span class='ocrx_word' id='word_1_94' title='bbox 1786 1327 1874 1380; x_wconf 86' lang='grc' dir='ltr'>λε-</span> 
     </span>
    </p>
   </div>
   <div class='ocr_carea' id='block_1_14' title="bbox 292 1406 1871 1479">
    <p class='ocr_par' dir='ltr' id='par_1_14' title="bbox 292 1406 1871 1479">
     <span class='ocr_line' id='line_1_14' title="bbox 292 1406 1871 1479; baseline 0.008 -20"><span class='ocrx_word' id='word_1_95' title='bbox 292 1408 546 1477; x_wconf 90' lang='grc' dir='ltr'>γόμενον,</span> <span class='ocrx_word' id='word_1_96' title='bbox 575 1407 669 1460; x_wconf 74' lang='grc' dir='ltr'>καὶ</span> <span class='ocrx_word' id='word_1_97' title='bbox 698 1406 758 1459; x_wconf 81' lang='grc' dir='ltr'>τὸ</span> <span class='ocrx_word' id='word_1_98' title='bbox 781 1409 845 1478; x_wconf 81' lang='grc' dir='ltr'>τῇ</span> <span class='ocrx_word' id='word_1_99' title='bbox 878 1407 1040 1477; x_wconf 87' lang='grc' dir='ltr'>φύσει</span> <span class='ocrx_word' id='word_1_100' title='bbox 1067 1409 1145 1463; x_wconf 78' lang='grc' dir='ltr'><strong>ἓν.</strong></span> <span class='ocrx_word' id='word_1_101' title='bbox 1179 1428 1203 1461; x_wconf 64' lang='grc' dir='ltr'><strong>ι</strong></span> <span class='ocrx_word' id='word_1_102' title='bbox 1240 1409 1305 1461; x_wconf 78' lang='lat' dir='ltr'><strong>Ei</strong></span> <span class='ocrx_word' id='word_1_103' title='bbox 1330 1410 1387 1465; x_wconf 85' lang='grc' dir='ltr'>δὲ</span> <span class='ocrx_word' id='word_1_104' title='bbox 1411 1413 1469 1464; x_wconf 85' lang='grc' dir='ltr'><strong>ού</strong></span> <span class='ocrx_word' id='word_1_105' title='bbox 1499 1413 1718 1479; x_wconf 82' lang='grc' dir='ltr'>ταυτὸν,</span> <span class='ocrx_word' id='word_1_106' title='bbox 1750 1419 1871 1471; x_wconf 83' lang='grc' dir='ltr'>κατ’</span> 
     </span>
    </p>
   </div>
   <div class='ocr_carea' id='block_1_15' title="bbox 291 1498 1872 1572">
    <p class='ocr_par' dir='ltr' id='par_1_15' title="bbox 291 1498 1872 1572">
     <span class='ocr_line' id='line_1_15' title="bbox 291 1498 1872 1572; baseline 0.006 -18"><span class='ocrx_word' id='word_1_107' title='bbox 291 1498 421 1554; x_wconf 77' lang='grc' dir='ltr'>ἄλλο</span> <span class='ocrx_word' id='word_1_108' title='bbox 444 1498 545 1568; x_wconf 84' lang='grc' dir='ltr'>μὲν</span> <span class='ocrx_word' id='word_1_109' title='bbox 579 1500 787 1564; x_wconf 79' lang='grc' dir='ltr'>ἐκεῖνο,</span> <span class='ocrx_word' id='word_1_110' title='bbox 821 1501 943 1552; x_wconf 78' lang='grc' dir='ltr'>καθ’</span> <span class='ocrx_word' id='word_1_111' title='bbox 972 1500 1161 1572; x_wconf 74' lang='grc' dir='ltr'>ἕτερον</span> <span class='ocrx_word' id='word_1_112' title='bbox 1204 1501 1260 1554; x_wconf 85' lang='grc' dir='ltr'>δὲ</span> <span class='ocrx_word' id='word_1_113' title='bbox 1284 1502 1442 1556; x_wconf 87' lang='grc' dir='ltr'>τοῦτο</span> <span class='ocrx_word' id='word_1_114' title='bbox 1466 1519 1480 1535; x_wconf 90' lang='grc'><strong>·</strong></span> <span class='ocrx_word' id='word_1_115' title='bbox 1506 1506 1662 1560; x_wconf 77' lang='grc' dir='ltr'>ἔσται</span> <span class='ocrx_word' id='word_1_116' title='bbox 1694 1508 1872 1563; x_wconf 84' lang='grc' dir='ltr'>τοίνυν</span> 
     </span>
    </p>
   </div>
   <div class='ocr_carea' id='block_1_16' title="bbox 290 1589 1873 1665">
    <p class='ocr_par' dir='ltr' id='par_1_16' title="bbox 290 1589 1873 1665">
     <span class='ocr_line' id='line_1_16' title="bbox 290 1589 1873 1665; baseline 0.008 -23"><span class='ocrx_word' id='word_1_117' title='bbox 290 1590 352 1643; x_wconf 80' lang='grc' dir='ltr'>τὸ</span> <span class='ocrx_word' id='word_1_118' title='bbox 396 1590 529 1644; x_wconf 84' lang='grc' dir='ltr'>αὐτὸ</span> <span class='ocrx_word' id='word_1_119' title='bbox 561 1589 621 1642; x_wconf 81' lang='grc' dir='ltr'>ἓν</span> <span class='ocrx_word' id='word_1_120' title='bbox 654 1592 746 1645; x_wconf 77' lang='grc' dir='ltr'>καὶ</span> <span class='ocrx_word' id='word_1_121' title='bbox 777 1591 871 1645; x_wconf 89' lang='grc' dir='ltr'><strong>δύο</strong></span> <span class='ocrx_word' id='word_1_122' title='bbox 898 1632 914 1657; x_wconf 88' lang='grc'><strong>,</strong></span> <span class='ocrx_word' id='word_1_123' title='bbox 948 1591 1008 1645; x_wconf 74' lang='grc' dir='ltr'>ἓν</span> <span class='ocrx_word' id='word_1_124' title='bbox 1042 1592 1142 1661; x_wconf 84' lang='grc' dir='ltr'>μὲν</span> <span class='ocrx_word' id='word_1_125' title='bbox 1180 1596 1246 1665; x_wconf 77' lang='grc' dir='ltr'><strong>τῇ</strong></span> <span class='ocrx_word' id='word_1_126' title='bbox 1280 1593 1504 1660; x_wconf 83' lang='grc' dir='ltr'>ἑνώσει,</span> <span class='ocrx_word' id='word_1_127' title='bbox 1534 1597 1626 1650; x_wconf 89' lang='grc' dir='ltr'><strong>δύο</strong></span> <span class='ocrx_word' id='word_1_128' title='bbox 1654 1599 1709 1652; x_wconf 86' lang='grc' dir='ltr'>δὲ</span> <span class='ocrx_word' id='word_1_129' title='bbox 1752 1604 1873 1664; x_wconf 85' lang='grc' dir='ltr'>ταῖς</span> 
     </span>
    </p>
   </div>
   <div class='ocr_carea' id='block_1_17' title="bbox 290 1680 1872 1751">
    <p class='ocr_par' dir='ltr' id='par_1_17' title="bbox 290 1680 1872 1751">
     <span class='ocr_line' id='line_1_17' title="bbox 290 1680 1872 1751; baseline 0.008 -18"><span class='ocrx_word' id='word_1_130' title='bbox 290 1680 538 1751; x_wconf 83' lang='grc' dir='ltr'>φύσεσιν.</span> <span class='ocrx_word' id='word_1_131' title='bbox 564 1682 627 1734; x_wconf 88' lang='grc' dir='ltr'>Εἰ</span> <span class='ocrx_word' id='word_1_132' title='bbox 646 1682 702 1735; x_wconf 83' lang='grc' dir='ltr'>δὲ</span> <span class='ocrx_word' id='word_1_133' title='bbox 729 1683 805 1751; x_wconf 87' lang='grc' dir='ltr'>μὴ</span> <span class='ocrx_word' id='word_1_134' title='bbox 831 1682 1013 1747; x_wconf 87' lang='grc' dir='ltr'>τοῦτο,</span> <span class='ocrx_word' id='word_1_135' title='bbox 1038 1682 1192 1736; x_wconf 78' lang='grc' dir='ltr'>ἔσται</span> <span class='ocrx_word' id='word_1_136' title='bbox 1219 1685 1278 1739; x_wconf 84' lang='grc' dir='ltr'>τὸ</span> <span class='ocrx_word' id='word_1_137' title='bbox 1308 1687 1441 1740; x_wconf 83' lang='grc' dir='ltr'>αὐτὸ</span> <span class='ocrx_word' id='word_1_138' title='bbox 1490 1690 1632 1743; x_wconf 87' lang='grc' dir='ltr'><strong>κατά</strong></span> <span class='ocrx_word' id='word_1_139' title='bbox 1653 1691 1712 1744; x_wconf 86' lang='grc' dir='ltr'>τὸ</span> <span class='ocrx_word' id='word_1_140' title='bbox 1740 1692 1872 1745; x_wconf 84' lang='grc' dir='ltr'>αὐτὸ</span> 
     </span>
    </p>
   </div>
   <div class='ocr_carea' id='block_1_18' title="bbox 288 1773 1867 1849">
    <p class='ocr_par' dir='ltr' id='par_1_18' title="bbox 288 1773 1867 1849">
     <span class='ocr_line' id='line_1_18' title="bbox 288 1773 1867 1849; baseline 0.005 -21"><span class='ocrx_word' id='word_1_141' title='bbox 288 1774 385 1828; x_wconf 76' lang='grc' dir='ltr'>καὶ</span> <span class='ocrx_word' id='word_1_142' title='bbox 404 1773 713 1844; x_wconf 82' lang='grc' dir='ltr'>ὁμοούσιον,</span> <span class='ocrx_word' id='word_1_143' title='bbox 729 1775 824 1828; x_wconf 74' lang='grc' dir='ltr'>καὶ</span> <span class='ocrx_word' id='word_1_144' title='bbox 846 1775 1207 1846; x_wconf 75' lang='grc' dir='ltr'>ἐτεροούσιον,</span> <span class='ocrx_word' id='word_1_145' title='bbox 1240 1778 1336 1832; x_wconf 74' lang='grc' dir='ltr'>καὶ</span> <span class='ocrx_word' id='word_1_146' title='bbox 1367 1780 1466 1849; x_wconf 82' lang='grc' dir='ltr'><strong>μία</strong></span> <span class='ocrx_word' id='word_1_147' title='bbox 1493 1781 1675 1849; x_wconf 82' lang='grc' dir='ltr'><strong>φύσις,</strong></span> <span class='ocrx_word' id='word_1_148' title='bbox 1694 1785 1789 1835; x_wconf 70' lang='grc' dir='ltr'>καὶ</span> <span class='ocrx_word' id='word_1_149' title='bbox 1807 1784 1867 1836; x_wconf 86' lang='grc' dir='ltr'><strong>ού</strong></span> 
     </span>
    </p>
   </div>
   <div class='ocr_carea' id='block_1_19' title="bbox 289 1860 1867 1946">
    <p class='ocr_par' dir='ltr' id='par_1_19' title="bbox 289 1860 1867 1946">
     <span class='ocr_line' id='line_1_19' title="bbox 289 1860 1867 1946; baseline 0.007 -28"><span class='ocrx_word' id='word_1_150' title='bbox 289 1866 389 1937; x_wconf 86' lang='grc' dir='ltr'><strong>μία</strong></span> <span class='ocrx_word' id='word_1_151' title='bbox 409 1864 589 1935; x_wconf 86' lang='grc' dir='ltr'>φύσις·</span> <span class='ocrx_word' id='word_1_152' title='bbox 613 1860 672 1920; x_wconf 78' lang='grc' dir='ltr'><strong>οὗ</strong></span> <span class='ocrx_word' id='word_1_153' title='bbox 699 1866 751 1920; x_wconf 89' lang='grc' dir='ltr'><strong>τί</strong></span> <span class='ocrx_word' id='word_1_154' title='bbox 768 1866 834 1920; x_wconf 84' lang='grc' dir='ltr'>ἄν</span> <span class='ocrx_word' id='word_1_155' title='bbox 856 1866 1068 1935; x_wconf 81' lang='grc' dir='ltr'>γένοιτο</span> <span class='ocrx_word' id='word_1_156' title='bbox 1083 1870 1430 1940; x_wconf 85' lang='grc' dir='ltr'>ἀτοπώτερον</span> <span class='ocrx_word' id='word_1_157' title='bbox 1450 1890 1463 1939; x_wconf 94' lang='grc'><strong>;</strong></span> <span class='ocrx_word' id='word_1_158' title='bbox 1482 1873 1670 1937; x_wconf 74' lang='grc' dir='ltr'>Οὕτως</span> <span class='ocrx_word' id='word_1_159' title='bbox 1690 1876 1816 1945; x_wconf 80' lang='grc' dir='ltr'>ὑμῖν</span> <span class='ocrx_word' id='word_1_160' title='bbox 1834 1879 1867 1946; x_wconf 86' lang='grc' dir='ltr'><strong>ή</strong></span> 
     </span>
    </p>
   </div>
   <div class='ocr_carea' id='block_1_20' title="bbox 1975 665 3557 742">
    <p class='ocr_par' dir='ltr' id='par_1_20' title="bbox 1975 665 3557 742">
     <span class='ocr_line' id='line_1_20' title="bbox 1975 665 3557 742; baseline 0.01 -23"><span class='ocrx_word' id='word_1_161' title='bbox 1975 665 2076 720; x_wconf 88' lang='lat' dir='ltr'><strong>tris</strong></span> <span class='ocrx_word' id='word_1_162' title='bbox 2117 684 2129 720; x_wconf 89' lang='lat'>:</span> <span class='ocrx_word' id='word_1_163' title='bbox 2166 667 2371 724; x_wconf 88' lang='lat' dir='ltr'><strong>dabitis</strong></span> <span class='ocrx_word' id='word_1_164' title='bbox 2412 669 2580 742; x_wconf 79' lang='lat' dir='ltr'><strong>igitur</strong></span> <span class='ocrx_word' id='word_1_165' title='bbox 2609 686 2774 727; x_wconf 90' lang='lat' dir='ltr'><strong>unam</strong></span> <span class='ocrx_word' id='word_1_166' title='bbox 2816 688 2939 730; x_wconf 87' lang='lat' dir='ltr'><strong>esse</strong></span> <span class='ocrx_word' id='word_1_167' title='bbox 2992 684 3243 732; x_wconf 88' lang='lat' dir='ltr'><strong>naturam</strong></span> <span class='ocrx_word' id='word_1_168' title='bbox 3279 679 3465 734; x_wconf 83' lang='lat' dir='ltr'><strong>carnis</strong></span> <span class='ocrx_word' id='word_1_169' title='bbox 3498 689 3557 735; x_wconf 79' lang='lat' dir='ltr'><strong>et</strong></span> 
     </span>
    </p>
   </div>
   <div class='ocr_carea' id='block_1_21' title="bbox 1974 758 2170 814">
    <p class='ocr_par' dir='ltr' id='par_1_21' title="bbox 1974 758 2170 814">
     <span class='ocr_line' id='line_1_21' title="bbox 1974 758 2170 814; baseline -0.005 0"><span class='ocrx_word' id='word_1_170' title='bbox 1974 758 2170 814; x_wconf 84' lang='lat' dir='ltr'><strong>Patris.</strong></span> 
     </span>
    </p>
   </div>
   <div class='ocr_carea' id='block_1_22' title="bbox 2050 1021 3553 1095">
    <p class='ocr_par' dir='ltr' id='par_1_22' title="bbox 2050 1021 3553 1095">
     <span class='ocr_line' id='line_1_22' title="bbox 2050 1021 3553 1095; baseline 0.015 -22"><span class='ocrx_word' id='word_1_171' title='bbox 2050 1039 2068 1072; x_wconf 84' lang='grc' dir='ltr'><strong>ι</strong></span> <span class='ocrx_word' id='word_1_172' title='bbox 2106 1021 2195 1086; x_wconf 83' lang='grc' dir='ltr'>Αι,</span> <span class='ocrx_word' id='word_1_173' title='bbox 2225 1023 2508 1093; x_wconf 81' lang='lat' dir='ltr'><strong>inquiunt,</strong></span> <span class='ocrx_word' id='word_1_174' title='bbox 2546 1041 2655 1082; x_wconf 89' lang='lat' dir='ltr'><strong>non</strong></span> <span class='ocrx_word' id='word_1_175' title='bbox 2687 1029 2927 1087; x_wconf 79' lang='lat' dir='ltr'><strong>dicimus</strong></span> <span class='ocrx_word' id='word_1_176' title='bbox 2964 1034 3159 1089; x_wconf 85' lang='lat' dir='ltr'><strong>eodem</strong></span> <span class='ocrx_word' id='word_1_177' title='bbox 3192 1034 3357 1092; x_wconf 85' lang='lat' dir='ltr'><strong>modo</strong></span> <span class='ocrx_word' id='word_1_178' title='bbox 3384 1056 3553 1095; x_wconf 79' lang='lat' dir='ltr'><strong>unam</strong></span> 
     </span>
    </p>
   </div>
   <div class='ocr_carea' id='block_1_23' title="bbox 1972 1114 3553 1187">
    <p class='ocr_par' dir='ltr' id='par_1_23' title="bbox 1972 1114 3553 1187">
     <span class='ocr_line' id='line_1_23' title="bbox 1972 1114 3553 1187; baseline 0.013 -22"><span class='ocrx_word' id='word_1_179' title='bbox 1972 1126 2091 1168; x_wconf 89' lang='lat' dir='ltr'><strong>esse</strong></span> <span class='ocrx_word' id='word_1_180' title='bbox 2144 1114 2437 1185; x_wconf 91' lang='lat' dir='ltr'><strong>utriusque</strong></span> <span class='ocrx_word' id='word_1_181' title='bbox 2482 1127 2766 1187; x_wconf 86' lang='lat' dir='ltr'><strong>naturam;</strong></span> <span class='ocrx_word' id='word_1_182' title='bbox 2798 1123 2893 1178; x_wconf 93' lang='lat' dir='ltr'><strong>sed</strong></span> <span class='ocrx_word' id='word_1_183' title='bbox 2928 1125 2980 1178; x_wconf 91' lang='lat' dir='ltr'><strong>in</strong></span> <span class='ocrx_word' id='word_1_184' title='bbox 3024 1126 3187 1182; x_wconf 84' lang='lat' dir='ltr'><strong>Patre</strong></span> <span class='ocrx_word' id='word_1_185' title='bbox 3219 1138 3273 1184; x_wconf 87' lang='lat' dir='ltr'><strong>et</strong></span> <span class='ocrx_word' id='word_1_186' title='bbox 3300 1130 3440 1185; x_wconf 86' lang='lat' dir='ltr'><strong>Filio</strong></span> <span class='ocrx_word' id='word_1_187' title='bbox 3461 1148 3553 1186; x_wconf 85' lang='lat' dir='ltr'><strong>ea-</strong></span> 
     </span>
    </p>
   </div>
   <div class='ocr_carea' id='block_1_24' title="bbox 1972 1200 3552 1276">
    <p class='ocr_par' dir='ltr' id='par_1_24' title="bbox 1972 1200 3552 1276">
     <span class='ocr_line' id='line_1_24' title="bbox 1972 1200 3552 1276; baseline 0.013 -21"><span class='ocrx_word' id='word_1_188' title='bbox 1972 1200 2096 1257; x_wconf 89' lang='lat' dir='ltr'><strong>dem</strong></span> <span class='ocrx_word' id='word_1_189' title='bbox 2124 1205 2338 1261; x_wconf 78' lang='lat' dir='ltr'><strong>ratione</strong></span> <span class='ocrx_word' id='word_1_190' title='bbox 2366 1216 2610 1276; x_wconf 68' lang='lat' dir='ltr'><strong>naturae;</strong></span> <span class='ocrx_word' id='word_1_191' title='bbox 2646 1210 2738 1266; x_wconf 91' lang='lat' dir='ltr'><strong>hic</strong></span> <span class='ocrx_word' id='word_1_192' title='bbox 2788 1221 2970 1269; x_wconf 86' lang='lat' dir='ltr'><strong>autem</strong></span> <span class='ocrx_word' id='word_1_193' title='bbox 3007 1215 3063 1269; x_wconf 90' lang='lat' dir='ltr'><strong>in</strong></span> <span class='ocrx_word' id='word_1_194' title='bbox 3086 1216 3308 1273; x_wconf 88' lang='lat' dir='ltr'><strong>Christo</strong></span> <span class='ocrx_word' id='word_1_195' title='bbox 3333 1220 3552 1275; x_wconf 79' lang='lat' dir='ltr'><strong>ratione</strong></span> 
     </span>
    </p>
   </div>
   <div class='ocr_carea' id='block_1_25' title="bbox 1973 1294 3550 1375">
    <p class='ocr_par' dir='ltr' id='par_1_25' title="bbox 1973 1294 3550 1375">
     <span class='ocr_line' id='line_1_25' title="bbox 1973 1294 3550 1375; baseline 0.012 -29"><span class='ocrx_word' id='word_1_196' title='bbox 1973 1294 2223 1361; x_wconf 87' lang='lat' dir='ltr'><strong>unionis;</strong></span> <span class='ocrx_word' id='word_1_197' title='bbox 2255 1313 2385 1369; x_wconf 81' lang='lat' dir='ltr'><strong>ergo</strong></span> <span class='ocrx_word' id='word_1_198' title='bbox 2415 1314 2526 1354; x_wconf 90' lang='lat' dir='ltr'><strong>non</strong></span> <span class='ocrx_word' id='word_1_199' title='bbox 2560 1310 2643 1357; x_wconf 90' lang='lat' dir='ltr'><strong>est</strong></span> <span class='ocrx_word' id='word_1_200' title='bbox 2679 1302 2825 1358; x_wconf 88' lang='lat' dir='ltr'><strong>idem</strong></span> <span class='ocrx_word' id='word_1_201' title='bbox 2862 1305 3009 1375; x_wconf 91' lang='lat' dir='ltr'><strong>quod</strong></span> <span class='ocrx_word' id='word_1_202' title='bbox 3036 1306 3241 1364; x_wconf 81' lang='lat' dir='ltr'><strong>unione</strong></span> <span class='ocrx_word' id='word_1_203' title='bbox 3264 1326 3435 1363; x_wconf 87' lang='lat' dir='ltr'><strong>unum</strong></span> <span class='ocrx_word' id='word_1_204' title='bbox 3463 1310 3550 1365; x_wconf 89' lang='lat' dir='ltr'><strong>di-</strong></span> 
     </span>
    </p>
   </div>
   <div class='ocr_carea' id='block_1_26' title="bbox 1972 1384 3553 1459">
    <p class='ocr_par' dir='ltr' id='par_1_26' title="bbox 1972 1384 3553 1459">
     <span class='ocr_line' id='line_1_26' title="bbox 1972 1384 3553 1459; baseline 0.012 -22"><span class='ocrx_word' id='word_1_205' title='bbox 1972 1384 2139 1451; x_wconf 90' lang='lat' dir='ltr'><strong>citur,</strong></span> <span class='ocrx_word' id='word_1_206' title='bbox 2166 1395 2221 1441; x_wconf 90' lang='lat' dir='ltr'><strong>et</strong></span> <span class='ocrx_word' id='word_1_207' title='bbox 2276 1390 2423 1458; x_wconf 91' lang='lat' dir='ltr'><strong>quod</strong></span> <span class='ocrx_word' id='word_1_208' title='bbox 2469 1402 2668 1447; x_wconf 87' lang='lat' dir='ltr'><strong>natura</strong></span> <span class='ocrx_word' id='word_1_209' title='bbox 2721 1411 2915 1451; x_wconf 68' lang='lat' dir='ltr'><strong>unum.</strong></span> <span class='ocrx_word' id='word_1_210' title='bbox 2959 1417 2978 1450; x_wconf 74' lang='grc' dir='ltr'><strong>ι</strong></span> <span class='ocrx_word' id='word_1_211' title='bbox 3010 1398 3067 1454; x_wconf 91' lang='lat' dir='ltr'><strong>Si</strong></span> <span class='ocrx_word' id='word_1_212' title='bbox 3104 1408 3285 1456; x_wconf 90' lang='lat' dir='ltr'><strong>autem</strong></span> <span class='ocrx_word' id='word_1_213' title='bbox 3323 1418 3435 1457; x_wconf 86' lang='lat' dir='ltr'><strong>non</strong></span> <span class='ocrx_word' id='word_1_214' title='bbox 3467 1410 3553 1459; x_wconf 87' lang='lat' dir='ltr'><strong>est</strong></span> 
     </span>
    </p>
   </div>
   <div class='ocr_carea' id='block_1_27' title="bbox 1972 1474 3550 1558">
    <p class='ocr_par' dir='ltr' id='par_1_27' title="bbox 1972 1474 3550 1558">
     <span class='ocr_line' id='line_1_27' title="bbox 1972 1474 3550 1558; baseline 0.015 -30"><span class='ocrx_word' id='word_1_215' title='bbox 1972 1474 2140 1541; x_wconf 92' lang='lat' dir='ltr'><strong>idem,</strong></span> <span class='ocrx_word' id='word_1_216' title='bbox 2194 1482 2496 1535; x_wconf 90' lang='lat' dir='ltr'><strong>secundum</strong></span> <span class='ocrx_word' id='word_1_217' title='bbox 2540 1484 2688 1540; x_wconf 87' lang='lat' dir='ltr'><strong>aliud</strong></span> <span class='ocrx_word' id='word_1_218' title='bbox 2741 1488 2966 1555; x_wconf 89' lang='lat' dir='ltr'><strong>quidem</strong></span> <span class='ocrx_word' id='word_1_219' title='bbox 3020 1490 3192 1558; x_wconf 89' lang='lat' dir='ltr'><strong>illud;</strong></span> <span class='ocrx_word' id='word_1_220' title='bbox 3244 1494 3550 1550; x_wconf 90' lang='lat' dir='ltr'><strong>secundum</strong></span> 
     </span>
    </p>
   </div>
   <div class='ocr_carea' id='block_1_28' title="bbox 1969 1568 3547 1650">
    <p class='ocr_par' dir='ltr' id='par_1_28' title="bbox 1969 1568 3547 1650">
     <span class='ocr_line' id='line_1_28' title="bbox 1969 1568 3547 1650; baseline 0.013 -31"><span class='ocrx_word' id='word_1_221' title='bbox 1969 1582 2101 1622; x_wconf 89' lang='lat' dir='ltr'><strong>vero</strong></span> <span class='ocrx_word' id='word_1_222' title='bbox 2155 1568 2303 1623; x_wconf 84' lang='lat' dir='ltr'><strong>aliud</strong></span> <span class='ocrx_word' id='word_1_223' title='bbox 2333 1571 2438 1626; x_wconf 88' lang='lat' dir='ltr'><strong>hoc</strong></span> <span class='ocrx_word' id='word_1_224' title='bbox 2473 1593 2485 1627; x_wconf 90' lang='lat'>:</span> <span class='ocrx_word' id='word_1_225' title='bbox 2519 1590 2688 1643; x_wconf 88' lang='lat' dir='ltr'><strong>quare</strong></span> <span class='ocrx_word' id='word_1_226' title='bbox 2740 1578 2847 1633; x_wconf 86' lang='lat' dir='ltr'><strong>erit</strong></span> <span class='ocrx_word' id='word_1_227' title='bbox 2898 1580 3042 1635; x_wconf 91' lang='lat' dir='ltr'><strong>idem</strong></span> <span class='ocrx_word' id='word_1_228' title='bbox 3095 1598 3286 1646; x_wconf 89' lang='lat' dir='ltr'><strong>unum,</strong></span> <span class='ocrx_word' id='word_1_229' title='bbox 3320 1594 3376 1640; x_wconf 82' lang='lat' dir='ltr'><strong>et</strong></span> <span class='ocrx_word' id='word_1_230' title='bbox 3402 1585 3547 1650; x_wconf 84' lang='lat' dir='ltr'><strong>duo;</strong></span> 
     </span>
    </p>
   </div>
   <div class='ocr_carea' id='block_1_29' title="bbox 1973 1661 3549 1746">
    <p class='ocr_par' dir='ltr' id='par_1_29' title="bbox 1973 1661 3549 1746">
     <span class='ocr_line' id='line_1_29' title="bbox 1973 1661 3549 1746; baseline 0.013 -35"><span class='ocrx_word' id='word_1_231' title='bbox 1973 1674 2143 1713; x_wconf 90' lang='lat' dir='ltr'><strong>unum</strong></span> <span class='ocrx_word' id='word_1_232' title='bbox 2179 1661 2402 1729; x_wconf 88' lang='lat' dir='ltr'><strong>quidem</strong></span> <span class='ocrx_word' id='word_1_233' title='bbox 2444 1666 2683 1733; x_wconf 87' lang='lat' dir='ltr'><strong>unione;</strong></span> <span class='ocrx_word' id='word_1_234' title='bbox 2722 1669 2832 1724; x_wconf 93' lang='lat' dir='ltr'><strong>duo</strong></span> <span class='ocrx_word' id='word_1_235' title='bbox 2861 1687 2993 1727; x_wconf 90' lang='lat' dir='ltr'><strong>vero</strong></span> <span class='ocrx_word' id='word_1_236' title='bbox 3024 1674 3239 1729; x_wconf 87' lang='lat' dir='ltr'><strong>naturis</strong></span> <span class='ocrx_word' id='word_1_237' title='bbox 3276 1693 3289 1727; x_wconf 91' lang='lat'><strong>:</strong></span> <span class='ocrx_word' id='word_1_238' title='bbox 3323 1677 3468 1746; x_wconf 92' lang='lat' dir='ltr'><strong>quod</strong></span> <span class='ocrx_word' id='word_1_239' title='bbox 3502 1678 3549 1732; x_wconf 89' lang='lat' dir='ltr'><strong>si</strong></span> 
     </span>
    </p>
   </div>
   <div class='ocr_carea' id='block_1_30' title="bbox 1970 1750 3550 1826">
    <p class='ocr_par' dir='ltr' id='par_1_30' title="bbox 1970 1750 3550 1826">
     <span class='ocr_line' id='line_1_30' title="bbox 1970 1750 3550 1826; baseline 0.016 -24"><span class='ocrx_word' id='word_1_240' title='bbox 1970 1766 2081 1804; x_wconf 92' lang='lat' dir='ltr'><strong>non</strong></span> <span class='ocrx_word' id='word_1_241' title='bbox 2130 1750 2257 1818; x_wconf 90' lang='lat' dir='ltr'><strong>hoc,</strong></span> <span class='ocrx_word' id='word_1_242' title='bbox 2288 1756 2395 1810; x_wconf 91' lang='lat' dir='ltr'><strong>erit</strong></span> <span class='ocrx_word' id='word_1_243' title='bbox 2420 1757 2571 1813; x_wconf 86' lang='lat' dir='ltr'><strong>idem</strong></span> <span class='ocrx_word' id='word_1_244' title='bbox 2611 1764 2916 1818; x_wconf 89' lang='lat' dir='ltr'><strong>secundum</strong></span> <span class='ocrx_word' id='word_1_245' title='bbox 2957 1766 3102 1821; x_wconf 89' lang='lat' dir='ltr'><strong>idem</strong></span> <span class='ocrx_word' id='word_1_246' title='bbox 3129 1777 3185 1822; x_wconf 91' lang='lat' dir='ltr'><strong>et</strong></span> <span class='ocrx_word' id='word_1_247' title='bbox 3212 1770 3381 1824; x_wconf 81' lang='lat' dir='ltr'><strong>unius</strong></span> <span class='ocrx_word' id='word_1_248' title='bbox 3414 1773 3550 1826; x_wconf 92' lang='lat' dir='ltr'><strong>sub-</strong></span> 
     </span>
    </p>
   </div>
   <div class='ocr_carea' id='block_1_31' title="bbox 1969 1844 3549 1934">
    <p class='ocr_par' dir='ltr' id='par_1_31' title="bbox 1969 1844 3549 1934">
     <span class='ocr_line' id='line_1_31' title="bbox 1969 1844 3549 1934; baseline 0.017 -40"><span class='ocrx_word' id='word_1_249' title='bbox 1969 1844 2210 1909; x_wconf 81' lang='lat' dir='ltr'><strong>stantiae,</strong></span> <span class='ocrx_word' id='word_1_250' title='bbox 2232 1854 2287 1901; x_wconf 91' lang='lat' dir='ltr'><strong>et</strong></span> <span class='ocrx_word' id='word_1_251' title='bbox 2307 1847 2537 1906; x_wconf 80' lang='lat' dir='ltr'><strong>diversa:</strong></span> <span class='ocrx_word' id='word_1_252' title='bbox 2559 1854 2908 1922; x_wconf 85' lang='lat' dir='ltr'><strong>substantiae;</strong></span> <span class='ocrx_word' id='word_1_253' title='bbox 2931 1875 3040 1927; x_wconf 92' lang='lat' dir='ltr'><strong>quo</strong></span> <span class='ocrx_word' id='word_1_254' title='bbox 3057 1861 3189 1930; x_wconf 91' lang='lat' dir='ltr'><strong>quid</strong></span> <span class='ocrx_word' id='word_1_255' title='bbox 3216 1878 3339 1919; x_wconf 88' lang='lat' dir='ltr'><strong>esse</strong></span> <span class='ocrx_word' id='word_1_256' title='bbox 3370 1873 3549 1934; x_wconf 84' lang='lat' dir='ltr'><strong>potest</strong></span> 
     </span>
    </p>
   </div>
   <div class='ocr_carea' id='block_1_32' title="bbox 291 1934 1863 2034">
    <p class='ocr_par' dir='ltr' id='par_1_32' title="bbox 291 1934 1863 2034">
     <span class='ocr_line' id='line_1_32' title="bbox 291 1934 1863 2034; baseline 0.006 -24"><span class='ocrx_word' id='word_1_257' title='bbox 291 1934 388 2028; x_wconf 81' lang='grc' dir='ltr'><strong>μία</strong></span> <span class='ocrx_word' id='word_1_258' title='bbox 411 1934 571 2027; x_wconf 79' lang='grc' dir='ltr'>φύσις</span> <span class='ocrx_word' id='word_1_259' title='bbox 599 1934 889 2028; x_wconf 77' lang='grc' dir='ltr'>λεγομένη,</span> <span class='ocrx_word' id='word_1_260' title='bbox 912 1961 1006 2013; x_wconf 72' lang='grc' dir='ltr'>καὶ</span> <span class='ocrx_word' id='word_1_261' title='bbox 1036 1960 1134 2030; x_wconf 85' lang='grc' dir='ltr'>τὴν</span> <span class='ocrx_word' id='word_1_262' title='bbox 1165 1934 1430 2032; x_wconf 62' lang='grc' dir='ltr'>διαίρεσιν</span> <span class='ocrx_word' id='word_1_263' title='bbox 1451 1934 1556 2017; x_wconf 19' lang='grc' dir='ltr'>γούκ</span> <span class='ocrx_word' id='word_1_264' title='bbox 1584 1934 1863 2034; x_wconf 57' lang='grc' dir='ltr'>ὲξέφύγεν,</span> 
     </span>
    </p>
   </div>
   <div class='ocr_carea' id='block_1_33' title="bbox 1963 1934 3546 2034">
    <p class='ocr_par' dir='ltr' id='par_1_33' title="bbox 1971 1934 3546 2022">
     <span class='ocr_line' id='line_1_33' title="bbox 1971 1934 3546 2022; baseline 0.016 -37"><span class='ocrx_word' id='word_1_265' title='bbox 1971 1934 2146 2003; x_wconf 84' lang='lat' dir='ltr'><strong>magis</strong></span> <span class='ocrx_word' id='word_1_266' title='bbox 2186 1936 2524 1993; x_wconf 84' lang='lat' dir='ltr'><strong>absurdum?</strong></span> <span class='ocrx_word' id='word_1_267' title='bbox 2558 1942 2648 1998; x_wconf 90' lang='lat' dir='ltr'><strong>Sic</strong></span> <span class='ocrx_word' id='word_1_268' title='bbox 2686 1946 2843 2000; x_wconf 80' lang='lat' dir='ltr'><strong>vobis</strong></span> <span class='ocrx_word' id='word_1_269' title='bbox 2870 1964 2980 2001; x_wconf 81' lang='lat' dir='ltr'><strong>una</strong></span> <span class='ocrx_word' id='word_1_270' title='bbox 3007 1958 3226 2018; x_wconf 80' lang='lat' dir='ltr'><strong>natura,</strong></span> <span class='ocrx_word' id='word_1_271' title='bbox 3258 1969 3422 2022; x_wconf 86' lang='lat' dir='ltr'><strong>quam</strong></span> <span class='ocrx_word' id='word_1_272' title='bbox 3460 1956 3546 2009; x_wconf 90' lang='lat' dir='ltr'><strong>di-</strong></span> 
     </span>
    </p>
   </div>
   <div class='ocr_carea' id='block_1_34' title="bbox 288 2049 1865 2129">
    <p class='ocr_par' dir='ltr' id='par_1_34' title="bbox 288 2049 1865 2129">
     <span class='ocr_line' id='line_1_34' title="bbox 288 2049 1865 2129; baseline 0.007 -28"><span class='ocrx_word' id='word_1_273' title='bbox 288 2051 353 2122; x_wconf 79' lang='grc' dir='ltr'>ἢν</span> <span class='ocrx_word' id='word_1_274' title='bbox 372 2050 486 2120; x_wconf 74' lang='grc' dir='ltr'>ἔχει</span> <span class='ocrx_word' id='word_1_275' title='bbox 508 2052 540 2121; x_wconf 81' lang='grc' dir='ltr'><strong>ή</strong></span> <span class='ocrx_word' id='word_1_276' title='bbox 573 2050 736 2119; x_wconf 82' lang='grc' dir='ltr'>φύσις</span> <span class='ocrx_word' id='word_1_277' title='bbox 757 2052 813 2103; x_wconf 80' lang='grc' dir='ltr'>ἐν</span> <span class='ocrx_word' id='word_1_278' title='bbox 843 2049 921 2121; x_wconf 82' lang='grc' dir='ltr'><strong>τῷ</strong></span> <span class='ocrx_word' id='word_1_279' title='bbox 943 2051 1136 2122; x_wconf 72' lang='grc' dir='ltr'>πλήθει</span> <span class='ocrx_word' id='word_1_280' title='bbox 1160 2052 1269 2106; x_wconf 84' lang='grc' dir='ltr'>τῶν</span> <span class='ocrx_word' id='word_1_281' title='bbox 1303 2056 1703 2111; x_wconf 80' lang='grc' dir='ltr'>κοινωνούντων</span> <span class='ocrx_word' id='word_1_282' title='bbox 1726 2058 1865 2129; x_wconf 81' lang='grc' dir='ltr'>αὐτῇ</span> 
     </span>
    </p>
   </div>
   <div class='ocr_carea' id='block_1_35' title="bbox 288 2141 1866 2218">
    <p class='ocr_par' dir='ltr' id='par_1_35' title="bbox 288 2141 1866 2218">
     <span class='ocr_line' id='line_1_35' title="bbox 288 2141 1866 2218; baseline 0.006 -24"><span class='ocrx_word' id='word_1_283' title='bbox 288 2141 598 2211; x_wconf 75' lang='grc' dir='ltr'>προσώπων</span> <span class='ocrx_word' id='word_1_284' title='bbox 618 2142 759 2212; x_wconf 78' lang='grc'>(25),</span> <span class='ocrx_word' id='word_1_285' title='bbox 796 2143 888 2195; x_wconf 76' lang='grc' dir='ltr'>καὶ</span> <span class='ocrx_word' id='word_1_286' title='bbox 913 2143 1013 2212; x_wconf 79' lang='grc' dir='ltr'>τὴν</span> <span class='ocrx_word' id='word_1_287' title='bbox 1045 2143 1309 2214; x_wconf 86' lang='grc' dir='ltr'>σύγχυσιν</span> <span class='ocrx_word' id='word_1_288' title='bbox 1342 2148 1758 2218; x_wconf 83' lang='grc' dir='ltr'>παρεισήγαγεν</span> <span class='ocrx_word' id='word_1_289' title='bbox 1807 2151 1866 2203; x_wconf 82' lang='grc' dir='ltr'>ὲν</span> 
     </span>
    </p>
   </div>
   <div class='ocr_carea' id='block_1_36' title="bbox 288 2234 1866 2313">
    <p class='ocr_par' dir='ltr' id='par_1_36' title="bbox 288 2234 1866 2313">
     <span class='ocr_line' id='line_1_36' title="bbox 288 2234 1866 2313; baseline 0.006 -27"><span class='ocrx_word' id='word_1_290' title='bbox 288 2234 366 2304; x_wconf 83' lang='grc' dir='ltr'>τῷ</span> <span class='ocrx_word' id='word_1_291' title='bbox 407 2234 588 2304; x_wconf 79' lang='grc' dir='ltr'>ταυτῷ</span> <span class='ocrx_word' id='word_1_292' title='bbox 636 2235 736 2304; x_wconf 84' lang='grc' dir='ltr'>τῆς</span> <span class='ocrx_word' id='word_1_293' title='bbox 767 2234 1032 2288; x_wconf 84' lang='grc' dir='ltr'>συνθέτου</span> <span class='ocrx_word' id='word_1_294' title='bbox 1066 2236 1328 2311; x_wconf 77' lang='grc' dir='ltr'>φύσεως,</span> <span class='ocrx_word' id='word_1_295' title='bbox 1365 2238 1425 2291; x_wconf 85' lang='grc' dir='ltr'>τὸ</span> <span class='ocrx_word' id='word_1_296' title='bbox 1448 2240 1559 2293; x_wconf 83' lang='grc' dir='ltr'>οὐδ’</span> <span class='ocrx_word' id='word_1_297' title='bbox 1603 2242 1866 2313; x_wconf 86' lang='grc' dir='ltr'>ὁπότερον</span> 
     </span>
    </p>
   </div>
   <div class='ocr_carea' id='block_1_37' title="bbox 287 2327 1865 2405">
    <p class='ocr_par' dir='ltr' id='par_1_37' title="bbox 287 2327 1865 2405">
     <span class='ocr_line' id='line_1_37' title="bbox 287 2327 1865 2405; baseline 0.007 -27"><span class='ocrx_word' id='word_1_298' title='bbox 287 2327 395 2380; x_wconf 82' lang='grc' dir='ltr'>τῶν</span> <span class='ocrx_word' id='word_1_299' title='bbox 423 2327 718 2398; x_wconf 83' lang='grc' dir='ltr'>ήνωμένων</span> <span class='ocrx_word' id='word_1_300' title='bbox 742 2330 881 2399; x_wconf 84' lang='grc' dir='ltr'><strong>μετά</strong></span> <span class='ocrx_word' id='word_1_301' title='bbox 908 2332 1008 2400; x_wconf 82' lang='grc' dir='ltr'>τὴν</span> <span class='ocrx_word' id='word_1_302' title='bbox 1038 2332 1235 2384; x_wconf 74' lang='grc' dir='ltr'>ἕνωσιν</span> <span class='ocrx_word' id='word_1_303' title='bbox 1261 2335 1666 2404; x_wconf 82' lang='grc' dir='ltr'>παραστήσασα</span> <span class='ocrx_word' id='word_1_304' title='bbox 1688 2351 1703 2366; x_wconf 94' lang='grc'><strong>·</strong></span> <span class='ocrx_word' id='word_1_305' title='bbox 1731 2336 1865 2405; x_wconf 79' lang='grc' dir='ltr'>ἡμῖν</span> 
     </span>
    </p>
   </div>
   <div class='ocr_carea' id='block_1_38' title="bbox 286 2421 1865 2494">
    <p class='ocr_par' dir='ltr' id='par_1_38' title="bbox 286 2421 1865 2494">
     <span class='ocr_line' id='line_1_38' title="bbox 286 2421 1865 2494; baseline 0.004 -21"><span class='ocrx_word' id='word_1_306' title='bbox 286 2421 341 2474; x_wconf 82' lang='grc' dir='ltr'>δὲ</span> <span class='ocrx_word' id='word_1_307' title='bbox 360 2422 618 2492; x_wconf 80' lang='grc' dir='ltr'>ἑκάτερα,</span> <span class='ocrx_word' id='word_1_308' title='bbox 654 2422 749 2476; x_wconf 81' lang='grc' dir='ltr'><strong>σὺν</strong></span> <span class='ocrx_word' id='word_1_309' title='bbox 775 2422 895 2493; x_wconf 84' lang='grc' dir='ltr'><strong>Θεῷ</strong></span> <span class='ocrx_word' id='word_1_310' title='bbox 924 2425 1115 2491; x_wconf 74' lang='grc' dir='ltr'>φάναι,</span> <span class='ocrx_word' id='word_1_311' title='bbox 1140 2424 1326 2488; x_wconf 83' lang='grc' dir='ltr'>καλῶς</span> <span class='ocrx_word' id='word_1_312' title='bbox 1360 2424 1728 2494; x_wconf 76' lang='grc' dir='ltr'>πεφύλακται,</span> <span class='ocrx_word' id='word_1_313' title='bbox 1764 2427 1865 2482; x_wconf 78' lang='grc' dir='ltr'>καὶ</span> 
     </span>
    </p>
   </div>
   <div class='ocr_carea' id='block_1_39' title="bbox 285 2512 1866 2590">
    <p class='ocr_par' dir='ltr' id='par_1_39' title="bbox 285 2512 1866 2590">
     <span class='ocr_line' id='line_1_39' title="bbox 285 2512 1866 2590; baseline 0.006 -26"><span class='ocrx_word' id='word_1_314' title='bbox 285 2512 348 2564; x_wconf 74' lang='grc' dir='ltr'>τὸ</span> <span class='ocrx_word' id='word_1_315' title='bbox 375 2512 636 2583; x_wconf 84' lang='grc' dir='ltr'>διάφορον</span> <span class='ocrx_word' id='word_1_316' title='bbox 666 2512 776 2566; x_wconf 84' lang='grc' dir='ltr'><strong>τῶν</strong></span> <span class='ocrx_word' id='word_1_317' title='bbox 803 2514 1122 2585; x_wconf 83' lang='grc' dir='ltr'>ἡνωμένων,</span> <span class='ocrx_word' id='word_1_318' title='bbox 1155 2516 1257 2570; x_wconf 82' lang='grc' dir='ltr'>κάν</span> <span class='ocrx_word' id='word_1_319' title='bbox 1282 2519 1348 2588; x_wconf 79' lang='grc' dir='ltr'>τῇ</span> <span class='ocrx_word' id='word_1_320' title='bbox 1368 2517 1572 2572; x_wconf 37' lang='grc' dir='ltr'>γὲνώσει</span> <span class='ocrx_word' id='word_1_321' title='bbox 1596 2518 1674 2590; x_wconf 80' lang='grc' dir='ltr'>τῷ</span> <span class='ocrx_word' id='word_1_322' title='bbox 1702 2519 1866 2590; x_wconf 83' lang='grc' dir='ltr'>διττῷ</span> 
     </span>
    </p>
   </div>
   <div class='ocr_carea' id='block_1_40' title="bbox 284 2604 1865 2676">
    <p class='ocr_par' dir='ltr' id='par_1_40' title="bbox 284 2604 1865 2676">
     <span class='ocr_line' id='line_1_40' title="bbox 284 2604 1865 2676; baseline 0.005 -19"><span class='ocrx_word' id='word_1_323' title='bbox 284 2605 386 2674; x_wconf 79' lang='grc' dir='ltr'>τῆς</span> <span class='ocrx_word' id='word_1_324' title='bbox 434 2604 649 2675; x_wconf 88' lang='grc' dir='ltr'>φύσεως</span> <span class='ocrx_word' id='word_1_325' title='bbox 704 2606 1213 2676; x_wconf 85' lang='grc' dir='ltr'>καταγγελλόμενον</span> <span class='ocrx_word' id='word_1_326' title='bbox 1239 2646 1254 2673; x_wconf 88' lang='grc'><strong>,</strong></span> <span class='ocrx_word' id='word_1_327' title='bbox 1280 2609 1376 2663; x_wconf 84' lang='grc' dir='ltr'>καὶ</span> <span class='ocrx_word' id='word_1_328' title='bbox 1426 2610 1489 2664; x_wconf 84' lang='grc' dir='ltr'>τὸ</span> <span class='ocrx_word' id='word_1_329' title='bbox 1537 2611 1734 2665; x_wconf 81' lang='grc' dir='ltr'>ταυτὸν</span> <span class='ocrx_word' id='word_1_330' title='bbox 1771 2612 1865 2665; x_wconf 86' lang='grc' dir='ltr'><strong>τοῦ</strong></span> 
     </span>
    </p>
   </div>
   <div class='ocr_carea' id='block_1_41' title="bbox 289 2694 1867 2773">
    <p class='ocr_par' dir='ltr' id='par_1_41' title="bbox 289 2694 1867 2773">
     <span class='ocr_line' id='line_1_41' title="bbox 289 2694 1867 2773; baseline 0.006 -26"><span class='ocrx_word' id='word_1_331' title='bbox 289 2694 622 2764; x_wconf 84' lang='grc' dir='ltr'>προσώπου,</span> <span class='ocrx_word' id='word_1_332' title='bbox 651 2695 742 2749; x_wconf 85' lang='grc' dir='ltr'>διὰ</span> <span class='ocrx_word' id='word_1_333' title='bbox 768 2696 867 2766; x_wconf 78' lang='grc' dir='ltr'>τῆς</span> <span class='ocrx_word' id='word_1_334' title='bbox 896 2713 1007 2749; x_wconf 84' lang='grc' dir='ltr'><strong>των</strong></span> <span class='ocrx_word' id='word_1_335' title='bbox 1032 2700 1334 2768; x_wconf 79' lang='grc' dir='ltr'>ήνωμὲνων</span> <span class='ocrx_word' id='word_1_336' title='bbox 1368 2696 1700 2769; x_wconf 81' lang='grc' dir='ltr'>φύσεωνέίς</span> <span class='ocrx_word' id='word_1_337' title='bbox 1736 2703 1867 2773; x_wconf 86' lang='grc' dir='ltr'>μίαν</span> 
     </span>
    </p>
   </div>
   <div class='ocr_carea' id='block_1_42' title="bbox 288 2786 1553 2862">
    <p class='ocr_par' dir='ltr' id='par_1_42' title="bbox 288 2786 1553 2862">
     <span class='ocr_line' id='line_1_42' title="bbox 288 2786 1553 2862; baseline 0.007 -23"><span class='ocrx_word' id='word_1_338' title='bbox 288 2786 585 2841; x_wconf 76' lang='grc' dir='ltr'>ὑπόστασιν</span> <span class='ocrx_word' id='word_1_339' title='bbox 610 2787 923 2858; x_wconf 80' lang='grc' dir='ltr'>συνδρομῆς</span> <span class='ocrx_word' id='word_1_340' title='bbox 952 2789 1553 2862; x_wconf 85' lang='grc' dir='ltr'>ἀνακεφαλαιούμενον.</span> 
     </span>
    </p>
   </div>
   <div class='ocr_carea' id='block_1_43' title="bbox 360 2965 1866 3045">
    <p class='ocr_par' dir='ltr' id='par_1_43' title="bbox 360 2965 1866 3045">
     <span class='ocr_line' id='line_1_43' title="bbox 360 2965 1866 3045; baseline 0.008 -26"><span class='ocrx_word' id='word_1_341' title='bbox 360 2988 381 3019; x_wconf 71' lang='grc' dir='ltr'><strong>ι</strong></span> <span class='ocrx_word' id='word_1_342' title='bbox 420 2965 616 3030; x_wconf 81' lang='grc' dir='ltr'>Καθὼς</span> <span class='ocrx_word' id='word_1_343' title='bbox 646 2983 728 3019; x_wconf 87' lang='grc' dir='ltr'><strong>σοι</strong></span> <span class='ocrx_word' id='word_1_344' title='bbox 756 2965 902 3031; x_wconf 74' lang='grc' dir='ltr'>εδοξε</span> <span class='ocrx_word' id='word_1_345' title='bbox 932 2968 1315 3037; x_wconf 79' lang='grc' dir='ltr'>προδιεστείλω</span> <span class='ocrx_word' id='word_1_346' title='bbox 1341 2972 1435 3025; x_wconf 70' lang='grc' dir='ltr'><strong>ἐπὶ</strong></span> <span class='ocrx_word' id='word_1_347' title='bbox 1459 2972 1554 3026; x_wconf 87' lang='grc' dir='ltr'><strong>τοῦ</strong></span> <span class='ocrx_word' id='word_1_348' title='bbox 1581 2974 1707 3045; x_wconf 74' lang='grc' dir='ltr'>καθ’</span> <span class='ocrx_word' id='word_1_349' title='bbox 1734 2976 1866 3031; x_wconf 71' lang='grc' dir='ltr'>ἐκα-</span> 
     </span>
    </p>
   </div>
   <div class='ocr_carea' id='block_1_44' title="bbox 288 3058 1865 3135">
    <p class='ocr_par' dir='ltr' id='par_1_44' title="bbox 288 3058 1865 3135">
     <span class='ocr_line' id='line_1_44' title="bbox 288 3058 1865 3135; baseline 0.006 -23"><span class='ocrx_word' id='word_1_350' title='bbox 288 3076 413 3112; x_wconf 86' lang='grc' dir='ltr'>στον</span> <span class='ocrx_word' id='word_1_351' title='bbox 440 3058 754 3128; x_wconf 85' lang='grc' dir='ltr'>ἀνθρώπου,</span> <span class='ocrx_word' id='word_1_352' title='bbox 777 3058 871 3113; x_wconf 88' lang='grc' dir='ltr'><strong>δύο</strong></span> <span class='ocrx_word' id='word_1_353' title='bbox 902 3059 1159 3127; x_wconf 82' lang='grc' dir='ltr'>λέγεσθαι</span> <span class='ocrx_word' id='word_1_354' title='bbox 1185 3062 1379 3131; x_wconf 85' lang='grc' dir='ltr'>φύσεις</span> <span class='ocrx_word' id='word_1_355' title='bbox 1402 3065 1495 3118; x_wconf 79' lang='grc' dir='ltr'>καὶ</span> <span class='ocrx_word' id='word_1_356' title='bbox 1520 3066 1651 3135; x_wconf 89' lang='grc' dir='ltr'>μίαν</span> <span class='ocrx_word' id='word_1_357' title='bbox 1672 3084 1685 3099; x_wconf 80' lang='grc'><em>³</em></span> <span class='ocrx_word' id='word_1_358' title='bbox 1717 3068 1778 3134; x_wconf 76' lang='grc' dir='ltr'>ἐξ</span> <span class='ocrx_word' id='word_1_359' title='bbox 1805 3063 1865 3123; x_wconf 75' lang='grc' dir='ltr'><strong>οῦ</strong></span> 
     </span>
    </p>
   </div>
   <div class='ocr_carea' id='block_1_45' title="bbox 285 3151 1866 3230">
    <p class='ocr_par' dir='ltr' id='par_1_45' title="bbox 285 3151 1866 3230">
     <span class='ocr_line' id='line_1_45' title="bbox 285 3151 1866 3230; baseline 0.008 -26"><span class='ocrx_word' id='word_1_360' title='bbox 285 3152 337 3205; x_wconf 82' lang='grc' dir='ltr'><strong>τί</strong></span> <span class='ocrx_word' id='word_1_361' title='bbox 360 3153 681 3218; x_wconf 83' lang='grc' dir='ltr'>ἀκολουθεί;</span> <span class='ocrx_word' id='word_1_362' title='bbox 714 3151 787 3205; x_wconf 85' lang='grc' dir='ltr'><strong>Τὸ</strong></span> <span class='ocrx_word' id='word_1_363' title='bbox 819 3151 910 3204; x_wconf 75' lang='grc' dir='ltr'><strong>ἐπὶ</strong></span> <span class='ocrx_word' id='word_1_364' title='bbox 943 3152 1183 3223; x_wconf 80' lang='grc' dir='ltr'>Χριστοῦ</span> <span class='ocrx_word' id='word_1_365' title='bbox 1223 3154 1297 3226; x_wconf 85' lang='grc' dir='ltr'>μὴ</span> <span class='ocrx_word' id='word_1_366' title='bbox 1326 3156 1420 3209; x_wconf 89' lang='grc' dir='ltr'><strong>δύο</strong></span> <span class='ocrx_word' id='word_1_367' title='bbox 1470 3158 1635 3228; x_wconf 86' lang='grc' dir='ltr'>μόνον</span> <span class='ocrx_word' id='word_1_368' title='bbox 1675 3160 1866 3230; x_wconf 85' lang='grc' dir='ltr'>φύσεις</span> 
     </span>
    </p>
   </div>
   <div class='ocr_carea' id='block_1_46' title="bbox 284 3246 1930 3341">
    <p class='ocr_par' dir='ltr' id='par_1_46' title="bbox 284 3246 1930 3341">
     <span class='ocr_line' id='line_1_46' title="bbox 284 3246 1930 3341; baseline 0.007 -41"><span class='ocrx_word' id='word_1_369' title='bbox 284 3248 606 3318; x_wconf 71' lang='grc' dir='ltr'>ὁμολογεῖν,</span> <span class='ocrx_word' id='word_1_370' title='bbox 641 3246 781 3301; x_wconf 87' lang='grc' dir='ltr'><strong>ἀλλά</strong></span> <span class='ocrx_word' id='word_1_371' title='bbox 828 3248 923 3301; x_wconf 80' lang='grc' dir='ltr'>καὶ</span> <span class='ocrx_word' id='word_1_372' title='bbox 950 3251 1119 3319; x_wconf 77' lang='grc' dir='ltr'>τρεῖς.</span> <span class='ocrx_word' id='word_1_373' title='bbox 1181 3250 1304 3313; x_wconf 85' lang='grc' dir='ltr'><strong>Πῶς</strong></span> <span class='ocrx_word' id='word_1_374' title='bbox 1349 3253 1528 3309; x_wconf 87' lang='grc' dir='ltr'>τοίνυν</span> <span class='ocrx_word' id='word_1_375' title='bbox 1570 3255 1630 3308; x_wconf 87' lang='grc' dir='ltr'>τὸ</span> <span class='ocrx_word' id='word_1_376' title='bbox 1673 3256 1863 3328; x_wconf 72' lang='grc' dir='ltr'>ἕτερον</span> <span class='ocrx_word' id='word_1_377' title='bbox 1888 3288 1930 3341; x_wconf 76' lang='lat' dir='ltr'><strong>C</strong></span> 
     </span>
    </p>
   </div>
   <div class='ocr_carea' id='block_1_47' title="bbox 284 3338 1860 3421">
    <p class='ocr_par' dir='ltr' id='par_1_47' title="bbox 284 3338 1860 3421">
     <span class='ocr_line' id='line_1_47' title="bbox 284 3338 1860 3421; baseline 0.005 -28"><span class='ocrx_word' id='word_1_378' title='bbox 284 3339 717 3410; x_wconf 79' lang='grc' dir='ltr'>ὁμολογοῦντες,</span> <span class='ocrx_word' id='word_1_379' title='bbox 786 3338 1014 3412; x_wconf 87' lang='grc' dir='ltr'>θάτερον</span> <span class='ocrx_word' id='word_1_380' title='bbox 1075 3341 1480 3410; x_wconf 87' lang='grc' dir='ltr'>ἀπαναίνεσθε;</span> <span class='ocrx_word' id='word_1_381' title='bbox 1564 3347 1766 3419; x_wconf 88' lang='grc' dir='ltr'>καίπερ</span> <span class='ocrx_word' id='word_1_382' title='bbox 1825 3352 1860 3421; x_wconf 80' lang='grc' dir='ltr'>ἡ</span> 
     </span>
    </p>
   </div>
   <div class='ocr_carea' id='block_1_48' title="bbox 285 3432 1859 3512">
    <p class='ocr_par' dir='ltr' id='par_1_48' title="bbox 285 3432 1859 3512">
     <span class='ocr_line' id='line_1_48' title="bbox 285 3432 1859 3512; baseline 0.004 -26"><span class='ocrx_word' id='word_1_383' title='bbox 285 3434 501 3501; x_wconf 82' lang='grc' dir='ltr'>ἀνάγκη</span> <span class='ocrx_word' id='word_1_384' title='bbox 532 3432 626 3486; x_wconf 85' lang='grc' dir='ltr'><strong>τοῦ</strong></span> <span class='ocrx_word' id='word_1_385' title='bbox 658 3433 839 3502; x_wconf 79' lang='grc' dir='ltr'>λόγου,</span> <span class='ocrx_word' id='word_1_386' title='bbox 871 3432 1031 3486; x_wconf 88' lang='grc' dir='ltr'>τοῦτό</span> <span class='ocrx_word' id='word_1_387' title='bbox 1057 3451 1115 3488; x_wconf 90' lang='grc' dir='ltr'><strong>σε</strong></span> <span class='ocrx_word' id='word_1_388' title='bbox 1145 3434 1327 3503; x_wconf 82' lang='grc' dir='ltr'>λέγειν</span> <span class='ocrx_word' id='word_1_389' title='bbox 1363 3438 1456 3491; x_wconf 76' lang='grc' dir='ltr'>καὶ</span> <span class='ocrx_word' id='word_1_390' title='bbox 1485 3438 1560 3509; x_wconf 85' lang='grc' dir='ltr'>μὴ</span> <span class='ocrx_word' id='word_1_391' title='bbox 1596 3439 1859 3512; x_wconf 87' lang='grc' dir='ltr'>βουλόμε-</span> 
     </span>
    </p>
   </div>
   <div class='ocr_carea' id='block_1_49' title="bbox 284 3521 1860 3601">
    <p class='ocr_par' dir='ltr' id='par_1_49' title="bbox 284 3521 1860 3601">
     <span class='ocr_line' id='line_1_49' title="bbox 284 3521 1860 3601; baseline 0.007 -25"><span class='ocrx_word' id='word_1_392' title='bbox 284 3541 374 3577; x_wconf 84' lang='grc' dir='ltr'><strong>νον</strong></span> <span class='ocrx_word' id='word_1_393' title='bbox 414 3524 759 3589; x_wconf 78' lang='grc' dir='ltr'>ὲξεὸιάσατο.</span> <span class='ocrx_word' id='word_1_394' title='bbox 799 3545 818 3578; x_wconf 73' lang='grc' dir='ltr'><strong>ι</strong></span> <span class='ocrx_word' id='word_1_395' title='bbox 850 3525 916 3578; x_wconf 86' lang='grc' dir='ltr'>Τί</span> <span class='ocrx_word' id='word_1_396' title='bbox 944 3521 1038 3579; x_wconf 75' lang='grc' dir='ltr'><strong>οὖν</strong></span> <span class='ocrx_word' id='word_1_397' title='bbox 1068 3528 1233 3596; x_wconf 81' lang='grc' dir='ltr'>ἡμεῖς</span> <span class='ocrx_word' id='word_1_398' title='bbox 1279 3529 1416 3598; x_wconf 78' lang='grc' dir='ltr'>πρὸς</span> <span class='ocrx_word' id='word_1_399' title='bbox 1448 3529 1663 3598; x_wconf 70' lang='grc' dir='ltr'>ταῦτα,</span> <span class='ocrx_word' id='word_1_400' title='bbox 1702 3533 1766 3585; x_wconf 84' lang='grc' dir='ltr'>Τί</span> <span class='ocrx_word' id='word_1_401' title='bbox 1796 3550 1860 3601; x_wconf 87' lang='grc' dir='ltr'><strong>γε</strong></span> 
     </span>
    </p>
   </div>
   <div class='ocr_carea' id='block_1_50' title="bbox 283 3618 1861 3694">
    <p class='ocr_par' dir='ltr' id='par_1_50' title="bbox 283 3618 1861 3694">
     <span class='ocr_line' id='line_1_50' title="bbox 283 3618 1861 3694; baseline 0.004 -22"><span class='ocrx_word' id='word_1_402' title='bbox 283 3620 491 3691; x_wconf 79' lang='grc' dir='ltr'>ἓτερον.</span> <span class='ocrx_word' id='word_1_403' title='bbox 533 3619 565 3688; x_wconf 82' lang='grc' dir='ltr'><strong>ἦ</strong></span> <span class='ocrx_word' id='word_1_404' title='bbox 591 3620 728 3688; x_wconf 83' lang='grc' dir='ltr'>ὅπερ</span> <span class='ocrx_word' id='word_1_405' title='bbox 756 3620 848 3670; x_wconf 74' lang='grc' dir='ltr'>καὶ</span> <span class='ocrx_word' id='word_1_406' title='bbox 881 3618 1117 3687; x_wconf 75' lang='grc' dir='ltr'>ἁρμόζον</span> <span class='ocrx_word' id='word_1_407' title='bbox 1152 3619 1306 3673; x_wconf 70' lang='grc' dir='ltr'>ἐστὶν</span> <span class='ocrx_word' id='word_1_408' title='bbox 1330 3621 1533 3687; x_wconf 79' lang='grc' dir='ltr'>αὐτοῖς,</span> <span class='ocrx_word' id='word_1_409' title='bbox 1564 3625 1647 3677; x_wconf 85' lang='grc' dir='ltr'>ὄτι</span> <span class='ocrx_word' id='word_1_410' title='bbox 1673 3626 1861 3694; x_wconf 78' lang='grc' dir='ltr'>Σοφία</span> 
     </span>
    </p>
   </div>
   <div class='ocr_carea' id='block_1_51' title="bbox 280 3706 1859 3779">
    <p class='ocr_par' dir='ltr' id='par_1_51' title="bbox 280 3706 1859 3779">
     <span class='ocr_line' id='line_1_51' title="bbox 280 3706 1859 3779; baseline -0.003 -19"><span class='ocrx_word' id='word_1_411' title='bbox 280 3706 483 3778; x_wconf 81' lang='grc' dir='ltr'>μωροῦ</span> <span class='ocrx_word' id='word_1_412' title='bbox 508 3707 699 3769; x_wconf 77' lang='grc' dir='ltr'>ἐστιν,</span> <span class='ocrx_word' id='word_1_413' title='bbox 726 3706 870 3759; x_wconf 85' lang='grc' dir='ltr'><strong>κατά</strong></span> <span class='ocrx_word' id='word_1_414' title='bbox 899 3706 998 3778; x_wconf 82' lang='grc' dir='ltr'>τὴν</span> <span class='ocrx_word' id='word_1_415' title='bbox 1025 3707 1274 3779; x_wconf 85' lang='grc' dir='ltr'>Γραφὴν,</span> <span class='ocrx_word' id='word_1_416' title='bbox 1302 3708 1726 3775; x_wconf 77' lang='grc' dir='ltr'>ἀδιεξέταστοι</span> <span class='ocrx_word' id='word_1_417' title='bbox 1754 3718 1859 3769; x_wconf 71' lang='grc' dir='ltr'><strong>λδ-</strong></span> 
     </span>
    </p>
   </div>
   <div class='ocr_carea' id='block_1_52' title="bbox 284 3798 1860 3874">
    <p class='ocr_par' dir='ltr' id='par_1_52' title="bbox 284 3798 1860 3874">
     <span class='ocr_line' id='line_1_52' title="bbox 284 3798 1860 3874; baseline 0.005 -21"><span class='ocrx_word' id='word_1_418' title='bbox 284 3817 414 3870; x_wconf 70' lang='grc' dir='ltr'>τοις</span> <span class='ocrx_word' id='word_1_419' title='bbox 438 3799 575 3861; x_wconf 82' lang='grc' dir='ltr'>Τοὺς</span> <span class='ocrx_word' id='word_1_420' title='bbox 599 3800 706 3868; x_wconf 87' lang='grc' dir='ltr'>γὰρ</span> <span class='ocrx_word' id='word_1_421' title='bbox 726 3799 885 3862; x_wconf 82' lang='grc' dir='ltr'>ἰδίους</span> <span class='ocrx_word' id='word_1_422' title='bbox 907 3798 1095 3868; x_wconf 80' lang='grc' dir='ltr'>ὥσπερ</span> <span class='ocrx_word' id='word_1_423' title='bbox 1118 3800 1179 3853; x_wconf 85' lang='grc' dir='ltr'>οὐ</span> <span class='ocrx_word' id='word_1_424' title='bbox 1202 3800 1635 3874; x_wconf 83' lang='grc' dir='ltr'>διαμασώμενοι,</span> <span class='ocrx_word' id='word_1_425' title='bbox 1660 3808 1754 3860; x_wconf 75' lang='grc' dir='ltr'>καὶ</span> <span class='ocrx_word' id='word_1_426' title='bbox 1774 3807 1860 3861; x_wconf 79' lang='grc' dir='ltr'><strong>διά</strong></span> 
     </span>
    </p>
   </div>
   <div class='ocr_carea' id='block_1_53' title="bbox 282 3886 1859 3963">
    <p class='ocr_par' dir='ltr' id='par_1_53' title="bbox 282 3886 1859 3963">
     <span class='ocr_line' id='line_1_53' title="bbox 282 3886 1859 3963; baseline 0.003 -22"><span class='ocrx_word' id='word_1_427' title='bbox 282 3888 442 3942; x_wconf 84' lang='grc' dir='ltr'>τοῦτο</span> <span class='ocrx_word' id='word_1_428' title='bbox 466 3888 588 3940; x_wconf 80' lang='grc' dir='ltr'>οὐδὲ</span> <span class='ocrx_word' id='word_1_429' title='bbox 628 3887 925 3950; x_wconf 74' lang='grc' dir='ltr'>πέπτοντες</span> <span class='ocrx_word' id='word_1_430' title='bbox 954 3886 1166 3955; x_wconf 85' lang='grc' dir='ltr'>λόγους,</span> <span class='ocrx_word' id='word_1_431' title='bbox 1194 3887 1258 3940; x_wconf 85' lang='grc' dir='ltr'>ὲκ</span> <span class='ocrx_word' id='word_1_432' title='bbox 1286 3888 1469 3941; x_wconf 85' lang='grc' dir='ltr'>κακῶν</span> <span class='ocrx_word' id='word_1_433' title='bbox 1498 3891 1595 3960; x_wconf 84' lang='grc' dir='ltr'>τῆς</span> <span class='ocrx_word' id='word_1_434' title='bbox 1618 3891 1859 3963; x_wconf 78' lang='grc' dir='ltr'>ἀμαθίας</span> 
     </span>
    </p>
   </div>
   <div class='ocr_carea' id='block_1_54' title="bbox 285 3978 1859 4050">
    <p class='ocr_par' dir='ltr' id='par_1_54' title="bbox 285 3978 1859 4050">
     <span class='ocr_line' id='line_1_54' title="bbox 285 3978 1859 4050; baseline 0.002 -17"><span class='ocrx_word' id='word_1_435' title='bbox 285 3981 501 4034; x_wconf 79' lang='grc' dir='ltr'>σιτείων</span> <span class='ocrx_word' id='word_1_436' title='bbox 547 3979 751 4049; x_wconf 83' lang='grc' dir='ltr'>ὲρυγάς</span> <span class='ocrx_word' id='word_1_437' title='bbox 806 3979 935 4050; x_wconf 77' lang='grc' dir='ltr'>ἡμῖν</span> <span class='ocrx_word' id='word_1_438' title='bbox 980 3979 1075 4031; x_wconf 77' lang='grc' dir='ltr'>καὶ</span> <span class='ocrx_word' id='word_1_439' title='bbox 1108 3978 1335 4047; x_wconf 78' lang='grc' dir='ltr'>ἀτμοὺς,</span> <span class='ocrx_word' id='word_1_440' title='bbox 1382 3979 1498 4044; x_wconf 81' lang='grc' dir='ltr'><strong>πῶς</strong></span> <span class='ocrx_word' id='word_1_441' title='bbox 1536 3980 1601 4034; x_wconf 83' lang='grc' dir='ltr'>ἂν</span> <span class='ocrx_word' id='word_1_442' title='bbox 1637 3983 1859 4047; x_wconf 85' lang='grc' dir='ltr'>ἀλύπως</span> 
     </span>
    </p>
   </div>
   <div class='ocr_carea' id='block_1_55' title="bbox 282 4068 1859 4143">
    <p class='ocr_par' dir='ltr' id='par_1_55' title="bbox 282 4068 1859 4143">
     <span class='ocr_line' id='line_1_55' title="bbox 282 4068 1859 4143; baseline 0.001 -19"><span class='ocrx_word' id='word_1_443' title='bbox 282 4073 534 4139; x_wconf 71' lang='grc' dir='ltr'>εἴποιμι,</span> <span class='ocrx_word' id='word_1_444' title='bbox 566 4071 663 4123; x_wconf 69' lang='grc' dir='ltr'><strong>κα)⁸</strong></span> <span class='ocrx_word' id='word_1_445' title='bbox 710 4069 811 4123; x_wconf 87' lang='grc' dir='ltr'>οὐκ</span> <span class='ocrx_word' id='word_1_446' title='bbox 853 4068 1073 4131; x_wconf 75' lang='grc' dir='ltr'>εὐώδεις</span> <span class='ocrx_word' id='word_1_447' title='bbox 1119 4070 1629 4140; x_wconf 78' lang='grc' dir='ltr'>ἁναπεμπάζουσιν.</span> <span class='ocrx_word' id='word_1_448' title='bbox 1670 4075 1859 4143; x_wconf 85' lang='grc' dir='ltr'>Πάσης</span> 
     </span>
    </p>
   </div>
   <div class='ocr_carea' id='block_1_56' title="bbox 280 4160 1857 4235">
    <p class='ocr_par' dir='ltr' id='par_1_56' title="bbox 280 4160 1857 4235">
     <span class='ocr_line' id='line_1_56' title="bbox 280 4160 1857 4235; baseline 0 -17"><span class='ocrx_word' id='word_1_449' title='bbox 280 4165 391 4235; x_wconf 84' lang='grc' dir='ltr'>γὰρ</span> <span class='ocrx_word' id='word_1_450' title='bbox 428 4164 712 4233; x_wconf 78' lang='grc' dir='ltr'>ζητήσεως</span> <span class='ocrx_word' id='word_1_451' title='bbox 744 4161 805 4214; x_wconf 80' lang='grc' dir='ltr'>τὸ</span> <span class='ocrx_word' id='word_1_452' title='bbox 846 4160 1226 4232; x_wconf 86' lang='grc' dir='ltr'>ἀπορούμενον</span> <span class='ocrx_word' id='word_1_453' title='bbox 1267 4161 1672 4234; x_wconf 76' lang='grc' dir='ltr'>ὃιασκοπούσης</span> <span class='ocrx_word' id='word_1_454' title='bbox 1696 4204 1710 4228; x_wconf 93' lang='grc'><strong>,</strong></span> <span class='ocrx_word' id='word_1_455' title='bbox 1748 4165 1857 4218; x_wconf 82' lang='grc' dir='ltr'><strong>κάκ</strong></span> 
     </span>
    </p>
   </div>
   <div class='ocr_carea' id='block_1_57' title="bbox 277 4248 1855 4320">
    <p class='ocr_par' dir='ltr' id='par_1_57' title="bbox 277 4248 1855 4320">
     <span class='ocr_line' id='line_1_57' title="bbox 277 4248 1855 4320; baseline 0.001 -17"><span class='ocrx_word' id='word_1_456' title='bbox 277 4252 390 4303; x_wconf 83' lang='grc' dir='ltr'><strong>τῶν</strong></span> <span class='ocrx_word' id='word_1_457' title='bbox 440 4250 890 4320; x_wconf 79' lang='grc' dir='ltr'>ὁμολογουμένων</span> <span class='ocrx_word' id='word_1_458' title='bbox 949 4248 1102 4317; x_wconf 87' lang='grc' dir='ltr'><strong>αύτῴ</strong></span> <span class='ocrx_word' id='word_1_459' title='bbox 1149 4249 1655 4320; x_wconf 84' lang='grc' dir='ltr'>συμπεραινούσης,</span> <span class='ocrx_word' id='word_1_460' title='bbox 1695 4254 1743 4304; x_wconf 73' lang='grc' dir='ltr'>οἱ</span> <span class='ocrx_word' id='word_1_461' title='bbox 1797 4252 1855 4304; x_wconf 81' lang='grc' dir='ltr'>δὲ</span> 
     </span>
    </p>
   </div>
   <div class='ocr_carea' id='block_1_58' title="bbox 280 4338 1854 4413">
    <p class='ocr_par' dir='ltr' id='par_1_58' title="bbox 280 4338 1854 4413">
     <span class='ocr_line' id='line_1_58' title="bbox 280 4338 1854 4413; baseline 0.001 -19"><span class='ocrx_word' id='word_1_462' title='bbox 280 4341 428 4411; x_wconf 80' lang='grc' dir='ltr'>(οὐδὲ</span> <span class='ocrx_word' id='word_1_463' title='bbox 474 4340 581 4413; x_wconf 88' lang='grc' dir='ltr'><strong>γάρ</strong></span> <span class='ocrx_word' id='word_1_464' title='bbox 642 4342 747 4393; x_wconf 74' lang='grc' dir='ltr'>εισι</span> <span class='ocrx_word' id='word_1_465' title='bbox 779 4340 935 4409; x_wconf 86' lang='grc' dir='ltr'><strong>σοφοί</strong></span> <span class='ocrx_word' id='word_1_466' title='bbox 959 4381 974 4404; x_wconf 88' lang='grc'><strong>,</strong></span> <span class='ocrx_word' id='word_1_467' title='bbox 1008 4338 1082 4409; x_wconf 76' lang='grc' dir='ltr'>μὴ</span> <span class='ocrx_word' id='word_1_468' title='bbox 1110 4339 1193 4392; x_wconf 84' lang='grc' dir='ltr'>ὅτι</span> <span class='ocrx_word' id='word_1_469' title='bbox 1238 4339 1338 4410; x_wconf 84' lang='grc' dir='ltr'>τὴν</span> <span class='ocrx_word' id='word_1_470' title='bbox 1370 4340 1748 4409; x_wconf 84' lang='grc' dir='ltr'>ἀπαιδευσίαν)</span> <span class='ocrx_word' id='word_1_471' title='bbox 1780 4342 1854 4406; x_wconf 86' lang='grc' dir='ltr'>ὡς</span> 
     </span>
    </p>
   </div>
   <div class='ocr_carea' id='block_1_59' title="bbox 278 4428 1854 4505">
    <p class='ocr_par' dir='ltr' id='par_1_59' title="bbox 278 4428 1854 4505">
     <span class='ocr_line' id='line_1_59' title="bbox 278 4428 1854 4505; baseline 0.003 -21"><span class='ocrx_word' id='word_1_472' title='bbox 278 4430 582 4501; x_wconf 79' lang='grc' dir='ltr'>ἀμφίϐολον</span> <span class='ocrx_word' id='word_1_473' title='bbox 601 4430 663 4483; x_wconf 83' lang='grc' dir='ltr'>τὸ</span> <span class='ocrx_word' id='word_1_474' title='bbox 690 4428 1122 4500; x_wconf 85' lang='grc' dir='ltr'>ὁμολογούμενον</span> <span class='ocrx_word' id='word_1_475' title='bbox 1148 4432 1226 4494; x_wconf 88' lang='grc' dir='ltr'><strong>εἰς</strong></span> <span class='ocrx_word' id='word_1_476' title='bbox 1260 4429 1543 4501; x_wconf 72' lang='grc' dir='ltr'>διάσκεψιν</span> <span class='ocrx_word' id='word_1_477' title='bbox 1562 4433 1854 4505; x_wconf 85' lang='grc' dir='ltr'>προτιθέα-</span> 
     </span>
    </p>
   </div>
   <div class='ocr_carea' id='block_1_60' title="bbox 280 4522 1854 4597">
    <p class='ocr_par' dir='ltr' id='par_1_60' title="bbox 280 4522 1854 4597">
     <span class='ocr_line' id='line_1_60' title="bbox 280 4522 1854 4597; baseline 0.002 -20"><span class='ocrx_word' id='word_1_478' title='bbox 280 4541 370 4578; x_wconf 88' lang='grc' dir='ltr'><strong>σιν</strong></span> <span class='ocrx_word' id='word_1_479' title='bbox 395 4565 408 4589; x_wconf 91' lang='grc'><strong>,</strong></span> <span class='ocrx_word' id='word_1_480' title='bbox 446 4524 540 4578; x_wconf 78' lang='grc' dir='ltr'>καὶ</span> <span class='ocrx_word' id='word_1_481' title='bbox 566 4523 627 4577; x_wconf 84' lang='grc' dir='ltr'>τὸ</span> <span class='ocrx_word' id='word_1_482' title='bbox 663 4522 899 4592; x_wconf 78' lang='grc' dir='ltr'>φανερὸν</span> <span class='ocrx_word' id='word_1_483' title='bbox 930 4523 1006 4587; x_wconf 82' lang='grc' dir='ltr'>ὡς</span> <span class='ocrx_word' id='word_1_484' title='bbox 1040 4524 1247 4592; x_wconf 85' lang='grc' dir='ltr'>ἀφανὲς</span> <span class='ocrx_word' id='word_1_485' title='bbox 1281 4525 1712 4593; x_wconf 74' lang='grc' dir='ltr'>συλλογίζονται.</span> <span class='ocrx_word' id='word_1_486' title='bbox 1743 4526 1854 4597; x_wconf 86' lang='grc' dir='ltr'><strong>Τῆς</strong></span> 
     </span>
    </p>
   </div>
   <div class='ocr_carea' id='block_1_61' title="bbox 277 4614 1854 4688">
    <p class='ocr_par' dir='ltr' id='par_1_61' title="bbox 277 4614 1854 4688">
     <span class='ocr_line' id='line_1_61' title="bbox 277 4614 1854 4688; baseline 0.001 -18"><span class='ocrx_word' id='word_1_487' title='bbox 277 4618 386 4688; x_wconf 86' lang='grc' dir='ltr'>γὰρ</span> <span class='ocrx_word' id='word_1_488' title='bbox 422 4614 714 4687; x_wconf 82' lang='grc' dir='ltr'>ἀνθρώπου</span> <span class='ocrx_word' id='word_1_489' title='bbox 743 4614 981 4684; x_wconf 81' lang='grc' dir='ltr'>φύσεως,</span> <span class='ocrx_word' id='word_1_490' title='bbox 1012 4614 1154 4668; x_wconf 83' lang='grc' dir='ltr'><strong>κατά</strong></span> <span class='ocrx_word' id='word_1_491' title='bbox 1187 4615 1284 4681; x_wconf 80' lang='grc' dir='ltr'><strong>τὰς</strong></span> <span class='ocrx_word' id='word_1_492' title='bbox 1310 4617 1495 4680; x_wconf 86' lang='grc' dir='ltr'>κοινὰς</span> <span class='ocrx_word' id='word_1_493' title='bbox 1523 4618 1739 4671; x_wconf 87' lang='grc' dir='ltr'>πάντων</span> <span class='ocrx_word' id='word_1_494' title='bbox 1769 4619 1854 4671; x_wconf 80' lang='grc' dir='ltr'><strong>ὲν-</strong></span> 
     </span>
    </p>
   </div>
   <div class='ocr_carea' id='block_1_62' title="bbox 1968 2024 3548 2108">
    <p class='ocr_par' dir='ltr' id='par_1_62' title="bbox 1968 2024 3548 2108">
     <span class='ocr_line' id='line_1_62' title="bbox 1968 2024 3548 2108; baseline 0.015 -30"><span class='ocrx_word' id='word_1_495' title='bbox 1968 2024 2112 2093; x_wconf 90' lang='lat' dir='ltr'><strong>citis,</strong></span> <span class='ocrx_word' id='word_1_496' title='bbox 2138 2044 2249 2083; x_wconf 91' lang='lat' dir='ltr'><strong>non</strong></span> <span class='ocrx_word' id='word_1_497' title='bbox 2273 2030 2465 2102; x_wconf 76' lang='lat' dir='ltr'><strong>eﬂ‘ugit</strong></span> <span class='ocrx_word' id='word_1_498' title='bbox 2485 2034 2813 2092; x_wconf 87' lang='lat' dir='ltr'><strong>divisionem</strong></span> <span class='ocrx_word' id='word_1_499' title='bbox 2848 2055 3009 2108; x_wconf 92' lang='lat' dir='ltr'><strong>quam</strong></span> <span class='ocrx_word' id='word_1_500' title='bbox 3039 2042 3206 2098; x_wconf 87' lang='lat' dir='ltr'><strong>habet</strong></span> <span class='ocrx_word' id='word_1_501' title='bbox 3235 2057 3435 2101; x_wconf 88' lang='lat' dir='ltr'><strong>natura</strong></span> <span class='ocrx_word' id='word_1_502' title='bbox 3489 2049 3548 2102; x_wconf 86' lang='lat' dir='ltr'><strong>in</strong></span> 
     </span>
    </p>
   </div>
   <div class='ocr_carea' id='block_1_63' title="bbox 1969 2117 3548 2207">
    <p class='ocr_par' dir='ltr' id='par_1_63' title="bbox 1969 2117 3548 2207">
     <span class='ocr_line' id='line_1_63' title="bbox 1969 2117 3548 2207; baseline 0.015 -37"><span class='ocrx_word' id='word_1_503' title='bbox 1969 2117 2322 2176; x_wconf 87' lang='lat' dir='ltr'><strong>multitudine</strong></span> <span class='ocrx_word' id='word_1_504' title='bbox 2372 2139 2733 2193; x_wconf 88' lang='lat' dir='ltr'><strong>personarum</strong></span> <span class='ocrx_word' id='word_1_505' title='bbox 2758 2133 3285 2190; x_wconf 87' lang='lat' dir='ltr'><strong>communieantium</strong></span> <span class='ocrx_word' id='word_1_506' title='bbox 3322 2138 3452 2207; x_wconf 89' lang='lat' dir='ltr'><strong>ipsi,</strong></span> <span class='ocrx_word' id='word_1_507' title='bbox 3490 2151 3548 2194; x_wconf 89' lang='lat' dir='ltr'><strong>et</strong></span> 
     </span>
    </p>
   </div>
   <div class='ocr_carea' id='block_1_64' title="bbox 1968 2205 3548 2282">
    <p class='ocr_par' dir='ltr' id='par_1_64' title="bbox 1968 2205 3548 2282">
     <span class='ocr_line' id='line_1_64' title="bbox 1968 2205 3548 2282; baseline 0.016 -24"><span class='ocrx_word' id='word_1_508' title='bbox 1968 2205 2351 2263; x_wconf 87' lang='lat' dir='ltr'><strong>confusionem</strong></span> <span class='ocrx_word' id='word_1_509' title='bbox 2381 2212 2689 2269; x_wconf 84' lang='lat' dir='ltr'><strong>introduxit</strong></span> <span class='ocrx_word' id='word_1_510' title='bbox 2715 2216 2769 2271; x_wconf 90' lang='lat' dir='ltr'><strong>in</strong></span> <span class='ocrx_word' id='word_1_511' title='bbox 2806 2217 3094 2276; x_wconf 89' lang='lat' dir='ltr'><strong>identitate</strong></span> <span class='ocrx_word' id='word_1_512' title='bbox 3141 2205 3361 2280; x_wconf 44' lang='lat' dir='ltr'><strong>natura;</strong></span> <span class='ocrx_word' id='word_1_513' title='bbox 3398 2242 3548 2282; x_wconf 87' lang='lat' dir='ltr'><strong>com-</strong></span> 
     </span>
    </p>
   </div>
   <div class='ocr_carea' id='block_1_65' title="bbox 1967 2298 3545 2382">
    <p class='ocr_par' dir='ltr' id='par_1_65' title="bbox 1967 2298 3545 2382">
     <span class='ocr_line' id='line_1_65' title="bbox 1967 2298 3545 2382; baseline 0.016 -34"><span class='ocrx_word' id='word_1_514' title='bbox 1967 2298 2160 2363; x_wconf 65' lang='lat' dir='ltr'><strong>posita:</strong></span> <span class='ocrx_word' id='word_1_515' title='bbox 2188 2340 2203 2363; x_wconf 89' lang='lat'><strong>,</strong></span> <span class='ocrx_word' id='word_1_516' title='bbox 2258 2316 2359 2355; x_wconf 91' lang='lat' dir='ltr'><strong>nec</strong></span> <span class='ocrx_word' id='word_1_517' title='bbox 2405 2302 2736 2360; x_wconf 89' lang='lat' dir='ltr'><strong>alterutrum</strong></span> <span class='ocrx_word' id='word_1_518' title='bbox 2783 2309 3063 2365; x_wconf 91' lang='lat' dir='ltr'><strong>unitorum</strong></span> <span class='ocrx_word' id='word_1_519' title='bbox 3112 2324 3236 2382; x_wconf 88' lang='lat' dir='ltr'><strong>post</strong></span> <span class='ocrx_word' id='word_1_520' title='bbox 3285 2317 3545 2372; x_wconf 88' lang='lat' dir='ltr'><strong>unionem</strong></span> 
     </span>
    </p>
   </div>
   <div class='ocr_carea' id='block_1_66' title="bbox 1966 2385 3541 2475">
    <p class='ocr_par' dir='ltr' id='par_1_66' title="bbox 1966 2385 3541 2475">
     <span class='ocr_line' id='line_1_66' title="bbox 1966 2385 3541 2475; baseline 0.015 -38"><span class='ocrx_word' id='word_1_521' title='bbox 1966 2385 2285 2443; x_wconf 79' lang='lat' dir='ltr'><strong>exhibens:</strong></span> <span class='ocrx_word' id='word_1_522' title='bbox 2347 2391 2509 2446; x_wconf 89' lang='lat' dir='ltr'><strong>nobis</strong></span> <span class='ocrx_word' id='word_1_523' title='bbox 2561 2402 2745 2450; x_wconf 88' lang='lat' dir='ltr'><strong>autem</strong></span> <span class='ocrx_word' id='word_1_524' title='bbox 2789 2406 3129 2469; x_wconf 76' lang='lat' dir='ltr'><strong>utrumque,</strong></span> <span class='ocrx_word' id='word_1_525' title='bbox 3183 2402 3278 2457; x_wconf 88' lang='lat' dir='ltr'><strong>Dei</strong></span> <span class='ocrx_word' id='word_1_526' title='bbox 3346 2406 3541 2475; x_wconf 83' lang='lat' dir='ltr'><strong>gratia.</strong></span> 
     </span>
    </p>
   </div>
   <div class='ocr_carea' id='block_1_67' title="bbox 1966 2478 3542 2565">
    <p class='ocr_par' dir='ltr' id='par_1_67' title="bbox 1966 2478 3542 2565">
     <span class='ocr_line' id='line_1_67' title="bbox 1966 2478 3542 2565; baseline 0.015 -35"><span class='ocrx_word' id='word_1_527' title='bbox 1966 2478 2200 2547; x_wconf 87' lang='lat' dir='ltr'><strong>pulchre</strong></span> <span class='ocrx_word' id='word_1_528' title='bbox 2258 2492 2535 2540; x_wconf 84' lang='lat' dir='ltr'><strong>servatum</strong></span> <span class='ocrx_word' id='word_1_529' title='bbox 2602 2497 2686 2544; x_wconf 90' lang='lat' dir='ltr'><strong>est</strong></span> <span class='ocrx_word' id='word_1_530' title='bbox 2739 2499 2795 2544; x_wconf 87' lang='lat' dir='ltr'><strong>et</strong></span> <span class='ocrx_word' id='word_1_531' title='bbox 2838 2490 3157 2549; x_wconf 67' lang='lat' dir='ltr'><strong>dili‘erentia</strong></span> <span class='ocrx_word' id='word_1_532' title='bbox 3213 2496 3492 2553; x_wconf 75' lang='lat' dir='ltr'><strong>unitorum</strong></span> <span class='ocrx_word' id='word_1_533' title='bbox 3526 2540 3542 2565; x_wconf 89' lang='lat'><strong>,</strong></span> 
     </span>
    </p>
   </div>
   <div class='ocr_carea' id='block_1_68' title="bbox 1966 2750 3543 2842">
    <p class='ocr_par' dir='ltr' id='par_1_68' title="bbox 1966 2750 3543 2842">
     <span class='ocr_line' id='line_1_68' title="bbox 1966 2750 3543 2842; baseline 0.014 -37"><span class='ocrx_word' id='word_1_534' title='bbox 1966 2765 2087 2805; x_wconf 88' lang='lat' dir='ltr'><strong>sum</strong></span> <span class='ocrx_word' id='word_1_535' title='bbox 2113 2750 2347 2809; x_wconf 91' lang='lat' dir='ltr'><strong>duarum</strong></span> <span class='ocrx_word' id='word_1_536' title='bbox 2384 2763 2710 2816; x_wconf 87' lang='lat' dir='ltr'><strong>naturarum</strong></span> <span class='ocrx_word' id='word_1_537' title='bbox 2751 2762 3031 2820; x_wconf 86' lang='lat' dir='ltr'><strong>unitarum</strong></span> <span class='ocrx_word' id='word_1_538' title='bbox 3077 2766 3135 2820; x_wconf 88' lang='lat' dir='ltr'><strong>in</strong></span> <span class='ocrx_word' id='word_1_539' title='bbox 3173 2782 3340 2824; x_wconf 90' lang='lat' dir='ltr'><strong>unam</strong></span> <span class='ocrx_word' id='word_1_540' title='bbox 3369 2770 3543 2842; x_wconf 85' lang='lat' dir='ltr'><strong>hypo-</strong></span> 
     </span>
    </p>
   </div>
   <div class='ocr_carea' id='block_1_69' title="bbox 1967 2842 2177 2898">
    <p class='ocr_par' dir='ltr' id='par_1_69' title="bbox 1967 2842 2177 2898">
     <span class='ocr_line' id='line_1_69' title="bbox 1967 2842 2177 2898; baseline 0 -1"><span class='ocrx_word' id='word_1_541' title='bbox 1967 2842 2177 2898; x_wconf 88' lang='lat' dir='ltr'><strong>stasim.</strong></span> 
     </span>
    </p>
   </div>
   <div class='ocr_carea' id='block_1_70' title="bbox 2046 2959 3543 3045">
    <p class='ocr_par' dir='ltr' id='par_1_70' title="bbox 2046 2959 3543 3045">
     <span class='ocr_line' id='line_1_70' title="bbox 2046 2959 3543 3045; baseline 0.013 -33"><span class='ocrx_word' id='word_1_542' title='bbox 2046 2978 2064 3009; x_wconf 79' lang='grc' dir='ltr'><strong>ι</strong></span> <span class='ocrx_word' id='word_1_543' title='bbox 2099 2959 2254 3016; x_wconf 85' lang='lat' dir='ltr'><strong>Sicut</strong></span> <span class='ocrx_word' id='word_1_544' title='bbox 2284 2961 2383 3017; x_wconf 88' lang='lat' dir='ltr'><strong>tibi</strong></span> <span class='ocrx_word' id='word_1_545' title='bbox 2430 2963 2608 3019; x_wconf 85' lang='lat' dir='ltr'><strong>visum</strong></span> <span class='ocrx_word' id='word_1_546' title='bbox 2639 2974 2743 3029; x_wconf 89' lang='lat' dir='ltr'><strong>est,</strong></span> <span class='ocrx_word' id='word_1_547' title='bbox 2783 2967 3092 3037; x_wconf 80' lang='lat' dir='ltr'><strong>explicasti,</strong></span> <span class='ocrx_word' id='word_1_548' title='bbox 3117 2972 3176 3026; x_wconf 90' lang='lat' dir='ltr'><strong>in</strong></span> <span class='ocrx_word' id='word_1_549' title='bbox 3208 2989 3543 3045; x_wconf 84' lang='lat' dir='ltr'><strong>unoquoque</strong></span> 
     </span>
    </p>
   </div>
   <div class='ocr_carea' id='block_1_71' title="bbox 1967 3050 3543 3135">
    <p class='ocr_par' dir='ltr' id='par_1_71' title="bbox 1967 3050 3543 3135">
     <span class='ocr_line' id='line_1_71' title="bbox 1967 3050 3543 3135; baseline 0.011 -30"><span class='ocrx_word' id='word_1_550' title='bbox 1967 3050 2192 3106; x_wconf 90' lang='lat' dir='ltr'><strong>homine</strong></span> <span class='ocrx_word' id='word_1_551' title='bbox 2228 3052 2364 3108; x_wconf 81' lang='lat' dir='ltr'><strong>duas</strong></span> <span class='ocrx_word' id='word_1_552' title='bbox 2397 3062 2644 3119; x_wconf 81' lang='lat' dir='ltr'><strong>naturas,</strong></span> <span class='ocrx_word' id='word_1_553' title='bbox 2680 3064 2738 3111; x_wconf 89' lang='lat' dir='ltr'><strong>et</strong></span> <span class='ocrx_word' id='word_1_554' title='bbox 2767 3072 2932 3113; x_wconf 90' lang='lat' dir='ltr'><strong>unam</strong></span> <span class='ocrx_word' id='word_1_555' title='bbox 2961 3059 3104 3127; x_wconf 89' lang='lat' dir='ltr'><strong>dici;</strong></span> <span class='ocrx_word' id='word_1_556' title='bbox 3130 3077 3197 3117; x_wconf 78' lang='lat' dir='ltr'><strong>ex</strong></span> <span class='ocrx_word' id='word_1_557' title='bbox 3227 3079 3337 3133; x_wconf 88' lang='lat' dir='ltr'><strong>quo</strong></span> <span class='ocrx_word' id='word_1_558' title='bbox 3381 3067 3543 3135; x_wconf 89' lang='lat' dir='ltr'><strong>quid-</strong></span> 
     </span>
    </p>
   </div>
   <div class='ocr_carea' id='block_1_72' title="bbox 1967 3143 3541 3214">
    <p class='ocr_par' dir='ltr' id='par_1_72' title="bbox 1967 3143 3541 3214">
     <span class='ocr_line' id='line_1_72' title="bbox 1967 3143 3541 3214; baseline 0.011 -18"><span class='ocrx_word' id='word_1_559' title='bbox 1967 3158 2093 3197; x_wconf 91' lang='lat' dir='ltr'><strong>nam</strong></span> <span class='ocrx_word' id='word_1_560' title='bbox 2120 3143 2394 3213; x_wconf 83' lang='lat' dir='ltr'><strong>sequitur,</strong></span> <span class='ocrx_word' id='word_1_561' title='bbox 2433 3145 2541 3200; x_wconf 91' lang='lat' dir='ltr'><strong>nisi</strong></span> <span class='ocrx_word' id='word_1_562' title='bbox 2582 3146 2639 3201; x_wconf 90' lang='lat' dir='ltr'><strong>in</strong></span> <span class='ocrx_word' id='word_1_563' title='bbox 2662 3147 2887 3203; x_wconf 87' lang='lat' dir='ltr'><strong>Christo</strong></span> <span class='ocrx_word' id='word_1_564' title='bbox 2912 3167 3023 3206; x_wconf 92' lang='lat' dir='ltr'><strong>non</strong></span> <span class='ocrx_word' id='word_1_565' title='bbox 3047 3152 3184 3208; x_wconf 84' lang='lat' dir='ltr'><strong>duas</strong></span> <span class='ocrx_word' id='word_1_566' title='bbox 3208 3164 3418 3212; x_wconf 85' lang='lat' dir='ltr'><strong>tantum</strong></span> <span class='ocrx_word' id='word_1_567' title='bbox 3437 3161 3541 3214; x_wconf 85' lang='lat' dir='ltr'><strong>‘na-</strong></span> 
     </span>
    </p>
   </div>
   <div class='ocr_carea' id='block_1_73' title="bbox 1968 3234 3595 3321">
    <p class='ocr_par' dir='ltr' id='par_1_73' title="bbox 1968 3234 3595 3321">
     <span class='ocr_line' id='line_1_73' title="bbox 1968 3234 3595 3321; baseline 0.013 -34"><span class='ocrx_word' id='word_1_568' title='bbox 1968 3242 2120 3289; x_wconf 89' lang='lat' dir='ltr'><strong>turas</strong></span> <span class='ocrx_word' id='word_1_569' title='bbox 2165 3234 2440 3301; x_wconf 83' lang='lat' dir='ltr'><strong>conﬁteri,</strong></span> <span class='ocrx_word' id='word_1_570' title='bbox 2473 3237 2569 3292; x_wconf 87' lang='lat' dir='ltr'><strong>sed</strong></span> <span class='ocrx_word' id='word_1_571' title='bbox 2624 3238 2789 3294; x_wconf 88' lang='lat' dir='ltr'><strong>etiam</strong></span> <span class='ocrx_word' id='word_1_572' title='bbox 2847 3244 2998 3297; x_wconf 86' lang='lat' dir='ltr'><strong>tres?</strong></span> <span class='ocrx_word' id='word_1_573' title='bbox 3029 3236 3318 3311; x_wconf 75' lang='lat' dir='ltr'><strong>Quomodo</strong></span> <span class='ocrx_word' id='word_1_574' title='bbox 3370 3251 3540 3321; x_wconf 81' lang='lat' dir='ltr'><strong>igitur</strong></span> <span class='ocrx_word' id='word_1_575' title='bbox 3589 3264 3595 3271; x_wconf 87' lang='lat'><strong>‘</strong></span> 
     </span>
    </p>
   </div>
   <div class='ocr_carea' id='block_1_74' title="bbox 1966 3327 3539 3417">
    <p class='ocr_par' dir='ltr' id='par_1_74' title="bbox 1966 3327 3539 3417">
     <span class='ocr_line' id='line_1_74' title="bbox 1966 3327 3539 3417; baseline 0.014 -37"><span class='ocrx_word' id='word_1_576' title='bbox 1966 3327 2198 3381; x_wconf 87' lang='lat' dir='ltr'><strong>alterum</strong></span> <span class='ocrx_word' id='word_1_577' title='bbox 2224 3328 2573 3396; x_wconf 85' lang='lat' dir='ltr'><strong>conﬁtentes,</strong></span> <span class='ocrx_word' id='word_1_578' title='bbox 2594 3331 2830 3388; x_wconf 88' lang='lat' dir='ltr'><strong>alterum</strong></span> <span class='ocrx_word' id='word_1_579' title='bbox 2858 3340 3160 3394; x_wconf 85' lang='lat' dir='ltr'><strong>recusatis?</strong></span> <span class='ocrx_word' id='word_1_580' title='bbox 3180 3357 3303 3397; x_wconf 90' lang='lat' dir='ltr'><strong>cum</strong></span> <span class='ocrx_word' id='word_1_581' title='bbox 3334 3344 3539 3417; x_wconf 73' lang='lat' dir='ltr'><strong>alioqui</strong></span> 
     </span>
    </p>
   </div>
   <div class='ocr_carea' id='block_1_75' title="bbox 1964 3421 3534 3509">
    <p class='ocr_par' dir='ltr' id='par_1_75' title="bbox 1964 3421 3534 3509">
     <span class='ocr_line' id='line_1_75' title="bbox 1964 3421 3534 3509; baseline 0.013 -36"><span class='ocrx_word' id='word_1_582' title='bbox 1964 3421 2101 3475; x_wconf 84' lang='lat' dir='ltr'><strong>ratio</strong></span> <span class='ocrx_word' id='word_1_583' title='bbox 2124 3424 2430 3479; x_wconf 88' lang='lat' dir='ltr'><strong>necessaria</strong></span> <span class='ocrx_word' id='word_1_584' title='bbox 2452 3424 2557 3481; x_wconf 89' lang='lat' dir='ltr'><strong>hoc</strong></span> <span class='ocrx_word' id='word_1_585' title='bbox 2578 3425 2738 3481; x_wconf 80' lang='lat' dir='ltr'><strong>fateri</strong></span> <span class='ocrx_word' id='word_1_586' title='bbox 2757 3430 3304 3498; x_wconf 86' lang='lat' dir='ltr'><strong>quamvisnolentem</strong></span> <span class='ocrx_word' id='word_1_587' title='bbox 3322 3448 3498 3509; x_wconf 80' lang='lat' dir='ltr'><strong>cogat.</strong></span> <span class='ocrx_word' id='word_1_588' title='bbox 3514 3460 3534 3493; x_wconf 72' lang='grc' dir='ltr'><strong>ι</strong></span> 
     </span>
    </p>
   </div>
   <div class='ocr_carea' id='block_1_76' title="bbox 1962 3513 3538 3598">
    <p class='ocr_par' dir='ltr' id='par_1_76' title="bbox 1962 3513 3538 3598">
     <span class='ocr_line' id='line_1_76' title="bbox 1962 3513 3538 3598; baseline 0.013 -32"><span class='ocrx_word' id='word_1_589' title='bbox 1962 3513 2103 3580; x_wconf 83' lang='lat' dir='ltr'><strong>Quid</strong></span> <span class='ocrx_word' id='word_1_590' title='bbox 2141 3530 2241 3569; x_wconf 92' lang='lat' dir='ltr'><strong>nos</strong></span> <span class='ocrx_word' id='word_1_591' title='bbox 2295 3516 2363 3570; x_wconf 90' lang='lat' dir='ltr'><strong>ad</strong></span> <span class='ocrx_word' id='word_1_592' title='bbox 2413 3517 2729 3585; x_wconf 83' lang='lat' dir='ltr'><strong>haec?Quid</strong></span> <span class='ocrx_word' id='word_1_593' title='bbox 2763 3522 2936 3587; x_wconf 88' lang='lat' dir='ltr'><strong>aliud,</strong></span> <span class='ocrx_word' id='word_1_594' title='bbox 2963 3540 3127 3594; x_wconf 87' lang='lat' dir='ltr'><strong>quam</strong></span> <span class='ocrx_word' id='word_1_595' title='bbox 3178 3530 3325 3598; x_wconf 91' lang='lat' dir='ltr'><strong>quod</strong></span> <span class='ocrx_word' id='word_1_596' title='bbox 3356 3532 3411 3584; x_wconf 92' lang='lat' dir='ltr'><strong>in</strong></span> <span class='ocrx_word' id='word_1_597' title='bbox 3442 3547 3538 3588; x_wconf 88' lang='lat' dir='ltr'><strong>eos</strong></span> 
     </span>
    </p>
   </div>
   <div class='ocr_carea' id='block_1_77' title="bbox 1962 3606 3539 3687">
    <p class='ocr_par' dir='ltr' id='par_1_77' title="bbox 1962 3606 3539 3687">
     <span class='ocr_line' id='line_1_77' title="bbox 1962 3606 3539 3687; baseline 0.013 -30"><span class='ocrx_word' id='word_1_598' title='bbox 1962 3606 2251 3659; x_wconf 79' lang='lat' dir='ltr'><strong>convenit?</strong></span> <span class='ocrx_word' id='word_1_599' title='bbox 2288 3606 2563 3677; x_wconf 81' lang='lat' dir='ltr'><strong>Sapientia</strong></span> <span class='ocrx_word' id='word_1_600' title='bbox 2603 3610 2739 3679; x_wconf 80' lang='lat' dir='ltr'><strong>fatui</strong></span> <span class='ocrx_word' id='word_1_601' title='bbox 2760 3622 2857 3677; x_wconf 76' lang='lat' dir='ltr'><strong>est,</strong></span> <span class='ocrx_word' id='word_1_602' title='bbox 2894 3626 2956 3670; x_wconf 93' lang='lat' dir='ltr'><strong>ut</strong></span> <span class='ocrx_word' id='word_1_603' title='bbox 2989 3618 3066 3671; x_wconf 88' lang='lat' dir='ltr'><strong>ait</strong></span> <span class='ocrx_word' id='word_1_604' title='bbox 3093 3616 3398 3687; x_wconf 87' lang='lat' dir='ltr'><strong>Scriptura,</strong></span> <span class='ocrx_word' id='word_1_605' title='bbox 3427 3639 3539 3676; x_wconf 72' lang='lat' dir='ltr'><strong>cer-</strong></span> 
     </span>
    </p>
   </div>
   <div class='ocr_carea' id='block_1_78' title="bbox 1964 3703 3535 3775">
    <p class='ocr_par' dir='ltr' id='par_1_78' title="bbox 1964 3703 3535 3775">
     <span class='ocr_line' id='line_1_78' title="bbox 1964 3703 3535 3775; baseline 0.014 -26"><span class='ocrx_word' id='word_1_606' title='bbox 1964 3712 2137 3750; x_wconf 77' lang='lat' dir='ltr'><strong>mones</strong></span> <span class='ocrx_word' id='word_1_607' title='bbox 2189 3715 2291 3752; x_wconf 84' lang='lat' dir='ltr'><strong>non</strong></span> <span class='ocrx_word' id='word_1_608' title='bbox 2334 3703 2548 3771; x_wconf 74' lang='lat' dir='ltr'><strong>expensi</strong></span> <span class='ocrx_word' id='word_1_609' title='bbox 2607 3719 2773 3775; x_wconf 78' lang='lat' dir='ltr'><strong>neque</strong></span> <span class='ocrx_word' id='word_1_610' title='bbox 2814 3709 3192 3764; x_wconf 76' lang='lat' dir='ltr'><strong>considerati&#39;.</strong></span> <span class='ocrx_word' id='word_1_611' title='bbox 3222 3711 3356 3766; x_wconf 90' lang='lat' dir='ltr'><strong>Cum</strong></span> <span class='ocrx_word' id='word_1_612' title='bbox 3387 3716 3535 3770; x_wconf 88' lang='lat' dir='ltr'><strong>enim</strong></span> 
     </span>
    </p>
   </div>
   <div class='ocr_carea' id='block_1_79' title="bbox 1961 3796 3537 3873">
    <p class='ocr_par' dir='ltr' id='par_1_79' title="bbox 1961 3796 3537 3873">
     <span class='ocr_line' id='line_1_79' title="bbox 1961 3796 3537 3873; baseline 0.014 -32"><span class='ocrx_word' id='word_1_613' title='bbox 1961 3803 2245 3845; x_wconf 90' lang='lat' dir='ltr'><strong>sermones</strong></span> <span class='ocrx_word' id='word_1_614' title='bbox 2268 3806 2396 3845; x_wconf 88' lang='lat' dir='ltr'><strong>suos</strong></span> <span class='ocrx_word' id='word_1_615' title='bbox 2422 3808 2531 3847; x_wconf 91' lang='lat' dir='ltr'><strong>non</strong></span> <span class='ocrx_word' id='word_1_616' title='bbox 2559 3796 2855 3863; x_wconf 90' lang='lat' dir='ltr'><strong>mandunt,</strong></span> <span class='ocrx_word' id='word_1_617' title='bbox 2878 3808 2932 3853; x_wconf 88' lang='lat' dir='ltr'><strong>et</strong></span> <span class='ocrx_word' id='word_1_618' title='bbox 2961 3799 3167 3856; x_wconf 89' lang='lat' dir='ltr'><strong>idcirco</strong></span> <span class='ocrx_word' id='word_1_619' title='bbox 3194 3819 3373 3873; x_wconf 88' lang='lat' dir='ltr'><strong>neque</strong></span> <span class='ocrx_word' id='word_1_620' title='bbox 3399 3822 3537 3863; x_wconf 80' lang='lat' dir='ltr'><strong>eon-</strong></span> 
     </span>
    </p>
   </div>
   <div class='ocr_carea' id='block_1_80' title="bbox 1960 3885 3537 3960">
    <p class='ocr_par' dir='ltr' id='par_1_80' title="bbox 1960 3885 3537 3960">
     <span class='ocr_line' id='line_1_80' title="bbox 1960 3885 3537 3960; baseline 0.015 -28"><span class='ocrx_word' id='word_1_621' title='bbox 1960 3888 2239 3948; x_wconf 87' lang='lat' dir='ltr'><strong>coquunt;</strong></span> <span class='ocrx_word' id='word_1_622' title='bbox 2295 3897 2363 3935; x_wconf 78' lang='lat' dir='ltr'><strong>ex</strong></span> <span class='ocrx_word' id='word_1_623' title='bbox 2416 3885 2575 3939; x_wconf 89' lang='lat' dir='ltr'><strong>malis</strong></span> <span class='ocrx_word' id='word_1_624' title='bbox 2630 3887 2772 3942; x_wconf 91' lang='lat' dir='ltr'><strong>cibis</strong></span> <span class='ocrx_word' id='word_1_625' title='bbox 2824 3888 3155 3960; x_wconf 83' lang='lat' dir='ltr'><strong>insipientiae</strong></span> <span class='ocrx_word' id='word_1_626' title='bbox 3195 3898 3537 3954; x_wconf 85' lang='lat' dir='ltr'><strong>ruetationes</strong></span> 
     </span>
    </p>
   </div>
   <div class='ocr_carea' id='block_1_81' title="bbox 1960 3969 3535 4046">
    <p class='ocr_par' dir='ltr' id='par_1_81' title="bbox 1960 3969 3535 4046">
     <span class='ocr_line' id='line_1_81' title="bbox 1960 3969 3535 4046; baseline 0.015 -23"><span class='ocrx_word' id='word_1_627' title='bbox 1960 3969 2119 4024; x_wconf 91' lang='lat' dir='ltr'><strong>nobis</strong></span> <span class='ocrx_word' id='word_1_628' title='bbox 2169 3979 2224 4025; x_wconf 90' lang='lat' dir='ltr'><strong>et</strong></span> <span class='ocrx_word' id='word_1_629' title='bbox 2270 3972 2476 4027; x_wconf 87' lang='lat' dir='ltr'><strong>halitus</strong></span> <span class='ocrx_word' id='word_1_630' title='bbox 2515 3976 2812 4045; x_wconf 85' lang='lat' dir='ltr'><strong>(quomodo</strong></span> <span class='ocrx_word' id='word_1_631' title='bbox 2848 3980 2994 4035; x_wconf 92' lang='lat' dir='ltr'><strong>enim</strong></span> <span class='ocrx_word' id='word_1_632' title='bbox 3042 3982 3161 4039; x_wconf 84' lang='lat' dir='ltr'><strong>sine</strong></span> <span class='ocrx_word' id='word_1_633' title='bbox 3214 4001 3421 4043; x_wconf 89' lang='lat' dir='ltr'><strong>nausea</strong></span> <span class='ocrx_word' id='word_1_634' title='bbox 3479 3999 3535 4046; x_wconf 89' lang='lat' dir='ltr'><strong>et</strong></span> 
     </span>
    </p>
   </div>
   <div class='ocr_carea' id='block_1_82' title="bbox 1958 4061 3532 4137">
    <p class='ocr_par' dir='ltr' id='par_1_82' title="bbox 1958 4061 3532 4137">
     <span class='ocr_line' id='line_1_82' title="bbox 1958 4061 3532 4137; baseline 0.014 -23"><span class='ocrx_word' id='word_1_635' title='bbox 1958 4061 2179 4116; x_wconf 68' lang='lat' dir='ltr'><strong>fastidio</strong></span> <span class='ocrx_word' id='word_1_636' title='bbox 2211 4063 2427 4117; x_wconf 86' lang='lat' dir='ltr'><strong>dicam?</strong></span> <span class='ocrx_word' id='word_1_637' title='bbox 2455 4064 2472 4132; x_wconf 94' lang='lat'><strong>)</strong></span> <span class='ocrx_word' id='word_1_638' title='bbox 2504 4080 2614 4120; x_wconf 91' lang='lat' dir='ltr'><strong>non</strong></span> <span class='ocrx_word' id='word_1_639' title='bbox 2650 4066 2794 4123; x_wconf 89' lang='lat' dir='ltr'><strong>bene</strong></span> <span class='ocrx_word' id='word_1_640' title='bbox 2821 4069 3033 4128; x_wconf 90' lang='lat' dir='ltr'><strong>olentes</strong></span> <span class='ocrx_word' id='word_1_641' title='bbox 3072 4076 3353 4133; x_wconf 84' lang='lat' dir='ltr'><strong>emittunt.</strong></span> <span class='ocrx_word' id='word_1_642' title='bbox 3395 4080 3532 4137; x_wconf 87' lang='lat' dir='ltr'><strong>Cum</strong></span> 
     </span>
    </p>
   </div>
   <div class='ocr_carea' id='block_1_83' title="bbox 1958 4156 3536 4233">
    <p class='ocr_par' dir='ltr' id='par_1_83' title="bbox 1958 4156 3536 4233">
     <span class='ocr_line' id='line_1_83' title="bbox 1958 4156 3536 4233; baseline 0.014 -26"><span class='ocrx_word' id='word_1_643' title='bbox 1958 4170 2064 4208; x_wconf 87' lang='lat' dir='ltr'><strong>non</strong></span> <span class='ocrx_word' id='word_1_644' title='bbox 2096 4156 2275 4210; x_wconf 89' lang='lat' dir='ltr'><strong>omnis</strong></span> <span class='ocrx_word' id='word_1_645' title='bbox 2298 4158 2528 4227; x_wconf 72' lang='lat' dir='ltr'><strong>quazstio</strong></span> <span class='ocrx_word' id='word_1_646' title='bbox 2567 4158 2715 4229; x_wconf 90' lang='lat' dir='ltr'><strong>quod</strong></span> <span class='ocrx_word' id='word_1_647' title='bbox 2743 4160 2799 4217; x_wconf 90' lang='lat' dir='ltr'><strong>in</strong></span> <span class='ocrx_word' id='word_1_648' title='bbox 2824 4162 3053 4219; x_wconf 90' lang='lat' dir='ltr'><strong>dubium</strong></span> <span class='ocrx_word' id='word_1_649' title='bbox 3078 4169 3248 4233; x_wconf 84' lang='lat' dir='ltr'><strong>venit,</strong></span> <span class='ocrx_word' id='word_1_650' title='bbox 3283 4173 3536 4229; x_wconf 82' lang='lat' dir='ltr'><strong>conside-</strong></span> 
     </span>
    </p>
   </div>
   <div class='ocr_carea' id='block_1_84' title="bbox 1958 4246 3532 4332">
    <p class='ocr_par' dir='ltr' id='par_1_84' title="bbox 1958 4246 3532 4332">
     <span class='ocr_line' id='line_1_84' title="bbox 1958 4246 3532 4332; baseline 0.014 -36"><span class='ocrx_word' id='word_1_651' title='bbox 1958 4252 2062 4309; x_wconf 89' lang='lat' dir='ltr'><strong>ret,</strong></span> <span class='ocrx_word' id='word_1_652' title='bbox 2090 4250 2147 4299; x_wconf 92' lang='lat' dir='ltr'><strong>et</strong></span> <span class='ocrx_word' id='word_1_653' title='bbox 2168 4260 2236 4299; x_wconf 81' lang='lat' dir='ltr'><strong>ex</strong></span> <span class='ocrx_word' id='word_1_654' title='bbox 2265 4246 2544 4301; x_wconf 88' lang='lat' dir='ltr'><strong>concessis</strong></span> <span class='ocrx_word' id='word_1_655' title='bbox 2582 4250 2854 4306; x_wconf 90' lang='lat' dir='ltr'><strong>rationem</strong></span> <span class='ocrx_word' id='word_1_656' title='bbox 2886 4255 3217 4323; x_wconf 87' lang='lat' dir='ltr'><strong>concludat;</strong></span> <span class='ocrx_word' id='word_1_657' title='bbox 3262 4259 3351 4314; x_wconf 91' lang='lat' dir='ltr'><strong>isti</strong></span> <span class='ocrx_word' id='word_1_658' title='bbox 3398 4262 3532 4332; x_wconf 91' lang='lat' dir='ltr'><strong>(non</strong></span> 
     </span>
    </p>
   </div>
   <div class='ocr_carea' id='block_1_85' title="bbox 1955 4334 3533 4420">
    <p class='ocr_par' dir='ltr' id='par_1_85' title="bbox 1955 4334 3533 4420">
     <span class='ocr_line' id='line_1_85' title="bbox 1955 4334 3533 4420; baseline 0.013 -32"><span class='ocrx_word' id='word_1_659' title='bbox 1955 4334 2103 4389; x_wconf 90' lang='lat' dir='ltr'><strong>enim</strong></span> <span class='ocrx_word' id='word_1_660' title='bbox 2150 4345 2280 4391; x_wconf 90' lang='lat' dir='ltr'><strong>sunt</strong></span> <span class='ocrx_word' id='word_1_661' title='bbox 2330 4337 2608 4407; x_wconf 89' lang='lat' dir='ltr'><strong>sapientes</strong></span> <span class='ocrx_word' id='word_1_662' title='bbox 2644 4341 2749 4395; x_wconf 87' lang='lat' dir='ltr'><strong>nisi</strong></span> <span class='ocrx_word' id='word_1_663' title='bbox 2795 4343 2850 4397; x_wconf 90' lang='lat' dir='ltr'><strong>in</strong></span> <span class='ocrx_word' id='word_1_664' title='bbox 2910 4344 3190 4416; x_wconf 86' lang='lat' dir='ltr'><strong>inscitia),</strong></span> <span class='ocrx_word' id='word_1_665' title='bbox 3244 4352 3390 4420; x_wconf 88' lang='lat' dir='ltr'><strong>quod</strong></span> <span class='ocrx_word' id='word_1_666' title='bbox 3447 4363 3533 4410; x_wconf 88' lang='lat' dir='ltr'><strong>est</strong></span> 
     </span>
    </p>
   </div>
   <div class='ocr_carea' id='block_1_86' title="bbox 1954 4427 3529 4514">
    <p class='ocr_par' dir='ltr' id='par_1_86' title="bbox 1954 4427 3529 4514">
     <span class='ocr_line' id='line_1_86' title="bbox 1954 4427 3529 4514; baseline 0.013 -34"><span class='ocrx_word' id='word_1_667' title='bbox 1954 4427 2024 4481; x_wconf 87' lang='lat' dir='ltr'><strong>ab</strong></span> <span class='ocrx_word' id='word_1_668' title='bbox 2054 4429 2312 4483; x_wconf 89' lang='lat' dir='ltr'><strong>omnibus</strong></span> <span class='ocrx_word' id='word_1_669' title='bbox 2350 4444 2698 4514; x_wconf 80' lang='lat' dir='ltr'><strong>concessum,</strong></span> <span class='ocrx_word' id='word_1_670' title='bbox 2737 4442 2996 4505; x_wconf 89' lang='lat' dir='ltr'><strong>tanquam</strong></span> <span class='ocrx_word' id='word_1_671' title='bbox 3033 4439 3262 4496; x_wconf 90' lang='lat' dir='ltr'><strong>dubium</strong></span> <span class='ocrx_word' id='word_1_672' title='bbox 3292 4444 3344 4497; x_wconf 91' lang='lat' dir='ltr'><strong>in</strong></span> <span class='ocrx_word' id='word_1_673' title='bbox 3380 4460 3529 4514; x_wconf 74' lang='lat' dir='ltr'><strong>qua:-</strong></span> 
     </span>
    </p>
   </div>
   <div class='ocr_carea' id='block_1_87' title="bbox 1955 4510 3529 4602">
    <p class='ocr_par' dir='ltr' id='par_1_87' title="bbox 1955 4510 3529 4602">
     <span class='ocr_line' id='line_1_87' title="bbox 1955 4510 3529 4602; baseline 0.012 -30"><span class='ocrx_word' id='word_1_674' title='bbox 1955 4518 2134 4574; x_wconf 81' lang='lat' dir='ltr'><strong>stione</strong></span> <span class='ocrx_word' id='word_1_675' title='bbox 2160 4530 2405 4589; x_wconf 87' lang='lat' dir='ltr'><strong>ponunt;</strong></span> <span class='ocrx_word' id='word_1_676' title='bbox 2437 4530 2492 4577; x_wconf 90' lang='lat' dir='ltr'><strong>et</strong></span> <span class='ocrx_word' id='word_1_677' title='bbox 2531 4510 2677 4593; x_wconf 89' lang='lat' dir='ltr'><strong>quod</strong></span> <span class='ocrx_word' id='word_1_678' title='bbox 2718 4527 3090 4595; x_wconf 78' lang='lat' dir='ltr'><strong>manifestum,</strong></span> <span class='ocrx_word' id='word_1_679' title='bbox 3132 4510 3529 4602; x_wconf 36' lang='lat' dir='ltr'><strong>tanquam‘ob-</strong></span> 
     </span>
    </p>
   </div>
   <div class='ocr_carea' id='block_1_88' title="bbox 1955 4611 3530 4691">
    <p class='ocr_par' dir='ltr' id='par_1_88' title="bbox 1955 4611 3530 4691">
     <span class='ocr_line' id='line_1_88' title="bbox 1955 4611 3530 4691; baseline 0.012 -27"><span class='ocrx_word' id='word_1_680' title='bbox 1955 4625 2179 4665; x_wconf 89' lang='lat' dir='ltr'><strong>scurum</strong></span> <span class='ocrx_word' id='word_1_681' title='bbox 2205 4611 2492 4670; x_wconf 89' lang='lat' dir='ltr'><strong>inducunt.</strong></span> <span class='ocrx_word' id='word_1_682' title='bbox 2520 4615 2801 4686; x_wconf 88' lang='lat' dir='ltr'><strong>Siquidem</strong></span> <span class='ocrx_word' id='word_1_683' title='bbox 2827 4629 3025 4676; x_wconf 89' lang='lat' dir='ltr'><strong>natura</strong></span> <span class='ocrx_word' id='word_1_684' title='bbox 3043 4623 3303 4691; x_wconf 90' lang='lat' dir='ltr'><strong>hominis,</strong></span> <span class='ocrx_word' id='word_1_685' title='bbox 3331 4642 3530 4683; x_wconf 80' lang='lat' dir='ltr'><strong>secun-</strong></span> 
     </span>
    </p>
   </div>
   <div class='ocr_carea' id='block_1_89' title="bbox 276 4680 1863 4778">
    <p class='ocr_par' dir='ltr' id='par_1_89' title="bbox 276 4680 1848 4776">
     <span class='ocr_line' id='line_1_89' title="bbox 276 4680 1848 4776; baseline -0.001 -16"><span class='ocrx_word' id='word_1_686' title='bbox 276 4680 445 4770; x_wconf 73' lang='grc' dir='ltr'>νοίας,</span> <span class='ocrx_word' id='word_1_687' title='bbox 480 4680 579 4776; x_wconf 60' lang='grc' dir='ltr'><strong>τήν</strong></span> <span class='ocrx_word' id='word_1_688' title='bbox 598 4680 776 4773; x_wconf 78' lang='grc' dir='ltr'>ψυχὴν</span> <span class='ocrx_word' id='word_1_689' title='bbox 803 4704 898 4756; x_wconf 75' lang='grc' dir='ltr'>καὶ</span> <span class='ocrx_word' id='word_1_690' title='bbox 932 4703 991 4756; x_wconf 72' lang='grc' dir='ltr'>τὸ</span> <span class='ocrx_word' id='word_1_691' title='bbox 1018 4704 1175 4773; x_wconf 82' lang='grc' dir='ltr'>σῶμα</span> <span class='ocrx_word' id='word_1_692' title='bbox 1199 4704 1489 4774; x_wconf 82' lang='grc' dir='ltr'>δηλούσης,</span> <span class='ocrx_word' id='word_1_693' title='bbox 1522 4705 1617 4758; x_wconf 82' lang='grc' dir='ltr'>καὶ</span> <span class='ocrx_word' id='word_1_694' title='bbox 1650 4722 1848 4776; x_wconf 83' lang='grc' dir='ltr'>συσση-</span> 
     </span>
    </p>
   </div>
   <div class='ocr_carea' id='block_1_90' title="bbox 1963 4680 3528 4778">
    <p class='ocr_par' dir='ltr' id='par_1_90' title="bbox 1963 4701 3528 4778">
     <span class='ocr_line' id='line_1_90' title="bbox 1963 4701 3528 4778; baseline 0.013 -23"><span class='ocrx_word' id='word_1_695' title='bbox 1963 4701 2089 4756; x_wconf 88' lang='lat' dir='ltr'><strong>dum</strong></span> <span class='ocrx_word' id='word_1_696' title='bbox 2124 4719 2445 4760; x_wconf 90' lang='lat' dir='ltr'><strong>communes</strong></span> <span class='ocrx_word' id='word_1_697' title='bbox 2477 4708 2723 4762; x_wconf 91' lang='lat' dir='ltr'><strong>omnium</strong></span> <span class='ocrx_word' id='word_1_698' title='bbox 2754 4713 3029 4778; x_wconf 89' lang='lat' dir='ltr'><strong>notiones,</strong></span> <span class='ocrx_word' id='word_1_699' title='bbox 3062 4716 3298 4771; x_wconf 91' lang='lat' dir='ltr'><strong>animam</strong></span> <span class='ocrx_word' id='word_1_700' title='bbox 3314 4727 3370 4773; x_wconf 92' lang='lat' dir='ltr'><strong>et</strong></span> <span class='ocrx_word' id='word_1_701' title='bbox 3402 4734 3528 4774; x_wconf 88' lang='lat' dir='ltr'><strong>cor-</strong></span> 
     </span>
    </p>
   </div>
   <div class='ocr_carea' id='block_1_91' title="bbox 282 4794 1850 4868">
    <p class='ocr_par' dir='ltr' id='par_1_91' title="bbox 282 4794 1850 4868">
     <span class='ocr_line' id='line_1_91' title="bbox 282 4794 1850 4868; baseline 0 -19"><span class='ocrx_word' id='word_1_702' title='bbox 282 4797 598 4868; x_wconf 84' lang='grc' dir='ltr'>μαινούσης,</span> <span class='ocrx_word' id='word_1_703' title='bbox 631 4795 707 4856; x_wconf 88' lang='grc' dir='ltr'><strong>ὡς</strong></span> <span class='ocrx_word' id='word_1_704' title='bbox 742 4794 1000 4857; x_wconf 82' lang='grc' dir='ltr'>πολλάκις</span> <span class='ocrx_word' id='word_1_705' title='bbox 1032 4796 1189 4865; x_wconf 75' lang='grc' dir='ltr'>ἔφην,</span> <span class='ocrx_word' id='word_1_706' title='bbox 1224 4795 1302 4864; x_wconf 81' lang='grc' dir='ltr'>τῷ</span> <span class='ocrx_word' id='word_1_707' title='bbox 1335 4795 1441 4865; x_wconf 81' lang='grc' dir='ltr'><strong>ὅλῳ</strong></span> <span class='ocrx_word' id='word_1_708' title='bbox 1477 4795 1545 4849; x_wconf 84' lang='grc' dir='ltr'><strong>τὰ</strong></span> <span class='ocrx_word' id='word_1_709' title='bbox 1586 4797 1725 4867; x_wconf 82' lang='grc' dir='ltr'>μέρη</span> <span class='ocrx_word' id='word_1_710' title='bbox 1748 4813 1763 4828; x_wconf 91' lang='grc'><strong>·</strong></span> <span class='ocrx_word' id='word_1_711' title='bbox 1799 4798 1850 4850; x_wconf 80' lang='lat' dir='ltr'><strong>oi</strong></span> 
     </span>
    </p>
   </div>
   <div class='ocr_carea' id='block_1_92' title="bbox 276 4886 1848 4961">
    <p class='ocr_par' dir='ltr' id='par_1_92' title="bbox 276 4886 1848 4961">
     <span class='ocr_line' id='line_1_92' title="bbox 276 4886 1848 4961; baseline 0.001 -19"><span class='ocrx_word' id='word_1_712' title='bbox 276 4890 335 4943; x_wconf 79' lang='grc' dir='ltr'>δὲ</span> <span class='ocrx_word' id='word_1_713' title='bbox 364 4889 424 4941; x_wconf 80' lang='grc' dir='ltr'>τὸ</span> <span class='ocrx_word' id='word_1_714' title='bbox 452 4890 618 4943; x_wconf 79' lang='grc' dir='ltr'>πᾶσιν</span> <span class='ocrx_word' id='word_1_715' title='bbox 646 4886 1120 4957; x_wconf 80' lang='grc' dir='ltr'>παρακεχωρηκὺς</span> <span class='ocrx_word' id='word_1_716' title='bbox 1149 4887 1248 4955; x_wconf 84' lang='grc' dir='ltr'>τῆς</span> <span class='ocrx_word' id='word_1_717' title='bbox 1273 4888 1506 4954; x_wconf 81' lang='grc' dir='ltr'>ἐννοίας,</span> <span class='ocrx_word' id='word_1_718' title='bbox 1529 4888 1605 4951; x_wconf 88' lang='grc' dir='ltr'><strong>ώς</strong></span> <span class='ocrx_word' id='word_1_719' title='bbox 1644 4890 1848 4961; x_wconf 81' lang='grc' dir='ltr'>ἄπορον</span> 
     </span>
    </p>
   </div>
   <div class='ocr_carea' id='block_1_93' title="bbox 276 4976 1845 5050">
    <p class='ocr_par' dir='ltr' id='par_1_93' title="bbox 276 4976 1845 5050">
     <span class='ocr_line' id='line_1_93' title="bbox 276 4976 1845 5050; baseline 0.003 -20"><span class='ocrx_word' id='word_1_720' title='bbox 276 4978 647 5047; x_wconf 81' lang='grc' dir='ltr'>λαμὸάνουσιν</span> <span class='ocrx_word' id='word_1_721' title='bbox 678 4994 693 5008; x_wconf 87' lang='grc'><strong>·</strong></span> <span class='ocrx_word' id='word_1_722' title='bbox 723 4977 798 5039; x_wconf 82' lang='grc' dir='ltr'><strong>ώς</strong></span> <span class='ocrx_word' id='word_1_723' title='bbox 824 4977 890 5029; x_wconf 79' lang='grc' dir='ltr'>ἂν</span> <span class='ocrx_word' id='word_1_724' title='bbox 931 4976 982 5029; x_wconf 80' lang='grc' dir='ltr'>εἴ</span> <span class='ocrx_word' id='word_1_725' title='bbox 1004 4993 1145 5041; x_wconf 88' lang='grc' dir='ltr'>τινος</span> <span class='ocrx_word' id='word_1_726' title='bbox 1181 4978 1336 5047; x_wconf 79' lang='grc' dir='ltr'>ἡμῶν</span> <span class='ocrx_word' id='word_1_727' title='bbox 1367 4978 1801 5049; x_wconf 82' lang='grc' dir='ltr'>ἀποφαινομένου</span> <span class='ocrx_word' id='word_1_728' title='bbox 1830 5024 1845 5050; x_wconf 87' lang='grc'><strong>,</strong></span> 
     </span>
    </p>
   </div>
   <div class='ocr_carea' id='block_1_94' title="bbox 278 5068 1848 5145">
    <p class='ocr_par' dir='ltr' id='par_1_94' title="bbox 278 5068 1848 5145">
     <span class='ocr_line' id='line_1_94' title="bbox 278 5068 1848 5145; baseline 0.005 -25"><span class='ocrx_word' id='word_1_729' title='bbox 278 5069 360 5121; x_wconf 79' lang='grc' dir='ltr'>ὅτι</span> <span class='ocrx_word' id='word_1_730' title='bbox 393 5068 613 5122; x_wconf 84' lang='grc' dir='ltr'>διπλοῦν</span> <span class='ocrx_word' id='word_1_731' title='bbox 632 5087 685 5122; x_wconf 85' lang='grc' dir='ltr'><strong>τι</strong></span> <span class='ocrx_word' id='word_1_732' title='bbox 716 5068 908 5138; x_wconf 81' lang='grc' dir='ltr'>χρῆμά</span> <span class='ocrx_word' id='word_1_733' title='bbox 933 5068 1079 5121; x_wconf 75' lang='grc' dir='ltr'>ἐστιν</span> <span class='ocrx_word' id='word_1_734' title='bbox 1108 5071 1136 5122; x_wconf 87' lang='grc' dir='ltr'><strong>ό</strong></span> <span class='ocrx_word' id='word_1_735' title='bbox 1160 5070 1468 5140; x_wconf 76' lang='grc' dir='ltr'>ἄνθρωπος,</span> <span class='ocrx_word' id='word_1_736' title='bbox 1502 5074 1534 5143; x_wconf 79' lang='grc' dir='ltr'><strong>ἢ</strong></span> <span class='ocrx_word' id='word_1_737' title='bbox 1566 5073 1726 5143; x_wconf 83' lang='grc' dir='ltr'>σῶμα</span> <span class='ocrx_word' id='word_1_738' title='bbox 1751 5076 1848 5145; x_wconf 89' lang='grc' dir='ltr'>μό-</span> 
     </span>
    </p>
   </div>
   <div class='ocr_carea' id='block_1_95' title="bbox 279 5158 1848 5230">
    <p class='ocr_par' dir='ltr' id='par_1_95' title="bbox 279 5158 1848 5230">
     <span class='ocr_line' id='line_1_95' title="bbox 279 5158 1848 5230; baseline 0.004 -18"><span class='ocrx_word' id='word_1_739' title='bbox 279 5175 371 5212; x_wconf 90' lang='grc' dir='ltr'><strong>νον</strong></span> <span class='ocrx_word' id='word_1_740' title='bbox 398 5200 414 5223; x_wconf 85' lang='grc'><strong>,</strong></span> <span class='ocrx_word' id='word_1_741' title='bbox 444 5158 478 5224; x_wconf 82' lang='grc' dir='ltr'><strong>ἢ</strong></span> <span class='ocrx_word' id='word_1_742' title='bbox 507 5159 655 5230; x_wconf 83' lang='grc' dir='ltr'>ψυχὴ</span> <span class='ocrx_word' id='word_1_743' title='bbox 699 5162 859 5229; x_wconf 89' lang='grc' dir='ltr'>μόνον</span> <span class='ocrx_word' id='word_1_744' title='bbox 885 5178 898 5191; x_wconf 93' lang='grc'><strong>·</strong></span> <span class='ocrx_word' id='word_1_745' title='bbox 934 5160 1027 5213; x_wconf 74' lang='grc' dir='ltr'><strong>καὶ</strong></span> <span class='ocrx_word' id='word_1_746' title='bbox 1058 5159 1148 5213; x_wconf 87' lang='grc' dir='ltr'><strong>διά</strong></span> <span class='ocrx_word' id='word_1_747' title='bbox 1188 5160 1348 5213; x_wconf 87' lang='grc' dir='ltr'>τοῦτο</span> <span class='ocrx_word' id='word_1_748' title='bbox 1380 5160 1590 5225; x_wconf 80' lang='grc' dir='ltr'>ἀξιοῦσι</span> <span class='ocrx_word' id='word_1_749' title='bbox 1631 5166 1725 5217; x_wconf 77' lang='grc' dir='ltr'>καὶ</span> <span class='ocrx_word' id='word_1_750' title='bbox 1754 5167 1848 5218; x_wconf 76' lang='grc' dir='ltr'><strong>ἐπὶ</strong></span> 
     </span>
    </p>
   </div>
   <div class='ocr_carea' id='block_1_96' title="bbox 1958 4793 3525 4875">
    <p class='ocr_par' dir='ltr' id='par_1_96' title="bbox 1958 4793 3525 4875">
     <span class='ocr_line' id='line_1_96' title="bbox 1958 4793 3525 4875; baseline 0.011 -29"><span class='ocrx_word' id='word_1_751' title='bbox 1958 4809 2063 4862; x_wconf 88' lang='lat' dir='ltr'><strong>pus</strong></span> <span class='ocrx_word' id='word_1_752' title='bbox 2107 4793 2412 4865; x_wconf 79' lang='lat' dir='ltr'><strong>signiﬁcat;</strong></span> <span class='ocrx_word' id='word_1_753' title='bbox 2441 4807 2496 4851; x_wconf 90' lang='lat' dir='ltr'><strong>et</strong></span> <span class='ocrx_word' id='word_1_754' title='bbox 2529 4800 2930 4869; x_wconf 81' lang='lat' dir='ltr'><strong>eonsigniﬁcat,</strong></span> <span class='ocrx_word' id='word_1_755' title='bbox 2966 4813 3026 4857; x_wconf 92' lang='lat' dir='ltr'><strong>ut</strong></span> <span class='ocrx_word' id='word_1_756' title='bbox 3058 4820 3199 4875; x_wconf 61' lang='lat' dir='ltr'><strong>same</strong></span> <span class='ocrx_word' id='word_1_757' title='bbox 3236 4804 3370 4871; x_wconf 81' lang='lat' dir='ltr'><strong>dixi,</strong></span> <span class='ocrx_word' id='word_1_758' title='bbox 3397 4823 3525 4863; x_wconf 89' lang='lat' dir='ltr'><strong>cum</strong></span> 
     </span>
    </p>
   </div>
   <div class='ocr_carea' id='block_1_97' title="bbox 1958 4887 3531 4965">
    <p class='ocr_par' dir='ltr' id='par_1_97' title="bbox 1958 4887 3531 4965">
     <span class='ocr_line' id='line_1_97' title="bbox 1958 4887 3531 4965; baseline 0.011 -25"><span class='ocrx_word' id='word_1_759' title='bbox 1958 4894 2073 4941; x_wconf 88' lang='lat' dir='ltr'><strong>toto</strong></span> <span class='ocrx_word' id='word_1_760' title='bbox 2103 4895 2309 4956; x_wconf 85' lang='lat' dir='ltr'><strong>partes.</strong></span> <span class='ocrx_word' id='word_1_761' title='bbox 2351 4887 2443 4942; x_wconf 86' lang='lat' dir='ltr'><strong>Isti</strong></span> <span class='ocrx_word' id='word_1_762' title='bbox 2473 4905 2605 4943; x_wconf 88' lang='lat' dir='ltr'><strong>vero</strong></span> <span class='ocrx_word' id='word_1_763' title='bbox 2638 4892 2782 4960; x_wconf 91' lang='lat' dir='ltr'><strong>quod</strong></span> <span class='ocrx_word' id='word_1_764' title='bbox 2816 4908 2847 4947; x_wconf 92' lang='lat' dir='ltr'><strong>a</strong></span> <span class='ocrx_word' id='word_1_765' title='bbox 2881 4893 3214 4965; x_wconf 72' lang='lat' dir='ltr'><strong>cogitatione</strong></span> <span class='ocrx_word' id='word_1_766' title='bbox 3278 4899 3531 4958; x_wconf 85' lang='lat' dir='ltr'><strong>omnium</strong></span> 
     </span>
    </p>
   </div>
   <div class='ocr_carea' id='block_1_98' title="bbox 1957 4978 3524 5062">
    <p class='ocr_par' dir='ltr' id='par_1_98' title="bbox 1957 4978 3524 5062">
     <span class='ocr_line' id='line_1_98' title="bbox 1957 4978 3524 5062; baseline 0.011 -32"><span class='ocrx_word' id='word_1_767' title='bbox 1957 4978 2203 5042; x_wconf 88' lang='lat' dir='ltr'><strong>recessit,</strong></span> <span class='ocrx_word' id='word_1_768' title='bbox 2263 4986 2518 5050; x_wconf 89' lang='lat' dir='ltr'><strong>tanquam</strong></span> <span class='ocrx_word' id='word_1_769' title='bbox 2571 4981 2801 5037; x_wconf 91' lang='lat' dir='ltr'><strong>dubium</strong></span> <span class='ocrx_word' id='word_1_770' title='bbox 2849 4989 3290 5058; x_wconf 86' lang='lat' dir='ltr'><strong>sumunt;quasi</strong></span> <span class='ocrx_word' id='word_1_771' title='bbox 3324 4992 3524 5062; x_wconf 85' lang='lat' dir='ltr'><strong>aliquis</strong></span> 
     </span>
    </p>
   </div>
   <div class='ocr_carea' id='block_1_99' title="bbox 1952 5066 3520 5151">
    <p class='ocr_par' dir='ltr' id='par_1_99' title="bbox 1952 5066 3520 5151">
     <span class='ocr_line' id='line_1_99' title="bbox 1952 5066 3520 5151; baseline 0.011 -33"><span class='ocrx_word' id='word_1_772' title='bbox 1952 5074 2203 5121; x_wconf 88' lang='lat' dir='ltr'><strong>nostrum</strong></span> <span class='ocrx_word' id='word_1_773' title='bbox 2247 5066 2497 5132; x_wconf 84' lang='lat' dir='ltr'><strong>aﬂirmet,</strong></span> <span class='ocrx_word' id='word_1_774' title='bbox 2530 5070 2677 5138; x_wconf 90' lang='lat' dir='ltr'><strong>quod</strong></span> <span class='ocrx_word' id='word_1_775' title='bbox 2718 5071 2883 5128; x_wconf 91' lang='lat' dir='ltr'><strong>homo</strong></span> <span class='ocrx_word' id='word_1_776' title='bbox 2923 5084 3007 5129; x_wconf 91' lang='lat' dir='ltr'><strong>est</strong></span> <span class='ocrx_word' id='word_1_777' title='bbox 3039 5075 3248 5146; x_wconf 91' lang='lat' dir='ltr'><strong>aliquid</strong></span> <span class='ocrx_word' id='word_1_778' title='bbox 3297 5078 3520 5151; x_wconf 75' lang='lat' dir='ltr'><strong>duplex,</strong></span> 
     </span>
    </p>
   </div>
   <div class='ocr_carea' id='block_1_100' title="bbox 1950 5156 3522 5229">
    <p class='ocr_par' dir='ltr' id='par_1_100' title="bbox 1950 5156 3522 5229">
     <span class='ocr_line' id='line_1_100' title="bbox 1950 5156 3522 5229; baseline 0.012 -20"><span class='ocrx_word' id='word_1_779' title='bbox 1950 5156 2035 5210; x_wconf 84' lang='lat' dir='ltr'><strong>vel</strong></span> <span class='ocrx_word' id='word_1_780' title='bbox 2065 5170 2266 5226; x_wconf 89' lang='lat' dir='ltr'><strong>corpus</strong></span> <span class='ocrx_word' id='word_1_781' title='bbox 2315 5157 2515 5223; x_wconf 92' lang='lat' dir='ltr'><strong>solum,</strong></span> <span class='ocrx_word' id='word_1_782' title='bbox 2548 5160 2633 5213; x_wconf 88' lang='lat' dir='ltr'><strong>vel</strong></span> <span class='ocrx_word' id='word_1_783' title='bbox 2690 5161 2872 5218; x_wconf 88' lang='lat' dir='ltr'><strong>anima</strong></span> <span class='ocrx_word' id='word_1_784' title='bbox 2903 5163 3047 5229; x_wconf 89' lang='lat' dir='ltr'><strong>sola;</strong></span> <span class='ocrx_word' id='word_1_785' title='bbox 3078 5176 3134 5222; x_wconf 93' lang='lat' dir='ltr'><strong>et</strong></span> <span class='ocrx_word' id='word_1_786' title='bbox 3162 5166 3288 5224; x_wconf 82' lang='lat' dir='ltr'><strong>ideo</strong></span> <span class='ocrx_word' id='word_1_787' title='bbox 3330 5172 3522 5228; x_wconf 83' lang='lat' dir='ltr'><strong>volunt</strong></span> 
     </span>
    </p>
   </div>
   <div class='ocr_carea' id='block_1_101' title="bbox 277 5248 1863 5329">
    <p class='ocr_par' dir='ltr' id='par_1_101' title="bbox 277 5248 1847 5327">
     <span class='ocr_line' id='line_1_101' title="bbox 277 5248 1847 5327; baseline 0.004 -26"><span class='ocrx_word' id='word_1_788' title='bbox 277 5249 517 5318; x_wconf 81' lang='grc' dir='ltr'>Χριστοῦ</span> <span class='ocrx_word' id='word_1_789' title='bbox 565 5252 715 5321; x_wconf 79' lang='grc' dir='ltr'>τρεῖς</span> <span class='ocrx_word' id='word_1_790' title='bbox 742 5250 921 5319; x_wconf 82' lang='grc' dir='ltr'>λέγειν</span> <span class='ocrx_word' id='word_1_791' title='bbox 960 5248 1175 5318; x_wconf 77' lang='grc' dir='ltr'>φύσεις,</span> <span class='ocrx_word' id='word_1_792' title='bbox 1210 5250 1284 5313; x_wconf 87' lang='grc' dir='ltr'><strong>ώς</strong></span> <span class='ocrx_word' id='word_1_793' title='bbox 1316 5251 1413 5320; x_wconf 81' lang='grc' dir='ltr'>οὐχ</span> <span class='ocrx_word' id='word_1_794' title='bbox 1445 5254 1636 5325; x_wconf 81' lang='grc' dir='ltr'>ἱκανῆς</span> <span class='ocrx_word' id='word_1_795' title='bbox 1679 5254 1847 5327; x_wconf 74' lang='grc' dir='ltr'>οὔσης</span> 
     </span>
    </p>
   </div>
   <div class='ocr_carea' id='block_1_102' title="bbox 1963 5248 3516 5329">
    <p class='ocr_par' dir='ltr' id='par_1_102' title="bbox 1963 5250 3516 5329">
     <span class='ocr_line' id='line_1_102' title="bbox 1963 5250 3516 5329; baseline 0.01 -24"><span class='ocrx_word' id='word_1_796' title='bbox 1963 5250 2134 5308; x_wconf 87' lang='lat' dir='ltr'><strong>licere</strong></span> <span class='ocrx_word' id='word_1_797' title='bbox 2166 5252 2222 5306; x_wconf 89' lang='lat' dir='ltr'><strong>in</strong></span> <span class='ocrx_word' id='word_1_798' title='bbox 2247 5251 2466 5307; x_wconf 88' lang='lat' dir='ltr'><strong>Christo</strong></span> <span class='ocrx_word' id='word_1_799' title='bbox 2490 5260 2602 5308; x_wconf 91' lang='lat' dir='ltr'><strong>tres</strong></span> <span class='ocrx_word' id='word_1_800' title='bbox 2641 5264 2887 5322; x_wconf 88' lang='lat' dir='ltr'><strong>naturas,</strong></span> <span class='ocrx_word' id='word_1_801' title='bbox 2919 5258 3074 5329; x_wconf 89' lang='lat' dir='ltr'><strong>quasi</strong></span> <span class='ocrx_word' id='word_1_802' title='bbox 3111 5270 3310 5318; x_wconf 90' lang='lat' dir='ltr'><strong>natura</strong></span> <span class='ocrx_word' id='word_1_803' title='bbox 3334 5264 3516 5321; x_wconf 84' lang='lat' dir='ltr'><strong>homi-</strong></span> 
     </span>
    </p>
   </div>
   <div class='ocr_carea' id='block_1_103' title="bbox 277 5338 1839 5419">
    <p class='ocr_par' dir='ltr' id='par_1_103' title="bbox 277 5338 1839 5419">
     <span class='ocr_line' id='line_1_103' title="bbox 277 5338 1839 5419; baseline 0.006 -28"><span class='ocrx_word' id='word_1_804' title='bbox 277 5339 378 5405; x_wconf 73' lang='grc' dir='ltr'>τῆς</span> <span class='ocrx_word' id='word_1_805' title='bbox 408 5338 695 5411; x_wconf 85' lang='grc' dir='ltr'>ἀνθρώπου</span> <span class='ocrx_word' id='word_1_806' title='bbox 722 5339 937 5407; x_wconf 81' lang='grc' dir='ltr'>φύσεως</span> <span class='ocrx_word' id='word_1_807' title='bbox 963 5340 1364 5410; x_wconf 83' lang='grc' dir='ltr'>συνεπάγεσθαι</span> <span class='ocrx_word' id='word_1_808' title='bbox 1390 5342 1557 5414; x_wconf 76' lang='grc' dir='ltr'>ἑαυτῇ</span> <span class='ocrx_word' id='word_1_809' title='bbox 1584 5343 1653 5397; x_wconf 85' lang='grc' dir='ltr'><strong>τὰ</strong></span> <span class='ocrx_word' id='word_1_810' title='bbox 1680 5345 1839 5419; x_wconf 82' lang='grc' dir='ltr'>μέρη.</span> 
     </span>
    </p>
   </div>
   <div class='ocr_carea' id='block_1_104' title="bbox 1945 5344 3516 5426">
    <p class='ocr_par' dir='ltr' id='par_1_104' title="bbox 1945 5344 3516 5426">
     <span class='ocr_line' id='line_1_104' title="bbox 1945 5344 3516 5426; baseline 0.01 -27"><span class='ocrx_word' id='word_1_811' title='bbox 1945 5344 2033 5400; x_wconf 86' lang='lat' dir='ltr'><strong>nis</strong></span> <span class='ocrx_word' id='word_1_812' title='bbox 2059 5361 2167 5401; x_wconf 91' lang='lat' dir='ltr'><strong>non</strong></span> <span class='ocrx_word' id='word_1_813' title='bbox 2200 5345 2334 5401; x_wconf 87' lang='lat' dir='ltr'><strong>satis</strong></span> <span class='ocrx_word' id='word_1_814' title='bbox 2360 5346 2430 5400; x_wconf 86' lang='lat' dir='ltr'><strong>sit</strong></span> <span class='ocrx_word' id='word_1_815' title='bbox 2460 5347 2527 5401; x_wconf 90' lang='lat' dir='ltr'><strong>ad</strong></span> <span class='ocrx_word' id='word_1_816' title='bbox 2558 5346 2903 5406; x_wconf 82' lang='lat' dir='ltr'><strong>inferendum</strong></span> <span class='ocrx_word' id='word_1_817' title='bbox 2930 5368 3117 5408; x_wconf 90' lang='lat' dir='ltr'><strong>secum</strong></span> <span class='ocrx_word' id='word_1_818' title='bbox 3143 5366 3345 5426; x_wconf 89' lang='lat' dir='ltr'><strong>partes.</strong></span> <span class='ocrx_word' id='word_1_819' title='bbox 3371 5359 3516 5416; x_wconf 82' lang='lat' dir='ltr'><strong>Duas</strong></span> 
     </span>
    </p>
   </div>
   <div class='ocr_carea' id='block_1_105' title="bbox 278 5426 1863 5535">
    <p class='ocr_par' dir='ltr' id='par_1_105' title="bbox 278 5426 1842 5499">
     <span class='ocr_line' id='line_1_105' title="bbox 278 5426 1842 5499; baseline 0.005 -21"><span class='ocrx_word' id='word_1_820' title='bbox 278 5426 385 5481; x_wconf 91' lang='grc' dir='ltr'>Δύο</span> <span class='ocrx_word' id='word_1_821' title='bbox 427 5428 533 5499; x_wconf 83' lang='grc' dir='ltr'><strong>γάρ</strong></span> <span class='ocrx_word' id='word_1_822' title='bbox 578 5434 766 5496; x_wconf 85' lang='grc' dir='ltr'>φύσεις</span> <span class='ocrx_word' id='word_1_823' title='bbox 803 5426 1034 5497; x_wconf 81' lang='grc' dir='ltr'>λέγομεν</span> <span class='ocrx_word' id='word_1_824' title='bbox 1066 5428 1125 5481; x_wconf 82' lang='grc' dir='ltr'><strong>ού</strong></span> <span class='ocrx_word' id='word_1_825' title='bbox 1151 5426 1287 5480; x_wconf 77' lang='grc' dir='ltr'>Θεοῦ</span> <span class='ocrx_word' id='word_1_826' title='bbox 1318 5427 1413 5480; x_wconf 64' lang='lat' dir='ltr'><strong>atati.</strong></span> <span class='ocrx_word' id='word_1_827' title='bbox 1456 5429 1689 5499; x_wconf 75' lang='grc' dir='ltr'>σαρκὸς,</span> <span class='ocrx_word' id='word_1_828' title='bbox 1720 5430 1842 5486; x_wconf 71' lang='grc' dir='ltr'>οὕτε</span> 
     </span>
    </p>
   </div>
   <div class='ocr_carea' id='block_1_106' title="bbox 1963 5426 3514 5535">
    <p class='ocr_par' dir='ltr' id='par_1_106' title="bbox 1963 5435 3514 5521">
     <span class='ocr_line' id='line_1_106' title="bbox 1963 5435 3514 5521; baseline 0.01 -31"><span class='ocrx_word' id='word_1_829' title='bbox 1963 5435 2093 5492; x_wconf 65' lang='lat' dir='ltr'><strong>anim</strong></span> <span class='ocrx_word' id='word_1_830' title='bbox 2140 5445 2367 5495; x_wconf 88' lang='lat' dir='ltr'><strong>naturas</strong></span> <span class='ocrx_word' id='word_1_831' title='bbox 2410 5437 2668 5509; x_wconf 89' lang='lat' dir='ltr'><strong>dicimus,</strong></span> <span class='ocrx_word' id='word_1_832' title='bbox 2700 5456 2809 5498; x_wconf 90' lang='lat' dir='ltr'><strong>non</strong></span> <span class='ocrx_word' id='word_1_833' title='bbox 2839 5443 2935 5499; x_wconf 87' lang='lat' dir='ltr'><strong>Dei</strong></span> <span class='ocrx_word' id='word_1_834' title='bbox 2984 5454 3041 5501; x_wconf 90' lang='lat' dir='ltr'><strong>et</strong></span> <span class='ocrx_word' id='word_1_835' title='bbox 3090 5448 3291 5516; x_wconf 84' lang='lat' dir='ltr'><strong>carnis,</strong></span> <span class='ocrx_word' id='word_1_836' title='bbox 3335 5466 3514 5521; x_wconf 75' lang='lat' dir='ltr'><strong>neque</strong></span> 
     </span>
    </p>
   </div>
   <div class='ocr_carea' id='block_1_107' title="bbox 352 5641 834 5709">
    <p class='ocr_par' dir='ltr' id='par_1_107' title="bbox 352 5641 834 5709">
     <span class='ocr_line' id='line_1_107' title="bbox 352 5641 834 5709; baseline -0.004 -12"><span class='ocrx_word' id='word_1_837' title='bbox 352 5642 373 5672; x_wconf 90' lang='grc'><em>³</em></span> <span class='ocrx_word' id='word_1_838' title='bbox 403 5641 574 5697; x_wconf 83' lang='lat' dir='ltr'><strong>Eccli.</strong></span> <span class='ocrx_word' id='word_1_839' title='bbox 604 5656 712 5709; x_wconf 76' lang='lat' dir='ltr'><strong>xxx,</strong></span> <span class='ocrx_word' id='word_1_840' title='bbox 745 5642 834 5697; x_wconf 60' lang='grc' dir='ltr'>τι.</span> 
     </span>
    </p>
   </div>
   <div class='ocr_carea' id='block_1_108' title="bbox 352 5807 1699 5883">
    <p class='ocr_par' dir='ltr' id='par_1_108' title="bbox 352 5807 1699 5883">
     <span class='ocr_line' id='line_1_108' title="bbox 352 5807 1699 5883; baseline 0.006 -19"><span class='ocrx_word' id='word_1_841' title='bbox 352 5808 467 5880; x_wconf 69' lang='lat'><strong>(23)</strong></span> <span class='ocrx_word' id='word_1_842' title='bbox 490 5807 549 5862; x_wconf 89' lang='lat' dir='ltr'><strong>In</strong></span> <span class='ocrx_word' id='word_1_843' title='bbox 580 5823 750 5881; x_wconf 65' lang='lat' dir='ltr'><strong>marg.</strong></span> <span class='ocrx_word' id='word_1_844' title='bbox 778 5807 1053 5865; x_wconf 75' lang='grc' dir='ltr'>τουτέστιν</span> <span class='ocrx_word' id='word_1_845' title='bbox 1078 5810 1185 5867; x_wconf 80' lang='grc' dir='ltr'><strong>τῶν</strong></span> <span class='ocrx_word' id='word_1_846' title='bbox 1212 5810 1346 5867; x_wconf 68' lang='grc' dir='ltr'>ὅλων</span> <span class='ocrx_word' id='word_1_847' title='bbox 1379 5810 1699 5883; x_wconf 75' lang='grc' dir='ltr'>ἀνθρώπων.</span> 
     </span>
    </p>
   </div>
  </div>
