4068 6544
571 435 704 501 1295

1832 430 2141 494 LEONTII
2178 426 2584 491 BYZANTINI

3687 415 3831 480 1296

566 547 666 602 Dei
694 555 749 601 et
766 545 981 610 animae,
1012 541 1108 600 sed
1135 542 1230 598 Dei
1261 553 1320 600 et
1341 542 1601 599 hominis.
1626 541 1736 598 Nec
1755 543 1900 597 enim
1922 541 2141 612 proprie

2247 538 2351 608 μὴν
2384 534 2520 590 Θεοῦ
2541 535 2638 591 καὶ
2665 533 2864 608 ψυχῆς,
2905 531 3042 586 ἀλλά
3073 527 3210 583 Θεοῦ
3247 526 3342 583 καὶ
3372 525 3687 598 ἀνθρώπου.
3717 527 3832 578 ού-

565 644 652 690 est
685 644 880 689 natura
921 632 1180 696 hominis,
1215 641 1414 687 natura
1453 630 1644 701 partis.
1666 630 1844 695 Quare
1873 629 1967 698 qui
1998 626 2137 681 dixit

565 726 845 794 hominem
898 726 982 779 vel
1031 732 1284 778 naturam
1345 722 1606 787 hominis,
1641 729 1870 774 naturas
1899 719 2141 774 declara-

566 820 680 884 vit;
721 818 815 888 qui
871 827 1056 872 autem
1111 815 1395 872 Christum
1452 812 1780 876 nominavit,
1803 815 2009 881 meque
2038 823 2140 864 no-

567 927 689 965 men
730 920 943 965 certum
992 918 1049 962 et
1093 907 1300 962 nostris
1337 905 1656 961 notionihus
1696 903 2008 974 subjectum
2041 916 2141 956 no-

567 1002 818 1067 minavit,
840 1016 1017 1070 neque
1049 1015 1164 1055 rem
1195 997 1521 1054 declaravit.

635 1215 1036 1272 Declaranthoc
1061 1213 1243 1267 multae
1266 1221 1322 1265 et
1346 1210 1512 1264 variae
1531 1217 1587 1264 et
1600 1209 1742 1262 inter
1756 1222 1813 1262 se
1831 1215 2140 1278 pugnantes

564 1310 632 1365 de
661 1325 726 1361 eo
764 1307 908 1378 apud
936 1305 1281 1360 Christianos
1327 1300 1639 1371 opiniones,
1672 1314 1794 1370 quae
1817 1313 1930 1353 non
1973 1296 2141 1353 exsti-

565 1403 778 1466 tissent,
810 1400 856 1455 si
886 1400 1069 1454 statim
1092 1413 1295 1451 nomen
1325 1394 1534 1450 Christi
1571 1393 1866 1448 veritatem
1889 1391 1969 1447 rei
2001 1391 2138 1446 sub-

562 1499 719 1566 jecue
771 1491 1127 1562 signiﬁcaret.
1153 1489 1221 1544 At
1248 1486 1547 1559 appellatio
1565 1485 1810 1540 hominis
1829 1484 2139 1539 communis

561 1597 666 1653 est,
700 1596 756 1642 et
801 1583 1060 1639 omnibus
1097 1582 1338 1652 vulgata,
1383 1577 1441 1636 et
1494 1579 1730 1634 maxime
1785 1577 2134 1632 Christianis.

561 1679 770 1732 Nomen
829 1689 960 1730 vero
1012 1671 1218 1728 Christi
1269 1671 1446 1726 simile
1508 1678 1594 1724 est
1640 1669 1850 1723 nomini
1907 1668 2044 1723 artis
2083 1677 2140 1722 et

562 1764 823 1821 scicntia.
859 1762 930 1818 Ut
982 1762 1128 1816 enim
1173 1762 1265 1815 illa
1319 1757 1544 1813 nomina
1591 1759 1730 1812 artis
1777 1766 1835 1812 et
1889 1756 2139 1812 scientia)

561 1858 640 1913 illi
674 1866 886 1912 tantum
912 1856 1116 1918 sciunt,
1163 1855 1254 1923 qui
1304 1853 1448 1907 illam
1485 1851 1839 1921 disciplinam
1871 1865 2137 1920 percepe-

2243 629 2302 682 δὶ
2335 627 2446 699 γάρ
2497 629 2645 680 ἔστιν
2697 624 2903 696 κυρίως
2937 619 3230 694 ἀνθρώπου
3271 619 3469 689 φύσις,
3513 622 3548 690 ἠ
3593 618 3689 672 τοῦ
3727 620 3826 688 μέ·

2245 738 2370 792 ρους
2428 718 2612 789 φύσις.
2668 718 2830 770 Ὥστε
2908 717 2937 768 ὁ
2991 717 3163 769 εἰπὼν
3229 712 3516 784 ἄνθρωπον
3568 712 3603 782 ἢ
3659 709 3830 778 φύσιν

2239 812 2559 885 ἀνθρώπου,
2602 809 2703 873 τὰς
2734 807 2930 878 φύσεις
2965 807 3234 877 ἐδήλωσεν
3253 814 3269 837 ⁸
3298 807 3330 859 ὁ
3354 806 3412 860 δὲ
3445 805 3681 876 Χριστὸν
3707 805 3830 856 ὀνο-

2244 906 2427 974 μάσας
2451 947 2466 969 ,
2511 903 2610 972 οὐχ
2637 901 3079 972 ὁμολογουμένην
3109 901 3202 954 καὶ
3231 902 3352 963 ταῖς
3382 899 3617 961 ἐννοίαις
3666 895 3831 970 ἡμῶν

2240 995 2677 1060 ύποπίπτουσαν,
2707 991 2832 1047 οὔτε
2849 993 3041 1065 κλῆσιν
3067 992 3381 1063 ὠνόμασεν,
3414 989 3540 1044 οὔτε
3587 991 3832 1062 πρᾶγμα

2239 1086 2566 1156 δελήλωκεν.

2309 1211 2422 1264 Καὶ
2463 1209 2718 1280 δηλοῦσιν
2756 1210 2814 1263 αι
2842 1209 3094 1280 διάφοροι
3137 1209 3265 1279 περὶ
3305 1207 3473 1262 αὑτοῦ
3499 1208 3654 1279 παρὰ
3686 1209 3828 1281 Χρι-

2241 1304 2478 1365 στιανοῖς
2498 1301 2672 1369 δόξαι,
2709 1301 2904 1354 πολλαί
2929 1316 2990 1354 τε
3024 1299 3120 1354 καὶ
3149 1299 3389 1355 ποικίλαι
3417 1301 3787 1370 τυγχάνουσαι
3810 1343 3824 1361 ,

2239 1398 2336 1451 καὶ
2383 1397 2646 1468 ἀλλήλαις
2678 1397 3079 1468 διαμαχόμεναι
3105 1395 3256 1465 ’κούκ
3308 1395 3376 1449 ἂν
3421 1395 3739 1465 γενόμεναι,
3776 1398 3824 1449 εί

2240 1489 2447 1553 εὐθέως
2472 1490 2505 1558 ἠ
2554 1487 2649 1543 τοῦ
2679 1487 2921 1559 Χριστοῦ
2969 1486 3316 1559 προσηγορία
3343 1487 3447 1559 τὴν
3475 1486 3570 1542 τοῦ
3600 1487 3822 1541 ὑποκειο

2243 1582 2405 1652 μένου
2454 1582 2781 1652 πράγματος
2835 1578 3096 1651 ἀλήθειαν
3134 1578 3428 1650 ἐσήμανεν.
3485 1580 3625 1635 Ἀλλ’
3653 1583 3688 1653 η
3720 1583 3824 1651 μὲν

2239 1673 2531 1745 ἀνθρώπου
2565 1671 2927 1744 προσηγορία,
2956 1673 3112 1742 κοινή
3138 1670 3221 1734 τίς
3247 1673 3359 1724 ἐστι
3393 1671 3488 1724 καὶ
3513 1673 3647 1725 πᾶσι
3666 1671 3822 1741 δεδη-

2244 1765 2580 1837 μοσιευμένη
2602 1807 2617 1830 ,
2648 1765 2747 1835 οὐχ
2779 1764 2981 1835 ἥκιστα
3018 1764 3075 1818 δὲ
3114 1764 3486 1835 Χριστιανοῖς.
3547 1763 3612 1817 Ἦ
3638 1763 3693 1818 δὲ
3724 1762 3821 1817 τοῦ

2239 1855 2478 1926 Χριστοῦ
2510 1855 2749 1926 τεχνικῷ
2773 1857 2870 1908 καὶ
2902 1854 3315 1927 ἐπιστημονικιῷ
3354 1857 3678 1926 προσέοικεν
3705 1858 3824 1910 ὀνό-

552 1941 727 2015 rimt;
777 1949 859 2004 sic
889 1947 959 2002 iis
1008 1955 1220 2001 tantum
1253 1945 1344 2014 qui
1380 1944 1436 1998 in
1483 1943 1690 1999 divinis
1728 1943 1933 1998 eruditi
1959 1951 2136 2010 .sunt,

2246 1967 2400 2021 ματι.
2443 1950 2532 2014 Ὧς
2555 1949 2666 2020 γὰρ
2692 1951 2878 2003 ἐκεῖνα
2900 1949 3050 2020 μόνοι
3071 1949 3254 2003 ἴσασιν
3285 1951 3334 2002 oi.
3367 1949 3466 2020 τῆς
3484 1950 3655 2019 αὐτῆς
3689 1966 3823 2021 μετ-

549 2043 764 2099 γει-ἱιθε
809 2041 873 2096 in
911 2041 1015 2095 hoc
1047 2040 1269 2094 nomine
1315 2035 1522 2103 abdita,
1555 2036 1846 2106 explanata
1889 2044 1996 2091 est.
2029 2034 2134 2090 Te-

559 2144 778 2192 stantur
831 2134 935 2205 ipsi
977 2147 1168 2188 verum
1212 2146 1333 2185 esse
1379 2129 1528 2200 quod
1591 2128 1737 2194 dico,
1781 2129 1878 2198 qni
1919 2142 2136 2198 semper

561 2228 840 2284 affirmant
871 2242 939 2282 ex
979 2223 1193 2280 duabus
1216 2223 1431 2277 naturis
1458 2230 1713 2277 constare
1741 2219 2045 2284 Christum,
2081 2228 2138 2273 et

561 2333 842 2390 nunquam
894 2332 962 2372 ex
1008 2315 1186 2369 tribus
1239 2313 1477 2376 naturis,
1511 2311 1763 2381 quamvis
1788 2311 2027 2365 animam
2051 2325 2139 2364 ra-

561 2410 728 2466 tionis
758 2407 1086 2480 participem
1109 2405 1258 2460 carni
1285 2404 1488 2459 Christi
1517 2403 1784 2458 tribuunt.
1808 2401 1930 2458 Sint
1951 2401 2136 2472 itaque

563 2503 650 2559 isti
691 2500 854 2573 primi
883 2506 1136 2554 auctores
1169 2506 1225 2550 et
1256 2496 1425 2550 duces
1459 2494 1622 2565 hujus
1644 2493 1894 2557 inscitiae,
1921 2502 1976 2548 et
2006 2509 2138 2547 con-

563 2594 865 2652 ﬁtebuntur
923 2606 989 2646 ex
1035 2588 1212 2644 tribus
1243 2602 1369 2642 eum
1422 2585 1636 2640 naturis
1661 2599 1783 2640 esse
1813 2602 1825 2637 :
1857 2592 1914 2639 et
1950 2599 2049 2639 nos
2082 2585 2136 2640 in

560 2701 629 2741 eo
674 2684 1107 2754 acquiescemus,
1143 2678 1289 2750 quod
1340 2677 1671 2733 confitemur
1717 2691 1780 2731 ea
1828 2691 1896 2730 ex
1919 2675 2138 2746 ‘quibus

561 2780 740 2834 factus
793 2784 897 2839 est,
944 2772 1175 2837 servari,
1201 2773 1255 2825 in
1313 2783 1424 2839 quo
1458 2768 1576 2823 haec
1623 2776 1931 2822 noscuntur
1960 2783 2133 2823 esse:

562 2869 835 2941 siquidem
863 2881 970 2921 non
993 2881 1060 2920 ex
1098 2863 1276 2917 tribus
1299 2862 1498 2929 solum,
1520 2860 1615 2914 sed
1637 2876 1702 2915 ex
1733 2859 1984 2928 pluribus
2009 2875 2135 2915 cum

559 2977 688 3019 esse
734 2962 922 3016 dicere
970 2964 1256 3028 cogentur,
1311 2963 1372 3009 ut
1417 2952 1956 3017 demonstrabimus;
2006 2953 2137 3022 quia

531 3055 742 3110 vadhuc
799 3065 987 3108 rerum
1035 3048 1270 3118 simplex
1300 3056 1357 3101 et
1384 3045 1658 3116 generalis
1707 3043 1860 3100 notio
1892 3043 2043 3108 facit,
2077 3053 2137 3099 ut

561 3145 931 3218 cognitionem
961 3141 1263 3196 habeamus
1307 3139 1648 3201 universam,
1674 3145 1730 3190 et
1795 3151 1905 3191 non
1959 3135 2136 3206 expli-

547 3246 740 3296 catam
789 3256 802 3292 :
844 3237 1043 3292 horum
1070 3243 1252 3288 autem
1293 3231 1493 3287 divisio
1524 3231 1882 3302 cogitatione,
1917 3231 1984 3286 ad
2007 3247 2133 3301 per-

2247 2045 2532 2116 ειληχότες
2569 2043 2822 2107 παιδείας
2847 2085 2862 2110 ,
2887 2043 3032 2096 οὕτω
3097 2043 3282 2113 μόνοις
3327 2044 3440 2106 τοῖς
3491 2041 3562 2096 τὰ
3590 2041 3711 2095 θεῖα
3740 2058 3826 2095 σο-

2245 2139 2387 2208 φοῖς,
2418 2135 2753 2209 τετράνωται
2780 2136 2812 2208 ἠ
2847 2136 2907 2189 ὲν
2937 2134 3016 2206 τῷ
3042 2135 3266 2205 ὀνόματι
3300 2133 3660 2206 κεκρυμμένη
3695 2133 3826 2204 diti;-

2245 2230 2388 2284 θεια.
2433 2222 2789 2300 Μαρτυροῦσι
2819 2227 2878 2280 δὲ
2911 2226 3008 2280 καὶ⁵
3041 2226 3196 2281 αὐτοὶ
3239 2229 3304 2297 τῇ
3335 2225 3564 2298 ἀληθείᾳ
3599 2225 3696 2279 τοῦ
3734 2226 3825 2279 λό-
3909 2229 3920 2239 '

2243 2340 2365 2392 γου,
2419 2323 2484 2376 ἐκ
2538 2321 2633 2375 δύο
2697 2319 2796 2392 μὲν
2847 2318 3062 2388 φύσεων
3099 2317 3185 2371 ἀεὶ
3217 2315 3690 2386 διαδεδαιουμένοι
3733 2317 3828 2370 τὸν

2243 2413 2480 2486 Χριστὸν
2506 2454 2519 2477 ,
2557 2411 2680 2466 οὐδέ
2713 2429 2844 2468 ποτε
2873 2411 2930 2466 δὲ
2969 2411 3133 2465 αὐτὸν
3167 2411 3232 2464 ἐκ
3261 2409 3431 2481 τριῶν
3465 2409 3683 2477 φύσεων
3722 2427 3826 2463 κα·-

2243 2506 2501 2568 ).ἑσαντες
2527 2519 2542 2532 ’
2576 2503 2783 2573 καίπερ
2810 2501 2904 2556 καὶ
2925 2500 3104 2572 ψυχὴν
3131 2500 3356 2570 λογικὴν
3378 2539 3393 2564 ,
3426 2501 3494 2571 τῇ
3534 2501 3700 2570 σαρκὶ⁵
3728 2498 3824 2553 τοῦ

2243 2594 2503 2678 Χριστοῦ.
2526 2594 2904 2665 παρέχουσιν·
2965 2593 3090 2645 ἐπεὶ
3143 2589 3618 2660 καταρξάσθωσαν
3668 2590 3827 2643 αὐτοὶ

2241 2688 2342 2759 τῆς
2378 2686 2755 2750 ἀπαιδευσίας,
2792 2685 2887 2740 καὶ
2920 2685 2987 2738 ἐκ
3035 2684 3205 2756 τριῶν
3235 2683 3400 2737 αὐτὸν
3429 2683 3826 2754 ὁμολογήσουσι

2244 2782 2480 2849 φύσεων,
2510 2781 2605 2833 καὶ
2632 2781 2796 2850 ἡμεῖς
2827 2795 2892 2846 γε
2929 2777 3230 2850 στέρξομεν
3256 2792 3270 2804 ⁸
3293 2777 3360 2830 τὰ
3393 2777 3451 2843 ἐξ
3488 2771 3564 2831 ὧν
3595 2775 3826 2845 γέγονεν

2241 2871 2630 2942 ὁμολογοῦντες
2672 2870 3059 2940 φυλάττεσθαι.
3091 2873 3148 2923 ὲν
3174 2869 3251 2940 τῷ
3275 2871 3332 2922 ὲν
3362 2863 3407 2938 ᾧ
3431 2869 3604 2925 ταῦτα
3621 2868 3825 2939 γνωρί-

2243 2963 2417 3030 ζεται,
2445 2964 2607 3017 ὁπότε
2631 2963 2733 3017 οὐκ
2761 2963 2825 3018 ﬁt
2853 2963 3022 3033 τριῶν
3053 2963 3234 3033 μόνον,
3261 2961 3398 3015 ἀλλά
3425 2963 3518 3015 καὶ
3543 2965 3609 3016 ὲκ
3641 2961 3824 3014 πλειό-

2243 3071 2350 3109 νων
2383 3055 2545 3109 αύτδν
2582 3055 2764 3124 λέγειν
2816 3052 3278 3119 ὲκϐιασθήσονται
3303 3094 3318 3115 ,
3347 3051 3423 3116 ὼς
3455 3047 3613 3115 αὖθις
3649 3049 3826 3116 δείξο-

2247 3162 2346 3218 μεν
2375 3163 2391 3178 ⁶
2416 3147 2498 3201 ὃτι
2526 3145 2634 3200 τῶν
2663 3145 3006 3217 πραγμάτων
3037 3147 3070 3216 ὴ
3099 3144 3247 3214 ἁπλῆ
3281 3145 3374 3198 καὶ
3409 3142 3531 3197 καθ’
3561 3144 3682 3196 ὅλου
3701 3144 3829 3196 ἑπι-

2246 3239 2396 3310 6ολὴ,
2421 3237 2630 3292 ἔννοιαν
2666 3239 2802 3308 ἡμῖν
2831 3235 3094 3308 ὁλοσχερῆ
3119 3236 3213 3290 καὶ
3239 3235 3552 3307 ἀτράνωτον
3581 3235 3824 3306 ἐμποιεῖ.

553 3331 760 3386 {cctam
792 3326 1160 3397 cognitionem
1194 3339 1295 3378 nos
1324 3322 1549 3377 adducit
1592 3337 1786 3376 eorum
1836 3337 1902 3376 ex
1938 3322 2141 3391 quibus

2255 3330 2323 3384 Ἦ
2366 3329 2424 3383 δὲ
2463 3328 2670 3383 τούτων
2701 3331 2824 3383 κατ’
2856 3329 3102 3382 ἐπίνοιαν
3147 3327 3415 3400 διαίρεσις
3443 3370 3457 3391 ,
3492 3329 3574 3392 είς
3616 3327 3827 3399 ἀκριδῆ

564 3428 838 3477 constant.
893 3417 977 3475 Ob
1023 3418 1167 3471 hanc
1207 3429 1429 3496 causam
1479 3413 1809 3468 divisionem
1866 3413 2039 3468 totius
2083 3413 2137 3468 in

457 3517 465 3530 ‘
561 3518 752 3579 partes
797 3506 1066 3571 facimus;
1105 3504 1355 3559 dividere
1387 3511 1571 3558 autem
1604 3503 1660 3556 in
1691 3511 1877 3571 partes
1899 3503 2140 3572 partium

567 3608 690 3667 post
758 3596 989 3665 primam
1077 3594 1444 3656 divisionem,
1493 3591 1791 3646 ridiculum
1851 3601 1954 3647 est.
2019 3593 2140 3648 Non

555 3688 712 3742 enim
758 3687 866 3741 huc
912 3701 1086 3755 usque
1116 3685 1337 3750 evadit,
1368 3692 1424 3739 et
1455 3683 1547 3737 hic
1575 3683 1760 3748 sistit,
1798 3683 1894 3738 sed
1935 3684 1990 3738 in
2021 3685 2141 3738 infi-

567 3779 744 3834 nitum
776 3777 1144 3849 progreditur.

636 3996 802 4052 Verbi
843 3996 1040 4067 gratia,
1081 4007 1142 4049 ut
1185 3993 1334 4064 quod
1381 3993 1506 4049 dico
1557 3994 1914 4066 intelligatur,
1957 4003 2143 4065 partes

569 4085 807 4141 hominis
833 4093 960 4140 sunt
985 4098 1185 4154 corpus
1212 4091 1268 4138 et
1300 4081 1516 4150 anima;
1542 4091 1725 4153 partes
1755 4099 1887 4139 vero
1904 4082 2142 4153 partium

569 4177 780 4248 ejus,in
807 4176 985 4230 anima
1013 4174 1236 4245 quidem
1265 4174 1572 4229 substantia
1599 4175 1828 4228 rationis
1847 4172 2140 4243 particeps,

569 4277 627 4324 et
669 4269 904 4338 qualitas
938 4269 1262 4338 incorporea
1292 4285 1307 4335 ;
1345 4277 1400 4324 et
1433 4268 1546 4323 haec
1596 4269 1794 4338 partim
1823 4276 1908 4322 est
1944 4267 2026 4321 vis
2052 4282 2141 4321 ra-

572 4358 872 4415 tiocinandi
901 4375 1022 4430 quae
1049 4367 1134 4414 est
1159 4359 1436 4430 princeps,
1477 4358 1674 4428 partim
1706 4356 1999 4423 irascendi,
2021 4372 2145 4426 par-

569 4452 666 4505 tim
696 4451 1146 4521 concupiscendi,
1167 4459 1222 4506 et
1250 4451 1444 4505 harum
1479 4453 1717 4520 partium
1750 4450 1844 4503 illa
1886 4449 2142 4519 princeps

568 4543 821 4598 notiones
847 4542 1083 4611 format;
1135 4550 1190 4600 et
1237 4543 1462 4614 cogitat,
1499 4552 1555 4597 et
1581 4543 1830 4598 meminit
1856 4585 1870 4610 ,
1923 4552 1978 4597 et
2010 4559 2140 4597 con-

2242 3421 2445 3490 γνῶσιν
2493 3422 2646 3491 ἡμᾶς
2696 3420 2818 3490 ἄγει
2874 3419 2985 3474 τῶν
3026 3420 3084 3487 ἐξ
3127 3413 3202 3474 ὧν
3249 3422 3667 3492 συνεστήκασιν.
3713 3421 3831 3473 Καὶ

2241 3513 2447 3584 ταύτης
2504 3513 2692 3568 ἕνεκεν
2733 3512 2832 3582 τὴν
2871 3511 2968 3566 τοῦ
2997 3511 3121 3565 ὅλου
3158 3513 3239 3576 εἰς
3269 3512 3336 3566 τὰ
3378 3515 3519 3583 μέρη
3548 3512 3828 3581 διάκρισιν

2243 3605 2546 3675 ποιούμεθα
2572 3619 2588 3636 ο
2622 3604 2682 3657 τὸ
2715 3604 2774 3657 δὲ
2802 3605 2884 3666 εἰς
2922 3604 2990 3657 τά
3020 3604 3161 3674 μέρη
3191 3604 3300 3658 τῶν
3345 3605 3526 3675 μερῶν
3559 3603 3695 3673 μετά
3723 3605 3828 3674 τὴν

2243 3695 2470 3770 πρώτην
2495 3695 2760 3765 διαίρεσιν
2789 3694 3086 3763 πειρᾶσθαι
3110 3694 3355 3765 τέμνειν,
3389 3695 3824 3761 καταγέλαστον.

2243 3789 2318 3841 Οὐ
2344 3787 2452 3861 γὰρ
2477 3787 2639 3859 μέχρι
2665 3785 2854 3840 τούτου
2878 3787 3113 3858 ἵστησιν,
3138 3786 3252 3840 ἀλλ’
3275 3789 3360 3840 ἐπ’
3389 3787 3616 3856 ἄπειρον
3645 3788 3829 3840 ἐκτεί-

2243 3897 2324 3936 νει
2359 3879 2456 3951 τὴν
2493 3879 2749 3950 θεωρίαν.

2322 4020 2386 4070 Ὀ
2409 4017 2465 4070 δὲ
2491 4017 2636 4086 λέγω
2665 4016 2906 4070 τοιοῦτόν
2935 4018 3084 4069 ἔστιν
3117 4032 3132 4049 ο
3165 4017 3324 4088 Μέρη
3357 4017 3649 4088 ἀνθρώπου
3675 4018 3827 4090 ψυχὴ

2244 4108 2339 4160 καὶ
2363 4105 2543 4176 σῶμα,
2582 4106 2721 4177 μέρη
2743 4107 2800 4160 δὲ
2827 4107 2936 4158 τῶν
2961 4106 3145 4176 μερῶν
3173 4105 3337 4160 αὑτοῦ
3365 4106 3461 4160 ἐπὶ
3489 4108 3591 4177 μὲν
3616 4107 3822 4179 ψυχῆς.

2246 4197 2404 4250 οὐσία
2436 4195 2630 4266 λογικὴ
2656 4197 2748 4250 καὶ
2783 4197 3005 4266 ποιότης
3023 4195 3349 4266 ἀσώματος·
3384 4189 3458 4251 ὧν
3486 4197 3546 4251 τὺ
3575 4201 3673 4268 μὲν
3703 4200 3831 4268 ἡγε.

2251 4289 2492 4359 μονικδν,
2545 4293 2606 4342 τὸ
2641 4289 2696 4342 δὲ
2741 4288 2991 4360 θυμικὸν,
3044 4289 3106 4342 τὸ
3148 4289 3206 4342 δὲ
3242 4289 3639 4360 ἐπιθυμητικόν
3669 4307 3683 4322 θ
3730 4295 3828 4346 καὶ

2246 4384 2451 4438 τούτων
2487 4383 2548 4437 τὸ
2607 4385 2705 4455 μὲν
2748 4385 3142 4454 ὲννοηματικδν
3194 4385 3290 4439 καὶ
3356 4387 3779 4457 διανοηματικὸν
3810 4428 3825 4454 ,

2252 4475 2682 4549 μνημονευτικόν
2711 4493 2771 4529 τε
2801 4478 2896 4530 καὶ
2933 4476 3284 4548 βουλευτικὸν⁸
3325 4478 3420 4530 καὶ
3466 4477 3779 4542 δοξαστικὸν
3809 4521 3824 4542 ,

2248 4568 2308 4622 τὸ
2348 4568 2405 4621 δὲ
2436 4567 2719 4638 ὀρεκτικόν
2757 4586 2813 4622 τε
2841 4569 2935 4622 καὶ
2965 4568 3290 4638 ὲκκλητικὸν
3311 4609 3326 4633 ,
3352 4570 3413 4622 τὸ
3437 4569 3493 4623 δὲ
3521 4570 3826 4640 ἀμυντικόν

569 4637 754 4700 sultat,
780 4644 835 4691 et
867 4635 1145 4706 opinatur.
1171 4636 1305 4690 Pars
1330 4634 1600 4690 irascendi
1633 4635 1864 4705 appetit,
1891 4644 1946 4690 et
1975 4634 2141 4689 decli-

2247 4675 2306 4712 τε
2339 4661 2433 4712 καὶ
2465 4634 2754 4730 δραστικὸν
2776 4703 2790 4725 ,
2825 4661 2917 4713 καὶ
2948 4634 3312 4727 πολλάνέτερα
3341 4634 3826 4725 τούτοιςνύποδιαι-

563 4737 699 4794 nat;
733 4742 860 4797 pars
892 4725 1316 4797 concupiscendi
1355 4727 1519 4781 habet
1557 4727 1871 4782 facultatem
1913 4729 2140 4798 propul-

569 4818 748 4882 sandi,
783 4828 838 4872 et
863 4818 1157 4883 efﬁciendi,
1182 4825 1238 4872 et
1270 4819 1440 4872 multa
1489 4819 1592 4872 alia
1621 4819 1812 4875 subter
1853 4821 1955 4876 ista
1997 4822 2136 4878 divi-

570 4909 795 4962 duntur.
831 4906 1128 4963 Omittatur
1156 4923 1302 4962 nunc
1353 4909 1444 4963 illa
1496 4909 1745 4979 quaestio,
1811 4897 1990 4965 utrum
2035 4912 2144 4966 sint
2183 4968 2188 4973 ,

571 5003 687 5056 haec
731 5010 986 5072 tanquam
1016 5010 1200 5071 partes
1227 5002 1284 5056 in
1317 5002 1518 5070 anima,
1560 5019 1628 5057 an
1654 5013 1910 5076 tanquam
1950 5019 2146 5078 pcten-

523 5152 525 5154 ,
574 5094 680 5158 tiae,
717 5094 832 5148 sive
862 5093 1185 5148 facultates:
1226 5103 1281 5146 et
1326 5109 1448 5163 quae
1506 5095 1624 5160 sic,
1682 5106 1739 5151 et
1789 5113 1910 5166 quae
1967 5114 2146 5156 secus.

569 5186 690 5243 Non
736 5186 885 5240 enim
936 5186 1053 5240 haec
1085 5185 1297 5256 agimus
1345 5203 1512 5242 nunc.
1551 5189 1760 5245 Rursus
1793 5190 1991 5248 divisio
2025 5209 2150 5248 cor-

571 5276 725 5347 poris
744 5275 802 5330 lit
831 5277 884 5331 in
906 5285 1089 5346 partes
1118 5279 1345 5345 similes,
1379 5290 1434 5335 et
1465 5281 1790 5350 dissimiles;
1823 5293 1878 5340 et
1911 5284 2153 5341 dissimi-

573 5369 730 5432 lium,
759 5369 816 5422 in
845 5376 1028 5437 caput,
1065 5377 1120 5423 et
1144 5385 1360 5436 manus,
1389 5379 1444 5425 et
1463 5373 1660 5442 pedes;
1692 5382 1747 5428 et
1778 5375 1891 5431 haec
1924 5376 1978 5431 in
2003 5392 2148 5443 ossa,

573 5467 626 5512 et
658 5473 873 5522 carnes,
909 5468 963 5513 et
1000 5475 1232 5528 nervos;
1284 5472 1339 5516 et
1386 5462 1502 5518 haec
1555 5481 1747 5521 rursus
1805 5469 1860 5521 in
1913 5479 2151 5538 quatuor

573 5547 876 5612 elementa;
925 5557 980 5602 et
1021 5548 1137 5603 hac
1171 5550 1224 5603 in
1267 5551 1551 5605 materiam
1599 5560 1654 5607 el
1689 5553 1940 5608 formam.
1981 5555 2150 5611 Multa

575 5637 740 5692 etiam
797 5641 902 5696 alia
961 5642 1160 5697 medici
1203 5643 1660 5713 philosophantur
1693 5646 1760 5700 de
1799 5646 2152 5704 facultatibus

577 5733 938 5797 naturalibus,
991 5749 1058 5789 ex
1106 5734 1310 5805 quibus
1363 5737 1522 5792 aliam
1577 5747 1776 5793 vocant
1837 5741 2148 5796 attrahendi

571 5818 911 5891 facultatem,
970 5830 1130 5882 altam
1198 5828 1508 5900 retinendi,
1570 5830 1730 5886 aliam
1798 5832 2147 5902 immutandi,

2254 4751 2488 4822 ροῦνται.
2508 4751 2776 4820 ’Δφείσθω
2797 4751 2855 4806 δὲ
2883 4753 2954 4806 τὰ
2973 4751 3066 4806 νῦν
3092 4752 3298 4824 ζητεῖν,
3325 4754 3556 4825 πότερον
3579 4755 3653 4816 ὡς
3677 4753 3824 4824 μέρη

2251 4842 2421 4896 ταῦτα
2469 4844 2607 4896 εἰσιν
2649 4845 2708 4896 ἐν
2749 4846 2812 4915 τῇ
2850 4843 2998 4916 ψυχῇ
3025 4884 3038 4906 ,
3077 4844 3108 4915 ἢ
3141 4845 3217 4908 ὡς
3241 4845 3534 4916 δυνάμεις·
3573 4846 3666 4899 καὶ
3705 4844 3826 4898 τίνα

2256 4935 2356 5005 μὲν
2398 4934 2605 5000 οὕτως,
2635 4935 2756 4989 τίνα
2791 4935 2849 4989 δὲ
2889 4936 3112 5007 ἑτέρως.
3162 4937 3236 4989 Οὐ
3266 4936 3374 5007 γὰρ
3409 4937 3509 5006 τῆς
3543 4937 3825 5006 παρούσης

2252 5027 2364 5080 ἐστὶ
2388 5025 2660 5095 σκέψεως⁸
2679 5027 2842 5081 πάλιν
2864 5028 2896 5096 ἠ
2918 5027 3012 5080 τοῦ
3039 5024 3292 5097 σώματος
3319 5026 3584 5098 διαίρεσις
3612 5028 3826 5096 γίνεται

2251 5121 2332 5181 εις
2353 5117 2655 5188 ὁμοιομερῆ
2690 5106 2757 5171 τε
2791 5120 2882 5170 καὶ
2913 5116 3286 5188 ἀνομοιομερῆ
3308 5133 3324 5148 ·
3369 5118 3466 5171 καὶ
3492 5119 3696 5171 τούτων
3745 5118 3824 5171 ἔτι

2252 5209 2332 5272 εἷς
2358 5225 2416 5261 τε
2450 5209 2692 5279 κεφαλὴν
2727 5210 2816 5263 καὶ
2844 5211 3032 5280 χεῖρας
3062 5210 3155 5263 καὶ
3177 5209 3344 5272 πόδας
3372 5226 3385 5239 ·
3421 5211 3515 5263 καὶ
3541 5209 3713 5262 ταῦτα
3746 5210 3825 5271 είς

2251 5299 2405 5366 ὀστᾶ,
2441 5300 2534 5353 καὶ
2567 5299 2798 5370 σάρκας,
2836 5301 2927 5352 καὶ
2948 5300 3148 5369 νεῦραο
3178 5297 3272 5352 καὶ
3297 5298 3468 5352 ταῦτα
3498 5300 3577 5361 είς
3603 5298 3671 5351 τὰ
3699 5298 3825 5350 τέσ-

2255 5404 2395 5457 σαρα
2427 5373 2664 5458 στοιχεῖα
2687 5406 2702 5419 ·
2736 5390 2830 5443 καὶ
2855 5387 3035 5442 ταῦτα
3063 5391 3144 5452 είς
3174 5388 3307 5459 ὓλην
3340 5389 3434 5441 καὶ
3464 5385 3625 5450 εἶδος.
3655 5387 3826 5440 Πολλά

2251 5475 2309 5529 δὲ
2334 5476 2430 5528 καὶ
2461 5475 2624 5546 ἕτερα
2650 5477 3032 5546 φιλοσοφοῦσιν
3057 5477 3260 5550 ἰατρῶν
3287 5477 3476 5540 παῖδες
3504 5477 3636 5548 περὶ
3666 5477 3824 5529 δυνά-

2260 5585 2404 5638 μεων
2426 5569 2694 5636 φυσικῶν,
2717 5563 2791 5623 ὧν
2813 5571 2912 5641 τὴν
2947 5571 3048 5640 μὲν
3073 5570 3347 5641 ἑλκτικὴν,
3376 5571 3475 5640 τὴν
3490 5569 3546 5622 δὲ
3577 5568 3830 5623 καθεκτι-

2257 5658 2392 5730 κὴν,
2427 5659 2527 5731 τὴν
2556 5662 2613 5714 δὲ
2643 5661 2997 5729 ἀλλοιωτικὴν
3017 5703 3033 5728 ,
3067 5663 3167 5733 τὴν
3197 5662 3254 5715 δὲ
3292 5659 3658 5731 ἀποκριτικὴν
3701 5658 3789 5708 ὀνο
3808 5686 3825 5698 ο

2260 5749 2511 5820 μάξουσι.
2563 5739 2737 5806 Πολλὰ
2764 5752 2819 5806 δὲ
2867 5754 2962 5806 καὶ
2993 5755 3122 5823 περὶ
3165 5753 3473 5822 αἰσθήσεως
3509 5749 3604 5802 καὶ⁸
3633 5764 3829 5816 φαντα.

2259 5845 2401 5910 σίας,
2431 5848 2523 5900 καὶ
2554 5845 2645 5899 τοῦ
2677 5847 2992 5918 συνέχοντος
3023 5847 3084 5901 τὸ
3107 5838 3248 5916 ζῶον
3277 5842 3510 5910 ζωτικοῦ
3542 5841 3635 5896 καὶ
3666 5840 3830 5910 ὀργα-
