4068 6570
223 504 348 568 1297

1270 505 1569 567 CONTRA
1605 507 1923 570 NESTOR.
1965 511 2059 572 ET
2095 511 2420 578 EUTYCH.

3343 529 3479 597 1298

215 621 360 674 νικοῦ
404 620 735 693 πνεύματος,
771 620 980 692 ἐτέρου,
1008 615 1083 683 ῶς
1108 632 1262 690 φασι,
1301 618 1457 690 παρά
1485 620 1547 674 τὸ
1576 620 1797 689 λογικὸν

1923 623 2066 680 iliam
2106 630 2453 686 secernendi.
2514 633 2681 690 Multa
2727 651 2858 692 vero
2893 639 3057 697 etiam
3106 643 3177 701 de
3229 663 3392 705 sensu
3422 661 3478 705 et

216 713 570 786 ὑπάρχοντος.

282 983 494 1054 Ὥσπερ
521 982 704 1036 τοίνυν
727 983 944 1054 ἀπόχρη
979 982 1117 1054 πρὸς
1151 981 1211 1035 τὸ
1239 983 1588 1052 παραστῆσαι
1620 980 1790 1033 ταῦτα

217 1075 389 1130 πάντα
419 1075 508 1129 διὰ
537 1074 629 1130 τοῦ
663 1075 839 1146 σάρκα
865 1077 1060 1140 εἰπεῖν,
1087 1074 1121 1146 ἢ
1160 1073 1322 1144 σῶμα
1348 1073 1662 1146 ἀνθρώπου,
1696 1074 1792 1128 καὶ

218 1166 434 1237 ἀπόχρη
501 1166 662 1220 πάλιν
710 1165 799 1218 διά
851 1166 949 1235 τῆς
996 1163 1224 1235 λογικῆς
1270 1163 1473 1234 ψυχῆς,
1516 1163 1585 1217 τὰ
1631 1163 1709 1227 είς
1758 1161 1794 1218 ἂ

218 1255 466 1327 διῄρηται
501 1256 644 1327 μέρη
670 1255 914 1326 δηλῶσαι
957 1255 1040 1326 (οὐ
1085 1254 1194 1326 γὰρ
1239 1253 1579 1325 τεχνολογετν
1610 1254 1789 1324 φίλον,

219 1350 334 1403 οὐδὲ
362 1349 593 1421 σύνηθες
618 1353 730 1414 τοῖς
760 1351 994 1420 πιστοῖς)
1012 1369 1025 1382 ·
1058 1349 1233 1415 οὕτως
1264 1352 1483 1422 ἀπόχρη
1503 1349 1794 1421 ἄνθρωπον

217 1442 249 1512 ἢ
281 1442 441 1512 φύσιν
471 1442 762 1514 ἀνθρώπου
790 1443 1088 1515 είρηκότα,
1122 1444 1301 1499 πάντα
1331 1442 1684 1514 παραστῆσαί
1733 1459 1795 1496 τε

220 1535 313 1590 καὶ
345 1535 611 1605 δηλῶσαι,
634 1536 704 1591 τά
731 1536 790 1604 ἐξ
815 1529 890 1591 ὧν
917 1538 1248 1608 συνέστηκεν
1279 1537 1339 1590 ἐν
1359 1531 1443 1602 οἷς
1465 1537 1561 1590 καὶ
1589 1536 1794 1608 γνωρί-

219 1629 393 1694 ζεται.
412 1629 476 1683 Οί
502 1628 559 1683 δὲ
587 1629 686 1700 οὐχ
717 1631 803 1685 ἴνα
827 1631 919 1685 τὸν
946 1630 1234 1704 ἄνθρωπον
1262 1631 1472 1686 τέλειον
1499 1630 1796 1700 ἀποφήνω-

223 1738 328 1786 σιν,
380 1720 618 1776 ἀλλ’ἵνα
663 1722 990 1794 τδνικύριον
1038 1724 1512 1795 συκοφαντήσωσι,
1561 1722 1657 1777 καὶ⁸
1698 1723 1798 1793 τῆς

219 1812 496 1884 ἡμετέροις
539 1811 706 1866 αὑτὸν
737 1812 1144 1880 ἀλλοτριῶσωσι
1195 1813 1414 1884 φύσεως
1443 1832 1456 1845 ·
1504 1813 1600 1868 καὶ¹
1638 1813 1670 1886 ἢ
1725 1811 1800 1883 μὴ

222 1905 629 1977 προσειληφότα
667 1905 764 1976 τὴν
807 1906 982 1978 ἀρχὴν
1022 1907 1086 1961 τὸ
1115 1905 1385 1978 ἡμέτερον
1412 1946 1427 1971 ,
1459 1906 1492 1976 ἢ
1541 1907 1617 1977 μὴ
1662 1905 1800 1960 σῶον

1901 715 2211 808 phantasia,
2236 730 2293 776 et
2313 721 2382 777 de
2414 723 2568 779 vitali
2594 735 2650 780 et
2669 729 2928 798 organico
2957 733 3154 802 spiritu
3178 755 3192 804 ;
3223 739 3316 808 qui
3343 755 3478 796 con-

1900 806 2282 880 tinetanimal,
2313 814 2409 885 qui
2434 816 2574 872 alius
2599 818 2827 889 spiritus
2855 831 2962 885 est,
2991 806 3255 892 utaiunt,
3279 842 3477 899 praeter

1901 900 2243 959 rationalem.
2445 913 2447 915 ’

1971 994 2126 1050 Sicut
2160 1013 2291 1069 ergo
2325 999 2392 1054 ad
2428 1001 2784 1072 signiﬁcanda
2829 1007 2945 1063 haec
2979 1011 3162 1066 omnia
3207 1017 3342 1070 satis
3391 1028 3477 1072 est

1901 1087 2087 1144 dicere
2121 1106 2363 1157 carnem,
2389 1095 2473 1148 vel
2506 1111 2708 1168 corpus
2731 1099 3006 1168 hominis;
3042 1112 3098 1157 et
3128 1121 3316 1162 rursus
3345 1111 3478 1164 satis

1903 1189 1988 1235 est
2009 1182 2344 1238 nominando
2377 1185 2615 1241 animam
2651 1191 2995 1258 rationalem,
3037 1193 3315 1254 declarare
3347 1215 3475 1269 par-

1906 1277 1989 1326 tes
2018 1271 2074 1325 in
2117 1287 2254 1342 quas
2282 1272 2460 1328 divisa
2483 1284 2604 1341 est;
2642 1292 2743 1332 nec
2764 1279 2911 1334 enim
2946 1280 3133 1337 ﬁdeles
3163 1282 3313 1354 loqui
3341 1263 3476 1340 arti-
3501 1263 3505 1267 ’

1905 1360 2092 1417 ﬁciose
2129 1373 2564 1428 consueverunt,
2594 1382 2698 1421 nec
2725 1367 2829 1422 hoc
2858 1369 2940 1423 eis
2972 1370 3180 1440 placet;
3227 1373 3306 1428 sic
3346 1375 3478 1429 satis

1901 1461 1984 1509 est
2013 1454 2328 1510 nominasse
2377 1454 2682 1523 hominem,
2716 1459 2803 1514 vel
2827 1467 3077 1515 naturam
3131 1463 3372 1521 hominis
3411 1465 3478 1520 ad

1904 1549 2231 1606 declaranda
2259 1551 2446 1606 omnia
2494 1567 2564 1607 ex
2601 1553 2802 1623 quibus
2827 1555 3164 1624 compositus
3189 1565 3294 1620 est,
3335 1565 3392 1611 et
3422 1557 3479 1611 in

1903 1641 2106 1712 quibus
2138 1657 2258 1697 esse
2288 1644 2657 1713 cognoscitur.
2721 1645 2814 1700 lsti
2852 1653 3038 1700 autem
3081 1646 3210 1701 talia
3237 1647 3492 1717 captiose

1905 1733 2228 1804 loquuntur,
2273 1750 2385 1789 non
2423 1743 2484 1790 ut
2519 1735 2797 1792 hominem
2834 1736 3134 1808 perfectum
3167 1739 3482 1804 ostendant,

1907 1825 1999 1882 sed
2024 1836 2081 1881 ut
2120 1828 2412 1882 Dominum
2465 1829 2890 1896 calumnientur,
2941 1840 2997 1886 et
3053 1847 3179 1887 eum
3229 1849 3258 1887 a
3306 1834 3481 1889 salute

1909 1925 2094 1972 nostra
2122 1917 2401 1984 alienent;
2431 1919 2588 1989 quasi
2615 1919 2700 1973 vel
2720 1935 2829 1974 non
2859 1921 3292 1991 assumpsisseta
3323 1923 3484 1993 prin"

223 1996 540 2068 φυλάξαντα
566 1997 594 2052 δ
616 1999 746 2068 παρ’
775 1998 934 2070 ἡμῶν
963 1999 1090 2070 ἔσχε
1115 1999 1216 2069 τῆς
1239 1999 1516 2068 σωτηρίας
1554 1997 1654 2068 τῆς
1689 1998 1796 2052 πάι

1923 2009 2048 2080 :ipio
2079 2005 2476 2066 humanitatem
2517 2021 2782 2076 nostram,
2841 2013 2924 2067 vel
2958 2029 3068 2072 non
3101 2025 3372 2070 servasset
3401 2017 3484 2070 in-

225 2107 323 2162 σης
356 2090 574 2162 φύσεως
602 2091 941 2146 ἀδιάπτωτον
978 2091 1266 2163 ἐνέχυρον,
1298 2091 1365 2146 τὰ
1396 2091 1618 2145 τοιαῦτα
1649 2092 1802 2160 σοφί-

224 2183 426 2248 ζονται.
474 2183 636 2237 Ἀλλά
681 2182 1138 2254 μανθανέτωσαν,
1170 2183 1308 2252 ὄτιή
1351 2184 1452 2254 μὲν
1481 2183 1590 2236 τῶν
1619 2171 1803 2255 μερῶν

142 2293 151 2303 ο
224 2273 504 2344 ὁμολογία,
534 2274 610 2338 ὼς
641 2272 798 2344 ἔφην,
828 2273 1119 2346 γνώρισμα
1147 2273 1405 2344 τυγχάνει
1430 2276 1528 2345 τῆς
1553 2273 1647 2327 τοῦ
1680 2273 1804 2328 ὅλου

227 2364 504 2436 σωτηρίας
527 2382 542 2397 ο
590 2366 624 2436 ἠ
653 2365 709 2418 δὲ
733 2365 842 2420 τῶν
876 2365 1062 2438 μερῶν
1102 2367 1186 2432 είς
1216 2367 1286 2420 τά
1325 2366 1464 2438 μέρη
1492 2367 1806 2439 ὑποδιαίρε-

230 2475 334 2522 σις,
358 2459 419 2512 οὐ
441 2457 779 2529 δογματικῆς
803 2459 935 2512 ἐστι
965 2458 1284 2528 συντομίας,
1315 2458 1440 2512 οὐδὲ
1469 2459 1566 2513 τοῦ
1617 2477 1807 2515 συντεο

229 2567 340 2622 τμη
351 2549 514 2619 μένου
549 2548 689 2603 κατὰ
715 2549 775 2602 τὸ
792 2548 1128 2618 Εὑαγγέλιον
1154 2548 1486 2618 λόγου,ἀλλά
1509 2551 1810 2622 πεπτικῆς

231 2643 488 2715 θεωρίας.
524 2645 618 2698 καὶ
649 2643 916 2714 περιττῆς
955 2645 1069 2706 τοῖς
1107 2642 1327 2708 πολλοῖς
1370 2645 1466 2698 καὶ
1505 2643 1823 2716 δυσλήπτου,

233 2735 604 2807 τεχνολογίας.
663 2735 821 2806 Μέρη
884 2736 986 2806 μὲν
1035 2737 1147 2804 γὰρ
1214 2735 1456 2807 Χριστοῦ
1503 2736 1812 2808 ἀσύγχυτα,

237 2827 431 2898 θεότης
493 2828 581 2881 καὶ
628 2827 1008 2898 ἀνθρωπότης.
1061 2827 1223 2899 Ψυχὴ
1271 2828 1328 2883 δέ
1380 2827 1476 2884 καὶ
1527 2829 1706 2901 σῶμα,
1754 2830 1814 2883 οὐ

240 2920 383 2992 μέρη
409 2919 675 2991 Χριστοῦ,
703 2919 840 2973 ἀλλά
873 2919 1012 2992 μέρη
1043 2919 1139 2974 τοῦ
1179 2920 1382 2992 μέρους
1407 2939 1422 2954 ο
1449 2915 1524 2976 ὧν
1550 2921 1818 2992 δηλωθέν-

236 3028 345 3066 των
379 3009 469 3064 διὰ
513 3009 617 3081 τῆς
665 3009 881 3075 τελείας
934 3010 1212 3081 σημασίας
1237 3013 1338 3082 τῆς
1379 3010 1523 3066 κατά
1553 3011 1655 3080 τὴν
1715 3011 1818 3081 φύ-

239 3121 324 3158 σιν
388 3105 491 3175 τῆς
547 3102 973 3174 ἀνθρωπότητος
1017 3143 1033 3170 ,
1076 3101 1307 3174 περιττὴ
1372 3103 1405 3174 ἡ
1477 3104 1558 3168 είς
1626 3103 1818 3173 φύσεις

237 3194 346 3248 τῶν
397 3195 581 3267 μερῶν
632 3193 1040 3264 ὑποδιαίρεσις·
1072 3194 1121 3248 εί
1169 3195 1244 3266 μὴ
1290 3194 1538 3265 μέλλοιεν
1585 3197 1681 3251 καὶ
1719 3196 1818 3267 τὴν

237 3285 437 3358 λοιπὴν
487 3286 716 3357 ἐπάγειν
759 3287 1028 3358 διαίρεσιν
1056 3289 1176 3351 ταῖς
1225 3288 1692 3360 ὑποδιαιρέσεσιν,
1729 3287 1818 3354 αἷς

238 3377 338 3431 καὶ
370 3379 463 3432 ἐπὶ
483 3377 580 3430 τοῦ
616 3377 801 3432 κοινοῦ
824 3376 1114 3448 ἀνθρώπου
1138 3378 1495 3449 ἐχρησάμεθα
1525 3380 1814 3452 πρότερον,

235 3469 316 3532 ὡς
343 3469 593 3524 ἐντεῦθεν
627 3469 704 3542 μὴ
737 3472 885 3539 τρεῖς
920 3468 1045 3522 κατ’
1081 3468 1280 3534 αὐτοὺς
1315 3470 1483 3539 μόνας
1508 3512 1522 3536 ,
1556 3471 1692 3525 ἀλλὰ
1721 3473 1818 3526 καὶ

241 3560 463 3625 πλείους
493 3561 890 3629 καταγγέλλειν
913 3559 1013 3624 τὰς
1037 3559 1281 3632 Χριστοῦ
1305 3560 1497 3631 φύσεις
1523 3601 1538 3626 ,
1564 3553 1638 3616 ὧν
1672 3563 1725 3616 τί
1753 3561 1820 3617 ἂν

242 3650 456 3719 γένοιτο
482 3651 822 3721 γελοιότερον
849 3668 863 3717 ;

321 3759 342 3794 ι
389 3740 608 3811 Ἐπειδὴ
661 3743 690 3795 ό
724 3742 830 3804 πᾶς
881 3742 1166 3812 κεκίνηται
1193 3742 1448 3812 πόλεμος,
1497 3740 1594 3795 τοῦ
1616 3743 1820 3813 τρόπου

245 3833 345 3902 τῆς
372 3831 618 3894 ἐνώσεως
644 3833 796 3902 παρὰ
811 3833 926 3895 τοις
950 3833 1169 3896 πολλοῖς
1200 3831 1592 3903 ἀγνοουμένου,
1615 3833 1710 3887 καὶ
1735 3834 1824 3888 διὰ

245 3923 406 3977 τοῦτο
447 3921 598 3994 παρά
626 3923 793 3976 πᾶσιν
819 3922 1297 3993 ἀμφιϐαλλομένου
1317 3964 1330 3987 ,
1365 3923 1495 3995 περὶ
1524 3923 1728 3995 ταύτης
1763 3941 1825 3978 σε

247 4014 613 4084 φιλοσοφῆσαι
655 4014 784 4084 χρὴ,
832 4014 920 4068 ἵνα
957 4013 1159 4068 εἰδέναι
1205 4014 1424 4085 ἔχοιμεν
1466 4014 1698 4085 πότερον
1733 4017 1828 4072 καὶ

247 4105 372 4161 κατ’
391 4107 556 4166 αὐτὸν
582 4105 645 4177 δὴ
675 4107 861 4162 τοῦτον
891 4107 1284 4177 ὃιαφωνοῦμεν,
1309 4107 1342 4178 ἢ
1369 4108 1560 4163 τούτου
1592 4127 1655 4177 γε
1687 4126 1828 4181 συμ-

247 4197 432 4268 φώνου
457 4200 590 4269 ἡμῖν
612 4199 766 4263 ὄντος
788 4200 920 4271 περὶ
945 4199 1038 4253 τοῦ
1062 4201 1507 4271 ἀποτελέσματος
1532 4201 1624 4256 τοῦ
1645 4204 1709 4256 ὲκ
1732 4203 1830 4273 τῆς

248 4287 503 4352 ἐνώσεως
551 4287 700 4342 ἐστιν
745 4290 878 4360 ἡμῖν
925 4290 958 4360 ὴ
1010 4289 1274 4360 ζήτησις·
1304 4291 1398 4343 καὶ
1436 4291 1662 4359 πότερον
1701 4291 1831 4362 περὶ

247 4377 365 4431 τῶν
410 4380 758 4452 πραγμάτων
789 4381 969 4435 αὐτῶν
993 4419 1008 4442 ,
1042 4379 1075 4451 ἢ
1113 4381 1244 4452 περὶ
1291 4381 1401 4434 τῶν
1447 4382 1830 4454 σημαινουσῶν

249 4469 430 4540 ταῦτα
472 4471 687 4540 φωνῶν.
731 4472 888 4526 Οὕτω
932 4473 1041 4544 γὰρ
1081 4473 1368 4545 εὐκρινοῦς
1403 4475 1502 4544 τῆς
1547 4474 1832 4546 ζητήσεως

254 4563 667 4634 γεγενημένης,
718 4566 815 4624 καὶ⁹
864 4565 965 4634 τῆς
1018 4566 1127 4620 τῶν
1167 4565 1509 4637 πραγμάτων
1571 4567 1833 4638 ἀληθείας

1904 2102 2141 2168 colume,
2173 2103 2319 2172 quod
2344 2119 2412 2159 ex
2431 2103 2830 2159 nobis-habuit
2850 2104 3044 2160 salutis
3085 2105 3252 2182 totius
3275 2116 3506 2162 natura:

1905 2194 2124 2264 pignus,
2177 2195 2325 2264 quod
2362 2194 2619 2249 excidere
2676 2211 2785 2250 non
2841 2204 3079 2264 poterat.
3134 2194 3239 2250 Sed
3282 2198 3480 2263 sciant,

1908 2285 2058 2356 quod
2102 2285 2376 2341 confessio
2417 2286 2680 2356 partium,
2732 2295 2793 2340 ut
2825 2286 2961 2353 dixi,
3013 2287 3176 2341 index
3205 2295 3289 2342 est
3331 2288 3484 2343 inco-

1908 2378 2056 2432 lume
2083 2391 2204 2431 esse
2253 2384 2465 2441 totum;
2504 2375 2702 2431 iterata
2732 2391 2865 2430 vero
2913 2376 3150 2446 partium
3197 2374 3254 2429 in
3301 2383 3486 2445 partes

1911 2465 2109 2521 divisio
2151 2481 2258 2520 non
2292 2475 2377 2520 est
2421 2465 2741 2536 dogmaticze
2785 2466 3091 2529 brevitatis,
3145 2481 3321 2536 neque
3373 2481 3487 2524 ser.-

1913 2557 2091 2612 monis
2119 2556 2419 2613 secundum
2464 2556 2819 2628 Evangelium
2851 2557 3080 2620 concisi,
3111 2556 3208 2611 sed
3234 2557 3486 2628 scepticae

1914 2647 2306 2718 speculationis
2342 2656 2398 2702 et
2430 2646 2648 2702 artiﬁcii
2676 2646 3088 2717 supervacanei,
3120 2654 3176 2701 et
3211 2646 3486 2717 plerisque

1917 2738 2158 2795 diﬁicilis
2186 2739 2254 2795 ad
2284 2739 2722 2810 intelligendum.
2754 2740 2943 2794 Partes
2972 2740 3118 2795 enim
3149 2738 3356 2794 Christi
3378 2756 3488 2795 non

1917 2830 2178 2897 confusae,
2204 2841 2332 2886 sunt
2364 2831 2624 2888 divinitas
2659 2841 2716 2887 et
2756 2831 3098 2909 humanitas;
3144 2831 3324 2885 anima
3357 2845 3491 2885 vero

1917 2931 1975 2977 et
2011 2937 2213 2992 corpus
2241 2937 2353 2976 non
2387 2931 2516 2978 sunt
2545 2932 2731 2993 partes
2766 2923 2996 2988 Christi,
3027 2921 3122 2978 sed
3150 2930 3335 2992 partes
3363 2937 3491 2992 par-

1921 3013 1990 3068 tis
2013 3031 2037 3081 ;-
2064 3012 2266 3084 quibus
2323 3012 2638 3079 declaratis,
2674 3028 2773 3083 per
2810 3012 3262 3082 signiﬁcationem
3308 3010 3492 3082 perfe-

1920 3113 2060 3160 ctam
2093 3102 2451 3158 humanitatis
2490 3104 3132 3173 naturalis,supervacua
3178 3111 3262 3156 est
3300 3101 3491 3156 subdi-

1919 3197 2060 3252 visio
2111 3196 2164 3250 in
2200 3203 2429 3250 naturas
2460 3196 2720 3265 partium,
2771 3194 2878 3249 nisi
2913 3201 3036 3264 post
3092 3185 3496 3248 Subdivisiones

1921 3289 2128 3360 quibus
2158 3289 2314 3358 prius
2342 3289 2398 3343 in
2430 3288 2652 3343 homine
2683 3285 2959 3342 communi
2994 3286 3077 3340 usi
3115 3299 3328 3349 sumus,
3363 3284 3490 3338 reli-

1920 3365 2084 3451 quam
2116 3381 2445 3435 divisionem
2472 3380 2644 3435 velint
2671 3378 2967 3444 inducere;
3001 3385 3062 3431 ut
3094 3376 3225 3430 hinc
3253 3391 3364 3429 non
3388 3383 3498 3429 tres

1923 3482 2158 3536 tantum,
2195 3471 2501 3527 secundum
2544 3486 2662 3535 eos,
2713 3470 2808 3525 sed
2857 3470 3022 3540 etiam
3053 3468 3240 3538 plures
3273 3475 3498 3520 naturas

1923 3563 1976 3617 in
2009 3561 2230 3617 Christo
2260 3560 2505 3632 proﬁteri
2530 3567 2781 3630 oporteat
2806 3578 2818 3612 ε
2847 3574 2956 3630 quo
2983 3557 3114 3628 quid
3154 3572 3276 3612 esse
3320 3563 3500 3626 potest

1922 3652 2093 3724 magis
2114 3653 2359 3725 joculare
2379 3653 2402 3707 τ

1980 3761 2019 3825 Δι
2055 3743 2513 3814 Quandoquidem
2564 3745 2884 3798 universum
2932 3743 3139 3800 bellum
3177 3751 3385 3797 motum
3419 3749 3504 3796 est

1925 3837 1994 3892 de
2022 3839 2184 3893 modo
2215 3838 2437 3893 unionis
2483 3853 2648 3908 quem
2697 3837 2948 3908 plerique
2983 3835 3258 3908 ignorant,
3309 3842 3364 3888 et
3417 3833 3502 3887 id-

1927 3929 2075 3984 circo
2117 3928 2376 3985 omnibus
2420 3928 2477 3982 in
2531 3927 2760 3982 dubium
2809 3926 3008 3992 venit;
3063 3925 3130 3980 de
3162 3925 3266 3982 hac
3300 3923 3503 3977 unione

1927 4021 2304 4092 philosophari
2332 4027 2570 4090 oportet,
2620 4026 2680 4074 ut
2721 4019 2862 4075 scire
2893 4017 3185 4090 possimus,
3227 4025 3414 4071 utrum
3436 4012 3504 4068 de

1929 4111 2036 4165 hoc
2067 4110 2187 4180 ipso
2219 4107 2640 4173 dissentiamus;
2677 4123 2746 4161 an
2778 4121 2910 4161 vero
2937 4105 3098 4160 nobis
3136 4103 3204 4158 de
3243 4101 3350 4156 hoc
3373 4115 3508 4155 con-

1931 4201 2301 4258 sentientibus
2355 4198 2588 4271 quaestio
2634 4199 2727 4265 sit,
2781 4199 2912 4268 quid
2967 4196 3168 4254 et‘ﬁciat
3215 4195 3386 4258 unio;
3451 4201 3508 4248 et

1931 4303 2117 4348 utrum
2149 4292 2217 4348 de
2257 4293 2425 4347 rebus
2459 4293 2595 4362 ipsis
2627 4292 2700 4347 sit
2733 4289 3130 4352 controversia,
3159 4304 3228 4342 an
3254 4286 3324 4342 de
3353 4286 3508 4342 voci-

1933 4387 2037 4442 bus
2070 4401 2159 4442 res
2191 4385 2340 4456 ipsas
2378 4384 2836 4457 signiﬁcantibus.
2874 4382 2967 4439 Sic
3005 4381 3151 4438 enim
3199 4380 3506 4450 quaestione

1934 4481 2196 4536 distincte
2227 4480 2437 4545 habita,
2493 4487 2544 4535 et
2593 4479 2828 4534 veritate
2881 4491 3066 4532 rerum
3112 4482 3357 4538 ostensa,
3409 4472 3504 4541 qui

1936 4570 2192 4641 imperite
2222 4578 2319 4625 aut
2355 4569 2520 4639 impie
2549 4567 2899 4630 contradicit,
2934 4563 3176 4636 pateﬁet,
3212 4563 3296 4618 vel
3332 4561 3508 4617 corri-

255 4655 652 4726 ἀναφανείσης,
679 4658 708 4710 ό
728 4656 958 4726 ἀμαθῶς
987 4657 1020 4729 ἢ
1051 4657 1264 4722 ἀσεϐῶς
1293 4658 1590 4727 ἀντιλέγων
1614 4659 1820 4730 δειχθή-

1937 4660 2169 4732 gendus,
2222 4659 2308 4714 vel
2365 4658 2421 4712 in
2465 4657 2675 4727 judicio
2709 4653 3130 4725 vituperandus.
3165 4671 3184 4704 ι
3239 4651 3508 4706 Unionem

261 4746 488 4819 σεται,ἢ
512 4747 1034 4820 διορθωθησόμενος,
1055 4749 1094 4820 ἢ¹
1118 4751 1174 4804 ἐν
1199 4749 1324 4822 δίκη
1353 4751 1832 4822 μεμφθησόμενος.

260 4841 377 4913 Τὴν
407 4842 603 4896 ἐνωσιν
643 4841 746 4907 τῆς
776 4841 1030 4913 θεότητος
1067 4841 1202 4912 πρὸς
1229 4842 1329 4914 τὴν
1365 4844 1760 4914 ἀνθρωπότητα
1786 4846 1835 4897 οἱ

267 4934 368 5004 μὲν
411 4935 532 4988 κατ’
562 4935 751 4988 οὐσίαν
779 4975 794 4999 ,
827 4935 877 4986 oi
923 4933 981 4986 δέ
1012 4936 1131 4986 κατ’
1171 4934 1486 5006 ἐνέργειαν,
1524 4937 1572 4989 οί
1605 4936 1662 4989 δὲ
1697 4937 1840 4991 κατὰ

264 5022 494 5094 γνώμην
523 5022 857 5092 γεγενῆσθαι
881 5023 1252 5094 ἀπεφήναντο.
1297 5025 1416 5077 Εἰσὶ
1455 5025 1512 5078 δὲ
1551 5026 1599 5078 οἳ
1633 5028 1728 5082 καὶ
1752 5027 1840 5079 εὐ-

265 5114 493 5170 λάϐειαν
536 5116 847 5187 περιττὴνῆ
880 5115 1096 5186 ἔχοντες
1138 5115 1172 5188 ἦ
1203 5116 1646 5187 ὑποκρινόμενοι,
1715 5119 1843 5188 μηδι

269 5202 446 5281 ετέρῳ
475 5210 582 5260 τῶν
608 5210 728 5278 είρη
739 5209 914 5279 μένων
947 5207 1293 5282 προσέθεντο,
1325 5208 1567 5282 ἄρρητον
1591 5209 1647 5263 δὲ
1673 5210 1842 5281 αὐτὴν

271 5299 367 5354 καὶ
426 5298 868 5369 ἀκατονόμαστον
929 5301 1256 5372 γεγενῆσθαι
1309 5302 1680 5373 ἀπεφήναντο,
1733 5304 1842 5357 εἴτε

271 5389 416 5446 οὕτω
440 5390 676 5460 ἔχοντες,
698 5391 808 5445 εἴτε
836 5391 921 5458 οὓ,
940 5393 1065 5457 τοὺς
1088 5393 1341 5464 ἐλέγχους
1365 5393 1708 5466 ὑφορώμενοι
1744 5399 1843 5467 τῆς

272 5482 553 5548 ἀσεϐείας.
571 5484 929 5555 Ἑωράκαμεν
945 5486 1053 5556 γὰρ
1083 5489 1176 5540 καὶ
1194 5487 1288 5539 νῦν
1310 5504 1485 5550 τινας,
1507 5487 1557 5541 οἳ
1578 5489 1719 5543 πάνυ
1750 5491 1848 5560 ῥη-

271 5576 372 5644 τήν
401 5593 462 5628 τε
499 5577 595 5629 καὶ
622 5578 1018 5646 πεπατημένην
1046 5577 1144 5647 τὴν
1180 5578 1436 5651 περὶτῆς
1466 5579 1710 5644 ἐνώσεως
1765 5583 1847 5634 ἐν·

275 5682 426 5719 νοιαν
457 5666 697 5736 ἔχοντες,
717 5667 954 5737 ἀρῥητον
980 5668 1148 5738 αὐτὴν
1166 5667 1473 5737 ἕλεγον,ἴνα
1500 5670 1576 5742 μὴ
1602 5672 1760 5741 μόνον
1773 5669 1849 5742 τῷ

277 5759 508 5830 ἐναντίῳ
535 5760 595 5812 τὺ
618 5761 860 5814 ἐναντίον
898 5761 1382 5815 κατασκευάσωσιν
1404 5800 1418 5826 ,
1447 5761 1728 5816 τουτέστιν
1770 5762 1849 5833 τῷ

277 5850 506 5924 ἀρρήτῳ
534 5851 594 5903 τὸ
626 5850 820 5920 ῥητὸν,
857 5850 989 5904 ἀλλά
1020 5852 1115 5904 καὶ
1143 5852 1268 5915 τοὺς
1297 5851 1556 5923 ἐλέγχους
1585 5853 1849 5911 ἐκκλίνω-

279 5957 387 5997 σιν.
412 5941 622 6010 Ὥσπερ
650 5940 840 6012 ἀμέλει
893 5941 986 5994 καὶ
1030 5941 1226 6011 ἕτεροι,
1254 5941 1343 5996 ἐπὶ
1378 5942 1474 6016 τῆς
1525 5943 1721 6014 σαρκὸς
1757 5944 1848 5997 τοῦ

1939 4748 2245 4806 divinitatis
2264 4763 2390 4803 cum
2425 4747 2765 4802 humanitate
2798 4745 2890 4801 alii
2923 4743 3226 4800 secundum
3253 4743 3512 4798 substan-

1941 4842 2071 4897 tiam
2104 4842 2303 4897 t'actam
2337 4854 2458 4895 esse
2495 4837 2860 4902 afﬁrmarunt,
2898 4836 2988 4891 alii
3024 4832 3327 4890 secundum
3355 4847 3514 4888 ener—

1941 4934 2106 5004 giam,
2144 4933 2236 4988 alii
2260 4931 2562 4987 secundum
2602 4929 2965 4984 voluntatem.
3001 4927 3140 4982 Sunt
3187 4933 3371 4980 autem
3418 4925 3513 4994 qui

1941 5022 2166 5078 nimiam
2228 5019 2592 5075 reverentiam
2644 5017 2701 5072 in
2761 5017 2934 5072 Deum
2984 5015 3071 5070 vel
3117 5013 3381 5068 habentes
3427 5013 3514 5066 vel

1942 5113 2286 5178 simulantes,
2338 5111 2491 5167 nullo
2526 5125 2595 5165 ex
2639 5109 2729 5164 his
2784 5107 2950 5163 modo
2994 5106 3189 5163 factam
3237 5103 3514 5169 dixerunt,

1944 5207 2041 5264 sed
2077 5206 2412 5262 ineffabilem
2438 5220 2560 5261 esse
2585 5212 2644 5259 et
2669 5217 2858 5259 carere
2889 5199 3110 5255 nomine
3138 5195 3524 5264 aﬁirmaruut;

1945 5299 2062 5354 sive
2097 5299 2173 5353 ita
2223 5297 2513 5360 haberent,
2561 5295 2677 5351 sive
2728 5309 2860 5358 non,
2910 5289 3227 5345 metuebant
3273 5295 3420 5344 certe
3448 5304 3519 5342 ne

1947 5371 2250 5460 impietatis
2273 5396 2656 5459 arguerentur.
2705 5385 2956 5440 Vidimus
2999 5383 3146 5438 enim
3177 5381 3342 5436 etiam
3371 5395 3521 5435 nunc

1948 5481 2237 5552 quosdam,
2276 5479 2370 5549 qui
2397 5493 2522 5534 cum
2555 5477 2838 5532 notionem
2867 5474 3084 5530 unionis
3111 5471 3266 5527 valde
3300 5486 3522 5540 expres-

1949 5589 2065 5630 sam
2095 5582 2152 5628 et
2183 5572 2367 5626 tritam
2422 5571 2710 5633 haberent,
2751 5569 3010 5640 ἄρρητον,
3048 5564 3103 5620 id
3137 5572 3221 5619 est
3265 5562 3530 5617 ineﬁabi~

1949 5667 2078 5730 lem,
2118 5680 2239 5721 eam
2271 5663 2577 5718 vocabant:
2608 5670 2666 5715 ut
2699 5676 2810 5715 non
2841 5659 3017 5714 solum
3063 5654 3341 5711 contrario
3389 5669 3523 5709 con-

1953 5759 2184 5813 trarium
2226 5755 2522 5820 eﬁicerent,
2590 5754 2642 5808 id
2683 5759 2788 5817 est,
2849 5749 3084 5806 dicendo
3116 5762 3237 5803 esse
3272 5745 3556 5814 ineﬂ‘abi-_

1953 5852 2080 5914 lem,
2129 5848 2402 5917 vulgatam
2434 5845 2697 5904 facerent,
2732 5841 2827 5896 sed
2880 5849 2939 5893 ut
2975 5847 3295 5901 argumenta
3329 5835 3529 5908 quibus

1957 5940 2438 6008 redarguerentur,
2473 5935 2797 6003 etl‘ugcrcnt.
2828 5931 2981 6002 Sicut
3011 5929 3103 5983 alii
3138 5943 3291 5988 sane,
3326 5936 3385 5980 ιιι.
3411 5940 3531 5989 οσιτ
