4068 6542
494 484 634 554 1299

1762 488 2074 549 LEONTII
2113 488 2520 550 BYZANTINI

3618 477 3772 543 1300

494 618 618 658 nem
646 599 860 655 Domini
889 598 1060 670 magis
1087 597 1209 653 ﬁcte
1241 614 1526 670 apparere,
1560 615 1724 671 quam
1764 603 1819 657 in
1858 618 1922 657 ea
1945 618 2073 656 con-

2206 603 2384 674 ἱυρίου
2420 604 2518 670 τὴν
2547 603 2852 673 φαντασίαν
2883 600 3175 673 κρατύνειν
3195 640 3211 667 ,
3332 595 3432 670 τὴν
3487 596 3769 666 σύγχυσιν

495 694 765 750 fusionem
813 692 1010 747 factam
1058 707 1178 747 esse
1209 691 1504 748 defendere
1533 694 1842 757 studerent,
1894 696 2074 760 incar-

495 792 683 839 natum
739 798 859 839 esse
906 792 968 836 ut
1013 782 1208 848 voluit,
1262 792 1318 838 et
1363 791 1423 837 ut
1463 783 1579 853 ipse
1613 784 1788 847 novit,
1828 783 2070 838 aiebant.

497 876 616 931 Non
648 875 795 931 enim
835 885 894 930 ut
922 875 1043 930 [nec
1064 875 1319 946 probent,
1348 875 1415 930 ad
1457 877 1824 930 reverentiam
1880 892 2075 932 revera

498 980 530 1018 a
565 964 874 1019 reverentia
904 965 1137 1020 alienam
1170 981 1228 1021 se
1267 965 1578 1029 conferunt,
1629 966 1836 1036 alioqui
1876 968 2078 1022 veritas

500 1055 604 1109 hos
623 1053 696 1108 ad
727 1055 913 1109 lumen
944 1070 1106 1110 suum
1140 1055 1476 1116 adduceret;
1509 1055 1604 1109 sed
1635 1065 1695 1110 ut
1724 1057 1955 1112 licenter
1978 1056 2080 1110 im-

502 1146 708 1216 pietate
738 1147 1058 1212 abutantur,
1093 1147 1161 1202 ad
1215 1147 1446 1202 honesta
1498 1148 1756 1213 nomina,
1818 1157 2078 1219 tanquam

503 1236 576 1290 ad
605 1238 1078 1307 propugnaculum
1130 1237 1404 1306 quoddam
1449 1237 1690 1292 validum
1743 1245 1800 1292 et
1853 1238 2082 1308 inexpu-

503 1327 721 1399 gnabile
744 1328 1084 1398 confugiunt.
1106 1329 1246 1383 Vere
1279 1329 1424 1385 enim
1452 1345 1631 1399 neque
1661 1329 1769 1384 dici
1801 1330 2082 1385 necintel-

503 1419 598 1490 ligi
627 1425 807 1489 potest
836 1419 968 1473 unio
1000 1419 1302 1474 secundum
1332 1421 1718 1485 substantiam,
1752 1431 1808 1476 et
1830 1421 2085 1476 substan-

505 1512 673 1579 tialis,
719 1521 775 1567 et
815 1513 870 1566 in
919 1513 1218 1584 hypostasi.
1256 1512 1543 1579 Quomodo
1575 1514 1722 1570 enim
1753 1530 1873 1584 qua:
1906 1521 2087 1569 tanto-

507 1618 640 1674 pere
681 1603 984 1660 secundum
1035 1616 1288 1660 naturam
1332 1605 1618 1671 diﬂ‘erunt,
1657 1615 1714 1662 et
1763 1616 1872 1662 tam
1926 1608 2085 1677 longe

508 1695 734 1760 distant,
782 1697 925 1751 inter
955 1713 1012 1753 se
1043 1699 1315 1764 coierunt,
1369 1708 1426 1753 et
1452 1699 1604 1753 unita
1642 1714 1752 1754 non
1793 1708 1920 1754 sunt
1952 1715 2087 1754 con-

510 1786 631 1842 fusa
678 1785 786 1857 (24)
815 1805 836 1854 ;~
857 1787 958 1842 sed
986 1786 1170 1857 potius
1204 1804 1375 1842 unum
1411 1797 1517 1853 est,
1546 1798 1602 1844 et
1625 1789 1737 1845 duo
1765 1800 2099 1854 noscuntur,

509 1885 569 1931 et
615 1891 723 1931 nec
771 1878 984 1932 unitate
1040 1893 1290 1948 persona:
1330 1877 1617 1933 commista
1685 1887 1854 1944 sunt;
1911 1895 2092 1949 neque

2181 694 2599 759 σπουδάζοντες,
2622 693 2930 765 ὲσαρκώθη,
2952 690 3226 764 φασὶν,ὡς
3248 690 3533 762 ἠθέλησεν,
3564 689 3659 742 καὶ
3684 687 3773 750 ὡς

2184 784 2346 854 μόνος
2366 781 2507 838 οἶδεν
2534 785 2721 848 αὐτός.
2746 785 2821 838 Οὐ
2848 786 2956 855 γὰρ
2985 785 3076 837 ἴνα
3105 783 3283 837 ταῦτα
3310 781 3768 853 παραστήσωσιν,

2182 874 2277 927 ἐπὶ
2322 873 2421 945 τὴν
2450 874 2620 939 ὅντως
2651 875 2922 947 ἀνευλαϐῆ
2953 873 3226 946 χωροῦσιν
3249 872 3560 927 εὐλάϐειανο
3594 873 3626 943 ἢ
3652 871 3768 941 γὰρ

2185 968 2250 1021 ἂν
2284 968 2424 1040 πρὸς
2455 969 2515 1023 τὸ
2545 969 2745 1039 ἑαυτῆς
2768 966 2873 1040 ἦγε
2907 970 3020 1039 φῶς
3047 969 3272 1031 τούτους
3298 968 3333 1038 ἡ
3363 963 3615 1036 ἀλήθεια,
3645 963 3773 1018 ἀλλ’

2185 1060 2272 1115 ἵνα
2294 1063 2417 1116 κατ’
2454 1061 2705 1128 ἐξουσίαν
2747 1061 3157 1132 ἀποκέχρηνται
3205 1062 3273 1131 τῇ
3315 1057 3542 1129 ἀσεόείᾳ
3573 1056 3666 1110 ἐπὶ
3697 1055 3778 1110 τὰ

2189 1153 2365 1222 σεμνά
2419 1152 2529 1207 τῶν
2583 1151 2882 1222 ὀνομάτων,
2923 1153 2999 1215 ὡς
3050 1151 3126 1213 εῐς
3159 1167 3212 1202 τι
3253 1147 3523 1219 κρατερόν
3571 1163 3630 1198 τε
3671 1145 3772 1197 καὶ

2187 1245 2464 1301 ἀνάλωτον
2513 1243 2774 1317 φρούριον
2825 1242 3286 1312 καταφεύγουσιν.
3346 1242 3619 1312 Ἀρῤητος
3656 1237 3777 1308 γάρ

2189 1336 2360 1400 ὅντως
2392 1337 2540 1390 ἐστὶν
2607 1335 2706 1390 καὶ
2743 1335 3063 1406 ἀνεννόητος
3102 1334 3235 1404 μόνη
3265 1335 3299 1403 ἠ
3327 1333 3447 1386 κατ’
3473 1331 3662 1384 οὐσίαν
3706 1345 3771 1382 τε

2191 1431 2284 1482 καὶ
2314 1426 2582 1496 οὒσιώδης
2623 1427 2717 1481 καὶ
2760 1426 3128 1485 ὲνυπόστατος
3161 1425 3376 1488 ⁶ένωσις.
3409 1423 3534 1485 Πῶς
3568 1423 3676 1490 γὰρ
3697 1421 3773 1472 τά

2192 1520 2445 1576 τοσοῦτον
2477 1520 2620 1574 κατά
2647 1519 2745 1590 τὴν
2767 1517 2929 1588 φύσιν
2954 1515 3420 1587 παρηλλαγμένα,
3442 1515 3540 1567 καὶ
3567 1512 3768 1584 μακρῷ

2192 1612 2528 1686 διῳκισμένα
2569 1612 2846 1682 ἀλλήλοις
2879 1627 2938 1663 τε
2971 1610 3198 1682 συνέϐη,
3243 1609 3339 1663 καὶ
3395 1606 3667 1679 κραθέντα
3705 1605 3773 1659 οὔ

2197 1703 2568 1772 συγκέχυται;
2605 1701 2742 1755 ἀλλά
2775 1703 2869 1755 καὶ
2895 1700 3039 1754 ἐστιν
3065 1701 3142 1764 ἓν,
3175 1702 3269 1756 καὶ
3293 1698 3624 1770 γνωρίζεται
3651 1697 3777 1763 δύο,

2197 1797 2291 1849 καὶ
2323 1794 2447 1848 οὔτε
2470 1793 2547 1865 τῷ
2575 1793 2850 1865 μοναδικῷ
2883 1793 2975 1846 τοῦ
3007 1793 3300 1864 προσώπου
3341 1791 3727 1860 συμπέφυρται
3751 1831 3774 1857 ,

2200 1883 2322 1936 οὔτε
2365 1881 2454 1936 διά
2487 1882 2585 1944 τὰς
2617 1881 2887 1952 ἰδιότητας
2924 1881 3031 1945 τῶν
3073 1882 3286 1951 φύσεων
3318 1883 3398 1945 είς
3443 1881 3782 1942 ὑποστάσεις

509 1978 736 2040 propter
767 1971 1129 2041 proprietates
1156 1966 1475 2026 naturarum
1530 1973 1586 2026 in
1637 1973 1958 2043 hypostases
2006 1972 2094 2027 di-

2206 1974 2499 2048 μερίζεται.
2521 1973 2708 2028 Ταῦτα
2734 1973 2914 2038 πίστις
2932 1978 3100 2046 χωρεῖ
3126 1976 3286 2046 μόνη,
3307 1976 3400 2029 καὶ
3423 1975 3579 2043 λόγος
3609 1974 3772 2038 θεῖος,

509 2060 627 2116 visa
664 2071 812 2116 sunt.
855 2060 981 2116 Hac
1013 2061 1126 2116 sola
1158 2061 1292 2116 ﬁdes
1320 2062 1488 2132 capit,
1546 2071 1601 2117 et
1655 2062 1893 2117 Verbum
1949 2062 2092 2117 divi-

511 2166 668 2216 num,
715 2151 859 2220 quod
887 2167 994 2204 non
1048 2151 1500 2222 pronuntiatione
1540 2151 1710 2215 vocis,
1752 2152 1847 2207 sed
1893 2152 2096 2207 illumi-

512 2243 738 2298 natione
795 2243 1173 2313 intelligentia:
1235 2244 1351 2298 haec
1390 2244 1677 2310 declarat;
1731 2251 1787 2299 et
1844 2259 1940 2300 eos
2000 2245 2094 2315 qui

515 2335 672 2406 digni
734 2343 901 2398 sunt,
967 2335 1218 2390 doctrina
1273 2351 1393 2389 non.
1443 2344 1716 2401 sonante,
1777 2335 1871 2390 sed
1933 2335 2104 2391 tacita.

513 2426 721 2482 erudit.

584 2517 662 2572 De
691 2517 773 2572 eis
807 2517 973 2589 igitur
1014 2518 1109 2588 qui
1155 2534 1222 2573 ex
1264 2519 1581 2574 reverentia-
1605 2528 1888 2591 mgrotant,
1923 2518 2107 2575 donec.

515 2607 649 2679 quid
672 2609 755 2663 eis
774 2610 1114 2679 propositum
1143 2611 1234 2676 sit,
1268 2626 1376 2664 non
1406 2620 1490 2665 est
1514 2610 1886 2675 manifestum,
1917 2627 2096 2682 nequc

515 2698 749 2756 verbum
785 2699 1097 2754 faciendum
1116 2710 1200 2755 est
1225 2717 1240 2767 ;
1270 2700 1365 2771 qui
1392 2716 1523 2756 vero
1555 2717 1736 2772 neque
1757 2718 1824 2756 ex
1867 2703 2095 2768 lumine,

517 2789 567 2846 si
593 2790 657 2844 id'
682 2790 827 2845 nacti
863 2800 1011 2855 sunt,
1051 2791 1305 2847 ﬁduciam
1337 2792 1582 2862 capiunt,
1636 2809 1741 2848 nec
1792 2795 1937 2864 quod
1981 2792 2100 2848 ani-

520 2894 638 2934 mas
673 2881 914 2935 tenebris
941 2881 1301 2936 circumfusas
1330 2881 1568 2937 habeant
1594 2922 1608 2946 ,
1640 2883 1868 2938 moleste
1894 2883 2098 2951 ferunt,

521 2980 780 3043 tanquam
830 2973 1164 3029 insanabiles
1208 2990 1238 3028 a
1289 2974 1451 3030 nobis
1473 2975 1835 3046 rejiciantur:
1877 2976 1943 3032 dc
1979 2975 2102 3032 aliis

519 3076 656 3117 vero
701 3061 782 3116 sic
825 3061 1179 3119 disseremus.
1218 3064 1322 3130 Qui
1369 3065 1628 3119 unionem
1659 3081 1768 3120 non
1799 3067 2102 3120 secundum

523 3154 907 3221 substantiam,
939 3155 1034 3211 sed
1061 3157 1363 3212 secundum
1399 3160 1786 3227 operationem.
1811 3169 1909 3214 aut
1931 3159 2102 3214 bene-

523 3247 811 3318 placitum,
843 3256 938 3302 aut
965 3247 1125 3302 aliam
1162 3247 1455 3318 quamdam
1481 3249 1796 3320 huiusmodi
1827 3249 2104 3305 habitudi-

525 3355 652 3395 nem
700 3339 895 3395 factam
945 3354 1068 3396 esse
1121 3339 1389 3406 tradunt;
1430 3339 1498 3395 ad
1542 3340 1830 3396 veritatem
1881 3341 2105 3412 quidem

528 3431 682 3486 nullo
727 3432 889 3486 modo
933 3432 1178 3501 proxime
1213 3431 1523 3499 accedunt;
1567 3433 1915 3487 mendacium
1948 3448 2105 3498 vero,

529 3522 676 3592 quod
701 3522 987 3592 multiplex
1015 3531 1118 3588 est,
1154 3523 1343 3594 partiti
1374 3530 1523 3590 sunt,
1554 3521 1682 3578 aliis
1709 3523 1871 3577 aliam
1896 3533 2106 3594 partem

527 3614 650 3686 ejus
679 3614 1064 3676 avellentibus,
1094 3621 1150 3668 et
1191 3613 1246 3667 in
1275 3628 1438 3668 unam
1469 3613 1874 3670 aberrationem
1903 3629 1934 3668 a
1963 3614 2109 3669 veri-

528 3714 665 3771 tate,
707 3705 850 3761 inter
884 3721 943 3760 se
973 3704 1300 3760 conciliatis.
1336 3703 1526 3771 Qualis
1573 3704 1721 3760 enim
1765 3711 1945 3775 potest
1986 3719 2108 3760 esse

530 3799 650 3855 bam
680 3799 832 3864 unio,
863 3807 922 3852 et
942 3797 1220 3867 quomodo
1252 3797 1416 3868 digna
1447 3797 1672 3853 nomine
1715 3795 1940 3852 unionis
1961 3795 2110 3852 illius

532 3905 699 3960 supra
726 3899 1004 3954 naturam,
1041 3898 1096 3944 et
1123 3905 1245 3959 quae
1268 3889 1382 3944 sola
1412 3896 1496 3944 est
1540 3896 1665 3958 post
1707 3888 1878 3944 solam
1907 3897 1964 3943 et
1999 3887 2112 3957 pri-

531 3996 698 4046 mam,
724 3997 846 4050 quae
870 3997 979 4035 non
1004 3980 1226 4051 colligat
1257 3995 1366 4045 res,
1391 3988 1446 4033 et
1479 3979 1534 4033 in
1564 3979 1618 4033 id
1647 3979 1824 4048 ipsum
1851 3978 2111 4033 adducit?

531 4069 687 4126 Unde
707 4069 965 4123 admirari
997 4069 1148 4133 licet,
1171 4067 1342 4138 quod,
1361 4083 1486 4122 cum
1511 4067 1822 4138 hujusmodi
1851 4067 2109 4122 unionem

531 4161 624 4216 isti
658 4161 1019 4231 proﬁteantur
1053 4169 1109 4216 et
1154 4160 1456 4225 celebrent,
1511 4159 1646 4214 illud
1695 4175 1806 4213 non
1855 4159 2113 4215 confusas

531 4270 654 4310 esse
685 4263 932 4318 naturas,
967 4262 1025 4309 et
1051 4254 1185 4308 illud
1210 4254 1555 4308 immutabile
1576 4269 1766 4308 eorum
1792 4263 2109 4323 opponunt;

533 4362 698 4418 quam
739 4346 888 4402 enim
943 4347 1305 4401 mutationem
1336 4345 1602 4416 suspicari
1632 4345 1754 4418 jure
1793 4356 2023 4416 possunt
2057 4347 2112 4400 in

533 4438 805 4494 divisione
839 4454 1047 4503 rerum,
1077 4439 1171 4509 qui
1202 4438 1500 4509 dignitates
1539 4437 1762 4507 quidem
1791 4439 1845 4492 in
1875 4439 2112 4509 dignita-

533 4541 645 4588 tem
677 4531 1027 4586 confundunt
1056 4532 1186 4602 (non
1217 4531 1364 4586 enim
1398 4530 1695 4602 dignitates
1740 4531 1978 4601 dignitas
2013 4548 2116 4586 un-

2196 2075 2224 2126 ό
2254 2073 2335 2144 μὴ
2358 2075 2416 2125 ὲν
2438 2072 2690 2142 προφορᾷ
2715 2070 2937 2135 λέξεως,
2969 2069 3083 2122 ἀλλ’
3113 2069 3170 2121 ὲν
3199 2070 3266 2138 τῇ
3300 2068 3420 2122 κατ’
3443 2068 3655 2121 ἔννοιαν
3683 2065 3780 2119 ἑλ-

2196 2163 2399 2234 λάμψει
2435 2163 2648 2235 τρανῶν
2676 2162 2868 2224 ταῦτα,
2899 2164 2994 2214 καὶ
3024 2161 3356 2230 όιφθέξγκιτοιςΔ
3397 2159 3778 2220 διδασκαλίαις

2201 2254 2579 2327 μυσταγωγῶν
2602 2255 2730 2319 τοὺς
2753 2253 2956 2318 ἀξίους.

2271 2503 2415 2566 Τοὺς
2460 2500 2556 2573 μέν
2590 2495 2691 2554 οὖν.
2721 2499 2849 2568 περὶ
2876 2498 2974 2566 τὴν
2995 2496 3284 2552 εὐλάϐειαν
3311 2494 3602 2556 νοσοῦντας
3623 2534 3639 2558 ,
3673 2493 3784 2556 ἕως

2201 2596 2349 2650 ἔστιν
2388 2596 2418 2649 ὁ
2452 2593 2651 2655 σκοπὸς
2679 2591 2898 2660 ἄδηλος,
2926 2589 3048 2642 οὐδὲ
3075 2589 3234 2657 λόγου
3269 2587 3556 2653 ἀξιωτέονο
3593 2587 3644 2640 οἱ
3667 2585 3781 2657 γάρ

2204 2690 2342 2759 μήτε
2390 2686 2451 2740 τὸ
2502 2685 2619 2756 φῶς
2651 2681 3162 2756 παρρησιαζόμενοι
3190 2723 3205 2745 ,
3237 2679 3305 2734 ἂν
3334 2679 3526 2734 τούτου
3561 2678 3788 2748 τύχοιεν-

2202 2781 2441 2852 έχοντες,
2471 2779 2608 2850 μήτε
2654 2776 2830 2846 σκότῳ
2855 2773 3313 2843 συγκαλυφθῆναι
3345 2771 3526 2825 αὐτῶν
3553 2770 3650 2832 τὰς
3673 2769 3784 2838 ψυ-

2202 2873 2303 2944 χὰς
2329 2869 2776 2941 δυσχεραίνοντες
2799 2906 2813 2931 ,
2842 2866 2917 2930 ὡς
2955 2865 3190 2928 ἀνιάτως
3216 2865 3431 2934 ἔχοντες
3455 2904 3470 2926 ,
3505 2860 3600 2915 καὶ
3644 2858 3779 2929 πρὸς

2202 2964 2362 3036 ἡμῶν
2415 2959 2862 3016 διαπτυέσθωσαν
2896 2974 2908 2986 ·
2967 2957 3096 3028 περὶ⁵
3145 2956 3202 3009 δὲ
3245 2955 3356 3009 τῶν
3400 2953 3595 3014 ἄλλων,
3639 2951 3791 3005 οὖτωι

2203 3055 2598 3126 διαλεξώμεθα.
2658 3054 2718 3106 Οἱ
2766 3051 2864 3122 τὴν
2905 3051 3098 3104 ἕνωσιν
3132 3047 3206 3118 μὴ
3248 3046 3369 3102 κατ’
3401 3046 3613 3109 οὐσίαν,
3645 3040 3782 3096 ἀλλά

2205 3150 2327 3204 κατ’
2377 3146 2680 3218 ἐνέργειαν,
2721 3142 2755 3214 ἦ
2797 3141 3077 3204 εὐδοκίαν,
3105 3141 3139 3210 ἢ
3169 3139 3334 3208 ἄλλην
3370 3139 3493 3191 τινὰ
3525 3135 3789 3203 τοιαύτην

2209 3239 2394 3310 σχέσιν
2418 3237 2866 3307 δογματίσαντες,
2888 3233 3008 3288 κατ’
3037 3232 3196 3286 οὐδὲν
3227 3232 3326 3302 μὲν
3348 3232 3416 3301 τῇ
3438 3227 3669 3300 ἀληθείᾳ
3690 3228 3781 3293 ἐγ-

2208 3333 2460 3403 γίίζουσι⁹
2511 3330 2574 3384 τὸ
2615 3329 2673 3383 δὲ
2707 3328 2901 3399 ψεῦδος
2948 3325 3267 3396 πολυσχιδὲς
3311 3322 3378 3378 ἂν
3432 3321 3784 3393 ἐμερίσαντο,

2207 3426 2388 3488 ἄλλοις
2435 3423 2602 3493 ἄλλην
2647 3422 2771 3474 τι.νά
2823 3421 3014 3490 μοῖραν
3054 3415 3227 3471 αὐτοῦ.
3263 3414 3783 3486 παρασπασάμενοι,

2209 3518 2304 3572 καὶ
2335 3518 2414 3581 είς
2441 3515 2499 3568 ἓν
2527 3513 2782 3585 ἀλλήλοις
2819 3511 3068 3574 ἐλθόντες
3103 3512 3170 3581 τῇ
3207 3507 3496 3575 ἀποτεύξει
3520 3509 3621 3576 τῆς
3645 3505 3787 3574 άληο

2210 3611 2383 3674 θείας.
2417 3608 2555 3663 Ποία
2591 3606 2700 3676 γὰρ
2735 3605 2801 3660 ἀν
2830 3604 2916 3677 εἴη
2941 3603 3104 3670 αὕτη,
3136 3600 3232 3654 καὶ
3259 3599 3378 3662 πῶς
3409 3598 3504 3652 τοῦ
3533 3597 3634 3667 τῆς
3661 3595 3794 3649 ένώφ

2212 3719 2350 3766 σεως
2379 3700 2507 3766 ἀξία
2533 3699 2820 3769 ὀνόματος,
2856 3697 2955 3767 τῆς
2977 3691 3292 3765 ὑπερφυοῦς
3319 3691 3414 3744 καὶ
3445 3691 3613 3761 μόνης
3647 3687 3796 3758 μετὰ

2209 3794 2321 3866 τὴνι
2332 3792 2502 3864 μόνην
2527 3789 2622 3844 καὶ
2646 3787 2892 3860 πρώτην,
2917 3786 2952 3857 ἢ
2977 3785 3051 3858 μὴ
3073 3785 3141 3838 τά
3168 3783 3473 3854 πράγματα
3497 3778 3798 3834 συνδέουσα

2211 3887 2306 3942 καὶ
2335 3887 2416 3946 είς
2445 3882 2641 3938 ταύτὸν
2668 3880 2881 3950 ἄγουσα
2906 3896 2925 3946 ',
2950 3875 3119 3932 Ὅθεν
3149 3876 3246 3930 καὶ
3274 3872 3578 3945 θαυμάζειν
3607 3870 3799 3925 ἔπεισί

2215 4000 2307 4054 μοι
2352 4021 2367 4047 ,
2396 3978 2473 4034 ὅτ’
2505 3980 2573 4032 ἂν
2613 3977 2794 4031 αὐτῶν
2821 3974 2920 4046 τὴν
2947 3971 3205 4043 τοιαύτην
3237 3971 3432 4024 ἕνωσιν
3460 3966 3794 4040 πρεσὸευόν-

2213 4091 2341 4139 των,
2373 4072 2434 4126 τὸ
2476 4070 2782 4142 ἀσύγχυτον
2811 4066 3212 4140 προσρίπτεται
3257 4063 3352 4116 καὶ
3379 4062 3441 4114 τὸ
3471 4063 3746 4130 ἄτρεπτον
3774 4073 3790 4088 ·

2215 4145 2375 4219 ποίαν
2423 4163 2532 4234 γάρ
2559 4159 2867 4232 ὑφορᾶσθαι
2912 4155 3122 4230 τροπὴν
3159 4156 3356 4218 αὐτοὺς
3385 4154 3592 4207 δίκαιον
3634 4151 3692 4203 ὲν
3721 4151 3802 4220 τῇ

2213 4254 2476 4325 διαιρέσει
2528 4253 2635 4307 τῶν
2670 4249 3013 4323 πραγμάτων
3037 4289 3052 4314 ,
3087 4247 3186 4310 τὰς
3220 4245 3319 4316 μὲν
3359 4243 3514 4310 ἀξίας
3550 4242 3628 4304 είς
3661 4240 3795 4311 μίαν

2214 4344 2371 4413 ἀξίαν
2399 4345 2730 4415 συγχέοντας
2765 4341 2848 4414 (ού
2879 4341 2987 4412 γάρ
3008 4339 3065 4394 αἱ
3092 4338 3238 4404 ἀξίαι
3269 4335 3417 4401 ἀξίαι
3444 4336 3564 4387 ποτ’
3596 4333 3663 4386 ἂν
3695 4331 3797 4400 γέ-

2216 4455 2388 4493 νοιντο
2415 4437 2764 4507 ἀσυγχύτως,
2797 4433 2990 4505 ὥσπερ
3017 4432 3138 4486 οὐδὲ
3168 4431 3225 4484 αί
3253 4429 3448 4498 φύσεις
3485 4427 3586 4498 μία
3627 4425 3804 4494 φύσις

2216 4526 2547 4603 ἀτρέπτως),
2575 4527 2673 4591 τάς
2709 4525 2766 4580 δὲ
2811 4524 3000 4586 οὐσίας
3023 4520 3352 4594 χωρίζοντας
3377 4535 3392 4582 ;
3419 4519 3478 4573 οὐ
3503 4517 3611 4588 γὰρ
3648 4532 3798 4585 πρα-

532 4637 697 4692 quam
743 4621 862 4677 ﬁeri
903 4632 1136 4692 possunt
1188 4623 1305 4677 sine
1341 4622 1687 4688 confusione,
1746 4623 1890 4677 sicut
1935 4638 2102 4693 neque

2217 4621 2445 4693 γμάτων
2466 4620 2683 4684 ἓνωσις,
2715 4617 2748 4687 ἢ
2800 4615 2900 4684 τῆς
2927 4614 3086 4681 ἀξίας
3120 4611 3334 4675 ἓνωσις.
3361 4610 3431 4662 Ἢ
3471 4609 3616 4662 οὕτω
3645 4608 3697 4676 γ’
3727 4607 3801 4660 ἃν

534 4724 748 4772 naturae
795 4723 995 4770 natura
1025 4715 1143 4770 sine
1189 4712 1541 4785 mutatione),
1603 4714 1940 4770 substantias
1982 4731 2116 4770 vero

536 4809 836 4880 separant?
868 4823 972 4864 nec
989 4808 1136 4864 enim
1162 4807 1294 4862 unio
1327 4822 1511 4863 rerum
1542 4817 1626 4862 est
1655 4807 1788 4861 unio
1812 4807 2112 4877 dignitatis.

536 4901 754 4975 Alioqui
805 4911 1034 4958 cunctos
1085 4901 1182 4973 qui
1238 4900 1481 4955 divinam
1543 4900 1868 4970 dignitatem
1934 4899 2116 4956 sortiti

538 5011 686 5067 sunt,
711 4989 965 5056 iﬁ'bnum
994 5011 1118 5050 cum
1146 4995 1333 5050 divina
1358 4993 1668 5049 substantia
1694 4985 2113 5064 cOnjungemus,

539 5101 596 5150 et
624 5091 764 5148 duas
815 5100 1040 5146 naturas
1088 5103 1211 5144 esse
1269 5086 1328 5141 in
1379 5085 1611 5156 singulis
1645 5084 1858 5140 sanctis
1893 5083 2124 5139 docebi-

539 5199 707 5240 mus:
743 5183 1022 5255 quantitas
1049 5181 1196 5238 enim
1240 5178 1523 5250 dignitatis
1557 5176 1786 5233 omnino
1818 5175 2018 5230 dividit
2057 5189 2128 5231 ea

543 5291 666 5347 quae
707 5275 1012 5334 secundum
1067 5273 1386 5344 dignitatem
1417 5269 1726 5334 differunt;
1771 5267 1867 5324 sed
1917 5274 2126 5337 quanta

544 5368 733 5434 fuerit,
785 5376 997 5423 tantum
1031 5365 1329 5436 conjunget
1364 5371 1630 5416 naturas:
1661 5375 1765 5415 nec
1807 5359 1956 5414 enim
1999 5373 2121 5414 om-

545 5461 678 5516 nino
699 5473 794 5516 eas
817 5456 1122 5529 separabit,
1140 5471 1251 5511 non
1281 5462 1534 5524 separato
1556 5467 1624 5508 eo
1644 5449 1793 5522 quod
1816 5449 2121 5522 coniungit.

2218 4715 2312 4768 καὶ
2333 4713 2542 4774 πάντας
2558 4710 2685 4772 τοὺς
2702 4709 2802 4777 τῆς
2824 4707 2973 4771 θείας
3004 4705 3330 4774 λελογχότας
3357 4700 3536 4767 ἀξίας,
3560 4700 3640 4762 εἰς
3663 4714 3808 4753 ταν--

2219 4801 2310 4857 τὸν
2349 4800 2573 4869 ἀξωμεν
2600 4799 2666 4868 τῇ
2695 4794 2816 4866 θείᾳ
2843 4793 3004 4865 οὐσίᾳ
3029 4832 3044 4854 ,
3078 4792 3171 4846 καὶ
3203 4790 3295 4843 δύο
3325 4787 3517 4859 φύσεις
3556 4787 3638 4854 ἐφ’
3674 4785 3798 4838 ἑκά-

2223 4911 2349 4949 στου
2385 4891 2493 4945 τῶν
2535 4888 2706 4970 άγίων
2757 4884 3178 4956 δογματίσωμεν
3203 4898 3217 4911 ο
3265 4879 3326 4934 τὸ
3353 4879 3465 4948 γάρ
3507 4876 3673 4970 ποσὸν
3697 4875 3800 4945 τῆς

2223 4984 2400 5050 ἀξίας,
2425 4981 2485 5036 ού
2515 4967 2692 5050 πάντη
2720 4976 2944 5050 χωρίζει
2967 4973 3036 5028 τὰ
3064 4973 3206 5028 κατά
3234 4971 3332 5043 τὴν
3356 4970 3516 5035 ἀξίαν
3541 4967 3798 5037 διάφορα,

2225 5074 2340 5130 ἀλλ’
2381 5072 2555 5142 ὁπόση
2591 5069 2657 5124 ἂν
2691 5068 2778 5139 εἴη
2800 5107 2815 5132 ,
2846 5065 2989 5120 κατά
3029 5061 3287 5117 τοσοῦτον
3316 5057 3546 5128 συνάψει
3576 5055 3672 5110 καὶ
3698 5052 3804 5114 τὰς

2223 5167 2418 5237 φύσεις
2437 5182 2450 5197 ·
2479 5164 2540 5219 οὐ
2566 5163 2676 5234 γὰρ
2703 5161 2768 5232 δὴ
2799 5161 2978 5230 πάντη
3023 5155 3193 5219 αὐτὰς
3250 5151 3478 5226 χωρίσει
3527 5147 3623 5203 τοῦ
3673 5163 3802 5200 συν⁶

2223 5261 2509 5322 ἅπτοντος,
2539 5256 2615 5328 μὴ
2647 5254 2823 5321 πάντη
2848 5246 3278 5321 κεχωρισμένον.
3295 5243 3522 5299 Ὀπόσον
3540 5239 3648 5310 γάρ
3668 5253 3802 5328 pet:

2225 5355 2408 5426 έχουσι
2446 5326 2550 5421 τῆς
2597 5347 2752 5413 ἀξίας
2777 5387 2791 5413 ,
2829 5343 3076 5417 μετέχειν
3113 5339 3385 5411 ὀφείλουσι
3431 5335 3526 5388 καὶ
3551 5333 3650 5402 τῆς
3701 5326 3808 5382 τοῦ

2224 5444 2382 5522 λόγου
2405 5439 2644 5510 φύσεως.

543 5537 824 5626 Quantum
851 5555 998 5610 enim
1029 5552 1363 5624 participant
1387 5550 1733 5622 dignitatem,
1759 5555 1973 5603 tantum
2004 5544 2336 5617 participare
2366 5537 2571 5592 debent
2592 5533 2870 5590 rationem.
2894 5537 3126 5585 naturae.

617 5668 729 5738 (ει)
765 5664 922 5720 Unita
968 5680 1073 5738 non
1101 5670 1224 5738 sunt
1273 5661 1511 5738 confusa.
1546 5659 1789 5738 Utuntur
1818 5656 2109 5738 ortlrodogti

547 5729 867 5806 scriptores;
909 5733 1175 5806 vocabulo
1205 5729 1483 5806 κράσεως,
1515 5747 1600 5806 q._
1623 5731 1678 5784 d.
1715 5729 1971 5806 mistiom's
1997 5767 2012 5790 ,
2058 5729 2114 5779 in

551 5798 813 5878 mysterio
856 5798 1257 5860 incarnationis
1290 5798 1678 5878 _explicando;
1728 5799 1834 5878 .scd
1887 5805 2117 5878 utuntur

551 5867 715 5934 sensu
751 5875 896 5932 bono
947 5883 1004 5930 et
1057 5871 1344 5929 commodo
1374 5867 1427 5942 ,⁷,
1455 5877 1516 5925 ut
1579 5869 1805 5942 praecise
1859 5867 2118 5942 unionem

554 5945 838 6020 Srgniﬁcet.
867 5945 1097 6001 Photius
1141 5944 1207 5998 de
1239 5941 1470 6014 Eulogio
1524 5937 1832 6011 patriarcha
1887 5937 2119 5991 Alexan-

2222 5654 2416 5710 drino:
2450 5649 2730 5720 Κέχρηται
2762 5645 2820 5700 δὲ
2853 5644 2946 5720 καὶ
2975 5645 3040 5713 τῇ
3067 5639 3311 5720 magna;
3344 5631 3803 5720 βράσεωςῐεεύσεῗ

2226 5703 2499 5790 ἑέέξξιέηῐῖ
2523 5703 2655 5777 mu}
2697 5726 2772 5773 est
2813 5724 2861 5771 et
2886 5703 3106 5772 Crasan
3136 5703 3387 5790 vocabul}?
3403 5703 3428 5761 1'
3456 5703 3802 5790 ,κάηρίίίῢ

2226 5772 2480 5848 lfaiu's'sé
2506 5772 2692 5844 iri—non
2723 5772 2982 5855 usurpare
3024 5779 3408 5855 moreamentis
3436 5772 3800 5855 Apollinei-ii}

2232 5799 2397 5848 status
2425 5806 2480 5845 se
2506 5792 2559 5844 id
2588 5806 2692 5843 non
2723 5801 2982 5855 usurpare
3024 5798 3168 5836 more
3187 5792 3408 5835 amentis
3436 5792 3800 5898 Λῖοιιιη-αηι..

2232 5876 2401 5982 nequ:
2424 5860 2572 5931 impii
2598 5858 2842 5930 Eutychis
2865 5895 2876 5920 ,
2914 5855 3008 5908 sed
3041 5861 3096 5908 ut
3122 5851 3333 5922 pietatis
3354 5861 3478 5919 regu
3506 5861 3537 5897 α
3561 5856 3808 5916 prescri-

2234 5933 2324 5984 bit.
2361 5931 2372 5943 '
2410 5947 2493 5984 un.
2679 5953 2714 5978 .;.

2268 5933 2324 5984 it.
2361 5931 2493 5985 Tun.
2679 5953 2701 5978 .—
