4068 6528
311 432 441 500 1301

1366 433 1663 496 CONTRA
1696 430 2015 511 NESTOR.
2054 431 2149 490 ET
2189 432 2507 493 EUTYCH.

3417 431 3554 498 1302

376 548 441 601 El
471 546 529 600 δέ
563 563 669 601 τινι
710 540 881 618 ἑτέρῳ
915 547 1022 600 τῶν
1056 546 1112 599 ὲν
1146 547 1212 617 τῇ
1250 547 1442 617 Τριάδι
1486 544 1721 614 συνάψαι
1756 543 1873 615 βαύ·

2057 540 2112 597 Si
2144 552 2327 599 autem
2360 558 2486 597 cum
2519 543 2701 597 altera.
2742 558 2975 613 persona
3028 551 3231 598 sanctae
3274 542 3561 598 Trinitatis

308 643 511 701 λονται,
553 638 678 701 τοὺς
720 640 873 710 παρὰ
903 640 994 693 τὸν
1028 639 1273 709 Χριστὸν
1296 639 1516 702 λοιποὺς
1543 639 1752 707 ἁγίους,
1782 638 1880 707 τῆς

309 730 370 783 ἂν
389 731 617 801 ἀσεϐείᾳ
641 731 819 785 αὐτῶν
837 731 980 785 ἔστω
999 731 1252 797 ἐξουσίαςΔ
1278 748 1292 762 ·
1318 730 1882 801 κεχρηματίκασιγὰρ

310 823 425 877 θεοί
452 840 513 876 τε
538 824 631 877 καὶ
660 825 764 878 υἱοὶ
781 823 918 879 Θεοῦ
949 825 1046 878 καὶ⁵
1079 824 1367 894 πνεύματα
1392 826 1543 892 ἅγια,
1562 822 1703 876 κατὰ
1717 823 1798 875 τόο
1820 822 1882 873 '0

199 912 208 973 ε
310 912 693 983 κολλώμενος
714 913 792 980 τῷ
816 916 1025 983 Κυρίῳ,
1049 914 1119 967 ἓν
1143 915 1381 984 πνεῦμά
1411 916 1603 969 ἐστιν.
1629 913 1752 977 Πῶς
1773 913 1883 967 τοί-

309 1022 426 1070 νυν,
449 1006 626 1077 πάσης
646 1006 747 1075 τῆς
764 1005 989 1075 λογικῆς
1003 1006 1098 1060 καὶ
1113 1006 1389 1077 μακαρίας
1411 1007 1661 1069 κτίσεως,
1676 1006 1775 1077 ὅση
1823 1020 1882 1060 τε

309 1097 370 1151 ὲν
409 1099 663 1167 ἀγγέλοις
693 1098 788 1152 καὶ
812 1100 911 1169 ὅση
940 1100 998 1153 ὲν
1028 1098 1355 1171 ἀνθρώποις,
1377 1100 1477 1171 τῆς
1508 1099 1758 1153 θεοποιοῦ
1790 1100 1884 1153 καὶ

310 1191 555 1245 υἱοποιοῦ
572 1190 663 1244 τοῦ
693 1191 1011 1263 Πνεύματος
1027 1193 1250 1264 χάριτος
1270 1192 1677 1263 πληρωθείσης,
1701 1192 1883 1263 μόνοις

309 1281 338 1334 ὁ
359 1281 421 1333 ὲκ
440 1280 719 1349 Παρθένου
747 1280 1009 1352 πεφηνὼς
1025 1282 1157 1344 Θεός
1179 1299 1237 1334 τε
1261 1280 1462 1352 ἐκλήθη
1478 1286 1572 1335 καὶ
1596 1282 1722 1345 Υἱὸς
1746 1280 1882 1335 Θεοῦ

309 1373 368 1425 ὲν
406 1372 487 1443 τῷ
531 1372 708 1444 λόγῳ,
744 1375 838 1426 καὶ
886 1374 1029 1429 κατὰ
1055 1374 1141 1427 τὸν
1172 1372 1363 1440 λόγον,
1395 1373 1782 1445 προσκυνεῖται
1822 1390 1882 1425 τε

311 1464 462 1533 παρὰ
481 1466 663 1536 πάσης
683 1466 912 1536 λογικῆς
937 1467 1153 1535 φύσεως
1178 1482 1192 1530 ;
1225 1466 1372 1519 Ἔδει
1400 1466 1507 1538 γὰρ
1534 1467 1661 1529 τοὺς
1691 1465 1884 1529 ἀθέους

309 1554 532 1622 εἰδέναι,
570 1557 651 1611 ὅτι
686 1558 733 1609 εί
768 1558 863 1611 κού⁴
892 1557 952 1610 τὸ
982 1557 1260 1628 ἐξαίρετον
1292 1557 1394 1627 τῆς
1428 1557 1680 1629 ποικίλης
1707 1558 1884 1612 διανο-

312 1646 423 1716 μῆς
446 1687 461 1712 ,
497 1647 758 1717 πρόσεστι
787 1652 902 1711 τοῖς
936 1648 1261 1720 ὑπερτέροις
1307 1649 1458 1718 παρὰ
1484 1649 1609 1712 τοὺς
1651 1649 1881 1719 ὑφειμέ-

308 1756 455 1800 νους.
480 1738 616 1794 ἀλλὰ
633 1739 811 1793 κοινὸν
829 1739 889 1793 τό
916 1741 1160 1808 ὲφάπασι
1189 1741 1289 1811 τῆς
1309 1740 1592 1810 ἐνεργείας
1616 1741 1880 1811 χάρισμα,

309 1828 404 1882 καὶ
449 1829 548 1899 τῆς
588 1830 745 1896 ἀξίας
775 1830 1041 1901 δώρημα·
1088 1832 1247 1901 καὶῆ
1299 1831 1559 1895 κάκείνας
1596 1832 1737 1901 μετὰ
1782 1833 1880 1886 τοῦ

305 1918 442 1973 Θεοῦ
477 1920 674 1987 Λόγου,
708 1919 739 1989 ἢ
769 1916 829 1971 οὗ
860 1937 922 1988 γε
958 1920 1235 1989 βούλονται
1276 1920 1395 1985 ἐνὸς
1424 1921 1533 1975 τῶν
1563 1924 1620 1975 ὲν
1648 1924 1714 1993 τῇ
1750 1922 1880 1995 ἁγία

306 2008 495 2079 Τριάδι
555 2007 966 2078 θεωρουμένων,
1012 2010 1045 2079 ἢ
1103 2010 1199 2062 καὶ
1244 2010 1372 2081 δλης
1419 2011 1518 2080 τῆς
1569 2011 1872 2083 σεϐασμίου

307 2099 537 2171 Τριάδος
565 2101 645 2162 εἰς
676 2099 771 2153 δύο
797 2099 1088 2153 συνάπτειν
1119 2099 1331 2170 φύσεις,
1362 2102 1457 2154 καὶ
1486 2100 1578 2153 δύο
1609 2102 1641 2173 ἢ
1674 2102 1878 2173 τρεῖςῆ

306 2191 586 2261 τέσσαρας
641 2191 971 2254 ὑποστάσεις
1027 2192 1279 2263 διαιρεῖν.
1338 2195 1407 2246 Ἢ
1469 2193 1602 2264 μηδὲ
1674 2193 1880 2248 τούτων

310 2283 448 2352 μετά
490 2283 589 2353 τῆς
634 2282 852 2351 φύσεως
901 2281 998 2336 τοῦ
1031 2283 1168 2336 Θεοῦ
1208 2284 1384 2351 Λόγου
1436 2284 1750 2349 συνάπτειν,
1786 2284 1880 2337 καὶ

308 2376 387 2435 είς
413 2375 511 2429 ἕνα
538 2375 665 2428 Υἱὸν
696 2374 728 2445 ἢ
758 2374 1084 2439 συντιθέναι,
1114 2375 1145 2444 ἢ
1173 2375 1480 2446 ὁμωνύμως
1514 2375 1676 2429 αὐτὸν
1707 2377 1880 2429 ποιεῖν

308 2467 445 2537 πρὸς
488 2468 584 2521 τὸν
634 2469 989 2539 πρωτότυπον
1044 2467 1193 2532 Υίὸν,
1248 2469 1344 2520 καὶ
1394 2468 1471 2537 μὴ
1516 2469 1734 2539 φρονεῖν
1782 2470 1881 2537 μὲν

308 2559 466 2624 ἄλλα,
499 2558 837 2626 φθέγγεσθαι
859 2559 916 2612 δὲ
941 2559 1129 2630 ἕτερα.
1158 2560 1305 2622 Μιᾶς
1335 2559 1443 2632 γὰρ
1470 2558 1637 2629 οὔσης
1664 2559 1766 2628 τῆς
1790 2576 1884 2628 φυ-

310 2650 469 2719 σικῆς
518 2650 789 2719 υίότητος,
837 2648 896 2716 ἐξ
928 2646 996 2723 ἧς
1027 2650 1170 2704 κατά
1204 2653 1444 2722 μετοχὴν
1485 2654 1636 2706 πᾶσα
1672 2652 1879 2721 υἱότης,

310 2742 528 2813 ἀνάγκη
557 2743 647 2795 τὸν
670 2745 1177 2814 ἀποσχεδιασθέντα
1202 2745 1386 2807 αὐτοῖς
1413 2744 1699 2816 ἄνθρωπον
1727 2744 1760 2815 ἢ
1784 2745 1882 2814 τῆς

311 2839 544 2907 φυσικῆς
573 2837 822 2907 μετέχειν
852 2838 1119 2910 υίότητος,
1144 2839 1176 2910 ἢ
1203 2838 1301 2909 τῆς
1326 2838 1390 2890 ὲκ
1416 2838 1637 2910 χάριτος
1662 2836 1883 2908 γινομέ-

309 2944 439 2998 νης’
474 2930 568 2983 καὶ
601 2930 632 3000 ἢ
666 2931 803 3002 πρὸς
824 2930 916 2983 τὸν
946 2931 1226 3000 Μονογενῆ
1258 2929 1552 2983 συνάπτειν
1586 2929 1771 2994 αὑτὸν,
1807 2929 1883 2993 ὡς

309 3021 404 3090 τῆς
445 3021 691 3085 ένὼσεως
713 3022 811 3091 τῆς
844 3023 964 3075 κατ’
988 3022 1176 3076 οὐσίαν
1198 3022 1575 3092 ἀντιδιδούσης
1595 3022 1663 3076 τὰ
1687 3024 1754 3093 τῇ
1789 3022 1884 3075 θα-

306 3111 443 3183 τέρᾳ
499 3113 659 3180 φύσει
707 3113 982 3183 προσόντα
1031 3116 1096 3185 τῇ
1149 3114 1394 3185 θατέρᾳ·
1438 3113 1470 3185 ἢ
1521 3113 1763 3168 εὐσεϐεῖν
1806 3115 1880 3185 μὴ

1983 637 2244 706 copulare
2269 636 2468 690 volunt
2492 636 2732 706 reliquos
2768 644 2988 691 sanctos
3026 643 3391 705 prmterquam
3430 650 3557 690 cum

1980 725 2225 792 Christo,
2256 727 2329 780 sit
2364 726 2471 781 hoc
2507 728 2814 797 potestatis,
2859 742 3021 796 quam
3048 726 3254 781 habent
3284 726 3339 779 in
3358 724 3561 794 impie-

1985 828 2133 884 tate;
2159 819 2336 874 vocati
2358 835 2595 889 namque
2622 828 2750 873 sunt
2773 820 2891 882 Dei,
2922 818 3108 873 ctﬁlii
3150 818 3269 881 Dei,
3302 829 3358 873 et
3381 818 3558 887 Spiri-

1984 919 2073 965 tus
2093 910 2307 976 sancti;
2346 910 2491 965 sicut
2513 910 2805 979 Apostolus
2830 909 2928 972 ait,
2996 907 3097 973 Qui
3154 909 3386 961 adhaeret
3426 906 3554 968 Deo,

1982 1018 2119 1055 unus
2158 1003 2377 1073 spiritus
2437 1009 2511 1055 est
2545 1002 2585 1053 ⁸.
2664 998 2949 1066 Quomodo
2996 1014 3150 1069 ergo,
3207 1013 3331 1051 cum
3379 997 3563 1051 omnis

1983 1103 2233 1149 creatura
2263 1092 2547 1148 rationalis
2579 1100 2635 1148 et
2655 1092 2838 1157 beata,
2872 1105 3215 1161 quascunque
3243 1098 3327 1144 est
3370 1089 3424 1143 in
3455 1104 3556 1142 an-

1982 1185 2120 1255 gelis
2164 1193 2219 1240 et
2255 1184 2596 1249 hominibus,
2627 1184 2785 1254 plena
2838 1182 2911 1237 sit
2942 1182 3115 1253 gratia
3161 1179 3472 1243 deiﬁcante,
3504 1190 3560 1234 et

1983 1276 2276 1346 adoptante
2307 1277 2548 1347 Spiritus
2578 1277 2774 1339 sancti,
2823 1276 2974 1331 solus
3007 1283 3168 1329 natus
3197 1290 3262 1329 ex
3307 1273 3555 1343 Virgine,

1983 1368 2147 1429 Deus,
2185 1377 2241 1422 et
2268 1368 2441 1422 Filius
2467 1368 2706 1422 hominis
2742 1368 2795 1421 in
2849 1367 3127 1436 Scriptura
3171 1376 3401 1420 vocatus
3436 1373 3554 1427 est;

1982 1468 2039 1515 et
2060 1460 2360 1514 secundum
2388 1458 2724 1529 Scripturam
2748 1459 3009 1513 adoratur
3034 1458 3100 1512 ab
3121 1458 3269 1513 omni
3301 1457 3573 1511 rationali

1984 1552 2224 1606 natura?
2251 1551 2545 1621 Oportebat
2575 1567 2811 1621 namque
2843 1551 3042 1620 impios
3064 1550 3227 1611 scire,
3254 1548 3421 1619 quod,
3448 1547 3579 1601 etsi.

1983 1643 2259 1713 praacipua
2287 1658 2412 1712 pars
2445 1643 2611 1697 variae
2634 1642 3039 1697 distributionis
3086 1642 3229 1696 inest
3274 1638 3558 1693 inrcelsioc

1984 1736 2137 1789 ribus
2169 1736 2502 1806 comparatis
2536 1751 2659 1791 cum
2708 1735 3103 1798 inferioribus;
3150 1747 3439 1788 commune
3472 1740 3556 1785 ta-

1986 1844 2110 1883 men
2169 1844 2289 1882 esse
2335 1844 2458 1882 cum
2501 1829 2760 1882 omnibus
2809 1828 3079 1883 charisma
3114 1824 3449 1895 Operationis
3502 1832 3583 1876 ett

1984 1920 2187 1974 donum
2223 1918 2544 1989 dignitatis;
2576 1929 2631 1978 et
2663 1920 2749 1972 vel
2774 1919 2894 1973 illas
2926 1934 3049 1973 cum
3096 1917 3277 1972 Verbo
3310 1915 3427 1977 Dei,
3469 1913 3555 1968 vel

1981 2028 2107 2068 cum
2154 2027 2262 2066 una
2293 2028 2458 2082 quam
2490 2012 2702 2075 volunt,
2737 2026 2803 2064 ex
2838 2009 3089 2080 personis
3131 2015 3333 2063 sancta
3377 1999 3557 2059 Ti‘ini—

1982 2105 2131 2167 tatis,
2162 2105 2248 2159 vel
2278 2120 2401 2159 cum
2433 2113 2544 2159 tota
2570 2103 2882 2158 veneranda
2919 2102 3188 2156 Trinitate
3221 2100 3556 2170 conjungere

1982 2194 2037 2248 in
2080 2194 2217 2249 duas
2252 2202 2511 2261 naturas;
2545 2203 2600 2249 et
2645 2194 2783 2249 duas
2829 2201 2922 2248 aut
2954 2199 3191 2263 quatuor
3235 2191 3558 2261 hypostases

1981 2284 2247 2339 dividere.
2300 2284 2407 2339 Aut
2456 2286 2500 2339 si
2533 2301 2644 2339 non
2673 2300 2798 2339 cum
2849 2284 2956 2350 his,
3002 2297 3124 2337 cum
3154 2290 3350 2335 natura
3391 2278 3556 2334 Verbi

1982 2375 2080 2430 Dei
2112 2376 2469 2446 conjungere,
2494 2382 2550 2430 et
2582 2374 2666 2429 vel
2696 2374 2749 2427 in
2778 2387 2947 2427 unum
2980 2372 3176 2426 Filium
3200 2382 3553 2438 componere,

1981 2469 2065 2522 vel
2090 2469 2269 2538 ipsum
2307 2483 2478 2523 unum
2511 2466 2689 2521 facere
2729 2466 3059 2535 homonyme
3096 2460 3294 2516 Filium
3333 2475 3555 2538 compa-

1983 2568 2160 2613 ratum
2195 2575 2319 2614 cum
2344 2558 2483 2614 Filio
2516 2556 2879 2629 primogenito
2910 2574 2921 2608 :
2956 2555 3091 2617 haec,
3126 2554 3369 2623 inquam,
3390 2564 3557 2621 opor-

1983 2649 2131 2703 tebat
2180 2650 2375 2718 impios
2424 2649 2556 2703 istos
2597 2648 2758 2712 scire,
2810 2656 2868 2702 et
2916 2660 3024 2700 non
3068 2644 3171 2698 alia
3209 2642 3379 2713 loqui.
3416 2641 3553 2697 Cum

1982 2739 2127 2794 enim
2169 2756 2277 2794 una
2306 2739 2376 2793 sit
2405 2739 2667 2794 naturalis
2698 2736 2965 2793 habitudo
2996 2735 3137 2801 Filii,
3178 2751 3247 2790 ex
3272 2736 3429 2806 cujus
3453 2734 3554 2787 ha-

1983 2828 2249 2885 bitudinis
2286 2830 2705 2900 participatione
2735 2828 2914 2885 omnis
2959 2826 3241 2883 habitudo-
3279 2824 3374 2880 ﬁlii
3411 2825 3538 2880 exsi-

1983 2920 2113 2987 stit;
2139 2937 2362 2977 necesse
2410 2933 2494 2977 est
2535 2922 2812 2976 hominem
2838 2937 3002 2991 quem
3042 2920 3148 2991 ipsi
3190 2920 3418 2983 faciunt,
3460 2926 3555 2973 aut

1982 3014 2287 3067 naturalem
2324 3013 2707 3069 habitudinem
2742 3013 2838 3068 ﬁlii
2867 3012 3217 3083 participare,
3264 3010 3552 3066 aut-illam

1983 3117 2103 3172 quae
2144 3118 2209 3156 ex
2258 3103 2431 3173 gratia
2478 3102 2574 3169 ﬁt;
2632 3111 2687 3158 et
2724 3102 3042 3174 vel‘ipsum
3103 3117 3226 3156 cum
3264 3098 3553 3169 Unigenito

307 3203 667 3273 ἀνεχομένους
698 3245 712 3269 ,
765 3205 1064 3275 προφανῶς
1098 3206 1265 3259 αὐτὸν
1307 3208 1421 3269 τοῖς
1445 3205 1652 3269 λοιποῖς
1684 3223 1873 3260 συντε-

1982 3194 2311 3263 conjungere
2344 3202 2601 3264 tanquam
2637 3192 2840 3247 unione
2862 3191 3164 3247 secundum
3188 3189 3549 3246 substantiam

304 3294 594 3363 ταγμένως
624 3295 923 3365 ἀφορίζειν.
952 3297 1013 3350 Ol
1044 3296 1101 3349 δὲ
1125 3296 1345 3369 τὴν-μὲν
1369 3296 1619 3350 ἀσέϐειαν
1644 3296 1701 3348 ού
1739 3298 1878 3367 παῤ-

308 3386 659 3458 ρησιάζονται
688 3388 871 3458 (φύσει
901 3390 1007 3462 γάρ
1032 3392 1181 3444 ἐστιν
1206 3389 1656 3462 ἀπαρρησίαστον
1690 3388 1749 3441 τὸ
1778 3405 1877 3442 κα-

307 3478 449 3549 κὸν),
471 3479 570 3553 τὴν
600 3481 657 3535 δὲ
689 3481 949 3553 ἀλήθειαν
976 3484 1075 3537 ούκ
1109 3482 1415 3551 ἀγαπῶσιν,
1438 3482 1558 3536 οὐδὲ
1587 3482 1684 3553 τῆς
1707 3480 1876 3536 δολιο-

306 3570 466 3627 λάλου
496 3572 749 3643 γλώσσης
777 3574 845 3629 τὰ
875 3575 1126 3646 ἐπίχειρα
1157 3574 1414 3629 δεδίασιν.

378 3836 520 3891 Ἀλλ’
554 3855 699 3892 ουτοι
731 3840 827 3910 μὲν
862 3838 967 3904 ἔξω
995 3838 1141 3893 θείου
1171 3839 1335 3910 χοροῦ
1371 3837 1869 3907 άπεληλάσθωσαν,

310 3930 449 3999 μετὰ
476 3928 587 3983 τῶν
616 3930 716 3999 τῆς
765 3930 1019 3994 ἀσεϐείας
1059 3929 1310 4001 πατέρων
1339 3929 1633 4002 Νεστορίου
1662 3945 1743 3991 τε,
1781 3928 1871 3980 καὶ

303 4018 417 4071 ὅσοι
467 4017 641 4088 τούτῳ
693 4019 1043 4089 μυσταγωγοί
1082 4037 1141 4072 τε
1189 4020 1281 4072 καὶ
1321 4017 1523 4088 μύσται
1557 4016 1866 4086 γεγόνασιν.

303 4106 417 4176 Τῆς
455 4108 511 4161 δὲ
546 4110 667 4161 κατ’
706 4107 893 4161 οὐσίαν
931 4109 1176 4172 ἐνώσεως
1218 4107 1619 4179 μεγαλοφώνως
1665 4124 1869 4177 κηρυτ-

299 4200 476 4254 τέσθω
510 4202 542 4272 ἡ
581 4201 805 4271 ἀλήθεια
826 4243 841 4265 ,
902 4201 995 4254 κα)⁸
1034 4202 1163 4271 περὶ
1200 4200 1404 4272 ταύτης
1438 4200 1826 4269 φιλοσοφητέον
1851 4237 1864 4261 ,

301 4293 482 4357 καθὼς
530 4296 666 4366 αὐτῇ
715 4294 881 4347 δοκεῖ.
919 4295 1176 4358 Κίνδυνος
1202 4296 1309 4365 γὰρ
1354 4294 1417 4348 ού
1465 4293 1655 4364 μικρὸς
1687 4310 1860 4362 παρα-

297 4386 605 4457 τραπέντας
635 4387 827 4458 αὐτῆς,
853 4388 932 4450 είς
954 4387 1015 4440 τὸ
1038 4388 1280 4441 ἐναντίον
1300 4388 1418 4458 μὲν,
1446 4388 1563 4440 ἴσον
1589 4385 1643 4439 δὲ
1674 4384 1860 4447 κακὸν,

294 4478 397 4549 τὴν
437 4478 700 4549 σύγχυσίν
741 4496 921 4549 φαμεν
946 4517 961 4541 ,
996 4481 1282 4549 ἐμπεσεῖν.
1318 4479 1436 4532 Ἵνα
1464 4477 1519 4531 δὲ
1549 4478 1680 4548 ἡμῖν
1722 4474 1863 4543 γνώ-

1984 3284 2245 3339 reddente
2276 3293 2468 3339 mutuo
2491 3284 2646 3339 alteri
2687 3291 2918 3349 naturae,
2971 3299 3091 3352 qua:
3117 3281 3275 3337 alteri
3320 3280 3507 3335 insunt
3535 3296 3548 3331 :

1981 3384 2075 3431 aut
2103 3376 2223 3446 pios
2254 3391 2375 3430 esse
2404 3391 2512 3430 non
2544 3377 2835 3445 patientes,
2869 3385 3057 3446 aperte
3099 3375 3278 3445 ipsum
3305 3373 3359 3427 in
3398 3388 3533 3427 eum-

1980 3469 2105 3524 dem
2139 3468 2387 3523 ordinem
2419 3483 2545 3524 cum
2587 3468 2709 3523 aliis
2749 3469 3017 3539 redigere.
3066 3468 3134 3522 At
3170 3467 3226 3521 hi
3269 3467 3322 3520 in
3358 3466 3551 3535 impie-

1982 3571 2091 3617 tate
2113 3562 2337 3631 quidem
2364 3577 2473 3616 non
2497 3561 2729 3617 ﬁdenter
2750 3561 2986 3627 audent;
3030 3570 3223 3614 natura
3259 3558 3405 3614 enim
3438 3572 3539 3611 ma-

1976 3654 2090 3708 lum
2110 3652 2467 3708 difﬁdentiam
2499 3662 2689 3707 creat:
2715 3653 3005 3707 veritatem
3037 3668 3167 3706 vero
3203 3667 3312 3705 non
3341 3657 3544 3711 amant,

1974 3760 2154 3814 neque
2183 3759 2372 3799 rursus
2392 3744 2613 3814 praemia
2643 3743 2844 3814 lingua:
2873 3743 3073 3800 dolosae
3102 3752 3374 3798 metuunt.

2044 3838 2249 3893 Verum
2283 3835 2371 3890 isti
2415 3835 2637 3905 quidem
2683 3835 3048 3892 excludantur
3079 3851 3144 3891 ex
3173 3836 3359 3892 divino
3401 3849 3542 3894 coetu

1974 3946 2097 3986 cum
2127 3928 2447 3999 parentibus
2490 3929 2654 3999 hujus
2684 3929 2981 3999 impietatis
3022 3929 3273 3986 Nestorio
3305 3940 3359 3985 et
3400 3930 3541 3994 aliis,

1971 4021 2285 4091 quicunque
2321 4020 2467 4075 hunc
2505 4020 2833 4083 docuerunt,
2885 4028 2939 4075 et
2982 4036 3121 4091 quos
3173 4023 3287 4091 ipse
3334 4023 3539 4077 docuit.

1970 4112 2204 4168 Unionis
2236 4127 2367 4166 vero
2394 4110 2695 4166 secundum
2724 4111 3087 4166 substantiam
3128 4113 3327 4167 veritas
3349 4129 3541 4185 magna

1970 4219 2102 4259 voce
2151 4202 2517 4273 prmdicetur;
2569 4211 2625 4257 et
2674 4201 2739 4255 de
2766 4202 2867 4256 hac
2896 4202 3395 4272 philosophandum
3434 4213 3538 4269 est,

1970 4304 2029 4351 ut
2066 4296 2173 4366 ipsi
2215 4294 2426 4350 veritati
2461 4295 2655 4363 placet.
2701 4293 2825 4349 Non
2849 4293 2995 4348 enim
3041 4293 3161 4348 leve
3213 4294 3537 4363 periculum,

1969 4386 2014 4441 si
2037 4386 2160 4456 quis
2197 4386 2266 4440 ab
2298 4386 2401 4441 hac
2431 4383 2694 4449 deﬂexus,
2730 4393 2787 4439 et
2812 4384 3061 4440 detortus
3103 4385 3157 4439 in
3204 4387 3537 4441 contrarium

1967 4475 2211 4546 quidem,
2269 4475 2478 4545 aequale
2527 4489 2658 4530 vero
2704 4475 2928 4539 malum,
2981 4474 3358 4530 confusionem
3392 4476 3538 4539 dico,

299 4588 461 4644 ριμος
486 4573 519 4643 ἡ
546 4571 779 4642 διαφορά
801 4571 1048 4641 γένηται,
1077 4573 1178 4642 τῆς
1212 4570 1323 4624 τῶν
1347 4571 1467 4625 κατ’
1500 4569 1686 4623 ούσίαν
1722 4570 1862 4639 ἡνω-

1974 4567 2192 4623 incidat.
2235 4568 2305 4623 Ut
2330 4578 2511 4622 autem
2539 4576 2666 4621 nota
2702 4567 2776 4622 sit
2821 4566 3131 4622 differentia
3184 4566 3406 4623 unionis
3452 4585 3540 4623 eo-

299 4664 496 4735 μένων,
531 4663 625 4715 καὶ
659 4662 735 4732 μὴ
763 4662 1114 4734 τρεπομένων
1148 4663 1280 4733 πρὸς
1305 4662 1373 4715 τά
1402 4662 1464 4714 ἑκ
1489 4661 1589 4730 τῆς
1622 4658 1866 4722 ένώσεως

292 4755 590 4827 τρέπεσθαι
626 4755 925 4824 πεφυκότα,
958 4756 1053 4809 καὶ
1090 4754 1142 4808 τί
1177 4756 1276 4825 μὲν
1323 4754 1385 4807 τὸ
1436 4757 1534 4824 τῆς
1595 4753 1866 4825 προτέρας

293 4841 452 4913 εἶδος,
481 4844 536 4898 τί
565 4844 621 4898 δὲ
650 4845 712 4898 τὸ
756 4844 855 4915 τῆς
905 4844 1163 4915 δευτέρας
1202 4844 1572 4914 ἀποτέλεσμα,
1626 4844 1727 4915 ἤδη
1784 4861 1895 4910 γι-»

291 4934 465 4989 νέσθω
518 4937 553 5007 ἡ
606 4935 889 5006 διαίρεσις.
954 4936 1134 4990 Πάντα
1180 4935 1249 4988 τὰ
1298 4934 1427 4988 ὄντα
1468 4936 1735 5005 συνῆπται
1767 4934 1862 4987 ἀλ-

289 5028 495 5098 λήλοις,
521 5030 642 5090 ταῖς
665 5027 785 5082 καθ’
819 5028 942 5082 ὅλου
967 5028 1268 5099 κοινότησι,
1304 5026 1399 5080 καὶ
1422 5027 1582 5081 πάλιν
1611 5027 1859 5097 διῄρηται

290 5118 387 5173 ἀπ’
444 5118 688 5189 ἀλλήλων
736 5120 856 5182 ταῖς
906 5118 1193 5181 εἰδοποιοῖς
1248 5117 1555 5187 διαφοραῖς,
1599 5119 1693 5171 καὶ
1738 5117 1858 5171 οὐδὲ

288 5212 413 5273 ταῖς
442 5208 667 5262 ὲνώσεσι
708 5209 768 5263 τὸ
810 5210 1087 5281 ἡνωμένον
1120 5207 1480 5280 χωρίζουσιν,
1517 5208 1633 5261 ἀλλ’
1672 5208 1719 5261 εί
1753 5208 1857 5278 χρὴ

289 5299 611 5370 παραδόξως
640 5302 814 5354 εἰπεῖν
845 5302 940 5356 καὶ
983 5300 1124 5356 κατά
1147 5300 1271 5363 τοὺς
1317 5300 1587 5372 Πατέρας,
1621 5301 1856 5370 ἥνωνται

286 5391 671 5464 διηρημένως,
729 5392 825 5445 καὶ⁵
874 5393 1245 5466 διακέκρινται
1295 5392 1673 5466 συνημμένως.
1729 5392 1849 5445 Τῶν

284 5484 340 5537 δὲ
386 5482 632 5537 ὲνώσεων
670 5483 764 5535 καὶ
801 5482 908 5536 τῶν
946 5484 1271 5555 διακρίσεων
1306 5483 1480 5547 διττὸς
1519 5483 1738 5551 όλόγος.
1770 5482 1850 5533 Τὰ

283 5576 385 5650 μὲν
422 5576 530 5646 γὰρ
567 5576 771 5645 ἥνωται
806 5576 918 5638 τοῖς
958 5576 1140 5641 εἴδεσι,
1178 5577 1433 5647 διήρηται
1467 5575 1523 5627 δὲ
1565 5576 1683 5637 ταῖς
1723 5575 1852 5626 ὐπο-

282 5666 560 5723 στάσεσιν,
618 5667 699 5720 Τά
743 5666 797 5719 δὲ
848 5666 1097 5739 διῄρηται
1138 5670 1247 5727 τοῖς
1292 5667 1509 5726 εἴδεσιν,
1557 5667 1751 5734 ﬂuent-ac
1793 5666 1853 5720 δὲ

353 5844 371 5875 ⁸
397 5844 415 5898 ῐ
446 5842 573 5899 Cor.
606 5858 676 5911 vl,
711 5846 797 5902 l7.

1944 4669 2085 4710 ‘rum
2107 4670 2227 4725 quae
2256 4654 2557 4709 secundum
2590 4655 2950 4709 substantiam
2994 4655 3281 4721 uniuntur,
3331 4666 3389 4712 et
3425 4673 3534 4712 non

1962 4757 2245 4803 mutantur
2272 4748 2323 4801 in
2362 4763 2449 4811 ea,
2484 4764 2604 4817 qum
2641 4763 2707 4803 ex
2742 4748 2964 4811 unione,
2992 4756 3188 4803 natura
3211 4757 3531 4805 mutantur:

1959 4848 2016 4894 et
2045 4853 2167 4909 quae
2208 4838 2419 4908 species
2444 4838 2516 4892 sit
2541 4837 2742 4907 prioris
2777 4838 3015 4903 unionis,
3055 4847 3110 4892 et
3153 4839 3278 4908 quis
3305 4839 3539 4897 effectus

1960 4928 2234 4994 secundae,
2265 4928 2357 4983 ﬁat
2386 4929 2495 5000 jam
2526 4928 2952 4984 divisio.0mnia
2981 4944 3101 4999 qua:
3136 4939 3265 4986 sunt
3300 4933 3534 5004 conjun-

1959 5032 2163 5093 guntur
2187 5023 2331 5077 inter
2374 5036 2432 5076 se
2467 5022 2953 5077 communitatibus
2994 5023 3432 5093 universalibus;
3476 5036 3536 5083 et

1959 5130 2151 5171 rursus
2177 5115 2353 5170 divisa
2396 5126 2525 5171 sunt
2575 5116 2718 5171 inter
2748 5130 2807 5171 se
2852 5114 3183 5172 diﬂ'erentiis
3238 5119 3529 5189 speciilcis,

1956 5215 2012 5261 et
2036 5222 2139 5262 nec
2168 5207 2468 5263 unionibus
2494 5206 2840 5264 confundunt
2865 5207 3123 5273 divisum,
3170 5225 3348 5281 neque
3385 5212 3529 5267 divi-

1957 5299 2205 5354 sionibus
2231 5308 2488 5369 separant
2519 5300 2753 5354 unitum.
2807 5298 2949 5366 Quin
2980 5299 3165 5370 potius
3217 5303 3260 5356 si
3314 5312 3530 5372 oportet

1956 5391 2103 5460 loqui
2144 5400 2341 5462 prater
2380 5390 2692 5460 opinionem
2724 5390 2869 5462 vulgi
2897 5401 2953 5447 et
2978 5394 3278 5447 secundum
3314 5394 3525 5460 Patres,

1959 5484 2110 5538 unita
2140 5491 2269 5537 sunt
2295 5482 2506 5546 divise;
2540 5490 2594 5536 et
2615 5481 2789 5537 divisa
2823 5483 2990 5537 unite.
3022 5483 3294 5538 Unionum
3319 5493 3522 5545 autem.

1956 5585 2009 5629 et
2066 5576 2395 5630 divisionum
2444 5574 2643 5644 duplex
2690 5581 2772 5629 est
2819 5576 2971 5629 ratio.
3020 5575 3135 5629 Alia
3180 5575 3325 5631 enim
3376 5578 3524 5631 unita

1958 5665 2177 5733 quidem
2208 5673 2337 5721 sunt
2370 5664 2656 5734 speciebus
2684 5683 2695 5725 ;
2739 5666 2919 5721 divisa.
2958 5683 3087 5719 vero
3121 5666 3525 5737 hypostasibus.
