4020 6536
510 429 648 494 1303

1777 443 2088 505 LEONTII
2122 447 2525 508 BYZANTINI

3636 443 3785 507 1304

506 539 625 593 Alia
647 539 825 594 divisa
848 548 977 596 sunt
1001 543 1312 612 speciebus,
1335 543 1486 598 unita
1511 559 1640 598 vero
1656 545 2074 616 h-ypostasibus:

2192 556 2302 615 ταῖς
2324 554 2656 608 ὑποστάσεσι
2681 572 2694 584 ·
2725 556 2815 610 καὶ
2837 555 2946 609 τῶν
2963 553 3256 626 ἡνωμένων
3288 551 3388 622 μὲν
3428 553 3542 615 τοῖς
3581 554 3785 611 εἴδεσι,

508 639 564 683 et
599 644 791 685 eorum
822 646 946 701 qua:
971 632 1122 687 unita
1155 643 1284 688 sunt
1315 634 1628 703 speciebus,
1682 636 1858 692 divisa
1902 647 2084 694 autem

508 719 914 790 hypostasibus,
959 725 1159 794 partim
1209 725 1517 795 simplicem
1552 728 1812 782 unionem
1847 739 1903 785 et
1943 731 2085 786 divi-

509 811 722 870 sionem
767 814 1011 880 habent;
1065 818 1262 886 partim
1305 821 1684 889 compositam.
1721 821 1796 876 De
1828 823 1895 877 iis
1921 823 2089 893 igitur

511 918 641 972 qua:
657 904 960 975 simplicem
1006 907 1211 963 habent
1240 910 1643 976 habitudinem,
1694 929 1802 968 non
1832 925 1917 972 est
1941 931 2091 973 nunc

512 995 833 1062 dicendum,
876 1014 988 1055 non
1039 1001 1190 1056 enim
1235 1002 1300 1056 ad
1358 1005 1716 1074 quaestionem
1766 1016 2089 1077 prmsentem

512 1088 753 1157 pertinet
799 1090 1017 1147 illorum
1077 1109 1176 1163 per
1238 1105 1419 1164 partes
1468 1097 1817 1168 explicatio:
1885 1114 1950 1153 ac
2009 1100 2092 1154 in-

510 1180 676 1235 terim
717 1183 1016 1240 multorum
1049 1187 1441 1257 cognitionem,
1497 1198 1552 1243 et
1579 1189 1922 1258 disciplinam
1958 1178 2090 1245 sub;

511 1271 806 1344 terfugere.
837 1274 942 1330 Sed
981 1277 1048 1331 de
1074 1279 1492 1336 babitudinibus
1526 1282 1827 1335 secundum
1857 1297 2087 1351 compos

507 1362 787 1430 sitionem,
816 1366 870 1420 id
894 1377 998 1432 est,
1021 1369 1442 1435 connexionem,
1473 1371 1557 1428 vel
1585 1372 1802 1441 κρᾶσιν,
1823 1373 1906 1426 vel
1931 1373 2089 1427 unio-

507 1468 654 1518 nem,
680 1457 763 1512 γε]
791 1461 1288 1532 quomodocunque
1315 1478 1512 1518 vocare
1540 1463 2089 1519 libetsubstantiales

510 1545 862 1607 habitudines
881 1566 1071 1607 eorum
1097 1569 1218 1623 qua:
1238 1554 1471 1610 diversae
1493 1555 1698 1625 speciei
1720 1564 1870 1621 sunt.
1895 1556 2088 1610 dicen-

507 1635 639 1690 dum
702 1639 863 1696 nobis
910 1652 1029 1707 est,
1080 1646 1298 1715 rejectis
1345 1645 1412 1700 ad
1456 1662 1552 1701 cos
1593 1647 1688 1716 qui
1731 1646 1799 1702 de
1845 1646 2090 1716 nomini-

506 1728 613 1786 bus,
673 1737 928 1798 certant,
971 1734 1466 1804 signiﬁcationibus
1530 1740 1704 1807 magis
1763 1736 2088 1800 manifestis,

504 1830 599 1876 aut
623 1824 796 1896 magis
833 1828 1090 1897 propriis,
1123 1839 1184 1894 ut
1214 1830 1313 1901 ipsi
1345 1839 1557 1901 putant.
1589 1831 1708 1898 Non
1739 1835 1884 1901 enim
1925 1831 2086 1896 nobis

504 1930 692 1996 peram
703 1931 790 1984 us.

574 2010 778 2065 Eorum
815 2011 981 2082 igitur
1016 2027 1139 2082 quae
1165 2012 1604 2068 substantialiter
1629 2023 1778 2079 sunt,
1805 2023 1862 2068 et
1890 2027 2089 2068 secun-

504 2100 638 2156 dum
661 2102 1026 2158 substantiam
1055 2104 1346 2170 uniuntur,
1378 2105 1578 2174 partim
1603 2107 1770 2160 etiam
1797 2105 1852 2159 in
1879 2099 2082 2164 unione

505 2202 729 2252 scrvant
766 2195 1042 2265 pr0priam
1083 2197 1354 2252 rationem
1377 2199 1666 2264 essentize;
1709 2199 1910 2268 partim
1947 2213 2083 2253 con-

506 2281 766 2351 fundunt,
784 2291 841 2338 et
861 2283 1068 2339 lzedunt
1091 2300 1154 2342 ac
1178 2287 1397 2348 tollunt,
1427 2288 1574 2356 quod
1607 2303 1882 2344 summum
1921 2297 2005 2344 est
2026 2288 2083 2342 in

506 2371 696 2429 unitis.
731 2373 982 2428 Priorum
1041 2375 1207 2446 igitur
1256 2376 1541 2440 habitudo,
1591 2393 1714 2448 quae
1760 2379 1908 2434 inter.
1957 2381 2076 2450 ipsa

505 2471 564 2517 et
592 2463 646 2517 in
676 2463 811 2533 ipsis
847 2465 1118 2529 cernitur,
1144 2482 1314 2520 unum
1344 2467 1566 2537 quidem
1589 2484 1656 2526 cx
1680 2470 1930 2540 utrisque
1958 2485 2086 2540 per-

510 2554 646 2620 tlcit,
668 2565 743 2621 et,
781 2567 841 2610 ut
870 2557 944 2611 ita
986 2557 1186 2624 dicam,
1241 2559 1582 2615 demonstrat
1625 2576 1796 2622 unum
1851 2577 2086 2618 numero

505 2661 648 2711 esse,
698 2657 755 2702 et
811 2663 877 2704 ea
909 2637 1294 2710 dill‘erentiam
1353 2653 1608 2708 essentia:
1651 2652 1704 2708 in
1745 2655 1864 2725 ipsa
1891 2657 2082 2711 eadem

510 2735 719 2790 unitate
747 2751 966 2792 servare
994 2756 1008 2792 :
1047 2747 1213 2809 atque
1246 2741 1410 2811 hujus
1441 2743 1520 2796 rei
1549 2744 1861 2814 exemplum
1895 2746 1986 2810 sit,
2026 2746 2082 2800 in

509 2828 836 2895 animalibus
875 2830 1096 2900 quidem
1143 2833 1308 2887 homo
1357 2843 1565 2890 natum
1600 2845 1834 2902 nostrae;
1868 2835 1924 2890 in
1954 2837 2088 2891 sim-

509 2919 748 2989 plicibus
781 2929 988 2985 autem,
1029 2931 1124 2976 aut
1147 2925 1474 2994 corporibus
1518 2927 1862 2984 naturalibus
1893 2932 2088 2994 eorum

509 3011 996 3081 quaehypostasim
1044 3013 1270 3079 habent,
1332 3024 1389 3071 et
1418 3031 1514 3085 per
1565 3032 1622 3071 se
1671 3033 1790 3072 esse
1833 3029 2085 3088 possunt,

513 3100 961 3171 talis-habitudo
1024 3104 1170 3160 inter
1223 3106 1358 3176 ipsa.
1416 3107 1506 3170 Ut,
1565 3109 1718 3163 verbi
1761 3109 1977 3179 gratia,
2031 3111 2087 3165 in

509 3189 761 3258 lampade
796 3189 926 3246 licet
973 3207 1240 3264 cernere;
1274 3193 1421 3250 aliud
1475 3195 1621 3250 enim
1684 3204 1768 3252 est
1822 3197 2085 3263 lucerna,

510 3279 660 3338 aliud
714 3296 911 3338 rursus
958 3283 1264 3340 substantia
1307 3286 1448 3355 ignis
1501 3286 1798 3343 ﬂammea:
1840 3289 1984 3344 inter
2028 3305 2088 3346 se

513 3380 719 3439 autem,
759 3381 817 3426 et
860 3371 917 3435 in
985 3374 1184 3445 seipsis
1253 3377 1404 3430 unita
1467 3393 1627 3432 unam
1675 3378 1884 3433 faciunt
1925 3381 2086 3435 ambo
2113 3371 2160 3432 C

516 3466 840 3536 lampadem.
884 3467 955 3523 Ut
991 3467 1038 3522 si
1067 3468 1192 3538 quis
1220 3467 1386 3534 dicat,
1436 3470 1538 3524 etsi
1572 3469 1770 3534 durum
1810 3470 2086 3543 videatur,

513 3557 654 3628 ignis
685 3567 769 3613 est
794 3558 1346 3630 ligneus;etlignum
1383 3561 1648 3632 igneum:
1697 3575 1754 3618 et
1806 3563 1911 3618 hoc
1959 3563 2085 3634 qui-

513 3649 637 3704 dem
660 3651 1010 3722 participavit
1033 3651 1379 3720 splendorem
1408 3653 1551 3723 ignis
1578 3671 1592 3720 ;
1621 3655 1712 3708 ille
1750 3671 1902 3719 vero,
1925 3654 1980 3708 id
2003 3663 2088 3710 est

514 3741 674 3812 ignis,
708 3751 980 3798 terrenam
1025 3745 1448 3800 crassitudinem
1509 3761 1577 3799 ex
1634 3745 1784 3812 face;
1839 3756 1894 3802 et
1945 3749 2084 3803 alte-

513 3848 634 3886 rum
678 3834 838 3888 alteri
873 3835 1113 3890 reddidit
1150 3837 1391 3892 vicissim
1446 3837 1728 3903 idiomata,
1763 3855 1887 3893 cum
1924 3840 2086 3895 ambo

512 3926 716 3996 alioqui
757 3927 813 3981 in
867 3928 1203 3998 proprietate
1255 3945 1352 3984 sua
1400 3929 1542 3995 lixa,
1591 3938 1648 3985 et
1696 3947 1801 3984 non
1861 3930 2087 3986 confusa

515 4025 793 4074 maneant.

581 4109 754 4163 Nemo
783 4124 918 4164 vero
951 4111 1092 4164 male
1136 4109 1367 4166 feriatus
1406 4121 1462 4166 et
1495 4113 1608 4166 otio
1642 4114 1875 4170 abutens
1906 4131 2088 4170 excit»

513 4199 666 4269 plum
716 4209 943 4268 carpat,
997 4201 1044 4254 si
1091 4201 1223 4270 quid
1269 4201 1534 4258 dissimile
1575 4204 1761 4270 habet,
1806 4205 2088 4276 proferens

512 4291 719 4355 oleum,
759 4291 908 4360 quod
943 4291 995 4345 in
1027 4291 1129 4346 hac
1157 4293 1361 4348 unione
1391 4294 1632 4352 medium
1655 4307 1758 4360 est,
1790 4306 1886 4352 aut
1914 4300 2090 4368 quali-

513 4392 681 4450 tatem
717 4384 826 4440 olei
851 4385 1173 4455 subjectam,
1225 4397 1321 4451 aut
1345 4403 1453 4443 non
1487 4388 1688 4444 durare
1720 4390 1836 4455 diu,
1889 4392 1986 4446 sed
2033 4394 2088 4449 in

512 4476 754 4537 cinerem
781 4473 958 4545 redigi
985 4491 1001 4540 ;
1050 4489 1263 4530 memor
1297 4492 1488 4532 eorum
1520 4493 1642 4548 quae
1662 4489 1821 4536 antea
1851 4482 2090 4538 diximus

514 4563 583 4618 de
611 4565 886 4635 exemplo,
912 4574 969 4620 et
987 4565 1056 4620 de
1079 4567 1200 4636 ejus
1219 4566 1539 4624 definitione
1563 4587 1580 4640 ;
1617 4571 1808 4626 cadent
1857 4575 2090 4645 reperiri

511 4665 694 4740 potest
724 4656 857 4724 unio
885 4656 1024 4728 ignis
1067 4673 1192 4724 cum
1241 4674 1408 4730 aere;
1457 4672 1513 4716 et
1545 4663 1687 4718 aeris
1745 4680 1868 4719 cum
1907 4681 2086 4735 aqua:

515 4747 700 4804 mistio
722 4748 872 4807 enim
901 4763 1057 4818 aqua:
1084 4764 1210 4804 cum
1239 4759 1385 4812 terra
1427 4754 1665 4822 speciem
1708 4757 1927 4826 attingit
1955 4772 2088 4825 con-2
2121 4747 2140 4786 ⁸

516 4837 838 4906 fundentem
882 4840 1184 4906 unionem;
1253 4853 1630 4914 praeparatqne
1688 4845 1971 4913 humidis,
2030 4856 2086 4914 et

517 4930 801 4997 tenuibus,
833 4932 1124 5002 praecipuis
1155 4948 1284 4988 vero
1317 4935 1620 4988 secundum
1651 4937 2088 4992 immutationem

514 5023 872 5093 qualitatum,
940 5033 994 5078 et
1050 5025 1408 5081 variationem
1450 5041 1517 5093 ex
1567 5035 1753 5094 mutua
1799 5027 2090 5086 allectione

518 5114 980 5184 proﬁciscentem.
1037 5116 1307 5172 Praetereo
1353 5117 1500 5172 enim
1573 5117 1755 5172 dicere
1803 5120 2092 5188 qualitates

531 5221 660 5273 inae,
695 5207 964 5276 separatis
1012 5207 1354 5273 substantiis,
1387 5223 1768 5278 sarpenumero
1834 5211 1979 5264 inter
2032 5227 2091 5266 se

519 5305 648 5350 sunt
699 5297 868 5352 unita;
912 5299 1029 5352 sine
1075 5298 1370 5363 mistionc;
1401 5299 1544 5354 sicut
1573 5301 1856 5354 stellarum
1899 5302 2090 5357 lucen-

520 5390 654 5444 tium
689 5390 1011 5459 splendores
1054 5394 1196 5448 inter
1226 5409 1284 5449 se
1325 5402 1533 5449 etcum
1562 5410 1687 5451 aere
1734 5397 1918 5461 unitae,
1974 5412 2092 5451 ser-

517 5490 647 5534 vant
680 5482 1069 5551 proprietatem
1094 5486 1283 5554 quanti
1315 5488 1370 5539 in
1397 5486 1581 5556 quali:
1615 5487 1955 5544 demonstrat
1984 5490 2088 5544 hoc

518 5590 627 5636 ars.
676 5591 800 5644 qua!
841 5583 1050 5632 natura:
1091 5587 1174 5633 est
1214 5579 1498 5634 imitatrix.
1550 5581 1606 5637 Si
1644 5581 1770 5652 quis
1813 5582 1998 5652 igitur,
2027 5590 2088 5635 ut

517 5682 748 5738 magnus
778 5668 1070 5739 Dionysius
1093 5670 1190 5733 ait,
1221 5671 1416 5726 multas
1445 5672 1590 5727 faces
1611 5688 1870 5729 accensas
1897 5674 1951 5728 in
1981 5689 2089 5727 una

521 5757 684 5813 domo
717 5761 980 5823 includat,
1030 5763 1228 5817 deinde
1285 5780 1447 5818 unam
1509 5781 1572 5818 ex
1613 5764 1871 5820 omnibus
1894 5765 2091 5820 educat

521 5862 552 5923 θ
580 5848 763 5918 domo,
787 5851 946 5907 simul
989 5853 1156 5908 exibit
1191 5870 1313 5909 cum
1342 5854 1440 5908 hac
1471 5865 1524 5909 et
1565 5855 1746 5910 lumen
1784 5856 2087 5924 proprium.

2189 645 2532 716 διῃρημένων
2585 647 2643 700 δὲ
2711 650 2833 713 ταῖς
2893 645 3260 706 ὑποστάσεσι,
3307 643 3375 697 τὰ
3433 646 3532 714 μὲν
3593 646 3793 715 ἁπλῆν

2192 736 2304 806 ἔχει
2333 738 2432 807 τὴν
2482 739 2678 791 ἕνωσίν
2714 757 2774 792 τε
2827 739 2921 792 καὶ
2954 738 3054 808 τὴν
3091 736 3387 807 διάκρισιν,
3431 737 3499 788 τά
3538 736 3596 789 δὲ
3650 737 3790 793 σύν-ξ

2193 825 2366 880 θετον.
2393 827 2528 898 Περὶ
2555 829 2652 898 μὲν
2676 825 2768 882 οὖν
2807 829 2914 882 τῶν
2958 827 3136 896 ἁπλῆν
3173 827 3407 906 ἑχόντων
3445 825 3547 896 τὴν
3589 826 3793 895 διττὴν

2197 917 2402 988 σχέσιν,
2440 919 2510 972 τά
2539 917 2634 973 νῦν
2682 920 2863 988 λέγειν
2888 918 3133 988 ἀφείσθω
3159 935 3173 948 ·
3201 918 3261 970 οὑ
3295 917 3404 988 γὰρ
3431 920 3532 988 τῆς
3560 918 3790 987 παρού-

2194 1025 2294 1080 σης
2322 1008 2567 1078 σκέψεως
2594 1011 2628 1078 ἠ
2658 1010 2882 1064 ἐκείνων
2906 1012 2987 1074 εἰς
3025 1011 3092 1064 τὰ
3137 1009 3281 1063 κατὰ
3328 1008 3492 1079 μέρος
3521 1008 3794 1073 egeram-

2192 1117 2300 1164 σις,
2341 1101 2436 1154 καὶ
2480 1100 2654 1164 άλλως
2707 1101 2808 1173 τὴν
2861 1101 2970 1154 τῶν
3013 1099 3224 1153 πολλῶν
3262 1099 3580 1168 διαφεύγειν
3638 1101 3797 1168 γνῶ-

2189 1191 2274 1244 σίν
2328 1207 2389 1245 τε
2444 1192 2540 1245 καὶ
2603 1192 2857 1264 μάθησιν.
2911 1193 3048 1262 Περὶ
3068 1192 3124 1245 δὲ
3159 1191 3268 1245 τῶν
3315 1190 3456 1250 κατὰ
3479 1191 3790 1254 σύνθεσιν,

2187 1279 2355 1350 ἦγουν
2423 1279 2760 1351 συμπλοκὴν,
2808 1279 2841 1350 ἢ
2886 1283 3103 1348 κρᾶσιν,
3156 1281 3190 1350 ἢ
3249 1281 3483 1345 ἕνωσιν,
3532 1281 3568 1352 ἦ
3625 1282 3795 1344 ὅπως

2187 1370 2317 1424 ποτὲ
2372 1370 2524 1439 φίλον
2579 1369 2785 1436 καλεῖν,
2843 1369 2936 1434 τάς
2981 1367 3260 1434 οὑσιὼδεις
3298 1369 3405 1423 τῶν
3449 1371 3794 1442 έτεροειδῶν

2188 1459 2403 1530 σχέσεις
2451 1460 2678 1514 λεκτέον
2715 1461 2845 1531 ημῖν
2873 1499 2889 1524 ,
2943 1462 3058 1524 τοῖς
3105 1461 3543 1531 ὀνοματομάχοις
3601 1478 3790 1513 κατα-

2186 1549 2403 1604 λιποῦσι
2433 1551 2550 1616 τὰς,
2594 1551 2670 1614 ὡς
2715 1551 2868 1604 αὑτοὶ
2908 1551 3243 1621 νομίζουσιν,
3272 1553 3794 1623 έμφαντικωτέρας

2187 1640 2589 1711 ἢκυριωτέρας
2625 1639 2732 1693 τῶν
2765 1641 3074 1712 σημασιῶν.
3135 1642 3209 1695 Οὑ
3252 1641 3360 1712 γὰρ
3407 1642 3639 1712 ἐκλογῆς
3689 1643 3788 1694 λέ-

2189 1731 2324 1801 ξεων
2349 1732 2479 1800 ἡμῖν
2511 1731 2675 1803 σχολὴ
2707 1732 2799 1800 επὶ
2830 1731 2890 1784 τὸ
2918 1736 3058 1785 νοεῖν
3088 1734 3482 1802 ἐπειγομένοις.

2117 1836 2272 1884 vacat
2303 1825 2369 1880 ad
2401 1824 2712 1896 eligendum
2745 1841 2928 1891 voces,
2961 1825 3056 1912 qui,
3082 1825 3148 1880 ad
3185 1825 3599 1896 intelligendum
3629 1841 3788 1895 pro-

2265 2012 2386 2066 Τῶν
2413 2012 2594 2066 τοίνυν
2615 2011 2893 2077 οὑσιωδῶς
2921 2011 3276 2084 ὑπαρχόντων
3313 2013 3406 2065 καὶ
3437 2013 3558 2064 κατ’
3581 2013 3788 2065 οὐσίαν.

2185 2103 2513 2174 ἑνουμένων,
2561 2106 2631 2159 τὰ
2668 2104 2768 2173 μὲν
2803 2105 2905 2158 κάν
2947 2106 3014 2174 τῇ
3046 2102 3236 2156 ένὼσει
3271 2101 3434 2166 σώζει
3486 2103 3582 2154 τὸν
3640 2103 3783 2156 ἴδιον

2185 2196 2283 2264 τῆς
2313 2194 2602 2266 ὑπάρξεως
2628 2195 2810 2264 λόγον,
2831 2194 2904 2248 τά
2929 2194 2987 2248 δὲ
3020 2198 3305 2266 συγχεῖται
3333 2195 3428 2248 κα.)⁵
3449 2195 3781 2263 ἑξαφανέζει

2183 2288 2281 2357 τὴν
2300 2287 2579 2360 ἀκρότητα
2601 2286 2714 2340 τῶν
2742 2287 3043 2356 ήνωμένων,
3064 2287 3456 2358 λυμαινόμενα.
3503 2287 3628 2338 Τῶν
3680 2282 3784 2347 οὖν

2187 2381 2465 2450 προτέρων
2488 2383 2520 2450 ή
2541 2381 2659 2448 μετ’
2676 2381 2918 2453 ἀλλήλων
2948 2383 3041 2446 καὶ
3062 2383 3120 2434 ὲν
3145 2381 3394 2451 ἀλλήλοις
3421 2379 3778 2451 Θεωρουμένη

2187 2472 2392 2542 σχέσις,
2429 2472 2486 2524 ἓν
2520 2473 2620 2543 μέν
2649 2490 2702 2526 τι
2733 2471 2791 2536 ἐξ
2824 2472 3154 2544 ἀμφοτέρων
3214 2471 3486 2536 ἀποτελεῖ,
3539 2472 3638 2523 καὶ
3697 2469 3780 2533 ὡς

2186 2565 2248 2616 ἄν
2305 2582 2388 2628 τις
2443 2566 2620 2629 εἴποι,
2681 2566 2740 2618 ἓν
2797 2563 2936 2618 εἶναι
2991 2564 3068 2634 τῷ
3121 2563 3340 2635 ἀριθμῷ
3391 2562 3777 2624 ἀποδείκνυσι,

2185 2655 2245 2708 τὸ
2273 2655 2529 2726 διάφορον
2567 2655 2810 2722 σώζοντα
2865 2656 2968 2726 τῆς
3007 2653 3296 2717 ὑπάρξεως
3347 2657 3405 2706 ὲν
3445 2652 3526 2720 τῷ
3581 2652 3786 2721 ταυτῷ⁷

2186 2748 2285 2817 τῆς
2315 2749 2569 2818 ἐνὸτητος
2588 2765 2602 2781 ⁸
2637 2749 2734 2802 καὶ
2764 2749 2958 2803 τούτου
2984 2748 3360 2816 παράδειγμα,
3390 2748 3449 2798 ἐν
3477 2745 3574 2814 μὲν
3610 2743 3779 2807 ζώοις

2187 2840 2214 2891 ὁ
2245 2842 2368 2893 καθ’
2403 2843 2551 2912 ἡμᾶς
2586 2841 2890 2913 ἄνθρωπος,
2923 2842 2980 2892 ὲν
3000 2840 3056 2893 δὲ
3081 2842 3192 2902 τοῖς
3219 2837 3412 2900 ἁπλαῖς
3449 2837 3481 2906 ἢ
3515 2837 3780 2904 φυσικοῖς

2191 2933 2440 3004 σώμασιν
2476 2936 2508 3005 ἡ
2548 2934 2656 2986 τῶν
2689 2933 3114 2986 αὑθυποστάτων
3145 2930 3238 2983 καὶ
3265 2928 3387 2982 καθ’
3421 2927 3591 2981 ἑαυτὰ
3628 2923 3778 2981 εἶναι

2187 3024 2500 3094 δυναμένων
2536 3023 2670 3096 πρὸς
2705 3022 2912 3092 ἄλληλα
2959 3022 3093 3090 ποιά,
3131 3020 3336 3090 σχέσις.
3393 3012 3520 3083 Οἶον
3554 3017 3632 3080 ὡς
3676 3016 3781 3068 ἐπὶ

2191 3116 2469 3186 λαμπάδος
2496 3115 2610 3168 ἐστι
2648 3115 2947 3184 θεωρῆσαιο
2980 3112 3110 3167 ἄλλο
3143 3113 3240 3182 μὲν
3269 3111 3378 3181 γάρ
3422 3109 3474 3162 τί
3524 3109 3676 3161 ἐστιν
3739 3111 3779 3179 ἡ

2192 3211 2435 3282 θρυαλὶς,
2473 3211 2660 3280 ἓτερον
2687 3210 2744 3263 δὲ
2793 3211 2956 3263 πάλιν
3007 3210 3040 3280 ἡ
3091 3206 3373 3278 φλογώδης
3431 3203 3526 3258 τοῦ
3591 3205 3782 3274 πυρὸς

2190 3303 2348 3355 οὐσία
2377 3319 2392 3333 ·
2449 3302 2546 3354 σὺν
2592 3302 2844 3373 ἀλλήλοις
2869 3301 2926 3353 δὲ
2957 3301 3050 3354 καὶ
3088 3301 3148 3353 ὲν
3170 3298 3421 3369 ἀλλήλοις
3447 3296 3596 3360 ὅντα,
3639 3297 3781 3366 μίαν

2191 3394 2493 3464 πεποίηκεν
2519 3395 2808 3466 ἀμφότερα
2837 3393 3117 3464 λαμπάδα.
3155 3393 3265 3444 Καὶ
3302 3391 3376 3454 ὼς
3429 3391 3494 3443 ἄν
3544 3406 3629 3450 τις
3676 3389 3782 3441 ὲκ-

2191 3484 2518 3553 6ιασάμενος
2550 3485 2718 3547 εἴποι,
2751 3483 2862 3554 πῦρ
2901 3487 3050 3536 ἐστιν
3103 3481 3466 3550 ὲξυλωμένον,
3501 3480 3590 3533 καὶ
3613 3479 3784 3544 ξύλον

2189 3574 2676 3644 ἐμπεπρησμένον,
2702 3574 2796 3632 καὶ
2829 3573 2888 3625 τὸ
2920 3573 3019 3641 μὲν
3048 3571 3147 3640 τῆς
3177 3571 3272 3622 τοῦ
3313 3569 3487 3639 πυρὸς
3534 3567 3785 3638 μετέσχε

2188 3667 2588 3738 λαμπρότητος,
2615 3666 2678 3718 τὸ
2704 3666 2760 3718 δὲ
2781 3666 2882 3736 τῆς
2924 3665 3065 3724 κατὰ
3093 3663 3191 3733 τὴν
3231 3663 3361 3735 δᾷδα
3401 3660 3780 3729 κεκοινώνηκε

2187 3755 2420 3824 γεώδους
2450 3755 2780 3826 παχύτητος,
2812 3756 2907 3809 καὶ
2939 3754 3289 3809 ἁντιδέδωκεν
3310 3754 3535 3823 θάτερον
3554 3751 3790 3821 θατέρῳΔ

2187 3851 2294 3903 τῶν
2329 3848 2655 3918 ἰδιωμάτων,
2679 3850 2735 3902 ἐν
2760 3851 2828 3919 τῇ
2859 3847 3075 3918 μονίμῳ
3102 3846 3312 3901 ἑαυτῶν
3342 3846 3431 3898 καὶ
3469 3842 3786 3930 ἀσυγχὺτῳ,

2192 3941 2411 4012 ἰδιότητι
2445 3941 2719 4012 μείναντα.
2830 3935 2833 3939 ’

2259 4116 2463 4188 Μηδεὶς
2494 4117 2553 4171 δὲ
2585 4115 2914 4186 κακόσχολος
2939 4114 3101 4169 πάλιν
3132 4113 3494 4183 λαμσανέσθω
3527 4113 3622 4168 τοῦ
3655 4132 3772 4167 πα-

2194 4209 2576 4282 ραδείγματος,
2601 4209 2715 4262 εἴτι
2732 4210 2987 4277 ἀνόμοιον
3011 4207 3143 4277 ἔχοι,
3163 4206 3223 4260 τὸ
3249 4206 3431 4260 ἔλαιον
3453 4207 3778 4279 προφέρων,

2187 4300 2249 4353 τὸ
2285 4298 2570 4368 μεσιτεῦον
2599 4299 2664 4368 τῇ
2701 4296 2906 4351 τούτων
2937 4294 3131 4349 ὲνώσει
3153 4336 3169 4361 ,
3204 4295 3238 4366 ἢ
3272 4295 3369 4365 τὴν
3402 4295 3775 4365 ὑποκειμένην

2189 4390 2421 4462 ἐλαιώδη
2460 4387 2790 4458 ποιότητα,ἥ
2822 4387 2882 4440 τὸ
2906 4385 2980 4456 μὴ
2999 4386 3241 4458 διαρκεῖν
3271 4387 3367 4439 ἐπὶ
3399 4387 3607 4458 χρόνον,
3633 4386 3776 4440 ἀλλὰ

2189 4481 2546 4553 τεφροῦσθαι,
2594 4480 2952 4550 μνημονεύων
2990 4472 3065 4533 ὧν
3115 4479 3428 4550 ἔμπροσθεν
3467 4480 3774 4549 εἰρήκαμενΔ

2192 4576 2320 4644 περὶ
2360 4573 2808 4645 παραδείγματος
2855 4572 2949 4624 καὶ
2986 4570 3080 4624 τοῦ
3117 4573 3240 4624 κατ’
3290 4571 3453 4624 αὑτοῦ
3507 4573 3633 4640 ὅρου
3661 4586 3677 4602 ο
3735 4574 3765 4641 ἡ

2191 4664 2235 4720 δ’
2262 4663 2397 4733 αὑτὴ
2427 4663 2494 4716 ἂν
2522 4661 2772 4732 εὑρεθείη
2809 4661 2903 4714 καὶ
2936 4660 3110 4732 πυρὸς
3161 4661 3299 4730 πρὸς
3356 4662 3492 4730 ἀέρα
3526 4660 3766 4732 σύγκραο

2193 4774 2298 4818 σις,
2326 4756 2420 4808 καὶ
2448 4755 2608 4824 ἀέρος
2639 4752 2774 4823 πρὸς
2803 4751 2992 4822 ὑδωρ.’
3033 4753 3065 4821 ὴ
3098 4754 3207 4822 γάρ
3249 4751 3440 4815 ὓδατος
3484 4753 3616 4821 πρὸς
3659 4753 3764 4821 γῆν

2193 4846 2420 4917 μῐξις,ἢ
2454 4845 2520 4915 δὴ
2578 4843 2671 4898 τοῦ
2727 4843 3054 4914 συγχυτικοῦ
3093 4845 3191 4913 τῆς
3240 4844 3484 4908 ὲνώσεως
3535 4847 3764 4898 ἅπτεται

2191 4940 2388 5001 εἴδους,
2414 4936 2735 4992 δδοποιοῦσα
2765 4941 2878 5000 τοῖς
2913 4939 3098 5006 ὑγροῖς
3147 4953 3207 4989 τε
3242 4939 3336 4990 καὶ
3380 4938 3762 5007 λεπτομερὲσι.

2190 5030 2468 5099 διαφόροις
2496 5029 2549 5082 δὲ
2580 5029 2720 5082 κατὰ
2754 5027 2852 5093 τὴν
2887 5029 2992 5082 τῶν
3020 5030 3322 5096 ποιοτήτων
3352 5028 3648 5098 ἐξαλλαγὴν
3668 5028 3767 5098 τὴν

2192 5125 2256 5176 ἐκ
2313 5127 2410 5192 τῆς
2479 5122 2991 5191 ἁντιπεπονθήσεως
3055 5120 3348 5190 γινομένην
3403 5121 3513 5172 τῶν
3581 5123 3770 5190 ἄκρων,

2195 5214 2498 5286 μεταϐολὴν
2530 5214 2621 5266 καὶ
2656 5213 2959 5268 ἀλλοίωσιν.
3008 5212 3257 5283 Παρίημι
3292 5212 3400 5283 γάρ
3429 5215 3527 5275 τάς
3553 5213 3740 5282 ποιότη

2191 5325 2287 5371 τας
2317 5309 2518 5376 λέγειν.
2550 5305 2607 5359 αἶ
2643 5307 2740 5358 καὶ
2772 5305 2880 5359 τῶν
2919 5304 3120 5358 οὐσιῶν
3158 5305 3600 5374 κεχωρισμένων,
3641 5303 3768 5354 πολ.

2191 5401 2348 5462 λάκις
2378 5402 2434 5452 ὲν
2463 5397 2721 5469 ἀλλήλαις
2744 5414 2802 5449 τε
2832 5398 3096 5462 γίνονται,
3123 5395 3216 5448 καὶ
3234 5395 3450 5464 άμιγῶς
3474 5395 3769 5446 συνάπτον-

2193 5512 2280 5547 ται
2318 5509 2330 5521 ·
2366 5493 2554 5561 ὥσπερ
2587 5491 2694 5544 τῶν
2717 5490 3023 5560 φωσφόρων
3053 5489 3269 5558 ἄστρων
3299 5489 3352 5538 αἱ
3384 5485 3765 5556 μαρμαρυγαὶ,

2197 5583 2451 5654 ἀλλήλαις
2489 5599 2548 5634 τε
2594 5583 2690 5634 καὶ
2735 5580 2857 5650 άέρι
2893 5579 3218 5649 κιρνάμεναι
3253 5576 3484 5640 σώζουσι
3515 5574 3612 5644 τὴν
3648 5573 3772 5626 ἰδιό-

2198 5693 2335 5744 τητα
2368 5673 2460 5728 τοῦ
2500 5675 2557 5726 ὲν
2599 5671 2676 5741 τῷ
2709 5670 2848 5741 ποιῷ
2882 5668 3050 5723 ποσοῦ
3087 5685 3098 5698 ·
3137 5667 3439 5737 παρίστησι
3462 5666 3518 5717 δὲ
3550 5664 3707 5716 τοῦτο
3736 5667 3770 5733 ὴ

2199 5769 2382 5836 τέχνη,
2417 5765 2514 5834 τῆς
2560 5764 2772 5831 φύσεως
2799 5758 2933 5816 οὖσα
2989 5761 3283 5831 μιμητική.
3319 5758 3383 5810 Εἴ
3436 5757 3486 5825 γ’
3528 5752 3620 5809 οὖν
3663 5772 3770 5816 τις,

2202 5853 2341 5906 κατέι
2386 5853 2473 5905 τὸν
2525 5851 2695 5921 μέγαν
2725 5849 3018 5914 Διονύσιον,
3050 5847 3250 5909 πολλὰς
3282 5846 3486 5916 ἐξάψας
3515 5845 3678 5915 δᾷδας
3713 5842 3772 5895 ἐν
