4068 6526
348 424 485 503 1305

1411 433 1708 492 CONTRA
1748 431 2064 496 NESTOR.
2106 435 2201 492 ET
2236 434 2557 496 EUTYCII.

3462 425 3600 491 1306

349 533 431 597 ἑνὶ
462 534 595 603 οἴκῳ
624 533 1017 601 συγκλείσειεν,
1054 530 1173 587 εἶτα
1204 534 1332 604 μίαν
1360 535 1424 588 ἐκ
1460 537 1651 590 πασῶν
1671 537 1923 590 ἀποσπάο

2028 536 2162 591 nihil
2190 538 2424 592 aliorum
2455 539 2724 595 luminum
2751 538 2855 595 sibi
2885 552 3193 603 assumens,
3225 551 3407 607 neque
3434 537 3599 606 quid-

350 639 448 682 σας
472 623 731 692 ἐξαγάγοι
754 624 847 677 τοῦ
881 624 1176 695 δωματίου,
1206 627 1502 694 συνεξοίσει
1528 629 1696 700 ταύτῃ
1734 630 1830 682 καὶ
1859 628 1920 682 τὸ

349 714 487 783 φῶς,
519 714 641 768 οὕτε
662 733 713 769 τι
742 716 837 769 τοῦ
900 717 1029 771 ἰδίου
1082 717 1246 772 πάλιν
1288 720 1472 783 αὐτοῖς
1521 721 1918 792 ἀπολιπούσης.

348 807 442 860 καὶ
477 807 599 860 καθ’
628 808 747 861 ὅλου
775 809 961 877 φάναι,
997 808 1146 862 οὐδὲν
1169 808 1275 862 τῶν
1309 811 1615 881 ὲνουμένων
1648 801 1858 883 τροπὴν
1886 814 1918 885 ἢ

350 897 611 967 σύγχυσιν
645 899 956 967 ὑφίσταται,
999 900 1074 970 μὴ
1102 901 1223 970 οὐχὶ
1255 902 1517 971 ἑκατέρου
1563 902 1670 955 τῶν
1699 904 1922 973 ἑνουμέ-

348 1004 452 1046 νων
485 987 793 1057 παθητικὰς
824 988 1036 1059 ἔχοντος
1069 990 1381 1061 ποιότητας.
1418 991 1537 1044 Τῶν
1562 993 1671 1061 γὰρ
1705 992 1779 1062 μὴ
1812 1008 1921 1045 τοι·

348 1076 539 1143 οὑτων,
570 1080 601 1147 ἡ
638 1079 736 1147 μὲν
766 1078 1091 1149 δραστήριος
1116 1082 1341 1148 ποιήσαι
1390 1082 1478 1144 ἂν,
1511 1086 1604 1136 καὶ
1638 1083 1697 1135 οὐ
1733 1083 1914 1136 πάθοι·

352 1170 383 1237 ἡ
431 1169 490 1221 δὲ
536 1169 832 1239 παθητικὴ.
874 1170 1038 1224 πάθοι
1094 1172 1179 1237 ἂν,
1212 1173 1307 1225 καὶ
1336 1173 1393 1225 οὐ
1425 1174 1679 1243 δράσειεν
1707 1190 1719 1203 ·
1756 1167 1831 1228 ὧν
1861 1174 1919 1227 δὲ

350 1258 526 1321 κοινὸς
556 1259 584 1311 ό
613 1258 771 1327 λόγος
799 1259 895 1329 τῆς
917 1260 1446 1331 άντιπεπονθήσεως,
1467 1260 1638 1315 ταῦτα
1657 1262 1795 1315 κατὰ
1823 1263 1920 1332 τὴν

347 1348 703 1417 ἐπικράτειαν
734 1349 887 1419 ῆτὴν
923 1349 1198 1418 ἰσονομίαν
1224 1349 1332 1401 τῶν
1361 1349 1671 1403 παθοποιῶν
1708 1348 1918 1409 αἰτιῶν,

345 1438 444 1509 τὴν
477 1439 533 1491 ὲν
567 1438 779 1510 θατέρῳ
811 1440 1007 1509 πάσχει
1042 1457 1101 1492 τε
1138 1440 1232 1493 καὶ
1276 1443 1440 1503 ποιεῖ,
1499 1440 1591 1492 ἐπὶ
1648 1440 1828 1493 πλεῖον
1885 1440 1917 1508 ἢ

347 1527 587 1583 ἔλαττον.
627 1530 843 1601 ’Ὠσπερ
876 1530 988 1600 ἔχει
1023 1530 1116 1582 ἐπὶ
1150 1531 1368 1584 πάντων
1401 1531 1508 1583 τῶν
1544 1531 1783 1601 τηκτῶν,
1825 1531 1923 1584 καὶ

345 1621 455 1674 τῶν
497 1621 861 1690 μεταλλικῶν,
898 1621 993 1674 καὶ
1021 1623 1120 1675 ὃσα
1157 1625 1268 1684 τοῖς
1294 1623 1551 1693 ἰατροῖςῆ
1585 1625 1696 1685 τοίς
1723 1622 1924 1693 βαναύ-

346 1728 461 1775 σοις
510 1714 806 1785 κιρνᾶσθαι
867 1713 899 1783 ἢ
963 1713 1326 1785 συντήκεσθαι
1379 1716 1520 1769 κατὰ
1567 1715 1666 1785 τὴν
1725 1716 1921 1785 τέχνην

348 1805 745 1881 μεμηχάνηται.

2028 644 2193 697 quam
2249 631 2456 699 proprii
2505 631 2732 687 luminis
2774 648 2967 687 rursus
3009 630 3116 685 illis
3164 630 3376 685 facibus
3431 628 3602 683 relin-

2034 735 2252 789 quens;
2303 729 2380 785 et,
2418 731 2479 776 ut
2522 722 2777 776 universe
2806 722 3006 786 dicam,
3061 721 3199 775 nihil
3243 735 3435 775 eorum
3478 733 3601 788 qua

2030 809 2319 874 uniuntur,
2347 811 2707 864 mutationem
2740 820 2837 882 aut
2868 808 3248 864 confusionem
3287 805 3456 866 subit,
3490 803 3601 858 nisi

2028 902 2183 970 prius
2209 910 2507 972 utrumque
2542 902 2823 957 unitorum
2850 901 3142 971 qualitates
3184 898 3383 952 habeat
3424 894 3600 966 passi-

2028 990 2164 1045 biles
2191 1007 2205 1044 :
2246 992 2290 1045 si
2314 992 2459 1045 enim
2492 1008 2599 1045 non
2634 1001 2762 1046 sunt
2794 989 3085 1061 ejusmodi,
3120 988 3355 1058 qualitas
3378 984 3599 1055 quidem

2030 1083 2303 1140 etliciendi
2333 1083 2649 1138 facultatem
2690 1084 2920 1147 habens,
2953 1082 3137 1144 faciet,
3173 1094 3283 1134 non
3320 1078 3598 1147 patietur;

2030 1176 2266 1245 qualitas
2288 1191 2419 1230 vero
2448 1176 2726 1246 passibilis
2750 1175 3010 1246 patietur,
3046 1188 3158 1227 non
3200 1170 3417 1225 eiliciet.
3457 1167 3604 1234 Quo-

2030 1284 2150 1321 rum
2182 1277 2365 1321 autem
2408 1268 2714 1321 communis
2767 1268 2905 1321 ratio
2965 1273 3048 1319 est
3095 1262 3404 1334 passionem
3451 1259 3601 1312 acci-
3672 1308 3676 1311 .

2029 1359 2215 1429 piendi
2237 1368 2292 1413 et
2314 1359 2602 1425 reddendi,
2626 1360 2743 1413 baac
2772 1357 3074 1413 secundum
3097 1354 3437 1410 dominatum
3468 1366 3601 1405 cau-

2029 1466 2211 1504 sarum
2234 1450 2586 1505 eﬂicientium
2607 1449 2910 1520 passiones,
2929 1462 3093 1518 quem
3117 1446 3323 1500 habent
3349 1444 3405 1497 in
3434 1442 3600 1496 alter-

2029 1552 2175 1607 utro,
2211 1552 2307 1597 aut
2358 1542 2748 1612 aequalitatem,
2789 1541 3075 1611 patiuntur
3105 1547 3161 1594 et
3204 1544 3391 1607 agunt.
3445 1534 3601 1589 Sicut

2029 1634 2215 1688 evenit
2248 1633 2305 1687 in
2343 1635 2623 1698 omnibus,
2676 1648 2800 1703 qua:
2836 1633 3154 1702 liquantur;
3212 1638 3269 1684 et
3306 1628 3361 1682 in
3407 1628 3599 1681 metal-

2029 1727 2116 1791 lis,
2150 1736 2205 1781 ct
2243 1727 2298 1780 in
2327 1726 2395 1781 iis
2428 1726 2684 1780 omnibus
2706 1739 2827 1794 qua
2854 1724 3053 1779 medici
3082 1723 3167 1777 vel
3192 1720 3431 1776 artiﬁces
3477 1719 3602 1789 igne

2029 1827 2249 1873 utentes
2284 1818 2640 1872 commiscere
2672 1826 2727 1871 et
2752 1818 2963 1886 liquare
2994 1833 3059 1870 ex
3090 1824 3207 1869 arte
3234 1814 3431 1869 solent.

416 1897 634 1951 Τούτων
662 1897 841 1952 τοίνυν
869 1898 1376 1969 προδιεσταλμένων
1415 1899 1568 1967 ἡμῖν,
1594 1897 1793 1953 εἰδέναι
1815 1898 1920 1969 χρὴ

2093 1909 2189 1963 His
2215 1923 2344 1979 ergo
2369 1909 2528 1978 prius
2549 1908 2849 1973 distinctis,
2875 1907 3159 1963 sciendum
3178 1912 3281 1969 est,
3311 1902 3457 1973 quod
3478 1916 3601 1971 qua:

343 1989 424 2040 ὅτι
446 1988 513 2040 τὰ
539 1988 638 2058 μὲν
667 1988 993 2042 άλλοιωτικὰ
1021 1987 1266 2059 ἀλλήλων
1294 1990 1385 2041 καὶ
1429 1989 1821 2059 μεταϐλητικά,
1857 1992 1921 2043 ὲκ

345 2079 643 2133 πολυειδῶν
685 2080 779 2133 καὶ
808 2081 1164 2150 ἐτεροουσίων
1190 2080 1520 2145 συνεστῶτα,
1556 2082 1707 2133 οὐδὲν
1729 2080 1835 2133 τῶν
1863 2083 1921 2134 ὲν

344 2172 410 2240 τῇ
448 2166 698 2222 συνθέσει
720 2167 993 2231 ἀποσώζει
1027 2167 1327 2237 ἀκραιφνὲς
1367 2166 1504 2237 μετὰ
1526 2168 1623 2238 τὴν
1653 2167 1918 2232 σύνθεσιν,

344 2259 481 2327 ἀλλά
508 2259 605 2322 τάς
634 2260 853 2313 πάντων
894 2258 1161 2329 ἰδιότητας
1215 2258 1418 2327 μίξασα
1470 2259 1566 2310 καὶ
1616 2257 1921 2327 συγχέουσα

345 2352 410 2402 ἐκ
440 2350 659 2402 πάντων
692 2349 844 2420 παρά
888 2351 1086 2411 πάντα,
1139 2349 1375 2418 ἑτεροῖον
1414 2345 1552 2411 εἶδος
1604 2349 1923 2418 πάμμικτον

346 2441 665 2505 ἀπετέλεσε,
699 2444 792 2495 καὶ
825 2442 1013 2509 γέγονε
1046 2441 1257 2494 πολλῶν
1288 2441 1638 2494 ὑποστάσεων
1682 2442 1775 2494 καὶ
1818 2440 1921 2509 cpu-

350 2552 487 2587 σεων
518 2536 656 2587 κατὰ
683 2534 779 2603 τὴν
821 2534 967 2603 μίξιν
1004 2533 1223 2603 φυρμὸς
1254 2534 1351 2586 καὶ
1381 2534 1661 2603 σύγχυσις,
1695 2532 1818 2587 οὔτε
1862 2532 1925 2586 τὸ

353 2626 553 2691 ἰδιάζον
581 2626 679 2695 τῆς
712 2627 1084 2687 ὑποστάσεως,
1108 2624 1232 2678 οὔτε
1257 2626 1318 2678 τὸ
1347 2625 1524 2679 κοινὸν
1571 2625 1671 2695 τῆς
1709 2625 1925 2694 φύσεως

351 2715 656 2785 φυλάξασα,
691 2714 809 2768 ἀλλ’
854 2715 1041 2785 ἕτερον
1087 2716 1152 2769 ὲκ
1198 2714 1402 2772 τούτων
1459 2715 1559 2784 μὲν
1610 2717 1921 2787 γενόμενον,

350 2806 527 2867 οὐδενὶ
566 2806 623 2859 δὲ
649 2805 846 2859 ταυτὸν
890 2807 983 2876 ἀφ’
1019 2798 1092 2859 ὧν
1147 2806 1369 2875 γέγονεν
1411 2806 1805 2860 άποτελὲσασα.
1861 2807 1923 2859 Ei

350 2900 528 2951 τοίνυν
551 2898 741 2968 θεότης
773 2898 868 2953 καί¹
894 2898 1245 2969 ἀνθρωπότης
1270 2898 1389 2952 κατ’
1418 2897 1606 2951 οὐσίαν
1642 2898 1925 2951 ἐνωθεῖσαι

354 2992 428 3063 μὴ
460 2990 787 3060 φυλάττουσι
822 2992 924 3045 κάν
953 2994 1018 3061 τῇ
1042 2989 1232 3045 ὲνώσει
1276 2992 1376 3061 τὴν
1428 2989 1640 3044 ἑαυτῶν
1690 2991 1926 3062 φυσικὴν

354 3082 613 3153 ἰδιότητα,
635 3083 1018 3152 συγκέχυνται,
1058 3082 1151 3137 καὶ
1174 3080 1299 3136 οὕτε
1325 3082 1513 3153 θεότης
1535 3083 1771 3153 ἔμεινεν,
1802 3083 1925 3137 οὔτε

350 3173 727 3243 ᾀνθρωπότης,
759 3174 875 3228 ἀλλ’
909 3173 1095 3244 ἓτερον
1117 3173 1305 3237 οὐσίας
1339 3169 1477 3237 εἶδος
1507 3177 1571 3226 ἐκ
1604 3174 1807 3229 τούτων
1830 3193 1926 3244 γε-

349 3266 595 3334 νόμενον,
636 3265 731 3319 καὶ
767 3266 889 3335 οὐχὶ
917 3265 1093 3320 ταῦτα
1130 3266 1375 3335 ὑπάρχον
1404 3267 1817 3321 ἀποτετέλεκεν.
1851 3262 1925 3322 Ob

349 3355 403 3407 τί
432 3354 497 3407 ἂν
519 3355 732 3423 γένοιτο
754 3355 1167 3427 ἀσεϐέστερονῆ
1195 3356 1514 3426 βδελυκτότε
1525 3374 1613 3426 ρον
1636 3357 1740 3410 κᾶν
1774 3359 1924 3412 ὲννο-

351 3449 506 3518 ἧσαι,
573 3451 649 3518 μὴ
703 3449 786 3501 ὅτι
845 3448 1177 3517 φρονοῦντας
1229 3448 1604 3519 δογματίσαι;
1666 3450 1926 3503 Λείπεται

350 3540 529 3594 τοίνυν
554 3541 619 3593 ἐκ
646 3539 744 3608 τῆς
774 3539 1075 3603 ἐξετάσεως
1102 3540 1193 3592 τοῦ
1236 3540 1397 3607 λόγου
1427 3540 1526 3609 τῆς
1574 3541 1692 3593 κατ’
1739 3541 1927 3594 οὐσίαν

353 3632 619 3695 ἕνὼσεως,
647 3632 748 3701 τῆς
781 3648 840 3684 τε
870 3632 1122 3701 θεότητος
1148 3633 1243 3687 καὶ
1262 3632 1361 3701 τῆς
1385 3631 1482 3684 ἀνθ
1492 3632 1804 3702 ρωπότητος
1829 3634 1927 3703 τὴν

354 3722 658 3793 ἀσύγχυτον
696 3723 954 3792 ἰδιότητα,
984 3723 1126 3775 κατά
1165 3723 1233 3775 τὰ
1282 3722 1526 3793 πρότερα
1570 3722 1753 3776 λαϐεῖν
1799 3724 1930 3775 ὐπο-

353 3813 645 3881 δείγματα,
688 3815 936 3886 ἀμυδρὰν
987 3815 1043 3866 δέ
1077 3832 1200 3867 τινα
1246 3814 1545 3882 φαντασίαν
1604 3816 1669 3867 ἐκ
1712 3814 1929 3869 πάντων

354 3906 453 3977 τῆς
484 3905 626 3975 ὑπὲρ
657 3906 836 3959 πάντα
867 3905 1125 3976 ἀληθείας
1159 3906 1596 3977 συλλεγομένοις,
1628 3906 1749 3976 ἥτις
1798 3906 1930 3959 ἀπο·

352 3998 652 4063 δείκνυσιν,
678 3997 737 4050 ἓν
768 3997 869 4068 μέν
901 4017 954 4052 τι
1000 3999 1208 4053 τούτων
1263 3994 1405 4053 εἶναι
1451 3998 1510 4051 τὸ
1555 3998 1927 4069 ἀποτέλεσμα,

351 4090 381 4143 δ
413 4091 522 4143 εἴτε
550 4089 860 4161 πρόσωπον,
891 4092 999 4146 εἴτε
1040 4092 1360 4156 ὑπόστασιν,
1395 4090 1507 4144 εἴτε
1542 4092 1763 4163 ἄτομον,
1817 4093 1929 4144 εἴτε

354 4178 735 4249 ὑποκείμενον,
777 4178 889 4232 εἴτε
937 4196 990 4232 τι
1037 4179 1163 4233 ἄλλο
1217 4179 1369 4249 φίλον
1418 4179 1602 4232 καλεῖν
1661 4179 1828 4247 αὐτὸ,
1864 4181 1927 4234 οὐ

352 4271 700 4342 διαφέρομαι.
768 4271 906 4334 Τοὺς
953 4272 1062 4340 γὰρ
1119 4272 1247 4343 ἀξίᾳ
1304 4273 1338 4343 ἦ
1405 4271 1679 4343 αὐθεντίᾳ,
1731 4272 1765 4342 ἦ
1823 4290 1927 4327 τινι

352 4363 580 4435 τοιαύτῃ
612 4362 797 4433 σχέσει
828 4363 1129 4434 διαιρετικῇ
1155 4365 1245 4418 διὰ
1294 4364 1387 4419 τοῦ
1425 4364 1719 4418 συνάπτειν
1759 4366 1927 4436 χωρί-

356 4456 568 4526 ζοντας,
599 4459 790 4526 πρώην
822 4454 1211 4529 άπορραπίσας
1263 4459 1291 4508 ὁ
1334 4455 1491 4523 λόγος
1541 4455 1924 4525 άποδεδίωχεν,

2022 2000 2229 2054 habent
2261 2000 2371 2053 vim
2406 1999 2656 2054 mutandi
2691 2014 2749 2054 se
2789 1998 2934 2053 inter
2978 2013 3036 2052 se
3084 1996 3391 2052 constantia
3419 2009 3486 2048 ex
3516 1991 3602 2046 di-

2024 2093 2198 2145 versis
2220 2090 2531 2159 speciebus,
2560 2100 2616 2144 et
2638 2090 2962 2145 substantiis
2986 2088 3124 2141 nihil
3150 2100 3349 2156 purum
3372 2085 3427 2138 in
3450 2098 3602 2139 com-

2024 2182 2294 2250 positione
2321 2190 2543 2235 servant
2582 2190 2705 2251 post
2737 2180 3197 2251 compositionem
3227 2194 3242 2232 :
3274 2176 3371 2232 sed
3416 2175 3602 2245 potius

2024 2289 2113 2328 ars
2140 2274 2495 2343 preprietatis
2527 2274 2772 2327 omnium
2831 2275 3069 2327 miscens
3123 2278 3180 2326 et
3233 2266 3597 2329 confundens,

2023 2380 2087 2419 ex
2115 2364 2373 2418 omnibus
2405 2364 2566 2417 aliam
2603 2372 2803 2433 praeter
2845 2364 3028 2418 omnia
3073 2361 3310 2431 speciem
3365 2376 3431 2413 ex
3484 2365 3601 2412 toto

2024 2456 2364 2510 eommistam
2401 2454 2643 2510 reddidit
2673 2472 2685 2509 :
2714 2456 2883 2525 ﬁtque
2910 2455 3208 2509 multarum
3232 2452 3600 2522 hypostaseon

2024 2558 2080 2602 et
2105 2552 2427 2602 naturarum
2473 2547 2785 2603 commistio
2833 2556 2889 2602 et
2921 2544 3168 2600 confusio
3195 2584 3209 2607 ,
3249 2556 3371 2612 qua:
3419 2547 3601 2608 neque

2026 2641 2313 2708 proprium
2340 2640 2672 2710 hypostasis,
2709 2652 2887 2707 neque
2915 2649 3207 2690 commune
3240 2641 3451 2687 natura:
3470 2644 3603 2685 con-

2026 2738 2244 2795 servat;
2278 2731 2373 2785 sed
2410 2731 2557 2785 aliud
2592 2746 2659 2785 ex
2692 2729 2778 2784 his
2829 2728 2888 2782 lit
2911 2769 2925 2794 ,
2979 2726 3128 2797 quod
3171 2740 3297 2780 eum
3328 2722 3480 2778 nullo
3508 2734 3605 2776 eo-

2029 2838 2150 2876 rum
2177 2836 2243 2875 ex
2271 2822 2474 2892 quibus
2524 2820 2728 2877 factum
2759 2828 2865 2885 est,
2917 2820 3061 2873 idem
3090 2816 3324 2872 exsistit.
3356 2815 3413 2870 Si
3437 2814 3605 2885 igitur

2027 2915 2289 2969 divinitas
2308 2923 2365 2969 et
2398 2914 2714 2968 humanitas
2753 2914 3057 2969 secundum
3081 2910 3442 2965 substantiam
3474 2908 3603 2963 uni-

2030 3012 2116 3068 ιω,
2151 3020 2261 3058 non
2285 3011 2505 3058 servant
2532 3003 2586 3057 in
2612 3002 2817 3057 unione
2850 3017 3002 3057 suam
3030 2999 3332 3054 naturalem
3354 2997 3607 3068 proprie-

2028 3103 2229 3162 tatem,
2269 3095 2513 3150 confusa:
2565 3102 2813 3161 sunt;et
2854 3108 3034 3162 neque
3080 3091 3340 3146 divinitas
3380 3090 3601 3153 mansit,

2030 3204 2206 3258 neque
2251 3188 2587 3251 humanitas,
2624 3186 2718 3241 sed
2772 3187 2875 3240 alia
2926 3184 3138 3254 species
3170 3184 3494 3238 substantia:
3537 3196 3607 3236 ex

2030 3280 2136 3346 his,
2164 3298 2285 3350 qua:
2318 3296 2426 3335 non
2461 3289 2547 3335 est
2582 3279 2683 3334 ista
2706 3296 2827 3349 qua:
2861 3278 3012 3332 unita
3039 3286 3189 3341 sunt,
3224 3276 3473 3331 confecta
3499 3282 3603 3329 est.

2028 3372 2146 3439 Quo
2191 3372 2325 3442 quid
2356 3387 2477 3427 esse
2504 3379 2685 3441 potest
2708 3370 2881 3441 magis
2913 3370 3165 3439 impium,
3192 3376 3285 3422 aut
3312 3367 3485 3437 magis
3511 3363 3606 3419 de-

2031 3464 2281 3521 testabile
2312 3464 2399 3519 vel
2420 3464 2659 3535 cogitare
2692 3471 2925 3527 tantum,
2945 3462 3149 3518 nedum
3175 3459 3382 3515 sentire
3418 3468 3475 3513 et
3503 3457 3604 3512 do-

2028 3558 2191 3613 cere?
2242 3556 2534 3625 Reliquum
2582 3555 2750 3624 igitur
2802 3563 2924 3618 est,
2974 3560 3035 3607 ut
3077 3568 3143 3607 ex
3182 3549 3607 3620 investigatione

2030 3647 2351 3719 qumstionis
2369 3646 2591 3700 unionis
2613 3645 2917 3699 secundum
2945 3643 3306 3699 substantiam
3329 3650 3384 3695 et
3407 3639 3607 3695 divini-

2030 3739 2159 3794 tatis
2206 3745 2262 3792 et
2296 3735 2656 3791 humanitatis
2684 3736 3075 3804 pr0prietatem
3116 3734 3235 3788 sine
3281 3730 3607 3789 confusione

2029 3829 2332 3887 secundum
2359 3828 2606 3895 exempla
2646 3825 2934 3895 superiora
2989 3826 3365 3896 intelligamus
3396 3865 3410 3889 ,
3452 3821 3608 3877 colli-

2029 3932 2221 3994 gentes
2244 3936 2309 3976 ex
2337 3919 2595 3974 omnibus
2619 3929 2839 3974 tenuem
2868 3919 3161 3988 quamdam
3191 3917 3485 3989 imaginem
3516 3929 3607 3972 ve-

2030 4014 2211 4068 ritatis
2242 4011 2427 4067 omnia
2457 4009 2774 4080 superantis
2800 4052 2814 4076 ,
2862 4023 2985 4079 qua:
3043 4007 3386 4063 demonstrat
3429 4020 3603 4059 unum

2028 4103 2300 4176 quoddam
2341 4118 2408 4155 ex
2462 4101 2549 4155 his
2599 4100 2775 4165 reddi,
2816 4099 2931 4154 sive
2979 4112 3292 4169 personam,
3338 4096 3454 4151 sive
3506 4094 3607 4165 hy-

2028 4193 2314 4267 postasim,
2348 4193 2464 4247 sive
2496 4202 2762 4256 atomum,
2792 4192 2905 4246 sive
2936 4190 3266 4260 subjectum,
3303 4189 3418 4243 sive
3470 4187 3603 4257 quid

2028 4286 2175 4342 aliud
2204 4284 2480 4355 appellare
2517 4282 2674 4347 libet,
2706 4298 2815 4337 non
2851 4281 3146 4338 contendo.
3174 4282 3282 4336 Eos
3315 4280 3487 4343 enim,
3509 4279 3604 4348 qui

2029 4379 2299 4451 dignitate
2327 4417 2342 4441 ,
2381 4375 2466 4429 vel
2499 4374 2828 4429 auctoritate
2853 4417 2867 4439 ,
2924 4381 3020 4428 aut
3055 4374 3237 4443 aliqua
3291 4370 3605 4442 hujusmodi

2031 4468 2359 4525 habitudine
2394 4466 2679 4520 dividente
2726 4465 3037 4534 copulando
3086 4472 3385 4533 separant,
3442 4463 3605 4531 paulo

355 4536 690 4615 υποέτάσεσι
743 4546 845 4608 τὰς
891 4546 1081 4615 φύσεις
1144 4546 1488 4617 διαιροῦντας
1541 4547 1786 4615 ἐλέγξας,
1834 4550 1923 4600 καὶ

2032 4569 2156 4616 ante
2180 4558 2485 4629 disputatio
2510 4565 2697 4611 nostra
2723 4556 3004 4620 refutavit,
3039 4563 3095 4609 et
3119 4553 3357 4608 convicit
3378 4561 3607 4606 naturas

357 4637 630 4724 μηδεμίαν
668 4637 957 4692 κοινωνίαν
1002 4637 1035 4708 ἢ
1077 4638 1347 4695 ἀντίδοσιν
1404 4638 1633 4708 ἐχούσας
1690 4640 1723 4708 ἢ
1780 4640 1928 4694 ἀντι·

352 4726 618 4793 διδούσας.

426 5001 640 5059 Τούτων
666 4999 993 5071 εἰρημένων,
1051 5000 1190 5051 κατὰ
1239 4997 1300 5051 τὸ
1340 4998 1622 5069 δεδομένον
1682 5001 1815 5071 ἡμῖν
1861 5002 1924 5055 ὲκ

354 5092 492 5149 Θεοῦ
516 5096 614 5163 τῆς
645 5096 885 5163 νοήσεως
941 5092 1136 5163 μικρὸν
1201 5092 1415 5162 μέτρον,
1476 5093 1925 5165 παραπέμπομεν

354 5189 445 5254 τὸν
473 5190 866 5259 ἐντυγχάνοντα
899 5189 981 5251 εἰς
1012 5188 1111 5251 τὰς
1165 5188 1273 5240 τῶν
1329 5188 1606 5257 θεηγόρων
1662 5191 1924 5262 Πατὲρων

352 5278 724 5347 διδασκαλίας,
750 5282 841 5349 ἀφ’
867 5273 942 5335 ὧν
971 5282 1066 5334 καὶ
1092 5281 1252 5351 ἡμεῖς
1283 5280 1455 5335 ταῦτα
1475 5282 1818 5351 ὖντληκότες,
1847 5283 1923 5346 ῶς

354 5372 412 5421 ἐν
453 5370 635 5440 μικρῷ
675 5371 930 5442 κρατῆρι,
958 5371 1038 5441 τῷ
1070 5372 1170 5440 τῆς
1207 5372 1466 5441 ταπεινῆς
1496 5373 1651 5443 ὴμῶν
1684 5373 1921 5435 διανοίας

352 5460 498 5531 λόγῳ
536 5463 750 5517 ποτίσαι
779 5463 1189 5533 ἐσπουδάσαμεν
1226 5465 1350 5527 τοὺς
1382 5463 1481 5531 τῆς
1508 5463 1761 5533 ἀληθείας
1797 5465 1924 5534 ὲρα-

355 5556 505 5618 στάς.
581 5555 770 5625 Ὑμεῖς
804 5556 861 5609 δὲ
912 5557 1301 5627 ὲπορεγόμενοι
1352 5557 1457 5611 ὑπὸ
1500 5558 1599 5627 τῆς
1642 5557 1922 5629 ἀληθείας,

348 5646 524 5711 ,ταῦτα
564 5647 665 5716 μὲν,
692 5646 863 5715 ἔχοιτε
905 5647 1074 5717 λήθης
1128 5650 1434 5718 φάρμακον,
1488 5648 1581 5702 καὶ
1639 5649 1778 5719 μετά
1827 5649 1926 5720 τὴν

354 5737 665 5791 τελευταίαν
695 5737 964 5807 ἐκδημίαν
1001 5739 1155 5808 ἡμῶν
1202 5740 1422 5810 ἀγάπης
1471 5740 1789 5811 ὑπόμνημα,
1845 5742 1920 5805 ὡς

355 5828 419 5893 ἂν
448 5830 520 5899 μὴ
555 5829 633 5913 τῷ
656 5828 829 5913 χρόνῳ
856 5829 916 5883 τὸ
952 5830 1048 5900 τῆς
1089 5831 1307 5902 ἀγάπης
1337 5832 1498 5888 καλὸν
1538 5833 1732 5913 ὲκρνὲν
1773 5834 1921 5906 οἰχή-

2030 4652 2277 4706 (lividere
2326 4648 2750 4720 bypostasibus,
2790 4646 3113 4714 nullamque
3159 4646 3604 4701 communionem

2030 4744 2113 4798 vel
2147 4743 2293 4799 inter
2324 4755 2383 4795 se
2418 4738 2725 4810 accipiendi
2760 4738 2847 4791 vel
2878 4735 3143 4791 reddendi
3174 4736 3397 4790 habere.
3427 4734 3503 4789 Ac
3537 4734 3605 4789 de

2028 4835 2113 4889 his
2145 4834 2413 4887 hactenus
2440 4830 2743 4887 secundum
2789 4843 3008 4897 parvam
3044 4842 3356 4881 mensuram
3397 4826 3603 4881 intelli-e

2027 4925 2246 4996 gentize,
2275 4938 2398 4992 quae
2429 4937 2460 4976 a
2494 4921 2656 4976 nobis
2697 4920 2901 4975 tributa
2936 4926 3041 4975 est.

2098 5012 2366 5067 Mittimus
2390 5010 2651 5079 deinceps
2675 5010 2936 5064 lectorem
2958 5007 3025 5061 ad
3048 5008 3354 5063 doctrinam
3385 5016 3603 5065 saucto~

2032 5120 2151 5158 rum
2181 5104 2430 5164 Patrum,
2463 5116 2494 5155 a
2521 5101 2723 5171 quibus
2747 5114 2850 5155 nos
2878 5100 2995 5154 haec
3032 5108 3291 5168 tanquam
3334 5098 3387 5152 in
3437 5113 3610 5168 parvo

2027 5208 2157 5249 vase
2197 5193 2413 5248 ratione
2459 5191 2659 5246 mentis
2699 5198 2901 5245 nostra:
2930 5188 3158 5244 humilis
3188 5189 3506 5253 hausimus,
3546 5197 3604 5249 et

2025 5301 2122 5340 eos
2153 5285 2248 5353 qui
2273 5284 2457 5339 studio
2482 5283 2735 5337 veritatis
2767 5290 3040 5343 tenentur,
3063 5289 3252 5349 potare
3267 5281 3601 5339 studuimuS.

2026 5377 2135 5432 Vos
2160 5384 2344 5430 autem
2379 5375 2586 5445 quibus
2615 5375 2730 5429 haec
2757 5373 3001 5443 porrexit
3044 5373 3269 5437 veritas,
3301 5372 3503 5426 habete
3533 5386 3601 5432 ea

2034 5479 2290 5537 tanquam
2328 5465 2631 5520 remedium
2660 5464 2974 5528 oblivionis,
3029 5474 3085 5518 et
3138 5472 3263 5533 post
3306 5477 3489 5518 meum
3530 5462 3602 5517 ab

2033 5561 2136 5614 hac
2162 5560 2274 5612 vita
2311 5573 2585 5614 recessum
2626 5566 2883 5626 tanquam
2917 5564 3334 5611 monumentum
3370 5553 3599 5620 amoris,

2033 5668 2101 5705 ne
2130 5652 2282 5720 lapsu
2312 5649 2574 5719 temporis
2598 5648 2825 5704 efﬂuens
2856 5647 3016 5703 abeat
3053 5667 3066 5701 :
3101 5645 3381 5701 retundite
3414 5654 3598 5699 autem

2033 5741 2377 5802 audaciores,
2410 5747 2467 5794 et
2500 5739 2864 5810 simpliciores
2900 5754 3062 5793 manu
3093 5737 3273 5791 ducite
3312 5735 3377 5789 ad
3425 5734 3599 5802 fulgo:

2032 5848 2150 5889 rem
2175 5830 2425 5889 veritatis
2467 5846 2663 5903 purum
2691 5840 2743 5885 et
2772 5829 3074 5903 liquidum,
3118 5844 3211 5911 qun
3259 5842 3361 5901 per
3398 5827 3511 5882 lucc
3542 5825 3601 5893 in
