4068 6558
495 411 632 478 1307

1759 412 2067 476 LEONTII
2105 411 2478 472 BYZANTIN
2487 413 2514 470 Ι

3545 396 3758 470 .1308

492 521 698 577 sanctis
713 520 975 579 Patribus
1014 522 1289 588 cerni-tur,
1324 531 1382 578 et
1402 530 1557 579 orate
1591 539 1694 595 pro
1739 525 1920 591 nobis,
1973 525 2065 595 qui

2174 537 2346 575 σεται.
2383 516 2820 588 Ἐπιστομίζοιτε
2884 514 2942 568 δὲ
3002 512 3129 577 τοὺς
3191 510 3592 583 θρασυτέρους,
3651 509 3754 561 καὶ

494 611 610 666 haec
630 622 857 682 propter
877 613 1226 679 cliaritatem,
1255 623 1316 668 ut
1341 616 1678 671 conscientia
1710 625 1977 682 testatur,
2014 626 2072 673 et

492 709 692 773 praeter
725 703 1064 759 voluntatem
1113 704 1465 760 conscribere
1517 705 1905 760 sustinuimus.
1957 706 2071 761 Deo

494 804 677 850 autem
713 795 916 864 gratias
942 795 1162 866 agimus
1181 811 1282 866 pro
1305 797 1454 851 omni
1489 797 1638 857 dono
1663 799 1783 870 ejus
1812 798 1869 852 in
1894 798 2072 853 omni-

495 883 620 953 bus,
649 886 706 942 in
733 888 934 944 saecula
961 889 1307 944 saeculorum.
1341 888 1536 945 Amen.

1059 1286 1478 1344 PROOEMIUM.

565 1426 846 1480 Allaturus
878 1423 933 1478 in
973 1423 1214 1478 medium
1241 1421 1599 1477 auctoritates
1621 1429 1938 1478 sanctorum
1963 1424 2068 1479 Pa-

500 1527 668 1578 trum.
701 1517 769 1572 ad
803 1515 1274 1572 conﬁrmationem
1319 1530 1512 1569 eorum
1566 1530 1688 1584 quae
1724 1515 2065 1585 scripsimus,

497 1626 630 1681 rogo
677 1610 937 1664 lectorem
967 1648 981 1670 ,
1039 1617 1098 1662 ut
1132 1607 1382 1662 advertat
1412 1607 1657 1662 animum
1693 1627 1705 1661 :
1741 1609 2066 1678 prudentem

495 1702 642 1756 enim
669 1700 976 1754 auditorem
1012 1698 1244 1767 requirit
1280 1698 1534 1753 doctrina
1573 1715 1786 1763 eorum,
1823 1702 1919 1770 qui
1947 1701 2069 1756 fue-

495 1799 623 1845 runt
648 1790 1004 1846 admirabiles
1033 1790 1269 1861 Spiritus
1315 1791 1488 1845 sancti
1527 1791 1848 1846 consiliarii.
1883 1793 2066 1849 Labo-

494 1887 580 1934 rat
607 1879 754 1935 enim
775 1895 978 1943 sermo,
1005 1879 1235 1934 auribus
1260 1880 1550 1949 imperitim
1577 1880 1833 1936 sordibus
1853 1883 2068 1937 onustis
2102 1863 2144 1919 Β

493 1979 773 2041 exceptus.
806 1971 951 2026 Sicut
991 1972 1184 2026 monile
1209 1988 1453 2038 aureum,
1496 1972 1573 2025 ait
1607 1972 1830 2042 sapiens
1857 1975 1912 2027 in
1933 1974 2070 2029 Pro-

491 2064 721 2131 verbiis,
739 2074 787 2118 et
809 2065 1046 2118 sardium
1078 2066 1258 2134 magni
1285 2065 1439 2134 pretii
1462 2062 1768 2134 alligatum,
1794 2066 1868 2118 sic
1897 2082 2069 2120 sermo

491 2156 703 2224 sapiens
733 2154 788 2208 in
817 2153 1033 2207 auribus
1063 2154 1189 2207 bene
1222 2153 1553 2207 audientium
1584 2153 1625 2206 ⁵.
1658 2153 1921 2208 Auditum
1971 2153 2073 2226 igi-

493 2251 586 2296 tur
607 2250 860 2298 nostrum
894 2241 1197 2297 secundum
1243 2258 1462 2300 sensum
1495 2242 1746 2297 divinum
1771 2285 1786 2310 ,
1813 2260 2072 2316 repurge-

493 2349 619 2388 mus
644 2333 714 2387 ab
754 2333 903 2387 omni
951 2348 1120 2387 onere
1169 2349 1236 2388 ex
1265 2333 1661 2403 anticipatione
1691 2334 1928 2390 conﬂato
1951 2376 1967 2401 ,
2015 2344 2072 2391 et

494 2433 735 2478 mentem
751 2423 969 2478 surdam
992 2423 1277 2478 reddente.
1293 2424 1412 2478 Jam
1429 2424 1576 2479 enim
1597 2425 1798 2479 nubem
1822 2427 2068 2494 testium,

494 2514 638 2570 sicut
670 2514 965 2583 Apostolus
1017 2514 1094 2568 ait
1121 2517 1162 2578 ⁸,
1201 2515 1590 2584 producemus.
1635 2517 1692 2571 Si
1733 2519 1872 2573 forte
1903 2521 2070 2576 tantis

495 2606 695 2663 cedant
714 2607 806 2676 qui
830 2616 1154 2677 repugnant.
1190 2606 1477 2676 Siquidem
1507 2619 1734 2678 propter
1765 2612 2073 2667 contentio-

495 2713 622 2754 nem
653 2714 683 2753 a
717 2699 1020 2769 majoribus
1056 2715 1246 2754 eorum
1289 2700 1544 2755 traditam
1582 2717 1688 2755 non
1713 2703 2072 2772 produximus

495 2792 877 2846 auctoritatem
918 2793 1253 2863 ambiguam,
1289 2802 1384 2849 aut
1422 2808 1545 2862 quae
1571 2792 1867 2863 dupliciter
1894 2796 2069 2866 accipi

496 2891 701 2950 posset,
733 2897 836 2936 nec
864 2882 1130 2952 ignobiles
1166 2884 1358 2938 Patres
1388 2892 1560 2938 testes
1585 2885 1881 2940 citavimus
1905 2927 1918 2952 ,
1973 2887 2072 2942 sed

496 2969 682 3039 potius
715 2971 1074 3035 clarissimos,
1118 2982 1173 3027 et
1214 2974 1310 3043 qui
1361 2973 1586 3030 fuerunt
1629 2975 2072 3046 splendidissima

495 3059 649 3114 orbis
674 3061 881 3115 lumina
905 3062 970 3116 ad
999 3061 1295 3116 dicendum
1327 3063 1702 3118 testimonium
1733 3067 2067 3122 vocavimus.

495 3147 970 3219 Produximusque
1002 3151 1320 3205 testimonia
1351 3151 1796 3206 manifestissima
1816 3195 1831 3218 ,
1879 3163 1934 3208 et
1969 3155 2072 3208 mi-

494 3240 644 3296 nime
672 3241 876 3306 dubia;
904 3249 963 3296 ut
1011 3258 1228 3297 omnem
1271 3259 1463 3298 eorum
1497 3244 1760 3299 adversus
1781 3246 2068 3301 veritatem

493 3334 956 3405 excogitationem
985 3337 1426 3392 excluderemus.
1464 3337 1581 3390 Non
1610 3337 1962 3393 recitavimus
1989 3349 2070 3394 te-

495 3425 772 3490 stimonia,
811 3427 864 3480 in
890 3429 1088 3496 quibus
1112 3437 1217 3493 est,
1268 3444 1332 3482 ex
1365 3428 1566 3497 quibus
1610 3437 1667 3482 et
1694 3444 1723 3482 a
1761 3430 1983 3499 quibus,
2015 3438 2073 3486 et

494 3515 564 3572 de
594 3517 799 3587 quibus
841 3517 1082 3585 (scilicet
1109 3519 1356 3590 naturis)
1407 3527 1463 3573 et
1506 3532 1634 3573 ante
1670 3520 1929 3576 unionem
1954 3562 1969 3586 ,
2011 3530 2072 3576 ut

494 3607 632 3677 ipsis
668 3609 847 3679 placet
894 3625 1092 3665 vocare
1119 3652 1133 3675 ,
1187 3620 1282 3665 aut
1320 3611 1375 3664 in
1410 3611 1635 3677 unione,
1681 3623 1737 3666 et
1768 3614 2071 3668 nonetiam

492 3707 618 3768 post
647 3700 940 3779 unionem;
975 3701 1248 3770 siquidem
1282 3707 1367 3757 est
1393 3701 1698 3756 secundum
1745 3703 2072 3772 sapientiam

493 3789 722 3845 istorum
754 3791 877 3846 linis
921 3792 1082 3862 hujus
1125 3794 1345 3868 unionis
1373 3811 1384 3847 :
1411 3793 1506 3849 sed
1551 3793 1916 3851 indicavimus
1949 3812 2074 3851 san-

492 3886 632 3942 ctos,
673 3880 766 3949 qui
793 3879 846 3934 in
889 3882 1218 3937 testimoniis
1247 3883 1366 3937 suis
1395 3883 1658 3938 dixerunt
1687 3884 1740 3938 in
1765 3886 1984 3954 quibus,
2016 3895 2072 3941 et

492 3985 593 4040 per
624 3986 780 4040 quas,
806 3980 861 4026 et
883 3981 1165 4042 utrasque,
1199 3982 1254 4027 et
1274 3990 1372 4043 per
1403 3975 1613 4041 ambas,
1648 3985 1702 4030 et
1737 3977 1928 4032 ambas
1975 3993 2072 4032 na—

495 4071 682 4127 turas,
732 4072 788 4118 et
822 4065 1156 4120 substantias
1185 4068 1549 4132 exsistentes,
1613 4077 1667 4122 et
1712 4079 1962 4124 servatas
2016 4070 2071 4124 in

493 4152 720 4215 unione,
739 4161 793 4208 et
811 4153 865 4207 in
889 4161 1104 4224 tempus
1121 4155 1392 4210 infinitum
1415 4158 1781 4212 indivisibiles
1797 4159 1851 4212 in
1871 4159 2073 4229 unione

493 4242 799 4298 secundum
834 4246 1196 4301 substantiam
1232 4248 1598 4318 bypostatica.

563 4358 621 4414 Si
654 4359 780 4428 quis
813 4366 996 4414 autem
1029 4359 1225 4415 horum
1261 4361 1672 4416 multitudinem
1706 4362 1793 4416 vel
1830 4361 2075 4416 auctori-

494 4459 663 4506 tatem
693 4466 1054 4520 personarum
1083 4493 1096 4517 ,
1135 4453 1280 4508 sicut
1322 4453 1415 4508 ille
1443 4453 1680 4522 impius,
1724 4468 1890 4523 quem
1925 4453 2076 4508 Scri-

2172 611 2566 684 χειραγωγοίτε
2615 609 2742 672 τοὺς
2796 605 3226 676 ἁπλουστέρους,
3257 604 3351 656 ἐπὶ
3382 601 3485 672 τὴν
3514 601 3603 656 διὰ
3627 601 3755 654 τού-

2171 722 2279 760 των
2315 702 2756 773 άναφαινομένην
2786 702 2844 753 ὲν
2889 701 3001 762 τοῖς
3049 697 3225 766 ἁγίοις
3279 694 3558 765 Πατράσιν
3613 694 3753 745 εἰλι-

2171 799 2330 869 κρινῆ
2371 796 2464 849 καὶ
2499 793 2746 865 καθαρὰν
2778 793 2876 863 τῆς
2915 789 3172 860 ἀληθείας
3207 787 3402 856 αὐγὴν,
3449 785 3546 839 καὶ
3591 785 3752 856 ήμῶν

2170 885 2561 960 ὑπερεύχεσθε,
2586 885 2653 939 δι’
2686 884 2925 954 ἀγάπην,
2952 883 3026 946 ὡς
3049 880 3110 934 τὸ
3169 878 3406 944 συνειδὸς
3457 880 3750 948 μαρτυρεῖ,

2169 980 2343 1035 ταῦτα
2375 979 2675 1050 συγράψαι,
2717 976 2814 1030 καί⁵
2849 973 3003 1046 παρά
3063 972 3387 1043 προαίρεσιν
3439 969 3752 1038 ἀνασχομέ-

2171 1090 2300 1127 νων.
2337 1071 2429 1142 Τῷ
2459 1072 2515 1124 δὲ
2547 1069 2666 1139 Θεῷ
2687 1065 3010 1139 εὐχαριστία
3042 1063 3186 1134 ὑπὲρ
3220 1063 3400 1132 πάσης
3426 1059 3525 1130 τῆς
3552 1061 3608 1112 ὲν
3636 1059 3757 1111 πᾶ-

2173 1180 2258 1217 σιν
2282 1161 2447 1216 αὑτοῦ
2469 1161 2697 1234 δωρεᾶς,
2721 1160 2800 1222 εἰς
2823 1159 2948 1220 τοὺς
2977 1154 3204 1216 αἰῶνας.
3238 1152 3436 1222 Ἀμήν.

2205 1295 2588 1350 ΠΡΟΟΙΜΙοΝ
2618 1289 2937 1348 ΧΡΗΣΕΩΝ
2965 1288 3103 1342 ΤΩΝ
3141 1286 3350 1342 APION
3389 1285 3734 1340 HATEPQN.

2237 1427 2460 1482 Μέλλων
2511 1426 2610 1490 τάς
2666 1426 2888 1496 χρήσεις
2945 1420 3345 1494 παρατίθεσθαι
3407 1419 3516 1472 τῶν
3573 1419 3748 1488 ἁγίων

2169 1521 2427 1590 Πατέρων
2460 1519 2596 1590 πρὸς
2619 1517 2913 1588 βεϐαίωσιν
2937 1515 3047 1568 τῶν
3072 1513 3359 1585 ἡμετέρων
3393 1511 3588 1580 λόγων,
3621 1512 3750 1564 ὲπι-

2171 1613 2366 1681 στῆσαι
2393 1611 2484 1664 τὸν
2515 1610 2640 1664 νοῦν
2669 1609 2761 1663 τὸν
2811 1607 3210 1678 ἐντυγχάνοντα
3237 1605 3540 1676 παρακαλῶ
3563 1621 3578 1635 ·
3623 1621 3749 1658 συν-

2168 1703 2291 1755 ετοῦ
2315 1701 2424 1773 γὰρ
2439 1701 2608 1754 δεῖται
2630 1697 2903 1770 ἀκροατοῦ
2928 1699 2961 1770 ή
2981 1696 3090 1750 τῶν
3112 1696 3214 1749 Θαυ
3222 1693 3444 1766 μαστῶν
3462 1693 3556 1747 τοῦ
3579 1694 3764 1755 Πνεύτ

2172 1811 2340 1867 ματος
2363 1792 2684 1864 συμϐούλων
2712 1791 3015 1854 παίδευσις.
3046 1789 3262 1860 Κάμνει
3292 1789 3400 1858 γὰρ
3426 1786 3583 1855 λόγος
3613 1788 3748 1870 ἀκο-

2171 1889 2258 1949 αῖς
2280 1883 2488 1955 ἐνηχῶν
2527 1883 2890 1946 ἀπαιδευσίας
2921 1880 3079 1954 ῥύπῳ
3126 1879 3547 1951 βεϐαρημέναις.
3598 1878 3745 1932 Ὠσ-

2172 1991 2287 2042 περ
2325 1973 2436 2044 γὰρ
2458 1973 2706 2027 ἐνώτιον
2733 1971 3028 2041 χρυσοῦν,
3059 1970 3158 2025 καί
3198 1969 3453 2038 σάρδιον
3495 1971 3748 2022 πολυτε-

2169 2065 2275 2133 λὲς
2291 2065 2612 2132 ἐνδέδεται,
2629 2065 2783 2119 οὕτω
2803 2064 2988 2131 λόγος
3012 2062 3207 2132 σοφὸς
3231 2063 3320 2128 εἰς
3335 2057 3444 2128 οὖς
3461 2059 3746 2126 εὐήκοον,

2169 2157 2203 2225 ή
2231 2155 2370 2226 σοφὴ
2403 2153 2785 2224 ἀπεφθέγξατο
2828 2151 3126 2224 Παροιμία.
3149 2151 3359 2206 Οὐκοῦν
3391 2150 3452 2204 τὸ
3475 2149 3618 2204 κατά
3647 2151 3750 2220 τὴν

2171 2245 2322 2299 θείαν
2353 2244 2605 2314 αἴσθησιν
2633 2242 2956 2296 ἀκουστικὸν
2981 2241 3158 2313 ήμῶν,
3187 2240 3390 2305 παντὸς
3421 2239 3760 2313 ἐκκαθάρω·

2175 2352 2273 2405 μεν
2302 2333 2500 2405 ἄχθους
2555 2332 2649 2386 τοῦ
2702 2335 2767 2386 ὲκ
2807 2331 3130 2404 προλήψεως
3179 2333 3592 2402 συνισταμένου,
3651 2333 3751 2385 καὶ

2171 2425 2591 2494 ἀποκωφοῦντος
2617 2424 2708 2478 τὸν
2735 2423 2865 2477 νοῦν
2895 2439 2912 2456 ·
2946 2423 3048 2494 ήδη
3082 2423 3138 2476 δὲ
3185 2423 3246 2476 τὸ
3294 2423 3404 2478 τῶν
3453 2424 3760 2496 μαρτύρων-

2171 2517 2349 2585 νέφος,
2426 2532 2589 2584 φησιν
2619 2517 2648 2568 ὁ
2694 2513 3039 2577 Ἀπόστολος,
3064 2514 3378 2584 ἐποίσομεν,
3407 2513 3473 2570 ἂν
3500 2516 3610 2586 ἄρα
3647 2516 3754 2569 κάν

2170 2611 2282 2671 τοῖς
2305 2607 2644 2677 τηλικούτοις
2684 2606 2904 2672 εἴξωσιν
2953 2607 3002 2658 οἱ
3048 2605 3422 2669 ἀπειθοῦντες.
3475 2607 3588 2660 Καὶ
3640 2609 3752 2680 γάρ

2170 2700 2268 2768 τῆς
2302 2697 2477 2752 αὐτῶν
2511 2697 2993 2769 πατροπαραδότου
3020 2698 3354 2767 φιλονεικίας
3382 2698 3591 2764 ἕνεκεν,
3625 2697 3751 2751 οὔτε

2171 2791 2507 2862 διλήμματον
2541 2790 2574 2860 ή
2610 2789 2912 2860 ἀμφίϐολον
2951 2791 3148 2860 χρῆσιν
3173 2789 3592 2860 παρηγάγομεν,
3625 2788 3747 2842 οὕτε

2175 2885 2283 2956 μὴν
2311 2883 2684 2954 ἀσημοτέρους
2715 2881 3511 2955 Πατέρας.ὲπεμαρτυράμεθα.
3541 2883 3750 2945 Αὐτοὺς

2126 3040 2137 3046 μ
2172 2976 2228 3029 δὲ
2251 2976 2378 3038 τοὺς
2412 2973 2766 3044 φανοτάτους,
2791 2974 2889 3026 καὶ
2925 2973 3069 3045 μέγα
3106 2975 3163 3026 ὲν
3194 2977 3259 3045 τῇ
3294 2975 3588 3046 οἰκουμένῃ
3611 2975 3754 3045 λάμ-

2171 3069 2380 3139 ψαντας
2412 3065 2856 3137 ὲπεϐοησάμεθα,
2891 3067 2986 3120 καὶ
3009 3067 3364 3138 τρανωτάτας
3383 3065 3478 3120 καὶ
3507 3068 3752 3136 ἀναμφι-

2173 3161 2400 3223 λέκτους
2435 3159 2736 3231 μαρτυρίας
2789 3158 3273 3228 είσκεκομίκαμεν,
3330 3159 3512 3211 πᾶσαν
3566 3157 3752 3219 αὐτοῖς

2172 3251 2558 3315 ἀποκλείοντες
2589 3251 2732 3305 κατά
2757 3250 2858 3320 τῆς
2880 3249 3140 3322 ἀληθείας
3165 3250 3428 3303 ἐπίνοιαν.
3461 3248 3537 3302 Ού
3570 3248 3672 3312 τὰς
3694 3249 3755 3312 ἐξ

2169 3339 2242 3398 ὧν
2275 3345 2308 3416 ἢ
2343 3345 2436 3414 ἀφ’
2465 3338 2540 3398 ὧν
2573 3344 2604 3412 ἢ
2643 3345 2771 3415 παρ’
2817 3337 2914 3410 ὧν,
2947 3343 3043 3397 καὶ
3076 3341 3184 3414 πρὸ
3219 3342 3316 3412 τῆς
3366 3339 3631 3404 ὲνώσεως,
3678 3341 3752 3403 ὡς

2171 3437 2354 3500 αὐτοῖς
2388 3435 2540 3504 φίλον
2573 3435 2778 3499 καλείν,
2806 3434 2840 3504 ἢ
2870 3435 2928 3487 ὲν
2974 3435 3040 3504 τῇ
3100 3431 3312 3496 ένώσει,
3353 3430 3446 3484 καὶ
3490 3431 3613 3500 οὑχί
3659 3430 3756 3484 καὶ

2174 3526 2313 3598 μετά
2337 3525 2434 3598 τὴν
2458 3526 2654 3580 ἕνωσιν
2688 3541 2703 3556 ο
2738 3524 2897 3598 εἴπερ
2956 3523 3079 3577 ἐστί
3113 3522 3253 3576 κατά
3289 3523 3388 3594 τὴν
3433 3521 3612 3576 αὐτῶν
3663 3538 3753 3574 σο-

2172 3619 2299 3689 φίαν
2335 3617 2540 3690 ταύτης
2579 3617 2754 3682 τέλος,
2784 3616 2919 3670 ἀλλά
2952 3617 3050 3678 τὰς
3077 3618 3136 3668 ἐν
3165 3610 3266 3679 οἷς,
3293 3616 3389 3669 καὶ
3423 3614 3490 3667 δι’
3526 3607 3625 3678 ὧν,
3645 3615 3755 3684 ἀμο

2172 3712 2406 3782 φοτέρας
2439 3727 2497 3764 τε
2524 3713 2620 3763 καὶ
2645 3708 2712 3763 δι’
2743 3709 2950 3780 ἀμφοῖν
2981 3707 3078 3760 καὶ
3103 3710 3291 3777 ἄμφω,
3321 3705 3512 3776 φύσεις
3549 3721 3609 3758 τε
3661 3705 3756 3758 καὶ

2170 3803 2382 3868 οὐσίας,
2403 3800 2570 3865 οὔσας
2599 3816 2658 3854 τε
2693 3801 2785 3854 καί
2818 3798 3229 3870 φυλαττομένας
3261 3797 3318 3851 έν
3347 3814 3407 3850 τε
3439 3800 3506 3868 τῇ
3537 3794 3755 3858 ὲνὼσει,

2171 3896 2265 3948 καὶ
2314 3896 2392 3957 είς
2440 3893 2666 3964 ἄπειρον
2717 3891 3054 3962 ἀδιαιρέτους
3092 3905 3108 3920 ο
3165 3890 3224 3942 ἐν
3279 3891 3342 3959 τῇ
3395 3889 3515 3942 κατ’
3560 3887 3756 3940 οὐσίαν

2174 3985 2515 4054 ὑποστατικῇ
2557 3982 2773 4050 ἑνώσει,
2836 3981 3195 4053 ὑπεφήναμεν
3238 3980 3367 4042 τοὺς
3416 3977 3605 4049 ἀγίους
3647 3993 3754 4029 xa-

2173 4077 2590 4147 ταγγείλαντας.

2245 4363 2308 4416 Εἰ
2360 4360 2416 4414 δέ
2459 4375 2542 4424 τις
2569 4358 2631 4411 τὸ
2658 4357 2862 4410 τούτων
2904 4353 3128 4420 πλῆθος,
3153 4353 3185 4424 ῆ
3211 4351 3318 4406 τῶν
3353 4351 3660 4424 προσώπων
3695 4351 3756 4404 et

2174 4454 2507 4520 ἀξιόπιστον,
2531 4450 2673 4506 κατά
2689 4448 2780 4504 τὸν
2794 4449 2852 4501 ἐν
2873 4450 2940 4520 τῇ
2968 4448 3158 4518 Γραφῇ
3191 4444 3364 4516 ἀσεϐῆ
3385 4446 3487 4498 οὐκ
3527 4444 3754 4528 αἰδεῖται

491 4548 657 4609 ptura
693 4540 829 4594 dicit
851 4540 895 4606 ⁷,
924 4557 1034 4596 ηοιι
1066 4551 1391 4607 reveretur;
1413 4542 1490 4597 ait
1513 4546 1662 4597 enim
1685 4561 1699 4596 :
1725 4543 1934 4612 Impius
1956 4551 2059 4609 est,

2172 4544 2415 4622 (Ἀσεϐὴς
2433 4543 2504 4613 γά
2511 4561 2562 4615 ρ,
2579 4543 2766 4614 φησὶν,
2777 4539 2837 4604 ὃς
2851 4539 2953 4593 οὐκ
2966 4538 3057 4610 ῂδέ
3065 4538 3163 4608 σθη
3181 4537 3476 4608 πρόσωπον
3489 4535 3752 4606 ἐντίμου),

492 4630 590 4701 qui
615 4647 726 4686 non
760 4643 1046 4688 reveretur
1073 4649 1365 4703 personam
1395 4635 1654 4689 honorati
1684 4653 1695 4688 :
1731 4635 1846 4705 ipse
1881 4643 2067 4691 autem

2172 4641 2417 4712 ἀσήμους
2447 4637 2504 4691 δὲ
2558 4635 2652 4689 καὶ
2675 4633 2776 4686 οὐκ
2796 4629 3169 4702 ὲγνωσμένας,
3194 4628 3271 4692 ὡς
3295 4629 3356 4691 ἐξ
3375 4628 3554 4682 αὐτῶν
3579 4629 3610 4698 ὴ
3634 4629 3754 4680 ἑτέ-

495 4720 710 4790 ignotas
735 4722 1094 4778 auctoritates
1118 4763 1133 4788 ,
1177 4732 1233 4778 et
1263 4740 1375 4778 non
1428 4726 1515 4779 vel
1559 4741 1624 4780 ex
1659 4727 1793 4796 ipsis
1819 4727 2074 4800 cognitas

493 4812 580 4868 vel
613 4829 679 4868 ex
716 4815 859 4880 aliis,
896 4816 984 4871 bis
1018 4817 1224 4871 nostris
1271 4817 1580 4872 contrarias
1635 4819 1914 4887 producit,
1974 4821 2071 4876 de-

494 4917 762 4964 monstret
794 4910 948 4980 prius
979 4926 1091 4965 non
1124 4927 1246 4967 esse
1287 4913 1510 4967 illorum
1561 4914 1660 4968 has
1693 4925 1910 4970 nostras
1937 4958 1952 4980 ,
2015 4927 2071 4974 et

491 4999 576 5061 sic
609 5002 745 5058 istas
792 5003 1144 5075 recipiemus.
1181 5005 1435 5072 Quandiu
1485 5008 1631 5066 enim
1677 5009 1761 5063 lite
1799 5010 1933 5065 satis
1975 5010 2071 5066 [ir-

491 5091 698 5151 mitatis‘
749 5091 993 5166 habent,
1052 5103 1276 5164 propter
1307 5096 1658 5166 splendorem
1702 5097 1969 5153 librorum
2015 5110 2073 5155 et

492 5197 720 5259 propter
749 5187 1368 5252 nobilitatem‘Patrum,
1419 5187 1542 5242 illas
1567 5189 1652 5242 vel
1687 5204 1797 5242 non
1833 5190 2069 5260 recipie-

495 5295 620 5334 mus
640 5296 673 5336 a
701 5279 998 5350 principio,
1025 5295 1150 5334 cum
1172 5279 1261 5334 bis
1282 5287 1595 5351 pugnantes
1619 5297 1631 5332 :
1651 5280 1735 5336 vel
1761 5281 1806 5336 si
1839 5283 2072 5352 recipia-

496 5387 655 5438 mus,
707 5379 968 5441 tanquam
1025 5388 1150 5427 cum
1201 5372 1290 5428 his
1341 5371 1783 5437 consentientes,
1832 5385 1889 5428 et
1922 5376 2071 5428 nullo

495 5461 662 5519 modo
701 5462 1076 5533 discrepantes
1099 5463 1450 5535 recipiemus.
1480 5464 1679 5521 Conari
1723 5465 1870 5520 enim
1919 5467 2073 5522 lineo-

496 5555 650 5626 logos
691 5554 759 5610 ad
793 5556 1287 5613 contradictionem
1319 5557 1595 5614 adducere
1620 5601 1634 5623 ,
1667 5569 1724 5614 et
1747 5558 1928 5614 dicere
1953 5575 1982 5613 a
2014 5577 2071 5614 se

459 5645 462 5648 ’
498 5645 634 5719 ipsis
679 5646 994 5714 dissentire,
1041 5649 1128 5704 hic
1173 5659 1404 5705 conatus
1441 5657 1731 5720 susceptus
1757 5659 1813 5704 et
1844 5651 1947 5703 hoc
1983 5667 2072 5704 ne-

570 5852 591 5882 ⁸
621 5850 781 5906 Prov.
823 5867 942 5917 μιν,
976 5852 1040 5905 l2
1067 5867 1178 5906 sec.
1210 5849 1369 5904 LXX.
1416 5851 1435 5878 “
1466 5849 1636 5903 Hebr.
1675 5864 1763 5913 xu,
1799 5849 1848 5904 1.

2172 4751 2301 4808 ρων,
2325 4730 2538 4790 τούτοις
2567 4724 2818 4789 ἐναντίας
2872 4723 3095 4794 χρήσεις
3134 4718 3485 4792 προκομίζοι,
3525 4717 3785 4802 δειξάτω

2169 4825 2410 4896 πρῶτον,
2443 4822 2525 4875 ὅτι
2561 4819 2635 4890 μὴ
2665 4811 2826 4871 αὗται
2850 4814 3077 4869 ἐκείνων
3095 4809 3254 4868 οὖσαι
3281 4811 3638 4882 τυγχάνουσι,
3659 4810 3756 4865 καί
3784 4878 3787 4880 _

2169 4915 2343 4980 οὕτως
2367 4913 2580 4974 ὲκείνας
2611 4906 2926 4979 δεξαίμεθα.
2960 4907 3102 4970 Ἕως
3137 4904 3182 4958 δ’
3213 4903 3279 4958 ἀν
3311 4899 3472 4959 αὗται
3499 4902 3563 4957 τὺ
3604 4904 3755 4974 ἰσχυ-

2173 5009 2266 5082 ρὸν
2301 5006 2509 5077 έχουσι,
2535 5005 2602 5074 τῇ
2633 5019 2690 5055 τε
2737 5001 2847 5053 τῶν
2907 4997 3303 5068 συνταγμάτων
3357 4995 3711 5067 λαμπρότητι
3736 5036 3753 5063 ,

2173 5099 2266 5154 καί
2303 5094 2632 5169 περιφανείᾳ
2655 5096 2722 5164 τῇ
2749 5093 2855 5147 τῶν
2879 5091 3160 5162 Πατέρων,
3194 5089 3409 5153 ἐκείνας
3455 5087 3489 5159 ἦ
3535 5087 3596 5141 ού
3651 5104 3754 5140 πα·

2182 5187 2543 5262 ραδεξαίμεοα
2560 5186 2660 5258 τὴν
2676 5183 2874 5257 ἀρχὴν,
2899 5182 3042 5237 κατά
3062 5180 3275 5235 τούτων
3291 5177 3750 5248 στρατευομένας·

2177 5282 2208 5352 ἢ
2239 5279 2544 5350 δεξάμενοι,
2577 5278 2654 5341 ὼς
2687 5277 2978 5346 σύμφωνον
2997 5273 3208 5334 τούτοις
3235 5269 3466 5339 ἐχούσας
3493 5267 3747 5328 διάνοιαν,

2180 5376 2274 5427 καὶ
2300 5371 2422 5425 κατ’
2455 5371 2610 5425 οὐδὲν
2645 5367 2956 5441 μαχομένας
2987 5362 3355 5433 ὲκδεξώμεθα.
3405 5360 3479 5414 Τὸ
3517 5360 3630 5430 γὰρ
3673 5361 3751 5421 εἰς

2177 5467 2464 5535 ἀντίφασιν
2490 5463 2783 5534 πειρᾶσθαι
2810 5461 2938 5522 τοὺς
2971 5457 3253 5526 θεολόγους
3274 5455 3450 5524 ἄγειν,
3471 5454 3564 5508 καὶ
3577 5453 3750 5521 ἀσυμ-

2181 5558 2389 5626 φώνους
2424 5555 2607 5624 σφίσιν
2638 5553 2836 5616 αὐτοὺς
2883 5547 3210 5620 γεγενῆσθαι
3253 5547 3436 5615 λέγειν
3462 5561 3474 5574 ·
3515 5544 3574 5597 ού
3631 5541 3750 5595 καθ’

2181 5649 2335 5718 ἡμῶν
2377 5650 2491 5701 ἐστι
2537 5648 2596 5701 τὸ
2645 5643 2949 5715 ἐγχείρημα
2973 5657 2986 5672 °
3024 5641 3165 5694 κατά
3194 5637 3249 5692 δὲ
3289 5639 3386 5707 τῆς
3420 5632 3756 5690 ἐκείνων-δός

1914 5852 1928 5876 τ
1982 5847 2110 5916 Sap.
2169 5865 2225 5912 ιι,
2274 5847 2355 5900 ιο.
2459 5908 2468 5916 η
