4020 6544
297 479 434 544 1309

1350 472 1648 533 CONTRA
1687 468 2005 529 NESTOB.
2048 468 2144 528 ET
2188 470 2508 532 EUTYCII.

3404 463 3541 528 11316

291 586 413 657 ξης,
445 583 649 654 μᾶλλον
675 580 732 635 δὲ
763 582 862 651 τῆς
899 580 992 634 τοῦ
1030 578 1267 643 Παύλου,
1324 580 1418 631 καί⁵
1462 578 1577 630 ἔστι
1625 575 1727 644 τῆς
1771 573 1867 627 τοῦ

1992 576 2176 644 {otium
2211 593 2322 632 non
2345 589 2430 633 est
2470 588 2665 634 contra
2689 595 2812 645 nos,
2845 580 2948 635 sed'
2965 587 3157 635 contra
3182 577 3399 632 illorum
3422 579 3540 648 glo-

292 679 451 747 ἁγίου
482 677 801 746 Πνεύματος
835 674 1144 737 αὑθεντίας,
1192 673 1287 725 καὶ
1324 672 1420 725 τοῦ
1478 673 1534 723 ὲν
1588 667 1735 739 αὑτῷ
1781 666 1874 720 λα-

290 763 513 827 λοῦντος
543 762 803 835 Χριστοῦ.
839 762 993 815 Μετὰ
1053 762 1162 832 γὰρ
1218 762 1345 824 τοὺς
1399 756 1730 820 ἀποστόλους
1779 755 1874 809 καὶ

292 858 420 920 τοὺς
462 857 769 927 προφήτας,
822 856 879 905 ὲν
908 856 974 924 τῇ
1024 852 1322 923 Ἐκκλησία
1344 851 1469 913 τοὺς
1497 846 1872 911 διδασκάλους,

294 948 438 1004 κατὰ
470 950 570 1020 τὴν
602 946 1005 1017 ἀνεξιχνίαστον
1034 945 1127 998 τοῦ
1180 944 1495 1013 Πνεύματος
1537 939 1871 1009 οἰκονομίαν,

295 1041 538 1095 τέθεικεν
570 1041 598 1093 ὀ
624 1040 776 1104 Θεὸς,
807 1040 885 1099 εἰς
914 1038 1073 1106 ἔργον
1115 1035 1438 1100 διακονοίας,
1469 1033 1549 1095 είς
1578 1028 1873 1100 οἰκοδομὴν

296 1133 391 1187 τοῦ
427 1133 674 1205 σώματος
719 1132 813 1186 τοῦ
843 1129 1100 1202 Χριστοῦ.
1135 1127 1343 1183 Οὐκοῦν
1388 1129 1416 1180 ό
1471 1125 1597 1187 τοὺς
1630 1123 1875 1192 Πατέρας

303 1225 379 1295 μὴ
411 1222 698 1293 δεχόμενος
730 1223 856 1285 τοὺς
881 1221 1157 1288 διαφανεῖς
1194 1235 1253 1271 τε
1300 1217 1395 1270 καὶ
1426 1216 1483 1268 ἐν
1520 1217 1587 1286 τῇ
1641 1212 1873 1281 Ἐκκλη-

303 1317 392 1385 σίᾳ
422 1314 515 1367 τοῦ
548 1314 681 1367 Θεοῦ
709 1313 1092 1385 περιϐοήτους,
1125 1308 1416 1383 προφανῶς
1437 1310 1504 1378 τῇ
1524 1306 1753 1376 διαταγῇ
1782 1303 1874 1356 τοῦ

300 1405 437 1459 Θεοῦ
467 1406 824 1474 ἀνθέστηκεν.

377 1497 443 1549 Τί
502 1496 680 1550 τοίνυν
740 1494 988 1565 διαφέρει
1053 1492 1210 1545 οὐσία
1277 1490 1651 1551 ὑποστάσεως,
1711 1487 1877 1557 ἤγουν

304 1588 469 1659 φύσις
492 1588 809 1660 προσώπου,
847 1588 913 1641 ἐκ
944 1586 1052 1638 τῶν
1101 1583 1353 1655 μεγάλων
1400 1581 1723 1651 φωστήρων,
1774 1577 1878 1631 Βα-

304 1682 505 1736 σιλείου
536 1699 595 1734 τε
634 1681 728 1734 καὶ
756 1680 793 1731 Γ
799 1678 1079 1751 ρηγορίου,
1132 1675 1326 1746 μαθεῖν
1390 1673 1596 1738 ἔξεστιν
1630 1689 1643 1703 ·
1681 1670 1877 1732 οἵτινες

303 1774 408 1826 ὑπὸ
442 1773 643 1828 κανόνα
704 1775 798 1826 καὶ
843 1772 965 1841 ὅρον
1007 1771 1075 1823 τά
1116 1768 1211 1821 νῦν
1256 1769 1388 1839 ἡμῖν
1431 1763 1737 1835 ζητούμενα
1781 1761 1876 1814 άν-

305 1866 535 1935 ἠγαγον,
571 1864 756 1932 σαφῶς
784 1862 1114 1927 διδάξαντες,
1142 1859 1195 1912 τί
1225 1859 1323 1929 μὲν
1368 1856 1544 1917 οὐσία,
1570 1854 1622 1907 τί
1660 1854 1713 1907 δὲ
1748 1852 1878 1905 ὑπό-

306 1976 517 2022 στασις,
557 1958 651 2012 καὶ
685 1957 759 2020 ὡς
798 1956 961 2025 φύσις
985 1954 1175 2007 ταυτόν
1208 1954 1323 2004 ἐστι
1347 1954 1415 2021 τῇ
1439 1950 1616 2020 οὐσίᾳ,
1641 1946 1877 2001 ὑπόστα-

306 2052 390 2115 σίς
432 2068 491 2105 τε
550 2050 628 2121 τῷ
688 2048 991 2120 προσώπῳ,
1049 2046 1145 2099 καὶ
1207 2044 1345 2107 πῶς,
1386 2043 1480 2095 καὶ
1531 2041 1669 2094 κατά
1720 2055 1879 2091 τινων

305 2143 478 2197 ταῦτα
538 2142 778 2211 λέγεται,
823 2141 921 2202 τάς
971 2156 1029 2193 τε
1056 2135 1398 2207 ἀντωνυμίας
1428 2134 1628 2192 αὐτῶν,
1665 2131 1757 2184 καὶ
1785 2130 1881 2198 τὴν

308 2231 685 2305 ἀντεμπλοκὴν
745 2230 982 2300 ἔμπαλιν
1035 2227 1266 2298 ἐχούσης
1318 2224 1417 2292 τῆς
1474 2220 1749 2290 θεολογίας
1813 2220 1879 2288 τῇ

308 2325 611 2396 οἰκονομίᾳ,
649 2324 791 2376 κατὰ
815 2321 912 2393 τὴν
951 2319 1058 2372 τῶν
1088 2319 1368 2387 ὀνομάτων
1401 2313 1603 2367 τούτων
1663 2309 1883 2373 ἐπεζευ-

313 2418 391 2483 ξίν
434 2434 493 2469 τε
524 2415 621 2468 κα)¹
669 2412 1008 2481 ὑπαλλαγὴν.
1056 2408 1210 2463 Μετὰ
1255 2406 1312 2459 δὲ
1373 2404 1469 2474 τὴν
1522 2402 1726 2456 τούτων
1781 2416 1885 2451 πα-

314 2508 556 2579 ράθεσιν,
597 2507 691 2559 καὶ
738 2505 865 2567 τοὺς
916 2500 1105 2563 ἄλλους
1144 2499 1319 2571 ἱεροὺς
1350 2493 1701 2553 διδασκάλους
1747 2506 1886 2559 παρα

314 2602 514 2669 άξομεν
580 2601 658 2661 είς
692 2597 854 2668 μέσον
888 2612 902 2626 ο
944 2595 1070 2664 μιᾶς
1115 2608 1216 2644 που
1256 2592 1290 2660 ἠ
1326 2587 1583 2654 δευτέρας
1617 2584 1886 2653 χρήσεως,

313 2694 410 2763 τὴν
444 2694 623 2746 πᾶσαν
652 2692 784 2759 ἡμῖν
810 2687 916 2740 τῶν
949 2684 1221 2751 θεοσόφων
1247 2679 1487 2733 διάνοιαν
1515 2672 1887 2744 παριστώσης.

327 2786 532 2839 Ἰκαναὶ
564 2782 670 2853 γὰρ
706 2781 800 2834 καὶ
831 2772 990 2832 αὗται
1022 2774 1342 2829 καταιδέσαι
1366 2768 1492 2831 τοὺς
1517 2765 1885 2833 εὐγνώμονας.

318 2882 455 2941 Τοὺς
482 2878 589 2947 γὰρ
640 2873 714 2945 μὴ
761 2870 1033 2931 τοιούτους
1080 2866 1189 2918 οὐδ’
1236 2864 1299 2917 ἂν
1329 2862 1484 2922 ὁπᾶς
1541 2857 1724 2911 πείσαι
1781 2854 1889 2906 τῶν

318 2971 488 3039 ἁγίων
527 2946 705 3039 χορὸς,
747 2966 841 3017 καὶ
881 2966 928 3015 εἰ
970 2961 1067 3023 τὰς
1094 2961 1272 3019 πάσας
1307 2953 1484 3009 αὐτῶν
1533 2952 1629 3006 καὶ
1679 2946 1889 3019 ἁθρόως

322 3060 702 3127 ἐξαντλοῦντες
732 3054 1094 3127 καταχέοιμεν
1126 3048 1493 3109 διδασκαλίας.

1976 667 2134 732 riam,
2170 666 2280 721 imo
2315 684 2449 723 vero
2494 679 2687 723 contra
2719 669 2986 735 Paulum,
3021 679 3077 723 et
3125 668 3307 723 adhuc
3354 674 3546 721 contra

1976 759 2213 829 Spiritus
2239 761 2413 815 sancti
2455 760 2837 815 auctoritatem
2865 802 2878 826 ,
2923 768 2975 814 et
3008 759 3283 814 Christum
3339 756 3434 828 qui
3487 756 3540 809 in

1976 849 2146 904 Paulo
2176 849 2496 920 loquebatu:
2554 891 2567 904 .
2600 851 2729 905 Post
2748 851 2896 904 enim
2925 849 3199 919 apostolos
3229 856 3284 903 et
3307 847 3542 919 prophe-

1978 949 2061 995 tas
2085 979 2099 1002 ,
2134 940 2391 996 doctores
2423 942 2607 1011 posuit
2661 942 2714 995 in
2755 941 2998 996 Ecclesia
3048 942 3194 995 Deus
3239 939 3543 1009 secundum

1976 1032 2377 1102 providentiam
2408 1032 2646 1102 Spiritus
2686 1032 2861 1086 sancti
2892 1032 3402 1101 incomprehensam
3426 1069 3442 1093 ,
3487 1030 3543 1082 in

1976 1139 2117 1192 opus
2149 1124 2464 1189 ministerii,
2495 1124 2561 1177 ad
2597 1123 3017 1179 aediﬁcationem
3042 1122 3291 1193 corporis
3315 1120 3543 1175 Christi.

1977 1211 2156 1277 Quare
2180 1214 2273 1283 qui
2302 1214 2493 1269 Patres
2528 1214 2651 1268 illos
2696 1230 2807 1268 non
2839 1213 3036 1283 recipit
3067 1214 3161 1283 qui
3205 1213 3261 1266 in
3301 1211 3544 1266 Ecclesia

1978 1302 2111 1355 clari
2146 1312 2201 1356 et
2242 1304 2489 1358 celebres
2531 1314 2678 1368 sunt,
2706 1305 2868 1374 plane
2896 1303 3230 1358 ordinationi
3259 1310 3316 1358 et
3340 1301 3543 1357 consti-

1982 1393 2177 1448 tutioni
2204 1395 2300 1449 Dei
2326 1396 2552 1450 resistit.

2047 1484 2188 1551 Quid
2217 1501 2347 1556 ergo
2376 1486 2681 1542 substantia
2728 1488 2798 1541 ab
2835 1488 3125 1557 hypostase
3175 1483 3396 1539 diﬂ‘erat
3421 1523 3435 1546 ,
3492 1482 3548 1537 id

1978 1586 2063 1632 est
2094 1588 2288 1632 natura
2337 1594 2367 1631 a
2394 1593 2646 1647 persona,
2686 1595 2754 1634 ex
2788 1576 3325 1648 magnisluminibus
3349 1573 3547 1629 Basilio

1978 1676 2034 1722 et
2060 1667 2323 1738 Gregorio
2362 1669 2488 1721 licet
2509 1668 2758 1733 discere;
2790 1667 2884 1737 qui
2917 1667 3019 1721 sub
3063 1666 3305 1737 regulam
3332 1672 3389 1719 et
3408 1662 3545 1718 deﬁ-

1981 1759 2271 1819 nitionem,
2295 1776 2417 1829 quae
2450 1775 2597 1814 nunc
2628 1760 2925 1829 quaerimus
2968 1757 3341 1819 reduxerunt,
3398 1754 3546 1809 clare

1980 1859 2036 1906 et
2068 1850 2327 1905 distincte
2353 1850 2633 1915 docentes,
2665 1850 2800 1919 quid
2833 1849 3161 1913 substantia,
3203 1856 3260 1902 et
3293 1845 3423 1915 quid
3456 1845 3546 1914 hy-

1981 1943 2236 2013 postasis,
2267 1952 2322 1996 et
2344 1941 2490 2012 quod
2525 1950 2722 1997 natura
2752 1941 2893 1996 idem
2922 1950 3006 1996 est
3043 1940 3189 2009 quod
3220 1937 3543 1999 substantia,

1984 2036 2129 2090 idem
2152 2033 2458 2106 hypostasis
2478 2042 2534 2089 et
2560 2049 2815 2103 persona,
2846 2041 2902 2086 et
2923 2032 3221 2100 quomodo,
3244 2039 3299 2083 et
3326 2029 3393 2083 de
3426 2028 3549 2097 qui-

1982 2125 2086 2180 bus
2119 2126 2236 2179 baec
2261 2125 2542 2179 dicuntur.
2600 2124 2668 2177 Et
2699 2122 2842 2191 quod
2876 2121 3119 2175 Trinitas
3164 2120 3310 2191 (26)
3358 2126 3548 2173 contra

1984 2228 2147 2287 atque
2180 2215 2488 2271 incarnatio
2528 2214 2695 2268 habet
2733 2212 3081 2283 pronomina,
3128 2221 3183 2265 ct
3211 2208 3548 2277 complexio-

1986 2326 2110 2365 nem
2140 2308 2439 2363 seeundum
2468 2305 2877 2377 adjunctionem
2898 2312 2963 2373 et
2984 2301 3341 2357 variationem
3372 2299 3549 2353 nomi—

1984 2418 2137 2455 num.
2170 2402 2297 2455 Post
2340 2400 2478 2453 banc
2525 2395 2990 2466 comparationem
3019 2434 3033 2458 ,
3076 2390 3442 2461 producemus
3498 2387 3552 2440 in

1986 2492 2225 2547 medium
2252 2491 2388 2545 alios
2405 2504 2590 2543 sacros
2614 2488 2891 2547 doctores,
2914 2500 3019 2538 una
3044 2492 3139 2537 aut
3172 2482 3339 2535 altera
3367 2487 3555 2532 aucto-

1985 2585 2145 2638 ritate
2171 2582 2421 2645 recitata,
2446 2596 2568 2649 quas
2594 2588 2761 2632 totam
2796 2584 3032 2629 mentem
3059 2583 3371 2627 sanctorum
3396 2567 3557 2622 nobis

1986 2678 2057 2731 ob
2085 2676 2272 2729 oculos
2303 2682 2491 2742 ponat.
2532 2671 2624 2725 Hae
2654 2669 2801 2724 enim
2837 2666 3116 2721 sulliciunt
3148 2659 3469 2718 reverentiae
3502 2665 3558 2711 et

1996 2766 2190 2838 pudori
2224 2764 2601 2834 prudentium.
2628 2760 2762 2814 Nam
2786 2758 2878 2827 qui
2905 2773 3015 2811 non
3041 2754 3247 2809 fuerint
3272 2752 3425 2813 tales,
3458 2764 3559 2802 nec

1998 2856 2290 2909 universus
2311 2861 2486 2907 emtas
2502 2858 2815 2904 sanctorum
2832 2846 2911 2900 eis
2927 2842 3297 2914 persuadebit,
3312 2836 3561 2908 quamvis

1996 2963 2186 3005 omnes
2220 2959 2410 3003 eorum
2441 2942 2723 3001 doctrinas
2752 2938 3091 3003 bauriamus,
3134 2944 3191 2989 et
3224 2933 3280 2987 in
3318 2931 3451 2988 istos
3484 2928 3564 2984 cf-

1938 3098 1965 3117 Ἴ
1999 3040 2313 3095 fundamus.

400 3268 471 3328 In
501 3236 773 3327 editione
847 3260 1059 3323 Latina
1089 3254 1325 3319 Leontii
1361 3255 1710 3331 sequuntur
1737 3247 1947 3309 multm
1977 3246 2229 3305 Patrum
2264 3236 3146 3301 auctoritates.Verumtamen
3177 3245 3320 3291 cum
3348 3226 3567 3303 legan-

326 3379 424 3434 tur
458 3370 585 3431 sive
614 3368 676 3428 in
699 3365 996 3445 Operibus
1028 3365 1275 3423 Patrum
1309 3376 1343 3420 a
1376 3356 1556 3419 nobis
1582 3355 1713 3433 jam
1758 3351 1959 3423 editis,
2010 3347 2139 3409 sive
2173 3345 2238 3406 in
2270 3341 2540 3406 concilio
2568 3334 3060 3401 Chalcedonensi
3090 3332 3190 3394 ed.
3222 3334 3401 3392 Rom.
3446 3332 3565 3388 act.

330 3489 415 3545 IV,
454 3475 611 3550 part.
659 3485 751 3540 ιιι,
805 3465 972 3545 quod
1012 3464 1078 3523 in
1112 3460 1531 3523 Conciliorum
1571 3454 1846 3516 editione
1902 3466 2115 3513 sumus
2169 3445 2414 3518 edituri,
2447 3439 2775 3504 minuendi
2821 3434 3155 3499 voluminis
3185 3429 3400 3510 gratia,
3430 3425 3570 3508 ple-

329 3531 554 3649 rasque
582 3567 717 3628 illas
745 3531 1144 3628 auctoritates
1174 3561 1273 3622 hic
1312 3559 1680 3629 omittimus,
1712 3552 1930 3633 paucis
1958 3546 2297 3612 admodum
2328 3542 2585 3607 retentis
2622 3557 2778 3621 quas
2810 3536 2911 3598 hic
2950 3531 3335 3612 subjicimus.

334 3768 605 3837 Πρόκλου
656 3767 994 3837 ἐπισκόπου
1060 3760 1753 3837 Κωνστᾳντιγοοπόλεως
1811 3757 1897 3820 εις

612 3839 702 3901 τὸ,
743 3855 761 3886 ι
803 3834 1054 3889 Παιδίον
1075 3834 1369 3903 ἐγεννήθη
1396 3832 1560 3901 ἡμῖν.
1594 3849 1612 3881 ι

416 3971 475 4023 '0
508 3969 669 4032 αὐτὸς
701 3967 916 4039 άληθῶς
948 3966 1080 4030 Θεὸς
1113 3968 1207 4021 καὶ
1232 3964 1475 4035 ἀψευδῶς
1497 3963 1800 4033 ἄνθρωπος,
1828 3958 1904 4029 τῷ

338 4062 515 4134 Ila-cpt
565 4060 685 4115 καθ’
714 4060 742 4114 ὃ
790 4058 856 4131 ἦν
921 4059 1230 4131 ὁμοούσιος,
1266 4058 1360 4111 καὶ
1414 4057 1537 4126 ἐμοὶ
1594 4053 1716 4108 καθ’
1747 4052 1774 4105 ὃ
1817 4050 1909 4120 γέ-

338 4171 494 4224 γονεν
523 4152 649 4224 ἄνευ
681 4153 957 4222 ἁμαρτίας
982 4150 1280 4222 ὁμόφυλος,
1375 4148 1495 4203 θεία
1540 4145 1701 4216 φύσις
1754 4145 1911 4198 ἄκτι-

341 4263 486 4311 στος,
520 4247 552 4315 ἡ
583 4245 640 4309 ἐξ
697 4244 831 4315 ἐμοῦ
896 4242 1307 4315 προσληφθεῖσα
1350 4237 1783 4303 ἀνόθευτος,καὶ
1836 4230 1915 4298 εἷς
2011 4229 2097 4278 εει

342 4342 490 4393 ἐστιν
541 4338 688 4401 Υἱὸς,
744 4337 805 4390 οὑ
872 4337 980 4390 τῶν
1046 4336 1262 4405 φύσεων
1324 4334 1402 4397 είς
1452 4331 1544 4385 δύο
1588 4328 1917 4391 ὑποστάσεις
2016 4329 2158 4369 unus
2192 4319 2275 4365 εει

1824 4381 1916 4473 δύᾷ
2017 4414 2194 4460 stases
2235 4398 2466 4463 divisis;
2499 4394 2594 4450 sed
2626 4388 2893 4461 stupenda
2930 4381 3307 4440 incarnatione
3360 4383 3587 4431 naturas

1945 4491 1988 4545 Ι)
2018 4498 2155 4552 duas
2194 4496 2248 4549 in
2279 4505 2441 4547 uuam
2476 4485 2821 4560 hypostasim
2859 4480 3103 4534 uniente.

342 4429 756 4500 διαιρουμένων,
793 4429 937 4484 ἀλλὰ
957 4430 1057 4497 τῆς
1088 4430 1319 4500 φρικτῆς
1351 4423 1669 4490 οἰκονομίας
1692 4421 1789 4485 τὰς

345 4520 529 4591 φύσεις
554 4522 632 4582 είς
669 4518 794 4590 μίαν
825 4520 1119 4573 ὑπόστασιν
1146 4515 1424 4585 ὲνωσάσης
1465 4513 1601 4584 (25).

359 4656 470 4713 Τοῦ
495 4654 667 4725 ἁγίου
686 4650 1403 4725 Εὶρηναίουηὲπισκόπου
1429 4642 1785 4716 Λουγδώνου
1815 4641 1914 4696 καὶ

970 4721 1289 4791 μάρτυρος.

427 4835 636 4905 Ὥσπερ
676 4831 782 4902 γὰρ
815 4833 847 4902 ἡ
883 4830 1134 4894 κιϐωτὸς,
1159 4828 1560 4899 κεχρυσωμένη
1591 4824 1794 4878 ἔσωθεν
1823 4824 1918 4876 καλ⁸

353 4927 548 4993 ἔξωθεν
570 4923 776 4996 χρυσίῳ
810 4920 1038 4992 καθαρῷ
1064 4917 1152 4992 ἦν,
1191 4919 1335 4973 οὕτω
1366 4920 1458 4972 καὶ
1483 4918 1542 4970 τὸ
1569 4915 1660 4969 τοῦ
1682 4912 1919 4985 Χριστοῦ

359 5017 518 5087 σῶμα
547 5014 783 5086 καθαρὸν
804 5009 874 5084 ἦν
899 5012 995 5066 καὶ
1022 5011 1240 5080 διαυγές
1261 5026 1273 5037 ·
1306 5006 1510 5062 ἔσωθεν
1557 5008 1655 5077 μὲν
1681 5005 1760 5075 τῷ
1783 5003 1926 5072 λόγῳ

430 5217 452 5247 ⁸
490 5216 690 5285 Ephcs.
722 5233 798 5281 tv,
828 5215 915 5281 11,
952 5212 1036 5267 ιε.
1096 5222 1117 5253 ο
1149 5214 1248 5267 lsa.
1281 5228 1354 5276 ιχ,
1406 5210 1459 5264 6.

2002 3746 2221 3803 Proetus
2261 3733 2893 3853 ϐοηιιιιιηιὶηοροίὶιηὲιιιε⁹
2910 3730 2963 3781 in
3001 3724 3135 3780 illud
3160 3739 3178 3777 :
3212 3740 3230 3773 ι
3258 3720 3399 3774 Puer
3420 3725 3575 3771 natus

2599 3813 2673 3853 est
2705 3820 2770 3853 uo
2807 3817 2849 3852 ts
2904 3839 2915 3851 .
2954 3818 2972 3847 ι

2599 3813 2673 3858 est
2705 3813 2849 3855 notus
2875 3813 2915 3851 '.
2954 3818 2972 3847 ι

2076 3950 2197 4017 lpse
2226 3958 2351 3999 vere
2381 3942 2527 3996 Deus
2548 3979 2561 4002 ,
2610 3943 2665 3989 et
2712 3946 2841 3987 vere
2872 3930 3037 3983 homo
3060 3966 3073 3989 ,
3105 3922 3276 3986 Patri,
3306 3927 3579 3990 quatenus

2009 4010 2148 4104 erat,
2185 4027 2716 4093 consubstantialis;
2772 4032 2827 4078 et
2870 4018 3003 4075 mihi
3031 4059 3044 4082 ,
3104 4025 3375 4086 quatenus
3403 4010 3581 4065 factus

2010 4140 2094 4187 est
2145 4132 2263 4184 sine
2317 4130 2565 4195 peccato,
2615 4115 2858 4189 ejusdem
2897 4119 3139 4174 natura};
3171 4105 3355 4160 divina
3387 4108 3582 4156 natura

2128 4222 2410 4280 increata;
2448 4227 2569 4282 qua:
2598 4226 2663 4265 ex
2705 4222 2791 4261 me
2819 4211 3030 4273 sumpta
3074 4205 3177 4264 est,
3217 4195 3483 4267 legitima,
3528 4199 3583 4247 et

2302 4307 2494 4371 Filius,
2530 4319 2641 4358 non
2679 4299 2894 4356 duabus
2925 4293 3137 4349 naturis
3166 4291 3220 4344 in
3249 4289 3384 4343 duas
3413 4286 3587 4355 hypou

2126 4626 2310 4683 Sancti
2348 4621 2561 4682 Ireuau',
2594 4613 2820 4687 episcopi
2851 4608 3095 4680 Lugdun.
3128 4611 3178 4658 et
3210 4598 3481 4671 martyris.

2095 4821 2247 4876 Sicut
2279 4817 2425 4872 enim
2471 4828 2598 4869 arca
2644 4817 2836 4864 aurata
2868 4813 2989 4861 erat
3016 4803 3168 4857 intus
3196 4808 3252 4854 et
3276 4804 3431 4851 extra
3458 4806 3593 4847 auro

2027 4927 2167 4983 puro
2194 4952 2207 4976 ,
2268 4909 2349 4963 sic
2386 4920 2589 4976 corpus
2622 4899 2827 4958 Christi
2867 4909 3066 4968 purum
3098 4899 3216 4947 erat
3244 4898 3299 4944 et
3340 4886 3592 4983 fulgens;

2034 4972 2431 5068 intus'quidem
2458 4972 2637 5048 Verbo
2674 4989 2990 5044 decoratum
3008 5025 3022 5051 ,
3055 4989 3209 5039 extra
3237 4993 3366 5034 vero
3387 4972 3595 5045 Spiritu

435 5421 571 5492 (25)
606 5421 761 5475 Deest
790 5420 895 5473 hoc
924 5418 1065 5473 inter
1091 5418 1389 5488 fragmenta
1424 5414 1601 5470 Procli
1631 5430 1658 5467 a
1693 5409 1978 5467 Gallandio
2011 5409 2240 5464 collecta
2270 5405 2333 5461 Β.
2366 5403 2477 5460 PP.
2509 5411 2547 5456 t.
2575 5401 2667 5464 IX,
2696 5414 2750 5468 ρ.
2778 5398 2900 5452 705.

433 5622 734 5698 (26)_Adde
779 5641 792 5676 :
823 5620 1149 5692 pronomina
1172 5626 1345 5698 ἐιιΕι,
1365 5633 1486 5698 (tua;
1517 5622 1797 5698 ponuntur
1831 5628 1930 5698 pro

368 5684 686 5752 no‘minibus
739 5684 1137 5763 personarum;
1172 5690 1225 5763 in
1256 5684 1546 5763 Trinitate
1571 5695 1655 5740 est
1690 5684 1831 5763 alius
1874 5691 1930 5736 ct

368 5767 531 5827 alius,
558 5762 654 5817 sed
684 5753 791 5815 non
828 5760 975 5814 aliud
995 5770 1050 5815 et
1072 5758 1241 5822 aliud,
1283 5767 1337 5811 et
1380 5765 1464 5812 est
1495 5756 1602 5827 hic,
1629 5763 1684 5808 et
1720 5753 1931 5827 iste,_et

372 5824 578 5889 illezin
611 5831 984 5886 incarnatione
1026 5836 1237 5889 contra,
1264 5843 1372 5881 non
1416 5835 1500 5880 est
1549 5825 1661 5879 haec
1695 5824 1933 5889 comple-

372 5905 479 5963 ιίο.
513 5909 593 5958 est
616 5901 753 5957 alius
801 5910 855 5955 et
894 5901 1053 5963 alius,
1091 5898 1183 5953 sed
1218 5906 1299 5952 est
1342 5896 1491 5951 aliud
1540 5906 1591 5949 et
1617 5893 1784 5956 aliud,
1834 5907 1933 5945 nec

2036 5620 2119 5667 est
2141 5611 2230 5665 hic
2267 5610 2426 5672 Deus,
2458 5617 2514 5662 et
2543 5606 2631 5660 ille
2654 5597 2966 5672 homo,sed
2994 5596 3108 5672 ipse
3130 5593 3273 5672 idem
3333 5596 3416 5643 est
3464 5585 3608 5672 Deus

2036 5662 2463 5745 $156.6;th
2507 5676 2586 5732 sic
2624 5676 2676 5728 in
2704 5662 3150 5745 Trinitatefhie
3178 5664 3340 5718 Pater
3385 5672 3492 5745 non
3519 5662 3608 5745 est

2040 5734 2373 5822 ipsevFiliu's,
2414 5760 2519 5822 etc.
2543 5763 2557 5810 ;
2584 5745 2638 5822 in
2668 5742 2776 5797 alio
2811 5742 2931 5796 loco
2954 5742 3111 5793 vocat
3138 5734 3253 5789 haec
3284 5734 3611 5800 pronomina

2041 5815 2202 5877 voces
2230 5818 2572 5875 indicativus.
2598 5815 2733 5868 Tt’e.
