4068 6552
441 4007 451 4067 a

441 4075 455 4155 ἑ

501 445 635 513 1315

550 548 818 628 Antiochi,
848 558 1079 632 episcopi
1119 532 1482 632 Ptolemgidis.
1515 557 1688 630 Hujus
1715 554 2050 614 auctoritatis
2114 561 2164 618 Α

1031 628 1269 685 meminit
1297 628 1423 702 Cyri
1429 629 1552 683 llus.

567 746 649 802 No
677 743 984 802 confundas
1010 751 1257 809 naturas,
1278 751 1335 799 et
1354 758 1468 798 non
1499 743 1748 814 torpebis
1764 743 1918 799 circa
1939 756 2088 797 ceco-

501 838 777 903 nomiam,
826 837 884 893 id
912 845 1044 902 est,
1098 835 1428 908 mysterium
1459 834 1879 890 incarnationis.
1937 833 2087 888 Tene

501 931 674 986 Deum
708 948 722 984 :
761 930 946 986 tribue
976 929 1111 993 Deo.
1140 944 1262 999 quae
1305 943 1434 983 eum
1475 929 1698 983 decent.
1746 926 1951 995 Recipe
1983 924 2088 979 hu-

501 1021 820 1078 manitatem
850 1041 863 1077 :
895 1021 1054 1077 reddi
1082 1021 1438 1086 humanitati,
1465 1036 1593 1090 qua:
1627 1035 1748 1075 eam
1791 1018 2009 1074 decent.

1031 1135 1301 1192 Sclzolium
1331 1136 1556 1190 Leontii.

571 1253 630 1307 In
664 1252 924 1307 omnibus
953 1249 1339 1321 superioribus
1381 1249 1720 1311 studuimus,
1765 1255 1827 1302 ut
1871 1247 1927 1300 in
1964 1259 2084 1300 me-

500 1345 652 1400 dium
686 1343 1015 1423 aﬂ‘erremus
1057 1341 1418 1397 auctoritates
1451 1350 1510 1396 et
1542 1341 1689 1396 beati
1729 1338 1920 1411 Cyrilli
1968 1337 2082 1411 (57)

500 1445 557 1492 et
584 1437 808 1492 Patrum
835 1435 928 1506 qui
949 1450 1075 1490 eum
1105 1440 1546 1498 antecesserunt,
1579 1448 1702 1502 quae
1735 1440 1904 1487 totam
1932 1447 2088 1486 men-

500 1539 612 1586 tem
651 1530 770 1601 ejus
800 1537 853 1583 et
895 1527 1291 1583 conﬁrmarent
1335 1534 1393 1581 et
1425 1527 1931 1596 interpretarentur
1967 1541 1980 1577 :
2025 1532 2086 1578 ut

501 1624 677 1678 sciant
712 1637 924 1683 omnes,
955 1619 1100 1689 quod
1127 1634 1230 1674 nec
1258 1617 1400 1689 ipse,
1425 1633 1529 1673 nec
1556 1617 1698 1672 alius
1726 1632 1795 1671 ex
1827 1615 2085 1670 Patribus

499 1713 636 1768 illud
681 1729 749 1769 ex
801 1712 1019 1767 duobus
1074 1719 1169 1765 aut
1211 1727 1279 1766 ex
1337 1710 1607 1765 ambobus
1654 1708 1722 1764 ad
1771 1707 2082 1778 negandum

497 1821 625 1861 eum
663 1805 756 1876 qui
794 1812 910 1860 erat
935 1805 991 1859 in
1024 1804 1262 1868 duobus,
1299 1801 1578 1858 dixerunt.
1613 1800 1798 1856 Multis
1837 1800 1985 1855 enim
2026 1799 2081 1852 in

1756 445 2069 507 LEONTII
2109 444 2483 506 BYZANTIN
2489 444 2516 504 Ι

2312 556 2614 624 Ἀντιόχου
2641 554 2984 610 ἐπισκόπου
3009 551 3416 624 Πτολεμαΐδος
3444 551 3582 624 (58)ν
3607 546 3686 624 ἧς

2334 624 2612 696 χρήσεως
2644 624 2916 694 ἐμνήσθη
2941 628 2973 680 ὁ
2987 624 3282 696 μακάριος
3307 624 3628 693 Κύριλλος.

2258 737 2354 807 Μὴ
2387 736 2630 811 συγχέῃς
2674 737 2777 803 τὰς
2820 738 3034 808 φύσεις,
3064 739 3158 793 καὶ
3191 739 3252 792 οὐ
3283 737 3781 812 ναρκήσειςοπερὶ

2186 829 2287 902 τὴν
2322 829 2668 900 οἰκονομίαν·
2709 831 2898 902 κράτει
2929 831 3022 885 τὸν
3045 830 3201 896 Θεὸν,
3221 830 3365 885 δίδου
3393 831 3466 886 τὰ
3487 830 3780 902 πρέποντα

2185 922 2266 994 τῷ
2310 921 2434 992 Θεῷ
2458 938 2472 954 ·
2512 922 2668 994 δέχου
2697 922 2758 976 τὸ
2788 922 3159 996 ἀνθρώπινον,
3190 922 3334 978 δίδου
3370 924 3440 979 τὰ
3489 923 3781 994 πρέποντα

2186 1016 2253 1085 τῇ
2280 1013 2685 1086 ἀνθρωπότητι.

2656 1131 2920 1198 Σχόλιον
2988 1131 3301 1184 Λεοντίου.

2272 1239 2396 1294 Ἐπὶ
2439 1241 2576 1294 πᾶσι
2619 1239 2676 1294 δὲ
2725 1242 2840 1304 τοῖς
2867 1240 3376 1312 προηγησαμένοις,
3409 1239 3504 1294 καὶ
3529 1237 3626 1292 τοῦ
3663 1257 3777 1310 μαο

2187 1327 2382 1398 καρίου
2441 1327 2712 1400 Κυρίλλου
2773 1328 3142 1398 βεϐαιωτικὰς
3191 1329 3304 1382 τῶν
3359 1346 3422 1382 τε
3467 1329 3576 1401 πρὸ
3602 1330 3775 1383 αὑτοῦ

2186 1418 2469 1490 Πατέρων,
2500 1419 2596 1472 καὶ
2619 1419 3028 1490 ὲρμηνευτικὰς
3052 1419 3154 1489 τῆς
3178 1419 3309 1491 ὅλης
3336 1418 3503 1472 αὐτοῦ
3529 1419 3776 1481 διανοίας

2188 1510 2532 1582 παραθέσθαι
2599 1511 3055 1581 ἐσπουδάσαμεν⁹
3089 1513 3177 1565 ἵνα
3231 1511 3439 1580 γνῶσιν
3503 1511 3585 1564 ὅτι
3643 1510 3772 1564 οὔτε

2185 1602 2368 1668 αὐτὸς,
2404 1600 2532 1656 οὔτε
2560 1621 2645 1666 τις
2669 1605 2858 1676 ἔτερος
2884 1605 2996 1658 τῶν
3027 1605 3311 1673 ῐιατέρων,
3338 1603 3423 1668 τὸ,
3452 1604 3518 1658 ἐκ
3537 1602 3633 1657 δύο
3655 1603 3688 1674 ἦ
3712 1605 3775 1655 τὸ

2185 1693 2243 1761 ἐξ
2299 1694 2540 1765 ἀμφοῖν,
2577 1695 2666 1748 ἐπ’
2715 1696 2998 1768 ἀναιρέσει
3046 1695 3165 1763 τοῦ,
3203 1697 3260 1750 ὲν
3306 1696 3419 1761 δύο,
3459 1697 3768 1767 εἰρήκασιν.

2186 1786 2463 1857 Πολλαχοῦ
2492 1787 2613 1859 ηγάρ
2663 1790 2806 1844 κατά
2852 1790 2956 1860 τῆς
2985 1790 3307 1863 διαιρέσεως
3336 1790 3636 1860 Νεστορίου
3664 1807 3769 1860 μα-

503 1897 639 1954 locis
672 1896 1014 1952 contendens
1046 1895 1311 1950 adversus
1339 1894 1668 1949 divisionem
1710 1891 1946 1949 Nestorii
1979 1907 2077 1962 po-

2186 1881 2417 1951 χόμενος
2443 1921 2456 1944 ,
2485 1882 2547 1935 οὐ
2582 1884 2744 1951 μόνον
2795 1882 2866 1936 τὰ
2897 1883 2966 1949 ἐξ
2985 1877 3072 1938 ὧν
3109 1883 3381 1948 τέθεικεν,
3411 1881 3550 1936 ἀλλά
3577 1882 3670 1935 καὶ⁵
3700 1883 3765 1953 τῇ

498 1990 609 2044 suit
635 2005 746 2044 non
779 1988 979 2051 solum,
1007 2003 1074 2042 ex
1109 1987 1331 2062 quibus,
1362 1985 1458 2041 sed
1495 1986 1551 2040 in
1592 1983 1981 2056 prmpositione
2021 1983 2076 2035 in

2186 1973 2253 2062 έν
2277 1973 2534 2042 προθέσει
2561 1973 2649 2026 ἐπ’
2680 1975 3016 2047 ἀμφοτέρων
3038 1977 3334 2046 ἐχρήσατο.
3357 1974 3432 2038 ὡς
3457 1973 3686 2027 αὐτόθεν
3707 1971 3767 2038 ἐξ

499 2083 790 2152 utriusque
838 2080 1055 2135 naturis
1105 2095 1240 2134 usus
1287 2087 1394 2140 est,
1443 2085 1501 2132 ut
1545 2093 1611 2132 ex
1655 2075 2078 2131 auctoritatibus

2186 2055 2262 2116 ὧν
2307 2061 2660 2134 ὑπετάξαμεν
2699 2064 2870 2118 αὐτοῦ
2914 2066 3189 2136 χρήσεων,
3232 2064 3362 2136 ῥᾷόν
3389 2065 3508 2118 ἐστι
3551 2060 3766 2133 μαθεῖν.

497 2174 619 2244 ejus
667 2187 791 2243 qua:
841 2171 1247 2243 subjunximus,
1297 2169 1455 2224 facile
1500 2176 1584 2223 est
1628 2167 1963 2237 perspicere.
2017 2167 2077 2220 In

2197 2154 2314 2223 Ἐφ’
2349 2155 2523 2209 ἅπασι
2578 2155 2636 2207 δὲ
2684 2155 2850 2210 αὑτοῦ
2877 2159 2990 2220 τοῖς
3026 2155 3211 2224 λόγοις
3243 2153 3354 2208 τῶν
3381 2156 3639 2225 χρήσεων
3667 2152 3770 2216 τὰς

499 2263 758 2318 omnibus
793 2271 977 2318 autem
1024 2260 1379 2316 sermonibus
1415 2261 1536 2330 ejus
1575 2274 1669 2314 eas
1727 2266 1942 2312 tantum
1976 2272 2077 2311 au-

2186 2245 2626 2317 ἀναμφιλέκτως
2657 2247 2848 2318 μόνας,
2886 2247 2954 2313 ἃς
2993 2247 3127 2330 ,οὐδὲ
3174 2247 3438 2319 μανέντες
3477 2263 3771 2319 παρερμη-

499 2355 808 2420 ctoritates,
832 2370 954 2424 quae
991 2353 1130 2407 nihil
1174 2351 1328 2407 dubii
1366 2351 1595 2415 habent,
1626 2359 1682 2404 et
1708 2365 1847 2420 quas
1869 2365 1974 2404 nec
1996 2349 2082 2403 in-

2186 2338 2374 2393 νεῦσαι
2405 2338 2748 2411 δυνήσονται,
2781 2340 3126 2414 παραθέσθαι
3150 2340 3594 2410 ἐσπουδάσαμεν.

497 2447 618 2500 sani
677 2461 844 2517 prave
887 2443 1246 2514 interpretari
1299 2451 1601 2512 poterunt,
1664 2439 1864 2495 afferre
1914 2453 2076 2494 cura-

499 2551 700 2592 vnmus.

567 2652 760 2709 Allatis
791 2652 990 2708 iterum
1021 2649 1273 2722 pluribus
1309 2647 1485 2704 sancti
1513 2645 1703 2719 Cyrilli
1727 2616 2060 2701 testimoniis
2085 2660 2227 2716 quae,
2260 2643 2388 2713 quia
2420 2645 2477 2699 in
2511 2653 2676 2702 editis
2715 2658 2987 2718 prostant,
3021 2652 3496 2720 praetermisimus,
3524 2654 3767 2724 primum

499 2747 649 2803 hunc
677 2747 881 2801 librum
925 2745 1005 2800 sic
1042 2741 1324 2800 concludit
1387 2741 1652 2796 Leontius
1685 2757 1697 2794 :
1741 2758 1760 2790 ι
1788 2739 2066 2813 Hactenus
2109 2739 2433 2804 confutatio,
2476 2747 2533 2794 et
2570 2743 2785 2796 eversio
2819 2745 3095 2798 contraria
3131 2744 3372 2801 Nestorii
3416 2755 3474 2802 et
3505 2746 3770 2817 Eutychis

498 2837 739 2894 ﬁctionis
769 2845 827 2892 et
864 2835 1201 2907 Opinationis
1245 2835 1392 2890 circa
1429 2831 1775 2888 divinitatem
1813 2830 2022 2887 Christi
2055 2840 2112 2886 et
2148 2831 2572 2886 humanitatem.
2604 2849 2624 2883 ι

567 2996 880 3069 (57),Ει·οῃῑ
926 2995 1019 3066 qui
1045 2992 1726 3069 Cyrillum___accusabant_
1751 2994 1807 3046 in
1845 2991 1952 3069 hoc
1977 2991 2074 3044 do-
2101 2995 2142 3053 C
2175 2993 2269 3062 qui
2295 3009 2392 3048 eos
2435 2992 2738 3069 confutavit
2765 3010 2904 3069 non‘
2935 2995 3248 3069 intelligens
3275 3032 3290 3065 ,
3321 3007 3378 3054 et
3415 3013 3525 3052 non
3568 3000 3766 3069 paucis

497 3062 698 3139 gmaté,
737 3066 882 3139 unde
896 3062 1127 3139 inécess'e
1159 3064 1263 3119 fuit
1307 3064 1385 3139 illi
1417 3079 1547 3139 suos
1581 3062 2069 3139 anathematismos
2177 3073 2446 3139 suaserat,
2476 3064 2618 3117 inale
2635 3065 2842 3139 sentire
2866 3062 3308 3139 Cyrillun'i._CAa.

497 3131 703 3208 alioqui
729 3137 1030 3209 catholieos
1081 3144 1270 3209 contra
1323 3133 1637 3209 Nestorium
1665 3131 2066 3209 interpretari,
2251 3133 2374 3209 (381
2404 3133 2569 3209 Lege,
2610 3134 2868 3209 silube_t_,_
2896 3131 2964 3192 de
2995 3137 3101 3193 hoc
3137 3137 3409 3209 Antiocho
3453 3151 3576 3209 qua
3611 3138 3758 3194 dixi-

495 3201 642 3277 quos
666 3207 805 3262 male
831 3206 1057 3276 quidam
1085 3203 1494 3274 intelligebant,
1553 3211 1612 3256 ut
1665 3201 2065 3266 Theodoretus,
2175 3216 2300 3258 mus
2333 3201 2531 3274 Script.
2558 3213 2683 3270 vet.,
2711 3213 2749 3259 t.
2779 3205 2892 3270 VII,
2931 3222 2985 3276 p.
3009 3210 3097 3273 87,
3126 3209 3179 3262 in
3201 3207 3329 3262 adn.

1893 3573 2258 3662 ΛΟΓΟΣ
2333 3579 2410 3661 B'

777 3755 958 3808 ΠΡΟΣ
1001 3755 1179 3809 ΤΟΥΣ
1220 3754 1314 3808 ΕΚ
1364 3752 1502 3808 ΤΩΝ
1553 3731 1936 3808 ΗΜΕΤΕΡΩΝ
1985 3750 2544 3819 ΠΡΟΣΘΕΜΕΝΟΥΣ
2595 3754 2688 3827 Τῌ
2739 3754 3308 3831 ΚΛΤΕΦΘΔΡΜΕΝῌ
3365 3758 3502 3812 ΤΩΝ

1416 3864 1418 3866 ⁷
1792 3841 2482 3900 ΑΦΘΑΡΤΟΔΟΚΗΤΩΝ.“

2081 3982 2156 3998 —

1599 4129 1959 4217 LIBER
2028 4128 2643 4221 SECUNDUS

599 4327 902 4389 CONTRA
941 4325 1160 4387 ILLOS
1197 4326 1243 4397 E
1282 4324 1612 4387 NOSTRIS
1663 4325 1802 4396 QUI
1842 4322 3166 4478 Caglélgl'fﬁN'rlNCORRUPTICOLARUM
3206 4334 3650 4398 SENTENTIE

1604 4565 1754 4634 (MAI,
1781 4563 2034 4637 Spicileg.
2071 4565 2224 4621 Rom.
2257 4575 2295 4620 t.
2328 4565 2396 4631 Χ,
2427 4583 2482 4636 p.
2513 4568 2626 4640 95.)

561 4863 836 4921 Solvimus
859 4875 961 4932 pro
985 4858 1201 4933 viribus
1231 4857 1284 4910 in
1325 4856 1725 4928 superioribus,
1755 4859 1868 4915 Deo
1905 4859 2065 4932 adju-

2251 4863 2342 4920 Ἐν
2404 4865 2505 4936 μὲν
2558 4866 2674 4930 τοῖς
2724 4864 3037 4939 ἔμπροσθεν
3093 4871 3409 4944 εἰρημένοις
3473 4875 3624 4945 ἡμῖν,
3658 4878 3757 4930 σὺν

488 4969 674 5022 vante,
703 4957 919 5026 objecta
954 4958 1277 5022 argumenta
1305 4948 1435 5018 falsi
1466 4952 1693 5004 nominis
1731 4953 1966 5007 scientiae
2001 4954 2065 5016 ’⁸,

2186 4955 2294 5027 Βεῷ
2345 4957 2403 5010 δὲ
2455 4957 2623 5029 φάναι
2651 4958 2751 5024 τὰς
2806 4961 3092 5027 ἐνστάσεις
3145 4965 3240 5018 καὶ
3300 4967 3604 5032 ἀντιθέσεις
3642 4969 3758 5038 τῆς

489 5051 694 5121 quibus
735 5048 999 5103 adversus
1043 5059 1146 5098 nos
1201 5051 1422 5099 utentes
1453 5044 1548 5113 qui
1595 5053 1724 5098 sunt
1777 5045 2069 5100 contrariae

2186 5048 2570 5120 ψευδωνύμου
2619 5052 2914 5122 γνώσεως,
2948 5056 3029 5120 είς
3076 5056 3306 5129 δύναμιν
3356 5059 3757 5132 διαλελύκαμεν

491 5143 729 5198 ﬁctionis
771 5141 905 5209 (non
933 5136 1079 5192 enim
1122 5136 1228 5191 hoc
1274 5135 1496 5190 nomine
1528 5137 1803 5205 appellare
1831 5152 1928 5191 eos
1969 5137 2068 5192 de-

2186 5134 2264 5204 κῖς
2282 5138 2346 5209 δὴ
2365 5141 2480 5212 χρώ
2489 5159 2641 5212 μενοι
2675 5142 2798 5196 καθ’
2816 5145 2974 5216 ἡμῶν
2995 5147 3045 5201 οἱ
3070 5148 3167 5219 τῆς
3187 5151 3434 5215 ἐναντίας
3455 5151 3584 5224 δοκή
3593 5169 3754 5218 σεως,

489 5237 755 5298 sinemus,
772 5231 902 5301 quia
928 5243 1165 5299 namque
1198 5227 1282 5283 fas
1312 5229 1442 5299 est),
1468 5227 1836 5297 simpliciores
1865 5245 1894 5283 a
1923 5228 2070 5284 veri-

2186 5231 2258 5303 [οὺ
2282 5232 2394 5305 γὰρ
2429 5234 2504 5305 μή
2533 5251 2665 5289 ποτε
2689 5234 2850 5292 τοῦτο
2865 5239 3052 5294 καλεῖν
3071 5242 3269 5306 αὐτοὺς
3295 5246 3638 5316 παυσαίμην,
3667 5247 3758 5301 ὅτι

489 5336 599 5382 tate
620 5325 894 5379 abducere
919 5338 976 5379 se
1006 5331 1220 5394 putant.
1255 5320 1412 5375 Nunc
1449 5329 1632 5376 autem
1665 5322 1895 5377 alterius
1917 5338 2067 5394 qum-

2186 5322 2311 5395 u'qoe
2345 5322 2663 5395 θέμις),τῆς
2691 5326 2908 5392 εὐθείας
2931 5330 3168 5398 ἀπάγειν
3191 5332 3319 5396 τοὺς
3342 5333 3758 5404 ἁπλουστέρους

488 5417 686 5473 stionis
701 5415 1112 5471 consideration
1127 5413 1473 5470 emevolvere
1496 5421 1552 5468 et
1577 5414 1852 5484 explicare
1874 5429 2066 5484 aggre-

2186 5414 2636 5486 ᾶπολαμϐἀνουσι.
2695 5417 2812 5470 Νῦν
2868 5418 2927 5473 δὲ
2985 5417 3146 5486 αὖθις
3208 5423 3395 5496 ἑτέρου
3437 5425 3756 5496 σκέμματος

485 5509 625 5581 diar.
659 5506 742 5562 Sit
769 5506 882 5561 dux
910 5504 1303 5576 disputationis
1333 5510 1537 5559 nostra:
1553 5503 1810 5558 Christus
1837 5503 1983 5559 Deus
2008 5512 2065 5560 et

2186 5509 2263 5561 ιαὶ
2311 5507 2699 5579 προϐλήματος
2753 5509 2854 5579 τὴν
2910 5510 3148 5583 θεωρίαν
3189 5516 3499 5582 ἀναπτύξαι
3547 5535 3606 5571 τε
3655 5521 3754 5572 καὶ

486 5599 748 5665 Verbum,
767 5610 824 5655 et
845 5598 1056 5664 lumen,
1082 5607 1138 5653 et
1160 5598 1294 5662 vita,
1312 5605 1369 5652 et
1389 5594 1596 5652 veritas
1625 5597 1876 5667 aspirans
1889 5596 2063 5652 nobis

2186 5595 2542 5668 ῑιευκρινῆσαι
2593 5599 2957 5671 πειράσομαι.
3005 5601 3276 5670 Ἠγείσθω
3331 5607 3386 5659 δὲ
3446 5609 3542 5661 τοὺ
3586 5609 3750 5677 λόγου

481 5685 926 5758 intelligentiam,
976 5696 1037 5744 ut
1103 5685 1380 5757 possimus
1435 5694 1586 5741 recte
1643 5685 1954 5757 intelligere
2006 5695 2062 5742 et

2186 5687 2413 5760 Χριστὸς
2457 5689 2485 5741 ὁ
2534 5690 2668 5754 Θεὸς
2710 5692 2803 5746 καὶ
2838 5693 3045 5763 Λόγος,
3099 5696 3194 5751 καὶ
3238 5699 3351 5767 φῶς
3378 5739 3393 5765 ,
3445 5700 3538 5755 καὶ
3590 5700 3705 5774 ζωὴ
3731 5742 3746 5767 ,

558 5847 600 5881 ⁸⁸
634 5847 654 5904 I
688 5849 934 5907 Tituoth.
971 5865 1046 5919 VI,
1083 5849 1172 5904 ‘10.
