4068 6528
345 454 480 522 1317

1400 454 1695 517 CONTRA
1736 458 2057 519 NESTOR.
2098 462 2192 520 ET
2233 459 2552 521 EUTYCII.

3458 458 3594 524 1318

345 565 442 617 καὶ
475 560 722 633 ἀλήθεια,
771 560 1023 631 ἐμπνέων
1072 560 1204 630 ἡμῖν
1247 560 1464 614 σύνεσιν
1525 563 1607 626 είς
1653 564 1715 615 τὸ
1778 564 1916 634 μετὰ

2021 581 2347 636 expromere
2376 581 2500 622 eum
2529 564 2703 637 gratia
2734 574 2791 620 et
2818 566 3087 636 sapientia
3114 568 3345 631 ccclesti,
3373 584 3505 638 quae
3523 569 3591 624 ad

347 656 567 727 χάριτος
596 667 690 707 και
722 654 913 720 σοφίας
940 654 1038 723 τῆς
1063 651 1291 714 ἀνωθεν,
1335 652 1401 705 τὰ
1446 653 1804 708 συντελοῦντα
1837 657 1917 719 είς

344 744 444 816 τὴν
462 743 742 807 ὑπόθεσιν,
780 742 877 795 καί⁸
912 744 1102 811 νοῆσαι
1141 740 1344 806 καλῶς,
1377 742 1474 794 καὶ⁵
1517 743 1727 814 φράσαι
1761 743 1919 812 δυνη-

348 836 528 907 θῆναι.

416 949 479 1001 El
519 947 619 1019 μὲν
656 946 751 999 οὖν
796 944 981 1015 ἐώρων
1014 943 1113 1016 τὴν
1170 944 1267 998 νῦν
1315 947 1376 1000 ἐν
1423 947 1539 1009 τοῖς
1578 944 1919 1009 ὑπεναντίοις

346 1038 732 1099 ἐπαναστᾶσαν
750 1035 872 1089 κατ’
896 1033 1142 1105 ἀλλήλων
1166 1036 1506 1107 ζυγομαχίαν
1528 1036 1721 1107 μέχρις
1736 1037 1918 1089 αὐτῶν

346 1129 573 1182 ἐκείνων
625 1127 910 1199 μείνασαν,
951 1125 1091 1181 ἀλλά
1139 1126 1213 1198 μὴ
1242 1129 1336 1181 καὶ
1375 1130 1455 1192 είς
1490 1128 1635 1198 ἡμᾶς
1664 1127 1917 1198 διαϐῆναι

347 1218 785 1289 φιλονεικοῦσαν,
818 1219 961 1288 τάχα
998 1234 1100 1270 που
1154 1219 1249 1271 καὶ
1293 1219 1487 1290 κέρδος
1535 1219 1920 1290 ὑπελάμϐανον

343 1311 441 1383 τὴν
497 1311 608 1364 τῶν
663 1309 923 1363 ἐναντίων
984 1309 1164 1380 μάχην
1213 1326 1272 1361 τε
1316 1311 1410 1363 καὶ
1444 1309 1875 1382 ἀντιπαράταξιν
1902 1327 1915 1341 ·

342 1404 497 1459 αὐτοὶ
517 1404 627 1476 γὰρ
665 1402 770 1457 ὑπὸ
796 1400 949 1472 σφῶν
985 1399 1307 1471 βαλλόμενοι
1340 1402 1435 1456 καὶ
1458 1402 1917 1473 ἀνατρεπόμενοι,

340 1497 495 1551 οὐδὲν
526 1499 658 1568 ἡμῖν
683 1499 939 1567 πρᾶγμα,
968 1495 1050 1547 ὄτι
1082 1491 1157 1564 μὴ
1189 1494 1422 1566 Θεωρίαν
1446 1492 1607 1565 ψιλὴν
1634 1493 1727 1548 τοῦ
1761 1494 1920 1547 πολέ-

346 1609 470 1662 μου,
504 1590 858 1662 προὺξένουν.
904 1590 1015 1644 Ἑνὶ
1056 1590 1261 1644 τούτων
1312 1588 1472 1659 μόνον
1502 1588 1658 1659 ἡμῶν
1695 1588 1921 1657 ἀλγυνο-

346 1682 557 1752 μένων,
612 1684 677 1751 τῇ
736 1680 985 1752 ἀπωλείᾳ
1042 1680 1153 1734 τῶν
1203 1678 1471 1749 ἀθετῆσαι
1533 1678 1631 1747 μὲν
1695 1679 1776 1740 είς
1828 1677 1919 1730 τὸν

338 1768 491 1827 οἷκον
518 1772 705 1836 Δαϐὶδ,
758 1771 899 1826 κατὰ
937 1772 996 1824 τὸ
1037 1770 1241 1839 λόγιον,
1282 1768 1691 1839 τολμησάντων,
1752 1768 1920 1837 ὑπερ-

345 1863 561 1918 ιδόντων
618 1863 674 1915 δέ
714 1863 808 1916 καὶ
847 1863 946 1934 τὴν
1013 1863 1150 1934 πρὸς
1187 1861 1277 1915 τὸν
1310 1856 1458 1913 οἷκον
1493 1858 1776 1930 Ἱεροὸοὰμ
1799 1859 1919 1928 ὁμό-

341 1971 511 2020 νοιαν,
532 1956 629 2008 καὶ
666 1954 804 2026 μηδέ
837 1953 1057 2023 ἐκείνην
1119 1953 1595 2022 συντηρησάντων,
1631 1950 1767 2002 ἀλλά
1799 1967 1916 2019 σχι-
1948 1994 1991 2050 Β

344 2044 580 2099 σθέντων
601 2063 661 2098 τε
714 2046 811 2100 καὶ
863 2045 1247 2115 διαιρεθέντων
1305 2043 1401 2096 ἀπ’
1437 2042 1682 2112 ἀλλήλων
1730 2059 1789 2093 τε
1826 2042 1917 2094 καὶ

341 2137 481 2207 πρὸς
557 2134 824 2205 ἀλλήλους
873 2153 888 2168 ’
944 2136 1019 2199 ὡς
1089 2135 1290 2201 ἐξεῖναι
1354 2134 1468 2196 τοῖς
1531 2132 1916 2202 συνετωτέροις

341 2228 406 2280 ἐκ
452 2224 547 2279 τοῦ
582 2224 797 2296 καρποῦ
834 2224 898 2277 τὸ
940 2224 1159 2296 δένδρον
1201 2221 1606 2290 ἐπιγινώσκειν,
1635 2219 1778 2274 κατὰ
1823 2220 1915 2273 τὸν

338 2317 614 2387 Σωτήριον
648 2317 826 2385 λόγον,
853 2316 941 2369 διὰ
979 2315 1090 2369 τῶν
1138 2313 1478 2382 πολυσχιδῶν
1538 2311 1784 2366 στάσεων
1816 2310 1914 2365 τοῦ

338 2408 399 2461 ἐν
447 2408 632 2471 αὐτοῖς
687 2407 1040 2477 ἐνεργοῦντος
1081 2404 1431 2477 ταραχώδους
1490 2404 1801 2473 πνεύματος
1848 2403 1917 2457 τά

340 2500 583 2570 μάλιστα
609 2500 991 2569 δεικνυμένου.
1028 2498 1362 2568 Συμπέφυκε
1389 2497 1495 2569 γάρ
1526 2513 1644 2559 πως
1671 2498 1738 2566 τῇ
1785 2496 1915 2548 ἀσε-

340 2592 463 2665 δείᾳ
514 2593 577 2646 τὸ
621 2591 909 2663 φίλεχθρόν
949 2607 1009 2644 τε
1045 2590 1140 2644 καὶ
1196 2587 1590 2660 πολεμοχαρές.
1623 2586 1738 2640 Νῦν
1767 2587 1823 2639 δὲ
1852 2586 1917 2658 δὴ

340 2684 567 2751 γέγονεν
613 2686 745 2755 ήμῖν
784 2681 922 2753 πρὸς
950 2681 1123 2736 κακοῦ
1153 2684 1187 2751 ἡ
1215 2681 1324 2733 τῶν
1349 2679 1558 2751 ἐχθρῶν
1584 2678 1720 2748 πρὸς
1749 2678 1916 2749 ἀλλή-

341 2776 468 2839 λους
507 2776 818 2846 δυσμένεια.
853 2776 918 2826 Ὢ
968 2775 1068 2843 τῆς
1130 2772 1491 2835 ἀπαιδευσίας
1520 2772 1533 2824 l
1563 2772 1656 2825 xui.
1706 2770 1814 2824 τῶν
1860 2772 1916 2824 ἐν

342 2870 512 2939 κακία
555 2868 685 2939 παρ’
706 2867 890 2929 αὐτοῖς
924 2864 1192 2936 δευτέρων
1218 2864 1524 2934 γεγόναμεν
1548 2861 1869 2932 ἀθλιώτεροι
1898 2878 1912 2893 ⁸

343 2961 480 3032 μηδέ
513 2960 638 3013 ὅσον
665 2960 712 3012 oi
751 2956 940 3028 ἐχθροὶ
972 2957 1042 3009 τά
1067 2957 1312 3027 ἡμέτερα
1356 2953 1693 3008 ἐποπτεῦσαι
1722 2970 1782 3006 τε
1822 2954 1916 3006 καὶ

342 3051 574 3121 φυλάξαι
602 3051 909 3121 δυνάμενοι.
946 3046 1120 3119 Εἴπερ
1142 3050 1170 3101 ὁ
1203 3048 1302 3118 μὲν
1331 3047 1560 3116 θατέρου
1588 3045 1787 3117 μέρους
1806 3044 1914 3098 τῶν

340 3144 656 3213 σχισμάτων
684 3141 867 3213 πατὴρ
893 3141 954 3193 τὸ
977 3140 1095 3192 δέον
1132 3138 1292 3206 ἔγνω,
1311 3138 1405 3191 καὶ
1432 3136 1634 3208 ᾐδέσθη
1662 3137 1754 3189 τὸν
1776 3135 1915 3190 κατὰ

337 3236 439 3303 τῆς
481 3234 743 3305 ἀληθείας
795 3231 1042 3305 προφανῆ
1086 3231 1353 3299 πόλεμον,
1382 3231 1541 3299 ἡμεῖς
1572 3228 1628 3281 δὲ
1654 3228 1753 3297 τὴν
1775 3228 1917 3281 ὲκεί-

339 3345 446 3382 νων
498 3326 794 3394 ἐπίγνωσιν
820 3364 835 3388 ,
884 3323 1109 3392 ἀγνοίας
1168 3322 1378 3390 ἐφόδιον
1407 3319 1776 3390 πεποιήμεθα,
1818 3319 1913 3374 καὶ
1939 3339 1981 3398 C

339 3417 643 3486 γεγόναμεν
698 3413 793 3468 καὶ
818 3413 926 3466 τῶν
959 3409 1170 3482 ἐχθρῶν
1201 3408 1624 3480 ἀσυνετώτεροι.

407 3544 651 3613 Σευήρου
712 3541 822 3612 γὰρ
860 3542 955 3595 καὶ
988 3540 1301 3604 Ἰουλιανοῦ,
1334 3539 1445 3593 τῶν
1490 3540 1584 3593 δύο
1634 3540 1732 3610 τῆς
1783 3541 1915 3612 μιᾶς

337 3634 595 3696 ἀσεϐείας
624 3632 807 3703 ἀρχῶν
826 3630 962 3702 πρὸς
992 3630 1219 3691 ἑαυτοὺς
1243 3626 1645 3697 διενεχθέντων,
1673 3628 1914 3699 ἀνοήτως

343 3728 442 3798 μὲν
488 3727 563 3787 ώς
618 3725 754 3798 πρὸς
799 3724 898 3787 τὰς
938 3722 1146 3783 οίκείας
1190 3719 1389 3792 ἀρχὰς,
1425 3718 1713 3790 ἐμφρόνως
1739 3719 1794 3772 δὲ
1837 3717 1913 3782 ὡς

340 3818 479 3888 πρὸς
522 3815 695 3887 αὐτὴν
740 3813 841 3885 τὴν
898 3811 1184 3883 ἀλήθειαν,
1230 3812 1325 3863 καὶ
1365 3809 1495 3880 περὶ
1540 3806 1633 3861 τοῦ
1670 3807 1912 3881 φθαρτοῦ

340 3905 816 3979 ζυγομαχοῦντων,
852 3905 902 3957 οί
936 3903 1035 3973 μὲν
1072 3901 1173 3972 τῆς
1204 3901 1445 3971 Σευήρου
1484 3898 1718 3971 μερίδος,
1752 3900 1913 3970 φιλα-

336 4001 517 4071 λήθως
551 3999 746 4063 είπεῖν,
778 3998 875 4067 τῆς
904 3996 1014 4049 τῶν
1040 3993 1251 4065 ἐχθρῶν
1291 3992 1720 4063 παρεκέρδαινον
1746 4008 1915 4064 πονη-

340 4094 462 4164 ρίας
484 4106 499 4121 ο
529 4091 566 4146 ἀ
609 4091 717 4161 γὰρ
759 4090 860 4143 οὑκ
914 4088 980 4143 ἄν
1028 4104 1113 4149 τις
1147 4086 1347 4150 αὐτοὺς
1372 4086 1480 4157 πρὸ
1512 4085 1705 4139 τούτου
1739 4088 1912 4141 εἰπεῖν

336 4185 519 4238 ἔπεισε
542 4227 557 4251 ,
594 4182 768 4237 ταῦτα
815 4183 848 4252 ἡ
890 4181 984 4234 νῦν
1029 4180 1167 4249 πρὸς
1197 4180 1324 4241 τοὺς
1354 4176 1589 4240 οίκείους
1616 4176 1914 4246 δυσμένεια

334 4277 674 4346 ὁμολογῆσαι
720 4274 1061 4345 ἠνάγκασεν·
1096 4271 1266 4342 ήνίκα
1298 4269 1355 4321 δέ
1401 4268 1539 4340 πρὸς
1590 4267 1688 4331 τάς
1739 4266 1913 4335 αὑγάς

334 4368 434 4436 τῆς
497 4364 760 4435 ἀληθείας
833 4360 1114 4415 ἀνανεύειν
1172 4357 1408 4431 ἤρξαντο
1444 4395 1457 4421 ,
1528 4355 1627 4425 τὴν
1689 4355 1910 4409 ἐκείνων

334 4458 624 4513 ἁνάνευσιν
656 4452 918 4522 ἀὸλεψίας
943 4450 1198 4505 ὑπόθεσίν
1242 4467 1388 4512 τινες
1414 4448 1570 4518 ἔσχον
1619 4446 1729 4499 τῶν
1774 4446 1911 4517 ἠμε-

334 4550 529 4620 τέρων,
562 4550 628 4617 τῇ
675 4545 880 4618 χείρονι
933 4542 1100 4613 μοίρᾳ
1146 4539 1531 4610 προσθέμενοι,
1556 4539 1650 4592 καὶ
1696 4538 1763 4591 δι’
1793 4536 1910 4600 ἐνὸς

2023 662 2308 716 materiam
2339 660 2607 730 propositi
2639 660 2949 729 argumenti
2981 660 3276 728 pertinent.

2093 944 2148 999 Si
2175 944 2340 1014 igitur
2361 958 2599 1014 pugnam
2632 956 2781 996 nunc
2800 940 3243 996 adversariorum
3270 941 3417 995 inter
3444 942 3592 1012 ipsos

2019 1036 2333 1099 excitatam,
2363 1034 2609 1088 viderem
2648 1032 2703 1086 in
2739 1032 2873 1101 ipsis
2912 1031 3021 1087 illis
3061 1033 3348 1097 mansisse,
3383 1042 3438 1087 et
3478 1048 3589 1087 non

2019 1127 2087 1181 ad
2133 1142 2234 1181 nos
2288 1141 2462 1196 usque
2522 1124 2779 1194 progredi
2845 1123 3306 1185 contendentem,
3359 1123 3590 1178 fortasse

2023 1221 2232 1274 lucrum
2267 1218 2525 1273 ducerem
2558 1231 2792 1287 pugnam
2821 1223 2876 1269 et
2902 1214 3367 1270 concertationem
3399 1216 3594 1269 adver-

2020 1311 2327 1366 sariorum:
2381 1309 2485 1378 ipsi
2521 1307 2667 1362 enim
2703 1322 2732 1361 a
2785 1306 2980 1376 seipsis
3022 1305 3269 1375 percussi
3320 1314 3375 1360 et
3409 1306 3589 1361 eversi

2020 1403 2231 1458 nullum
2282 1401 2563 1471 negotium
2610 1399 2791 1460 nobis,
2833 1398 2938 1452 nisi
2989 1398 3166 1452 solum
3214 1398 3590 1467 spectaculum

2019 1495 2146 1551 belli
2176 1494 2521 1549 adhiberent.
2548 1492 2668 1547 Uno
2697 1498 2907 1544 tantum
2940 1488 3136 1544 horum
3170 1489 3394 1544 interitu
3434 1490 3589 1544 dole-

2020 1600 2239 1649 remus;
2277 1584 2369 1653 qui
2399 1583 2620 1637 domum
2667 1580 2889 1650 quidem
2921 1580 3115 1645 David,
3155 1581 3299 1635 sicut
3327 1581 3404 1634 ait
3443 1580 3592 1635 Scri-

2019 1688 2201 1748 ptura,
2253 1691 2509 1745 respuere
2546 1674 2663 1728 ausi
2695 1683 2843 1737 sunt,
2892 1672 3242 1727 concordiam
3288 1687 3419 1726 vero
3463 1685 3589 1726 cum

2020 1767 2184 1820 domo
2217 1765 2510 1819 Jeroboam
2542 1762 2925 1830 neglexerunt,
2954 1776 3057 1815 nec
3097 1761 3244 1814 illam
3276 1769 3587 1827 servarunt,

2019 1858 2115 1913 sed
2151 1858 2409 1927 disrupti,
2446 1865 2502 1910 et
2532 1855 2747 1909 discissi
2778 1870 2807 1908 a
2846 1869 2904 1907 se
2950 1862 3005 1907 et
3038 1853 3302 1908 adversus
3331 1869 3388 1907 se
3426 1863 3586 1919 sunt;

2022 1957 2083 2002 ut
2110 1949 2275 2001 liceat
2308 1947 2472 2016 paulo
2506 1944 2849 1998 acutioribus
2880 1960 2946 1997 ex
2978 1945 3156 1998 fructu
3209 1943 3461 1997 arborem
3493 1959 3589 1998 co-

2020 2054 2305 2110 gnoscere,
2357 2038 2499 2092 sicut
2549 2036 2800 2090 Salvator
2840 2035 3010 2096 dixit,
3060 2051 3185 2089 cum
3239 2036 3607 2103 turbulentus,

2016 2128 2246 2198 spiritus
2294 2128 2388 2197 qui
2437 2127 2491 2180 in
2542 2127 2623 2180 eis
2675 2136 2964 2196 operatur,
3021 2143 3088 2181 ex
3138 2137 3244 2181 tam
3302 2127 3587 2197 multiplici

2014 2217 2278 2272 scissione
2304 2231 2494 2270 eorum
2526 2214 2757 2269 maxime
2783 2214 3214 2270 demonstretur.
3244 2216 3472 2271 lnsitum
3506 2225 3590 2272 est

2014 2308 2162 2362 enim
2194 2305 2461 2375 impietati
2497 2305 2743 2359 studium
2775 2304 3083 2359 inimicitiae
3131 2315 3186 2359 et
3230 2306 3379 2360 belli.
3430 2306 3593 2361 Nunc

2015 2408 2197 2453 autem
2214 2398 2564 2452 inimicorum
2580 2397 2725 2450 inter
2741 2411 2798 2449 se
2820 2393 3203 2450 malevolentia
3226 2404 3281 2451 et
3298 2396 3587 2451 dissidium

2015 2492 2177 2546 nobis
2212 2499 2393 2546 nocet.
2427 2489 2857 2558 Oimperitiaml
2910 2499 2965 2543 et
3000 2488 3127 2542 facti
3179 2503 3370 2544 sumus
3418 2480 3627 2549 mise-’

2017 2581 2343 2645 rabiliores,
2404 2595 2567 2649 quam
2630 2578 2725 2648 qui
2780 2578 2924 2647 apud
2973 2594 3068 2633 eos
3118 2580 3172 2633 in
3227 2580 3433 2634 malitia
3498 2595 3589 2636 se-

2015 2672 2222 2727 cundas
2287 2679 2514 2734 tenent;
2580 2670 2673 2738 qui
2740 2685 2920 2737 neque
2992 2679 3259 2739 quantum
3332 2672 3586 2738 inimici,

2016 2772 2204 2815 nostra
2238 2761 2429 2815 videre
2467 2768 2523 2814 et
2568 2760 2847 2814 custodire
2893 2775 3204 2829 possumus.
3258 2761 3315 2816 Si
3363 2763 3587 2832 quidem

2016 2853 2246 2907 alterius
2287 2851 2460 2921 partis
2511 2851 2866 2905 sehismatum
2918 2861 3073 2920 pater
3138 2854 3397 2923 cognovit
3455 2854 3588 2925 quid

2016 2960 2155 3013 opus
2186 2952 2372 3009 esset;
2409 2951 2466 2997 et
2506 2943 2720 2996 veritus
2766 2951 2851 2997 est
2908 2943 3108 2997 bellum
3161 2954 3346 3013 aperte
3397 2956 3589 3002 contra

2016 3034 2305 3089 veritatem
2342 3032 2621 3098 suscipere
2648 3050 2662 3097 ;
2693 3048 2795 3087 nos
2815 3048 2946 3087 vero
2972 3035 3340 3105 cognitionem
3364 3036 3589 3097 illorum

2016 3123 2225 3177 aditum
2272 3123 2339 3177 ad
2394 3122 2758 3192 ignorantiam
2814 3122 3067 3189 fecimus,
3116 3123 3353 3195 factique
3397 3142 3591 3187 sumus

2018 3215 2485 3286 imprudentiores
2514 3229 2679 3284 quam
2712 3213 2945 3269 inimici.
3569 3225 3577 3228 '

2085 3541 2221 3600 Cum
2252 3544 2401 3598 enim
2441 3541 2677 3598 Severus
2707 3551 2764 3598 et
2790 3543 3059 3611 Julianus,
3088 3547 3201 3602 duo
3234 3550 3390 3608 initia
3424 3556 3587 3611 unius

2015 3633 2350 3704 impietatis,
2406 3632 2550 3686 inter
2596 3648 2653 3687 se
2702 3632 3067 3701 dissiderent,
3119 3638 3289 3695 stulte
3330 3642 3587 3713 quidem,

2012 3723 2195 3794 quoad
2224 3722 2443 3792 propria
2469 3722 2759 3792 principia,
2793 3724 3017 3780 cordate
3044 3742 3177 3781 vero
3200 3733 3381 3798 quoad
3413 3734 3587 3803 ipsam

2013 3813 2338 3877 veritatem,
2416 3822 2471 3868 et
2521 3814 2589 3868 de
2646 3816 2990 3885 corruptibili
3058 3827 3115 3872 et
3178 3820 3587 3896 incorruptibili

2014 3912 2433 3971 concertarent;
2474 3906 2569 3975 qui
2616 3916 2774 3962 erant
2820 3910 2993 3979 partis
3040 3910 3251 3979 Severi,
3296 3925 3355 3969 ut
3392 3935 3588 3978 verum

2013 3998 2214 4061 dicam,
2252 3995 2597 4051 inimicorum
2630 3999 2953 4067 pravitatem
2992 4001 3049 4056 in
3075 4003 3230 4059 lucro
3266 4010 3583 4075 ponebant:

2013 4106 2134 4159 quae
2189 4089 2337 4144 enim
2389 4090 2575 4143 nullus
2615 4090 2696 4144 eis
2751 4102 2877 4147 ante
2940 4093 3089 4150 hunc
3138 4096 3326 4154 dicere
3368 4103 3583 4160 suasit.

2012 4181 2129 4236 haec
2180 4196 2331 4235 nunc
2365 4181 2749 4235 malevolentia
2784 4182 2837 4236 in
2888 4199 3035 4251 suos,
3083 4190 3334 4244 conﬁteri
3369 4167 3579 4265 coegit:

2011 4279 2301 4341 postquam
2347 4284 2482 4323 vero
2517 4269 2573 4323 in
2615 4271 2961 4339 Splendorem
3015 4267 3265 4333 veritatis
3309 4283 3584 4354 conjicere

2011 4362 2201 4416 oculos
2233 4367 2542 4431 coeperunt,
2575 4362 2858 4431 eonjectus
2892 4366 3110 4423 illorum
3140 4371 3247 4425 fuit
3282 4388 3447 4429 causa
3480 4393 3585 4433 cae-

2011 4453 2194 4508 citatis
2227 4452 2578 4522 quibusdam,
2608 4453 2702 4522 qui
2731 4469 2795 4508 ex
2831 4458 3055 4523 nostris,
3089 4461 3155 4513 ad
3187 4465 3428 4532 pejorem
3454 4482 3583 4536 par-

2014 4554 2121 4597 tem
2155 4558 2212 4598 se
2243 4543 2613 4613 adjunxerunt
2646 4551 2701 4598 et
2735 4560 2833 4613 per
2869 4564 3037 4601 unum
3064 4552 3291 4606 verbum
3319 4572 3386 4609 eo
3416 4557 3581 4614 deve-

337 4641 580 4711 ῥήματος
634 4638 715 4700 είς
776 4634 975 4689 ταυτὸν
1021 4628 1188 4703 ἦλθον
1221 4634 1332 4693 τοῖς
1363 4629 1628 4691 ἐναντίοις
1652 4644 1666 4659 ·
1702 4626 1797 4681 καὶ
1839 4626 1908 4679 δι’

2016 4636 2234 4690 nerunt,
2284 4637 2344 4682 ut
2394 4628 2540 4682 idem
2593 4638 2757 4697 atque
2807 4632 3106 4689 adversarii
3160 4642 3472 4710 sentirent,
3521 4657 3581 4704 et

335 4730 670 4800 εὐπρέπειαν
697 4725 983 4795 ὀνόματος,
1016 4722 1195 4774 πᾶσαν
1224 4720 1322 4774 σὺν
1346 4718 1577 4780 ἐκείνοις
1596 4715 1907 4771 ἀπεσκευά-

337 4838 500 4875 σαντο
527 4820 625 4890 τὴν
654 4815 992 4886 οίκονομίαν.

418 4930 677 4985 Ἐκείνων
739 4927 873 4998 γὰρ,
950 4924 1027 4988 ῶς
1091 4922 1261 4992 ἔφην,
1333 4919 1576 4991 ἀνοήτως
1655 4918 1755 4989 μὲν
1830 4917 1906 4981 ὡς

337 5022 474 5095 πρὸς
506 5017 616 5085 τὰς’
649 5021 753 5091 τῆς
797 5014 1060 5088 ἀληθείας
1091 5012 1346 5083 ἀφορμὰς
1376 5009 1711 5082 ζητούντων,
1747 5008 1908 5062 πότε-

340 5132 435 5186 ρον
461 5112 544 5167 δεῖ
574 5110 812 5183 φθαρτὸν
840 5109 933 5165 καὶ
976 5104 1219 5176 παθητὸν
1246 5103 1306 5156 τὸ
1340 5102 1498 5172 σῶμα
1533 5102 1732 5171 λέγειν,
1769 5102 1905 5169 ὅπερ

338 5204 399 5271 ἐξ
442 5202 601 5275 ἡμῶν
648 5202 785 5271 ὑπὲρ
817 5198 974 5271 ήμῶν
1018 5194 1308 5266 φορέσαςό
1335 5190 1537 5262 Κύριος
1564 5191 1723 5262 ήμῶν
1774 5208 1906 5245 κατα

340 5296 579 5360 εδέξατο,
613 5293 855 5363 Σευῆρος
898 5290 993 5360 ὀψὲ
1030 5289 1152 5360 μὲν,
1176 5288 1327 5358 ὅμως
1356 5284 1401 5338 δ’
1425 5282 1518 5338 οὖν
1556 5282 1757 5355 ᾔσθετο
1785 5284 1909 5337 ἐαυ-

338 5387 456 5451 τοῦ,
497 5385 593 5439 καὶ
623 5383 719 5437 τοῦ
759 5382 903 5437 κατά
930 5380 1037 5433 τῶν
1076 5378 1315 5432 οίκείωνν
1337 5375 1717 5449 παρεκέρδανε
1746 5374 1906 5428 πολέ-

342 5494 471 5547 μου,
504 5473 873 5545 ἀναγκασθεὶς
906 5471 1175 5543 διαφοράν
1201 5487 1261 5524 τε
1292 5470 1388 5524 καὶ
1415 5468 1689 5539 ίδιότητας
1719 5468 1909 5538 ὁμολο-

342 5566 510 5637 γῆσαί
543 5583 604 5619 τε
634 5564 731 5619 καὶ
763 5562 1020 5635 κηρύξαι.
1062 5563 1177 5633 Τῆς
1206 5562 1373 5616 αὑτοῦ
1403 5562 1449 5615 δ’
1480 5562 1545 5615 ἂν
1579 5560 1663 5631 εἴη
1693 5560 1908 5629 σοφίας,

341 5658 437 5713 καὶ
466 5657 579 5712 τῶν
607 5656 961 5728 ἐζηλωκότων
993 5656 1178 5721 αὐτὸν,
1211 5654 1474 5726 διαφορὰν
1515 5658 1608 5709 καὶ
1642 5653 1910 5723 ἰδιότητας

345 5752 692 5822 κατηγορεῖν,
732 5749 791 5802 οὐ
836 5748 958 5802 καθ’
1007 5748 1385 5818 ὑποκειμένων
1442 5748 1818 5817 πραγμάτων·
1878 5746 1910 5816 ἢ

345 5842 437 5896 δύο
493 5838 927 5913 παραιτούμενον
999 5839 1189 5911 φύσεις
1237 5839 1542 5910 ὁμολογεῖν,
1586 5838 1677 5893 δύο
1734 5837 1911 5907 λέγειν

2013 4728 2240 4788 propter
2270 4719 2524 4772 decorem
2562 4720 2803 4776 nominis
2834 4732 3006 4778 totum
3042 4726 3437 4791 incarnationis
3464 4754 3583 4811 my-

2012 4808 2242 4863 sterium
2274 4809 2638 4864 sustulerunt.

2083 4922 2221 4978 Cum
2271 4922 2454 4988 enim,
2493 4930 2556 4977 ut
2588 4923 2734 4989 dixi,
2793 4927 2958 4984 stulte
3014 4931 3092 4985 illi
3125 4937 3304 5002 quoad
3358 4946 3580 5012 propria

2013 5014 2321 5085 principia,
2368 5015 2673 5085 prudenter
2710 5032 2843 5072 vero
2871 5022 3050 5088 quoad
3090 5038 3284 5082 causas
3333 5033 3582 5093 veritatis

2015 5116 2343 5178 quaererent,
2399 5117 2583 5162 utrum
2631 5111 2989 5179 corruptibile
3052 5131 3118 5169 an
3168 5117 3582 5192 incorruptibile

2013 5200 2309 5255 dicendum
2342 5208 2490 5256 esset
2520 5216 2725 5271 corpus
2757 5203 2994 5269 Domini,
3024 5211 3167 5276 quod
3204 5227 3269 5266 ex
3300 5216 3459 5272 nobis
3482 5235 3582 5289 pro

2012 5292 2173 5348 nobis
2217 5292 2484 5347 Dominus
2528 5291 2709 5347 induit
2746 5302 2802 5347 et
2850 5298 3121 5366 suscepit;
3174 5301 3409 5360 Severus
3458 5323 3583 5366 sero

2016 5383 2261 5454 quidem,
2292 5392 2471 5438 tamen
2499 5383 2672 5438 sensit
2702 5383 2922 5451 demum
2985 5390 3259 5461 seipsum;
3292 5404 3348 5451 et
3377 5396 3581 5455 bellum

2018 5485 2206 5531 contra
2239 5491 2368 5530 suos
2402 5475 2648 5530 lucratus
2675 5486 2781 5540 est,
2811 5487 3033 5535 coactus
3066 5483 3317 5542 conﬁteri
3353 5497 3410 5544 et
3440 5506 3581 5561 pm—
3646 5540 3650 5549 .

2019 5566 2204 5622 dicare
2237 5566 2603 5621 differentiam
2638 5574 2694 5621 et
2726 5569 3107 5638 proprietates.
3153 5573 3236 5631 Sit
3269 5556 3457 5635 autem
3493 5598 3582 5636 sa-
3646 5556 3650 5569 Ι

2019 5656 2239 5726 pientia:
2269 5656 2406 5725 ejus,
2433 5664 2488 5709 et
2516 5670 2707 5710 eorum
2737 5657 2828 5726 qui
2856 5659 3078 5715 student
3109 5664 3180 5728 ei,
3218 5664 3583 5727 differentiam
3688 5702 3692 5708 ι

2021 5755 2078 5803 et
2111 5746 2476 5815 proprietates
2505 5746 2807 5815 pradicare
2842 5765 2951 5803 non
2987 5751 3053 5806 de
3085 5752 3350 5825 subjectis
3382 5757 3580 5824 rebus;

2021 5838 2105 5891 vel
2143 5836 2278 5891 duas
2309 5846 2531 5895 naturas
2565 5837 2813 5896 confiteri
2859 5852 3226 5914 recusantem,
3256 5862 3365 5903 non
3409 5850 3584 5905 vereri
