4068 6540
559 452 696 518 1319

1816 441 2129 503 LEONTII
2170 439 2575 500 BYZANTINI

3715 437 3852 502 1320

556 576 704 616 nunc
733 559 920 614 dicere
954 556 1093 612 duas
1127 555 1498 626 proprietates
1543 549 1922 620 corruptibilis
1951 557 2010 606 et
2052 549 2133 603 in-

2248 547 2525 618 ὶδιότητας
2555 544 2798 618 φθαρτοῦ
2829 547 2924 601 καὶ
2953 547 3258 619 ἀφθάρτου,
3290 549 3387 604 καὶ
3429 550 3528 621 τὴν
3559 547 3849 620 διαίρεσιν

555 649 954 721 corruptibilis,
989 658 1046 703 et
1075 647 1398 702 divisionem
1434 645 1648 700 numeri
1680 643 1940 707 duorum,
1972 657 2136 711 quam

556 757 777 799 sursum
807 740 1071 796 deorsum
1101 754 1328 795 versans
1353 747 1410 792 et
1448 737 1631 792 omnia
1665 736 1904 789 miscens
1944 732 1998 787 in
2043 748 2137 787 su-

557 831 874 904 perioribus
901 831 1223 896 accusabat;
1253 838 1347 884 aut
1372 828 1649 899 quomodo
1675 843 1784 882 non
1802 827 2138 880 admiremur

554 922 928 978 eruditionem
955 923 1098 992 ejus,
1119 922 1215 990 qui
1245 918 1716 989 participationem
1741 916 1962 986 quidem
1991 916 2138 971 clara

555 1022 691 1062 voce
728 1005 1021 1076 praedicat;
1061 1003 1116 1057 id
1154 1012 1336 1056 autem
1374 1016 1440 1054 ex
1472 1015 1582 1069 quo
1621 999 1785 1053 ducta
1835 1008 1920 1052 est
1960 999 2136 1068 parti-

555 1099 782 1169 cipatio,
840 1113 953 1152 non
1006 1096 1185 1151 solum
1235 1111 1346 1150 non
1399 1102 1616 1159 servat,
1673 1092 1770 1146 sed
1820 1107 2135 1162 oppugnare

556 1189 792 1244 nititur?
825 1187 884 1244 Si
906 1187 1053 1243 enim
1082 1201 1283 1256 corpus
1308 1185 1443 1239 dicit
1469 1183 1748 1256 passibile,
1774 1192 1829 1238 et
1854 1183 2136 1252 passiones

557 1282 840 1336 naturales
867 1280 919 1335 ei
956 1279 1170 1338 tribuit.
1205 1278 1370 1348 idque
1401 1286 1524 1346 post
1563 1275 1858 1340 unionem;
1910 1290 2136 1344 respon-

561 1369 691 1426 deat
733 1370 900 1440 igitur
954 1370 1117 1424 nobis
1159 1369 1261 1422 iste
1311 1367 1560 1436 sapiens,
1603 1381 1672 1419 an
1720 1381 1830 1420 non
1869 1381 1899 1419 a
1940 1374 2135 1420 natura

559 1462 832 1516 naturalia
867 1460 1311 1531 proﬁciscantur,
1344 1466 1406 1512 ut
1440 1457 1510 1512 ab
1541 1468 1662 1511 arte
1693 1455 2028 1511 artiﬁciosa?

629 1552 834 1606 Verum
872 1566 994 1620 qua:
1030 1551 1176 1605 illius
1206 1559 1358 1615 sunt,
1393 1563 1741 1604 reservemus
1791 1547 2134 1618 longioribus

559 1644 737 1709 libris,
765 1646 852 1699 vel
879 1645 948 1698 iis
969 1645 1065 1714 qui
1100 1645 1305 1715 majore
1337 1643 1472 1710 otio,
1505 1657 1670 1712 quam
1700 1657 1804 1696 nos
1830 1641 2129 1697 abundant.

559 1735 700 1802 Quid
733 1743 918 1791 autem
947 1736 1103 1791 dices
1145 1735 1212 1791 de
1255 1735 1344 1798 iis,
1377 1735 1470 1804 qui
1520 1734 1636 1788 haec
1665 1749 1881 1803 semper
1907 1733 2052 1788 clara
2079 1741 2135 1789 et

559 1827 814 1882 omnibus
845 1828 1135 1884 manifesta
1167 1843 1300 1882 voce
1331 1826 1750 1890 denuntiabant,
1781 1841 1846 1880 ac
1871 1836 2133 1894 praeterea

558 1917 939 1986 operationem
971 1918 1135 1972 aliam
1172 1916 1394 1986 quidem
1428 1931 1549 1971 esse
1579 1915 1783 1982 carnis,
1819 1915 1980 1970 aliam
2004 1932 2136 1971 vero

560 2007 906 2076 divinitatis;
951 2017 1007 2064 et
1033 2010 1344 2080 passionem
1374 2009 1520 2064 circa
1553 2023 1774 2077 corpus,
1800 2017 1856 2062 et
1887 2008 2138 2079 impassi-

561 2097 829 2154 bilitatem
859 2099 1007 2155 circa
1035 2101 1274 2157 Verbum
1306 2100 1750 2164 conﬁtebantur;
1786 2100 1831 2154 si
1855 2107 1911 2155 et
1945 2100 2135 2154 unioni

562 2207 750 2246 rerum
779 2193 1338 2248 communicationem
1373 2193 1569 2246 harum
1597 2192 1978 2261 operatiouum
2005 2208 2138 2247 con-

561 2291 893 2347 cesserunt,
950 2290 1008 2336 et
1059 2291 1120 2336 ut
1173 2282 1242 2336 de
1293 2284 1558 2338 alterutra
1609 2292 1806 2338 natura
1857 2284 2137 2353 reciproce

561 2382 789 2444 propter
803 2374 1196 2444 proprietatem
1215 2374 1543 2429 alterutrius
1555 2375 1610 2429 in
1626 2375 1819 2430 eodem
1835 2377 2134 2431 variantem

516 2480 530 2490 ·
563 2466 1023 2534 prmdiearentur;
1046 2483 1196 2522 nunc
1216 2475 1400 2522 autem
1427 2477 1686 2538 tanquam
1722 2485 1788 2523 ex
1812 2470 2138 2526 necessitate

563 2557 669 2611 sibi
725 2557 1135 2622 contradicunt,
1190 2565 1246 2612 et
1284 2559 1697 2628 ineorruptibili
1737 2562 2135 2618 assentiuntur.

563 2649 640 2704 De
684 2649 889 2718 quibus
919 2649 1108 2705 nescio
1141 2650 1273 2719 quid
1309 2651 1495 2705 dicere
1525 2647 1750 2706 debeam
1771 2695 1787 2719 ,
1828 2655 2138 2710 admirerne

563 2739 876 2794 ﬁrmitatem
916 2756 1134 2805 eorum,
1169 2756 1240 2795 an
1287 2741 1506 2796 laudem
1548 2742 1860 2809 levitatem;
1897 2745 1990 2814 qui
2029 2760 2138 2800 uno

561 2829 733 2885 verbo
762 2830 965 2886 decoro
997 2832 1180 2887 anima
1232 2832 1393 2888 avide
1426 2833 1676 2897 invitata,
1718 2835 1786 2889 ad
1834 2837 2138 2905 speciosam

560 2923 830 2978 fallaciam
865 2923 1091 2978 abducti
1142 2932 1199 2978 et
1260 2924 1464 2980 detorti
1519 2934 1667 2980 sunt.
1717 2924 1776 2981 ld
1817 2928 1962 2997 quod
2016 2930 2139 2984 aliis

561 3012 692 3068 olim
721 3022 778 3068 et
811 3029 958 3068 nunc
995 3012 1262 3068 accidisse
1304 3014 1531 3069 scimus.
1559 3016 1677 3070 Jam
1711 3016 1859 3072 enim
1887 3018 2136 3072 nonnulli

561 3105 945 3176 superioribus
973 3104 1316 3174 temporibus
1335 3105 1403 3159 ad
1428 3105 1694 3160 fallaciam
1719 3108 2135 3164 Encratetarum

561 3213 620 3251 se
649 3197 1038 3267 adjunxerunt.
1071 3195 1342 3264 elegantia
1383 3197 1535 3250 vocis
1576 3197 1632 3250 in
1659 3198 1980 3252 barathrum
2023 3199 2135 3254 Ma-
2163 3233 2205 3291 ο

561 3286 756 3341 nicbzei
782 3283 1127 3354 praecipitati.
1150 3285 1253 3337 Alii
1279 3293 1461 3339 autem
1490 3287 1759 3356 inquinati
1790 3289 2136 3344 immunditie

561 3380 778 3441 eorum,
819 3375 1066 3439 Cathari,
1098 3375 1151 3429 id
1194 3385 1299 3440 est,
1333 3377 1525 3431 mundi
1576 3379 1936 3442 vocabantur,
1988 3382 2135 3436 nulla

561 3471 668 3523 alia
715 3484 773 3523 re
818 3467 925 3522 nisi
958 3467 1208 3537 specioso
1237 3467 1460 3522 nomine
1491 3468 1772 3538 depravati
1820 3481 1968 3525 sunt.
2016 3473 2137 3528 Plc-

563 3561 720 3628 rique
750 3558 916 3612 etiam
945 3557 1248 3612 recentium
1295 3566 1351 3611 et
1371 3569 1643 3623 veterum,
1672 3575 1904 3628 quorum
1945 3578 2136 3618 nume-

561 3666 683 3705 rare
714 3649 936 3703 nomina
966 3647 1187 3703 difﬁcile
1209 3657 1377 3714 esset,
1410 3663 1511 3704 suo
1536 3660 1798 3720 corrupto
1830 3654 2135 3722 patrocinio

559 3742 1020 3813 impassibilitatis
1069 3733 1257 3807 Verbi,
1313 3741 1367 3794 in
1411 3740 1650 3797 Nestorii
1702 3743 1953 3798 haeresim
1999 3745 2136 3799 inci-

558 3832 780 3886 derunt.

628 3923 688 3976 In
723 3937 968 3987 summa,
1004 3929 1150 3977 totas
1191 3922 1395 3978 classes
1441 3923 1750 3977 animarum
1799 3933 2055 3996 tanquam
2102 3944 2133 3983 a

558 4014 795 4084 quadam
825 4015 1026 4085 Scylla,
1061 4023 1156 4070 aut
1223 4015 1275 4068 ei
1327 4015 1541 4085 objecta
1589 4015 1877 4088 Charybde
1925 4031 2129 4089 raptas,

557 4115 614 4161 et
646 4106 964 4160 submersas
989 4117 1112 4160 esse
1151 4106 1356 4160 scimus
1403 4107 1598 4162 inscite
1653 4109 1892 4165 oll‘ensas
1948 4112 2133 4166 humi-

556 4199 706 4254 libus
751 4197 933 4252 verbis
975 4206 1032 4251 ct
1081 4197 1250 4251 rebus
1297 4197 1500 4252 Christi
1551 4199 1646 4253 Dei
1679 4202 1872 4265 nostri,
1909 4213 2133 4272 propter

555 4290 678 4359 ejus
738 4303 866 4359 erga
914 4304 1018 4342 nos
1072 4288 1528 4343 condescensum.
1583 4290 1722 4356 Quid
1777 4293 1924 4347 enim
1981 4295 2131 4351 aliud

561 4377 801 4433 inﬁnitas
833 4377 1086 4431 nationes
1142 4378 1426 4447 gentium,
1485 4389 1578 4433 aut
1628 4381 1885 4436 Judaicas
1946 4385 2131 4455 copias

561 4471 614 4524 in
646 4485 745 4525 nos
772 4470 1022 4532 armavit,
1061 4478 1114 4524 et
1141 4469 1325 4524 furore
1373 4472 1646 4535 accendit,
1686 4475 1813 4537 nisi,
1845 4485 1901 4528 ut
1929 4477 2131 4532 Paulus

557 4563 859 4620 nominavit
883 4563 945 4628 ’⁸,
979 4562 1209 4618 stultitia
1243 4563 1684 4632 pra-dicationis?
1715 4565 1916 4635 Ecquis
1952 4584 2126 4624 novo-

555 4669 679 4709 rum
711 4653 1162 4724 dogmatistarum
1195 4653 1564 4709 eruditionem
1595 4671 1702 4709 non
1735 4657 2118 4725 admiraretur,

554 4748 600 4803 si
642 4747 946 4804 secundum
991 4762 1183 4803 eorum
1231 4763 1400 4818 nugas
1435 4762 1626 4802 omnes
1674 4759 1938 4821 martyres
1981 4754 2124 4809 cele-

555 4839 682 4894 bres
703 4847 758 4894 et
786 4829 980 4894 omnes
1007 4838 1372 4900 confessores,
1415 4837 1534 4892 sine
1575 4839 1860 4894 tormentis
1889 4857 2121 4900 coronas

553 4947 654 5001 pro
679 4932 882 5000 pietate
911 4947 1011 5002 per
1034 4931 1134 4986 has
1159 4930 1296 4985 duas
1321 4946 1484 4986 voces
1505 4931 1758 4986 obtinere
1790 4935 2118 5003 potuissent,

551 5021 598 5075 si
634 5034 728 5074 eas
754 5019 976 5089 quidem
1000 5019 1361 5073 didicissent?
1387 5020 1490 5084 Qui
1522 5030 1704 5075 autem
1730 5021 1889 5078 istius
1916 5039 2124 5096 magna:

547 5111 834 5181 sapientiae
869 5117 1123 5180 expertes
1172 5119 1379 5174 essent.
1429 5113 1788 5168 recessissent
1820 5131 1919 5185 per
1953 5117 2123 5187 negli-

547 5205 791 5274 gentiam
851 5202 1089 5273 decepti,
1126 5219 1235 5257 non
1269 5203 1396 5258 facti
1433 5203 1488 5257 in
1524 5207 1634 5261 vita
1664 5206 1933 5263 columnze
1963 5211 2122 5264 forti-

549 5294 786 5359 tudinis;
808 5293 1014 5358 nullus,
1045 5295 1262 5364 Opinor,
1286 5310 1353 5350 ex
1385 5295 1782 5352 crudelissimis
1811 5307 1868 5352 et
1889 5300 2123 5355 maxime

548 5386 830 5444 malevolis
859 5390 1307 5456 persecutoribus
1351 5405 1542 5458 poenas
1569 5390 1638 5444 ab
1666 5391 1779 5444 ullo
1805 5391 2121 5448 Christiano

547 5478 862 5549 repetisset,
906 5478 975 5532 si'
1004 5479 1060 5532 in
1111 5480 1374 5534 tribunali
1419 5490 1608 5536 natum
1663 5497 1731 5536 ex
1779 5483 2020 5554 Virgine,
2067 5493 2122 5539 et

543 5567 894 5633 crucifixum,
923 5577 979 5624 et
1004 5569 1303 5639 sepultum,
1352 5587 1416 5628 ac
1461 5573 1784 5628 suscitatum
1824 5590 1854 5628 a
1886 5575 2120 5630 mortuis

549 5660 825 5715 umniuein
858 5671 1070 5716 tantum
1112 5661 1280 5719 fuisse
1314 5665 1550 5721 confessi
1576 5673 1783 5724 essent.
1812 5665 1942 5732 Quae
1968 5668 2115 5725 enim

622 5834 663 5865 "
693 5833 713 5888 1
746 5835 876 5890 Cor.
912 5852 956 5910 ι,
994 5836 1080 5903 18,
1110 5837 1200 5892 25.

2237 641 2338 710 τῆς
2369 639 2584 704 δυάδος,
2619 639 2687 710 ἢν
2713 638 2825 692 ἄνω
2860 639 2954 693 καὶ
2973 639 3125 694 κάτω
3157 641 3429 712 στρέφων,
3461 642 3564 695 καὶ
3591 641 3674 694 τὰ
3707 641 3848 694 πάν-

2237 749 2305 784 τα
2340 731 2547 792 κυκῶν,
2583 733 2642 782 ὲν
2667 731 2781 793 τοῖς
2816 731 3156 801 προλαϐοῦσι
3191 731 3492 799 διέϐαλλεν,
3521 733 3762 803 ἥκιστά
3788 751 3847 802 γε

2237 823 2306 877 τά
2339 823 2433 876 νῦν
2469 823 2850 877 εὐλαϐεῖσθαι’
2885 823 2918 895 ἢ
2955 824 3071 887 πῶς
3101 841 3163 892 γε
3198 824 3272 894 μὴ
3315 825 3596 893 ἀγάσαιτο
3627 843 3720 886 τις
3753 827 3849 878 αὖ·

2237 915 2329 968 τὸν
2359 915 2456 984 τῆς
2490 914 2852 979 παιδεύσεως,
2880 915 2980 986 τὴν
3027 915 3263 985 μετοχὴν
3312 916 3411 986 μὲν
3445 915 3701 988 λαμπρᾷ
3747 928 3848 987 xv..-

2239 1004 2507 1076 ρΰττοντα
2542 1008 2608 1077 τῇ
2651 1007 2829 1076 φωνῇ,
2860 1004 2918 1070 ὲξ
2949 999 3010 1059 οὗ
3049 1004 3104 1058 δὲ
3135 1005 3274 1074 αὐτὴ
3302 1005 3596 1076 παρῆκται
3635 1007 3706 1058 οὐ
3743 1024 3848 1074 φυ-

2236 1094 2563 1166 λαττόμενον
2621 1096 2808 1166 μόνον,
2857 1094 2995 1150 ἀλλά
3037 1095 3132 1148 καὶ
3178 1095 3434 1166 πολεμεῖν
3484 1096 3846 1161 σπεύδοντα;

2240 1188 2303 1241 El
2336 1190 2443 1258 γὰρ
2499 1188 2656 1257 φύσει
2707 1189 2805 1259 μὲν
2841 1189 3086 1257 παθητὸν
3113 1187 3264 1257 λέγει
3296 1188 3358 1241 τὸ
3389 1189 3573 1260 σῶμα,
3607 1191 3715 1244 καὶ
3750 1208 3847 1257 φυ-

2241 1280 2369 1334 σικά
2399 1280 2547 1350 πάθη
2585 1279 2801 1335 δίδωσιν
2835 1277 3007 1350 αὐτῷ.
3036 1281 3132 1334 καὶ
3169 1279 3344 1333 ταῦτα
3383 1281 3521 1350 μετὰ
3559 1281 3676 1352 τὴν
3711 1281 3845 1334 ἕνω-

2238 1386 2347 1439 σιν,
2393 1371 2786 1441 ἀποκρινάοθω
2835 1373 2900 1442 δὴ
2945 1368 3039 1426 οὖν
3079 1375 3212 1443 ἡμῖν
3255 1375 3282 1426 ὁ
3333 1373 3522 1442 σοφὸς,
3554 1375 3613 1426 εἰ
3648 1373 3732 1444 μὴ
3781 1376 3842 1427 ἐκ

2238 1464 2454 1534 φύσεως
2481 1466 2548 1518 τὰ
2577 1465 2810 1534 φυσικὰ,
2841 1463 3033 1536 ὥσπερ
3065 1465 3130 1518 ὲκ
3157 1465 3358 1536 τέχνης
3386 1465 3454 1518 τὰ
3489 1468 3772 1536 τεχνητὰ.

2321 1555 2481 1608 ’Λλλά
2498 1557 2566 1609 τὰ
2587 1557 2685 1626 μὲν
2710 1558 2829 1610 κατ’
2848 1556 3010 1609 αὐτὸν
3034 1557 3394 1628 μακροτέροις
3411 1557 3837 1629 ταμιευσάμεθα

2235 1648 2436 1716 λόγοις,
2458 1647 2491 1715 ἢ
2518 1649 2628 1710 τοῖς
2647 1646 2803 1718 ἡμῶν
2825 1648 3062 1718 μάλιστα
3099 1648 3296 1720 σχολὴν
3325 1649 3577 1718 ἄγουσιν.
3616 1641 3690 1719 Τί
3718 1651 3837 1704 δ’ἆν

2237 1739 2412 1802 εἴποις
2457 1739 2584 1809 περὶ
2627 1737 2736 1791 τῶν
2783 1737 2961 1792 ταῦτα
3000 1740 3257 1810 λαμπρᾷε
3291 1742 3702 1812 κηρυττόντων
3744 1741 3833 1794 καὶ

2237 1831 2545 1902 διαπρυσίῳ
2576 1829 2664 1883 ἀεὶ
2691 1831 2757 1901 τῇ
2789 1833 2976 1901 φωνῇς
3016 1831 3299 1901 ἐνέργειαν
3332 1848 3388 1884 τε
3422 1834 3562 1904 πρὸς
3590 1831 3830 1896 τούτοις,

2165 1898 2210 1958 Β
2239 1898 2404 1994 ἄλλην
2456 1898 2556 1994 μεν
2605 1898 2829 1994 σαρκὸς,
2871 1898 3064 1994 ἑτέραν
3112 1898 3179 1977 *δὲ
3233 1898 3510 1994 θεότητος,
3557 1925 3747 1988 πάθος
3777 1941 3827 1976 τε

2239 2019 2369 2088 περὶ
2397 2017 2458 2069 τὸ
2507 2015 2690 2086 σῶμα,
2735 2016 2828 2069 καὶ
2859 2016 3128 2069 ἀπάθειαν
3163 2016 3294 2087 περὶ
3323 2017 3413 2069 τὸν
3445 2016 3612 2085 λόγον
3647 2017 3832 2087 ὁμολοο

2239 2110 2525 2180 γούντων.
2588 2109 3054 2179 ἀντιπεριχωρεῖν
3126 2108 3332 2172 ταύτας
3388 2109 3692 2172 δεδώκασι,
3743 2109 3829 2163 καὶ

2237 2201 2791 2272 ἀντικαηγορεῖσθαι
2818 2199 3074 2272 θατέρου,
3110 2200 3200 2256 διὰ
3229 2203 3328 2272 τὴν
3357 2203 3416 2254 ὲν
3436 2197 3682 2274 ’θατέρῳ
3704 2219 3828 2256 ταυ-

2237 2293 2333 2346 τοῦ
2393 2293 2844 2347 ὲπαλλάττουσαν
2879 2292 3148 2362 ἰδιότητα·
3178 2293 3249 2346 τά
3285 2293 3342 2346 δὲ
3381 2293 3477 2346 νῦν
3502 2292 3712 2364 ὥσπερ
3745 2292 3829 2357 ἐξ-

2240 2388 2494 2457 επίτηδες
2516 2390 2630 2449 τοῖς
2653 2385 2882 2448 οἰκείοις
2904 2385 3374 2456 περιπιπτόντων.
3390 2386 3484 2439 καὶ
3511 2383 3595 2454 τῷ
3614 2385 3827 2454 ἀφθάρο

2237 2495 2315 2549 τῳ
2350 2477 2762 2549 προσθεμένων.
2797 2470 2898 2530 Ὧν
2928 2476 3027 2529 οὐκ
3058 2469 3176 2528 οἶδα
3199 2475 3250 2528 τί
3280 2477 3376 2528 καὶ
3405 2474 3588 2544 λέγειν
3624 2459 3826 2545 χρεὼν,

2239 2567 2510 2636 θαυμάσω
2557 2567 2656 2634 τὴν
2704 2567 3063 2638 στερρότητα,
3101 2567 3133 2637 ἦ
3166 2565 3442 2620 ἐπαινέσω
3484 2566 3588 2633 τὴν
3624 2564 3825 2633 κουφό-

2237 2674 2396 2727 τητα,
2452 2657 2530 2709 ἑνὶ
2590 2658 2797 2727 ῥήματι
2856 2645 3125 2728 εὐπρεπεῖ
3161 2660 3224 2727 τῇ
3275 2655 3440 2727 λίχνῳ
3493 2656 3597 2726 τῆς
3643 2655 3823 2725 ψυχῆς

2239 2749 2597 2819 προσκλήσει,
2633 2749 2772 2819 πρὸς
2827 2750 2888 2803 τὸ
2925 2749 3150 2803 πιθανὸν
3183 2749 3282 2818 τῆς
3313 2747 3531 2818 ἀπάτης
3566 2763 3820 2816 παρασυο

2242 2841 2468 2912 ρέντων.
2513 2843 2578 2893 Ὃ
2612 2841 2677 2911 δὴ
2715 2841 2807 2894 καὶ
2856 2840 3078 2912 ἐτέρους
3133 2839 3300 2894 πάλαι
3356 2857 3414 2893 τε
3462 2839 3558 2894 καὶ
3585 2839 3687 2892 νῦν
3728 2853 3819 2890 πει

2238 2929 2504 2992 πονθότας
2546 2929 2906 2998 γινώσκομεν.
2954 2929 3090 2999 Ἤδη
3119 2928 3227 2999 γάρ
3257 2947 3401 2992 τινες
3447 2930 3505 2981 ὲν
3558 2931 3680 2991 τοῖς
3726 2925 3818 2997 εμ-

2241 3019 2479 3091 προσθεν
2523 3023 2588 3090 τῇ
2637 3020 2747 3074 τῶν
2786 3021 3180 3091 Ἑγκρατητῶν
3228 3021 3411 3091 ἀπάτῃ
3461 3019 3816 3092 προσέθεντο.

2237 3112 2316 3182 τῷ
2345 3112 2542 3182 κομψῷ
2569 3113 2668 3182 τῆς
2700 3115 2886 3183 φωνῆς
2916 3114 2995 3175 εἰς
3017 3113 3075 3164 τὸ
3106 3111 3200 3165 τοῦ
3232 3111 3508 3176 Μάνεντος
3538 3110 3815 3183 βάραθρον

2239 3201 2666 3273 κατασυρέντες.
2711 3202 2896 3256 ’Ἄλλοι
2945 3203 3003 3255 δὲ
3057 3205 3124 3275 τῇ
3184 3203 3292 3256 τῶν
3354 3201 3633 3274 Καθαρῶν
3677 3199 3817 3253 οὕτω

2239 3294 2594 3365 καλουμένων
2642 3296 3073 3366 ὲμμολυνθέντες
3122 3295 3460 3369 ἀκαθαρσίᾳ,
3519 3293 3704 3349 οὐδενί
3755 3308 3814 3359 γε
3957 3293 3959 3390 η

2239 3387 2412 3457 ἑτέρῳ
2446 3387 2478 3458 ἢ
2521 3386 2599 3456 τῷ
2654 3389 2908 3458 χαρίεντι
2958 3387 3133 3458 τούτῳ
3157 3389 3388 3460 ὀνόματι
3420 3385 3813 3459 προσεφθάρη·

2239 3493 2358 3530 σαν.
2406 3479 2598 3532 Πολλοί
2647 3490 2707 3531 τε
2746 3478 2857 3532 τῶν
2891 3496 2951 3531 τε
2987 3478 3120 3532 νέων
3152 3479 3247 3533 καὶ
3283 3480 3393 3533 τῶν
3440 3477 3717 3543 παλαιῶν,
3742 3468 3814 3530 ὧν

2237 3570 2329 3622 καὶ
2375 3570 2474 3634 τὰς
2525 3571 2902 3643 προσηγορίας
2959 3570 3218 3642 ἀριθμεῖν
3265 3571 3701 3642 ὲργωδέστατον,
3748 3570 3811 3638 τῇ

2237 3662 2357 3717 κατ’
2389 3664 2587 3726 αὐτοὺς
2636 3663 2876 3734 ὲμπαθεῖ
2919 3665 3220 3735 συνηγορία
3268 3665 3364 3735 τῆς
3407 3663 3680 3727 ἀπαθείας
3723 3659 3813 3713 τοῦ

2235 3755 2434 3824 Λόγου,
2465 3760 2542 3818 εἰς
2579 3757 2638 3808 τὸ
2669 3757 2967 3828 Νεστορίου
3005 3757 3277 3828 βάραθρον
3304 3755 3728 3827 ἐμπεπτώκασι.

2305 3932 2414 3985 Καὶ
2467 3929 2772 4000 συλλήϐδην
2848 3931 3042 3994 εἰπεῖν,
3095 3929 3250 3994 ὅλους
3323 3930 3542 3992 στόλους
3599 3928 3806 3999 ψυχῶν,

2234 4020 2423 4091 ὥσπερ
2455 4019 2562 4073 ὑπὸ
2613 4020 2856 4091 Σκύλλης
2893 4019 3115 4090 τινὸς,ἣ
3147 4020 3247 4089 τῆς
3281 4019 3566 4073 ἀντιθέτου
3621 4016 3804 4088 Χαρύ-

2234 4110 2402 4173 ϐδεως
2438 4111 2826 4180 ἡρπασμένους
2860 4125 2919 4161 τε
2961 4109 3054 4162 καὶ
3104 4109 3470 4179 ὑποϐρυχίους
3517 4107 3806 4178 γεγονότας

2234 4199 2505 4268 ἔγνωμεν,
2573 4201 2685 4261 τοῖς
2757 4199 3166 4269 ταπεινοτέροις
3221 4199 3460 4270 Χριστοῦ
3515 4199 3610 4252 τοῦ
3674 4195 3803 4251 Θεοῦ

2232 4291 2410 4362 ἡμῶν,
2443 4290 2528 4343 διὰ
2564 4289 2662 4359 τὴν
2693 4291 2832 4361 πρὸς
2865 4291 2921 4343 τὸ
2949 4292 3218 4361 ἡμέτερον
3253 4292 3420 4344 αὐτοῦ
3458 4291 3801 4359 συγκατάδαο

2235 4401 2339 4449 σιν,
2396 4382 2601 4453 ῥήμασί
2645 4399 2704 4435 τε
2757 4384 2852 4436 καὶ
2906 4385 3226 4456 πράγμασιν
3260 4383 3600 4446 ἀπαιδεύτως
3629 4397 3797 4455 προσι

2232 4470 2581 4534 πταίσαντας.
2633 4472 2699 4524 Τί
2753 4471 2864 4543 γὰρ
2927 4471 3053 4524 ἄλλο
3109 4473 3178 4526 τὰ
3242 4473 3412 4544 μυρία
3495 4472 3639 4541 φῦλα
3696 4470 3798 4524 ⁴τῶν

2157 4572 2202 4628 D
2232 4563 2423 4627 ἐθνῶν,
2456 4563 2490 4634 ἢ
2517 4562 2617 4626 τάς
2657 4563 2955 4627 Ἰουδαῖκᾶς
2983 4566 3116 4634 ἡμῖν
3136 4564 3424 4633 φάλαγγας
3449 4562 3718 4630 assume
3744 4578 3796 4616 τι

2231 4659 2326 4709 καὶ
2353 4654 2639 4726 ὲξέμηνεν,
2672 4655 2788 4710 ἀλλ’
2819 4656 2874 4724 ἦ,
2902 4657 2974 4720 ὡς
2997 4658 3024 4709 ὁ
3054 4657 3268 4720 Παῦλος
3296 4657 3601 4726 ὠνόμακεν,
3630 4657 3666 4726 ἡ
3700 4673 3798 4727 μω·

2233 4749 2321 4820 ρία
2351 4747 2443 4801 τοῦ
2468 4747 2859 4820 κηρύγματος;
2897 4749 3006 4802 Καὶ
3033 4749 3116 4812 τίς
3149 4749 3214 4802 ἂν
3243 4748 3317 4819 μὴ
3348 4749 3679 4820 θαυμάσειεν
3707 4748 3796 4815 τῆς

2229 4842 2564 4904 παιδεύσεως
2595 4842 2722 4904 τοὺς
2763 4842 2915 4903 νέους
2964 4840 3350 4911 δογματιστάς,
3384 4843 3543 4910 εἴπερ
3584 4836 3696 4894 οἷόν
3739 4853 3792 4890 τι

2226 4932 2316 5008 ἦν,
2375 4934 2518 4990 κατά
2559 4936 2686 4997 τοὺς
2742 4935 2922 4987 αὐτῶν
2981 4935 3209 5004 λήρους,
3265 4937 3472 4996 πάντας
3521 4932 3620 5003 μὲν
3678 4933 3796 4993 τοὺς

2235 5028 2513 5098 ἀοιδίμους
2565 5031 2868 5098 μάρτυρας,
2921 5027 3131 5091 πάντας
3172 5027 3229 5080 δὲ
3282 5029 3408 5091 τοὺς
3443 5027 3790 5100 ὁμολογητὰς,

2229 5120 2324 5173 καὶ
2366 5119 2617 5191 βασάνων
2651 5118 2807 5182 ἐκτὸς
2849 5120 2975 5182 τοὺς
3009 5118 3152 5190 ὑπὲρ
3185 5119 3471 5182 εὐσεϐείας
3502 5118 3792 5188 στεφάνους

2228 5212 2549 5280 ἀπολαϐεῖν,
2588 5213 2676 5266 διὰ
2711 5211 2805 5265 δύο
2843 5213 3075 5265 τουτωνὶ
3123 5211 3343 5278 λέξεων,
3379 5213 3522 5280 εἴγε
3560 5211 3794 5282 μεμαθη-

2235 5305 2390 5366 κότες
2417 5305 2588 5366 αὐτὰς
2617 5302 2846 5372 ἔτυχονς
2869 5304 2933 5355 Ol
2960 5303 3016 5355 δὲ
3041 5303 3141 5374 τῆς
3171 5301 3314 5357 οὕτω
3345 5303 3592 5374 μεγάλης
3620 5300 3791 5355 αὐτῶν

2231 5397 2423 5464 σοφίας
2447 5396 2702 5465 ἀμέτοχοι
2729 5395 3127 5465 διαμείναντες,
3149 5396 3393 5466 ἀπῆλθον
3419 5397 3634 5466 ἀπάτης
3660 5396 3790 5462 πάρ·

2221 5501 2405 5554 ιργον,
2432 5487 2532 5539 οὐκ
2571 5485 2824 5556 ἀνδρείας
2860 5486 3052 5556 στῆλαι
3109 5486 3191 5557 τῷ
3222 5485 3324 5558 βίῳ
3357 5486 3669 5557 γενόμενον
3701 5484 3788 5538 οὑξ

2223 5578 2332 5642 ea;
2354 5577 2461 5650 γὰρ
2483 5577 2572 5642 ἂν,
2591 5580 2667 5642 ὡς
2683 5577 2861 5648 οἶμαι,
2885 5580 2994 5632 τῶν
3025 5595 3084 5631 τε
3109 5579 3456 5649 πικροτάτων
3480 5581 3574 5633 καὶ
3599 5580 3789 5648 δυσμεο

2223 5670 2330 5725 νῶν
2361 5670 2626 5738 διωκτῶν,
2658 5669 2816 5743 δίκην
2859 5673 2980 5728 τινά
3029 5672 3372 5744 Χριστιανῶν
3415 5672 3782 5744 εἰσεπράξατο,
