4068 6532
313 466 446 534 1321

1378 464 1677 525 CONTRA
1717 463 2038 524 NESTOR.
2081 462 2176 525 ΕΤ
2217 462 2537 525 EUTYCH.

3437 461 3574 527 1122

307 564 354 635 εί
406 581 502 637 ἐπὶ
548 577 643 633 τοῦ
690 576 941 650 βήματος
984 573 1325 647 ὡμολόγουν,
1382 571 1674 647 ἄνθρωπον
1730 569 1895 624 αὑτὸν

2007 586 2093 627 eos
2132 572 2339 627 invidia
2372 574 2612 643 cepisset
2642 573 3051 632 resurrectione
3082 573 3326 631 hominis
3373 577 3575 647 pretii-

310 675 472 747 μόνον
506 670 649 728 εἶναι
678 672 769 725 τδν
796 667 1197 741 γεγεννημένον
1226 668 1291 719 ὲκ
1320 664 1420 739 τῆς
1450 662 1755 736 Παρθένου,
1790 663 1888 716 καὶ

307 762 747 837 ἐσταυρωμένον,
796 761 893 815 καὶ
938 755 1306 827 τεθαμμένον,
1334 755 1432 807 καὶ
1485 754 1886 827 ἐγηγερμένον.

308 858 469 920 ﬂcio;
502 856 611 928 γάρ
645 853 712 908 ἂν
752 851 950 922 φθόνος
1000 848 1199 910 αὐτοὺς
1240 844 1592 921 ὑπεισῆλθεν,
1629 845 1731 915 τῆς
1760 844 1892 898 ἀνα-

310 949 552 1011 στάσεως
604 942 898 1016 άνθρὼπου
956 937 1516 1008 καταγγελλομένης;
1551 936 1621 989 οι
1666 953 1733 1004 γε
1769 934 1892 989 οὐδὲ

312 1044 396 1096 ἐπ’
426 1042 571 1112 ἄλλῳ
597 1039 706 1094 τινὶ
731 1038 842 1091 τῶν
891 1037 1003 1089 εἴτε
1040 1032 1493 1109 μεμυθευμένων,
1530 1032 1643 1085 είτε
1674 1030 1895 1101 ἀληθῶς

310 1133 609 1189 ἀναϐιῶναι
656 1127 1078 1199 ἱστορουμένων,
1112 1126 1334 1197 Ιἥλωσαν
1368 1123 1645 1196 βασκανίᾳ
1678 1122 1895 1177 πολλῶν

310 1245 375 1296 γε
434 1226 634 1280 όντων·
698 1221 823 1275 οὔτε
873 1221 931 1273 δὲ
976 1220 1026 1273 εί
1065 1219 1211 1273 κατά
1251 1219 1378 1282 τοὺς
1404 1217 1503 1288 τὴν
1542 1216 1671 1269 νέαν
1701 1215 1896 1283 σοφίαν

314 1317 686 1388 σοφισθέντας,
712 1314 814 1367 καὶ
838 1312 974 1366 αὐτὸ
1004 1313 1066 1365 τὸ
1102 1310 1265 1381 σῶμα
1292 1310 1385 1364 τοῦ
1416 1308 1654 1381 Χριστοῦ
1686 1307 1899 1371 ἀπαθές

308 1427 367 1461 τε
393 1409 487 1461 καὶ
512 1406 805 1477 ἄτρεπτον,
830 1404 925 1456 καὶ
946 1401 1313 1455 ἀναλλοίωτον
1345 1400 1508 1469 τῆσδε
1539 1400 1711 1468 αὑτῆς
1741 1399 1899 1463 ἐξου-

314 1502 431 1564 σίας
479 1496 765 1569 ήρτήσθω,
817 1495 914 1547 καὶ
967 1494 1203 1564 ἀόρατον
1232 1492 1365 1545 αὐτὸ
1399 1492 1766 1562 βλασφημεῖν,
1806 1488 1903 1543 και

313 1593 537 1664 ἀναφὲς,
562 1589 661 1645 καὶ
704 1589 1084 1661 ἀψηλάφητον,
1115 1585 1307 1641 ἄποιόν
1332 1602 1391 1637 τε
1422 1585 1517 1639 καὶ
1547 1585 1770 1647 ἀποσον,
1803 1584 1902 1636 καὶ

316 1687 624 1759 συλλήϐδην
677 1682 1007 1753 ἀσώματον*
1038 1679 1183 1751 ἅπερ
1240 1678 1422 1733 πάντα
1466 1676 1545 1751 τῷ
1598 1675 1903 1747 θαυμαστῷ

313 1781 488 1853 τούτῳ
517 1780 619 1850 τῆς
649 1777 963 1848 ἀφθαρσίας
990 1772 1404 1830 συνεπινοοῦσιν
1438 1772 1687 1841 ὀνόματι.

385 1875 482 1937 Τίς
537 1875 647 1943 γὰρ
696 1873 729 1942 ή
784 1869 1195 1939 ἀποκλήρωσις,
1249 1866 1320 1919 τά
1382 1863 1481 1935 μὲν
1533 1862 1736 1917 διδόναι
1796 1861 1904 1916 τῶν

1991 666 2153 721 cata?
2184 663 2291 732 Qui
2336 665 2562 736 quidem
2612 664 2669 720 in
2713 666 2871 721 nullo
2919 667 3030 723 alio
3072 683 3289 735 eorum,
3323 669 3441 726 sive
3480 672 3574 742 qui

1992 762 2153 824 falso,
2194 763 2311 817 sive
2364 763 2459 832 qui
2506 776 2637 818 vere
2671 763 2739 817 ad
2776 763 2947 818 vitam
2998 765 3244 820 revocati
3277 780 3399 821 esse
3446 780 3579 821 nar-

1992 863 2207 918 rantur,
2244 853 2449 909 invidia
2497 855 2758 909 commoti
2792 864 2943 919 sunt,
2995 872 3121 912 cum
3162 857 3325 912 multi
3368 858 3577 928 alioqui

1994 945 2237 1001 fuerint:
2276 962 2456 1016 neque
2499 962 2633 1001 vero
2673 947 2716 1002 si
2758 948 3064 1003 secundum
3108 964 3307 1003 novam
3344 949 3577 1005 istorum

1996 1039 2348 1109 sapientiam,
2405 1041 2587 1109 ipsum
2622 1056 2824 1110 corpus
2871 1039 3080 1095 Christi
3120 1041 3194 1095 sit
3235 1040 3577 1112 impassibile

1995 1141 2053 1188 et
2087 1134 2417 1197 immortale,
2469 1142 2525 1189 et
2558 1133 2919 1199 invariabiie;
2959 1148 3026 1188 ex
3057 1134 3252 1189 eadem
3307 1142 3579 1204 potestate

1996 1226 2258 1296 pendeat,
2298 1226 2575 1282 invisibile
2608 1226 2788 1296 ipsum
2817 1225 3137 1296 blaspheme
3169 1225 3378 1290 dicere,
3411 1235 3468 1281 et
3495 1227 3583 1281 in-

1999 1321 2185 1377 tactile
2232 1329 2290 1377 et
2336 1336 2448 1376 non
2484 1319 2791 1383 tractabile,
2846 1319 2966 1374 sine
2996 1318 3305 1389 quantitate
3351 1326 3410 1374 et
3460 1318 3583 1374 sine

1999 1412 2285 1481 qualitate,
2310 1420 2366 1467 et
2404 1413 2460 1467 in
2490 1427 2724 1474 summa,
2754 1411 3174 1481 incorporeum:
3211 1426 3333 1481 quae
3358 1409 3581 1481 quidem

2000 1500 2186 1554 omnia
2214 1516 2322 1554 una
2361 1516 2487 1555 cum
2518 1501 2623 1556 hoc
2661 1500 2976 1555 admirabili
3017 1501 3242 1556 nomine
3276 1501 3582 1573 incorrupti

2002 1594 2267 1665 cogitant.

2074 1855 2206 1924 Qum
2253 1857 2402 1913 enim
2440 1858 2661 1914 sortitio
2702 1868 2823 1925 est,
2852 1861 2960 1917 alia
2998 1862 3222 1932 quidem
3268 1878 3337 1919 ex
3382 1862 3586 1920 divinis

313 1961 637 2031 θεοπρεπῶν
692 1958 978 2027 ὀνομάτων
1004 1955 1177 2027 αὐτῷ,
1210 1954 1279 2007 τὰ
1304 1954 1361 2007 δὲ
1395 1955 1763 2024 ἀποστερεῖνς
1807 1953 1904 2006 καὶ

2007 1948 2324 2004 nominibus
2355 1949 2603 2005 tribuere
2634 1951 2707 2015 ci,
2738 1960 2795 2006 et
2818 1952 2943 2008 aliis
2969 1954 3218 2024 privare;
3247 1962 3303 2009 et
3335 1971 3585 2027 magnam

316 2054 452 2109 πολύ
482 2071 535 2107 τι
572 2053 737 2125 μέρος
775 2052 877 2120 τῆς
906 2049 1066 2117 ἀξίας
1098 2066 1157 2102 τε
1190 2049 1284 2101 καὶ
1302 2047 1470 2118 τιμῆς
1500 2046 1905 2117 ὑποτέμνεσθαι

314 2148 432 2214 τοῦ,
466 2146 719 2217 καθάπερ
745 2145 902 2199 αὑτοὶ
932 2143 1149 2214 ἀτίμως
1205 2140 1543 2206 δοξάζουσιν,
1577 2140 1904 2210 ὑπερουσίου

317 2242 413 2295 καὶ
454 2237 769 2310 ὑπερφυοῦς
820 2236 916 2289 καλ⁵
961 2234 1262 2305 ἀσωμάτου
1311 2232 1601 2304 σώματος;
1644 2232 1742 2296 Τίς
1764 2232 1810 2285 δ’
1839 2232 1906 2286 ἂν

322 2333 413 2391 καὶ
444 2331 764 2403 χαλεπαίνοι
798 2328 907 2382 τῶν
954 2328 1207 2381 ἀπίστων
1244 2327 1399 2396 ἡμῖν,
1432 2324 1487 2377 εί
1511 2341 1575 2393 γε
1618 2325 1693 2396 μή
1742 2322 1905 2394 φύσει

313 2427 377 2480 τὸ
430 2425 591 2496 σῶμα
632 2422 725 2476 τοῦ
783 2422 990 2494 Κυρίου
1034 2420 1296 2491 λέγοιμεν
1329 2458 1345 2483 ,
1399 2418 1639 2489 ὀφθῆναί
1689 2434 1751 2471 τε
1808 2421 1906 2473 καὶ

319 2518 523 2589 βρῶσιν
549 2515 645 2569 καὶ
680 2514 843 2569 ποτὸν
869 2511 1369 2583 προσενέγκασθαι,
1403 2510 1497 2563 καί
1531 2526 1596 2579 γε
1630 2510 1904 2575 ὑπνῶσαι,

318 2608 353 2680 ἢ
387 2606 740 2665 πεπονθέναι,
772 2603 870 2657 καὶ
911 2603 1012 2657 ὅσα
1048 2602 1185 2673 πρὸς
1230 2599 1445 2663 τούτοις
1495 2600 1907 2671 ἀναμαρτήτως

318 2700 614 2768 ὑπομεῖναι
692 2698 792 2765 τὴν
886 2692 1236 2764 ἀνθρωπίνην
1318 2691 1418 2743 οὑκ
1490 2691 1908 2764 ἀπερυθρίασας

320 2789 648 2854 ἀσθένειαν;
688 2789 846 2841 Ἔστι
873 2786 981 2855 γὰρ
1012 2784 1077 2856 δή
1113 2802 1217 2837 που
1246 2784 1364 2847 τοῖς
1393 2785 1530 2837 πᾶσι
1571 2784 1905 2854 καταφανὲς,

319 2884 402 2935 ὅτι
437 2880 611 2935 πολλά
653 2878 877 2933 τοιαῦτα
907 2877 1009 2949 ήδη
1055 2876 1353 2946 γεγένηται
1398 2876 1551 2947 νόμῳ
1606 2876 1905 2948 θαύματος,

318 2969 435 3025 ἀλλ’
472 2971 535 3023 οὑ
570 2969 715 3040 λόγῳ
761 2967 999 3037 φύσεως.
1026 2966 1101 3047 Οὐ
1142 2965 1254 3036 γάρ
1298 2965 1366 3019 ἂν
1412 2966 1496 3028 είς
1521 2963 1681 3018 τοῦτο
1709 2966 1909 3034 μανίας

321 3059 674 3130 ὲξοίστρησεν
717 3059 746 3110 ὁ
789 3054 1222 3127 πολυάνθρωπος
1269 3053 1380 3107 τῶν
1417 3051 1687 3107 Ἰουδαίων
1712 3054 1906 3124 δῆμος.

316 3150 374 3202 εἴ
399 3167 484 3211 τις
522 3147 674 3217 αὐτῷ
714 3147 1033 3217 παρέστησε
1068 3144 1250 3214 λόγος,
1284 3143 1359 3215 μή
1390 3144 1579 3215 ὅμοιον
1605 3148 1740 3216 ήμίν
1766 3141 1907 3199 εἶναι

2008 2048 2221 2109 partem
2260 2041 2548 2112 dignitatis
2584 2050 2641 2099 et
2671 2043 2901 2099 honoris
2946 2045 3290 2113 abscindere,
3343 2062 3375 2102 a
3420 2063 3585 2118 supra

2007 2132 2396 2197 substantiam,
2423 2142 2485 2189 ut
2523 2134 2626 2205 ipsi
2663 2135 2984 2204 opinantur.
3010 2146 3070 2191 et
3097 2152 3262 2207 supra
3304 2146 3583 2204 naturam,

2006 2234 2064 2280 et
2094 2225 2425 2296 incorporeo
2458 2227 2723 2296 corpore?
2748 2227 2884 2293 Quis
2932 2236 3115 2282 autem
3161 2244 3229 2282 ex
3267 2227 3589 2284 inﬁdelibus

2005 2332 2148 2389 aegre
2204 2315 2365 2383 ferat,
2416 2317 2464 2372 si
2516 2317 2766 2373 dicamus
2817 2333 3019 2387 corpus
3049 2316 3255 2373 Christi
3304 2334 3415 2374 non
3466 2335 3589 2375 esse

2006 2417 2203 2464 natura
2251 2409 2452 2474 visum,
2480 2418 2533 2465 et
2576 2408 2764 2465 cibum
2816 2418 2872 2464 et
2908 2409 3195 2479 potionem
3242 2410 3586 2476 adhibuisse,

2006 2511 2063 2557 et
2092 2502 2383 2569 dormisse,
2422 2517 2488 2557 ac
2529 2518 2753 2573 passum
2801 2518 2945 2566 esse.
2995 2511 3051 2559 et
3083 2517 3429 2575 quascunque
3477 2503 3584 2558 alia

2009 2605 2206 2667 prseter
2243 2596 2361 2651 haec
2412 2595 2711 2649 humanam
2776 2595 3157 2651 inﬁrmitatem
3219 2596 3591 2652 sustinuisse?

2009 2688 2106 2742 Est
2157 2686 2307 2742 enim
2394 2687 2654 2741 omnibus
2742 2686 3138 2751 manifestum,
3224 2691 3399 2745 multa
3490 2692 3592 2748 hu-

2006 2778 2253 2849 jusmodi
2307 2778 2419 2848 jam
2486 2777 2631 2833 facta
2689 2791 2810 2831 esse
2854 2777 2976 2847 lege
3023 2778 3300 2844 miraculi,
3340 2795 3451 2836 non
3501 2798 3589 2837 ra-

2010 2870 2159 2926 tione
2203 2877 2435 2925 naturae.
2485 2869 2607 2925 Non
2665 2868 2813 2924 enim
2859 2883 2927 2923 eo
2978 2867 3271 2925 dementiae
3327 2885 3591 2941 provecta

2007 2970 2156 3018 esset
2184 2961 2487 3017 multitudo
2514 2962 2853 3027 Judaeorum,
2882 2960 2929 3015 si
2960 2975 3083 3031 quae
3111 2961 3256 3016 ratio
3294 2962 3431 3034 ipsis
3457 2980 3591 3036 pro-

2011 3052 2214 3115 basset,
2239 3068 2351 3107 non
2378 3052 2548 3106 fuisse
2573 3050 2753 3105 simile
2780 3050 2942 3105 nobis
2968 3066 3069 3120 per
3096 3052 3300 3112 omnia.
3321 3060 3381 3107 et
3401 3069 3591 3111 revera

2010 3145 2267 3200 humanae
2300 3152 2515 3199 natura:
2542 3159 2766 3214 corpus,
2797 3143 2947 3213 quod
2983 3143 3053 3197 ab
3101 3143 3236 3215 ipsis
3264 3145 3590 3203 cruciﬁxum

321 3240 466 3294 κατά
492 3239 699 3299 πάντα,
748 3238 843 3290 καὶ
896 3235 1066 3299 ὄντως
1115 3234 1467 3306 ἀνθρωπίνην
1512 3234 1777 3303 φύσιν,τὸ
1812 3236 1904 3290 ὑπ’

2015 3245 2071 3292 et
2099 3237 2355 3307 passione
2385 3236 2642 3291 affectum
2681 3245 2768 3291 est
2804 3244 2862 3292 et
2903 3251 2934 3290 a
2972 3235 3265 3307 discipulis
3291 3239 3590 3310 sepultum.

322 3329 506 3384 αὐτῶν
568 3326 887 3400 σταυρωθέν
931 3342 989 3378 τε
1036 3326 1133 3378 καὶ
1184 3324 1359 3388 πάθος
1404 3324 1702 3394 δεξάμενον
1725 3326 1909 3398 σῶμα,

324 3422 422 3475 καὶ
472 3419 815 3491 τεθαμμένον
862 3418 968 3471 ὑπὸ
1020 3416 1131 3470 τῶν
1180 3417 1499 3488 γνωρίμων.
1542 3418 1762 3472 Πολλῶν
1799 3420 1911 3491 γάρ

320 3512 661 3582 θεοφανειῶν
727 3510 1232 3583 ἀναπεπλησμένης
1274 3511 1383 3580 τῆς
1442 3513 1603 3582 ἱερᾶς
1654 3513 1698 3567 Γ
1702 3512 1909 3583 ρωφῆς,

329 3605 561 3657 συνιδεῖν
584 3602 799 3666 ἔξεστιν
824 3603 907 3656 ὅτι
938 3619 1001 3670 γε
1030 3602 1096 3672 δὴ
1128 3600 1276 3657 κατὰ
1294 3602 1356 3654 τὸ
1380 3603 1496 3665 τοῖς
1522 3603 1912 3672 οἰκονομουμέ-

328 3714 439 3759 νοις
474 3694 774 3765 συμφέρον,
803 3694 883 3756 εἰς
908 3692 1227 3763 ἀνθρώπινα
1252 3692 1511 3763 σχήματά
1525 3709 1583 3746 τε
1609 3694 1706 3746 καὶ
1732 3693 1912 3763 πράγ-

331 3804 502 3857 ματα,
526 3785 808 3857 ἐνεργείας
840 3800 901 3836 τε
920 3784 1016 3836 καὶ
1038 3782 1230 3850 λόγους
1250 3783 1497 3853 καθῆκεν
1536 3784 1738 3855 ἑαυτήν
1760 3786 1795 3855 ή
1813 3783 1909 3837 τοῦ

328 3877 469 3930 Θεοῦ
505 3874 661 3946 ήμῶν
693 3876 823 3943 περὶ
852 3874 1000 3943 ἡμᾶς
1042 3872 1224 3944 ἀγαθή
1274 3873 1503 3945 πρόνοια
1525 3890 1539 3905 ο
1574 3874 1670 3929 καὶ
1700 3874 1911 3929 τούτων

326 3970 483 4037 ὅμως
540 3967 692 4020 οὐδὲν
747 3966 944 4029 αὐτοὺς
973 3966 1261 4036 προήγαγε
1297 3966 1359 4018 τὸ
1396 3966 1747 4038 ἀνθρωπίνας
1780 3969 1912 4021 ὑπο-

329 4062 523 4129 λήψεις
552 4059 684 4128 περὶ
721 4056 816 4111 τοῦ
861 4058 1021 4110 Θείου
1076 4057 1284 4124 λαϐεῖν,
1313 4060 1363 4109 εί
1404 4060 1503 4111 καλ⁹
1550 4058 1911 4130 ἀνθρωπίνως

328 4152 465 4223 παρ’
504 4149 669 4206 αὑτοῦ
717 4148 1061 4221 ᾠκονόμητο.
1113 4148 1298 4203 Πείθει
1353 4150 1411 4203 δὲ
1464 4149 1663 4217 αὐτοὺς
1711 4154 1807 4205 καὶ
1841 4152 1910 4205 τὰ

327 4245 679 4315 τολμήματα,
717 4243 801 4297 ὃτι
833 4242 1122 4312 ἄνθρωπός
1144 4243 1292 4295 ἐστιν
1320 4243 1487 4295 πᾶσιν
1517 4244 1858 4312 ὁμοιοπαθὴς
1882 4245 1910 4295 6

329 4336 621 4407 Κύριος,εί
653 4334 748 4388 καὶ
774 4334 849 4404 μή
880 4333 1109 4386 πέπεικε
1143 4332 1211 4387 τὲ
1238 4333 1514 4403 θαύματα,
1544 4334 1627 4388 ὅτι
1652 4335 1748 4395 καὶ
1775 4336 1909 4399 Θεὸς

322 4428 416 4497 εἴη
445 4428 688 4498 ὑπεροχῇ
723 4426 937 4495 φύσεως
968 4426 1186 4483 πάντων
1212 4425 1610 4496 ἀνῳκισμένος.

398 4518 588 4583 Οὕτως
644 4519 681 4589 ἦ
734 4535 796 4570 τε
844 4516 941 4570 τοῦ
999 4515 1326 4588 μονογενοῦς
1366 4516 1567 4585 Λόγου,
1620 4518 1764 4573 κατά
1808 4519 1908 4574 τοῦ

2015 3330 2301 3400 Siquidem
2343 3345 2468 3385 cum
2521 3330 2683 3399 plena
2729 3332 2803 3385 sit
2852 3328 3140 3400 Scriptura
3194 3346 3346 3387 sacra
3401 3333 3594 3388 multis

2012 3422 2109 3476 Dei
2156 3422 2616 3492 apparitionibus.
2659 3420 2850 3476 videre
2896 3429 3079 3477 tamen
3120 3421 3271 3487 licet,
3328 3423 3595 3494 quemad-

2004 3514 2237 3568 modum
2277 3514 2419 3568 bona
2469 3513 2567 3567 Dei
2593 3527 2723 3583 erga
2769 3527 2872 3568 nos
2915 3512 3295 3582 providentia,
3347 3524 3410 3570 ut
3448 3516 3591 3572 ratio

2013 3605 2267 3660 utilitatis
2298 3620 2488 3659 eorum
2521 3604 2723 3673 quibus
2755 3604 3103 3668 consulebat,
3154 3606 3487 3675 postulabat,
3520 3606 3589 3663 ad

2010 3696 2282 3749 humanas
2333 3694 2555 3765 ﬁguras,
2594 3702 2657 3748 et
2698 3708 2809 3757 res,
2855 3702 2912 3749 et
2946 3696 3319 3764 operationes,
3366 3713 3432 3754 ac
3470 3714 3593 3754 ser-

2012 3801 2205 3840 mones
2237 3800 2294 3840 se
2324 3784 2855 3849 accommodaverit;
2887 3785 3026 3841 nihil
3053 3794 3236 3842 tamen
3268 3786 3467 3843 horum
3495 3804 3593 3845 eos

2010 3876 2239 3932 adduxit
2276 3875 2342 3929 ad
2374 3874 2767 3944 suspicandum
2812 3874 2881 3931 de
2923 3876 3038 3932 Deo
3081 3876 3344 3947 humana,
3366 3881 3592 3945 tametsi

2010 3970 2250 4025 humane
2287 3967 2356 4029 ab
2406 3982 2474 4024 eo
2519 3967 2875 4040 gerebantur.
2933 3966 3185 4023 Suadent
3222 3966 3426 4025 Iudaeis
3466 3986 3593 4041 qua:

2011 4061 2131 4116 ausi
2179 4067 2331 4124 sunt,
2374 4058 2546 4116 fuisse
2590 4058 2873 4114 hominem
2923 4058 3164 4123 similem
3206 4060 3372 4123 nobis
3414 4063 3594 4132 passi-

2010 4154 2178 4215 hilem
2210 4152 2532 4215 Dominum,
2585 4150 2839 4220 quamvis
2874 4164 2989 4205 non
3025 4159 3323 4211 suaserunt
3370 4151 3456 4211 eis
3492 4153 3594 4209 mi-

2011 4243 2230 4307 racula,
2282 4256 2405 4297 esse
2457 4241 2633 4295 Deum
2680 4238 2998 4310 praestantia
3047 4247 3263 4307 naturas
3314 4240 3592 4297 universis

2009 4338 2370 4407 Superiorem.

2081 4515 2175 4570 Sic
2219 4513 2489 4585 unigeniti
2527 4514 2692 4569 Veron
2723 4521 2917 4569 contra
2956 4512 3244 4581 Christmn
3276 4509 3593 4589 impassihi-

328 4608 591 4684 Χριστοῦ,
629 4608 738 4661 τῶν
776 4608 953 4661 ἀθέων
1004 4608 1267 4671 ἀπάθεια,
1291 4612 1310 4630 ⁸
1333 4609 1429 4669 καὶ
1477 4613 1510 4679 ή
1552 4611 1654 4681 τῆς
1708 4613 1904 4683 σαρκὸς

2013 4608 2143 4663 litas
2186 4606 2505 4676 impiorum,
2541 4614 2597 4661 et
2628 4606 2814 4661 carnis
2848 4612 3040 4661 contra
3066 4618 3324 4673 nostram
3348 4606 3589 4661 salutem

327 4704 472 4755 κατά
508 4702 608 4770 τῆς
666 4699 947 4771 ἡμετέρας
999 4702 1278 4771 σωτηρίας
1326 4699 1435 4755 τῶν
1487 4701 1584 4757 νῦν
1631 4704 1906 4775 σοφιστῶν

324 4795 633 4866 ἀφθαρσία,
652 4793 915 4863 ἐμπαθὴς
934 4791 1107 4855 όντως
1128 4792 1226 4847 καὶ
1237 4792 1455 4865 φθαρτή
1474 4791 1612 4851 οὖσα
1632 4796 1906 4863 γινώσκε-

328 4905 419 4941 ται
441 4902 456 4918 ⁸
484 4887 517 4957 ή
542 4886 649 4956 μὲν
677 4886 739 4939 οὐ
774 4882 1005 4939 ποιοῦσα
1049 4883 1168 4953 μεθ’
1198 4884 1356 4954 ἡμῶν
1384 4886 1475 4939 τδν
1503 4886 1643 4957 ὑπὲρ
1669 4888 1840 4957 ἡμᾶς,
1872 4890 1905 4959 ’θ

328 4980 385 5032 δὲ
410 4979 511 5032 οὐκ
530 4978 673 5031 ὲῶσα
699 4977 879 5047 μένειν
900 4977 989 5029 τὸν
1017 4976 1134 5047 μεθ’
1159 4977 1319 5047 ήμῶν
1343 4977 1467 5031 καθ’
1488 4980 1786 5048 ήμᾶςνὲως
1806 4984 1908 5052 τῆς

334 5069 577 5140 ἰατρείας
628 5070 854 5128 ἀπαιτεῖ
894 5068 1118 5145 ¹χρόνος,
1158 5069 1256 5126 καὶ
1290 5070 1324 5140 ή
1357 5070 1417 5122 ἰν
1454 5069 1599 5141 λόγῳ
1622 5071 1721 5131 καὶ
1751 5072 1906 5136 τάξει

329 5160 597 5231 γινομένη
634 5160 728 5215 τοῦ
758 5162 1035 5232 ἡμετέρου
1050 5162 1199 5233 πρὸς
1228 5162 1288 5216 τὸ
1314 5162 1456 5234 ὑπὲρ
1494 5164 1663 5235 ἡμᾶς,
1696 5164 1904 5221 avﬁdu-

331 5253 417 5316 σίς
460 5268 520 5308 τε
564 5253 658 5308 καὶ
707 5252 1025 5317 ἀνάστασις.
1074 5252 1198 5317 Πῶς
1225 5254 1333 5325 γὰρ
1362 5253 1435 5325 δὴ
1469 5254 1528 5307 τὸ
1573 5255 1906 5328 θεομίμητον

328 5344 547 5414 ἕξομεν,
588 5341 663 5412 μὴ
692 5344 1077 5413 συμπαθόντες
1103 5345 1184 5416 τῷ
1217 5346 1545 5413 πεπονθότι;
1575 5347 1813 5411 πέπονθε
1849 5348 1905 5402 δὲ

329 5434 471 5499 πῶς,
498 5433 573 5505 μὴ
591 5433 712 5487 καθ’
730 5435 877 5505 ήμᾶς
904 5437 1130 5503 παθὼν;
1168 5439 1285 5493 Οὑκ
1306 5438 1421 5517 ,ἀρα
1437 5439 1492 5493 δὲ
1517 5441 1757 5494 πέπονθε
1780 5441 1907 5495 καθ’

329 5528 497 5598 ἡμᾶς.
527 5528 574 5580 εἱ
595 5526 682 5597 .μῆ
710 5527 996 5601 μεμένηκε
1025 5530 1147 5589 καθ’
1175 5531 1342 5605 ἡμᾶς.
1368 5530 1697 5599 Δεδόξασται
1733 5532 1789 5587 δὲ
1818 5532 1908 5586 οὐ·

327 5618 539 5691 δαμῶς,
572 5618 647 5690 μὴ
682 5618 803 5689 οὐχὶ
828 5618 1198 5681 τοῦτολαὸὼν
1235 5623 1378 5681 κατὰ
1402 5624 1619 5696 σάρκα,
1652 5626 1795 5699 ὅπερ
1820 5627 1907 5682 ἀεὶ

328 5711 470 5782 ἔχων
501 5706 571 5781 ἦν
608 5712 751 5765 κατὰ
792 5710 1035 5783 πνεῦμα.

655 5984 927 6048 Ριτιιοι..
959 5986 1075 6048 Gn.
1112 5985 1456 6050 LXXXVI.

2012 4698 2513 4768 incorruptibilitas
2551 4712 2699 4752 nunc
2738 4696 3136 4765 sophistarum,
3169 4711 3302 4755 nere
3335 4696 3593 4769 passione

2010 4801 2069 4848 et
2111 4792 2473 4860 corruptione
2534 4787 2739 4849 affecta
2808 4803 2931 4849 ease
2990 4788 3389 4859 cognoscitur;
3454 4788 3592 4853 dum

2013 4881 2105 4936 illa
2142 4881 2365 4952 quidem
2412 4895 2524 4935 non
2570 4879 2704 4941 facit
2746 4879 3039 4941 nobiscum
3066 4896 3189 4943 esse
3215 4896 3346 4945 eum
3384 4882 3596 4951 quiest

2014 4991 2182 5047 supra
2214 4990 2350 5041 nos;
2384 4974 2504 5029 haec
2529 4988 2665 5029 vero
2696 4988 2808 5027 non
2839 4972 2973 5033 sinit
2995 4988 3127 5033 eum
3172 4973 3269 5044 qui
3300 4973 3591 5037 nobiscum

2013 5076 2118 5132 est.
2150 5080 2375 5123 manere
2394 5066 2547 5127 sicut
2584 5079 2711 5131 nos.
2756 5063 2934 5125 donec
2974 5063 3119 5129 adsit
3161 5072 3378 5143 tempus
3419 5066 3598 5123 medi-

2014 5161 2170 5223 cinae,
2210 5166 2267 5215 et
2298 5157 2611 5223 humanitas
2657 5164 2871 5221 nostra,
2918 5157 3135 5217 ratione
3177 5165 3233 5222 et
3278 5157 3473 5221 ordine
3523 5157 3593 5225 ad

2014 5251 2069 5313 id
2121 5250 2269 5322 quod
2324 5265 2489 5327 supra
2538 5264 2640 5313 nos
2691 5258 2811 5314 est,
2863 5249 3125 5311 ascendat
3168 5258 3233 5311 et
3296 5253 3589 5313 excitetur.

2013 5344 2300 5413 Quomodo
2332 5344 2480 5399 enim
2512 5343 2933 5400 similitudinem
2975 5345 3069 5400 Dei
3100 5345 3450 5414 habebimus,
3480 5364 3591 5406 non

2015 5438 2413 5509 compatientes
2452 5452 2578 5497 cum
2638 5452 2706 5493 eo
2761 5438 2856 5507 qui
2900 5454 3101 5514 passus
3122 5441 3254 5501 est?
3304 5439 3591 5507 Quomodo

2013 5546 2148 5585 vero
2176 5544 2372 5601 passus
2390 5538 2505 5597 est.
2539 5528 2585 5591 si
2620 5545 2733 5586 non
2758 5538 2852 5593 est
2888 5530 3033 5589 sicut
3067 5547 3169 5593 nos
3202 5532 3438 5605 passus?
3467 5532 3591 5588 Non

2008 5623 2184 5695 igitur
2210 5621 2361 5679 sicut
2405 5637 2506 5677 nos
2532 5637 2734 5693 passus
2763 5631 2874 5687 est,
2902 5622 2956 5678 si
3003 5638 3114 5679 non
3161 5625 3364 5681 mansit
3384 5625 3594 5680 similis

2016 5712 2196 5769 nobis.
2225 5711 2578 5767 Gioriﬂcatus
2637 5728 2771 5769 vero
2829 5728 3177 5786 nequaquam
3230 5723 3349 5779 est.
3385 5714 3432 5769 si
3479 5729 3591 5769 non

2020 5803 2238 5873 accepit
2289 5802 2605 5861 secwdum
2670 5818 2919 5871 carnem,
2958 5804 3109 5875 quod
3141 5819 3361 5875 semper
3390 5819 3593 5866 sesim-

2020 5896 2155 5953 dum
2192 5898 2452 5969 spiritum
2491 5898 2707 5959 habuit.

3118 5989 3197 6051 52
3554 6011 3583 6022 κ
