4068 6554
519 459 658 526 1323

585 573 788 629 Verum
812 564 1035 637 quidam
1075 578 1143 618 ex
1171 561 1238 616 iis
1275 561 1368 632 qui
1409 559 1464 614 ln
1503 559 1592 614 his
1620 559 1900 628 sapientes
1928 563 2078 620 sunt,
2110 561 2156 618 Α

516 677 694 734 nuper
727 672 942 714 mecum
979 656 1321 724 colloquens,
1358 653 1491 707 satis
1519 665 1640 707 esse
1693 648 1894 715 aiebat,
1931 661 2082 702 sum-

515 757 691 826 psisse
729 751 1020 806 Dominum
1057 745 1455 801 humanitatem
1492 744 1559 798 ad
1594 741 1918 796 salvandum
1957 754 2078 794 nos.

586 845 650 900 0.
687 842 828 910 Quid
874 854 1031 903 vero,
1066 837 1289 909 inquam
1340 851 1462 907 ego,
1515 849 1624 890 non
1677 833 1791 890 sola
1827 833 2083 887 voluntas

516 935 680 991 saluti
729 928 1074 987 sulliciebat?

587 1025 653 1080 ll.
685 1021 1021 1084 Suiliciebat,
1059 1017 1260 1088 inquit.

586 1114 650 1170 0.
684 1110 972 1180 Quomodo
1021 1123 1176 1180 ergo,
1208 1108 1452 1177 inquam,
1487 1119 1595 1158 non
1634 1103 1750 1159 sola
1801 1102 2082 1157 voluntate

515 1205 746 1262 salvavit
788 1219 890 1258 nos
907 1203 932 1255 ’ί
1544 1194 1548 1196 ’

587 1294 654 1350 Η.
689 1293 826 1360 Quia
858 1308 968 1348 non
1000 1298 1291 1362 potestate,
1322 1287 1523 1357 inquit,
1553 1301 1685 1340 usus
1711 1294 1816 1347 est,
1849 1282 1946 1340 sed
1982 1297 2082 1352 po-

518 1387 629 1442 tius
662 1385 927 1441 charitate
958 1393 1014 1437 et
1030 1381 1242 1452 justitia
1273 1379 1482 1434 salvare
1516 1376 1743 1447 placuit.
1764 1374 1903 1429 Illud
1934 1374 2084 1429 enim

517 1476 866 1534 necessitatis
895 1473 1087 1528 herilis
1110 1479 1264 1536 erat;
1301 1470 1406 1523 hoc
1432 1467 1788 1538 providentiae
1819 1476 2080 1536 paternae.

517 1568 655 1623 lllud
676 1567 846 1621 solius
865 1562 1169 1625 violentim;
1204 1560 1312 1613 hoc.
1337 1557 1633 1612 voluntarii
1657 1556 2082 1612 condescensus.

516 1661 586 1714 Et
619 1657 752 1713 illud
783 1655 1002 1726 quidem
1035 1653 1207 1723 ipsius
1237 1650 1445 1714 solum;
1487 1649 1593 1704 hoc
1619 1662 1754 1702 vero
1787 1645 1953 1701 etiam
1983 1661 2087 1699 no-

515 1759 713 1808 strum.
756 1745 1041 1818 Siquidem
1079 1758 1187 1797 non
1222 1741 1364 1795 velle
1402 1738 1752 1808 simpliciter,
1791 1744 2086 1790 consenta-

1779 440 2090 506 LEONTII
2131 434 2536 499 BYZANTINI

3628 421 3779 488 1324

2265 548 2406 602 Ἀλλ’
2446 541 2690 615 ἐντυχών
2725 539 2820 612 μοί
2863 555 2952 603 τις
2999 539 3229 608 ἔναγχος
3282 533 3390 589 τῶν
3429 532 3498 588 τά
3541 534 3784 588 τοιαῦτα

2191 641 2392 712 σοφῶν,
2425 638 2620 709 ἀρκεῖν
2667 635 2825 702 ἔλεγε
2873 631 2934 686 τὸ
2975 628 3400 702 ἔνανθρωπῆσαι
3425 626 3516 680 τὸν
3538 625 3781 701 Κύριον,

2189 735 2269 797 είς
2306 732 2369 784 τὸ
2409 729 2652 796 σωθῆναι
2677 727 2847 798 ἡμᾶς.

2260 825 2321 877 0.
2352 823 2418 894 (‘)
2471 820 2538 875 Τί
2587 819 2646 873 δὲ
2697 819 2794 872 καὶ
2847 815 2970 886 οὐχὶ
3023 815 3057 885 η
3116 810 3399 883 βούλησις,
3441 810 3580 884 πρὸς
3606 809 3785 865 αὐτὸν

2182 915 2342 987 ἔφην,
2379 915 2516 986 μόνη
2549 911 2686 984 πρὸς
2720 910 3006 980 σωτηρίαν
3039 905 3400 978 ἀποχρῆναι;

2249 1009 2316 1063 Α.
2356 1006 2595 1077 Ἀπόχρη
2628 1003 2752 1074 ἔφη.

2254 1101 2316 1153 0.
2357 1098 2481 1162 Πῶς
2528 1091 2644 1160 οὖν,
2687 1093 2848 1165 ἔφην,
2898 1093 2976 1165 μὴ
3024 1092 3148 1162 ούχὶ
3177 1091 3258 1163 τῷ
3293 1090 3585 1162 βούλεσθαι
3619 1086 3784 1158 μόνῳ

2188 1192 2283 1246 καὶ
2318 1188 2561 1244 σέσωκεν
2583 1205 2599 1254 ;

2255 1285 2322 1338 Α.
2357 1282 2482 1335 Ὅτι
2545 1281 2620 1352 μὴ
2666 1282 2734 1352 τῇ
2787 1278 3008 1350 ἐξουσίᾳ
3050 1277 3190 1350 πρὸς
3233 1277 3356 1347 ἐμὲ,
3405 1275 3534 1347 ἔφη,
3565 1273 3787 1345 κεχρῆ-

2189 1372 2335 1439 σθαι,
2367 1376 2435 1445 τῇ
2464 1373 2522 1428 δὲ
2556 1371 2945 1443 φιλανθρωπίᾳ
2979 1370 3180 1442 μᾶλλον
3218 1369 3314 1422 καὶ
3345 1371 3411 1440 τῇ
3450 1368 3778 1439 δικαιοσύνῃ

2188 1466 2341 1537 φίλον
2363 1465 2530 1536 αὐτῷ.
2565 1465 2638 1518 Τὸ
2675 1465 2774 1536 μὲν
2803 1463 2912 1535 γὰρ
2953 1464 3205 1532 ἀνάγκης
3237 1460 3588 1532 δεσποτικῆς,
3625 1461 3690 1514 τὸ
3713 1460 3780 1513 δὲ

2191 1559 2522 1631 κηδεμονίας
2571 1560 2839 1628 ὲτυγχανε
2913 1556 3210 1626 πατρικῆς.
3262 1555 3372 1608 Καὶ
3429 1553 3491 1606 τὸ
3553 1554 3652 1624 μὲν
3703 1547 3782 1623 ἦν

2192 1653 2365 1722 μόνης
2402 1649 2502 1720 τῆς
2539 1649 2682 1720 βίας,
2717 1649 2778 1701 τὸ
2816 1648 2873 1701 δὲ
2923 1647 3013 1702 καὶ
3063 1645 3165 1716 τῆς
3206 1644 3460 1699 ἑκουσίου
3493 1661 3780 1712 συγκατα-

2190 1744 2403 1806 ϐάσεως
2425 1758 2440 1774 ⁸
2476 1741 2573 1795 καὶ
2620 1740 2681 1793 τὸ
2720 1742 2819 1811 μὲν
2853 1738 3018 1794 αὐτοῦ
3072 1739 3260 1809 μόνου,
3301 1737 3364 1790 τὸ
3410 1736 3468 1791 δὲ
3498 1737 3593 1790 καὶ
3629 1734 3778 1806 ἠμέ-

514 1856 678 1898 neum
709 1848 794 1894 est
826 1839 975 1902 Deo;
1013 1832 1110 1890 sed
1150 1833 1242 1887 illa
1271 1831 1438 1886 etiam
1470 1829 1674 1892 facere,
1707 1841 1828 1896 quae
1853 1824 2088 1907 suadent

2199 1850 2367 1905 τερον.
2412 1833 2582 1902 Εἴπερ
2633 1831 2694 1885 ού
2741 1832 2803 1884 τὸ
2855 1829 3143 1900 βούλεσθαι
3195 1828 3384 1892 ἁπλῶς
3434 1827 3629 1882 ἔπεται
3678 1826 3776 1878 τὸν

514 1944 571 1989 et
607 1931 818 2003 pudore
851 1917 1084 1983 llectunt
1115 1939 1254 1994 quos
1289 1923 1485 1978 salvat.

583 2112 652 2170 0.
681 2109 921 2183 Optime,
973 2107 1231 2176 inquam:
1273 2099 1563 2174 proptere'a
1615 2101 1796 2164 enim,
1844 2108 1906 2154 ut
1952 2098 2087 2153 mihi

517 2203 743 2274 quidem
787 2201 1029 2262 videtur,
1062 2213 1238 2253 novus
1277 2195 1533 2251 beneﬁcii
1581 2208 1710 2263 erga
1759 2207 1860 2246 nos
1891 2191 2089 2245 modus

517 2295 780 2349 inductus
815 2300 901 2345 est
943 2299 1066 2360 post
1111 2289 1364 2345 crebram
1394 2295 1449 2341 et
1490 2284 1851 2354 multiplicem
1899 2281 2090 2352 provi-

519 2385 764 2441 dentiam
816 2382 884 2436 ab
932 2380 1159 2436 exordio
1222 2393 1350 2448 erga
1407 2391 1582 2448 genus
1635 2375 1936 2428 humanum
1988 2371 2087 2426 de-

517 2483 900 2538 monstratam,
955 2480 1016 2528 ut
1047 2455 1160 2540 jam
1192 2471 1369 2526 solum
1397 2469 1501 2522 hoc
1544 2467 1737 2523 salutis
1781 2463 2086 2520 remedium

518 2565 794 2636 reliquum
836 2570 1002 2619 esset.
1049 2561 1270 2616 Nullum
1300 2559 1445 2614 enim
1478 2557 1784 2613 remedium
1816 2555 2090 2610 valentius

518 2658 587 2714 ad
617 2655 1048 2712 convertendum
1073 2651 1142 2706 ad
1171 2651 1368 2705 melius
1396 2650 1761 2720 reperiemus,
1783 2663 1946 2717 quam
1977 2661 2091 2717 my-

519 2752 748 2806 sterium
783 2746 1194 2804 incarnationis.
1224 2745 1338 2800 Hac
1368 2744 1456 2798 via
1487 2751 1543 2798 et
1572 2743 1782 2796 ratione
1817 2739 1911 2810 qui
1939 2739 2090 2794 solus

519 2839 739 2910 sapiens
764 2847 850 2893 est
881 2836 1126 2891 medicus
1153 2835 1481 2898 animarum,
1504 2832 1787 2902 passiones
1802 2831 2088 2885 hominum

519 2931 578 2985 in
615 2945 674 2986 se
711 2929 1004 2999 recipiens,
1059 2926 1304 2982 omnium
1362 2925 1736 2980 infirmitatem
1776 2925 1832 2978 in
1871 2937 1931 2978 se
1971 2921 2090 2992 ipso

517 3020 754 3077 curavit.

590 3133 659 3188 Η.
709 3133 829 3188 Non
876 3132 1042 3203 igitur
1077 3130 1158 3186 fas
1197 3139 1283 3185 est
1323 3137 1474 3186 recte
1511 3127 1880 3183 sentientibus
1929 3123 2091 3180 aliter

519 3225 791 3287 conﬁteri,
841 3239 1006 3294 quam
1056 3222 1204 3293 quod
1252 3222 1320 3276 ad
1370 3221 1668 3291 perfectam
1713 3220 1948 3273 salutem
1993 3215 2091 3307 ad-
2119 3245 2165 3307 ο

519 3316 773 3371 mirabile
809 3313 1201 3369 incarnationis
1231 3319 1634 3366 sacramentum
1667 3309 1900 3363 maxime
1931 3305 2093 3362 nobis

519 3403 740 3460 sufﬁcit.

591 3516 657 3572 0.
687 3515 798 3572 Nec
829 3516 967 3585 ipse,
1006 3515 1252 3583 inquam,
1283 3526 1395 3565 non
1439 3511 1556 3566 haec
1587 3510 1662 3564 ita
1713 3524 1858 3572 esse,
1907 3508 2092 3563 dicere

524 3623 766 3679 unquam
812 3607 1037 3677 possim.
1100 3604 1317 3659 Modum
1372 3619 1505 3658 vero
1557 3602 1953 3657 incarnationis
1997 3600 2094 3670 qui

523 3699 832 3756 curiositati
872 3698 1073 3754 mentis
1106 3697 1176 3752 ad
1219 3697 1484 3766 majorem
1523 3694 1964 3765 explanationem
1999 3693 2096 3749 ab-

524 3793 674 3848 ditus
697 3800 802 3858 est,
827 3789 1188 3845 libentissime
1227 3785 1587 3841 disceremus.

593 3903 661 3960 ﬂ.
690 3900 992 3959 Considera
1023 3898 1272 3964 unicum,
1305 3898 1509 3968 inquit,
1541 3897 1588 3953 si
1618 3897 1718 3952 tibi
1748 3899 1950 3968 placet.

595 3994 660 4050 0.
700 3993 840 4060 Quia
875 3991 1064 4063 igitur,
1089 3990 1226 4053 dixi,
1259 3989 1548 4059 oportebat
1576 4003 1688 4043 non
1715 3989 1892 4044 solum
1932 3987 2094 4054 velle,

524 4086 621 4142 sed
661 4084 857 4138 fecisse
893 4083 1066 4136 Deum
1099 4079 1305 4149 aliquid
1335 4095 1463 4151 erga
1493 4094 1616 4141 nos,
1645 4079 1958 4135 necessario
1994 4079 2098 4133 tale

524 4191 646 4232 esse
675 4171 965 4242 oportebat
997 4169 1146 4240 quod
1192 4169 1372 4231 fieret,
1406 4177 1466 4222 ut
1512 4169 1716 4223 nullam
1762 4168 2097 4240 hyperbolen

527 4263 810 4336 sapientia:
841 4260 1072 4315 haberet
1099 4260 1234 4330 ('52).

599 4357 663 4411 ﬂ.
699 4355 890 4418 Recte,
921 4350 1122 4420 inquit.
1153 4348 1425 4418 Quoniam
1459 4363 1561 4403 nec
1591 4357 1739 4404 esset
1777 4347 1926 4403 aliud
1961 4363 2099 4402 con-

525 4445 842 4520 gruentius,
866 4456 1006 4512 opus
1034 4449 1155 4496 erat
1177 4440 1272 4494 illo
1301 4439 1485 4505 modo,
1510 4448 1566 4494 et
1591 4453 1699 4494 non
1730 4439 1855 4504 hoc,
1879 4440 1947 4494 ad
1974 4455 2099 4510 per-

528 4536 824 4596 liciendum
872 4532 1114 4605 perfecte
1144 4531 1292 4602 quod
1341 4531 1614 4586 studebat.

2116 1915 2157 1970 Β
2187 1925 2343 1989 Θεὸν,
2387 1924 2524 1978 ἀλλὰ
2573 1926 2671 1977 καὶ
2725 1923 2786 1977 τὸ
2845 1923 3110 1994 πράττειν
3157 1923 3364 1986 ἐκεῖνα,
3414 1919 3558 1992 ᾇπερ
3592 1919 3779 1973 πείθει

2189 2018 2287 2072 καὶ
2319 2017 2566 2071 καταιδεϊ
2597 2016 2689 2068 τὸν
2725 2015 3057 2085 σωζόμενον.

2261 2111 2324 2165 0.
2360 2104 2525 2176 Εὖγε,
2554 2099 2598 2160 ὧ
2635 2107 2931 2177 θαυμάσιε,
2960 2103 3026 2176 ἦν
3057 2105 3103 2158 δ’
3130 2104 3242 2173 ἐγώ
3261 2120 3275 2136 ·
3306 2104 3394 2158 διὰ
3433 2103 3609 2157 ταῦτα
3638 2102 3773 2174 γὰρ,

2189 2201 2264 2261 ὣς
2290 2202 2352 2269 γέ
2397 2218 2488 2272 μοι
2530 2201 2806 2269 φαίνεται,
2851 2200 2881 2252 ό
2923 2198 3307 2268 καινοπρεπὴς
3336 2197 3436 2266 τῆς
3463 2196 3592 2266 περὶ
3620 2197 3772 2267 ἡμᾶς

2192 2292 2514 2364 εὐεργεσίας
2555 2289 2786 2360 εἰσήχθη
2831 2289 3055 2360 τρόπος,
3087 2289 3228 2359 μετὰ
3272 2289 3334 2341 τὸ
3363 2289 3556 2358 συχνόν
3580 2305 3640 2341 τε
3677 2286 3776 2340 καὶ

2193 2382 2492 2447 πολυειδὲς,
2524 2383 2625 2452 τῆς
2655 2381 2928 2436 ἀνέκαθεν
2969 2380 3102 2449 περὶ
3133 2379 3192 2433 τὸ
3237 2377 3584 2450 ἀνθρώπινον
3621 2378 3774 2432 ὲνδε-

2191 2474 2489 2544 δειγμένης
2547 2472 2829 2544 προνοίας,
2857 2472 2933 2536 ὡς
2975 2473 3138 2542 μόνον
3173 2471 3445 2541 σωτηρίας
3481 2469 3776 2523 ὑπολειπό-

2197 2583 2360 2635 μενον
2392 2567 2709 2636 φάρμακον.
2740 2565 2851 2634 Τῆς
2881 2565 2990 2636 γάρ
3041 2563 3178 2634 μετὰ
3215 2562 3416 2633 σαρκὸς
3463 2561 3772 2632 οἰκονομίας

2191 2657 2345 2712 οὐδὲν
2378 2657 2444 2712 ἂν
2485 2656 2746 2730 εὕροιμεν
2790 2656 2889 2727 τῆς
2928 2657 3019 2710 ἐπὶ
3058 2655 3116 2708 τὸ
3147 2657 3400 2726 κρεῖττον
3435 2652 3773 2728 ἐπιστροφῆς

2191 2746 2648 2819 δραστικώτερον.
2679 2745 2866 2818 Ταύτῃ
2898 2747 3006 2816 γὰρ
3038 2747 3120 2810 είς
3177 2746 3373 2799 ἑαυτὸν
3404 2747 3433 2797 ό
3467 2746 3626 2815 μόνος
3673 2760 3760 2797 σο-

2193 2835 2292 2906 φὸς
2347 2839 2456 2890 τῶν
2520 2837 2811 2908 ἡμετέρων
2879 2836 3067 2907 ψυχῶν
3107 2838 3313 2907 ἰατρὸς,
3353 2837 3423 2890 τὰ
3469 2836 3614 2900 πάθη
3661 2837 3771 2890 τῶν

2193 2928 2496 3000 ἀνθρώπων
2553 2929 2958 3001 ἀναδεξάμενος
3005 2932 3064 2982 ὲν
3121 2929 3325 3000 ἑαυτῷ,
3383 2930 3485 3001 τὴν
3548 2930 3767 2982 πάντων

2193 3020 2450 3086 ἑξιάσατο
2473 3020 2654 3076 νόσον.

2265 3131 2326 3183 Δ.
2359 3130 2433 3183 Ού
2470 3129 2629 3199 θέμις
2670 3129 2874 3193 τοίνυν,
2927 3128 3055 3200 ἔφη,
3087 3132 3202 3194 τοῖς
3243 3130 3535 3201 φρονοῦσιν
3571 3130 3774 3200 ἑτέρως

2194 3221 2502 3291 ὁμολογεῖν,
2533 3220 2566 3290 ἢ
2593 3221 2677 3274 ὅτι
2707 3237 2770 3289 γε
2805 3221 2870 3291 δὴ
2901 3222 3038 3292 πρὸς
3069 3221 3310 3291 παντελῆ
3340 3220 3619 3293 σωτηρίαν
3643 3222 3776 3291 ήμῖν

2193 3311 2256 3364 τὸ
2306 3309 2619 3380 θαυμαστὸν
2652 3313 2747 3364 καὶ
2780 3311 2923 3381 μέγα
2977 3313 3276 3381 μυστήριον
3312 3311 3412 3381 τῆς
3441 3310 3588 3375 θείας
3616 3312 3777 3364 ἔναν-

2195 3402 2534 3473 θρωπήσεως
2573 3402 3042 3473 αὐταρκέστατον.

2265 3517 2325 3570 0.
2357 3514 2482 3568 οὐδ’
2510 3512 2694 3578 αὐτὸς,
2743 3512 2904 3584 ἔφην,
2943 3513 3018 3585 μὴ
3045 3515 3168 3585 οὐχὶ
3202 3513 3381 3569 ταῦτα
3423 3513 3598 3579 οὕτως
3631 3514 3781 3587 ἔχειν

2195 3603 2401 3673 εἴποιμ’
2431 3602 2496 3657 ἄν
2515 3618 2532 3637 ο
2561 3603 2654 3656 τὸν
2679 3602 2735 3656 δδ
2763 3603 2863 3672 τῆς
2885 3605 3217 3674 σαρκώσεως
3248 3606 3454 3676 τρόπον
3481 3606 3677 3677 ἣδιστα
3708 3605 3780 3659 ἂν

2196 3693 2640 3764 καταμάθοιμεν,
2673 3696 2740 3764 τῇ
2793 3693 3305 3768 πολυπραγμοσύνῃ
3338 3696 3434 3750 τοῦ
3489 3696 3583 3749 νοῦ
3631 3695 3781 3768 πρὸς

2199 3785 2263 3840 τὺ
2292 3784 2632 3856 σαφέστερον
2662 3785 3167 3856 ἐκκαλυπτόμενον.

2267 3897 2332 3950 Δ.
2364 3897 2779 3961 Συνδιασκόπει,
2815 3896 2942 3967 ἔφη,
2975 3898 3028 3951 εί
3059 3914 3141 3951 σοι
3173 3899 3328 3964 φίλον
3353 3899 3528 3958 ἐστίν.

2267 3988 2331 4045 Ο.
2380 3988 2600 4060 Ἐπειδὴ
2651 3988 2853 4054 τοίνυν,
2899 3983 3072 4053 εἷπον,
3133 3991 3303 4062 ἐχρῆν
3348 3991 3410 4043 οὐ
3453 3989 3783 4061 βουληθῆναι

2201 4080 2382 4151 μόνον,
2412 4080 2552 4134 ἀλλὰ
2583 4079 2676 4133 καί
2704 4095 2756 4132 τι
2788 4079 2996 4150 πρᾶξαι
3027 4080 3117 4133 τὸν
3145 4080 3279 4132 Θεὸν
3309 4082 3392 4144 είς
3430 4082 3601 4151 ἡμᾶς,
3636 4082 3780 4136 πάν-

2197 4188 2306 4236 τως
2341 4189 2444 4224 που
2495 4171 2595 4224 καὶ
2651 4169 2898 4224 τοιοῦτον
2941 4171 3050 4224 ἔδει
3085 4172 3146 4225 τὸ
3201 4172 3582 4242 πραττόμενον
3611 4167 3781 4236 εἶναι,

2198 4261 2339 4315 ὥστε
2375 4262 2648 4332 μηδεμίαν
2675 4260 2822 4330 ἔχειν
2849 4261 3042 4330 σοφίας
3075 4262 3401 4334 ὑπερϐολήν.

2268 4354 2334 4407 A.
2366 4353 2440 4406 Εὖ
2462 4353 2662 4422 λέγεις,
2687 4353 2814 4423 ἔφη,
2850 4354 2975 4406 ἐπεὶ
3013 4354 3153 4425 μηδὲ
3183 4349 3296 4408 εἷεν
3338 4354 3778 4426 ἁρμοδιώτερον·

2201 4445 2390 4516 ἐδέησε
2422 4443 2530 4513 γάρ
2568 4445 2635 4498 ἂν
2661 4444 2896 4509 ἐκείνου,
2931 4446 3026 4500 καὶ
3059 4445 3182 4517 οὐχὶ
3208 4447 3399 4500 τούτου
3434 4447 3528 4501 τοῦ
3549 4449 3780 4518 τρόπου,

2203 4534 2340 4607 πρὸς
2371 4535 2585 4589 τελείαν
2613 4533 2710 4588 τοῦ
2746 4535 3193 4606 σπουδαζομένου
3223 4538 3584 4610 κατόρθωσιν.

597 4627 662 4683 0.
693 4598 1044 4689 Recte-haec,
1095 4598 1343 4692 inquam,
1373 4621 1535 4686 dicis,
1567 4621 1761 4679 amice.
1803 4622 1911 4679 Sed
1961 4623 2096 4679 illud

2247 4598 2337 4680 '0.
2372 4623 2556 4678 Ταῦτα
2614 4625 2714 4696 μὲν
2746 4615 2944 4696 όρθῶς,
2973 4598 3136 4696 ἔφην,
3185 4598 3388 4694 λέγεις’,
3439 4621 3485 4680 ὦ
3511 4628 3736 4696 φίλτατε
3760 4645 3777 4659 ο

529 4729 614 4775 est
647 4718 818 4774 multa
864 4714 1306 4773 consideratione
1352 4712 1599 4783 dignum.
1647 4712 1702 4767 Si
1750 4715 1898 4770 enim
1930 4716 2101 4771 solam

531 4824 752 4866 carnem
815 4805 925 4862 sibi
970 4804 1236 4860 Dominus
1283 4802 1572 4870 univisset,
1630 4819 1813 4860 annon
1865 4809 2102 4864 maxima

533 4917 594 4956 re
636 4899 785 4953 salus
825 4895 986 4950 nobis
1019 4893 1476 4963 periclitabatur?

606 4988 672 5044 ll.
707 4986 962 5049 Maxime,
989 4983 1189 5053 inquit.

603 5101 669 5156 0.
705 5098 899 5153 Anima
929 5096 1100 5154 enim.
1133 5094 1354 5163 inquam
1388 5109 1510 5167 ego,
1534 5105 1594 5151 ut
1625 5097 1843 5167 opinor,
1871 5103 2105 5159 maxime

536 5191 866 5266 purgatione
899 5186 1210 5257 indigebat;
1241 5195 1298 5242 et
1324 5186 1396 5241 ob
1420 5202 1542 5242 eam
1576 5204 1796 5244 causam
1825 5205 2104 5265 assumpta

536 5293 642 5349 est,
666 5281 795 5352 quia
829 5280 1065 5350 primum
1104 5292 1284 5348 passa,
1313 5279 1489 5348 prima
1525 5278 1690 5334 etiam
1719 5279 1976 5339 damnata
2000 5295 2105 5341 est.

613 5483 726 5562 (ξιξ)
751 5483 827 5562 ,ζίι
851 5483 1058 5562 nullam
1087 5485 1425 5562 hyperbolen.
1460 5487 1624 5562 Ὥστε
1662 5488 1934 5562 μηδεμίαν
1956 5491 2102 5562 ἔχειν

543 5556 736 5624 σοφίας
771 5555 1098 5636 ὑπερῦολην,
1130 5555 1448 5636 Ηγρβῲοιε
1477 5555 1775 5636 sapientiae
1804 5555 2020 5636 fuisset,
2054 5563 2101 5636 si

535 5639 742 5694 corpus
776 5633 972 5697 natura
1023 5625 1366 5697 impassibile
1412 5625 1636 5696 passum
1697 5629 1914 5685 fuisset.
1967 5629 2102 5697 Quis

541 5697 688 5749 enim
708 5695 992 5750 crederet?
1008 5696 1124 5751 Etsi
1142 5696 1289 5751 enim
1316 5695 1616 5763 credimus,
1637 5713 1760 5769 qua:
1779 5709 1910 5754 sunt
1933 5695 2101 5771 supra

613 5810 680 5880 (°)
709 5809 1177 5880 Deincepslittera
1209 5809 1252 5880 Ο
1277 5810 1669 5875 orthodoxmn,
1705 5812 1884 5866 littera
1906 5813 2098 5866 vero-A

548 5879 1067 5952 AphtartoJocetam
1086 5895 1180 5934 seu
1200 5879 1686 5952 lncorrupticolam
1705 5883 1760 5938 in
1783 5881 1972 5936 Graeco
2003 5881 2101 5937 de-

2205 4717 2322 4772 άλλ’
2355 4718 2533 4771 ἐκεῖνό
2560 4735 2621 4787 γε
2657 4718 2860 4788 πολλῆς
2907 4720 3059 4771 ἔστιν
3102 4719 3448 4789 διασκέψεως
3495 4721 3664 4786 ἄξιον.
3717 4723 3778 4774 El

2207 4810 2316 4879 γὰρ
2346 4809 2529 4881 σάρκα
2559 4809 2727 4880 μόνην
2757 4812 2785 4863 ὁ
2814 4809 3020 4881 Κύριος
3060 4809 3270 4881 ἥνωσεν
3301 4811 3502 4882 ἑαυτῷ,
3539 4808 3629 4883 ἆρ’
3655 4813 3781 4884 οὐχὶ

2209 4898 2286 4969 τῷ
2314 4901 2559 4970 μεγίστῳ
2587 4897 2894 4952 ἐκινδύνευε
2918 4898 2987 4954 τὰ
3020 4902 3118 4971 τῆς
3148 4900 3427 4972 σωτηρίας
3451 4903 3616 4972 ὴμῖν;

2284 4991 2349 5045 Α.
2384 4989 2630 5053 Πάντως.
3655 5000 3658 5007 ·

2283 5104 2346 5158 0.
2385 5103 2576 5174 Ψυχῆς
2600 5101 2730 5173 γὰρ,
2765 5101 2902 5173 ἔφην
2948 5100 3080 5171 ἐγὼ,
3129 5102 3198 5155 τὰ
3256 5102 3492 5174 μάλιστα
3524 5105 3785 5174 προσδεοο

2215 5193 2385 5265 μένης
2424 5193 2771 5265 καθάρσεως,
2801 5191 2877 5256 ὡς
2899 5193 3164 5264 ἡγοῦμαι,
3192 5193 3287 5248 καὶ
3313 5193 3401 5247 διὰ
3429 5193 3587 5246 τοῦτο
3614 5212 3785 5266 προσ-

2215 5283 2590 5356 ειλημμένης,
2641 5283 2773 5336 διότι
2853 5284 3372 5356 πρωτοπαθήσασα,
3426 5284 3616 5356 πρώτη
3689 5287 3785 5340 καὶ

2216 5376 2596 5448 κατακέκριτο.

2208 5502 2460 5565 naturam
2511 5509 2676 5563 quam
2719 5493 2994 5557 videmus,
3027 5503 3084 5550 et
3118 5509 3284 5565 supra
3313 5493 3581 5549 rationem
3617 5509 3784 5564 quam

2207 5562 2556 5633 attingimus:
2584 5579 2694 5617 non
2729 5573 2909 5618 tamen
2942 5573 3071 5619 sunt
3091 5562 3283 5620 contra
3303 5573 3555 5621 naturam
3577 5562 3787 5620 et'con~

2210 5641 2294 5687 tra
2318 5634 2590 5688 rationem
2627 5633 2978 5704 simpliciter.
3009 5633 3146 5689 Tun.

2207 5813 2740 5954 iiﬁ"ii"l'3§i’friéis
2761 5813 3360 5954 ³εξὲηξ¹ιῗέξιιῖἓῗ⁹⁰¹ίίίθτ³
3399 5817 3443 5876 ⁰
3464 5815 3785 5884 ⁰’⁸¹¹⁰⁶⁰¹·’
