4020 6536
232 445 384 509 1325

308 558 376 609 Δ.
413 553 608 617 Θείως,
634 554 758 624 ἔφη,
793 554 995 622 λέγεις.

309 649 375 702 0.
409 646 572 700 ’Ὀλον
603 642 693 699 οὖν
719 646 1133 717 άνθρωπον,¹τδν
1163 649 1228 700 ἐκ
1262 646 1514 717 σώματος
1546 645 1689 715 λέγω
1723 646 1818 698 καὶ

227 740 422 810 ψυχῆς
449 740 674 809 λογικῆς
700 754 759 791 τε
792 741 886 792 καὶ
917 742 1109 810 νοερᾶς
1138 740 1522 809 συγκείμενον,
1547 737 1819 801 οὑσιωδῶς

232 832 589 902 προσλαϐὼν,
621 832 746 885 ὅλου
796 831 1090 903 ἀνθρώπου
1119 832 1218 902 τὴν
1255 833 1532 904 σωτηρίαν
1547 831 1820 902 εἰργάσα-

230 941 324 986 το,
351 923 431 994 τῷ
457 924 628 994 ὁμοίῳ
658 923 717 974 τὸ
743 925 930 993 ὅμοιον
951 922 1360 993 ἁνακαθαίρων.

310 1019 379 1071 Δ.
417 1016 695 1070 Κάλλιστά
737 1032 823 1085 γε,
873 1016 1000 1086 ἔφη,
1034 1016 1209 1070 ταῦτα
1245 1016 1427 1084 λέγεις
1477 1016 1572 1068 καὶ¹
1615 1013 1815 1068 τελεώ-

235 1125 407 1162 τατα.

315 1208 380 1257 0.
424 1203 564 1256 Ἀλλ’
592 1203 766 1272 ἔγωγε
816 1202 956 1274 πρὸς
1005 1203 1188 1257 αὐτόν’
1227 1201 1437 1256 Οὐκοῦν
1484 1201 1674 1273 ὥσπερ
1727 1199 1819 1256 οὖν

235 1297 294 1350 εί
326 1295 506 1366 ψυχὴν
532 1295 734 1360 λαϐὼν,
764 1295 823 1348 οὐ
856 1294 954 1365 τὴν
989 1293 1128 1364 ἐμὴν
1155 1293 1530 1365 προσειλήφει.
1564 1295 1624 1346 El
1652 1295 1707 1346 δὲ
1730 1295 1821 1347 καὶ¹

241 1390 348 1458 τὴν
379 1388 538 1457 ἐμὴν,
566 1388 616 1440 εἱ
653 1387 727 1457 μὴ
759 1387 902 1440 κατά
928 1388 1027 1455 τὴν
1063 1385 1203 1456 ἐμὴν
1259 1385 1347 1437 διὰ
1378 1387 1595 1438 πάντων
1626 1387 1822 1439 οὐσιω-

240 1481 355 1544 δὼς
404 1481 776 1550 ὑπάρχουσαν,
817 1479 944 1533 άλλο
981 1496 1033 1532 τι
1093 1479 1244 1549 παρὰ
1264 1477 1362 1548 τὴν
1403 1479 1545 1548 ἐμὴν
1594 1482 1821 1543 πάντως

245 1575 468 1643 ὑπῆρχε
495 1573 673 1644 ψυχὴν
698 1573 760 1626 τὸ
794 1571 1127 1642 σωζόμενον.

319 1669 385 1720 Α.
413 1666 692 1736 Δηλονότι,
736 1664 842 1734 ἔφη
864 1680 878 1695 ⁸
917 1665 1132 1732 ἐκείνης
1165 1661 1271 1731 γὰρ
1301 1662 1364 1732 δὴ
1401 1663 1617 1726 πάντως
1646 1662 1822 1732 ὐπῆρ-

245 1775 343 1827 χεν
371 1759 405 1827 ἡ
440 1756 703 1826 σωτηρία,
739 1756 874 1826 πρὸς
916 1755 983 1826 ἢν
1031 1754 1127 1808 καὶ
1163 1753 1601 1824 ἀπαραλλάκτως
1625 1753 1822 1824 ἔχουσα

245 1865 558 1920 ευρισκετο.

1296 449 1593 510 CONTRA
1633 448 1929 508 NESTOR
1996 453 2086 511 ΕΤ
2126 454 2443 513 EUTYCH.

1845 559 1890 612 Δ
1991 559 2054 612 H.
2089 560 2302 622 Divine,
2340 558 2541 628 inquit,
2570 557 2728 614 dicis.

3353 454 3486 515 1326

1990 648 2053 703 0.
2089 650 2228 703 Toto
2261 651 2423 720 igitur
2454 651 2698 714 homine,
2745 665 2810 704 ex
2857 666 3108 721 corpore,
3155 653 3400 722 inquam,
3434 664 3490 708 et

1919 743 2099 796 anima
2131 742 2358 797 rationis
2397 753 2649 812 compote
2689 752 2743 797 et
2785 744 3124 813 intelligente
3185 746 3489 814 composito

1920 835 2223 890 secundum
2249 835 2611 889 substantiam
2634 845 2936 904 assumpto,
2963 837 3131 888 totius
3147 837 3388 890 hominis
3405 854 3491 891 sa-

1921 929 2090 981 lutem
2126 938 2385 996 operatus
2415 934 2522 989 est,
2560 926 2724 980 simili
2758 927 2934 980 simile
2967 941 3288 996 repurgans.

1992 1018 2056 1071 Η.
2089 1017 2416 1079 Bellissime,
2459 1017 2658 1086 inquit,
2703 1017 2817 1071 htec
2851 1018 3056 1078 omnia.
3107 1027 3161 1072 et
3201 1019 3494 1073 absolutis-

1923 1109 2060 1163 sime
2106 1109 2263 1163 dicis.

1993 1203 2056 1258 0.
2106 1202 2174 1256 At
2239 1218 2338 1272 ego
2405 1203 2516 1256 illi:
2571 1201 2741 1271 Igitur
2791 1200 2932 1255 sicut
2982 1201 3027 1254 si
3079 1216 3201 1254 cum
3254 1201 3490 1255 animam

1923 1296 2182 1363 sumpsit,
2219 1310 2330 1348 non
2362 1309 2540 1348 meam
2573 1293 2809 1346 animam
2850 1292 3207 1362 sumpsisset;
3238 1291 3281 1344 si
3309 1301 3490 1346 autem

1922 1396 1972 1440 et
2002 1401 2198 1447 meam,
2226 1401 2336 1439 non
2365 1394 2544 1439 tamen
2576 1400 2672 1454 per
2697 1383 2880 1436 omnia
2907 1382 3208 1438 secundum
3241 1383 3495 1437 substan-

1927 1478 2078 1540 tiam,
2114 1478 2262 1531 sicut
2287 1493 2408 1530 mea
2439 1476 2665 1541 fuisset;
2702 1474 2853 1528 aliud
2886 1474 3047 1543 plane
3081 1483 3284 1543 praeter
3314 1490 3492 1529 meam

1922 1569 2159 1623 animam
2199 1577 2367 1632 esset,
2403 1568 2550 1637 quod
2584 1566 2785 1621 factum
2823 1572 2907 1620 est
2939 1567 3176 1619 salvum.

1994 1658 2062 1711 Η.
2093 1657 2258 1719 Sane,
2290 1657 2494 1725 inquit:
2520 1656 2666 1709 illius
2688 1654 2835 1708 enim
2863 1669 3091 1723 prorsus
3118 1655 3318 1711 anima:
3345 1656 3494 1709 salus

1924 1747 2145 1812 fuisset,
2175 1763 2205 1801 a
2236 1763 2342 1817 qua
2377 1763 2486 1801 non
2518 1746 2744 1800 dili‘erre
2772 1753 2989 1814 reperta
3016 1752 3184 1800 esset.

322 1901 383 1992 ί).
416 1901 574 1991 Κατά
607 1936 699 1990 τὸν
736 1938 854 1990 ἴσον
887 1934 950 2007 δὴ
982 1935 1207 2005 τρόπον,
1244 1934 1406 2008 ἔφην,
1441 1938 1490 1991 εἰ
1520 1937 1614 1991 καὶ
1646 1938 1824 2009 σάρκα

1999 1929 2059 1980 0.
2092 1927 2172 1980 Ad
2208 1928 2463 1980 eumdem
2493 1922 2738 1986 modum,
2768 1922 2992 1990 inquam
3027 1936 3149 1991 ego,
3192 1920 3238 1975 si
3274 1935 3494 1975 carnem

245 2026 431 2081 λαϐὼν
485 2029 560 2098 μὴ
609 2027 707 2096 τὴν
752 2027 913 2096 ἐμήν.
983 2027 1045 2080 El
1095 2026 1154 2080 δὲ
1215 2030 1308 2080 καὶ
1352 2029 1452 2100 τὴν
1497 2029 1659 2098 ἐμὴν,
1689 2028 1827 2082 ἀλλὰ

249 2129 397 2183 κατά
435 2145 488 2181 τι
529 2125 1020 2197 παρηλλαγμένην,
1061 2126 1175 2197 ἔχοι
1223 2127 1268 2178 δ’
1317 2127 1384 2179 ἂν
1424 2127 1484 2180 τὸ
1533 2127 1823 2197 διάφορον·

246 2223 301 2274 εἰ
347 2220 422 2291 μὴ
471 2220 569 2272 καὶ
605 2217 943 2288 ὁμοιοπαθὴς
996 2218 1104 2286 εἴη,
1156 2219 1248 2271 καὶ
1295 2218 1438 2271 κατὰ
1490 2219 1665 2272 πάντα
1714 2221 1828 2282 τοῖς

248 2313 550 2382 ἡμετέροις
584 2310 980 2381 συμϐαίνουσα,
1019 2311 1238 2374 πάντως
1269 2311 1335 2364 ἂν
1368 2314 1401 2381 ἡ
1443 2311 1688 2380 σωτηρία
1730 2314 1828 2382 τῆς

250 2404 457 2475 σαρκὸς
486 2402 702 2472 ἐκείνης
737 2400 1037 2470 ἐτύγχανεν
1085 2397 1246 2464 οὖσα,
1278 2401 1413 2472 πρὸς
1446 2402 1514 2472 ἡν
1543 2401 1827 2470 άφομοιῶυ

249 2513 343 2549 σαι
371 2495 472 2564 τὴν
508 2495 686 2565 σάρκα
714 2493 812 2563 τὴν
834 2494 1128 2547 ἐνωθείσαν
1161 2493 1311 2564 αὐτῷ
1340 2493 1699 2563 κατηξίωσεν.

320 2587 364 2639 Α
423 2587 534 2640 Καὶ
559 2586 661 2650 τίς,
696 2586 821 2655 ἔφη,
859 2585 992 2655 πρὸς
1021 2587 1278 2637 τοσοῦτον
1306 2585 1506 2654 μανίας
1539 2584 1823 2654 ἐλήλακεν,

251 2678 402 2741 ὅστις
435 2678 555 2747 οὐχὶ
603 2676 779 2731 ταῦτα
812 2676 990 2745 ἀληθῆ
1022 2694 1080 2730 τε
1098 2673 1238 2729 εἶναι
1273 2675 1548 2745 ὁμολογεῖ,
1579 2677 1672 2728 καὶ
1701 2678 1827 2739 τοὺς

250 2770 330 2841 μὴ
377 2768 550 2832 οὕτως
602 2769 848 2838 ἔχοντας,
899 2769 1013 2827 τοῖς
1067 2767 1422 2837 κατακρίτοις
1467 2766 1824 2836 συναριθμεῖ;

321 2861 383 2913 ο.
429 2859 659 2913 Ἐκεῖνοι
706 2859 950 2924 πάντως,
997 2851 1170 2923 εἷπον,
1201 2860 1251 2911 οἱ
1303 2857 1513 2921 ἀπαθὲς
1564 2857 1825 2928 ὑπάρχειν

253 2951 381 3004 αὐτὸ
410 2953 504 3004 καὶ
532 2951 806 3021 ἄφθαρτον
827 2951 1154 3020 ὁριζόμενοι.

320 3047 385 3097 Δ.
411 3044 485 3097 Οὐ
509 3043 648 3096 κατά
674 3042 832 3110 φύσιν
853 3041 1231 3110 άπαθὲς,*ἔφη,
1252 3041 1313 3094 τὸ
1331 3041 1488 3112 σῶμα
1509 3043 1602 3095 καὶ
1618 3041 1826 3110 ἄφθαρ-

253 3156 342 3192 τον
367 3136 633 3206 λέγομεν,
687 3135 800 3189 ἀλλ’
839 3133 1032 3188 ἐνώσει
1072 3137 1138 3206 τῇ
1190 3135 1327 3204 πρὸς
1356 3134 1445 3188 τὸν
1477 3135 1610 3187 Θεὸν
1652 3134 1824 3201 Λόγον

253 3229 562 3299 γενόμενον.

324 3324 386 3372 0.
443 3319 607 3372 Οὐδὲν
662 3317 905 3387 διαφέρει
938 3356 955 3383 ,
987 3313 1053 3388 ἦν
1085 3316 1128 3370 δ’
1163 3315 1272 3385 ἐγὼ
1294 3355 1308 3380 ,
1336 3316 1429 3369 τοῦ
1475 3317 1738 3387 προτέρου
1766 3315 1826 3368 τὸ

255 3412 527 3482 δεύτερον,
550 3409 684 3463 ἀλλὰ
720 3409 820 3479 τὴν
852 3409 972 3476 ἰσην
1000 3408 1134 3478 πρὸς
1158 3410 1219 3461 τὸ
1243 3409 1412 3462 κακὸν
1442 3407 1670 3477 δύναμιν
1691 3407 1822 3478 ἔχει,

254 3503 414 3575 εἴπερ
445 3519 508 3571 γε
542 3502 678 3563 ὅλως
703 3501 803 3569 τὴν
833 3499 968 3571 πρὸς
998 3500 1057 3552 τὸ
1077 3501 1402 3570 ὁμοιοπαθὲς
1434 3500 1527 3552 τοῦ
1558 3499 1824 3569 ἡμετέρου

261 3593 508 3666 σώματος
538 3592 876 3661 συγγένειαν,
912 3592 1218 3663 παρῄτηται
1243 3594 1276 3663 ἡ
1310 3591 1403 3645 τοῦ
1433 3592 1637 3662 Κυρίου
1667 3591 1820 3662 σάρξ.

324 3686 388 3739 Α.
422 3684 548 3747 Πῶς
580 3684 758 3747 τοῦτο,
789 3683 915 3752 ἔφη,
947 3682 1127 3750 λέγεις
1154 3699 1170 3747 ;

325 3780 386 3833 0.
433 3778 557 3830 Ὅτι
608 3775 682 3846 μὴ
711 3774 893 3838 τοῦτο,
941 3770 1113 3837 εἷπον,
1174 3772 1292 3827 ἔστι
1335 3773 1394 3826 τὸ
1433 3772 1823 3842 σκοπούμενον,

258 3869 484 3940 πότερον
514 3867 704 3921 ἐνώσει
737 3867 768 3937 ἢ
801 3869 1113 3937 κατασκευῇ
1149 3865 1363 3934 φύσεως
1401 3865 1676 3935 ἄφθαρτον
1731 3866 1826 3934 γέ-

258 3979 413 4032 γονεν
439 3980 452 3992 ·
493 3962 607 4014 ἀλλ’
639 3963 687 4014 εἰ
713 3960 788 4030 μὴ
812 3960 912 4028 τῆς
944 3959 1218 4028 ἡμετέρας
1249 3957 1462 4026 φύσεως
1503 3956 1826 4026 ἀπαραλλά-

259 4069 399 4116 κτως
428 4051 496 4105 τά
521 4051 901 4121 γνωρίσματα,
936 4049 1074 4118 πλὴν
1112 4049 1210 4119 τῆς
1251 4049 1526 4120 ἁμαρτίας
1554 4048 1828 4117 διέσωζεν,

259 4143 384 4214 ἔφη.

329 4239 394 4289 Α.
428 4235 594 4288 Ὅσον
624 4252 688 4303 γε
712 4234 805 4287 ἐπὶ
829 4236 894 4304 τῇ
927 4232 1112 4305 πρώτῃ
1143 4233 1310 4302 αὐτῆς
1341 4232 1620 4295 συστάσει,
1652 4232 1829 4285 καὶτὸ

257 4329 353 4391 τὰς
377 4326 550 4398 ἀρχάς
580 4325 724 4396 ἔχειν
755 4328 819 4379 ἐκ
856 4327 956 4396 τῆς
991 4327 1278 4391 Θεοτόκου,
1318 4326 1553 4394 ἀδελφῆς
1585 4340 1645 4376 τε
1671 4324 1828 4393 ἡμῶν

258 4419 421 4490 οὔσης
457 4417 599 4471 κατὰ
622 4417 719 4488 τὴν
743 4417 908 4488 φύσιν
939 4457 953 4481 ,
987 4418 1082 4471 καὶ
1111 4420 1290 4488 πάσης
1322 4416 1684 4486 κοινωνούσης
1730 4418 1827 4488 τῆς

263 4511 520 4580 ἰδιότητος
548 4509 641 4562 τοῦ
673 4509 1011 4579 ἀνθρωπείου
1045 4513 1438 4582 συγκρίματος.

1926 2019 2250 2088 sumpsisset
2279 2033 2387 2070 non
2413 2031 2624 2080 meam;
2669 2015 2715 2068 si
2754 2029 2887 2068 vero
2918 2029 3116 2077 meam,
3155 2023 3336 2070 tamen
3392 2015 3496 2069 ali-

1925 2120 2133 2180 quanto
2183 2108 2551 2170 diﬂ‘erentem,
2619 2114 2873 2174 essetque
2909 2105 3244 2167 differentia,
3287 2104 3334 2157 si
3387 2119 3497 2160 non

1926 2210 2072 2256 esset
2098 2201 2352 2256 similiter
2386 2197 2682 2268 passibilis,
2710 2205 2765 2250 et
2790 2211 2887 2258 per
2923 2194 3105 2251 omnia
3140 2211 3262 2248 cum
3291 2195 3359 2250 iis
3379 2209 3498 2264 quas

1929 2294 2107 2350 carnis
2133 2302 2336 2348 nostrae.
2388 2300 2536 2354 sunt,
2567 2289 2935 2352 conveniens;
2995 2286 3310 2341 necessario
3353 2287 3500 2340 illius

1929 2387 2112 2441 carnis
2141 2385 2289 2439 salus
2323 2392 2488 2448 esset,
2521 2382 2610 2436 cui
2635 2395 2858 2435 carnem
2895 2379 2999 2434 sibi
3038 2380 3248 2434 unitam
3280 2379 3499 2434 assimi-

1926 2477 2042 2532 lare
2072 2476 2353 2530 voluisset.

2001 2571 2065 2623 ﬂ.
2104 2569 2172 2622 Et
2217 2568 2361 2636 quis,
2414 2568 2611 2636 inquit,
2669 2582 2734 2621 eo
2775 2566 3001 2620 insania:
3052 2567 3406 2635 processerit,
3439 2575 3500 2620 ut

1927 2678 2056 2716 vera
2074 2677 2192 2716 esse
2226 2661 2340 2714 haec
2375 2675 2484 2714 non
2509 2658 2871 2721 conﬁteatur;
2916 2664 2972 2710 et
3011 2673 3106 2711 eos
3133 2657 3226 2728 qui
3283 2674 3392 2712 non
3421 2659 3502 2713 sic

1928 2750 2193 2812 sentiunt,
2248 2749 2304 2801 in
2331 2747 2602 2800 damnatis
2636 2750 2746 2799 non
2776 2746 3071 2798 numeret?

1998 2841 2061 2895 0.
2096 2841 2201 2902 llli,
2230 2841 2478 2908 inquam,
2497 2848 2670 2900 certe,
2692 2839 2785 2907 qui
2809 2837 3082 2890 definiunt
3108 2852 3306 2907 corpus
3328 2838 3499 2893 fuisse

1928 2933 2261 2996 impassibile
2294 2939 2349 2985 et
2392 2929 2831 2999 incorruptibile.

1998 3023 2061 3078 Η.
2100 3025 2242 3088 Νοη,
2261 3022 2459 3092 inquit,
2485 3021 2819 3087 impassibile
2845 3028 3041 3074 natura
3071 3035 3272 3090 corpus
3295 3018 3496 3074 factum

1927 3132 2045 3172 esse
2075 3115 2331 3178 dicimus,
2360 3113 2456 3168 sed
2489 3113 2690 3167 unione
2721 3126 2847 3166 cum
2879 3110 3079 3166 Verbo.

1997 3309 2060 3364 0.
2116 3308 2230 3378 Ego
2278 3321 2408 3362 vero
2463 3305 2602 3359 nihil
2643 3303 2918 3374 posterius
2971 3318 2999 3356 a
3047 3303 3234 3372 priore
3274 3301 3498 3358 dili'erre

1929 3406 2061 3470 dixi,
2103 3405 2198 3460 sed
2253 3402 2502 3457 eamdem
2550 3402 2658 3455 vim
2705 3400 2771 3454 ad
2830 3399 3142 3454 nocendum
3195 3398 3421 3462 habere,
3451 3399 3496 3452 si

1928 3515 2057 3553 caro
2078 3497 2294 3553 Domini
2329 3495 2552 3566 penitus
2583 3493 2902 3547 aﬂinitatem
2952 3507 3075 3545 cum
3131 3491 3496 3561 passibilitate

1928 3588 2104 3644 nostri
2131 3586 2379 3655 corporis
2421 3592 2661 3639 recusat.

2003 3681 2065 3734 H.
2099 3677 2409 3744 Quomodo,
2441 3674 2638 3744 inquit,
2671 3673 2776 3726 hoc
2806 3671 2924 3727 ais?

1997 3774 2061 3830 Ο.
2083 3773 2353 3840 Quoniam
2371 3785 2480 3824 non
2510 3778 2612 3832 est,
2632 3769 2875 3837 inquam,
2905 3765 3012 3820 hoc
3040 3765 3185 3836 quod
3210 3767 3496 3835 quaeritur,

1928 3875 2110 3922 utrum
2145 3865 2370 3928 unione,
2428 3878 2496 3916 an
2535 3869 2745 3915 natura:
2777 3858 3136 3913 fabricatione
3173 3857 3376 3913 factum
3415 3868 3501 3914 est

1929 3955 2382 4026 incorruptibile;
2440 3951 2536 4007 sed
2595 3966 2666 4004 an
2723 3957 2933 4004 natura:
2985 3957 3187 4003 nostra:
3247 3957 3403 4004 notas
3445 3959 3502 4004 et

1929 4052 2081 4122 signa
2137 4049 2255 4103 sine
2313 4047 2423 4100 ulla
2483 4041 2903 4106 immutatione,
2963 4049 3192 4110 excepto
3248 4050 3498 4112 peccato,

1929 4139 2202 4196 servabat.

1999 4230 2064 4284 Η.
2092 4225 2279 4295 Quoad
2327 4223 2582 4295 primam,
2616 4221 2815 4290 inquit,
2864 4218 3036 4289 ipsius
3061 4228 3274 4274 naturae
3297 4222 3503 4276 consti-

1931 4322 2196 4376 tutionem
2225 4328 2280 4373 et
2317 4315 2587 4388 principia
2618 4329 2683 4368 ex
2704 4312 2874 4367 Matre
2897 4312 2994 4366 Dei
3021 4322 3077 4366 et
3105 4327 3293 4368 sorore
3317 4320 3503 4367 nostra

1930 4414 2231 4470 secundum
2291 4419 2589 4472 naturam,
2655 4421 2774 4476 qua:
2835 4420 3053 4460 omnem
3110 4404 3500 4474 proprietatem

1931 4505 2154 4561 humani
2190 4502 2438 4571 corporis
2466 4498 2832 4569 participavit.

328 4603 391 4656 0.
425 4598 770 4670 Σαφεστέρας
811 4599 1015 4653 δεῖσθαι
1044 4600 1141 4670 τὴν
1171 4602 1460 4671 ἀπόκρισιν
1496 4600 1824 4670 ἐξηγήσεως,

2002 4599 2065 4654 Ο.
2097 4596 2397 4652 Clariorem
2434 4591 2834 4662 expositionem
2855 4588 3142 4658 responsio
3167 4587 3500 4656 postulabat,

260 4697 383 4764 ἔφη,
431 4692 784 4764 παριστώσης
836 4693 966 4762 ἡμῖν
997 4691 1429 4762 τηλαυγέστερον
1464 4692 1522 4744 τὸ
1562 4691 1828 4760 ζητούμε-

262 4804 369 4840 νον.
400 4786 473 4840 Οὐ
500 4785 610 4855 γὰρ
641 4782 824 4845 άπλῶς
863 4781 1035 4844 οὕτως
1068 4782 1126 4847 ἐξ
1160 4775 1235 4835 ὧν
1260 4781 1507 4852 εἴρηκας,
1539 4779 1826 4848 γινώσκειν

262 4879 389 4948 ἔχω.

329 4970 394 5023 Α.
424 4969 492 5022 Τί
521 4968 646 5038 μὴν,
679 4966 804 5035 ἔφη,
838 4963 1210 5036 ἀσαφέστερον
1239 4965 1473 5036 εἴρηκας

334 5062 396 5112 0.
425 5061 682 5131 Πότερον,
710 5059 866 5128 ἔφην,
898 5053 1006 5126 ἆρα
1031 5056 1122 5110 τοῦ
1155 5056 1406 5125 σώματος
1426 5059 1526 5128 τῆς
1547 5059 1824 5131 Παρθένου

271 5149 863 5220 μεταστοιχειωθέντος,
884 5147 1096 5217 καὶτῆς
1129 5147 1263 5209 ιδίας
1283 5149 1572 5211 ἐκστάντος
1591 5149 1824 5217 φύσεως,

268 5241 370 5294 ὑπὸ
399 5240 500 5309 τῆς
541 5241 634 5292 τοῦ
667 5241 842 5308 Λόγου
873 5240 1158 5309 δυνάμεως
1184 5237 1377 5302 οὕτως
1424 5238 1482 5304 ἐξ
1521 5240 1689 5310 αὐτῆς
1729 5242 1828 5311 τῆς

271 5332 499 5403 μήτρας,
547 5329 719 5394 ἄλλως
769 5330 995 5400 ἔχουσαν
1037 5330 1135 5400 τὴν
1173 5331 1450 5400 ἡμετέραν
1490 5331 1636 5400 αὐτῷ
1667 5330 1829 5399 φύσιν

267 5421 504 5492 ἡνῶσθαι
534 5420 750 5488 λέγεις;
785 5421 818 5490 ἢ
862 5421 959 5490 τῆς
988 5421 1265 5491 Παρθένου
1303 5424 1398 5491 μὲν
1435 5423 1490 5473 ἐν
1524 5424 1634 5492 τοῖς
1683 5422 1827 5475 ἰδιώ-

268 5528 398 5582 μασι
423 5511 524 5580 τῆς
571 5509 785 5579 φύσεως
817 5510 1098 5581 μεινάσης,
1146 5509 1313 5564 τῶνδε
1361 5511 1591 5583 πρώτων
1621 5514 1826 5585 ἀρχῶν,

264 5603 369 5656 τῶν
435 5602 780 5674 παρθενικῶν
839 5603 1088 5672 αἱμάτων
1142 5603 1305 5672 λέγω,
1336 5604 1826 5676 μεταποιηθέντων,

264 5695 531 5766 ἄφθαρτον
562 5694 890 5766 γεγενῆσθαι
919 5696 1018 5764 τὴν
1049 5698 1265 5767 σάρκας

333 5788 395 5841 Α.
455 5787 614 5850 Τινὲς
678 5787 776 5857 μὲν
803 5825 817 5848 ,
850 5785 988 5856 ἔφη,
1030 5786 1123 5840 καὶ
1150 5790 1216 5858 τῇ
1264 5788 1504 5860 προτέρᾳ
1549 5789 1675 5862 δόξῃ
1720 5791 1828 5843 τῶν

267 5876 643 5945 ἁπλουστέρων
691 5873 841 5946 οἶμαι
874 5875 1278 5945 προστίθενται,
1334 5877 1492 5929 πλέον
1524 5877 1556 5948 ἡ
1586 5879 1827 5948 προσῆκε

1935 4703 2056 4758 qua:
2090 4685 2252 4740 nobis
2278 4681 2578 4736 dilucidius
2626 4677 2988 4746 qumstionem
3020 4675 3360 4745 explicaret;
3392 4684 3503 4730 non

1930 4775 2078 4829 enim
2118 4772 2197 4826 sic
2221 4767 2544 4839 simpliciter
2582 4781 2648 4820 ex
2688 4763 2757 4818 iis
2785 4779 2906 4833 quae
2952 4762 3164 4827 dixisti,
3195 4762 3505 4833 intelligere

1929 4877 2171 4932 possum.

2000 4962 2065 5016 11.
2096 4958 2258 5027 Quid,
2287 4957 2487 5027 inquit,
2529 4955 2816 5010 obscurius
2851 4942 3005 5009 dixi?

1999 5053 2061 5108 Ο.
2088 5053 2306 5115 Utrum,
2339 5048 2582 5118 inquam,
2606 5062 2836 5115 corpore
2858 5045 3096 5116 Virginis
3132 5053 3363 5110 mutato,
3394 5054 3450 5100 et
3470 5061 3501 5098 a

1929 5146 2150 5218 propria
2191 5151 2389 5198 natura
2441 5140 2642 5194 virtute
2702 5138 2867 5194 Verbi
2930 5139 3190 5203 alienato,
3234 5147 3493 5194 naturam

1931 5247 2172 5292 nostram
2199 5236 2278 5289 sic
2304 5250 2369 5289 ex
2399 5233 2519 5303 ipso
2541 5239 2699 5285 utero
2724 5230 2886 5284 aliter
2931 5230 3228 5287 habentem
3289 5231 3500 5287 unitam

1929 5344 2049 5385 esse
2069 5329 2120 5383 ei
2157 5325 2328 5391 dicis;
2357 5341 2423 5380 an
2453 5339 2585 5379 vero
2620 5332 2874 5377 manente
2890 5323 3112 5394 Virgine
3157 5324 3212 5378 in
3245 5327 3498 5397 proprie-

1931 5420 2137 5476 tatibus
2165 5426 2396 5482 naturaa,
2445 5415 2735 5486 principiis
2783 5429 2913 5470 vero
2962 5415 3178 5484 primis,
3215 5418 3500 5489 sanguinis

1931 5513 2145 5570 scilicet
2173 5509 2477 5580 virginalis,
2508 5507 2886 5562 transmutatis
2911 5522 3132 5563 carnem
3156 5507 3499 5580 incorrupti-

1931 5606 2094 5661 bilem
2134 5609 2447 5674 generatam
2479 5599 2643 5656 esse?

2001 5781 2360 5848 H.Nonnulli,
2379 5781 2576 5851 inquit,
2600 5781 2774 5852 priori
2801 5780 3048 5851 opinioni
3080 5782 3498 5853 simpﬁciorum,

1932 5878 2146 5949 opinor,
2169 5876 2568 5939 adhzerescunt,
2605 5875 2892 5945 plusquam
2928 5875 3203 5939 convenit,
3226 5876 3503 5934 honoran-
