4068 6548
473 477 605 549 1227
653 519 660 526 -
1711 463 2023 527 LEONTII
2063 459 2469 523 BYZANTINI
3609 437 3762 507 132³

471 611 553 653 tes
575 592 876 664 Virginem,
913 598 968 644 et
992 588 1295 643 absurdum
1356 586 1486 638 inde
1533 572 1891 652 proﬁciscens
1939 591 2050 630 non

2180 576 2252 646 ὴν
2301 573 2579 646 Παρθένον
2635 568 3130 641 ἀποσεμνύνοντες.
3185 561 3283 618 καὶ
3341 564 3441 635 τὴν
3491 551 3759 616 {vt-:6ch

468 655 847 759 proViddntes,
873 687 930 738 et
980 680 1128 752 quod
1173 681 1218 735 si
1252 675 1385 749 quid
1416 666 1736 748 huiusmodi
1761 670 2056 726 accidisset

2180 657 2545 754 ιναφυομένην
2574 659 2806 720 ἀτοπίαν
2839 659 2899 717 οὺ
2937 657 3336 732 προορώμενοι,
3365 657 3462 710 καὶ
3483 657 3560 720 ὣς
3586 655 3758 727 εῦιερ

472 747 703 851 Virgini,
735 747 1021 830 habilitate
1049 747 1300 844 pariendi
1328 747 1540 842 privata
1587 763 1806 822 fuisset.

2180 769 2208 812 rt
2233 750 2440 814 τοιοῧτο
2461 752 2528 831 τῇ
2560 752 2823 828 Παρθένῳ
2852 773 2916 809 συ
2925 751 3213 825 μϐεϐήκει,
3240 749 3336 805 καὶ
3358 748 3528 820 αὐτῆς
3559 747 3626 802 ἂν
3646 750 3763 818 τῆς

2161 850 2296 923 πρὸς
2321 850 2382 903 τὸ
2408 850 2613 904 τίκτειν
2639 847 3078 916 ἐπιτηδειότητος
3104 841 3464 912 ἀπεστέρητο.

539 955 604 1014 Ο.
656 953 976 1017 V'erissima,
1035 952 1255 1023 inquam
1305 963 1440 1022 ego,
1492 949 1654 1006 dicis.
1706 939 1865 1014 Quod
1907 944 2059 1000 enim

2231 945 2294 995 Ο.
2335 939 2729 1010 ’Δληθέστατα,
2759 933 2828 1010 ῆν
2851 937 2895 990 δ’
2921 935 3054 1004 ἐγὼ,
3087 932 3289 1002 λέγεις.
3313 932 3387 984 Τὸ
3406 929 3516 1000 γὰρ
3540 927 3766 999 ἄφθαρ-

475 1045 905 1116 incorruptibile
928 1051 1036 1111 est,
1067 1019 1364 1114 nunquam
1387 1041 1455 1097 ad
1505 1040 1798 1097 ferendum
1840 1046 2060 1109 partum

2180 1051 2250 1088 τον
2301 1031 2602 1095 καταστὰν,
2668 1031 2769 1084 οὐκ
2800 1029 2866 1085 άν
2916 1043 3048 1080 ποτε
3092 1025 3189 1079 τοῦ
3235 1024 3526 1094 κυοφορεῖν
3561 1037 3622 1073 τε
3654 1019 3768 1072 καὶ

472 1151 529 1195 et
557 1140 887 1211 pariendum
918 1137 1180 1194 idoneum
1210 1137 1340 1193 erit.
1394 1135 1682 1191 Adventus
1714 1141 1899 1188 autem
1933 1125 2062 1200 Spi-

475 1233 618 1287 ritus
650 1232 825 1287 sancti
850 1247 960 1286 non
989 1230 1141 1296 fecit,
1170 1245 1350 1299 neque
1391 1227 1703 1299 prohibuit,
1741 1223 1875 1294 quin
1895 1222 2063 1292 Virgo

474 1325 539 1382 ad
565 1315 943 1397 generandum
974 1333 1102 1392 apta
1128 1328 1294 1378 esset.
1321 1319 1529 1376 Contra
1588 1317 1776 1390 potius
1829 1315 1900 1371 ad
1931 1329 2066 1369 con-

474 1425 698 1488 ceptum
724 1416 844 1471 sine
888 1415 1099 1470 semine
1124 1411 1410 1483 provisum
1445 1423 1613 1481 supra
1652 1401 1913 1464 'baturam
1937 1417 2066 1477 pro-

477 1512 644 1567 vexit.
687 1507 829 1564 lllud
864 1518 996 1562 Vero
1021 1505 1152 1560 milii
1189 1507 1244 1559 in
1280 1511 1522 1558 'mentem
1549 1503 1722 1568 venit,
1742 1499 1890 1572 quod
1915 1499 1983 1564 si,
2003 1501 2066 1553 u't

477 1599 555 1653 illi
589 1594 907 1669 Opin'ant'u'r,
935 1597 1103 1666 Virgo
1139 1603 1240 1665 per
1273 1595 1574 1649 adventum
1620 1591 1862 1661 Spiritus
1888 1587 2065 1644 sancti

476 1693 620 1748 facta
651 1699 734 1745 est
760 1687 1223 1759 incorruptibilis,
1286 1682 1379 1741 illa
1421 1683 1741 1741 necessario
1805 1680 1947 1737 facta
1981 1688 2069 1736 est

477 1782 901 1838 immortalitatis
923 1781 1144 1852 generis
1169 1777 1344 1835 nostri
1371 1777 1548 1844 radix,
1584 1785 1773 1832 etnon
1806 1773 2068 1830 ’surculus

475 1875 701 1930 divinus
730 1889 798 1930 ex
823 1890 887 1928 ea
908 1871 1234 1944 productus.

549 2047 612 2111 Η.
646 2053 888 2126 Optime,
930 2051 1134 2124 inquit,
1183 2048 1359 2116 dicis;
1407 2049 1510 2105 nec
1557 2049 1706 2104 enim
1745 2046 1915 2103 semel
1941 2055 2069 2116 pro-

477 2153 653 2206 ditum
672 2156 778 2212 est,
812 2145 978 2200 vitam
1019 2143 1257 2216 Virginis
1305 2137 1582 2197 natu'ralis’
1620 2137 1844 2195 habitus
1883 2145 2068 2191 muta-

479 2232 686 2298 tionem
721 2237 937 2309 cepisse
970 2254 984 2290 :
1029 2235 1328 2306 puritatem
1362 2233 1510 2288 enim
1538 2231 1736 2286 animae
1763 2236 1821 2285 et
1862 2223 2070 2284 sancti-

483 2308 975 2389 licationemcarni
1017 2327 1206 2382 attulit
1255 2319 1528 2381 adventus
1571 2323 1813 2396 Spiritus
1853 2308 2066 2389 sancti;

483 2444 591 2482 non
616 2434 800 2480 autem
830 2419 1153 2479 substantiae
1168 2427 1263 2475 aut
1296 2426 1509 2474 natura
1533 2415 1981 2472 immutationem
2011 2413 2070 2469 in

480 2535 547 2573 ca
574 2516 782 2573 eﬂecit.

555 2710 620 2767 Ο.
653 2695 813 2774 Illud,
847 2708 1093 2779 inquam,
1116 2701 1261 2761 adde
1287 2702 1356 2759 ad
1387 2701 1699 2772 superiora,
1758 2695 1908 2769 quod
1943 2691 2074 2766 Spi-

489 2808 631 2862 ritus
649 2803 877 2875 quidem
903 2799 1186 2871 Virginem
1219 2797 1425 2852 virtute
1453 2793 1773 2867 gravidante
1801 2789 2070 2861 implevit,

488 2908 549 2954 ut
581 2909 776 2952 natura
837 2909 1002 2968 supra
1046 2901 1328 2954 naturam,
1372 2887 1584 2958 spicam
1643 2885 1764 2941 sine
1825 2881 2073 2938 aratione

489 2986 842 3060 produceret,
905 2991 962 3036 et
1013 2995 1201 3035 ramus
1237 2994 1309 3035 ex
1352 2976 1541 3032 radice
1583 2971 1843 3046 virginali
1907 2985 2074 3042 supra

489 3093 655 3149 quam
695 3073 1021 3130 naturaliter
1049 3071 1318 3126 oriretur.

562 3163 627 3219 H.
666 3165 860 3229 Recte,
888 3161 1091 3232 inquit,
1112 3161 1260 3215 bone
1293 3158 1401 3213 vir.

562 3257 629 3314 Ο.
683 3253 841 3310 Nunc
872 3269 1005 3309 vero
1036 3261 1256 3322 tempus
1281 3260 1388 3315 est,
1421 3248 1622 3311 amice,
1651 3255 1708 3301 ut
1733 3255 1984 3301 amanter
2020 3254 2076 3300 et

494 3348 708 3421 placide
729 3343 876 3417 quod
900 3344 1166 3413 deinceps
1187 3341 1460 3412 sequitur,
1481 3338 1917 3395 censideremu‘s.
1935 3335 2077 3392 Cum

493 3439 643 3497 enim
692 3436 986 3493 conveniat
1041 3434 1188 3488 inter
1246 3447 1371 3498 nos,
1405 3427 1601 3486 eadem
1658 3423 1860 3484 natura
1905 3427 2079 3483 fuisse

495 3545 716 3601 semper
770 3528 1077 3599 Virginem,
1135 3540 1237 3581 nec
1282 3526 1337 3580 in
1361 3522 1531 3578 alium
1583 3515 1800 3578 naturae
1845 3527 2078 3586 Statum,

497 3638 662 3695 quam
689 3636 802 3692 quo
851 3637 882 3675 a
927 3617 1204 3690 principio
1257 3622 1399 3681 erat,
1428 3614 1727 3680 transisse;
1765 3613 1967 3685 pi‘gn‘us
2013 3617 2084 3667 "ex

499 3718 618 3787 ipsa
657 3721 859 3768 natura
894 3719 1106 3776 nostra,
1153 3724 1338 3763 annon
1391 3705 1480 3762 via
1511 3703 1792 3762 et'o'rdin'e
1843 3709 2058 3759 naturae

499 3811 747 3879 tempora
779 3814 973 3879 partus
999 3801 1310 3874 servabat!

574 3991 640 4056 Π.
661 3985 781 4052 imo
809 3995 1068 4061 maxime,
1095 3984 1298 4062 inquit.

574 4092 640 4146 Ο.
696 4088 968 4144 Paulatim
1016 4083 1188 4149 enim,
1228 4081 1554 4153 inquam,in
1607 4085 1768 4136 utero
1821 4079 2082 4151 virginali

505 4186 668 4242 fictus
709 4189 768 4237 et
833 4179 1124 4242 formatus,
1151 4176 1480 4246 proﬁciebat
1529 4174 1650 4244 lege
1701 4174 1914 4242 partus,
1961 4181 2084 4226 tan-

505 4292 672 4349 quam
719 4273 788 4330 ad
846 4269 1221 4326 maturitatem
1267 4257 1569 4338 perfectam
1620 4264 1868 4326 infantis.
1917 4267 1979 4318 ut
2018 4279 2087 4319 ex

507 4367 692 4425 verbis
719 4361 1004 4434 Evangelii
1031 4349 1271 4432 perspici
1315 4364 1519 4429 potest,
1556 4367 1683 4412 cum
1740 4357 1850 4411 ait:
1889 4354 1957 4410 Et
1983 4356 2086 4410 im—

508 4463 636 4536 pleti
655 4467 780 4515 sunt
813 4458 944 4521 dies,
979 4461 1037 4508 ut
1066 4459 1276 4525 pareret
1302 4452 1343 4483 "
1371 4451 1508 4522 ipsa.
1530 4443 1639 4507 Ubi
1663 4449 1812 4503 circa
1842 4457 2085 4520 partum,

508 4557 656 4613 sicut
704 4552 850 4608 circa
883 4555 1234 4618 conceptum,
1278 4543 1608 4598 miraculum
1665 4540 1991 4596 admirabile
2032 4548 2090 4594 et

2162 1126 2443 1200 σαρκικῶς
2495 1125 2812 1180 άποτίκτειν
2865 1122 3078 1192 γένοιτο
3111 1117 3380 1172 δεκτικόν.
3431 1116 3496 1168 Ἠ
3547 1114 3605 1168 δὲ
3655 1112 3765 1166 ῖτῦὗ

2162 1217 2482 1290 Πνεύματος
2515 1217 2748 1288 ἔνδημία
2791 1215 2912 1285 οὐχὶ
2931 1213 3030 1284 τὴν
3059 1209 3478 1280 ἐπιτηδειότητα
3501 1206 3596 1260 τοῦ
3627 1211 3765 1274 γεν-

2161 1313 2260 1384 νᾷν
2283 1311 2379 1383 τὴν
2414 1309 2691 1382 Παρθένον
2711 1307 2965 1377 ἀφείλετο
2997 1306 3032 1378 ἦ
3061 1303 3396 1358 κεκώλυκεν.
3426 1297 3767 1354 Τουναντίον

2167 1405 2265 1475 μὲν
2312 1397 2407 1458 οὖν
2444 1404 2538 1456 ἐπὶ
2564 1401 2664 1474 τὴν
2695 1400 2952 1473 ἀσπόρως
2979 1396 3429 1467 οίκονομηθείσαν
3461 1391 3763 1462 σύλληψιν,

2170 1491 2472 1568 θπερφυῶς
2501 1494 2672 1566 αὐτὴν
2699 1491 3108 1566 προσηγάγετο.
3137 1490 3372 1542 κακεῖνο
3408 1487 3466 1540 δέ
3495 1503 3586 1556 μοι
3627 1492 3768 1537 σκο-

2167 1591 2292 1643 πεῖν
2313 1589 2546 1653 ἔπεισιν,
2573 1587 2650 1650 ὡς
2671 1589 2718 1640 εί
2743 1585 2865 1638 κατ’
2889 1584 3132 1646 ἐκείνους
3155 1583 3187 1653 ἠ
3219 1581 3515 1652 Παρθένος,
3545 1579 3765 1648 ἄφθαρ-

2165 1700 2258 1747 τος
2282 1684 2349 1755 τῇ
2402 1681 2750 1752 ἐπιφοιτήσει
2781 1678 2874 1734 τοῦ
2904 1677 3225 1748 Πνεύματος
3268 1677 3497 1746 γέγονεν
3519 1717 3534 1741 ,
3567 1675 3763 1745 ἐκείνη

2167 1777 2388 1842 πάντως
2411 1773 2477 1830 ἂν
2512 1774 2606 1829 καὶ
2639 1769 2764 1847 ῥίζα
2793 1773 2892 1842 τῆς
2919 1771 3012 1825 τοῦ
3041 1772 3235 1841 γένους
3260 1769 3418 1840 ἡμῶν
3448 1767 3763 1839 ἀφθαρσίας

2174 1868 2492 1940 ἐτύγχανεν,
2519 1868 2634 1922 ἀλλ’
2665 1867 2765 1938 οὐχ
2788 1867 2816 1919 ὁ
2845 1865 2903 1933 ἐξ
2932 1864 3103 1935 αὐτῆς
3137 1862 3419 1935 προελθὼν
3459 1859 3604 1925 θεῖος
3627 1860 3764 1932 pla-

2178 1957 2324 2021 στός.
3475 1973 3483 1980 -

2247 2051 2312 2102 Δ.
2346 2047 2644 2112 Κάλλιστα,
2673 2044 2777 2117 ἔφη
2800 2086 2815 2113 ,
2842 2037 3026 2114 λέγεις
3055 2059 3070 2074 ο
3103 2039 3226 2100 οὐδὲ
3256 2041 3366 2116 γὰρ
3391 2045 3425 2114 ἠ
3465 2041 3627 2114 λοιπὴ
3661 2043 3764 2114 τῆς

2173 2137 2458 2213 Παρθένου
2513 2137 2629 2212 ζωὴ
2696 2136 3099 2212 παραδεδέχθαι
3172 2135 3432 2204 καθάπαξ
3485 2137 3768 2207 ἱστόρηται

2175 2232 2278 2303 τῆς
2307 2231 2542 2304 φυσικῆς
2571 2230 2745 2298 ἕξεως
2784 2229 3150 2302 μεταποίησιν
3183 2244 3198 2260 ο
3249 2228 3624 2301 καθαρῦτητος
3662 2229 3770 2300 μὶν

2178 2326 2289 2398 γὰρ
2325 2324 2578 2398 ὑπῆρχεν
2611 2325 2756 2398 αὐτῇ
2789 2325 2889 2396 τῆς
2915 2323 3058 2378 κατὰ
3083 2321 3268 2394 ψυχὴν
3298 2361 3313 2385 ,
3353 2322 3450 2375 καὶ
3485 2320 3769 2392 ἀγιασμοῦ

2178 2414 2274 2474 τού
2314 2418 2456 2475 κατά
2480 2418 2580 2492 τὴν
2605 2417 2785 2490 σάρκα
2817 2419 3078 2490 πρόξενος
3110 2419 3144 2488 ή
3170 2412 3264 2469 τοῦ
3294 2413 3614 2485 Πνεύματος
3641 2413 3772 2467 ἑπι-

2181 2513 2427 2586 φοίτησις
2451 2555 2466 2580 ,
2493 2513 2558 2567 ὀύ
2599 2509 2708 2584 μὴν
2749 2509 2938 2575 ούσίας
2967 2511 3002 2582 ἢ
3031 2509 3249 2580 φύσεως
3286 2505 3511 2579 ἄμειψιν
3532 2506 3598 2560 ὲν
3627 2505 3770 2577 αὐτῇ

2179 2605 2576 2662 κατεσκεύασε.

2254 2698 2314 2751 0.
2346 2695 2601 2762 κακεῖνο,
2649 2688 2786 2766 ἔφην
2804 2737 2818 2761 ,
2846 2696 2958 2760 τοῖς
2995 2692 3312 2766 εἰρημένοις
3335 2687 3618 2764 προστίθει
3641 2705 3658 2720 ·
3680 2688 3769 2744 δτι

2181 2807 2246 2860 γε
2273 2790 2337 2861 δὴ
2369 2787 2428 2843 τὺ
2459 2788 2681 2859 Πνεῦμα
2704 2830 2720 2854 ,
2753 2790 2801 2842 εί
2827 2788 2890 2841 τὸ
2938 2783 3080 2858 ὑπὲρ
3106 2788 3207 2858 τὴν
3234 2786 3396 2854 φύσιν
3431 2781 3671 2855 ὑπάρξαι
3696 2784 3766 2853 τῇ

2184 2883 2350 2954 φύσει
2400 2882 2827 2954 καρποφορῆσαι
2862 2881 3065 2951 στάχυν
3109 2879 3396 2949 ἂνήροτον,
3429 2877 3528 2931 καὶ
3573 2874 3769 2930 κλάδον

2184 2973 2522 3048 παρθενικῆς
2555 2973 2714 3044 ῥίζης
2741 2969 3038 3043 ὑπερφυῶς
3071 2967 3434 3041 ἐκφυόμινον.

2255 3155 2321 3209 Α.
2355 3147 2429 3208 Εὖ
2459 3167 2544 3221 γε,
2575 3151 2704 3222 ἔφη,
2729 3145 2774 3204 ὣ
2805 3149 3072 3221 βέλτιστε.

2257 3249 2317 3302 0.
2352 3246 2464 3300 Νῦν
2495 3246 2550 3300 δὲ
2578 3245 2643 3316 δὴ
2682 3244 2904 3315 καιρὸς,
2935 3237 2980 3297 ὦ
3006 3243 3254 3313 φιλότης,
3291 3242 3454 3313 ἔφην,
3489 3239 3776 3312 ἆγαπητι·

2182 3340 2294 3404 κῶς
2329 3353 2389 3392 τε
2420 3336 2518 3392 καὶ
2566 3336 2788 3409 πραέως
2817 3342 2880 3388 τὸ
2918 3334 3046 3408 ἑξῆς
3089 3327 3604 3405 συνδιασκέψασθαι.
3652 3326 3776 3403 τῆς

2175 3432 2290 3504 ’γὰρ
2320 3421 2601 3504 Παρθένου
2642 3428 3116 3500 συνομολογούσης
3145 3425 3282 3498 ἡμῖν
3323 3427 3595 3491 ὡσαύτως
3620 3423 3777 3496 ἔχειν
3873 3477 3876 3480 .

2177 3522 2326 3577 κατὰ
2354 3522 2456 3593 τὴν
2485 3519 2649 3591 φύσιν
2676 3521 2763 3574 ἀεὶ
2792 3560 2808 3585 ,
2836 3520 2933 3573 καὶ
2965 3519 3040 3590 μὴ
3083 3519 3221 3591 πρὸς
3257 3518 3454 3585 ἑτέραν
3481 3518 3634 3588 παρὰ
3668 3517 3777 3590 τὴν

2177 3617 2244 3684 ἓξ
2274 3617 2451 3688 ἀρχῆς
2485 3615 2734 3686 ὑπάρχου
2745 3627 2846 3666 σαν
2869 3611 3038 3684 αὐτῇ,
3075 3605 3469 3682 μεταχωρῆσαι
3492 3608 3780 3663 κατάστα-

2186 3727 2293 3774 σιν,
2324 3710 2352 3762 ὁ
2385 3706 2443 3774 ἐξ
2475 3704 2646 3775 αὐτῆς,
2673 3703 2774 3773 τῆς
2802 3702 3084 3773 ἡμετέρας
3106 3701 3330 3770 φύσεως
3364 3691 3651 3773 ἃρραΰὼν,
3681 3695 3780 3769 ἆρ’

2175 3803 2306 3874 ⁴ούχὶ
2341 3799 2446 3869 ὀδῷ
2481 3798 2574 3852 καὶ
2608 3797 2764 3862 τάξει
2793 3795 3031 3866 φύσεως,
3072 3793 3200 3859 τοὺς
3241 3789 3470 3866 χρονους
3502 3793 3780 3862 ἐγίνωσκε

2185 3895 2287 3965 τῆς
2317 3893 2569 3966 κυήσεως
2593 3907 2607 3956 ;

2257 3987 2320 4038 Α.
2353 3983 2501 4037 Πάνυ
2533 3981 2632 4053 μὲν
2670 3978 2787 4046 οὖν,
2819 3971 2956 4050 ἔφη.

2255 4079 2322 4130 υ.
2372 4075 2534 4130 Κατὰ
2580 4073 2756 4146 βραχὺ
2804 4075 2915 4144 γὰρ
2975 4073 3034 4126 ἐν
3080 4063 3146 4140 τῇ
3195 4067 3506 4142 παρθενικῇ
3549 4065 3778 4140 μῆτρᾳ,

2189 4170 2498 4240 προέκοπτε
2529 4168 2681 4239 νόμῳ
2717 4167 2993 4236 κυήσεως,
3024 4163 3099 4229 ὡς
3131 4163 3269 4235 πρὸς
3291 4163 3394 4234 τὴν
3423 4161 3779 4234 ἀπηρτισμέ-

2189 4278 2287 4332 νην
2317 4260 2412 4314 τοῦ
2439 4259 2676 4331 βρέφους
2704 4257 3013 4323 τελείωσιν,
3053 4247 3128 4319 ὡς
3153 4255 3247 4309 καὶ
3275 4248 3377 4324 τῆς
3405 4253 3776 4324 εύαγγελικῆς

2189 4354 2336 4407 ἔστιν
2370 4353 2604 4408 ἀκοῦσαι
2639 4350 2849 4422 φωνῆς,
2891 4351 3357 4419 Ἐπλήσθησαν,
3396 4347 3690 4418 λεγούσης⁹
3719 4351 3781 4402 αι

2191 4448 2404 4518 ἡμέραι
2464 4441 2571 4501 τοῦ
2622 4445 2819 4500 τεκεῖν
2859 4441 3072 4509 αὑτήν.
3111 4437 3280 4495 ΙἘνθα
3309 4433 3440 4510 περὶ
3469 4440 3563 4494 τὸν
3595 4439 3777 4504 τόκον,

2191 4540 2382 4612 ὥσπερ
2411 4539 2478 4612 δὴ
2511 4538 2606 4593 καὶ
2647 4538 2779 4610 περὶ
2811 4536 2912 4608 τὴν
2939 4533 3167 4608 πρώτην
3197 4532 3464 4605 σύλληψιν
3486 4575 3502 4599 ,
3531 4545 3782 4586 καινοτο-

509 4663 714 4719 novum
743 4644 945 4700 factum
973 4617 1076 4704 est,
1109 4637 1255 4710 quod
1297 4652 1477 4708 neque
1500 4643 1691 4708 partus
1710 4629 2080 4707 virginitatem

2197 4635 2378 4705 μείται
2404 4629 2593 4703 θαῦμα
2621 4627 2945 4716 παράδοξον,
2971 4625 3101 4719 οὔτε
3129 4625 3225 4680 τοῦ
3255 4626 3418 4715 τόκου
3439 4617 3547 4696 ’τὴν
3576 4623 3780 4695 παρθεο

509 4740 694 4809 solvit,
726 4752 908 4809 neque
929 4733 1220 4808 virginitas
1250 4739 1470 4802 partum
1507 4719 1814 4799 impedivit.

580 4923 648 4978 Η.
679 4921 898 4983 Divine,
935 4915 1136 4985 inquit,
1157 4913 1258 4967 ais.

580 5015 647 5071 0.
679 5012 807 5076 Sed,
835 5010 1060 5078 inquam
1091 5019 1214 5075 ego,
1241 5002 1700 5068 sicutconceptus
1736 5001 1904 5063 Supra
1932 4998 2096 5046 natu-

512 5123 632 5164 ram
691 5109 940 5158 nostram
980 5097 1180 5162 lactus,
1232 5097 1347 5148 nun
1398 5089 1505 5145 fuit
1537 5105 1569 5143 a
1607 5091 1807 5141 natura
1839 5084 2092 5148 alienus;

511 5203 596 5257 sic
617 5197 846 5270 quidem
871 5189 1161 5264 generatio
1205 5201 1329 5258 quae
1384 5177 1873 5239 admirabilitatem
1927 5177 2097 5232 habe-

517 5292 633 5356 bat,
660 5302 772 5342 non
829 5282 1070 5340 mutavit
1111 5287 1366 5335 naturam
1421 5277 1542 5348 ejus
1565 5274 1667 5344 “qui
1724 5272 1954 5343 propter
1998 5285 2100 5325 nos

515 5392 678 5438 natus
704 5379 822 5435 e'st:
848 5376 986 5448 quin
1013 5374 1125 5429 imo
1148 5380 1320 5440 ,ortus
1347 5377 1433 5426 est
1479 5380 1668 5422 ramus
1698 5374 1753 5420 et
1778 5359 1992 5418 fructus
2025 5361 2100 5418 si-

517 5475 664 5530 milis
694 5481 852 5528 utero
885 5467 983 5540 qui
1017 5464 1321 5538 generavit.

587 5565 654 5622 Π.
679 5564 804 5622 Νοε
848 5562 1040 5634 igitur,
1092 5557 1276 5628 inquit
1311 5555 1426 5620 ille,
1463 5553 1543 5608 sic
1591 5551 1660 5607 de
1701 5561 1864 5606 carne
1889 5541 2097 5603 Christi
2145 5563 2158 5568 υ

514 5656 868 5719 cmﬁtemur,
901 5650 1051 5722 quod
1089 5647 1392 5705 secundum
1413 5643 1748 5716 principium
1795 5647 2101 5710 conceptus

516 5750 681 5810 simul
702 5757 761 5805 et
785 5743 1075 5816 virginalia
1102 5747 1318 5799 viscera
1355 5739 1555 5810 attigit,
1583 5745 1638 5792 ct
1681 5735 1830 5808 quod
1881 5749 2100 5792 assum-

591 5928 632 5960 "
663 5925 798 5982 Luc.
833 5939 891 5991 ιι,
928 5923 981 5977 6.

2199 4721 2320 4775 νίαν
2345 4721 2630 4783 λύσαντος,
2659 4717 2785 4774 οὕτε
2811 4709 2912 4789 τῆς
2941 4711 3246 4789 παρθενίας
3264 4709 3524 4787 Γἐμποδὼν
3555 4715 3623 4786 τῇ
3652 4724 3781 4767 κυο-

2201 4813 2368 4886 φορίᾳ
2399 4811 2719 4883 γενομένης.

2269 4910 2337 4962 Δ.
2374 4907 2567 4974 Θείως,
2605 4905 2733 4976 ἔφη,
2760 4904 2964 4974 λέγεις.

2273 5001 2335 5054 0.
2371 4998 2510 5052 Ἀλλ’
2548 4997 2759 5068 ὥσπερ,
2781 4987 2849 5066 ῆν
2869 4996 2917 5049 δ’
2943 4994 3076 5064 ἐγὼ,
3109 4997 3141 5064 ἡ
3168 4993 3432 5064 σύλληψις
3452 4983 3605 5063 ’ὖπὲρ
3630 4989 3782 5064 ἡμᾶς

2200 5089 2575 5162 γεγενημένη,
2627 5087 2690 5141 τδ
2718 5085 2840 5140 καθ’
2873 5085 2904 5154 ἢ
2915 5086 3021 5155 μᾶς
3047 5081 3158 5138 -ούκ
3184 5083 3454 5154 ἡγνὸδησεν
3479 5121 3494 5146 ,
3537 5081 3690 5134 ὀὕτω
3716 5081 3781 5150 δὴ

2195 5181 2293 5234 καὶ
2338 5181 2372 5250 ἡ
2405 5179 2659 5250 γέννησις
2683 5176 2746 5229 τὸ
2790 5171 3096 5245 παράδοξον
3128 5172 3325 5245 ἔχουσα
3349 5211 3366 5234 .
3408 5164 3504 5224 τοῦ
3533 5163 3610 5224 δι’
3635 5162 3782 5241 ἡμᾶς

2193 5271 2480 5343 τεχθέντος
2509 5271 2608 5342 τὴν
2648 5268 2811 5340 φύσιν
2837 5268 2940 5321 οὒκ
2963 5265 3227 5338 ἤρειψεν,
3253 5263 3370 5318 ἄλλ’
3393 5259 3560 5332 ἐξέφυ
3583 5259 3784 5324 κλάδος

2195 5383 2254 5423 τε
2283 5364 2378 5418 καὶ
2405 5364 2644 5434 καρπὸς,
2669 5363 2736 5432 τῇ
2772 5359 2998 5432 φυσάσῃ
3028 5356 3231 5428 γαστρὶ
3258 5353 3673 5428 παραπλήσιος.

2267 5532 2334 5598 Α.
2368 5535 2555 5612 Ἡμεῖς
2595 5540 2692 5611 μὲν
2729 5529 2845 5604 οὖν,
2889 5537 3027 5608 ἔφη.
3050 5531 3231 5589 τοιάδε
3272 5531 3403 5604 περὶ
3440 5526 3541 5600 τῆς
3584 5529 3785 5601 σαρκὸς

2195 5629 2434 5708 Χριστοῦ
2463 5631 2784 5703 δοξάζομεν,
2808 5630 2892 5686 ’ὁτι
2919 5629 3040 5684 κατ’
3065 5629 3237 5700 αὐτὴν
3255 5640 3322 5697 γε
3339 5627 3444 5699 τῆς
3465 5619 3783 5694 συλλήψεως

2196 5730 2295 5802 τὴν
2318 5729 2512 5801 ἀργὴν,
2530 5729 2646 5800 ἅμα
2664 5727 2772 5780 τῶν
2793 5721 3143 5798 παρθενικῶν
3166 5721 3412 5792 ἐφῆπται
3434 5711 3783 5786 σπλάγχνων,
