4068 6538
342 475 373 541 Ι
375 480 479 544 329

1375 487 1674 549 CONTRA
1715 483 2034 546 NESTOR.
2067 483 2162 542 ET
2199 482 2522 543 EU'I‘YCH.

3462 480 3600 545 1330

339 594 432 646 καὶ
484 595 546 648 τὸ
601 599 954 670 προσληφθδν
989 601 1068 664 εἰς
1096 598 1410 670 ἀφθαρσίαν
1454 594 1886 668 μετεσκευάζετο

2027 603 2180 664 ptum
2223 602 2328 656 est,
2381 593 2436 648 in
2494 592 3083 662 incorruptibilitatem
3140 601 3414 656 mutatum
3471 601 3599 652 est:

339 684 456 748 πῶς
484 686 593 759 γὰρ
638 684 751 742 οἷόν
776 708 834 744 τε
863 687 932 762 ἦν
965 691 1138 762 αὐτῷ,
1184 691 1259 763 μή
1298 690 1399 762 τὴν
1449 689 1698 761 φθαρτὴν
1721 688 1917 754 ἀποτί-

336 774 528 832 θεσθαι
561 777 746 848 φύσιν,
774 781 854 853 τῷ
890 782 1154 856 ἀφθάρτῳ
1181 782 1325 854 λόγῳ
1350 782 1701 855 προσενωθέν
1724 799 1740 847 ;

405 951 470 1014 0._
495 952 714 1012 Μᾶλλον
758 955 944 1021 ἔοικάς
973 975 1086 1029 μοι,
1133 953 1178 1014 ὦ
1214 958 1482 1028 βέλτιστε,
1517 959 1627 1014 τῶν
1673 959 1916 1026 οἰκείων,

334 1039 498 1111 ἔφην.
528 1043 702 1111 λόγων
728 1048 1090 1117 ἀμνημονεῖν.
1119 1049 1232 1120 Τὴν
1272 1050 1382 1120 γὰρ
1411 1050 1674 1103 Θεοτόκον
1700 1049 1917 1120 Παρθέ-

335 1150 428 1196 νρν
448 1137 508 1196 ἐν
530 1141 642 1200 τοῖς
664 1139 929 1209 πρότερον
956 1140 1224 1211 ἄτρεπτον
1239 1143 1518 1211 διαμεῖναι
1541 1143 1920 1213 συνωμολόγη-

333 1243 456 1292 σας,
493 1229 589 1282 καὶ
627 1231 708 1284 ὅτι
744 1231 838 1288 τὸν
868 1233 1180 1304 ὡρισμένον
1205 1236 1307 1305 τῆς
1332 1235 1689 1307 ἀνθρωπίνης
1718 1237 1918 1307 συλλή-

330 1319 480 1388 ψεως
507 1324 721 1392 χρόνον,
754 1326 812 1380 ἐν
860 1329 925 1398 τῇ
961 1330 1265 1399 παρθενικῇ
1306 1330 1492 1401 μήτρᾳ
1541 1329 1919 1402 μορφούμενος

331 1413 360 1470 ὁ
384 1414 494 1468 τῶν
519 1417 732 1485 χρόνων
770 1421 1136 1493 Δημιουργὸς,
1178 1423 1404 1492 οἰκῆσαι
1437 1424 1540 1477 οὐκ
1572 1424 1915 1494 ἀπηνήνατο.

330 1505 456 1570 Πῶς
475 1508 657 1564 τοίνυν
681 1511 710 1564 6
735 1511 1065 1584 σπλάγχνοις
1087 1516 1295 1586 μητρὸς
1323 1515 1608 1586 ἐνοικῆσαι
1623 1515 1920 1582 καταδεξά-

331 1615 514 1668 uno;
551 1601 648 1655 καὶ
681 1605 810 1668 τοὺς
841 1605 946 1676 τῆς
970 1607 1221 1678 κυήσεως
1247 1609 1475 1680 χρόνους
1509 1611 1913 1680 ὲκτετελεκὼς,

328 1694 453 1745 κατ’
489 1693 645 1747 οὐδὲν
667 1698 769 1768 τῆς
794 1698 1074 1769 Παρθένου
1099 1700 1448 1772 προύχούσης
1477 1702 1660 1773 ἡμῶν,
1683 1704 1823 1777 πλήν
1851 1723 1915 1774 γε

330 1781 502 1850 μόνης
532 1783 633 1852 τῆς
667 1786 956 1858 ἁγιότητος
978 1827 992 1851 ,
1021 1788 1211 1862 ὥσπερ
1243 1792 1308 1846 ἑκ
1339 1793 1703 1862 μεταμελείας
1727 1794 1874 1858 τινος
1898 1835 1913 1860 ,

2020 684 2299 755 quomodo
2331 684 2479 739 enim
2541 685 2660 739 ﬁeri
2691 693 2927 754 poterat,
2979 695 3039 740 ut
3100 695 3360 741 naturam
3406 699 3599 739 corru-

2017 777 2269 848 ptibilem
2313 793 2424 833 non
2473 777 2808 848 deponeret,
2859 779 3007 849 quod
3059 780 3242 837 Verbo
3301 774 3598 835 immortali

2018 871 2234 926 unitum
2258 872 2411 927 erat?

2088 966 2154 1020 0.
2194 965 2340 1032 Quin
2377 964 2510 1033 imo,
2536 967 2784 1038 inquam,
2817 965 3021 1021 videris
3045 965 3180 1020 mihi
3229 972 3450 1020 tuorum
3468 979 3592 1020 ver-

2019 1058 2216 1114 borum
2269 1061 2576 1116 immemor.
2641 1060 2908 1130 Superius
2959 1060 3109 1114 enim
3165 1057 3446 1128 Virginem
3501 1055 3598 1111 Dei

2019 1151 2245 1207 Matrem
2289 1153 2690 1208 immutabilem
2739 1154 3005 1212 mansisse
3060 1151 3350 1208 confessus
3393 1164 3490 1213 es;
3540 1156 3598 1202 et
3707 1160 3711 1165 '

2019 1244 2166 1313 quod
2195 1245 2403 1299 Auctor
2447 1255 2762 1315 temporum
2821 1261 2932 1300 non
2986 1243 3285 1307 recusavit,
3332 1255 3459 1294 cum
3486 1239 3600 1295 tor-

2019 1343 2200 1390 matus
2232 1345 2336 1401 est,
2372 1336 2623 1392 habitare
2651 1336 2706 1390 in
2755 1343 2914 1390 utero
2938 1343 3154 1404 tempus
3206 1332 3434 1387 humani
3461 1345 3597 1386 eon-

2020 1436 2232 1496 ceptus.
2256 1426 2548 1494 Quomodo
2584 1429 2751 1500 igitur
2787 1428 2882 1498 qui
2931 1426 3110 1481 voluit
3154 1424 3405 1480 habitare
3436 1423 3491 1478 in
3519 1422 3601 1480 vi-

2020 1517 2271 1572 sceribus
2308 1518 2528 1582 matris,
2589 1525 2646 1571 et
2692 1527 2940 1586 tempora
2990 1523 3182 1586 partus
3223 1512 3493 1584 explevit,
3542 1522 3600 1570 et

2019 1623 2146 1663 eum
2166 1624 2276 1664 non
2306 1619 2454 1666 esset
2477 1610 2826 1681 praestantior
2869 1624 3036 1678 quam
3066 1624 3172 1663 nos
3199 1607 3388 1677 Virgo,
3431 1621 3594 1663 exce-

2017 1711 2111 1772 pta
2150 1701 2465 1768 sanctitate,
2495 1712 2754 1773 tanquam
2771 1701 3098 1772 pmnitcnt‘ia
3127 1699 3365 1771 quadam
3394 1698 3595 1762 ductus

2018 1803 2274 1850 naturam
2301 1798 2552 1867 corporis
2584 1797 2670 1852 sui
2703 1797 2944 1866 respuit,
2987 1795 3154 1865 idque
3199 1809 3229 1849 a
3264 1802 3439 1852 matre
3473 1805 3594 1863 qua:

325 1873 427 1944 τήν
463 1875 559 1928 τοῦ
592 1878 796 1931 οίκείου
832 1878 1084 1950 σώματος
1122 1882 1288 1949 φύσιν
1335 1883 1579 1950 ἀπαξιοῖ,
1617 1887 1711 1940 καὶ
1740 1884 1905 1940 ταῦτα

2021 1903 2155 1943 eum
2188 1888 2399 1959 genuit,
2426 1904 2527 1960 per
2560 1889 2743 1945 omnia
2783 1903 2892 1942 non
2919 1887 3210 1944 diferret?

323 1969 393 2038 τῇ
429 1969 812 2042 γεννησαμένη
834 1971 924 2025 διὰ
953 1973 1169 2027 πάντων
1199 1975 1637 2047 ἀπαραλλάκτως
1677 1978 1910 2050 συμϐαί-
1948 1952 1991 2008 Β
2057 1979 2066 1990 '

325 2075 510 2123 νοντος
542 2077 558 2124 ;

397 2151 462 2214 Α.
495 2151 723 2218 Τούτοις
755 2155 856 2224 μὲν
903 2151 998 2209 οὖν
1022 2197 1037 2220 ,
1071 2157 1279 2222 ἐκεῖνος
1307 2159 1436 2231 εφη,
1474 2161 1678 2226 πάντες
1708 2164 1908 2230 κοινῶς

325 2243 704 2315 συνθήσονται.
732 2246 806 2299 Τὸ
837 2247 918 2315 δὲ,
947 2249 1029 2301 ὅτι
1058 2247 1298 2319 φθαρτὸν
1321 2252 1384 2304 ἐκ
1403 2252 1618 2324 μήτρας
1637 2253 1819 2308 λαθὼν
1845 2255 1909 2310 τὸ

322 2334 388 2388 tu
435 2337 534 2407 τῆς
561 2336 841 2409 Παρθένου
884 2338 1066 2411 σῶμα,
1119 2341 1324 2406 εὐθέως
1363 2345 1496 2398 αὐτὸ
1529 2345 1667 2416 πρὸς
1691 2348 1906 2420 ἀφθαρ-

321 2428 446 2483 σίαν
509 2431 960 2503 μετεκεράσατο,
1027 2433 1136 2488 τῶν
1185 2435 1365 2506 ὀρθῶς
1416 2438 1550 2508 ἡμῖν
1601 2438 1904 2494 δοκούντων

319 2519 488 2573 ἐστίν.

389 2610 451 2665 0.
487 2610 600 2664 Καὶ
627 2609 730 2664 ποῦ
769 2611 798 2664 ό
821 2612 922 2682 τῆς
960 2613 1444 2684 συμπολιτεύσεως
1477 2618 1604 2689 ὅρος
1644 2622 1743 2674 καὶ
1769 2621 1902 2692 χρό-

317 2717 429 2766 νος,
467 2701 627 2772 εφην,
655 2694 720 2755 οὗ
751 2703 991 2773 μάλιστα
1029 2706 1088 2758 ἐν
1119 2707 1283 2782 χρείᾳ
1309 2708 1810 2783 καθειστήκειμεν,
1845 2715 1904 2768 ἐν

316 2792 509 2882 άτόμῳ
531 2793 628 2847 καὶ
653 2796 783 2866 ῥιπῇ
812 2794 1116 2868 ὀφθαλμοῦ,
1135 2798 1232 2870 τὴν
1255 2800 1392 2872 πρὸς
1409 2801 1565 2873 ἡμᾶς
1584 2802 1902 2882 ὁμοιότητα,

315 2881 393 2948 ὥς
426 2885 534 2955 φὴς
556 2927 572 2951 ,
602 2886 1025 2960 ἐπιδειξαμένου
1049 2930 1064 2956 ,
1095 2893 1191 2945 καὶ
1233 2894 1427 2948 θᾶττον
1480 2894 1859 2971 μεταθεμένου
1883 2939 1900 2962 ,

315 2976 482 3030 ὁπότε
516 2977 577 3031 ού
603 2977 794 3033 τούτου
841 2981 1008 3051 μόνου
1045 2984 1452 3058 προσεδεόμεθα
1472 3029 1486 3053 ,
1520 2987 1658 3042 ἀλλὰ
1684 2989 1779 3043 καὶ
1808 2989 1901 3043 τοῦ

318 3071 840 3142 συναναστραφῆναι
881 3073 1018 3146 ἡμῖν
1048 3075 1139 3129 τὸν
1170 3076 1396 3147 Κύριον,
1441 3081 1538 3134 καὶ
1565 3080 1654 3134 διὰ
1682 3083 1902 3136 πάντων

187 3151 204 3164 ’
314 3159 537 3250 όθεῦσαι
563 3161 668 3227 ,δι’
697 3156 773 3216 ὧν
817 3164 850 3236 ἡ
891 3165 1208 3237 ἀνθρωπεία
1254 3167 1417 3236 φύσις
1455 3170 1758 3250 ἀρχομένη,
1806 3171 1902 3225 καὶ

313 3248 404 3305 διὰ
432 3252 540 3306 τῶν
562 3256 620 3308 ἐν
649 3255 801 3328 μέσῳ
828 3258 1134 3334 χωρήσασα
1157 3301 1172 3325 ,
1206 3260 1344 3335 πρὸς
1371 3260 1430 3314 τὸ
1451 3264 1648 3317 οἰκεῖον
1677 3248 1898 3336 ἔρχεται

313 3341 464 3408 τέλος
478 3362 493 3413 ;

386 3437 452 3490 Α.
484 3437 551 3489 Τί
577 3437 708 3510 γὰρ,
739 3439 868 3510 ἔφη,
886 3439 949 3494 τὸ
977 3441 1186 3496 κωλῦον
1218 3437 1308 3516 ἦν,
1334 3444 1540 3518 καίπερ
1564 3446 1774 3514 ἀπαθὲς
1801 3452 1903 3522 τῆς

317 3525 564 3590 ἑνώσεως
593 3533 902 3604 ποιησάσης
930 3535 992 3588 τὸ
1022 3535 1181 3608 σῶμα
1207 3552 1221 3601 ;
1518 3551 1523 3562 '

388 3623 450 3674 0.
470 3623 581 3676 Καὶ
605 3624 744 3688 πῶς,
768 3625 945 3695 εγωγε
963 3625 1100 3698 ἔφην
1125 3628 1264 3699 πρὸς
1293 3630 1528 3702 αὐτὸν,ἥ
1553 3634 1663 3696 τοῖς
1686 3633 1900 3704 ἀνθρώ-

315 3727 442 3780 ποις
469 3717 822 3788 συνδιαιτῷτο
840 3719 942 3791 τὴν
965 3721 1166 3792 ἀρχὴν,
1190 3721 1310 3794 ἢτὰ
1337 3722 1476 3794 ὑπὲρ
1501 3725 1532 3794 ή
1541 3724 1658 3796 μῶν
1679 3726 1903 3780 κατεδέ-

319 3805 449 3873 ξατο
477 3811 648 3880 πάθη,
684 3813 991 3887 ήρνημένος
1019 3814 1083 3866 ὲκ
1111 3813 1335 3887 πρώτης
1363 3814 1609 3894 ὲνώσεως
1636 3817 1697 3871 τὸ
1721 3821 1904 3888 ὁμοιοο

318 3901 490 3965 παθὲς
518 3903 652 3971 ἡμῖν
690 3904 785 3957 καὶ
819 3903 1126 3978 ὲπίκηρονς

390 3993 456 4047 Δ.
501 3994 749 4066 Ἐπασχε
783 3995 884 4064 μὲν
907 4037 920 4060 ,
956 3998 1166 4070 ἐκεῖνος
1193 3997 1562 4070 ἀπεκρίνατο,
1593 3999 1708 4054 ἀλλ’
1740 4001 1798 4055 οὗ
1833 4002 1897 4074 δή

315 4101 425 4139 που
451 4086 666 4157 ἀνάγκῃ
710 4088 948 4155 φύσεως,
984 4088 1124 4143 ἀλλὰ
1164 4089 1309 4162 λόγῳ
1342 4092 1656 4162 οἰκονομίας
1675 4092 1770 4147 τοῦ
1798 4094 1902 4147 Λόο

316 4191 416 4245 γον
447 4175 692 4244 ἐφιέντος
715 4176 778 4229 τὸ
812 4179 1032 4234 παθεῖν.

386 4272 449 4324 0.
475 4270 812 4341 Αίνίγματος
849 4273 1004 4326 οὐδὲν
1037 4273 1270 4346 ἀπᾴδειν
1301 4274 1440 4347 ἔφην
1482 4278 1594 4347 ἐγὼ
1617 4279 1678 4333 τὸ
1708 4278 1896 4354 ῥηθέν.

312 4363 442 4433 Πῶς
501 4365 611 4437 γὰρ
663 4365 755 4418 καὶ
803 4366 965 4439 φύσιν
1016 4367 1172 4438 ἔσχεν
1221 4369 1500 4441 ἀνωτέραν
1548 4362 1773 4439 παθῶν,
1806 4377 1900 4444 καλ⁵

317 4454 551 4526 πάσχειν
578 4443 768 4510 ’πάλιν
801 4457 870 4511 τὰ
905 4458 1007 4529 τῆς
1042 4459 1258 4528 φύσεως
1289 4463 1493 4532 σαρκὸς
1524 4465 1716 4534 ἠφίετο
1745 4467 1898 4538 παρὰ

312 4541 416 4613 τὴν
439 4543 600 4613 φύσιν
631 4561 645 4614 ;
675 4545 736 4597 Εἰ
762 4546 860 4615 μὲν
889 4545 998 4618 γὰρ
1025 4549 1058 4619 ή
1084 4547 1281 4620 ἓνωσις
1306 4551 1401 4604 τοῦ
1435 4552 1609 4620 Λόγου
1631 4593 1645 4618 ,
1670 4554 1730 4607 τὸ
1755 4556 1899 4608 ἀπα-

2089 2195 2155 2266 ll.
2187 2197 2303 2262 llis,
2329 2195 2508 2268 inquit
2533 2195 2644 2258 ille,
2681 2210 2872 2257 omnes
2893 2193 3264 2249 communiter
3290 2191 3587 2246 assentien-

2016 2296 2134 2350 tur.
2171 2289 2373 2342 Verum
2425 2302 2626 2362 corpus
2653 2301 2719 2341 ex
2752 2295 2910 2341 utero
2937 2283 3296 2354 corruptibile
3333 2281 3481 2352 quod
3524 2297 3594 2337 ex

2015 2377 2242 2448 Virgine
2273 2377 2526 2449 sumpsit,
2563 2376 2712 2447 quod
2747 2377 2944 2437 statim
2999 2375 3067 2430 ad
3123 2373 3591 2428 immortalitatem

2015 2471 2322 2538 transtulit,
2375 2485 2568 2526 eorum
2613 2479 2697 2526 est
2748 2469 2843 2544 qui
2897 2468 3060 2536 nobis
3089 2476 3236 2522 recte
3273 2467 3479 2521 sentire
3505 2466 3591 2520 vi—

2011 2560 2233 2628 dentur.
2777 2546 2781 2550 i
3540 2563 3543 2566 ’

2082 2647 2147 2704 0.
2178 2650 2246 2720 Et
2275 2649 2393 2728 ubi,
2425 2649 2651 2722 inquam
2673 2665 2795 2722 ego,
2825 2658 2910 2714 est
2941 2649 3102 2712 ratio,
3135 2658 3193 2702 et
3229 2656 3445 2720 tempus
3466 2649 3591 2703 vita

2012 2741 2322 2808 communis
2357 2759 2422 2812 ac
2472 2743 2929 2806 conversationis,
2965 2759 3087 2820 quae
3147 2743 3384 2797 maxime
3429 2741 3592 2797 nobis

2014 2830 2165 2896 utilis
2211 2839 2267 2900 et
2305 2833 2617 2904 necessaria
2669 2833 2794 2910 fuit,
2850 2834 2895 2887 si
2951 2841 3156 2902 puncto
3204 2841 3262 2887 et
3309 2842 3589 2887 momento

2012 2923 2277 2992 temporis
2339 2923 2681 2989 similitudo,
2749 2932 2809 2979 ut
2869 2925 2982 2987 ais,
3046 2924 3337 2979 nobiscum
3393 2924 3462 2978 ab
3522 2940 3590 2979 eo

2009 3009 2403 3083 demonstrata,
2456 3013 2710 3082 celeriter
2760 3022 2970 3076 mutata
3024 3024 3146 3080 est;
3205 3013 3426 3098 quando
3477 3029 3589 3068 non

2011 3103 2118 3166 hoc
2151 3105 2327 3172 solum
2353 3105 2758 3182 indigebamus,
2807 3107 2903 3161 sed
2935 3116 2998 3167 ut
3028 3114 3455 3174 conversaretur
3483 3120 3588 3160 no-

2009 3194 2225 3262 biscum
2250 3197 2549 3265 Dominus;
2591 3206 2647 3252 et
2677 3214 2774 3274 per
2822 3198 3006 3258 omnia
3039 3205 3296 3268 pergeret
3341 3213 3441 3267 per
3467 3213 3588 3266 qua:

2011 3298 2208 3356 natura
2240 3288 2481 3358 humana
2506 3289 2838 3362 principium
2864 3290 3110 3362 capiens,
3161 3273 3218 3344 et
3262 3303 3361 3359 per
3409 3290 3587 3344 media

2010 3379 2391 3458 progrediens,
2421 3378 2489 3452 ad
2520 3379 2683 3435 ﬁnem
2711 3396 2873 3434 suum
2898 3379 3082 3435 evadit
3106 3380 3129 3433 τ
3274 3369 3278 3374 ’

2080 3467 2146 3522 Η.
2179 3466 2322 3534 Quid
2353 3470 2523 3534 enim,
2554 3469 2754 3539 inquit,
2793 3469 2896 3523 ista
2932 3468 3282 3540 prohibebat,
3335 3467 3585 3539 quamvis

2011 3557 2143 3632 unio
2177 3575 2381 3632 corpus
2415 3545 2751 3632 impassibile
2779 3547 3043 3615 fecisSet?
3269 3543 3276 3550 ’

2079 3649 2145 3717 0.
2181 3650 2248 3706 Et
2273 3650 2571 3729 quomodo,
2635 3650 2882 3732 inquam,
2945 3651 3029 3705 vel
3081 3665 3205 3705 cum
3266 3649 3586 3703 hominibus

2009 3741 2283 3814 principio
2310 3741 2558 3806 vixisset,
2595 3742 2679 3797 vel
2717 3743 3004 3811 passiones
3049 3757 3148 3811 pro
3185 3742 3346 3812 nobis
3398 3757 3585 3812 susce-

2009 3832 2203 3906 pisset.
2231 3832 2276 3888 si
2305 3848 2372 3888 ex
2402 3833 2520 3902 ipso
2554 3819 2827 3904 principio
2859 3833 3079 3900 unionis
3113 3841 3372 3903 negatum
3419 3841 3583 3895 esset,

2009 3937 2132 3978 esse
2159 3922 2395 3988 similem
2423 3921 2583 3990 nobis
2614 3909 2953 3993 passibilem,
2995 3932 3052 3976 et
3085 3922 3412 3977 mortalem?

2078 4013 2147 4086 il.
2175 4014 2375 4088 Passus
2411 4022 2516 4094 est,
2547 4014 2832 4086 respondit
2862 4015 2973 4076 ille.
3001 4015 3095 4070 sed
3122 4030 3228 4069 non
3259 4015 3585 4069 necessitate

2010 4116 2242 4180 natum,
2299 4123 2493 4178 verum
2546 4107 2760 4172 ratione
2820 4108 3175 4175 meonomim,
3231 4108 3586 4178 permittente

2009 4198 2188 4254 Verbo
2211 4208 2275 4253 ut
2300 4208 2604 4272 pateretur.
3471 4197 3475 4200 ’

2077 4288 2141 4344 Ο.
2192 4290 2358 4364 Ergo,
2417 4291 2662 4360 inquam,
2721 4289 2870 4360 quod
2909 4290 3120 4366 dictum
3174 4299 3280 4367 est,
3332 4289 3470 4344 nihil
3517 4289 3586 4344 ab

2009 4383 2296 4453 aenigmate
2333 4381 2541 4454 diii‘ert.
2575 4367 2862 4452 Quomodo
2885 4385 3033 4451 enim
3062 4392 3316 4460 naturam
3350 4383 3584 4438 habebat

2007 4475 2349 4556 superiorem
2367 4491 2532 4558 quam
2561 4483 2620 4529 ut
2648 4475 2757 4548 pati
2784 4483 2992 4556 posset,
3042 4485 3098 4530 et
3151 4489 3346 4545 rursus
3369 4472 3586 4528 sineba-

2009 4572 2120 4631 tur,
2155 4574 2353 4638 praztcr
2380 4574 2658 4632 naturam,
2677 4583 2798 4637 qua:
2833 4567 3017 4632 carnis
3036 4575 3165 4636 sunt
3187 4567 3337 4636 pati?
3360 4565 3417 4620 Si
3439 4564 3584 4619 enim

315 4630 408 4726 θὲς
435 4635 500 4704 τῇ
532 4635 695 4726 σαρκὶ
718 4634 1033 4706 ἐδωρήσατο
1052 4678 1067 4702 ,
1099 4639 1199 4691 οὐκ
1224 4639 1288 4693 ἂν
1322 4640 1491 4713 αὐτὴν
1523 4643 1898 4717 ἀπεστέρησεν

2010 4630 2346 4722 unioPV’erbi
2375 4657 2526 4710 carni
2571 4630 3070 4726 impassihilitatem
3123 4630 3394 4720 ded-isset,
3441 4670 3586 4710 nun-

313 4722 414 4818 τού
443 4741 515 4818 ys
529 4725 739 4818 θεδωρη
750 4727 915 4818 μένου
943 4729 1039 4780 καὶ
1059 4729 1207 4794 απαξ
1230 4733 1704 4805 προσνεμηθέντος
1733 4738 1898 4818 αὐτῇ.

315 4816 463 4888 Πρὸς
495 4816 553 4870 δέ
590 4833 655 4885 γε
703 4817 801 4870 καὶ
842 4819 890 4871 εἰ
917 4820 982 4871 ὲκ
1005 4819 1105 4889 τῆς
1131 4821 1380 4898 ἑνώσεως
1421 4823 1519 4877 τοῦ
1553 4826 1764 4894 Λόγου,
1799 4816 1903 4897 τῆς

260 4906 267 4912 ’
317 4907 627 4981 ἀφθαρσίας
653 4909 996 4982 μετειλήφει,
1023 4911 1140 4983 ὥρα
1165 4931 1247 4967 σοι
1276 4917 1368 4968 καὶ
1395 4917 1714 4989 ἀποσχίζειν
1775 4919 1902 4993 ἀθέ-

321 5018 473 5071 σμως
494 5001 818 5075 τολμᾷντὴν
847 5003 1108 5076 ὑπερφυᾶ
1132 5007 1222 5059 καὶ
1251 5006 1564 5078 Θαυμασίαν
1590 5010 1803 5066 ἕνωσιν.
1825 5013 1898 5067 Οὐ

319 5093 430 5163 γὰρ
477 5087 590 5146 οἶόν
622 5111 681 5147 τε
721 5089 791 5166 ἦν
821 5095 1056 5165 πάσχειν
1087 5097 1146 5149 τὸ
1171 5098 1236 5151 ὲκ
1263 5099 1360 5170 τῆς
1406 5101 1650 5168 ἐνώσεως
1670 5105 1901 5172 ἀπαθὲς,

321 5183 399 5255 μὴ
452 5184 554 5254 τῆς
611 5185 856 5258 ἐνώσεως
908 5189 1176 5261 πρότερον
1227 5192 1652 5266 ἀναιρεθείσηςο
1705 5197 1896 5270 ὥσπερ

319 5276 440 5338 οὐδὲ
471 5275 662 5341 σκότος
697 5277 762 5331 ἂν
791 5280 1060 5352 ὑποσταίη
1095 5281 1215 5335 ποτ’
1246 5281 1332 5348 ἂν,
1370 5283 1445 5355 μὴ
1475 5283 1568 5337 τοῦ
1600 5287 1773 5341 αἰτίου
1804 5277 1902 5354 καὶ

322 5367 652 5435 φωτίζοντος
694 5370 1111 5442 ὑποχωροῦντος
1135 5391 1149 5406 ’
1200 5376 1296 5429 καὶ
1342 5376 1530 5441 ἁπλῶς
1560 5379 1668 5450 γὰρ
1700 5380 1899 5447 εἰπεῖν,

320 5461 474 5514 οὐδὲν
506 5462 617 5515 τῶν
657 5465 721 5518 ἐκ
746 5463 840 5518 τοῦ
889 5467 1209 5532 συνεκτικοῦ
1254 5469 1429 5523 αἰτίου
1475 5473 1587 5535 τοῖς
1632 5473 1902 5537 αἰτιατοῖς

321 5555 666 5630 παραμένειν
697 5557 969 5629 πέφυκεν,
1004 5560 1080 5637 μὴ
1115 5561 1207 5615 τοῦ
1236 5562 1412 5622 αἰτίου
1446 5564 1732 5636 παρόντος.
1769 5566 1904 5628 Σκό-

322 5664 417 5702 πει
448 5649 505 5702 δὲ
530 5647 594 5720 δὴ
624 5649 721 5706 καὶ
751 5651 910 5704 τοῦτο
938 5653 1063 5720 σῶς,
1089 5653 1143 5708 εί
1166 5671 1228 5723 γε
1258 5655 1522 5727 πάσχοντι
1548 5657 1695 5729 αύτῷ
1727 5662 1902 5712 συνεῖ-

321 5755 412 5794 ναι
434 5739 748 5807 ὑπέμεινεν,
776 5742 1067 5812 ὑπομείναι
1086 5744 1148 5797 ἂν
1174 5747 1263 5801 καὶ
1286 5746 1512 5820 παθητῷ
1545 5766 1605 5818 γε
1627 5751 1740 5804 ὄντι
1761 5750 1902 5821 ἡνῶσ

325 5829 450 5884 σθαι
479 5831 557 5902 τῷ
593 5831 825 5902 σώματι.

397 5925 462 5977 Α.
509 5919 632 5996 Ἆρ’
664 5921 791 5990 οὖν,
837 5923 938 5998 ἔφη
989 5925 1123 5997 πρὸς
1162 5928 1308 5998 ἡμᾶς
1339 5971 1352 5997 ,
1400 5931 1517 6004 οὐχὶ
1572 5932 1900 6003 βουλομένου

2011 4761 2176 4826 quam
2212 4759 2334 4800 eam
2386 4745 2532 4800 dono
2566 4732 2717 4815 quod
2751 4747 2920 4801 semel
2953 4746 3259 4810 tribuisset,
3289 4745 3580 4815 privasset.

2006 4835 2302 4900 Praeterea,
2335 4835 2380 4890 si
2417 4851 2482 4890 ex
2527 4836 2731 4891 unione
2752 4836 2918 4892 Verbi
2947 4836 3255 4906 accepisset
3286 4851 3395 4889 non
3422 4849 3582 4904 posse

2007 4927 2308 4997 corrumpi,
2343 4937 2560 4999 tempus
2587 4937 2673 4983 est
2716 4935 2778 4982 ut
2826 4927 3030 4982 audeas
3077 4928 3289 4982 nefarie
3344 4927 3584 4982 avellere

1983 5018 2409 5102 "admirandam,
2433 5027 2489 5075 et
2519 5035 2686 5090 supra
2716 5027 2971 5086 naturam
2993 5015 3582 5088 unionem.Siquidem

2004 5127 2114 5166 non
2138 5121 2357 5184 poterat
2388 5099 2522 5196 pati,
2569 5099 2717 5193 quod
2745 5127 2812 5166 ex
2848 5110 3053 5166 unione
3108 5119 3228 5167 erat
3271 5126 3301 5164 a
3328 5110 3583 5180 passione

2003 5197 2398 5276 liberum,nisi
2423 5205 2628 5259 unione
2652 5204 2828 5271 ’prius
2892 5204 3144 5276 sublata;
3189 5203 3351 5258 sicuti
3403 5217 3583 5271 neque

2007 5293 2251 5352 tenebrat
2278 5309 2518 5364 unquam
2551 5302 2736 5359 erunt,
2770 5294 2877 5350 nisi
2909 5309 3073 5349 causa
3103 5301 3157 5348 et
3187 5293 3395 5348 lumine
3431 5307 3584 5346 recc-

2005 5384 2207 5444 dente:
2262 5395 2319 5440 et
2359 5385 2416 5444 in
2449 5401 2684 5451 summa,
2733 5385 2872 5450 nihil
2926 5402 2992 5440 ex
3043 5401 3206 5441 causa
3258 5384 3582 5440 continente

2003 5477 2359 5556 proﬁciscens
2384 5487 2569 5549 aptum
2594 5487 2785 5533 natum
2814 5487 2919 5543 est,
2953 5486 3014 5533 ut
3039 5479 3095 5533 in
3129 5477 3341 5534 eﬂ‘ectis
3363 5492 3583 5546 perma-

2004 5579 2156 5636 neat,
2206 5571 2314 5627 nisi
2365 5587 2531 5626 eausa
2582 5570 2746 5626 adsit.
2801 5570 3106 5626 Considera
3145 5578 3329 5624 autem
3368 5568 3578 5638 ethoc,

2005 5664 2152 5734 quod
2185 5663 2230 5718 si
2257 5664 2524 5732 sustinuit
2567 5662 2809 5718 Verbum
2844 5674 2903 5718 ut
2927 5680 3048 5717 cum
3080 5661 3323 5732 patiente
3350 5674 3580 5730 congre-

2003 5756 2251 5822 deretur,
2277 5757 2576 5812 sustineret
2624 5758 2814 5823 etiam,
2856 5766 2915 5812 ut
2937 5757 3152 5827 corpori
3186 5754 3434 5826 passibili
3462 5752 3584 5807 uni-

2003 5856 2173 5902 retur.

2077 5940 2140 5994 H.
2173 5929 2311 5996 Num
2347 5940 2538 6004 igitur.
2591 5941 2790 6003 inquit,
2828 5957 2937 5998 non
2975 5941 3288 5997 patiebatur
3329 5952 3455 5994 caro
3481 5948 3580 5990 voc
