4068 6538
546 466 675 532 1331

1786 464 2095 528 LEONTII
2137 463 2545 526 ΒΥΖᾹΝΤΙΝΙ

3673 455 3825 520 1332

547 583 694 638 lente
718 583 921 648 Verbo,
978 579 1075 638 sed
1124 587 1338 635 natura:
1396 578 1612 650 legibus
1651 575 1896 648 subjecta
1963 574 2120 630 erat?

2236 575 2315 629 τοῦ
2365 575 2542 646 Λόγου
2582 574 2824 647 ἔπασχεν
2866 575 2901 648 ἡ
2951 576 3109 649 σάρξ,
3151 575 3286 631 ἀλλά
3311 574 3498 646 νόμοις
3547 573 3823 627 ὑπέκειτο

613 766 682 822 0.
716 765 943 835 Ecquis,
972 759 1241 831 respondi
1264 774 1387 830 ego,
1427 759 1536 812 hoc
1565 756 1811 820 diceret,
1843 751 1990 822 quod
2011 767 2122 806 non

545 857 767 912 volente
801 855 1006 919 Verbo,
1049 851 1354 923 quidquam
1385 863 1578 905 eorum
1628 861 1752 917 qua:
1795 843 2124 899 naturaliter

545 949 825 1015 accidunt,
851 947 1002 1004 carni
1033 945 1312 1008 eveniret;
1344 957 1408 998 ac
1452 957 1565 996 non
1603 938 1779 1010 magis
1828 938 1948 1006 ipso
1995 950 2124 1006 per-

546 1042 825 1105 mittente,
883 1049 946 1094 ut
981 1054 1104 1110 quae
1157 1035 1433 1094 naturalia
1489 1039 1650 1088 erant
1697 1030 1818 1085 sine
1871 1035 2120 1099 peccato,

507 1161 509 1163 ι
545 1149 674 1190 caro
695 1139 999 1200 pateretur,
1021 1146 1146 1201 qua:
1173 1129 1242 1184 ad
1274 1125 1594 1198 patiendum
1627 1131 1827 1177 natura
1847 1125 1974 1190 apta
1995 1126 2124 1173 nata

544 1225 712 1282 erat?
745 1224 869 1279 Non
905 1224 1055 1278 enim
1092 1221 1138 1276 si
1173 1218 1478 1276 secundum
1510 1224 1766 1271 naturam
1805 1218 1927 1267 erat
1956 1224 2126 1279 supra

546 1331 714 1386 quam
751 1323 813 1369 ut
843 1315 954 1385 pati
977 1319 1188 1384 posset,
1228 1320 1354 1381 apta
1399 1309 1466 1364 ad
1495 1305 1818 1378 patiendum
1858 1317 1958 1373 per
1991 1301 2126 1354 Ver-

549 1408 681 1466 bum
711 1408 853 1464 facta
879 1415 1046 1463 esset.
1075 1405 1282 1462 Contra
1326 1402 1534 1474 potius,
1571 1395 1872 1468 aliquando
1916 1393 2127 1464 passio-

548 1518 651 1558 nes
677 1517 806 1557 caro
828 1498 1144 1571 superabat,
1179 1496 1457 1552 tribuente
1515 1493 1568 1547 ei
1617 1490 1823 1552 Verbo,
1858 1495 1920 1542 ut
1950 1483 2127 1555 pluri-

549 1609 724 1655 mum,
754 1592 1098 1647 dominatum
1134 1590 1193 1642 in
1244 1585 1533 1658 passiones
1557 1622 1573 1643 ,
1622 1588 1684 1636 ut
1713 1577 1979 1634 naturalis
2032 1590 2128 1630 co—

549 1685 884 1756 agmcntatio
907 1692 1116 1737 natura:
1159 1679 1329 1734 Verbi
1381 1691 1507 1732 cum
1541 1688 1707 1730 carne
1741 1666 2127 1739 inseparabilis

548 1785 715 1842 esset,
747 1785 803 1831 et
825 1789 1042 1844 semper
1079 1768 1509 1832 indissolubilis;
1545 1763 1830 1835 passiones
1858 1773 1990 1814 vero
2012 1772 2125 1812 non

550 1870 883 1942 participare
919 1884 1029 1924 non
1056 1881 1276 1936 semper
1328 1861 1548 1932 corpori
1573 1860 1790 1915 liceret.
1834 1856 1956 1911 Non
1978 1853 2127 1909 enim

2225 688 2439 742 φύσεως
2457 690 2473 738 ;

2296 765 2359 817 Ο.
2393 764 2506 818 Καὶ
2538 765 2624 828 τίς
2665 765 2776 835 γὰρ
2805 764 2872 818 ἀν
2892 803 2908 828 ,
2951 761 3274 835 ἀποκριθεὶς
3302 757 3456 817 εἶπον
3483 761 3622 833 ἐγὼ,
3649 761 3823 816 τοῦτο

2225 854 2450 926 φήσειεν
2475 895 2491 920 ,
2519 856 2602 909 ὅτι
2621 872 2686 925 γε
2720 856 2794 926 μὴ
2833 853 3164 925 βουλομένου
3193 854 3302 913 ,τοῦ
3333 854 3531 922 Λόγου,
3559 853 3680 906 τῶν
3712 871 3822 922 φυ-

2227 948 2394 1001 σικῶν
2439 967 2494 1002 τι
2549 949 2973 1020 συμπτωμάτων
3016 947 3300 1001 συνέϐαινε
3341 949 3408 1017 τῇ
3465 946 3674 1016 σαρκὶ,
3718 947 3820 998 καὶ

2223 1038 2345 1108 οὐχὶ
2399 1039 2599 1108 μᾶλλον
2631 1038 2878 1107 ἐφιέντος
2913 1035 3080 1092 αὐτοῦ
3103 1077 3118 1104 ,
3143 1040 3211 1107 τῇ
3253 1036 3487 1106 πάσχειν
3519 1037 3820 1106 πεφυκυίᾳ

2223 1129 2293 1183 τὰ
2326 1130 2468 1184 κατὰ
2506 1130 2670 1199 φύσιν
2712 1129 3122 1200 ἀναμαρτήτως
3167 1128 3498 1198 ὑφίστασθαι
3523 1143 3538 1194 ;
3568 1128 3653 1182 Οὐ
3701 1128 3823 1198 7&9

2225 1217 2474 1306 &vwré‘9a
2512 1218 2655 1273 κατά
2686 1218 2851 1287 φύσιν
2883 1218 3073 1272 παθῶν
3135 1213 3295 1281 οὖσα,
3325 1218 3543 1289 παθητὴ
3571 1218 3667 1273 διὰ
3723 1216 3819 1270 τὸν

2225 1304 2404 1378 Λόγον
2446 1310 2680 1378 ἐγίνετο.
2739 1309 3069 1363 Τούναντίον
3121 1309 3222 1380 μὲν
3250 1304 3345 1363 οὖν
3387 1309 3536 1362 ἐστιν
3575 1310 3673 1363 ὅτε
3720 1308 3819 1361 καὶ

2224 1401 2332 1456 τῶν
2361 1403 2503 1456 κατά
2546 1402 2711 1471 φύσιν
2742 1402 3032 1472 ὑπερεῖχεν
3068 1401 3282 1466 παθῶν,
3305 1401 3401 1455 τοῦ
3432 1403 3611 1470 Λόγου
3644 1401 3816 1471 αὐτῇ,

2224 1491 2302 1556 ὡς
2325 1491 2395 1546 τά
2421 1492 2612 1557 πολλὰ,
2637 1493 2739 1563 τὴν
2777 1493 2921 1547 κατὰ
2949 1494 3142 1548 παθῶν
3186 1496 3542 1566 ἐπικράτειαν
3578 1493 3816 1565 χαριζο-

2230 1582 2393 1652 μένου
2407 1599 2422 1616 ο
2440 1583 2580 1638 ὥστε
2599 1584 2699 1654 τὴν
2717 1585 2853 1656 πρὸς
2870 1584 2972 1656 τὴν
2989 1585 3170 1658 σάρκα
3193 1586 3287 1639 τοῦ
3305 1587 3480 1655 Λόγου
3498 1588 3813 1656 συμφυΐαν,

2226 1673 2530 1744 ἀχώριστον
2578 1669 2719 1728 εῖναι
2781 1677 2876 1729 καὶ
2929 1675 3097 1748 μέχρι
3147 1677 3348 1740 παντὸς
3391 1676 3809 1731 ἀδιάσπαστον·

2225 1765 2324 1836 τὴν
2346 1765 2403 1819 δὲ
2426 1765 2534 1819 τῶν
2559 1767 2750 1820 παθῶν
2778 1766 3096 1838 ἀμεθεξίαν,
3122 1768 3183 1822 ού
3207 1767 3438 1822 πάντοτε
3463 1767 3811 1838 παραμένειν

2227 1855 2305 1927 τῷ
2338 1856 2573 1927 σώματι.
2627 1859 2739 1912 Καὶ
2775 1858 2890 1929 7&9
2927 1859 3029 1912 οὐκ
3071 1860 3136 1912 ἐκ
3161 1859 3262 1929 τῆς
3308 1860 3559 1923 ἐνώσεως
3589 1859 3723 1928 ἔσχε
3751 1860 3809 1910 τὸ

550 1916 882 1942 ι’--νσνὟ--ν
919 1916 1029 1924 --ν-
1056 1916 1266 1936 ""'r"
1337 1916 1384 1920 τν
1430 1916 1446 1932 ι
1479 1916 1486 1917 ί

549 1979 618 2019 ex
637 1962 845 2018 unione
875 1960 1071 2016 habuit
1101 1974 1212 2013 non
1235 1957 1372 2027 pati,
1427 1954 1526 2009 sed
1572 1968 1643 2010 ex
1671 1950 1958 2005 voluntate
1985 1944 2124 2001 uniti

2236 1916 2460 2010 ἅπαθές,
2487 1947 2601 2002 ἀλλ’
2633 1949 2698 2002 ἐκ
2729 1916 2828 2019 της
2854 1916 3168 2019 βουλήσεως
3200 1916 3294 2003 τοῦ
3325 1916 3645 2012 ἑνωθέντος,
3657 1916 3808 2002 ’κατὰ

551 2054 660 2110 hoc
697 2063 1028 2123 opportune,
1061 2057 1116 2107 et
1165 2049 1232 2104 ad
1298 2047 1539 2116 aliquam
1583 2041 1876 2098 utilitatem
1925 2038 2126 2109 guber-

550 2145 734 2202 nantis
766 2160 831 2200 ac
861 2141 1230 2214 disponentis.
1263 2138 1381 2194 Nisi
1411 2137 1559 2192 enim
1594 2135 1701 2189 hoc
1738 2146 1931 2187 verum
1955 2135 2123 2193 esset,

2225 2038 2418 2110 καιρδν
2459 2039 2620 2093 τοῦτο
2649 2040 2744 2094 καὶ
2790 2039 2929 2111 πρός
2961 2057 3014 2092 τι
3059 2042 3333 2112 χρήσιμον
3365 2039 3806 2109 οίκονομοῧντος.

2226 2130 2290 2184 Εί
2332 2129 2442 2202 γὰρ
2488 2131 2562 2202 μὴ
2603 2130 2763 2184 τοῦτο
2789 2127 2857 2203 ἦν
2886 2130 3124 2202 ἀληθὲς,
3150 2131 3297 2184 δυοῖν
3323 2131 3537 2201 ἀνάγκη
3575 2130 3809 2201 θάτερον

552 2238 789 2293 alterum
828 2236 1065 2290 duorum
1114 2231 1368 2288 conﬁteri
1398 2241 1625 2284 necesse
1678 2231 1846 2286 esset,
1879 2227 1975 2276 aut
2016 2234 2126 2273 non

2236 2221 2531 2291 ὁμολογεῖν,
2578 2222 2610 2291 ἢ
2649 2221 2784 2293 μηδέ
2815 2221 3142 2275 πεπονθέναι
3180 2238 3234 2274 τι
3269 2221 3568 2286 παντελῶς,
3613 2220 3808 2290 ἀπαθῆ

553 2345 770 2403 passam
801 2344 923 2385 esse
954 2326 1252 2398 quidquam
1295 2322 1540 2394 penitus,
1579 2333 1702 2389 quae
1751 2324 1872 2370 erat
1903 2322 2128 2383 propter

555 2423 814 2479 unionem
844 2428 1041 2476 natura
1077 2415 1461 2488 impassibilis;
1511 2419 1604 2466 aut
1633 2410 1679 2464 si
1721 2421 1882 2480 passa
1915 2412 2020 2470 est,
2060 2402 2128 2457 ab

554 2515 758 2571 unione
788 2513 1010 2583 penitus
1032 2510 1303 2566 divulsam
1338 2521 1482 2562 esse.

627 2603 694 2658 ll.
721 2601 778 2657 Si
805 2600 993 2672 igitur,
1020 2598 1097 2654 ait
1124 2597 1237 2663 ille,
1276 2604 1337 2651 ut
1361 2603 1419 2649 tu
1451 2592 1610 2656 dicis,
1644 2604 1774 2646 caro
1809 2603 1934 2644 cum
1964 2595 2130 2644 natu-

557 2710 676 2752 ram
721 2693 949 2750 haberet
977 2698 1160 2761 aptam
1215 2678 1284 2743 ad
1321 2684 1662 2758 patiendum,
1695 2689 1810 2736 tum
1838 2680 1945 2734 alia
2003 2693 2131 2748 pro-

559 2795 680 2856 pter
699 2800 780 2850 se,
819 2792 934 2838 tum
970 2787 1203 2836 mortem
1231 2775 1516 2839 sustinuit,
1539 2771 1869 2829 exciderunt
1896 2766 2058 2823 nobis
2075 2775 2132 2823 et

557 2877 844 2948 perierunt
881 2872 1256 2946 gloriationes,
1309 2867 1514 2939 quibus
1561 2863 1955 2936 gloriabamur,
2007 2869 2125 2916 tan~

560 2982 724 3038 quam
760 2966 876 3036 ipsa
907 2971 1136 3035 propter
1155 2976 1258 3016 nos
1281 2974 1440 3030 passa
1477 2955 1692 3011 fuisset.

631 3059 695 3116 Ο.
743 3060 975 3128 Propter
1025 3069 1130 3110 nos
1187 3052 1297 3122 pati
1349 3064 1572 3105 carnem
1611 3042 1851 3108 Domini,
1909 3041 2133 3111 inquam

562 3165 685 3222 ego,
713 3148 856 3203 bone
885 3147 991 3211 vir,
1018 3141 1320 3225 dupliciter
1345 3138 1572 3201 dicitur,
1603 3142 1660 3188 et
1696 3131 1845 3202 quod
1899 3130 2130 3202 permit-

2227 2314 2292 2382 τῇ
2324 2311 2481 2380 φύσει
2505 2313 2876 2382 τυγχάνουσαν
2907 2311 2994 2365 διὰ
3027 2311 3130 2380 τὴν
3169 2311 3388 2379 ἕνωσιν,
3418 2311 3454 2382 ἢ
3487 2311 3810 2383 πάσχωσιν

2228 2404 2366 2468 ὅλως
2397 2407 2496 2472 τῆς
2517 2404 2765 2468 ἐνῶσεως
2791 2402 3208 2474 ἀποσχίζεσθαι.

2299 2585 2364 2638 Λ.
2389 2583 2454 2638 Εἰ
2482 2581 2666 2637 τοίνυν
2691 2625 2704 2649 ,
2746 2581 2955 2644 ἐκεῖνος
2983 2581 3113 2652 ἔφη,
3141 2582 3290 2636 κατά
3321 2598 3385 2650 γε
3413 2580 3542 2644 τοὺς
3568 2580 3702 2644 σοὺς
3725 2580 3811 2632 λό-

2229 2691 2382 2744 γους,
2419 2672 2580 2742 φύσιν
2615 2674 2648 2743 ἡ
2691 2671 2828 2744 σὰρξ
2859 2671 3058 2742 ἔχουσα
3083 2670 3337 2742 παθητὴν
3386 2669 3456 2725 τά
3485 2685 3546 2722 τε
3572 2668 3715 2722 ἄλλα
3743 2667 3810 2721 δι’

2231 2765 2400 2836 αὐτὴν
2423 2802 2438 2827 ,
2478 2762 2574 2818 καὶ
2602 2763 2665 2834 δὴ
2696 2762 2793 2818 καὶ
2823 2762 2916 2816 τὸν
2954 2763 3186 2816 θάνατον
3223 2762 3487 2831 ἐπέσχεν,
3521 2760 3810 2830 οἰχήσεται

2231 2858 2364 2928 ἡμῖν
2395 2857 2464 2910 τὰ
2495 2857 2788 2926 αὐχήματα
2819 2854 2915 2909 καὶ
2939 2853 3194 2908 διόλωλεν
3215 2897 3228 2920 ,
3261 2853 3403 2923 άπερ
3432 2849 3493 2917 ἐξ
3529 2852 3706 2921 αὐτῆς
3737 2851 3812 2915 ὡς

2232 2945 2300 2999 δι’
2329 2947 2480 3016 ἡμᾶς
2509 2944 2790 3014 παθούσης
2811 2945 3149 3015 ἐσχήκαμεν.
3292 2989 3294 2993 .

2307 3039 2369 3093 0.
2397 3038 2472 3091 Τὸ
2497 3037 2564 3091 δι’
2592 3038 2760 3108 ἡμᾶς,
2794 3036 2951 3106 ἔφην,
2987 3029 3033 3088 ὦ
3059 3035 3333 3106 βέλτιστε,
3359 3031 3556 3087 παθεῖν
3580 3031 3681 3102 τὴν
3714 3028 3813 3084 τοῦ

2237 3129 2444 3202 Κυρίου
2477 3130 2655 3199 σάρκα
2686 3127 2877 3190 διττῶς
2908 3127 3145 3195 λέγεται,
3172 3127 3254 3179 ὅτι
3283 3142 3344 3178 τε
3399 3120 3816 3194 συγχωροῦντος

565 3215 716 3299 tente
743 3239 924 3298 Verbo
951 3215 1136 3309 passio
1158 3234 1306 3290 circa
1337 3233 1509 3302 ipsam
1561 3226 1782 3291 accidit,
1809 3225 1938 3295 quia
1980 3221 2133 3277 scili-

2237 3221 2332 3276 τοῦ
2355 3221 2528 3289 Λόγου
2551 3220 2612 3274 τδ
2633 3220 2759 3292 περὶ
2782 3220 2953 3286 αὐτὴν
2979 3218 3150 3281 πάθος
3179 3216 3466 3271 συνέϐαινε
3492 3215 3819 3286 (δυνάμενος

566 3338 655 3389 cet
680 3345 804 3385 cum
822 3327 1120 3399 prohibere
1136 3332 1346 3396 posset,
1370 3337 1478 3376 non
1495 3317 1802 3391 prohibuit,
1825 3322 1887 3370 ut
1908 3329 2138 3384 magnus

505 3467 510 3472 .
569 3422 900 3479 Athanasius
937 3420 1048 3483 ait;
1101 3430 1157 3472 et
1213 3413 1361 3486 quod
1419 3409 1670 3481 superior
1714 3406 1864 3462 omni
1911 3413 2140 3475 peccato

568 3531 695 3572 cum
721 3522 887 3579 esset,
917 3527 1030 3566 non
1052 3507 1289 3564 debebat
1317 3511 1543 3576 propter
1573 3516 1632 3556 se
1666 3506 1922 3563 mortem,
1965 3496 2140 3566 siqui-

568 3609 693 3665 dem
752 3603 1023 3677 principio
1072 3614 1224 3654 mors
1287 3605 1514 3668 propter
1576 3600 1864 3664 peccatum
1918 3587 2140 3657 irrupit,

569 3709 628 3757 et
662 3698 718 3754 in
754 3705 923 3752 totam
950 3701 1204 3748 naturam
1258 3693 1554 3742 humanam
1602 3681 1862 3754 pervasit,
1920 3680 1975 3734 in
2015 3694 2139 3748 quo,

570 3791 750 3863 inquit
777 3787 1000 3851 Paulus,
1033 3799 1209 3838 omnes
1232 3785 1574 3854 peccaverunt
1614 3778 1688 3831 ἐξ
1728 3791 1839 3830 non
1856 3773 2002 3828 enim
2033 3777 2138 3836 est,

571 3862 668 3942 aut
700 3883 805 3938 fuit
827 3881 896 3936 ab
925 3876 1076 3935 omni
1105 3875 1306 3932 sreculo
1326 3873 1509 3930 anima
1541 3869 1782 3926 hominis
1819 3862 2139 3928 voluntarii,

571 3985 761 4032 etnon
784 3967 1084 4025 voluntarii
1133 3965 1348 4037 peccati
1384 3980 1543 4036 pura.
1571 3963 1686 4017 lmo
1733 3960 1899 4016 etiam
1928 3955 2143 4012 animas

576 4073 890 4124 sanctorum
929 4062 1154 4116 Patrum
1207 4056 1418 4127 aliquid
1444 4055 1690 4111 sordium
1727 4060 1785 4107 et
1822 4049 1966 4116 vitii,
2003 4055 2060 4103 et
2097 4045 2145 4102 si

577 4171 689 4212 non
719 4151 1022 4209 secundum
1071 4158 1278 4213 actum,
1303 4148 1497 4202 saltem
1528 4143 1918 4216 cogitationem
1971 4137 2146 4193 admi-

575 4248 714 4306 sisse
743 4245 945 4302 dicam.
971 4242 1040 4298 Et
1101 4242 1209 4296 hoc
1244 4245 1432 4308 aperte
1481 4237 1616 4291 licet
1643 4251 1712 4290 ex
1766 4232 2001 4287 Domino
2048 4229 2148 4284 do-

577 4347 737 4398 cente
761 4335 976 4398 audire,
999 4348 1126 4390 cum
1150 4331 1262 4386 ait:
1297 4328 1446 4385 Venit
1469 4330 1711 4401 princeps
1744 4325 1902 4396 hujus
1939 4322 2145 4388 mundi,

577 4440 626 4489 et
655 4433 712 4487 in
733 4446 815 4486 me
833 4427 965 4484 nihil
989 4426 1186 4482 invenit
1216 4425 1281 4477 ¹⁹.
1309 4421 1448 4477 Cum
1491 4419 1630 4475 dixit
1661 4419 1717 4472 in
1744 4432 1826 4471 me
1861 4425 1917 4470 et
1970 4411 2105 4468 nihil
2130 4453 2145 4478 ,

577 4526 739 4598 plane
759 4519 1107 4594 signiﬁcavit,
1139 4533 1200 4574 se
1226 4517 1404 4572 solum
1428 4513 1498 4569 ab
1547 4510 1698 4567 omni
1729 4515 1957 4580 peccato
1977 4507 2145 4560 etiam

2237 3314 2348 3386 γὰρ
2385 3311 2612 3366 κωλύειν
2643 3311 2745 3364 οὐκ
2778 3311 3041 3374 ἐκώλυσε,
3078 3309 3219 3363 κατὰ
3247 3309 3338 3360 τὸν
3365 3307 3538 3378 μέγαν
3582 3304 3820 3358 Ἀθανά-

2240 3405 2398 3474 σιον),
2419 3403 2510 3456 καὶ
2527 3403 2610 3456 ὅτι
2644 3402 2828 3472 πάσης
2851 3399 3125 3472 ἁμαρτίας
3152 3397 3414 3471 κρείττων
3437 3399 3687 3466 φανεῖσα,
3713 3396 3821 3448 οὐκ

2239 3494 2536 3565 ἐχρεώστει
2567 3492 2634 3546 δι’
2667 3491 2864 3561 ἑαυτὴν
2901 3491 3131 3544 θάνατον
3151 3505 3164 3518 ο
3201 3489 3360 3558 εἴπερ
3391 3485 3486 3540 καὶ
3515 3485 3613 3555 τὴν
3639 3482 3822 3554 ἀρχὴν

2239 3589 2269 3642 ὀ
2294 3587 2522 3650 θάνατος
2560 3585 2650 3639 διὰ
2676 3583 2777 3656 τὴν
2807 3583 3084 3654 ἁμαρτίαν
3112 3580 3410 3651 εἰσέφρησε
3433 3620 3449 3644 ,
3478 3578 3571 3632 καὶ
3591 3577 3681 3630 διὰ
3709 3575 3823 3629 πά-

2242 3699 2343 3753 σης
2423 3679 2710 3750 κεχώρηκε
2760 3679 2863 3748 τῆς
2911 3675 3262 3747 ἀνθρωπίνης
3323 3675 3561 3744 φύσεως,
3605 3666 3820 3741 ἐφ’ᾦ,

2242 3771 2384 3827 κατὰ
2415 3771 2507 3824 τὸν
2546 3768 2780 3831 Παῦλον,
2830 3765 3054 3832 πάντες
3084 3766 3350 3835 ἥμαρτον
3372 3781 3386 3795 ·
3417 3764 3478 3817 οὐ
3505 3763 3615 3832 7&9
3665 3761 3824 3815 ἐστιν

2240 3867 2276 3938 ἦ
2332 3867 2553 3935 γέγονεν
2603 3864 2667 3917 ἐκ
2710 3863 2802 3917 τοῦ
2857 3861 3057 3925 παντὸς
3101 3861 3296 3924 αἰῶνος
3320 3859 3604 3926 ἀνθρώπου
3644 3857 3822 3928 ψυχὴ,

2242 3958 2491 4013 ἑκουσίου
2514 3974 2573 4010 τε
2606 3956 2639 4027 ἢ
2667 3952 2924 4011 ἀκουσίου
2947 3952 3222 4024 ἁμαρτίας
3247 3950 3486 4021 καθαρά.
3533 3949 3696 4002 Ἀλλά
3720 3949 3824 4002 καὶ

2241 4051 2344 4115 τάς
2375 4047 2484 4103 τῶν
2513 4047 2686 4117 ἁγίων
2711 4045 2891 4116 ψυχὰς
2934 4042 3142 4114 εἴποιμ’
3167 4044 3234 4098 ἂν
3268 4041 3462 4112 μικρὸν
3482 4082 3496 4105 ,
3531 4041 3581 4093 εί
3613 4040 3708 4093 καὶ
3737 4041 3820 4111 μὴ

2243 4142 2366 4198 κατ’
2388 4139 2672 4213 ἐνέργειαν
2693 4180 2710 4202 ,
2746 4137 2863 4191 ἀλλ’
2907 4132 3002 4190 οὖν
3031 4151 3096 4204 γε
3133 4133 3280 4191 κατὰ
3313 4133 3559 4186 διάνοιαν
3600 4132 3824 4194 πάντως

2248 4234 2423 4306 ῥύπου
2482 4231 2682 4294 κακίας
2739 4227 3079 4296 εἰσδέξασθαι
3139 4243 3212 4280 τι.
3273 4225 3386 4278 Καὶ
3433 4223 3594 4278 τοῦτο
3631 4223 3823 4292 σαφῶς

2246 4326 2395 4380 ἐστιν
2425 4323 2654 4378 ἀκοῦσαι
2686 4322 2782 4376 τοῦ
2812 4319 3022 4391 Κυρίου
3051 4318 3414 4384 διδάσκοντος,
3435 4319 3495 4371 ἐν
3518 4311 3600 4380 οἷς
3627 4331 3820 4386 φησιν·

2253 4419 2531 4484 Ἔρχεται
2553 4417 2586 4468 ό
2604 4413 2805 4481 ἄρχων
2824 4411 2930 4466 τοῦ
2953 4411 3188 4479 κόσμου
3211 4411 3448 4475 τούτου,
3476 4411 3573 4463 καί
3599 4409 3669 4462 ἐν
3691 4405 3826 4474 ἐμοι

2248 4508 2519 4577 εὑρίσκει
2548 4502 2748 4559 οὐδέν.
2794 4502 2868 4556 Τὸ
2897 4501 3006 4573 γὰρ
3041 4501 3111 4556 ἐν
3143 4501 3271 4570 ἐμοὶ
3325 4501 3422 4555 καὶ⁵
3450 4500 3510 4554 τὸ
3535 4498 3718 4553 οὐδὲν
3743 4499 3824 4549 εί-

579 4590 928 4690 cogitationis
952 4613 1188 4670 liberum
1218 4609 1409 4665 fuisse.
1450 4603 1819 4673 Quamobrem
1868 4597 2133 4655 damnatic

2255 4600 2373 4682 πων
2409 4596 2703 4670 διαρρήδην
2735 4592 3038 4660 ὑπέδειξεν,
3069 4593 3150 4646 ὃτι
3177 4610 3241 4660 γε
3273 4591 3432 4663 μόνος
3466 4590 3682 4657 ἀπάσης
3723 4603 3824 4658 μευ

579 4713 793 4786 peccati
821 4727 945 4768 cum
981 4709 1195 4765 nullum
1228 4705 1410 4759 locum
1464 4700 1522 4754 in
1547 4713 1614 4754 eo
1670 4693 1988 4766 reperisset,
2021 4690 2151 4746 sub-

2257 4678 2462 4764 μένηκε
2501 4688 2726 4758 καὶτῆς
2756 4684 2880 4740 κατ’
2923 4684 3168 4738 ἐπίνοιαν
3205 4683 3478 4754 ἁμαρτίας
3516 4678 3822 4747 ἐλεύθερος.

3975 163 3977 184 1

581 4772 741 4870 stitit,
795 4812 853 4861 et
908 4798 1328 4867 circumscripta
1375 4801 1482 4858 est,
1531 4799 1586 4846 et
1625 4803 1656 4843 a
1717 4787 1830 4842 reis
1891 4784 2133 4854 deincept

2254 4787 2347 4840 Διὸ
2377 4785 2473 4840 κα)⁸
2512 4783 2574 4836 τὸ
2615 4781 2718 4852 τῆς
2743 4780 3023 4854 ἁμαρτίας
3066 4778 3382 4848 κατάκριμα
3419 4774 3690 4847 μηδεμίαν
3737 4772 3823 4824 ἐπ’

582 4895 830 4952 recessit.
859 4892 1068 4949 Mortua
1095 4865 1254 4943 enim
1302 4896 1448 4936 mors
1479 4888 1582 4944 est,
1608 4893 1732 4932 cum
1757 4890 1976 4932 carnem
2030 4889 2133 4943 qua

2255 4877 2403 4948 αύτῷ
2433 4876 2617 4947 χώραν
2657 4873 2818 4944 εὐρὺν
2837 4915 2852 4939 ,
2885 4873 3016 4942 ἔστη
3059 4871 3155 4924 καὶ
3187 4868 3535 4940 περιεγράφη
3554 4909 3569 4931 ,
3599 4867 3694 4919 καὶ
3721 4865 3824 4917 τῶν

584 5001 696 5042 non
752 4990 1108 5056 peccaverat,
1155 4974 1484 5046 degustavit.
1539 4969 1868 5026 Existimare
1926 4976 2133 5021 autem.

2255 4971 2524 5024 ὑπαιτίων
2563 4969 2642 5031 εἰς
2671 4967 2734 5020 τδ
2762 4966 2889 5034 ἐξῆς
2917 4961 3328 5032 ἀνακεχωρηκε.
3375 4958 3619 5027 Τέθνηκε
3657 4956 3770 5027 7&9
3799 4955 3825 5005 ό

584 5077 736 5147 quod
760 5091 888 5131 caro
917 5081 1115 5126 natura
1154 5063 1424 5138 passionis
1455 5076 1671 5132 expers,
1705 5066 1761 5114 et
1805 5055 2130 5112 immortalis

2252 5059 2517 5125 θάνατος,
2564 5058 2948 5128 άναμαρτήτου
3002 5053 3203 5123 σαρκὸς
3244 5049 3715 5120 ἀπογευσάμενος.
3755 5043 3826 5098 Τδ

589 5137 738 5238 quod
791 5173 1003 5219 natura:
1053 5137 1176 5231 ejus
1244 5171 1356 5211 non
1411 5155 1591 5208 inerat
1638 5157 1834 5222 sponte
1891 5145 2117 5204 admisit

2250 5150 2310 5238 δέ
2348 5167 2412 5219 γε
2467 5147 2675 5204 οἴεσθαι
2718 5146 2794 5209 ὡς
2840 5143 3054 5212 ἀπαθὴς
3099 5145 3165 5212 τῇ
3205 5140 3366 5211 φύσει
3416 5140 3514 5193 καὶ
3561 5137 3826 5194 ἀθάνατος

593 5230 830 5329 primum
880 5253 1092 5326 pridem
1142 5250 1250 5305 hoc
1297 5255 1383 5304 est
1415 5247 1686 5317 ignorare,
1742 5241 1884 5296 velle
1939 5249 1995 5295 et
2042 5254 2133 5295 nor

2252 5237 2421 5308 οὖσα,
2459 5241 2520 5295 τδ
2554 5240 2628 5311 μὴ
2669 5241 2736 5310 τῇ
2774 5235 2935 5306 φύσει
2974 5235 3109 5307 πρὸς
3154 5233 3213 5286 ὃν
3273 5230 3593 5292 ἐθελουσίως
3655 5243 3825 5298 προσ·

592 5347 733 5405 velle
775 5362 884 5402 non
929 5359 1049 5400 esse
1092 5341 1275 5399 carnis
1326 5336 1632 5410 proprium,
1684 5331 1778 5388 sed
1839 5331 2036 5386 anima:
2066 5345 2133 5384 rat

2255 5335 2450 5407 ήκατο,
2479 5331 2693 5402 πρῶτον
2733 5330 2833 5400 μὲν
2861 5329 2959 5381 ούκ
2990 5327 3206 5380 είδότων
3243 5325 3407 5386 ἐστὶν,
3430 5323 3510 5376 ὅτι
3543 5321 3603 5373 τὸ
3643 5319 3826 5388 βούλεο

594 5438 839 5501 tionalis,
871 5437 925 5492 in
949 5450 1057 5504 qua
1085 5409 1516 5504 potestasliberi
1551 5425 1788 5490 arbitrii,
1819 5433 1874 5479 et
1906 5424 2133 5478 volunta

2258 5428 2382 5481 σθαι
2410 5427 2503 5480 καὶ
2539 5425 2612 5495 μὴ
2648 5420 2956 5492 βούλεσθαι,
2991 5418 3091 5473 ούκ
3129 5419 3242 5470 ἔστι
3277 5415 3479 5486 σαρκὸς
3520 5413 3671 5474 ἴδιον,
3693 5409 3829 5462 ἀλλὰ

596 5529 669 5584 tis
710 5528 764 5582 in
817 5500 1110 5594 utramque
1158 5531 1368 5593 partem
1423 5516 1722 5590 propensio
1776 5524 1832 5570 et
1879 5513 2133 5568 inclinati

2259 5515 2484 5585 λογικῆς
2520 5512 2698 5583 ψυχῆς
2725 5527 2737 5540 ·
2771 5511 2900 5580 περὶ
2927 5512 2995 5580 ἢν
3035 5510 3069 5580 ἡ
3107 5505 3519 5574 αύτεξουσιότης
3561 5519 3619 5554 τε
3679 5500 3827 5569 καὶὴ

589 5611 864 5677 cernitur.
900 5615 1108 5672 Deinde
1161 5615 1370 5670 faciunt
1423 5627 1546 5667 eam
1589 5623 1764 5670 ream,
1811 5621 1932 5674 qua:
1985 5604 2133 5658 volui

2262 5609 2347 5679 ἐφ’
2373 5607 2609 5676 ἑκάτερα
2665 5601 2757 5656 τοῦ
2816 5601 2991 5654 θέλειν
3040 5599 3182 5671 ῥοπὴ
3231 5597 3534 5666 θεωρεῖται.
3597 5593 3828 5645 Ἔπειτα

600 5710 745 5783 quod
785 5719 984 5780 prazter
1012 5720 1261 5766 naturam
1314 5712 1462 5770 erat;
1512 5695 1566 5757 et
1608 5701 1660 5756 id
1699 5699 1885 5771 elegit,
1929 5698 1994 5753 ad
2025 5713 2133 5768 quo

2265 5699 2356 5752 καὶ
2414 5695 2677 5765 ζύπαὲτιον
2738 5690 2905 5764 αὐτὴν
2957 5688 3096 5744 εἶναι
3167 5685 3704 5751 κατασκευάζουσιν,
3768 5682 3830 5735 τὸ

681 5890 724 5924 ⁸⁸
769 5889 922 5946 Rom.
953 5904 1005 5953 ν,
1047 5888 1127 5941 ιε’..
1206 5888 1243 5918 ³⁸
1273 5884 1424 5940 Joan.
1458 5899 1581 5947 xxv,
1615 5882 1704 5935 30.
