4068 6542
323 461 462 532 1333

1365 470 1664 531 CONTRA
1704 471 2021 531 NESTOR.
2058 473 2151 531 ET
2194 475 2513 535 EUTYClI.

3436 466 3574 536 1°33!

321 577 471 647 παρὰ
499 575 598 647 τὴν
633 575 797 646 φύσιν
837 574 1118 645 θελούσης,
1143 576 1236 629 καὶ
1259 574 1289 629 ὃ
1323 575 1398 647 μὴ
1439 578 1684 646 πέφυκεν
1709 578 1896 648 αίρουο

2003 586 2125 633 nata
2164 594 2274 634 non
2316 588 2456 635 erat.
2486 579 2588 635 llic
2637 588 2822 635 autem
2863 578 3091 635 ultimus
3130 578 3344 650 peccati
3390 579 3569 638 limes.

324 673 514 741 μένης.
539 663 709 733 Οὗτος
736 670 793 723 δὲ
824 669 1097 740 ἁμαρτίας
1124 670 1250 739 ὅρος
1277 670 1305 721 ὁ
1329 668 1575 739 ἔσχατος.
1607 669 1718 723 Καὶ
1740 667 1899 722 τοῦτο

320 762 376 815 δὲ
411 760 484 831 μὴ
508 760 929 831 καταλείψωμεν
955 760 1216 829 ἀπαρασή
1227 776 1457 830 μαντον,
1497 760 1581 814 δτι
1612 759 1784 830 τριῶν
1812 760 1900 812 al-

249 886 257 907 .
321 855 451 907 τεῶν
480 854 900 925 θεωρουμένων,
954 853 1013 918 ἐξ
1046 846 1121 907 ὧν
1164 854 1316 906 πᾶσα
1352 853 1700 907 ἀποτελεῖται
1740 851 1897 922 ὲνέρο

322 963 464 1015 γεια·
493 949 528 1017 ἡ
565 947 662 1018 μὲν
691 947 799 1016 γάρ
826 948 973 1000 ἐστιν
1005 948 1069 999 ὲκ
1093 947 1331 1016 φυσικῆς
1358 947 1664 1016 δυνάμεως,
1694 948 1727 1017 ή
1753 946 1810 999 δὲ
1834 948 1899 999 ὲκ

322 1038 688 1110 παρατροπῆς
715 1040 814 1108 τῆς
847 1037 987 1091 κατά
1017 1037 1179 1107 φύσιν
1208 1038 1396 1103 ἕξεως,
1420 1040 1454 1109 ἡ
1481 1038 1537 1091 δὲ
1570 1037 1734 1109 ἑτέρα
1762 1038 1899 1090 θεωο

324 1132 499 1201 ρεῖται
539 1130 680 1184 κατά
707 1129 809 1197 τὴν
857 1128 993 1195 πρὸς
1026 1127 1088 1181 τὸ
1111 1132 1361 1197 κρεῖττον
1394 1128 1658 1181 ἀνάϐασίν
1690 1144 1750 1180 τε
1806 1126 1900 1179 καὶ

323 1221 580 1292 πρόοδον·
610 1218 866 1290 τούτωνὴ
906 1217 1007 1288 μὲν
1040 1217 1270 1289 φυσικὴ,
1297 1219 1330 1289 ἠ
1361 1217 1419 1270 δὲ
1455 1218 1605 1286 παρά
1639 1215 1824 1284 φύσιν,
1863 1217 1896 1286 ἡ

319 1314 377 1367 δὲ
408 1313 548 1382 ὑπὲρ
574 1311 736 1379 φύσιν
768 1310 885 1364 ἐστὶ
908 1311 1003 1364 καὶ
1028 1310 1380 1381 ὀνομάζεται.
1424 1309 1489 1362 Ἦ
1514 1308 1612 1378 μὲν
1628 1303 1720 1362 οὖν
1748 1304 1901 1377 παρὰ

322 1404 504 1474 φύσιν,
534 1404 654 1459 κατ’
684 1403 817 1457 αὐτό
856 1420 919 1472 γε
952 1402 1014 1456 τὸ
1061 1402 1254 1472 ὄνομα,
1296 1400 1617 1461 ἀπόπτωσίς
1649 1417 1733 1463 τις
1765 1394 1900 1452 οὖσα

320 1499 428 1551 τῶν
455 1495 701 1565 φυσικῶν
727 1495 895 1561 ἕξεων
923 1497 1018 1550 καὶ
1056 1496 1361 1565 δυνάμεων,
1392 1494 1714 1565 λυμαίνεται
1742 1495 1808 1564 τῇ
1840 1509 1899 1545 τε

320 1589 477 1662 οὐσίᾳ
504 1589 666 1661 αὐτῇ,
694 1589 790 1642 καὶ
820 1590 944 1651 ταῖς
968 1590 1173 1659 ταύτης
1208 1589 1463 1655 φυσικαῖς
1494 1585 1901 1657 ὲνεργείαις.Ἡ

319 1684 377 1737 δὲ
427 1683 631 1752 φυσικὴ
671 1683 735 1736 ἐκ
763 1681 865 1753 τῆς
906 1680 1359 1752 ἀπαραποδίστου
1413 1680 1509 1732 καὶ
1563 1680 1704 1733 κατά
1738 1678 1901 1747 φύσιν

320 1775 723 1848 ἑρηρεισμένης
759 1774 1099 1827 ἀποτελεῖται
1138 1772 1337 1835 αίτίας.
1392 1772 1455 1824 'H
1486 1771 1544 1824 δὲ
1573 1771 1711 1841 ὑπὲρ
1742 1770 1901 1838 φύσιν

320 1869 514 1937 ἀνάγει
541 1885 602 1921 τε
634 1868 729 1922 καὶ
753 1867 898 1933 ὑψοῖ,
922 1867 1018 1920 καὶ
1043 1866 1179 1935 πρὸς
1203 1865 1271 1918 τά
1300 1864 1617 1936 τελειότερα
1650 1864 1897 1933 δυναμοῖ,

320 1961 416 2015 καὶ
448 1962 591 2032 ᾰπερ
623 1962 723 2014 οὐκ
773 1960 839 2013 ἂν
872 1960 1093 2029 ἴσχυσεν
1121 1959 1365 2027 ἐνεργεῖν
1402 1960 1514 2019 τοῖς
1560 1956 1703 2010 κατὰ
1737 1955 1900 2025 φύσιν

319 2053 750 2123 ὲναπομείνασα.
807 2053 922 2105 Οὐκ
970 2051 1118 2104 ἐστιν
1157 2046 1249 2103 οὖν
1286 2050 1357 2104 τὰ
1403 2049 1545 2121 ὑπὲρ
1592 2048 1751 2118 φύσιν
1792 2048 1899 2102 τῶν

322 2145 463 2201 κατὰ
492 2145 656 2216 φύσιν
684 2143 1029 2216 άναιρετικά,
1057 2142 1196 2196 ἀλλὰ
1221 2142 1528 2212 παράγωγα
1565 2140 1662 2193 καὶ
1694 2140 1929 2211 παρορ-’

323 2238 548 2309 μητικὰ,
579 2239 659 2300 είς
696 2236 757 2289 τὸ
788 2235 1019 2289 κάκεῖνά
1049 2250 1109 2286 τε
1147 2233 1441 2302 δυνηθῆναι
1466 2272 1481 2297 ,
1516 2232 1611 2286 καὶ
1638 2231 1738 2301 τὴν
1763 2230 1900 2302 πρὸς

320 2331 385 2385 τὰ
416 2330 557 2401 ὑπὲρ
579 2327 755 2382 ταῦτα
783 2326 1015 2399 δύναμιν
1046 2325 1403 2397 προσλαϐεῖν.

392 2598 454 2651 Α.
492 2594 905 2664 Παραδείγματι
942 2589 1259 2662 οίκειοτέρῳ
1311 2589 1610 2659 σαφήνισον
1645 2586 1709 2639 τὸ
1738 2586 1898 2654 λεγόη

325 2708 485 2763 μενον
516 2707 532 2722 ο
562 2690 624 2742 οὐ
659 2689 767 2760 γάρ
802 2705 903 2758 μου
931 2688 961 2740 δ
993 2686 1118 2749 νοῦς
1152 2701 1240 2738 πω
1273 2676 1418 2736 εἷλεν
1442 2681 1595 2736 αὐτό.

392 2785 456 2837 0.
493 2781 693 2835 Σκόπει
716 2781 794 2845 δὲ,
826 2779 983 2850 ἔφην,
1012 2772 1056 2846 ᾧ
1089 2777 1179 2847 δὴ,
1206 2774 1461 2846 καθάπερ
1480 2773 1571 2827 ἐπὶ
1601 2773 1710 2826 τῶν
1724 2787 1902 2840 τεχνι-

322 2877 434 2940 κῶς
481 2874 1011 2942 κατεσκευασμένων
1055 2869 1202 2923 ἐστιν
1259 2869 1408 2933 ίδεῖν,
1447 2861 1901 2937 μετακοσμοῦσαν

320 2970 421 3039 τὴν
472 2967 668 3036 τέχνην
716 2964 794 3034 τῷ
834 2961 1341 3032 κατασκευάσματι,
1383 2957 1476 3012 καὶ
1515 2957 1615 3027 τὴν
1665 2954 1901 3027 φυσικὴν

320 3060 420 3129 τῆς
444 3055 814 3126 ὑποκειμένης
848 3053 980 3123 ὕλης
1011 3051 1289 3123 ἀμορφίαν
1318 3051 1413 3102 ἐπὶ
1439 3049 1501 3102 τὺ
1535 3045 1902 3119 εὐπρεπέστε-

326 3167 418 3220 ρον
470 3146 657 3219 σχῆμά
703 3163 763 3199 τε
817 3146 914 3199 καὶ
964 3139 1103 3207 εἶδος
1156 3142 1516 3213 μετάγουσαν.
1550 3140 1643 3192 καὶ
1679 3137 1815 3209 πρὸς
1842 3136 1903 3192 τὸ

323 3239 583 3314 χρειῶδες
637 3237 836 3307 μᾶλλον
882 3233 1330 3305 ἐκκαλουμένη»⁸
1384 3230 1673 3302 χαρίζεται
1716 3228 1825 3301 γὰρ
1865 3229 1900 3300 ἡ
1930 3260 1975 3320 C

320 3334 486 3403 τέχνη
520 3333 656 3402 ὅπερ
687 3330 785 3384 οὐκ
811 3327 969 3397 ἔσχεν
996 3328 1029 3397 ἡ
1063 3324 1225 3393 φύσις
1245 3340 1258 3353 ·
1290 3322 1433 3377 οὕτω
1460 3324 1570 3395 γὰρ
1611 3321 1766 3376 αὐλοὶ
1808 3322 1902 3376 καὶ

325 3426 568 3495 κιθάραι,
594 3422 690 3477 καὶ
714 3421 782 3475 τά
811 3419 1022 3480 τούτοις
1046 3418 1156 3471 τῶν
1197 3417 1447 3488 ὀργάνων
1470 3418 1633 3487 ὅμοια
1665 3414 1902 3485 φθέγγε-

326 3518 452 3572 σθαι
483 3516 634 3586 παρὰ
659 3514 759 3584 τῆς
788 3513 985 3582 τέχνης
1015 3510 1441 3579 ἑξεϐιάσθησανο
1470 3507 1615 3562 οὕτω
1644 3511 1739 3561 καὶ
1761 3508 1901 3560 πλα-

328 3609 488 3681 στικὴ
523 3609 591 3662 τά
621 3623 680 3660 τε
720 3606 856 3661 ἄλλα
884 3605 978 3658 καὶ
1010 3604 1100 3656 τὸν
1138 3601 1337 3672 χρυσὸν
1360 3598 1439 3663 είς
1465 3617 1525 3653 τε
1562 3598 1733 3670 μυρία
1755 3599 1903 3668 ’γένη

324 3703 434 3757 τῶν
486 3701 694 3768 ἀλόγων
749 3696 923 3762 ζώων,
966 3694 1057 3749 καί
1103 3711 1168 3763 γε
1224 3692 1361 3764 πρὸς
1410 3692 1509 3756 τὰς
1552 3690 1904 3762 ἀνθρωπικὰς

330 3790 651 3864 μεταμείϐει
686 3787 932 3859 μορφάςο
969 3785 1245 3857 μηχανική
1285 3801 1347 3836 τε
1386 3782 1456 3837 αὖ
1496 3782 1658 3836 πάλιν
1710 3783 1906 3851 ἀστρο-

327 3883 557 3953 ωμικάς
613 3880 846 3951 σφαίρας
901 3878 995 3930 καὶ
1045 3874 1397 3948 ὠροσκόπια,
1430 3872 1524 3926 καὶ
1570 3872 1639 3925 τὰ
1681 3870 1906 3924 τοιαῦτα

329 3971 681 4041 ἰπινενόηκε·
712 3966 920 4039 μακρὸν
952 3966 997 4019 δ’
1042 3964 1111 4019 ἂν
1148 3964 1237 4034 εἴη
1283 3962 1353 4016 τά
1405 3963 1526 4016 κατ’
1575 3957 1714 4023 εἶδος
1769 3977 1905 4013 κατ-

329 4062 579 4134 αριθμεῖν
598 4102 613 4128 ,
643 4055 723 4123 οἷς
760 4060 790 4112 ὁ
815 4056 1059 4128 τεχνικὸς
1097 4056 1254 4125 λόγος
1282 4055 1375 4108 ἐπὶ
1400 4051 1506 4107 τῶν
1531 4051 1745 4106 οἰκείων
1765 4052 1905 4121 ὅρων

329 4153 499 4224 αὐτῆς
530 4151 792 4222 μεινάσης
822 4149 921 4218 τῆς
956 4147 1172 4218 φύσεως
1191 4188 1207 4213 ,
1236 4146 1331 4199 καὶ
1358 4145 1509 4198 οὐδὲν
1547 4145 1683 4207 ὅλως
1726 4163 1905 4217 παρα-

328 4246 644 4315 ϐλαϐείσης,
674 4245 772 4314 τὴν
817 4242 926 4296 ἀπὸ
977 4240 1079 4310 τῆς
1127 4238 1321 4309 τέχνης
1369 4238 1669 4305 εὐκοσμίαν
1712 4253 1773 4291 τε
1812 4238 1907 4292 καὶ

328 4338 659 4410 εὐχρηστίαν
690 4335 1017 4407 προστίθησι
1036 4349 1052 4365 ο
1086 4332 1179 4385 τδν
1203 4331 1367 4386 αὐτόν
1392 4347 1455 4399 γε
1486 4329 1543 4383 δὲ
1572 4329 1792 4399 τρόπον,
1819 4330 1907 4383 ἵνα

328 4436 442 4497 τοῖς
482 4432 650 4495 θείοις
698 4447 756 4482 τε
823 4428 919 4482 καὶ
967 4426 1301 4497 ὑπερτέροις
1340 4424 1409 4478 τά
1442 4422 1759 4494 χαμαίζηλα
1812 4424 1906 4477 καὶ

2000 668 2112 724 Νοο
2138 669 2243 725 hoc
2296 679 2381 726 est
2419 672 2538 726 sine
2586 672 3066 727 animadversione
3109 672 3574 742 praetereundum,

2002 762 2150 830 quod
2180 777 2305 818 cum
2349 772 2462 818 tres
2484 780 2663 820 causa:
2715 774 3013 820 cernantur
3041 782 3110 821 ex
3154 765 3357 836 quibus
3394 765 3575 819 omnis

1998 863 2157 909 actus
2188 856 2577 924 proﬁciscitur,
2621 874 2764 912 unus
2823 858 3044 928 quidem
3086 867 3171 913 est
3220 874 3286 914 ex
3336 858 3571 913 naturali

2000 948 2279 1015 potentia;
2307 950 2450 1003 alius
2465 966 2597 1004 vero
2628 965 2695 1004 ex
2711 950 3105 1019 depravatione
3130 950 3352 1004 habitus
3379 965 3575 1002 secun-

1999 1037 2130 1091 dum
2147 1047 2434 1104 naturam;
2459 1040 2657 1095 tertius
2672 1039 3576 1095 consideratursecundum’ascen-

1999 1144 2121 1184 sum
2154 1138 2210 1184 et
2253 1146 2602 1202 progressum
2642 1132 2709 1186 ad
2757 1132 2983 1186 melius:
3019 1147 3082 1185 ex
3114 1130 3202 1185 his
3247 1130 3460 1199 primus
3490 1136 3576 1184 est

2000 1224 2305 1289 naturalis;
2339 1224 2618 1279 secundus
2647 1232 2848 1293 praeter
2872 1234 3124 1278 naturam
3148 1238 3161 1288 ;
3197 1220 3392 1277 tertius
3410 1236 3575 1290 supra

1999 1324 2252 1369 naturam
2305 1324 2408 1381 est,
2452 1325 2513 1372 et
2563 1316 2901 1370 nominatur.
2945 1315 3041 1369 Ille
3093 1329 3227 1385 ergo
3272 1320 3431 1368 actus
3480 1312 3573 1380 qui

2001 1417 2229 1461 vocatur
2261 1414 2462 1476 praeter
2497 1417 2773 1472 naturam,
2797 1408 2891 1477 qui
2915 1416 2996 1461 est
3018 1406 3296 1459 aberratio
3326 1404 3577 1474 quaedam

2001 1511 2032 1550 a
2066 1498 2410 1553 naturalibus
2459 1498 2744 1554 habitibus
2797 1510 2853 1554 et
2898 1500 3183 1570 potentiis,
3239 1498 3388 1553 ltcdit
3438 1497 3575 1551 sub-

2001 1588 2259 1642 stantiam
2326 1590 2500 1658 ipsam
2547 1599 2604 1645 et
2654 1590 3007 1660 operationes
3058 1592 3181 1661 ejus
3247 1590 3573 1644 naturales:

2002 1681 2272 1736 naturalis
2306 1692 2489 1737 autem
2521 1690 2679 1737 actus
2731 1698 2798 1737 ex
2833 1698 2996 1738 causa
3042 1697 3152 1736 uon
3208 1682 3489 1751 impedita,
3521 1690 3578 1736 et

2001 1770 2305 1825 secundum
2338 1782 2591 1825 naturam
2621 1772 2785 1826 nixus
2802 1771 3208 1841 proficiscitur:
3257 1780 3412 1825 actus
3444 1786 3576 1824 vero

2003 1877 2169 1931 supra
2202 1872 2481 1928 naturam,
2512 1864 2719 1927 evehit,
2745 1873 2801 1918 et
2833 1865 3034 1928 elevat,
3066 1873 3124 1918 et
3147 1864 3212 1918 ad
3245 1864 3577 1934 perfectiora

1932 1926 1974 1985 Β
2003 1955 2251 2021 roborat,
2303 1965 2361 2011 et
2400 1956 2467 2011 ad
2512 1972 2576 2011 ea
2630 1972 2752 2027 qua:
2782 1972 2893 2011 non
2942 1956 3213 2025 potuisset
3251 1955 3489 2019 eﬂicere,
3530 1956 3576 2009 si

2003 2047 2060 2101 in
2111 2046 2179 2101 iis
2237 2062 2359 2116 quae
2416 2056 2544 2102 sunt
2601 2048 2905 2103 secundum
2956 2057 3212 2102 naturam
3264 2047 3576 2103 mansisset.

2000 2139 2132 2205 Quae
2163 2138 2333 2208 igitur
2363 2155 2533 2208 supra
2587 2150 2841 2197 naturam
2894 2149 3043 2203 sunt,
3101 2155 3208 2193 non
3254 2138 3580 2193 interimunt

2001 2246 2123 2300 qua:
2152 2239 2284 2285 sunt
2315 2232 2617 2285 secundum
2648 2238 2920 2295 naturam,
2955 2231 3049 2284 sed
3092 2229 3277 2299 potius
3299 2229 3579 2284 deducunt

2002 2332 2057 2377 et
2079 2323 2388 2392 impellunt,
2425 2330 2486 2376 ut
2528 2338 2591 2377 ea
2614 2337 2736 2391 qua;
2767 2321 3071 2376 secundum
3116 2330 3370 2374 naturam
3424 2328 3575 2383 sunt,

2002 2415 2296 2484 possimus,
2341 2424 2397 2469 et
2427 2413 2690 2468 virtutem
2727 2411 2794 2467 ad
2826 2428 2889 2467 ea
2912 2426 3035 2481 qua:
3077 2426 3244 2480 supra
3274 2411 3390 2465 haec
3427 2418 3575 2476 sunt,

2001 2506 2360 2576 accipiamus.

2071 2598 2136 2654 Η.
2168 2600 2454 2669 Exemplo,
2478 2599 2678 2669 inquit,
2704 2598 2958 2654 familiari
2986 2598 3207 2655 declara
3233 2596 3379 2669 quod
3403 2594 3575 2660 dicis;

2000 2690 2247 2745 nondum
2282 2692 2430 2745 enim
2470 2707 2626 2746 mens
2652 2707 2773 2747 mea
2809 2692 2941 2746 illud
2971 2692 3227 2762 percipit.

2070 2780 2135 2838 Ο.
2170 2782 2493 2847 Considera,
2514 2785 2767 2854 inquam,
2797 2784 2877 2839 sic
2905 2801 2919 2837 :
2954 2784 3111 2839 Sicut
3138 2785 3192 2838 in
3219 2784 3286 2838 iis
3310 2799 3431 2854 quae
3461 2791 3579 2837 arte

2004 2873 2161 2940 fiunt,
2225 2875 2415 2931 videre
2468 2876 2619 2941 licet,
2681 2875 3145 2946 quemadmodum
3209 2891 3300 2930 ars
3346 2874 3580 2929 artilicio

2004 2983 2179 3030 mutat
2229 2976 2283 3029 in
2341 2976 2502 3029 aliam
2547 2975 2818 3039 formam,
2871 2984 2926 3030 et
2973 2975 3276 3029 naturalem
3338 2972 3582 3027 materia:

2003 3064 2266 3134 subjectae
2294 3064 2717 3119 deformitatem
2753 3064 2819 3118 ad
2846 3065 3218 3134 pulchriorem
3242 3062 3497 3117 habitum
3525 3073 3582 3119 et

2004 3155 2244 3225 speciem
2281 3154 2557 3220 transfert,
2610 3163 2668 3210 et
2698 3155 2869 3225 magis
2899 3156 2967 3210 ad
3021 3155 3318 3209 utilitatem
3344 3162 3579 3218 evocat;

2006 3246 2236 3317 largitur
2284 3247 2432 3301 enim
2468 3262 2578 3312 ars,
2622 3247 2769 3317 quod
2826 3256 3024 3302 natura
3083 3262 3192 3301 non
3240 3246 3472 3300 habuit:
3511 3244 3581 3299 ad

2006 3337 2154 3392 hunc
2202 3336 2425 3392 modum
2478 3336 2645 3398 tibiae.
2695 3346 2751 3391 et
2791 3337 3033 3402 citharae,
3066 3344 3123 3391 et
3179 3337 3284 3391 alia
3311 3334 3582 3406 ejusmodi

2005 3428 2372 3485 instrumenta
2422 3427 2477 3483 vi
2522 3427 2659 3482 artis
2695 3442 2860 3482 sonos
2908 3428 3169 3483 emittunt
3201 3445 3213 3480 :
3255 3428 3334 3481 sic
3363 3443 3453 3481 ars
3481 3427 3584 3479 fin-

2004 3521 2167 3592 gendi
2213 3536 2341 3576 cum
2392 3520 2537 3585 alia,
2586 3528 2703 3574 tum
2760 3536 2955 3575 aurum
3002 3519 3059 3573 in
3120 3519 3335 3574 infinita
3381 3532 3582 3589 genera

2005 3612 2326 3667 animalium
2374 3612 2588 3665 ratione
2610 3611 2939 3672 carentium,
2964 3618 3020 3664 et
3058 3610 3112 3663 in
3152 3609 3353 3663 formas
3386 3609 3582 3661 humao

2006 3718 2104 3757 nas
2133 3711 2327 3757 mutat.
2347 3700 2425 3756 Ac
2461 3715 2652 3755 rursus
2673 3714 2762 3754 ars
2797 3699 3114 3755 mechanica
3144 3700 3385 3769 sphqeras
3409 3707 3585 3753 astro-

2006 3794 2272 3857 nomicas,
2294 3801 2351 3848 et
2382 3792 2692 3863 horologia,
2719 3800 2774 3847 et
2803 3792 2909 3846 alia
2944 3791 3260 3863 huiusmodi
3302 3792 3583 3860 excogita-

2005 3885 2105 3940 vit.
2134 3885 2382 3956 Longum
2409 3894 2577 3948 esset,
2608 3900 2907 3940 numerare
2954 3883 3160 3939 formas
3197 3883 3399 3953 quibus
3442 3883 3584 3937 ratio

2007 3976 2301 4032 artificiosa
2325 3984 2581 4030 manente
2614 3986 2812 4031 natura
2838 3976 2981 4032 intra
3012 3975 3149 4031 fines
3188 3990 3337 4037 suos,
3361 3982 3417 4029 et
3444 3974 3583 4028 nihil

2007 4067 2153 4131 laesa,
2193 4067 2670 4137 pulchritudinem
2741 4075 2800 4122 et
2850 4066 3302 4123 commoditatem
3355 4082 3422 4121 ex
3464 4076 3583 4120 arte

2007 4157 2251 4212 adhibet.
2316 4157 2398 4213 Ad
2442 4158 2698 4213 eumdem
2766 4157 3014 4223 modum,
3068 4165 3129 4211 ut
3184 4173 3306 4226 quae
3354 4157 3585 4212 humilia

2006 4255 2157 4311 sunt,
2187 4253 2244 4301 et
2263 4247 2686 4302 similitudinem
2722 4248 2882 4317 longe
2931 4263 2961 4301 a
2990 4247 3225 4301 veritate
3275 4248 3585 4302 remotissi-

2008 4354 2151 4393 mam
2182 4339 2389 4403 ferunt,
2416 4354 2541 4393 cum
2576 4338 2781 4393 divinis
2832 4336 3067 4406 exempli
3119 4353 3286 4393 causa
3337 4338 3586 4393 confera-

2007 4430 2481 4486 muszconsidera
2534 4430 2670 4483 mihi
2733 4444 2955 4483 carnem
3003 4428 3222 4483 Domini
3264 4428 3429 4482 salvis
3482 4444 3586 4482 na-

331 4522 621 4578 πολλοστὸν
680 4520 783 4589 τῆς
842 4516 1103 4587 ἀληθείας
1157 4516 1432 4585 ἀπήχημα
1475 4513 1730 4581 φέροντα,
1765 4512 1903 4582 πρὸς

2008 4532 2145 4578 turre
2181 4522 2396 4593 legibus
2430 4532 2555 4591 post
2595 4520 2857 4573 unionem
2926 4534 3091 4588 supra
3117 4530 3373 4574 naturam
3405 4527 3460 4573 et
3490 4519 3584 4572 ad-

330 4615 682 4688 παράδειγμα
709 4610 981 4678 λάϐωμεν,
1012 4608 1106 4661 καὶ
1131 4607 1229 4677 τὴν
1270 4605 1366 4658 τοῦ
1412 4604 1615 4674 Κυρίου
1651 4604 1761 4656 νόει
1813 4620 1904 4672 μοι

2010 4612 2350 4677 mirabilem;
2392 4612 2556 4665 etiam
2607 4626 2671 4664 ea
2735 4625 2855 4679 quae
2908 4623 3074 4679 supra
3121 4619 3376 4663 naturam
3433 4617 3581 4671 sunt,

330 4707 508 4777 σάρκα
536 4705 645 4757 τῶν
670 4704 769 4772 τῆς
803 4701 1018 4769 φύσεως
1057 4699 1259 4768 νόμων,
1295 4698 1389 4751 καὶ
1421 4694 1560 4766 μετά
1593 4695 1690 4766 τὴν
1731 4695 1904 4765 ὐπερ-

332 4799 443 4867 φυᾶ
482 4798 580 4852 καὶ
619 4793 929 4857 θαυμασίαν
968 4790 1184 4855 ἕνωσιν,
1217 4787 1514 4858 ἀλωϐήτων
1562 4788 1734 4857 αὐτῆς
1776 4803 1905 4839 συν-

330 4889 695 4960 τηρηθέντων,
713 4886 808 4939 καὶ
824 4885 890 4939 τά
911 4883 1053 4952 ὑπὲρ
1069 4882 1169 4951 τὴν
1193 4879 1353 4950 φύσιν
1383 4878 1651 4948 δεδέχθαι,
1674 4878 1752 4941 ὡς
1778 4879 1903 4948 μηδ⁹

328 4983 587 5053 ὁπότερον
624 4983 690 5033 ὲκ
736 4978 831 5032 τοῦ
882 4975 1113 5047 θατέρου
1163 4970 1559 5043 χωρίζεσθαιῆ
1610 4970 1903 5041 ἐμποδίζε-

335 5075 479 5129 σθαι.
527 5075 664 5129 Οὐδὲ
690 5074 799 5142 γὰρ
824 5072 893 5126 τὰ
921 5070 1063 5141 ὑπὲρ
1092 5067 1255 5137 φύσιν
1293 5066 1408 5136 ἔχει
1445 5063 1630 5138 χώραν
1649 5105 1665 5132 ,
1698 5065 1774 5138 μὴ
1803 5065 1903 5136 τῆς

2008 4704 2189 4759 locum
2216 4704 2442 4768 habent,
2470 4719 2581 4758 non
2615 4702 2854 4757 habente
2886 4712 3077 4757 natura
3100 4700 3247 4769 quod
3277 4697 3583 4752 secundum

2011 4804 2265 4849 naturam
2296 4802 2400 4849 est.
2441 4794 2763 4866 Desinitque
2806 4793 3134 4849 miraculum
3187 4805 3333 4852 esse,
3376 4802 3501 4841 cum
3528 4787 3581 4840 id

2011 4886 2158 4957 quod
2189 4896 2273 4942 est
2304 4903 2468 4958 supra
2512 4898 2786 4950 naturam,
2831 4893 3083 4938 naturam
3117 4890 3313 4940 mutat,
3357 4895 3422 4933 ac
3466 4895 3568 4931 ma-

2009 4977 2501 5049 gniﬁcentia'qure
2572 4986 2784 5031 naturae
2831 4975 3150 5029 violentiam
3201 4970 3464 5036 adhibet,
3527 4970 3585 5026 in

2010 5071 2399 5126 contumeliam
2434 5070 2692 5125 vertitur.

333 5165 549 5235 φύσεως
595 5166 828 5238 ἐχούσης
876 5163 1016 5220 κατὰ
1057 5162 1240 5233 φύσιν.
1283 5158 1591 5233 Ἀφῄρηται
1630 5157 1686 5212 δὲ
1756 5160 1938 5215 καὶτὸ
1977 5160 2112 5217 εἶναι
2138 5163 2345 5235 θαῦμα,
2409 5162 2488 5235 τῷ
2522 5162 2662 5237 ὑπὲρ
2707 5160 2868 5231 φύσιν
2902 5160 2999 5224 τῖπς
3043 5157 3255 5229 φύσεως
3308 5154 3581 5227 μεταστά-

335 5275 456 5329 σης,
481 5258 805 5327 καὶγίνεται
829 5257 986 5330 ὕϐρις
1015 5258 1048 5329 ἠ
1078 5252 1357 5327 φιλοτιμία
1380 5253 1767 5324 τυραννήσασα
1795 5253 1895 5325 τὴν
1931 5255 2212 5330 ἀλήθειαν.

402 5350 466 5401 Α.
498 5348 684 5419 Κάμοὶ
712 5347 796 5419 δὴ,
833 5347 960 5417 ἔφη,
991 5345 1165 5401 ταῦτα
1189 5346 1358 5399 δοκεῖ.
1389 5341 1546 5397 Οὕτω
1577 5342 1675 5412 μέν
1707 5359 1790 5397 τοι
1835 5342 1911 5407 ῶς

334 5441 402 5495 τὰ
459 5441 555 5511 μὲν
598 5439 744 5510 πάθη
773 5439 1052 5508 θαύματος
1084 5437 1228 5507 λόγῳ
1260 5438 1326 5506 τῇ
1367 5435 1533 5506 σαρκὶ
1573 5433 1667 5487 τοῦ
1697 5436 1905 5506 Κυρίου

338 5530 657 5599 συμϐαίνειν
680 5547 697 5562 ο
742 5529 802 5581 τὸ
829 5528 887 5581 δέ
915 5545 979 5597 γε
1006 5528 1215 5594 ἀπαθὲς
1252 5528 1388 5599 αὐτῇ
1431 5526 1525 5581 καὶ
1577 5524 1905 5597 ἀνώλεθρον,

336 5622 552 5693 φύσεως
582 5620 768 5691 νόμοις
802 5619 1167 5683 ἀδιαπτώτοις
1196 5622 1293 5693 ὲρη
1305 5622 1535 5691 ρεῖσθαι.

407 5716 468 5768 Ο.
503 5712 613 5766 Καὶ
661 5711 845 5775 πόθεν,
888 5708 1040 5765 εἷπον
1085 5714 1218 5779 ἐγὼ,
1246 5712 1404 5765 τοῦτο
1446 5711 1626 5766 λαϐὼν
1673 5705 1909 5783 ἔχεις,ὧ

336 5808 614 5878 βέλτιστες
656 5806 754 5868 Τίς
792 5806 850 5859 δέ
898 5822 981 5859 σοι
1028 5806 1320 5876 γεγένηται
1359 5807 1458 5877 τῆς
1504 5807 1663 5880 ξένης
1703 5806 1906 5878 ταύτης

337 5901 525 5968 σοφίας
560 5899 845 5968 ὑποφήτης
874 5913 887 5963 ;
940 5898 1009 5951 ’Ἥ
1035 5897 1249 5966 ἀγνοεῖς
1274 5899 1353 5952 ὅτι
1390 5900 1554 5967 νόμος
1600 5900 1813 5967 φύσεως
1842 5900 1903 5953 οὐ

2085 5350 2151 5409 Η.
2178 5350 2246 5406 Ει
2304 5348 2460 5413 mihi,
2498 5346 2697 5418 inquit,
2752 5347 2869 5403 haec
2908 5344 3213 5400 videntur:
3252 5342 3333 5397 sic
3373 5347 3575 5401 tamen,

2015 5448 2074 5494 ut
2096 5440 2378 5511 passiones
2406 5440 2621 5494 ratione
2654 5437 2908 5493 miraculi
2930 5435 3081 5489 carni
3102 5432 3451 5495 acciderent;
3474 5443 3582 5481 non

2015 5546 2177 5601 posse
2203 5542 2388 5589 autem
2432 5530 2568 5600 pati,
2597 5541 2653 5583 et
2687 5526 3077 5582 immortalitas
3107 5526 3225 5595 ejus
3263 5523 3319 5577 in
3372 5529 3583 5598 natura:

2016 5624 2230 5695 legibus
2251 5620 2729 5678 indissolubilibus
2758 5619 3049 5674 niteretur.

2087 5711 2149 5768 Ο.
2182 5713 2249 5767 Ει
2301 5710 2466 5775 unde,
2520 5709 2741 5779 inquam
2793 5723 2915 5780 ego,
2978 5706 3083 5761 hoc
3115 5701 3397 5774 accepisti,
3437 5700 3582 5754 bone

2016 5804 2138 5857 vir?
2190 5801 2323 5869 Quis
2378 5800 2484 5856 fuit
2511 5800 2610 5855 tibi
2639 5799 2806 5870 hujus
2848 5812 3003 5853 nova:
3048 5804 3104 5852 et
3134 5795 3437 5867 peregrinae
3488 5807 3581 5848 sa-

2016 5895 2230 5964 pientia:
2268 5892 2566 5961 magister?
2620 5890 2701 5945 An
2755 5889 2990 5959 ignoras,
3052 5888 3194 5959 quod
3258 5888 3341 5942 lex
3374 5892 3580 5940 natura:
3632 5953 3640 5960 _
