4068 6588
509 410 647 472 1335

1752 407 2061 468 LEONTII
2103 406 2474 467 ΒΥΖΑΝΤΙΝ
2482 407 2508 468 Ι

3653 391 3789 455 1336

507 528 621 570 non
649 523 757 580 est,
797 515 946 585 quod
971 531 1156 573 rarum
1189 527 1293 584 est,
1329 519 1428 574 sed
1461 517 1610 589 quod
1633 532 1873 587 semper,
1907 516 1994 571 vel
2028 525 2090 572 ut

2194 515 2252 569 τδ
2283 517 2534 582 σπάνιον,
2565 514 2701 569 ἀλλὰ
2749 515 2809 569 τὸ
2854 514 2928 578 ὥς
2964 513 3130 584 aridi
3165 513 3307 567 κατά
3335 527 3402 580 γε
3430 510 3491 563 τὸ
3513 507 3786 562 πλεῖστον

507 607 809 678 plurimum
846 609 1102 664 cernitur
1155 619 1215 665 et
1248 610 1574 681 permanet?
1603 607 1869 664 Dominus
1921 606 2089 678 igitur

507 710 699 756 noster
737 703 870 758 totis
894 704 1122 773 triginta
1164 705 1348 760 tribus
1373 706 1536 760 annis
1559 703 1851 759 nobiscum
1892 715 2091 756 secun-

506 790 638 847 dum
669 809 892 850 carnem
914 804 1188 862 versatus,
1228 813 1340 851 non
1378 795 1732 851 abhorrendo
1757 793 1870 848 ullo
1922 792 2090 848 modo

507 900 539 937 a
569 894 759 942 nostra
802 887 1242 954 consuetudine,
1297 889 1700 942 humanitatem
1753 883 2086 947 honoravit,

461 967 465 972 ⁷
509 978 635 1034 cibo
657 988 714 1035 et
742 989 870 1050 potu
917 988 974 1035 et
1017 996 1216 1036 somno
1250 991 1435 1044 utens,
1470 988 1526 1035 et
1552 979 1658 1033 alia
1687 977 1874 1032 omnia
1929 984 2091 1041 natu-

472 1071 698 1133 ,raliter
756 1073 1030 1128 adhibens
1074 1089 1197 1144 qua:
1251 1074 1543 1128 veritatem
1582 1071 1789 1140 sumpti
1840 1067 2090 1138 corporis

467 1147 482 1159 ”
511 1163 988 1231 demonstrabant,
1030 1177 1088 1221 et
1139 1166 1404 1221 miracula
1462 1179 1573 1220 non
1626 1164 1945 1233 priusquam
1993 1159 2090 1213 tri-

512 1254 662 1324 ginta
703 1271 882 1312 annos
925 1266 1110 1321 natus,
1173 1256 1359 1313 facere
1389 1256 1577 1326 cmpit.
1623 1255 1703 1308 Ne
1747 1252 1897 1307 enim
1953 1249 2089 1304 mihi

515 1346 661 1402 ullus
707 1347 972 1424 miracula
1003 1349 1223 1404 Domini
1274 1348 1508 1418 puerilia
1555 1364 1621 1402 ex
1679 1345 1881 1416 puerili
1921 1359 2089 1399 sensu

513 1441 793 1511 proferat;
845 1444 960 1499 haec
1007 1455 1139 1500 tetas
1195 1444 1500 1515 perfectam
1527 1445 1750 1498 virtutis
1806 1441 2090 1512 periclita-

513 1531 747 1597 tionem,
809 1542 866 1588 et
911 1534 1178 1589 doctrina:
1227 1543 1507 1588 maturum
1557 1541 1776 1602 tempus
1827 1532 2087 1596 habebat,

512 1623 736 1692 quando
757 1639 886 1679 vera
905 1625 1200 1695 Evangelia
1225 1625 1386 1680 nobis
1397 1625 1719 1695 praedicavit
1737 1641 1751 1690 ;
1779 1633 1837 1679 et
1864 1625 1930 1680 ad
1953 1640 2089 1680 con-

514 1713 876 1768 tirmationem
911 1715 1289 1770 doctrinarum
1313 1709 1627 1771 divinarum
1655 1715 2089 1772 admirabilitate

514 1805 907 1862 miraculorum
949 1823 1014 1863 ea
1044 1824 1167 1878 qua:
1203 1808 1556 1873 dicebantur,
1605 1807 1876 1863 munivit:
1909 1817 1966 1864 et
1991 1824 2088 1864 us-

2191 605 2636 677 δνθεωρούμενον
2696 607 2796 660 καὶ
2843 605 3209 678 παραμένονς
3249 604 3312 656 '0
3374 599 3505 670 γοῦν
3573 597 3790 667 Κύριος

2190 698 2352 770 ἡμῶν
2403 699 2703 769 τριάκοντα
2733 699 2828 752 καὶ
2857 697 3042 768 τρισὶν
3069 696 3215 761 ὅλοις
3247 694 3394 748 ἔτεσι
3413 736 3430 758 ,
3461 692 3592 764 μεθ’
3629 687 3790 760 ἡμῶν

2191 789 2333 844 κατὰ
2381 791 2562 860 σάρκα
2605 788 3110 859 πολιτευσάμενος,
3140 790 3206 858 τῇ
3239 786 3339 857 μὲν
3383 781 3788 856 ἀπαραλλαξία

2189 882 2301 936 τῶν
2332 883 2644 955 ἡμετέρων,
2677 882 2738 937 τὸ
2764 881 3110 954 ἀνθρώπινον
3138 879 3542 950 ἀπεσέμνυνεν,
3583 875 3790 928 ἐσθίων

2190 992 2252 1029 τε
2281 975 2378 1030 καὶ
2412 974 2582 1030 πίνων
2612 977 2707 1029 καὶ
2748 974 2956 1041 ὑπνῶν,
2986 975 3083 1028 καὶ
3111 973 3159 1028 τ’
3188 971 3327 1026 ἄλλα
3355 970 3422 1041 δὴ
3445 968 3659 1038 ίπάντα
3691 985 3790 1036 φυ-

2193 1068 2364 1132 σικῶς
2423 1068 2810 1139 προσιέμενος,
2836 1069 2982 1138 ἅπερ
3029 1067 3131 1138 τὴν
3180 1066 3442 1136 ἀλήθειαν
3489 1062 3789 1128 συνίστησι

2192 1161 2288 1217 τοῦ
2333 1161 2694 1232 εἰλημμένου
2721 1162 2984 1232 σώματος
3011 1178 3024 1192 ·
3075 1160 3172 1215 καὶ
3219 1157 3684 1226 θαυιιατουργείν
3734 1152 3789 1206 δὲ

2191 1254 2624 1324 τριακονταέτης
2691 1253 2952 1322 γεγονὼς,
2986 1253 3048 1307 οὐ
3106 1253 3373 1322 πρότερον
3422 1247 3661 1320 ἤρξατο.
3699 1246 3788 1312 Μὴ

2194 1347 2304 1415 γάρ
2356 1361 2447 1416 μοι
2494 1344 2566 1399 τὰ
2601 1346 2831 1398 παιδικά
2869 1361 2958 1408 τις
2995 1342 3092 1398 τοῦ
3141 1341 3372 1412 Κυρίου,
3402 1341 3466 1392 ὲκ
3513 1337 3787 1404 παιδικῆς

2194 1437 2388 1508 φρενὸς
2423 1437 2818 1508 προϐαλλέσθω
2843 1436 3416 1506 θαυματουργήματα,
3435 1429 3667 1484 τελείαν
3690 1426 3785 1496 βά-

2194 1543 2357 1582 σανον
2385 1531 2590 1600 ἀρετῆς
2611 1530 2704 1583 καὶ
2727 1527 3080 1590 διδασκαλίας
3107 1526 3299 1597 καιρὸν
3321 1523 3528 1594 ταύτης
3545 1519 3785 1592 ἐχούσης

2191 1623 2294 1693 τῆς
2353 1622 2596 1693 ἡλικίας,
2629 1623 2798 1690 ἡνίκα
2855 1621 2952 1674 καὶ
2997 1619 3067 1673 τὰ
3121 1619 3293 1682 ὅντως
3322 1619 3455 1686 ἡμῖν
3507 1612 3784 1685 ἐκήρυξεν

2192 1713 2532 1783 Εὑαγγέλια,
2558 1714 2654 1768 καὶ
2681 1713 2742 1766 τὸ
2773 1713 2964 1766 πιστὸν
2995 1711 3220 1779 ἐπάγων
3251 1711 3365 1771 τοῖς
3391 1703 3782 1763 θεοπνεύστοις

2191 1791 2521 1875 διδᾶγμασι,
2550 1804 2628 1874 τῷ
2657 1801 2954 1873 παραδόξῳ
2995 1800 3109 1854 τῶν
3152 1799 3452 1868 θαυμάτων
3492 1791 3780 1861 ἐπεσφρὰ-

509 1907 619 1967 Qus
649 1897 789 1953 adeo
833 1898 926 1954 hic
947 1899 1200 1955 cernitur
1231 1901 1603 1965 naturalibus,
1628 1911 1686 1956 et
1714 1900 1852 1956 citra
1899 1912 2092 1970 repre-

2198 1915 2322 1968 γισε
2353 1898 2424 1952 τὰ
2452 1897 2724 1968 λεγόμενα
2744 1913 2760 1928 ·
2793 1895 3053 1950 τοσοῦτον
3089 1893 3147 1946 δὲ
3178 1890 3464 1946 κάνταῦθα
3521 1888 3777 1958 φαίνεται

510 1990 836 2046 hensiouem
854 1992 1108 2062 corporis
1130 1994 1631 2049 consuetudinibus
1650 2009 1805 2058 usus,
1823 2003 1885 2048 ut
1909 1993 2093 2048 existi-

511 2081 810 2136 mationem
839 2083 1058 2138 voracis
1077 2091 1134 2137 et
1153 2083 1266 2138 vini
1292 2084 1504 2153 potoris
1522 2084 1904 2146 sustineret",
1933 2083 2087 2150 dum,

512 2171 768 2226 similiter
840 2181 901 2226 ut
955 2187 1078 2238 nos,
1127 2173 1352 2228 modum
1414 2174 1765 2229 necessitatis
1819 2173 2089 2244 expleret.

511 2259 655 2326 Quid
693 2271 959 2330 praeterea
980 2263 1154 2328 dices,
1193 2280 1303 2334 quo
1357 2273 1518 2333 pacto
1566 2279 1786 2332 semper
1813 2262 1869 2317 in
1899 2271 2092 2318 nostra

513 2349 687 2408 forma
720 2353 1036 2419 videbatur,
1095 2365 1153 2412 et
1195 2371 1320 2412 cum
1349 2356 1708 2411 multitudine
1745 2370 1998 2420 versans,
2035 2363 2092 2410 et

515 2443 652 2497 nihil
687 2461 722 2498 a
743 2445 933 2501 multis
967 2446 1159 2501 habitu
1205 2447 1502 2502 differens?
1552 2447 1835 2517 Siquidem
1869 2461 2091 2517 preme-

515 2539 648 2597 bant
676 2551 806 2597 eum
827 2542 1022 2608 turbae,
1047 2551 1107 2597 ut
1136 2543 1335 2598 Petrus
1355 2542 1433 2598 ait
1468 2545 1548 2608 ¹²;
1573 2551 1632 2597 et
1667 2543 1765 2612 qui
1801 2556 1927 2596 eum
1958 2553 2090 2612 pro-

514 2631 826 2704 diditsigna
856 2633 1012 2689 dedit
1039 2649 1104 2690 ex
1135 2633 1339 2703 quibus
1381 2632 1614 2689 deieidae
1671 2623 1798 2688 eum
1828 2646 2094 2704 agnosce-

514 2733 660 2788 rent,
711 2735 941 2795 propter
965 2725 1411 2792 similitudinem,
1435 2734 1497 2780 ut
1523 2725 1750 2796 quidam
1793 2740 1861 2781 ex
1883 2725 2092 2782 nostris

512 2815 675 2878 dixit,
715 2816 936 2872 habitus
969 2816 1187 2872 Domini
1241 2832 1365 2873 cum
1421 2816 1616 2872 habitu
1666 2817 2088 2888 discipulorum.

513 2904 642 2960 "ac
670 2920 800 2960 vero
857 2906 928 2960 ab
962 2915 1089 2960 ortu
1130 2907 1253 2977 ejus
1321 2923 1498 2976 usque
1559 2907 1627 2962 ad
1682 2923 1976 2963 ascensum
2034 2910 2090 2964 in

512 3012 758 3062 crucem,
807 3005 863 3052 et
909 3013 1083 3068 usque
1118 2999 1186 3052 ad
1242 2999 1585 3069 sepulturam
1631 2999 1797 3054 tridui
1851 3000 2091 3070 quadam

513 3089 659 3143 serie
690 3097 747 3143 et
775 3088 972 3144 ordine
1007 3089 1244 3144 naturali
1269 3097 1692 3159 processerunt:
1721 3090 1790 3144 ad
1820 3091 2095 3146 ostensio-

2192 1989 2310 2049 τοῖς
2338 1985 2434 2040 τοῦ
2462 1984 2720 2056 σώματος
2749 1987 3003 2054 φυσικοῖς
3024 2001 3086 2036 τε
3114 1982 3212 2036 καὶ
3241 1980 3594 2048 ἁδιαϐλήτοις
3618 1993 3779 2045 προσ·

2194 2077 2567 2151 χρησάμενος,
2597 2077 2742 2132 ὥστε
2799 2079 2976 2148 τράγου
3024 2093 3086 2129 τε
3135 2075 3229 2128 καὶ
3283 2071 3566 2126 οἰνοπὸτου
3628 2067 3780 2131 δόξαν

2192 2171 2492 2242 ἠνέγκατο,
2523 2170 2931 2242 παραπλησίως
2959 2171 3091 2240 ἡμῖν
3123 2167 3183 2220 τὸ
3212 2166 3313 2234 τῆς
3345 2164 3538 2235 χρείας
3579 2161 3781 2231 μέτρον

2193 2264 2551 2333 ἀποπληρῶν.
2585 2264 2650 2316 Τί
2679 2264 2724 2316 δ’
2746 2263 2814 2317 ἂν
2837 2263 2986 2332 ἔχοις
3007 2263 3206 2321 εἰπεῖν.
3240 2258 3371 2328 περὶ
3399 2254 3493 2309 τοῦ
3518 2253 3615 2308 διὰ
3649 2270 3781 2306 παν-

2191 2354 2285 2414 τὸς
2316 2355 2482 2408 αὑτὸν
2505 2356 2560 2406 ἐν
2581 2357 2648 2425 τῇ
2671 2352 2795 2406 καθ’
2820 2354 2969 2423 ἡμᾶς
2997 2351 3230 2423 ὁρᾶσθαι
3266 2350 3476 2419 μορφῇ,
3513 2344 3661 2415 μετὰ
3688 2341 3781 2395 τοῦ

2193 2445 2433 2517 πλήθους
2464 2463 2524 2498 τε
2574 2445 3074 2517 ἀναστρεφόμενον,
3110 2442 3205 2495 καὶ
3263 2439 3415 2493 οὐδὲν
3475 2438 3588 2491 τῶν
3653 2436 3782 2487 aro).-

2191 2535 2302 2588 λῶν
2357 2535 2437 2606 τῷ
2496 2536 2737 2607 σχήματι
2785 2534 3213 2597 διαλλάττοντα;
3250 2532 3361 2585 Καὶ
3391 2529 3501 2599 γὰρ
3538 2527 3778 2582 ἀπέθλι-

2193 2626 2288 2680 ϐον
2319 2627 2482 2680 αὑτὸν
2513 2631 2562 2681 οί
2591 2628 2762 2699 ὕχλοι,
2795 2629 2874 2692 ὡς
2899 2629 2931 2682 ὁ
2966 2627 3175 2699 Πέτρος
3209 2619 3344 2697 ῲησί
3363 2642 3377 2654 ο
3412 2625 3510 2678 καὶ
3540 2625 3570 2676 ὁ
3602 2638 3778 2691 παρα-

2189 2719 2371 2783 διδοὺς
2421 2719 2585 2774 αὑτὸν
2635 2722 2838 2792 σημεῖα
2883 2719 3082 2786 ἐδίδου,
3114 2710 3285 2772 δι’ὦν
3334 2712 3616 2784 γνωσθείη
3670 2716 3778 2772 τοῖς

2191 2811 2520 2875 θεοκτόνοις,
2556 2811 2650 2866 διὰ
2668 2813 2790 2884 τὴν,
2814 2812 2894 2877 ὡς
2917 2812 3023 2883 ἔφη
3052 2828 3136 2874 τις
3160 2809 3270 2863 τῶν
3301 2807 3469 2879 ἡμετέ
3481 2825 3614 2878 ρων,
3642 2805 3778 2857 κατὰ

2189 2905 2254 2959 τὸ
2280 2907 2470 2975 σχῆμα
2500 2903 2598 2958 τοῦ
2623 2904 2994 2976 Κυρίουιπρδς
3022 2903 3151 2966 τοὺς
3178 2900 3427 2973 μαθητὰς
3452 2898 3774 2968 ὁμοιότητα.

2192 2997 2380 3052 Ταῦτα
2421 2997 2477 3050 δὲ
2515 2996 2626 3051 ἀπὸ
2665 2997 2766 3064 τῆς
2794 2985 3021 3067 πρώτης
3052 2995 3364 3066 γεννήσεως
3391 2991 3554 3062 μέχρι
3587 2988 3696 3058 τῆς
3723 2990 3780 3041 ὲν

2191 3087 2271 3158 τῷ
2306 3087 2528 3159 σταυρῷ
2561 3088 2910 3153 ἀναϐάσεως,
2937 3087 3032 3140 καί
3074 3103 3138 3155 γε
3170 3088 3274 3157 τῆς
3300 3082 3782 3156 τριημερονύκτου

513 3195 641 3237 nem
667 3196 801 3237 vero
824 3181 1154 3246 divinitatis,
1183 3197 1306 3250 quae
1359 3179 1609 3236 nondum
1646 3181 1921 3236 declarata
1949 3193 2089 3246 erat,

2194 3181 2395 3252 ταφῆς,
2432 3181 2614 3253 είρμῷ
2650 3199 2759 3235 τινι
2812 3180 2906 3236 καὶ
2951 3179 3106 3246 τάξει
3156 3181 3361 3251 φυσικῇ
3402 3175 3736 3249 προῦϐαινεν
3762 3191 3784 3203 ν

513 3288 645 3328 raro
663 3271 844 3344 quoad
866 3282 1037 3328 totam
1061 3273 1187 3330 vita:
1212 3274 1413 3329 seriem
1431 3273 1692 3328 miracula
1718 3274 1867 3329 circa
1891 3290 2093 3345 corpus

514 3364 666 3428 fecit,
698 3364 766 3418 ad
799 3366 1196 3429 ostensionem,
1257 3373 1317 3420 ut
1347 3365 1484 3431 dixi,
1519 3364 1850 3431 divinitatis,
1876 3382 1990 3422 non
2024 3368 2092 3423 ad

513 3455 865 3526 negationem
901 3457 1152 3512 veritatis
1179 3456 1451 3527 corporis.
1485 3455 1698 3512 Idcirco
1731 3471 1900 3528 super
1941 3473 2095 3516 mare

512 3545 807 3602 ambulans
826 3563 936 3602 non
965 3547 1332 3629 deprimitur;
1369 3556 1427 3604 et
1472 3548 1530 3604 in
1585 3558 1772 3605 monte
1803 3551 2097 3623 transﬁgu-

513 3649 699 3707 ratur;
755 3641 888 3696 totis
915 3641 1281 3712 quadraginta
1312 3641 1510 3698 diebus
1546 3642 1795 3713 jejunus,
1824 3643 2096 3700 naturalis

514 3731 864 3786 necessitatis
883 3731 1092 3786 oblitus
1114 3740 1234 3797 est;
1287 3747 1357 3787 ex
1386 3730 1697 3786 visceribus
1735 3731 2097 3802 virginalibus

513 3828 672 3874 ortus
690 3828 778 3876 est
799 3821 951 3876 salvo
970 3831 1029 3876 et
1051 3821 1267 3892 integro
1309 3819 1444 3875 [lore
1470 3819 1840 3892 virginitatis:
1879 3821 1998 3877 haec
2028 3822 2096 3877 ad

513 3910 911 3966 declarandum
941 3911 1264 3966 thesaurum
1294 3911 1622 3978 divinitatis,
1654 3927 1765 3967 non
1794 3913 1867 3968 ad
1920 3915 2096 3968 inter-

517 4000 874 4056 lmendamet
923 4001 1241 4056 mutandam
1294 4013 1636 4073 assumptam
1691 4005 2096 4062 humanitatem

515 4091 850 4148 mirabiliter
901 4103 1162 4162 operatus
1203 4103 1310 4149 est.
1337 4096 1407 4150 Et
1440 4105 1501 4151 ut
1544 4095 1790 4151 breviter
1821 4097 2094 4165 dicamus,

519 4182 788 4238 miracula
819 4181 1005 4237 divina
1030 4191 1086 4238 et
1131 4198 1332 4238 arcana
1367 4200 1490 4252 quae
1537 4183 1820 4252 faciebat,
1871 4195 2018 4243 nota:
2040 4198 2100 4243 et

519 4271 727 4328 indicia
756 4272 1066 4327 divinitatis
1099 4281 1290 4334 erant;
1340 4272 1626 4342 passiones
1662 4289 1819 4339 vero,
1863 4282 1922 4329 et
1971 4284 2099 4331 ante

2193 3274 2277 3337 είς
2305 3273 2616 3346 φανέρωσιν
2636 3274 2693 3328 δὲ
2713 3277 2814 3346 τῆς
2841 3272 2999 3328 οὔπω
3020 3277 3133 3337 τοῖς
3161 3272 3377 3335 πολλοῖς
3398 3270 3778 3341 δεδηλωμένης

2193 3363 2478 3436 θεότητος,
2503 3366 2804 3431 σπανιάκις
2849 3365 2927 3428 ὡς
2973 3365 3110 3438 πρός
3142 3380 3208 3434 γε
3245 3365 3344 3435 τὴν
3379 3364 3506 3433 ὃλην
3545 3361 3782 3416 ἀκολουσ

2192 3457 2340 3522 θίαν,
2370 3458 2717 3530 ἐκαινοτόμει
2741 3458 2840 3521 τὰς
2869 3458 3002 3530 περὶ
3029 3458 3090 3512 τὸ
3123 3457 3286 3526 σῶμα
3315 3456 3672 3526 θεοσημείας,
3702 3455 3778 3518 είς

2192 3547 2453 3619 δήλωσιν.
2474 3549 2554 3613 ὡς
2585 3548 2745 3622 ἔφην,
2768 3549 2870 3614 τῆς
2896 3549 3108 3614 οίκείας
3133 3549 3408 3620 θεότητος,
3435 3549 3538 3601 οὐκ
3557 3547 3772 3618 ἀναίρε-

2192 3657 2284 3695 σιν
2313 3640 2416 3711 τῆς
2447 3640 2713 3713 ἀληθείας
2755 3640 2853 3696 τοῦ
2891 3640 3167 3712 σώματος.
3206 3641 3305 3694 Διὰ
3341 3639 3504 3694 τοῦτο
3543 3641 3636 3694 ἐπὶ
3682 3656 3772 3692 πε-

2193 3732 2401 3802 λάγους
2454 3733 2809 3803 κουφίζεται,
2861 3735 2960 3788 καὶ
3024 3732 3481 3805 μεταμορφοῦται
3539 3733 3634 3786 ἐπὶ
3687 3730 3777 3786 τοῦ

2191 3824 2382 3896 ὅρους,
2419 3825 2515 3878 καὶ
2549 3826 2659 3897 πρό
2681 3843 2745 3894 γε
2769 3826 2998 3890 τούτων,
3029 3826 3300 3895 ἄγευστος
3348 3827 3442 3880 ἐπὶ
3481 3825 3608 3888 ὅλας
3658 3843 3761 3881 τεσ

2193 3914 2520 3986 σαράκοντα
2544 3917 2643 3980 τὰς
2669 3917 2855 3982 πάσας
2880 3917 3095 3988 ἡμέρας
3142 3915 3497 3988 μεμενηκὼς,
3527 3917 3626 3986 τῆς
3681 3935 3773 3986 φυ·

2199 4007 2362 4076 σικῆς
2387 4007 2582 4079 χρείας
2616 4008 2923 4078 ἐκλέληστο
2943 4024 2959 4040 ο
2989 4009 3338 4080 παρθενεκῶν
3366 4026 3424 4062 τε
3456 4009 3780 4079 σπλάγχνων

2193 4095 2456 4167 ἀνέθηλε,
2511 4097 2606 4152 τοῦ
2663 4099 2767 4170 τῆς
2821 4097 3124 4172 παρθενίας
3189 4100 3383 4165 ἄνθους
3450 4099 3778 4168 ἀδιαφθόρου

2201 4189 2657 4261 συντηρηθὲντος,
2688 4192 2770 4256 εἰς
2797 4191 3034 4262 δήλωσιν
3075 4191 3171 4246 τοῦ
3201 4191 3646 4264 θησαυρίσματος
3686 4195 3778 4265 τῆς

2195 4279 2474 4350 θεότητος,
2509 4280 2625 4335 ἀλλ’
2653 4282 2756 4336 οὐκ
2813 4282 3101 4354 ἀναίρεσιν
3147 4284 3244 4338 καὶ
3292 4284 3779 4354 μεταστοιχείωσιν

517 4377 613 4418 eas
669 4371 998 4433 conceptus.
1049 4373 1107 4416 et
1138 4371 1352 4433 partus,
1398 4371 1456 4417 et
1505 4361 1709 4429 fasciaa,
1747 4373 1804 4420 et
1851 4367 2092 4421 accretiu

2194 4371 2294 4425 τοῦ
2323 4373 2764 4446 προσλήμματος
2792 4374 3139 4446 τεθαυματοὺ
3149 4393 3374 4446 ργηκεν.
3406 4377 3516 4430 Καὶ
3547 4376 3636 4430 ἵνα
3661 4393 3778 4429 συν-

519 4453 718 4521 ειαιίε,
750 4464 808 4510 et
833 4462 1033 4510 caetera
1054 4453 1240 4509 omnia
1261 4468 1384 4525 quas
1409 4455 1530 4526 lege
1553 4463 1764 4512 naturae
1799 4457 1947 4513 circa
1971 4473 2099 4512 cor-

2195 4463 2448 4529 ελθόντες
2477 4465 2746 4538 εἴπωμεν,
2775 4465 2876 4530 τὰς
2907 4466 3011 4538 μὲν
3031 4467 3307 4539 ἀρρήτους
3338 4467 3650 4537 θεουργίας,
3682 4467 3777 4536 τῆς

521 4562 628 4618 pus
682 4548 802 4617 ejus
851 4547 993 4602 facta
1046 4555 1198 4612 sunt,
1250 4563 1446 4603 verum
1497 4547 1779 4604 hominem
1806 4558 1866 4606 et
1896 4559 2092 4606 nostra

2205 4557 2616 4631 ὁπερκειμένης
2667 4559 2925 4632 θεότητος
2970 4559 3352 4632 προύϐάλλετο
3387 4561 3775 4632 γνωρίσματα·

520 4639 847 4695 substantiae
901 4655 1027 4695 esse
1077 4639 1556 4696 demonstrabant.
1603 4639 1714 4697 Sed
1767 4641 1917 4712 quod
1957 4658 2103 4714 pene

522 4743 769 4791 mentem
793 4734 1082 4806 eﬂugerat,
1107 4735 1241 4790 illud
1269 4735 1488 4790 addam.

2209 4647 2278 4701 τὰ
2315 4649 2372 4702 δὲ
2411 4650 2581 4722 πάθη,
2607 4651 2706 4705 καὶ
2737 4652 2848 4723 πρὸ
2886 4651 3098 4707 τούτων
3129 4651 3233 4722 τὴν
3279 4650 3546 4723 σύλληψιν
3587 4652 3685 4708 καὶ
3717 4653 3778 4705 τὰ

2211 4741 2530 4810 σπάργανα,
2569 4743 2672 4814 τήν
2727 4761 2786 4798 τε
2843 4744 2946 4815 τῆς
2996 4743 3218 4814 ἡλικίας
3254 4740 3506 4812 αὔξησιν,
3537 4745 3632 4798 καὶ
3675 4743 3779 4796 τῶν

520 4827 699 4884 ἄλλων
726 4829 979 4895 ἕκαστον,
1005 4830 1110 4883 ὅσα
1138 4829 1203 4901 δὴ
1233 4829 1386 4900 νόμῳ
1411 4831 1628 4900 φύσεως
1660 4834 1791 4902 περὶ
1819 4833 1881 4886 τὸ
1913 4833 2228 4902 σωματικὸν
2249 4836 2416 4889 αὑτοῦ
2436 4838 2672 4907 ἐγίνετο,
2713 4839 2891 4912 ἀληθῆ
2952 4839 3119 4894 αὐτὴν
3182 4838 3280 4894 καὶ
3341 4839 3474 4911 ἡμῖν
3495 4840 3782 4910 cnodacas

517 4924 826 4993 ἀπέφαινεν
852 4923 1159 4994 ἄνθρωπον.
1205 4923 1346 4977 Ἀλλ’
1379 4924 1408 4978 δ
1441 4927 1540 4997 τὴν
1573 4925 1714 4998 ἐμὴν
1742 4927 1939 4999 μικροῦ
1973 4927 2182 5000 ἀπέδρα
2205 4928 2474 4997 διάνοιαν,
2514 4935 2738 4990 κάκεῖνο
2772 4936 3093 5008 προσθήσω,

592 5039 663 5094 ιι.
693 5040 813 5107 Dic,
845 5041 1044 5111 inquit,
1076 5040 1153 5096 id.

591 5144 648 5207 (λ
679 5150 953 5224 Cogitavi,
987 5152 1210 5222 inquam
1249 5161 1372 5224 ego,
1412 5153 1547 5209 illud
1583 5163 1736 5210 reete
1769 5152 2001 5220 habere,
2046 5161 2105 5210 et

2276 5056 2342 5109 Δ.
2371 5051 2507 5109 Φάθι
2539 5071 2604 5124 γε
2624 5053 2765 5126 δῆτα
2792 5054 2947 5118 abeo,
2973 5050 3156 5110 εἶπεν.

2276 5171 2339 5224 Ο.
2384 5169 2734 5242 Ἐννενόηκα,
2777 5164 2850 5242 ἦν
2894 5168 2940 5225 δ’
2990 5169 3132 5241 ἐγὼ,
3165 5171 3341 5226 ἐκεῖνό
3382 5185 3446 5239 γε
3497 5168 3559 5222 τδ
3603 5166 3778 5226 καλῶς

527 5248 681 5316 pium
701 5245 962 5300 omnibus
983 5245 1183 5308 videri,
1218 5245 1368 5315 quod
1401 5247 1548 5301 sicut
1603 5246 1873 5302 Dominus
1919 5247 2092 5302 omnia

2209 5259 2354 5332 ἔχειν
2384 5261 2482 5316 καὶ
2507 5260 2751 5326 εὐσεόῶς
2778 5263 2914 5317 πᾶσι
2935 5262 3147 5328 δοκοῦν,
3178 5264 3283 5329 ὅτι,
3318 5261 3508 5333 ὥσπερ
3527 5262 3555 5314 ὁ
3576 5259 3778 5328 Κύριος

526 5353 626 5392 sua
675 5345 798 5392 cum
849 5353 1018 5394 carne
1052 5337 1468 5393 communicaris
1493 5379 1507 5402 ,
1556 5350 1664 5392 non
1700 5337 1932 5392 recessit
1960 5352 1990 5392 a
2018 5354 2099 5405 se,

529 5434 823 5498 manetque
857 5427 997 5483 ﬁxus
1043 5444 1109 5484 ac
1137 5427 1353 5483 stabilis
1383 5428 1444 5482 in
1492 5435 1637 5482 statu
1688 5442 1790 5482 suo
1821 5429 2098 5495 naturali;

2210 5353 2433 5410 πάντων
2458 5354 2568 5408 τῶν
2595 5353 2792 5408 ἑαυτοῦ
2827 5355 3142 5425 μεταδιδοὺς
3185 5357 3252 5426 τῇ
3295 5355 3483 5426 σαρκὶ,
3525 5348 3777 5419 ἀνεκφοί-

2207 5463 2371 5517 τητος
2390 5446 2706 5517 μεμένηκεν
2727 5446 2950 5514 ἑαυτοῦ,
2974 5448 3071 5502 καὶ
3092 5445 3190 5519 τὴν
3216 5445 3358 5500 κατὰ
3383 5443 3545 5516 φύσιν
3565 5443 3777 5514 ἑδραίαν

525 5519 607 5574 sic
636 5518 801 5574 etiam
840 5520 1156 5575 humanitas
1185 5521 1304 5590 ejus
1335 5530 1702 5590 perseverans
1757 5521 1813 5574 in
1862 5521 1930 5576 iis
1983 5535 2092 5592 qua

2211 5538 2327 5609 ἔχει
2370 5537 2559 5611 μονὴν,
2592 5538 2737 5594 οὕτω
2774 5538 2864 5593 καὶ
2898 5541 2931 5611 ἡ
2962 5541 3084 5595 κατ’
3121 5518 3286 5595 αὐτὸν
3321 5535 3697 5609 ἀνθρωπότης,
3727 5532 3779 5583 ἐν

524 5601 737 5666 natura:
769 5612 894 5682 ejus
915 5622 1067 5682 sunt,
1090 5619 1146 5667 et
1168 5610 1380 5668 habens
1402 5613 1693 5669 naturales
1717 5611 2031 5678 facultates,
2049 5621 2106 5667 et

583 5835 634 5889 .“
663 5835 853 5891 Matth.
877 5844 954 5900 ιι,
980 5835 1065 5890 19.
1173 5837 1212 5869 ³⁸
1252 5836 1387 5894 Luc.
1415 5853 1532 5905 vm,
1552 5836 1645 5896 45.

2211 5632 2325 5696 τοῖς
2351 5629 2494 5686 κατὰ
2511 5629 2673 5702 φύσιν
2699 5631 2932 5702 ἑστῶσα,
2950 5633 3045 5687 καὶ
3067 5632 3162 5696 τὰς
3186 5629 3279 5685 τοῦ
3305 5628 3561 5701 σώματος
3590 5625 3776 5696 ἔχουσα
