4020 6540
251 446 397 513 1337

1319 446 1620 509 CONTRA
1662 448 1982 511 NESTOR.
2021 448 2116 509 ΕΤ
2155 450 2477 513 EUTYCH.

3398 450 3533 515 1338

248 558 495 630 φυσικὰς
527 557 784 627 δυνάμεις
816 572 875 610 τε
901 555 998 611 καὶ
1032 553 1339 625 ἐνεργείας,
1370 574 1464 611 και
1497 556 1567 609 τὰ
1602 555 1750 626 πάθη
1778 555 1850 609 τὰ

1967 558 2199 612 tctiunes
2233 559 2482 629 corporis
2503 599 2517 621 .
2565 573 2629 613 ac
2654 559 2939 629 passiones
2976 572 3298 619 communes
3321 601 3335 622 .
3386 570 3444 617 et
3499 577 3530 614 a

249 649 413 706 κοινὰ
450 650 544 702 καὶ
572 647 875 718 ἀδιάϐλητα
910 646 971 700 οὗ
1016 664 1147 700 ποτε
1176 646 1468 713 λείπουσα,
1500 649 1592 702 τόν
1624 665 1685 702 τε
1721 648 1846 718 ὅρον

1967 648 2184 704 :rimine
2216 649 2425 705 alienas
2453 665 2519 705 ac
2548 650 2751 707 liberas
2793 667 3077 723 nunquam
3121 653 3387 710 deserens
3412 692 3427 715 ,
3476 662 3535 710 et

248 742 358 813 τῆς
412 740 536 794 καθ’
574 741 728 811 ἡμᾶς
777 737 1122 808 τελειότητος
1165 739 1447 804 οὺσιωδῶς
1492 740 1847 811 κεκτημένη,

252 835 482 890 πάντων
539 830 914 898 κεκοινώνηκε
991 830 1101 883 τῶν
1149 832 1219 886 ἐκ
1265 832 1362 886 τοῦ
1409 832 1593 902 Λόγου
1649 833 1855 897 καλῶν,

259 927 465 1000 μᾶλλον
493 926 551 979 δὲ
582 924 756 994 αὐτὴν
790 922 977 994 πηγὴν
1011 923 1120 975 τῶν
1156 924 1344 979 καλῶν
1376 925 1467 978 τὸν
1496 926 1672 993 Λόγον
1700 923 1858 995 ἔχου-

260 1038 353 1080 σα,
389 1018 630 1091 πηγάζει
669 1018 727 1083 ἐξ
760 1016 963 1084 ἑαυτῆς
994 1016 1181 1073 πάντα
1211 1017 1281 1071 τὰ
1306 1017 1405 1071 τοῦ
1433 1017 1609 1086 Λόγου
1642 1017 1733 1070 διὰ
1765 1017 1858 1071 τὸν

260 1109 569 1181 Λόγον.Μὴ
598 1109 707 1179 γὰρ
732 1107 797 1177 δὴ
823 1106 1073 1176 οἰώμεθα
1107 1108 1253 1178 μέγα
1285 1125 1339 1161 τι
1374 1108 1559 1176 λέγειν
1590 1107 1720 1176 περὶ
1757 1107 1856 1174 τῆς

265 1202 474 1270 σαρκὸς
518 1199 611 1253 τοῦ
654 1199 891 1269 Κυρίου,
935 1200 1118 1253 ἐκεῖνο
1166 1199 1306 1269 αὐτῇ
1355 1199 1594 1264 διδόντες
1641 1197 1670 1249 ὃ
1720 1196 1857 1267 μηδὲ

266 1295 437 1362 αὐτὴν
466 1292 766 1360 τετίμηκε,
821 1292 915 1344 καὶ
954 1292 1055 1362 τὴν
1102 1291 1260 1361 ἡμῶν
1322 1290 1607 1361 ἀφῄρηται
1655 1288 1854 1357 τιμήνσ

264 1383 388 1436 οὐδὲ
422 1382 530 1452 γὰρ
568 1379 662 1433 τοῦ
692 1380 872 1447 Λόγου
912 1375 1003 1452 ἦν,
1047 1381 1158 1434 τῶν
1209 1382 1497 1451 ἡμετέρων
1527 1380 1699 1448 αὐτὴν
1738 1395 1859 1430 στε-

272 1472 461 1544 ρῆσαι,
494 1473 764 1541 μένουσαν
810 1472 934 1541 μεθ’
960 1471 1140 1541 ἡμῶν·
1176 1470 1302 1525 οὔτε
1349 1471 1452 1540 τῆς
1501 1469 1862 1541 ἁνθρωπότηκ

267 1580 383 1627 τος,
415 1562 511 1633 τὴν
562 1562 625 1627 ἐξ
654 1561 811 1632 ἡμῶν
847 1562 1079 1633 ἐχούσης
1112 1563 1456 1630 συγγένειαν,
1499 1560 1861 1630 ὑπερηφανῆ-

273 1672 362 1708 σαι
393 1656 493 1725 τὴν
521 1653 938 1725 ὁμοιοπάθειαν·
974 1655 1026 1707 εἴ
1056 1671 1119 1723 γε
1156 1654 1232 1725 μὴ
1271 1653 1563 1723 μέλλοιμεν
1608 1654 1707 1723 τῆς
1739 1651 1860 1707 θεο-

276 1747 550 1819 μιμησίας
578 1747 751 1817 αὐτῆς
812 1747 1169 1801 ἀποπίπτειν.
1225 1744 1365 1799 Οὔτε
1426 1745 1485 1797 δὲ
1541 1744 1612 1797 τὰ
1664 1742 1862 1806 κοινῶς

272 1838 619 1911 ὑπάρξαντα,
650 1840 885 1903 δικαίοις
937 1857 997 1892 τε
1031 1841 1126 1893 καὶ
1154 1838 1365 1901 ἀδίκοις
1400 1837 1542 1907 μετὰ
1590 1837 1690 1907 τὴν
1729 1836 1856 1889 ἀνά-

275 1948 493 1992 στασιν.
520 1934 666 2001 φημὶ
699 1933 763 2002 δὴ
793 1934 892 2001 τὴν
921 1931 1227 1986 ἀθανασίαν
1268 1931 1364 1984 καὶ
1392 1929 1728 2000 ἀφθαρσίαν,
1764 1928 1861 1982 καὶ

1959 740 2333 795 definitionem
2352 741 2709 811 perfectionis
2726 751 2927 797 nostra:
2947 743 3252 799 secundum
3272 743 3533 801 substan-

1960 835 2091 888 tiam
2119 833 2409 904 possidens
2429 874 2443 895 ,
2475 834 2662 889 omnia
2697 834 2839 888 bona
2861 850 2928 888 ex
2949 834 3127 889 Verbo
3159 835 3532 905 participavit,

1959 928 2096 998 quin
2129 927 2314 997 potius
2348 926 2525 997 ipsum
2558 926 2765 983 lontem
2804 926 3074 983 bonorum
3096 968 3111 992 ,
3151 928 3388 982 Verbum
3425 929 3535 985 sci-

1956 1020 2087 1074 licet
2136 1018 2366 1082 habens,
2398 1016 2603 1071 emittit
2636 1033 2665 1070 c
2694 1032 2753 1073 se
2784 1018 2971 1073 omnia
3014 1034 3136 1088 qua:
3169 1019 3333 1075 Verbi
3384 1028 3536 1080 sunt.

1957 1120 2185 1182 propter
2218 1109 2483 1165 Verbum.
2531 1110 2609 1163 Nc
2641 1109 2789 1164 enim
2836 1110 3252 1176 existimemus,
3278 1127 3535 1181 magnum

1957 1203 2167 1273 aliquid
2202 1202 2271 1258 de
2309 1218 2477 1258 carne
2510 1202 2726 1257 Domini
2760 1201 2983 1263 dicere.
3031 1203 3076 1258 si
3115 1202 3167 1257 ei
3202 1202 3537 1267 tribuamus,

1958 1296 2107 1366 quod
2138 1311 2242 1349 nec
2274 1294 2446 1364 ipsam
2478 1294 2805 1359 honoravit,
2848 1302 2905 1348 et
2934 1294 3080 1363 quod
3124 1295 3388 1350 honorem
3435 1311 3537 1349 no-

1958 1399 2133 1443 strum
2165 1386 2425 1449 abstulit;
2458 1400 2561 1439 nec
2598 1386 2743 1441 enim
2774 1385 2940 1440 Verbi
2970 1394 3112 1449 erat,
3145 1386 3364 1456 privare
3417 1400 3545 1455 eam~

1958 1480 2165 1537 nostris
2182 1477 2619 1548 proprietatibus
2641 1486 2952 1533 manentem
2983 1476 3191 1548 alioqui
3212 1476 3500 1533 nobiscum
3524 1494 3537 1528 :

1961 1589 2064 1629 nec
2090 1582 2212 1629 erat
2240 1570 2623 1632 humanitatis,
2656 1568 2975 1625 alIinitatem
3002 1569 3294 1627 nobiscum
3328 1568 3540 1623 haben-

1963 1666 2075 1729 tis,
2128 1663 2314 1717 delere
2365 1660 2787 1716 similitudinem
2826 1659 3109 1729 patiendi,
3165 1660 3270 1714 nisi
3308 1660 3542 1715 velimus

1960 1754 2217 1811 excidere
2261 1753 2332 1809 ab
2374 1753 2495 1824 ejus
2548 1750 2856 1806 imitatione
2900 1760 2958 1807 et
3006 1750 3391 1805 similitudine.
3430 1750 3543 1807 Nec

1964 1860 2096 1898 vero
2122 1859 2187 1898 ea
2214 1858 2337 1913 qua:
2365 1839 2739 1897 communiter
2759 1839 2892 1913 justi
2923 1848 2979 1895 et
3007 1838 3195 1909 injusti
3217 1848 3543 1908 postresur—

1964 1935 2267 1989 rectionem
2298 1931 2625 1996 habebunt,
2662 1929 3133 1986 immortalitatem
3168 1929 3314 1994 dico,
3345 1936 3400 1982 et
3430 1942 3541 1983 non

273 2025 379 2097 πρὸ
407 2024 615 2079 τούτων
648 2026 708 2077 τὸ
741 2026 816 2095 μὴ
859 2026 1067 2078 πεινεῖν
1096 2024 1190 2076 καὶ
1219 2023 1393 2086 διψεῖν
1421 2020 1517 2092 [ita
1558 2021 1732 2093 cod.],
1763 2022 1858 2076 καὶ

1967 2041 2128 2096 posse
2154 2024 2437 2081 interitum
2482 2037 2715 2093 capere,
2748 2030 2802 2075 et
2840 2020 2897 2077 in
2930 2020 3125 2091 primis
3166 2036 3275 2075 non
3307 2019 3540 2081 esurire,

274 2114 444 2168 ὕπνου
473 2114 790 2184 ὀρέγεσθαι,
822 2114 896 2177 ὡς
934 2114 1076 2182 μέγα
1108 2131 1163 2166 τι
1194 2113 1559 2184 προσρίπτειν
1592 2114 1660 2182 τῇ
1690 2110 1858 2180 σαρκὶ

272 2207 366 2259 τοῦ
409 2206 638 2277 Κυρίου.
670 2199 798 2258 Ὧδε
847 2206 959 2275 γὰρ
991 2205 1141 2257 ἔστιν
1189 2205 1405 2274 ἀληθῶς
1452 2206 1649 2268 εἰπεῖν,
1694 2204 1777 2257 ὅτι
1824 2203 1859 2273 ἡ

274 2295 402 2360 δόξα
432 2298 490 2348 ὲν
520 2298 582 2366 τῇ
620 2296 853 2365 αἰσχύνῃ
888 2302 997 2348 τῶν
1031 2295 1124 2352 διὰ
1156 2297 1321 2367 τιμῆς
1355 2296 1734 2366 ἁτιμαζὸντων
1765 2296 1861 2349 καὶ

277 2390 424 2460 ἡμᾶς
471 2390 567 2445 καὶ
604 2389 704 2459 τὴν
748 2390 846 2443 τοῦ
881 2391 1091 2460 Κυρίου
1131 2392 1334 2460 σάρκα,
1364 2390 1463 2460 τὴν
1496 2390 1596 2460 μὲν
1629 2392 1697 2460 τῇ
1734 2406 1860 2442 στε-

281 2478 434 2548 ρήσει
478 2477 585 2530 τῶν
617 2478 924 2549 ἡμετέρων,
959 2481 1107 2550 ἡμᾶς
1151 2480 1211 2535 δὲ
1259 2483 1326 2551 τῇ
1377 2480 1699 2534 ἁποπτὼσει
1747 2480 1859 2533 τῶν

279 2570 372 2622 ἀπ’
402 2571 641 2639 ἐκείνης·
673 2571 737 2624 οὐ
780 2573 888 2643 γὰρ
919 2572 1142 2640 δοξάσει
1172 2572 1249 2644 μὴ
1283 2573 1673 2644 συμπαθοῦσα,
1710 2575 1745 2642 ἡ
1774 2573 1863 2629 διὰ

277 2660 371 2717 τοῦ
402 2662 596 2717 παθεῖν
637 2662 960 2729 δοξάζουσα.

354 2977 414 3030 Α.
462 2973 595 3027 ’ἰδοὺ
618 2974 683 3047 δὴ
708 2972 828 3037 νῦν,
864 2972 972 3043 ἔφη
998 3013 1013 3038 ,
1042 2974 1140 3026 καὶ
1176 2972 1251 3044 μὴ
1289 2973 1609 3044 βουλόμενος
1630 3013 1644 3037 ,
1678 2975 1867 3028 ἀπεδι-

284 3067 505 3123 εστείλω
525 3066 619 3120 τοῦ
653 3065 901 3139 παθητοῦ
943 3065 1005 3119 τὸ
1040 3065 1303 3138 φθαρτόν⁹
1342 3066 1544 3137 πάσχει
1572 3066 1683 3138 γὰρ
1712 3070 1771 3121 ὲν
1798 3070 1864 3140 τῇ

286 3159 504 3215 κολάσει
533 3158 601 3213 τὰ
632 3158 861 3230 σώματα
893 3157 1004 3211 τῶν
1042 3158 1386 3230 ἁμαρτωλῶν
1418 3159 1518 3211 σὺν
1541 3158 1733 3223 αὐταῖς
1758 3159 1865 3229 ψυ-

286 3271 428 3325 χαις,
460 3254 522 3307 οὐ
554 3253 620 3325 δή
662 3269 768 3306 που
813 3253 872 3306 δὲ
907 3254 1002 3305 καὶ
1045 3253 1329 3323 πάσχοντα
1360 3250 1581 3323 θανάτῳ
1609 3252 1643 3323 ἢ
1688 3252 1868 3325 φθορᾷ

1964 2134 2074 2173 non
2102 2117 2279 2179 sitire,
2306 2130 2420 2170 non
2457 2122 2715 2182 expetere
2736 2128 3016 2176 somnum,
3039 2120 3297 2180 tanquam
3335 2111 3544 2181 grande

1961 2208 2168 2279 aliquid
2199 2206 2353 2261 carni
2400 2205 2606 2259 Christi
2660 2204 3035 2274 projiciamus.
3074 2203 3171 2259 llic
3218 2204 3366 2259 enim
3415 2217 3542 2257 vere

1962 2301 2068 2356 dici
2103 2307 2306 2371 potest,
2335 2296 2511 2369 gloria
2563 2297 2618 2351 in
2672 2294 2999 2352 confusione
3023 2310 3255 2356 eorum,
3308 2295 3403 2364 qui
3445 2308 3545 2363 per

1964 2395 2234 2451 honorem
2279 2400 2337 2451 et
2389 2406 2491 2446 nos
2549 2398 2606 2445 et
2652 2404 2875 2444 carnem
2909 2388 3129 2444 Domini
3164 2387 3539 2443 inhonorant:

1961 2500 2187 2542 carnem
2213 2482 2326 2553 (55)
2365 2481 2593 2554 quidem
2617 2480 2857 2543 Domini,
2884 2495 3006 2536 cum
3045 2495 3164 2534 eam
3205 2479 3273 2534 Iis
3298 2492 3419 2549 qua:
3441 2493 3542 2533 no-

1964 2588 2077 2634 stra
2112 2585 2265 2637 sunt,
2299 2574 2554 2645 privant:
2593 2588 2697 2626 nos
2725 2586 2879 2637 vero,
2932 2588 3059 2627 cum
3105 2570 3334 2637 faciunt,
3379 2576 3441 2625 ut
3475 2568 3544 2627 ab

1964 2670 2029 2726 iis
2062 2683 2187 2739 quae
2214 2666 2398 2720 carnis
2418 2663 2638 2720 Domini
2673 2672 2823 2726 sunt.
2849 2662 3210 2719 excidamus:
3244 2678 3353 2717 non
3394 2660 3546 2715 enim

1963 2761 2295 2834 gioriticabit
2336 2776 2449 2817 non
2490 2760 2878 2831 compatiens,
2912 2774 3034 2830 qua:
3090 2774 3187 2830 per
3230 2757 3546 2827 passionem

1965 2854 2257 2927 gloriﬁcat.

2036 2992 2103 3047 Η.
2137 2991 2217 3046 En
2248 3005 2416 3055 nunc,
2467 2988 2668 3059 inquit,
2719 2987 2918 3042 nolens
2942 2983 3244 3040 distinxisti
3273 2982 3548 3052 corrupti.

1968 3084 2080 3140 bile
2110 3100 2140 3139 a
2166 3082 2414 3154 passibili
2451 3099 2465 3135 :
2495 3080 2784 3152 patiuntur
2810 3076 2959 3133 enim
2984 3078 3039 3133 in
3071 3075 3322 3131 cruciatu
3350 3089 3550 3143 corpo.

1968 3192 2029 3231 ra
2062 3183 2414 3246 peccatorum
2457 3186 2583 3226 cum
2613 3170 2749 3240 ipsis
2783 3168 3016 3235 animis;
3068 3182 3180 3221 non
3221 3174 3405 3221 tamen
3450 3178 3548 3232 pa-

1969 3266 2198 3329 tiendo,
2246 3272 2480 3319 mortem
2530 3262 2619 3316 vel
2668 3260 2954 3316 interitum
3018 3258 3285 3328 capient:
3321 3264 3386 3309 ut
3418 3256 3551 3309 hinc

287 3348 679 3401 ὑποπεσεῖταιο
730 3345 807 3409 ὡς
855 3343 1106 3398 ἐντεῦθεν
1154 3342 1432 3416 γνώριμον
1466 3340 1632 3411 εἶναι,
1679 3346 1761 3398 ὅτι
1804 3344 1859 3397 οὗ

1969 3366 2175 3430 pateat,
2208 3374 2318 3413 non
2350 3372 2473 3411 esse
2498 3355 2644 3411 idem
2678 3352 3044 3422 corruptibile
3074 3361 3240 3420 atque
3258 3348 3548 3419 passiliile;

288 3440 486 3494 ταυτόν
526 3443 643 3494 ἐστι
665 3440 745 3509 τῷ
783 3437 1013 3507 παθητῷ
1054 3437 1116 3490 τὸ
1149 3437 1415 3509 φθαρτὸν,
1449 3437 1608 3510 εἴπερ
1638 3438 1865 3492 κάκεῖνα

288 3533 486 3602 πάσχει
514 3533 637 3604 μὲν,
666 3531 732 3584 οὐ
763 3530 1048 3601 φθείρεται
1077 3529 1157 3584 δέ.

354 3669 418 3721 0.
458 3665 624 3731 um;
658 3658 703 3719 ὦ
744 3664 1013 3734 βέλτιστε,
1046 3661 1115 3736 ἦν
1160 3666 1208 3719 δ’
1238 3665 1376 3734 ἐγὼ,
1405 3668 1468 3721 οὐ
1503 3665 1665 3721 τοῦτό
1697 3683 1863 3737 φημι,

1973 3448 2247 3518 siquidem
2277 3448 2370 3503 illa
2398 3446 2711 3518 patiuntur,
2746 3443 2845 3500 sed
2874 3458 2987 3497 non
3018 3450 3473 3511 corrumpuntur.

2044 3674 2111 3729 0.
2144 3675 2234 3735 At,
2262 3670 2484 3737 inquam
2509 3682 2632 3739 ego,
2665 3665 2810 3719 bone
2836 3663 2942 3727 vir,
2975 3678 3083 3717 non
3107 3660 3213 3716 hoc
3233 3660 3377 3723 dico,
3406 3656 3553 3729 quod

288 3761 369 3813 ὅτι
401 3758 533 3812 ποτὲ
566 3757 737 3821 πάθος
764 3757 1071 3828 φθαρτικόν
1100 3758 1218 3811 ἐστι
1243 3757 1339 3811 τοῦ
1369 3759 1697 3828 πάσχοντος,
1731 3757 1859 3811 ἀλλὰ

1973 3758 2157 3815 omnis
2201 3757 2383 3828 passio
2434 3756 2663 3810 interire
2711 3754 2840 3809 facit
2880 3754 3221 3824 patientem;
3269 3750 3364 3804 sed
3417 3748 3556 3805 tales

288 3851 356 3907 τὰ
400 3850 580 3907 τοιάδε
631 3850 729 3903 καὶ
773 3849 869 3902 τοῦ
900 3847 1137 3904 τοιοῦδε.
1166 3849 1288 3903 Τῶν
1321 3851 1380 3903 εν
1407 3848 1533 3920 ᾅδου
1561 3848 1745 3903 τοίνυν
1774 3864 1859 3901 κο-

1972 3852 2259 3925 passiones
2304 3860 2360 3905 et
2400 3849 2585 3911 talem,
2640 3845 3046 3917 Suppliciorum
3102 3844 3268 3915 igitur
3323 3857 3444 3914 qua:
3497 3839 3557 3893 in

289 3942 519 4007 λασίων,
569 3942 666 3995 καὶ
694 3941 798 4010 τῆς
836 3939 898 4005 ἐξ
948 3939 1130 3993 αὐτῶν
1154 3940 1447 4012 γινομένης
1496 3941 1700 4010 πικρᾶς
1750 3956 1859 3994 συν·

1976 3944 2172 4001 inleris
2205 3950 2353 4007 sunt,
2379 3950 2433 3998 et
2461 3939 2641 3996 acerbi
2669 3953 2866 3994 sensus
2898 3952 3089 3993 eorum
3139 3950 3248 3989 non
3294 3941 3380 3988 est
3422 3948 3554 4004 pro-

289 4033 597 4103 αισθήσεως
624 4074 639 4098 ,
673 4033 777 4085 οὐκ
827 4031 893 4085 ἂν
941 4032 1195 4101 εἴποιμεν
1244 4032 1377 4085 ῐὸιον
1408 4030 1471 4084 τὸ
1501 4031 1746 4102 φθείρειν
1773 4031 1859 4103 rip

1976 4036 2157 4106 prium
2197 4043 2450 4087 naturam
2508 4031 2817 4101 subjectam
2867 4043 3270 4098 corrumpere:
3304 4026 3348 4083 si
3403 4024 3559 4079 enim

294 4124 665 4195 ὑποκειμένην
706 4123 893 4193 φύσιν·
935 4124 985 4176 εἰ
1011 4122 1121 4194 γὰρ
1153 4123 1269 4176 ἐστι
1303 4123 1656 4193 τολμήσαντα
1675 4124 1859 4176 εἰπεῖν

1976 4128 2238 4182 audacter
2265 4125 2561 4181 dicendum
2600 4132 2725 4188 est,
2780 4122 3075 4177 conferunt
3122 4121 3287 4175 etiam
3346 4118 3559 4188 aliquid

292 4220 386 4274 καὶ
413 4217 663 4271 συντελεῖ
684 4234 736 4268 τι
766 4216 904 4287 πρὸς
933 4216 1036 4288 τὴν
1060 4216 1257 4287 διαρκῆ
1276 4215 1552 4287 ἐπιμονὴν
1581 4215 1692 4270 τῶν
1716 4215 1859 4270 κολα-

1976 4220 2139 4275 tortis
2166 4228 2222 4275 et
2248 4216 2520 4273 cruciatis
2553 4216 2620 4273 ad
2651 4214 3090 4285 permanendum
3138 4220 3193 4267 et
3246 4210 3555 4282 perduran—

288 4309 537 4380 ζομένων
557 4324 571 4339 ⁸
604 4306 708 4360 tam
740 4308 785 4361 δ’
818 4308 883 4361 ἄν
928 4325 1016 4371 τις
1055 4307 1190 4361 αὐτὸ
1241 4307 1404 4362 τοῦτο
1436 4309 1736 4379 συμϐαῖνον
1780 4307 1859 4361 κα¹

1977 4312 2108 4368 dum
2138 4327 2152 4364 :
2183 4309 2372 4367 videre
2399 4309 2567 4367 etiam
2590 4307 2722 4363 licet
2747 4304 3213 4379 quemadmodum
3239 4303 3345 4357 hoc
3375 4302 3557 4372 ipsum

286 4408 352 4462 ἂν
379 4408 495 4469 τοῖς
524 4405 799 4477 ἰατρικοῖς
850 4403 1191 4473 φαρμάκοις·
1232 4402 1409 4473 ἀναζῇ
1458 4418 1523 4454 τε
1553 4400 1661 4469 γὰρ
1691 4402 1859 4453 ἐκεῖνο

1979 4401 2203 4462 eveniat
2228 4402 2283 4458 in
2318 4398 2783 4461 medicamentis:
2815 4397 3023 4452 iaciunt
3046 4395 3193 4449 enim
3219 4394 3310 4447 illa
3350 4392 3557 4446 revivi-

294 4497 391 4552 xal.
418 4495 720 4550 ἀναθάλπει
743 4494 844 4565 τὴν
875 4493 1061 4562 φύσιν,
1082 4494 1144 4548 τὸ
1168 4494 1339 4564 βάθος
1369 4491 1745 4564 κεντρίζοντα,
1781 4492 1859 4545 κα¹

1980 4511 2175 4557 scere,
2233 4503 2307 4561 et
2362 4501 2619 4546 naturam
2657 4490 2884 4554 fovent,
2913 4504 3040 4543 cum
3095 4486 3262 4555 aliqui
3317 4485 3423 4537 alte
3459 4483 3563 4539 sti-

286 4591 392 4646 οὐκ
421 4591 491 4660 ἰᾷ
516 4591 587 4660 τῇ
615 4586 950 4656 ἀναισθησίᾳ
987 4586 1372 4658 μαραίνεσθαι,
1422 4585 1560 4640 ἀλλὰ
1604 4588 1671 4656 τῇ
1716 4584 1859 4655 ὀδύνῃ

1979 4588 2191 4646 mulent
2254 4596 2312 4645 et
2360 4592 2651 4657 pungant,
2707 4599 2812 4640 nec
2871 4583 3058 4641 sinant
3100 4595 3203 4633 nos
3269 4576 3565 4633 sentiendo

288 4683 572 4753 ωντηρεϊ,
604 4679 701 4735 καὶ
726 4679 807 4747 τῷ
832 4678 1048 4733 διακαεῖ
1078 4676 1359 4731 συντονίαν
1387 4676 1512 4744 ἄγει
1534 4676 1629 4729 καὶ
1653 4674 1859 4729 1:6wi-

1977 4693 2347 4743 marcescere,
2370 4677 2466 4732 sed
2490 4676 2677 4749 potius
2696 4675 2885 4731 dolore
2908 4679 3257 4733 conservent,
3276 4677 3331 4721 et
3351 4666 3562 4721 urendu

295 4790 401 4829 σιν.
429 4774 511 4829 Τὰ
542 4774 606 4829 δὲ
636 4771 957 4841 ἀνθρώπινα
982 4768 1129 4838 πάθη
1157 4769 1250 4821 καὶ
1280 4767 1491 4839 φυσικὰ
1521 4768 1622 4837 τῆς
1651 4769 1854 4839 σαρκὸς

1983 4770 2351 4831 corroborant
2403 4777 2462 4825 et
2492 4768 2748 4825 densent.
2789 4766 3054 4821 Ilumanaa
3081 4778 3213 4816 vero
3248 4769 3303 4814 et
3333 4766 3561 4817 natura-

288 4869 441 4939 ἅπερ
474 4869 504 4922 ὁ
536 4866 748 4936 Κύριος
798 4860 1149 4927 κατεδέξατο,
1208 4860 1420 4929 πέφυκέ
1468 4878 1585 4924 πως
1635 4861 1727 4915 καὶ
1776 4860 1859 4931 τὴπ

1983 4860 2064 4914 les
2095 4858 2378 4928 passiones
2425 4856 2610 4912 carnis
2656 4870 2796 4925 quas
2825 4854 3093 4908 Dominus
3124 4848 3388 4918 suscepit,
3420 4865 3561 4918 quo-

291 4959 479 5030 οάρκα
522 4954 964 5028 καταμαραίνων
985 4993 1002 5018 ,
1032 4952 1242 5009 κοποῦν
1282 4970 1342 5006 τε
1375 4953 1548 5024 αὐτὴν
1578 4955 1670 5007 καὶ
1696 4953 1854 5023 ἀνιᾷν

1984 4950 2282 5011 dammodo
2308 4959 2469 5007 erant
2493 4958 2689 5003 natura
2725 4954 2864 5016 aptae
2907 4943 2977 5003 ad
3009 4939 3411 4997 debilitandum
3442 4953 3563 4992 car-

292 5053 391 5104 οιαὶ
418 5050 578 5113 τέλος
611 5048 873 5113 διαλύειν,
900 5047 929 5101 ὃ
952 5046 1019 5119 δὴ
1048 5046 1272 5115 γεγονὸς
1306 5045 1403 5101 καὶ
1436 5046 1577 5099 κατὰ
1597 5045 1688 5099 τὸν
1714 5062 1859 5099 σταυ

1980 5060 2111 5101 nem
2137 5084 2151 5107 ,
2180 5053 2236 5101 et
2267 5041 2710 5112 defatigandum,
2763 5054 2830 5093 ac
2861 5038 3048 5092 dolore
3076 5033 3452 5097 afﬁciendum,
3503 5042 3563 5087 et

416 5137 688 5207 ἔγνωμεν.
713 5140 791 5209 Τῇ
820 5137 878 5193 δὲ
921 5137 1167 5191 διαλύσει
1200 5137 1323 5189 ὅσον
1362 5153 1427 5204 γε
1466 5136 1560 5188 ἐπὶ
1591 5138 1656 5207 τῇ
1694 5135 1853 5204 φύσει

1986 5134 2227 5206 denique
2257 5134 2323 5192 ad
2359 5132 2807 5198 dissolvendum;
2864 5130 3012 5201 quod
3047 5127 3269 5200 quidem
3304 5127 3357 5180 in
3395 5142 3567 5181 cruce

293 5230 391 5282 καὶ
413 5229 476 5281 τὸ
508 5228 785 5300 φθαρῆναι
810 5229 1030 5287 ἕπεται.
1060 5228 1141 5283 Τὰ
1170 5226 1351 5282 τοίνυν
1372 5224 1699 5298 ἀνθρώπινα
1726 5226 1859 5283 πάθει

1979 5227 2187 5287 factum
2209 5242 2331 5285 esse
2348 5225 2733 5297 cognovimus.
2758 5223 3185 5281 Dissolutionem
3215 5235 3348 5273 vero
3381 5234 3567 5290 quan-

292 5318 486 5371 λυπεῖν
527 5312 672 5375 οἶδεν
702 5320 803 5387 τὴν
833 5319 1021 5389 φύσιν,
1077 5319 1173 5374 καὶ
1205 5320 1270 5389 τῇ
1328 5316 1576 5372 συνθέσει
1604 5317 1859 5387 λυμαίντεε¹

1982 5326 2100 5375 tum
2169 5316 2227 5373 in
2274 5325 2469 5373 natura
2520 5322 2641 5379 est,
2688 5312 2970 5387 corruptio
3023 5311 3295 5385 sequitur.
3343 5308 3563 5363 Passio-

294 5409 445 5472 σθαι,
490 5410 583 5463 καὶ
622 5410 783 5474 τέλος
813 5414 912 5466 καὶ
959 5410 1240 5483 χωρισμὸν
1266 5411 1533 5478 εἰσάγειν,
1571 5409 1670 5463 καὶ
1701 5409 1859 5479 φθορᾷ

1985 5423 2086 5467 nes
2133 5407 2301 5480 igitur
2359 5405 2615 5459 humanae
2675 5414 2929 5456 naturam
2970 5408 3204 5474 possunt
3251 5398 3561 5459 oﬂ‘endere,

296 5500 664 5568 sumam,
703 5496 893 5575 ὦνπερ
934 5506 969 5558 ὁ
1020 5502 1231 5573 Κύριος
1284 5502 1687 5575 παραπλησίως
1746 5504 1859 5573 ἠμῖς

1984 5499 2354 5577 compositum
2403 5496 2603 5557 lxdere
2624 5536 2641 5565 ,
2676 5505 2732 5551 et
2764 5495 2923 5551 linem
2957 5504 3122 5567 atque
3154 5491 3558 5565 separationcm

375 5764 486 5833 (33)
519 5762 661 5836 (ἔπει
688 5762 908 5819 Domini
943 5779 1041 5835 per
1066 5764 1378 5836 passionem
1418 5763 1688 5836 gloriﬁeat
1713 5777 1865 5816 com-
1975 5758 2081 5836 nisi
2122 5775 2251 5813 caro
2279 5756 2493 5813 Domini
2523 5765 2953 5836 compateretur,
2997 5754 3143 5826 quod
3166 5760 3250 5808 cst
3277 5751 3392 5822 pati
3451 5765 3550 5804 no-

300 5827 589 5907 paticrites,
613 5834 771 5889 Rom.
812 5827 1185 5907 vnncom'pati
1216 5844 1398 5892 autem
1416 5827 1525 5891 non
1554 5846 1865 5903 possumus,
1970 5830 2215 5896 hiscum,
2242 5836 2298 5886 et
2312 5843 2414 5885 nos
2434 5843 2562 5885 cum
2580 5827 2723 5897 ipso.
2752 5827 2882 5883 Cm.
