4020 6598
496 405 642 471 1339

1717 417 2027 482 LEONTII
2067 417 2438 480 ΒΥΖΑΝΤΙΝ
2443 417 2474 478 Ι

495 521 722 586 inferre,
761 525 818 575 et
851 519 1096 577 interimi
1126 521 1396 594 subjicere
1423 541 1436 578 :
1464 540 1586 595 qua
1609 527 1831 597 quidem
1853 527 2057 592 omnia,

2174 522 2382 578 πάντων
2416 524 2784 598 μετέσχηκεν,
2835 525 2979 582 κατά
3009 526 3108 599 τὴν
3157 524 3403 598 μεγάλην
3440 521 3554 579 τοῦ
3600 524 3784 577 Ἀπο-

495 611 750 668 similiter
776 619 940 682 atque
985 627 1086 668 nos
1111 653 1125 679 ,
1159 615 1426 672 Dominus
1470 618 1841 690 participavit,
1873 637 2067 677 secun-

493 705 625 759 dum
655 720 904 776 magnam
934 704 1181 776 Apostoli
1208 706 1519 764 doctrinam
1541 712 1608 765 ¹².

563 793 631 851 ﬂ.
661 795 803 862 Quid
826 797 998 863 aliud,
1023 798 1223 868 inquit,
1250 800 1338 855 his
1365 801 1622 857 omnibus
1642 804 1876 859 suadere
1899 813 1954 860 et
1973 803 2069 858 de-

493 893 802 941 monstrare
846 887 1150 952 studuisti,
1194 889 1302 942 nisi
1349 889 1498 958 quod
1528 907 1653 946 cum
1701 892 1956 948 Christus
1993 895 2068 949 sit

495 978 772 1049 passibilis
797 1018 812 1042 ,
870 979 1036 1050 idque
1071 989 1273 1034 natura
1303 982 1552 1052 corporis
1577 1023 1590 1047 ,
1644 998 1753 1037 non
1784 985 2067 1040 voluntate

495 1070 823 1136 divinitatis,
852 1072 1165 1127 necessario
1187 1073 1295 1127 erit
1321 1075 1704 1145 corruptibilis
1728 1077 1752 1129 ?
1776 1075 1894 1130 Non
1916 1077 2065 1131 enim

497 1163 820 1232 ignoramus
849 1171 900 1217 te
931 1164 1038 1218 hoc
1083 1164 1263 1218 moliri
1292 1183 1304 1218 :
1338 1165 1489 1234 quod
1521 1165 1743 1234 quidem
1784 1182 2065 1235 nunquam

495 1253 886 1320 concedemus,
931 1255 1033 1310 etsi
1075 1255 1288 1310 inﬁnita
1318 1257 1438 1310 istis
1484 1256 1673 1310 addas.
1722 1256 1890 1327 Magis
1916 1258 2065 1312 enim

494 1345 833 1401 credendum
855 1359 941 1402 est
961 1348 1198 1418 principi
1229 1347 1604 1418 apostolorum
1629 1348 1814 1412 Petro,
1841 1363 1907 1402 ac
1929 1364 2070 1417 prae-

495 1444 646 1491 terea
687 1437 859 1492 David
912 1437 1029 1509 regi
1079 1455 1110 1493 a
1157 1440 1270 1494 Deo
1298 1439 1514 1504 electo,
1563 1448 1620 1494 et
1671 1439 2064 1508 prophetarum

493 1528 765 1599 principi,
799 1529 892 1600 qui
924 1530 1221 1597 dixerunt,
1269 1531 1416 1601 quod
1466 1546 1597 1586 caro
1621 1531 1744 1601 ejus
1773 1546 1884 1586 non
1926 1533 2069 1588 vidit

493 1622 905 1691 corruptionem
929 1624 994 1678 ".
1551 1680 1557 1686 ,

564 1712 631 1770 0.
673 1715 1131 1786 Quandoquidem
1190 1717 1258 1771 ab
1302 1715 1559 1772 humanis
1614 1719 2064 1789 cogitationibus,

493 1805 714 1875 inquam
743 1823 882 1877 ego,
939 1823 1065 1862 sero
1093 1808 1313 1862 tandem
1342 1849 1357 1873 ,
1405 1816 1463 1862 et
1505 1825 1536 1862 a
1587 1810 2067 1880 probabilitatibus

492 1897 809 1963 recessisti,
862 1905 918 1952 et
952 1898 1020 1952 ad
1053 1898 1365 1968 Scripturas
1412 1915 1595 1955 sacras
1632 1901 1962 1971 confugisti;
2009 1911 2066 1956 et

489 2003 593 2043 nos
624 1989 892 2044 memoria
922 1989 1207 2060 cujusdam
1253 1989 1384 2045 dicti
1413 1991 1724 2060 prophetici
1767 1999 1959 2047 contra
2001 2008 2065 2047 ea

489 2095 613 2150 qua:
642 2096 672 2134 a
704 2088 758 2134 te
787 2081 936 2134 dicta
974 2090 1121 2144 sunt,
1171 2080 1439 2151 effugerat
1472 2098 1486 2134 :
1515 2097 1646 2153 rogo
1689 2090 1744 2137 te
1788 2098 1937 2138 nunc
2004 2090 2070 2137 ut

492 2171 599 2227 hoc
643 2171 806 2227 nobis
833 2172 1100 2226 declares.

562 2265 630 2319 Η.
667 2264 832 2330 Quid,
870 2265 1070 2334 inquit,
1121 2266 1230 2320 hoc
1268 2275 1354 2320 est
1391 2266 1539 2336 quod
1583 2266 1760 2322 dicis?

559 2356 625 2413 0.
658 2357 813 2423 Quod
837 2357 1056 2411 divinus
1079 2357 1370 2423 Jeremias,
1408 2358 1668 2427 respondi
1709 2375 1831 2429 ego,
1871 2359 1927 2415 in
1967 2359 2069 2414 La-

491 2449 927 2503 mentationibus
950 2448 1173 2502 locutus
1199 2455 1305 2511 est,
1337 2448 1720 2505 demonstrans
1748 2451 2066 2520 prophetice

488 2555 617 2594 eum
651 2540 745 2610 qui
775 2541 1195 2595 lamentationes
1223 2540 1594 2596 dissoluturus
1614 2551 1734 2598 erat
1755 2584 1770 2609 ,
1825 2543 2066 2600 Christus

489 2631 770 2698 Dominus,
810 2632 1012 2701 inquit,
1045 2634 1099 2685 in
1141 2634 1561 2702 corruptionibus
1610 2636 1799 2689 nostris
1832 2652 2069 2706 compre-

489 2726 682 2779 hensus
714 2735 794 2780 est
815 2726 882 2780 ⁸⁸.
907 2725 1067 2780 Aliud
1088 2726 1403 2797 hujusmodi
1425 2728 1673 2797 reperire
1700 2729 1830 2784 licet
1853 2730 2064 2785 dictum

486 2832 557 2873 ex
588 2832 822 2887 persona
856 2817 1070 2872 Domini
1117 2833 1217 2887 per
1262 2818 1597 2889 Pr0phetam
1630 2836 1643 2872 :
1679 2818 1808 2884 Qua:
1859 2821 2066 2875 utilitas

488 2908 545 2961 in
576 2909 836 2978 sanguine
875 2925 1010 2973 meo,
1042 2909 1168 2962 dum
1200 2909 1455 2963 descendo
1482 2912 1538 2964 in
1570 2914 1960 2983 corruptionem
1979 2914 2068 2967 "‘i

487 3005 778 3077 Inscriptio
811 3017 998 3061 autem
1035 3007 1227 3076 psalmi
1255 3049 1270 3072 ,
1302 3015 1358 3061 et
1387 3015 1497 3061 tota
1534 3007 1826 3062 verborum
1871 3024 2068 3084 conse-

486 3101 732 3170 quentia,
764 3099 926 3154 docet
958 3115 1060 3154 nos
1090 3100 1401 3170 intelligere
1450 3099 1730 3155 Christum
1778 3116 1879 3171 per
1919 3102 2064 3170 psal-

485 3207 640 3246 mum
681 3191 910 3262 mystice
933 3191 1364 3270 praeliguratujn,
1399 3191 1702 3246 secundum
1733 3192 2063 3262 interpreta-
2088 3211 2131 3270 α

486 3282 692 3337 tionem
724 3282 1127 3351 theologorum.
1184 3282 1301 3336 Imo
1343 3293 1400 3336 et
1444 3283 1638 3337 Petrus
1683 3283 1802 3353 ipse
1856 3284 1924 3340 iis
1968 3284 2064 3353 qui

489 3374 956 3429 resurrectionem
993 3373 1295 3429 Salvatoris
1318 3390 1428 3429 non
1458 3375 1776 3441 credebant,
1809 3377 2069 3447 gravissi-

488 3481 598 3529 me,
633 3473 695 3520 ut
719 3465 1002 3530 videmus,
1036 3466 1172 3521 dicit
1197 3467 1262 3530 ",
1287 3467 1431 3534 quod
1463 3469 1752 3523 suscitavit
1781 3484 1929 3534 eum,
1955 3485 2064 3524 non

486 3559 724 3628 amplius
743 3558 810 3614 ad
841 3559 1251 3629 corruptionem
1283 3576 1669 3627 reversurum;
1703 3560 1849 3631 quod
1883 3571 2066 3616 autem

488 3646 652 3710 dicit,
677 3662 787 3702 non
842 3648 1080 3716 amplius
1129 3664 1484 3704 reversurum
1547 3665 1669 3704 esse
1703 3666 1830 3706 eum
1856 3692 1870 3717 ,
1905 3651 2067 3721 plane

489 3736 733 3792 declarat
755 3754 881 3792 eum
927 3738 996 3792 de
1025 3753 1135 3808 quo
1165 3739 1270 3794 hoc
1304 3739 1462 3802 dixit,
1485 3756 1594 3794 non
1630 3740 1797 3797 fuisse
1826 3743 2066 3797 alienum

489 3845 520 3884 a
546 3829 809 3898 capienda
833 3832 1202 3901 corruptione.
1223 3832 1307 3886 An
1338 3832 1506 3902 igitur
1541 3849 1652 3887 non
1686 3842 1846 3903 putas
1875 3834 2070 3892 adver-

489 3921 599 3975 sari
635 3921 751 3976 haec
773 3922 838 3976 iis
871 3937 993 3991 quae
1031 3939 1061 3976 a
1089 3931 1140 3978 te
1172 3923 1331 3978 allata
1358 3931 1524 3989 sunt,
1554 3931 1612 3978 et
1641 3939 1744 3979 nos
1769 3924 2070 3996 majoribus

490 4012 729 4068 vinculis
755 4015 1074 4084 quaestionis
1113 4015 1434 4084 implicare?

564 4190 628 4245 ll.
665 4193 773 4247 Per
801 4193 1091 4248 veritatem
1117 4234 1132 4259 ,
1181 4195 1361 4264 inquit
1388 4195 1502 4258 ille,
1533 4195 1704 4250 multa
1733 4194 2071 4250 obscuritate

493 4283 658 4352 plena
688 4290 819 4337 sunt
856 4283 971 4338 haec
996 4325 1012 4348 ,
1059 4284 1164 4340 nisi
1211 4286 1450 4356 aliquem
1493 4286 1853 4356 interpretem
1891 4285 2070 4356 adipi-

492 4382 737 4440 scantur,
751 4375 844 4444 qui
861 4375 1285 4446 discrepantiam
1302 4391 1424 4446 quae
1444 4377 1502 4431 in
1525 4376 1660 4447 ipsis
1687 4377 1909 4433 videtur
1926 4394 2067 4444 esse,

491 4469 560 4523 ad
586 4484 813 4539 scopum
840 4469 1092 4524 veritatis
1117 4469 1394 4524 collineet.

2170 616 2358 670 στόλου
2387 619 2800 689 μυσταγωγίαν.

2238 800 2303 852 Α.
2335 798 2400 850 Τί
2424 796 2488 868 δὴ
2515 798 2646 853 ἀλλο
2676 815 2763 868 γε,
2795 799 2923 870 ἔφη,
2954 799 3044 853 διὰ
3070 799 3178 852 τῶν
3199 797 3524 871 εἰρημένων
3543 797 3781 852 τούτων

2168 890 2380 944 πείθειν
2407 908 2468 944 τε
2490 892 2587 946 καὶ
2612 892 2883 947 δεικνύειν
2916 893 3282 955 ἐσπούδακας,
3323 891 3356 962 ἢ
3385 893 3471 946 ὅτι
3499 891 3775 960 παθητὸς

2167 982 2243 1036 ῶν
2265 985 2294 1036 ὁ
2331 984 2588 1054 Χριστὸς,
2625 984 2719 1038 καὶ
2750 985 2910 1039 τοῦτο
2939 985 3188 1056 σώματος
3219 985 3400 1055 φύσει,
3427 987 3565 1057 οὐχὶ
3593 986 3772 1056 θελή-

2168 1091 2250 1128 σει
2279 1075 2573 1147 θεότητος,
2627 1077 2720 1130 καὶ
2749 1077 2990 1148 φθαρτὸς
3036 1077 3098 1144 ἐξ
3142 1078 3389 1148 ἀνάγκης
3433 1078 3647 1142 ἐσταις
3689 1079 3771 1132 οὐ

2166 1166 2275 1237 γὰρ
2299 1167 2491 1232 ἔλαθες
2511 1167 2671 1221 τοῦτο
2703 1169 3152 1233 κατασκευάζωψ
3180 1170 3318 1240 ὅπερ
3337 1170 3438 1223 οὐκ
3471 1169 3546 1222 ἂν
3577 1169 3772 1233 δεξαί-

2169 1255 2312 1325 μεθα
2337 1256 2578 1322 πώποτε,
2629 1256 2734 1311 κᾶν
2768 1259 2940 1328 μυρία
2979 1259 3120 1328 πρὸς
3162 1259 3376 1324 τούτοις
3430 1261 3771 1330 ἐρεῖς.Πει-

2167 1347 2326 1402 στέον
2371 1349 2477 1419 γάρ
2510 1348 2713 1419 μᾶλλον
2739 1349 2818 1417 τῷ
2851 1352 3136 1422 κορυφαίῳ
3157 1351 3266 1405 τῶν
3290 1352 3623 1406 ἀποστόλων
3650 1353 3768 1406 Πέ-

2165 1454 2300 1510 τρῳ,
2336 1439 2564 1510 προσέτι
2598 1439 2656 1492 δὲ
2685 1441 2781 1494 καὶ
2809 1440 2890 1510 τῷ
2921 1444 2977 1494 ὲν
3009 1440 3292 1510 βασιλεῦσι
3321 1443 3627 1513 θεοκρίτῳ.
3661 1444 3765 1497 καὶ

2166 1532 2552 1603 ἀρχιπροφήτῃ
2588 1533 2755 1585 sum
2786 1534 3266 1603 ἀποφαινομένοις,
3292 1534 3374 1587 ὃτι
3407 1535 3442 1604 ἡ
3476 1534 3628 1606 σὰρξ
3654 1535 3764 1588 ab-

2165 1624 2259 1677 τοῦ
2284 1625 2384 1678 οὐκ
2411 1626 2520 1679 ίδεν
2546 1627 2867 1700 διαφθοράν.

2238 1718 2302 1769 Ο.
2345 1716 2570 1790 Ἐπειδὴ
2608 1719 2716 1772 τῶν
2745 1719 2845 1790 μὲν
2874 1719 3253 1789 ἀνθρωπίνων,
3290 1715 3449 1772 εἷπον
3481 1718 3628 1787 ἐγὼ,
3659 1719 3764 1789 ὀψέ

2167 1807 2222 1876 γ’
2253 1804 2344 1862 οὖν
2373 1810 2621 1880 ἀπέστης
2650 1811 2930 1882 λογισμῶν
2955 1814 3049 1866 καὶ
3081 1813 3483 1883 πιθανοτήτων.
3523 1813 3672 1882 πρὸς
3703 1813 3764 1866 εδ

2165 1899 2264 1961 τὰς
2293 1898 2443 1962 θείας
2475 1901 2698 1971 Γραφὰς
2729 1902 3180 1971 καταπέφευγας,
3217 1904 3404 1973 μνήμη
3438 1902 3499 1955 δέ
3525 1919 3619 1964 τις
3663 1903 3765 1954 καὶ

2166 1989 2314 2058 ἡμᾶς
2341 1989 2694 2059 προφητικῆς
2723 1991 3009 2062 ὑπέδραμε
3042 1994 3275 2063 ρήσεως,
3303 1993 3576 2055 ἐναντίως
3606 1993 3762 2062 ἔχειν

2165 2080 2398 2134 δοκοῦσα
2412 2083 2524 2144 τοῖς
2545 2081 2698 2154 παρά
2729 2081 3094 2153 σοῦ-ταύτην,
3123 2083 3261 2136 αξτῶ
3287 2101 3370 2149 σε,
3392 2083 3464 2137 τὰ
3494 2083 3600 2137 νῦν
3623 2086 3765 2154 ἡμῖν

2164 2172 2522 2242 διασάφησον.

2235 2266 2301 2320 Α.
2329 2265 2465 2318 Τίνα
2506 2265 2732 2336 ταύτην,
2759 2266 2885 2336 ἔφη,
2915 2265 3119 2334 λέγεις,
3155 2267 3366 2334 διέξιθι.

2236 2355 2298 2410 Ο.
2337 2355 2447 2424 Τὴν
2489 2356 2758 2427 Ἱερεμίου
2790 2356 2885 2409 τοῦ
2909 2356 3195 2430 θεηγόρου,
3229 2359 3367 2429 πρὸς
3389 2359 3563 2412 αὐτὸν
3608 2361 3760 2413 ἀπο-

2168 2445 2492 2516 κρινόμενος
2519 2441 2694 2511 εἷπον,
2729 2446 2797 2515 ἢν
2833 2447 2889 2499 ὲν
2921 2449 3035 2509 τοῖς
3065 2448 3298 2518 Θρήνοις
3337 2449 3430 2501 τὸν
3464 2448 3581 2501 τῶν
3619 2450 3762 2521 θρή-

2167 2554 2274 2590 νων
2296 2537 2507 2608 λυτῆρα
2539 2539 3032 2609 προαναρρητικῶς
3061 2539 3377 2608 ὑποφαίνων
3413 2540 3758 2610 ἐφθέγξατο,

2166 2632 2421 2698 Χριστὸς
2447 2633 2682 2699 Κύριος,
2712 2632 2910 2700 λέγων,
2939 2635 3296 2702 συνελήφθη
3343 2633 3414 2686 ἐν
3461 2633 3602 2700 ταῖς
3635 2635 3763 2690 δραι

2165 2724 2412 2793 φθοραῖς
2440 2723 2630 2792 ήμῶν.
2652 2724 2762 2778 Καὶ
2783 2723 2914 2777 ἀλλο
2929 2724 2984 2777 δὲ
3016 2723 3080 2796 δὴ
3105 2725 3319 2778 τοιοῦτο
3345 2728 3410 2778 ὲκ
3443 2725 3760 2796 προσώπου

2164 2811 2259 2866 τοῦ
2309 2813 2518 2882 Κυρίου
2538 2853 2553 2875 ,
2589 2812 2676 2866 διὰ
2709 2812 2807 2866 τοῦ
2842 2816 3123 2884 προφήτου
3163 2814 3440 2884 κηρυχθὲν
3469 2815 3630 2868 ἐστιν
3659 2818 3756 2869 εὑ-

2169 2905 2302 2972 ρεῖν,
2341 2905 2436 2970 Τις
2466 2903 2722 2973 ὠφέλεια
2750 2905 2820 2958 ἐν
2859 2903 2940 2970 τῷ
2963 2905 3166 2975 αἵματί
3184 2923 3328 2974 μου,
3369 2905 3660 2976 λέγοντος,
3689 2909 3763 2962 ἐγ

2165 2996 2245 3062 τῷ
2274 2995 2655 3050 καταϐαίνειν
2678 3013 2755 3064 με
2780 2999 2868 3063 εις
2899 2995 3267 3065 διαφθορὰν;
3295 2999 3370 3050 Ἦ
3393 3015 3454 3051 τε
3482 2999 3600 3070 γάρ
3633 3002 3760 3054 ὲπιο

2164 3087 2350 3158 γραφὴ
2373 3087 2466 3140 τοῦ
2491 3086 2729 3158 ψαλμοῦ,
2759 3088 2854 3142 καὶ
2888 3088 2921 3158 ἡ
2953 3088 3050 3162 ὅλη
3079 3089 3188 3140 τῶν
3222 3089 3485 3160 ῥημάτων
3512 3092 3758 3146 ἀκολου-

2166 3178 2258 3233 θὶα
2281 3180 2372 3234 τὸν
2406 3179 2611 3249 Κύριον
2642 3182 2777 3250 ἡμῖν
2805 3181 2950 3233 νοεῖν
2990 3180 3328 3246 ὑποτίθεται,
3363 3181 3453 3233 διά
3478 3182 3580 3236 τοῦ
3602 3183 3757 3253 ψαλ-

2171 3271 2273 3344 μοῦ
2304 3270 2583 3341 μυστικῶς
2609 3271 3081 3342 προτυπούμενον,
3112 3273 3255 3327 κατά
3291 3274 3391 3342 τὴν
3415 3274 3526 3328 τῶν
3561 3276 3755 3332 θεολόο

2167 3379 2279 3432 γιον
2306 3362 2591 3436 ἐξήγησιν.
2641 3361 2806 3416 ’Δλλά
2839 3363 2933 3416 καὶ
2961 3363 3122 3426 αὐτὸς
3165 3364 3193 3416 ὁ
3227 3365 3433 3436 Πέτρος
3466 3367 3758 3435 φαίνεται,

2167 3458 2280 3518 τοῖς
2309 3454 2600 3509 ἀπιστοῦσι
2641 3457 2704 3526 τῇ
2736 3455 3032 3509 ἀναστάσει
3065 3455 3161 3509 τοῦ
3193 3457 3448 3529 Σωτῆρος
3476 3459 3754 3530 ἐμϐριθέ-

2170 3565 2340 3601 στατα
2393 3547 2589 3613 λέγων,
2633 3547 2715 3600 ὅτι
2767 3547 3066 3616 ἀνέστησεν
3127 3547 3314 3612 αὑτὸν,
3371 3550 3579 3620 μηκέτι
3617 3552 3758 3622 μέλ-

2167 3637 2328 3690 λοντα
2351 3636 2714 3708 ὑποστρέφειν
2749 3638 2827 3699 είς
2853 3637 3174 3706 διαφθοράν·
3214 3638 3274 3691 τὸ
3298 3639 3353 3693 δὲ
3380 3642 3581 3710 μηκέτι
3617 3643 3756 3712 μέλ-

2167 3728 2284 3783 λειν
2311 3729 2474 3782 αὑτὸν
2501 3729 2887 3801 ὑποστρέφειν,
2933 3730 3034 3782 οὐκ
3087 3730 3154 3783 ἂν
3200 3731 3483 3785 ὲπίδεκτον
3535 3733 3756 3806 φθορᾶς

2169 3818 2312 3875 εἶναι
2346 3821 2496 3891 δηλοῖ
2520 3822 2610 3874 τὸν
2638 3823 2767 3893 περὶ
2793 3813 2853 3874 οῦ
2883 3821 3055 3874 ταῦτα
3077 3823 3296 3894 εἴρηκεν
3322 3841 3337 3890 ;
3370 3820 3496 3897 *Δρ*
3521 3822 3621 3880 οὗν
3647 3829 3756 3882 οὐκ

2168 3915 2271 3969 οῐει
2299 3912 2471 3967 ταῦτα
2509 3915 2624 3976 τοῖς
2649 3912 2801 3982 παρά
2839 3912 2934 3966 σοῦ
2969 3914 3460 3985 προενηνεγμένοις
3484 3917 3753 3971 ἀντιστα-

2169 4007 2302 4068 τετν,
2335 4006 2430 4059 καὶ
2463 4005 2709 4076 μείζοσιν
2756 4005 2904 4076 ἡμᾶς
2941 4005 3176 4078 ἀπορίας
3213 4005 3430 4076 δεσμοῖς
3471 4009 3754 4079 περισάλ-

2170 4101 2282 4155 λειν
2298 4119 2314 4168 ;

2238 4192 2304 4245 Α.
2334 4190 2417 4261 Νὴ
2447 4192 2547 4261 τὴν
2593 4189 2870 4260 ἀλήθειαν,
2904 4191 3109 4253 ἐκεῖνος
3147 4189 3274 4261 ἔφη,
3321 4191 3525 4262 πολλῆς
3568 4192 3756 4248 ταῦτα

2170 4282 2333 4354 γέμει
2359 4283 2459 4352 τῆς
2488 4281 2778 4351 ἀσαφείας,
2807 4282 2856 4334 εί
2881 4282 2956 4353 μή
2998 4281 3100 4335 πού
3129 4299 3275 4344 τινος
3307 4280 3584 4352 ἐξηγητοῦ
3607 4300 3750 4352 τυγ⁹

2169 4375 2404 4445 χάνοιεν,
2441 4374 2584 4428 κατά
2632 4373 2834 4427 σκοπὸν
2885 4373 2989 4442 τῆς
3021 4372 3303 4442 ἀληθείας,
3338 4373 3438 4444 τὴν
3474 4372 3753 4428 δοκοῦσαν

2173 4465 2230 4518 ὲν
2261 4465 2448 4527 αὐτοῖς
2474 4463 2774 4532 διαφωνίαν
2811 4461 3156 4526 εὐθύνοντος.

563 4559 629 4616 Ο.
661 4559 774 4630 Age
825 4575 976 4631 ergo,
1023 4560 1269 4628 inquam,
1302 4559 1444 4614 bone
1473 4560 1577 4625 vir,
1611 4561 1938 4616 sententiam
1969 4561 2068 4617 ho-

2239 4561 2300 4612 Ο.
2333 4560 2505 4628 Δεῦρο
2524 4556 2588 4625 δὴ
2615 4552 2732 4618 οὖν,
2756 4551 2935 4619 εἷπον,
2956 4550 3002 4608 ὦ
3019 4555 3276 4610 κάλλιστε
3299 4555 3530 4625 κάγαθὲ,
3557 4556 3622 4608 τὸ
3645 4555 3752 4625 τῆς

495 4669 616 4706 rum
648 4652 982 4707 obscuritate
1034 4651 1336 4705 involutam
1389 4652 1603 4722 explica
1637 4692 1652 4716 ,
1691 4661 1748 4707 et
1781 4653 2068 4707 veritatem

2167 4650 2370 4704 τούτων
2399 4648 2636 4710 διανοίας
2661 4647 3121 4717 συνεσκιασμένον
3139 4687 3153 4709 ,
3206 4649 3508 4711 εύθυὸόλως
3536 4650 3752 4703 άνακαυ

494 4745 654 4800 nobis
686 4745 915 4815 detege,
967 4744 1084 4799 sive
1129 4759 1248 4798 eam
1294 4759 1324 4798 a
1375 4751 1448 4809 te,
1491 4744 1606 4798 sive
1651 4744 1718 4798 ab
1752 4744 1862 4798 alio
1911 4759 2068 4800 acce‘

2174 4743 2360 4812 λύψας,
2390 4743 2490 4814 τὴν
2520 4741 2783 4812 ἀλήθειαν
2814 4743 2948 4810 ἡμῖν
2978 4740 3444 4811 παραγύμνωσον,
3471 4741 3582 4794 εἴτε
3614 4744 3749 4812 παρ’

494 4837 645 4907 pisti.

564 4925 630 4982 Η.
670 4928 814 4993 Non,
837 4928 1038 4998 inquit,
1067 4935 1305 4998 aliquam
1338 4929 1497 4986 valde
1529 4931 1728 4986 bellam
1771 4939 1826 4986 et
1854 4932 2064 5001 specio-

494 5035 608 5074 sam
639 5020 1049 5075 excusationem
1081 5021 1354 5076 invenisse
1402 5022 1538 5077 mihi
1579 5023 1734 5078 visus
1783 5038 1844 5077 es
1873 5063 1887 5088 ,
1939 5039 2064 5078 cum

495 5111 790 5166 contrariis
841 5112 1265 5167 auctoritatibus
1295 5113 1581 5169 veritatem
1617 5115 1826 5184 majore
1865 5114 2068 5169 obscu-

496 5196 661 5252 ritate
689 5196 999 5253 involvisti:
1035 5209 1095 5256 ut
1127 5203 1357 5270 quaestio
1388 5202 1611 5272 quidem
1641 5203 2064 5269 dubitationem,

495 5287 769 5343 dubitatio
791 5304 924 5345 vero
949 5293 1364 5349 concessionem
1395 5293 1516 5348 falsi
1545 5294 1779 5349 latenter
1800 5294 2066 5349 includat.

496 5379 610 5450 Ego
641 5394 796 5445 vero,
850 5380 965 5436 sive
1012 5383 1135 5452 quis
1193 5384 1354 5439 nobis
1409 5384 1640 5439 dubium
1675 5387 2068 5442 auctoritatum

497 5472 914 5542 interpretetur,
939 5474 1056 5530 sive
1084 5492 1223 5538 non,
1257 5492 1538 5546 nunquam
1575 5493 1604 5531 a
1648 5480 1921 5534 sententia
1947 5494 2070 5535 mea

495 5563 820 5632 discedam;
860 5581 985 5622 cum
1020 5577 1209 5639 aperte
1251 5569 1451 5626 clamet
1474 5569 1776 5641 Scriptura,
1807 5572 1936 5644 quia
1958 5588 2071 5628 non

2169 4834 2366 4888 ἑαυτοῦ
2399 4834 2626 4902 ταύτην,
2664 4833 2776 4885 εἴτε
2810 4832 2908 4885 καὶ
2956 4833 3088 4901 παρ’
3127 4832 3316 4903 ἑτέρου
3359 4831 3538 4885 λαϐὼν
3571 4831 3743 4902 ἔχεις.

2238 4928 2300 4980 Α.
2324 4926 2398 4978 Ού
2419 4923 2612 4995 καλὴν,
2639 4922 2767 4992 ἔφη,
2782 4922 2904 4975 τινὰ
2923 4919 3226 4983 παντελῶς,
3244 4921 3366 4974 οὐδὲ
3382 4919 3744 4990 εὐπρόσωπον

2165 5016 2348 5082 ἓδοξάς
2367 5033 2457 5087 μοι
2476 5018 2574 5082 τὴν
2595 5014 2870 5086 πρόφασιν
2888 5013 3153 5084 ἐξευρεῖν,
3172 5015 3292 5075 ταῖς
3311 5010 3611 5074 ἀντιθέτοις
3631 5010 3745 5065 τῶν

2173 5115 2404 5186 ῥήσεων,
2445 5109 2654 5181 μείζονι
2686 5107 2784 5178 τὴν
2830 5106 3092 5178 ἀλήθειαν
3127 5103 3367 5173 ἀσαφείᾳ
3405 5102 3738 5174 περιϐαλὼν,

2171 5206 2260 5259 ἵνα
2289 5221 2370 5258 σοι
2394 5205 2428 5273 ἡ
2453 5202 2551 5272 μὲν
2572 5200 2776 5272 ἀπορία
2797 5199 2897 5269 τὴν
2921 5196 3277 5267 ἀμφιϐολίαν,
3301 5196 3335 5265 ἡ
3358 5193 3416 5248 δὲ
3441 5192 3742 5264 ἀμφιϐολία

2173 5297 2272 5368 τὴν
2288 5293 2581 5366 ὁμολογίαν
2599 5290 3055 5363 παρεισκυκλήσῃ
3072 5287 3168 5342 τοῦ
3183 5287 3432 5359 ψεύδους.
3449 5284 3590 5353 Ἐγὼ
3609 5283 3740 5353 γοῦν

2174 5386 2284 5441 εἴτε
2320 5403 2404 5448 τις
2428 5381 2754 5455 έρμηνεύσοι
2784 5381 2943 5448 λόγος
2973 5381 3129 5450 ἡμῖν,
3161 5378 3272 5431 εἴτε
3309 5375 3405 5431 καὶ
3445 5375 3519 5446 μὴ
3548 5375 3609 5428 τδ
3632 5373 3739 5428 τῶν

2179 5479 2387 5550 ῥήσεων
2436 5475 2664 5546 ἄπορον,
2712 5472 2813 5526 οὑκ
2861 5473 2928 5526 ἄν
2959 5489 3091 5525 ποτε
3121 5473 3220 5540 τῆς
3247 5465 3488 5540 ἐμαυτοῦ
3514 5465 3737 5536 γνώμης

2177 5567 2502 5639 ἀποσταίην,
2532 5564 2831 5636 διαρῤἡδην
2851 5563 2946 5630 τῆς
2977 5561 3337 5620 θεοπνεύστου
3367 5556 3578 5629 βοὼσης
3596 5555 3735 5617 Γρα-

569 5771 613 5802 "
647 5770 809 5826 Hebr.
849 5782 907 5841 η,
939 5774 1024 5830 Η.
1124 5776 1168 5807 ’³
1198 5776 1335 5832 Psal.
1372 5795 1458 5841 xv,
1489 5778 1584 5840 10;
1625 5779 1745 5834 Act.
1775 5793 1831 5842 ιι,
1863 5777 1952 5834 27.
2036 5778 2068 5809 ¹¹

2174 5778 2323 5833 hren.
2380 5792 2453 5843 iv,
2491 5774 2579 5830 20.
2663 5773 2706 5805 "
2755 5772 2896 5828 Psal.
2945 5787 3087 5832 xxix,
3147 5768 3228 5829 l0.
3314 5767 3358 5798 "
3394 5769 3516 5821 Act.
3559 5780 3614 5830 ιι,
3667 5762 3724 5838 3‘!

501 5855 634 5908 ςι-ιισι
648 5889 656 5891 Α

3636 413 3824 478 13ίθ
3928 423 3929 478 ξ
