4020 6542
287 475 420 541 1361

1333 477 1627 536 CONTRA
1666 473 1984 534 NESTOR.
2024 474 2118 532 ΕΤ
2151 474 2468 534 EUTYCH.

3391 465 3526 528 1342

282 593 429 659 φῆς,
471 593 550 643 δτι
586 591 684 643 οὐκ
721 588 1114 659 ἐγκατελείφθη
1166 589 1199 658 ἠ
1250 587 1393 657 ψυχὴ
1437 587 1600 641 αὐτοῦ
1641 587 1721 649 εἰς
1757 585 1848 639 τὸν

1951 593 2035 639 est
2055 585 2314 640 derelicta
2332 585 2512 640 anima
2542 585 2661 653 ejus
2691 581 2745 635 in
2768 581 3004 645 inferno,
3029 590 3208 647 neque
3237 588 3368 628 caro
3396 573 3516 642 ejus

281 682 440 753 ᾅδην,
483 683 604 735 ούδέ
630 684 662 753 ἡ
700 682 833 751 σὰρξ
864 682 1029 734 αὑτοῦ
1063 681 1172 733 ἴδεν
1200 680 1517 749 διαφθοράν.

356 776 415 827 0.
466 773 555 837 Ὠς
597 778 874 842 πεφυκυῖα
917 774 1009 826 τοῦ
1068 771 1432 843 φθείρεσθαι,
1499 771 1636 842 πρὸς
1691 769 1851 823 αὑτὸν

282 859 459 930 εἷπον,
492 866 590 918 ούκ
622 865 730 919 ίδεν
760 865 1090 934 διαφθοράν;
1124 864 1157 934 ἢ
1207 865 1253 917 εί
1303 866 1378 936 μὴ
1408 863 1588 930 τοῦτο,
1617 865 1849 934 ἀπόκρι-

281 973 394 1012 ναι.

357 1049 420 1099 Δ.
462 1045 551 1110 Ὠς
587 1047 660 1117 μὴ
697 1049 994 1116 πεφυκυῖα,
1025 1047 1188 1112 εὐθὺς
1233 1048 1367 1119 μηδέ
1404 1047 1682 1110 παντελῶς
1724 1045 1855 1100 dm-

287 1138 633 1209 στειλάμενος
652 1179 667 1205 ,
705 1139 831 1208 ἔφη.

356 1317 418 1368 0.
452 1284 680 1378 Οὐκοῦν,
714 1314 918 1384 ἔλεγον,
951 1315 1116 1370 ταυτδ
1151 1317 1213 1386 δὴ
1264 1319 1420 1370 τοῦτο
1458 1318 1549 1370 καὶ
1595 1320 1721 1388 περὶ
1753 1317 1857 1386 τῆς

280 1405 461 1475 ψυχῆς
487 1407 697 1477 ἀνάγκη
740 1425 798 1460 σε
839 1408 1052 1470 πάντως
1079 1407 1364 1477 ὁμολογεῖν
1385 1423 1399 1438 ο
1431 1409 1560 1478 περὶ
1601 1409 1710 1478 γὰρ
1749 1410 1853 1478 ἀμ·-

283 1501 404 1599 φρῖν
433 1500 793 1599 συνημμένως
817 1501 846 1551 ό
875 1501 1166 1569 προφήτης
1196 1502 1259 1553 ἐκ
1293 1499 1584 1570 προσώπου
1618 1499 1713 1552 τοῦ
1748 1501 1854 1553 Σωο

279 1590 448 1659 τῆρος
485 1590 846 1659 εὐχαριστῶν,
874 1592 935 1644 τὸ
976 1593 1050 1661 μὴ
1097 1591 1593 1661 ἐγκαταλειφθῆναι
1623 1593 1722 1661 τὴν
1750 1593 1852 1660 ψυ-

281 1682 384 1752 χὴν
421 1680 586 1734 αὐτοῦ
611 1683 689 1743 είς
714 1681 806 1733 τὸν
829 1682 982 1752 ᾅδην,
1019 1682 1154 1753 μηδέ
1181 1683 1281 1752 τὴν
1316 1683 1491 1752 σάρκα
1522 1682 1685 1736 αὐτοῦ
1725 1685 1853 1735 ἰδεῖν

277 1769 576 1838 διαφθορὰν
602 1771 975 1841 ἀνεφώνησεν.

352 1884 417 1934 Δ.
451 1881 560 1934 Καὶ
591 1883 698 1953 γάρ
734 1883 798 1952 δὴ
834 1885 928 1936 καὶ
959 1884 1085 1954 περὶ
1108 1884 1206 1953 τῆς
1225 1883 1425 1953 ψυχῆς,
1457 1882 1582 1953 ἔφη,
1614 1883 1706 1938 τοῦ
1740 1888 1848 1938 Κυ-

282 1971 400 2038 ρίου
460 1972 520 2022 τὸ
553 1971 665 2024 ἴσον
709 1973 918 2042 εἴποιμ’
955 1973 1038 2040 ἂν,
1085 1975 1167 2027 ὃτι
1203 1973 1364 2042 φύσιν
1416 1973 1514 2026 ούκ
1569 1970 1711 2044 εἶχεν
1765 1977 1846 2040 είς

279 2063 408 2134 ᾁδου
441 2063 976 2135 καταλιμπάνεσθαι.

350 2176 412 2226 0.
451 2169 578 2244 Ἆρ’
625 2174 741 2238 οὖν,
791 2175 949 2246 ἔφην,
987 2176 1106 2228 ούδέ
1138 2177 1219 2240 είς
1250 2177 1341 2230 τὸν
1382 2178 1514 2248 ᾅδην
1550 2177 1716 2248 αὐτὴν
1749 2195 1848 2232 κα·-

277 2265 740 2334 ταπεφοιτηκέναι
775 2265 1040 2338 δώσομεν.

347 2377 413 2431 Δ.
435 2377 491 2428 '0
511 2377 587 2441 δὲ,
613 2376 784 2429 Τοῦτο
812 2378 908 2446 μὲν
929 2381 1027 2431 οὐκ
1051 2378 1114 2432 ἂν
1143 2380 1456 2453 ἀρνηθείην,
1475 2382 1678 2451 ἔλεγεν,
1709 2402 1845 2455 κρα-

277 2466 490 2522 τεῖσθαί
519 2484 582 2535 γε
620 2467 726 2537 μὴν
757 2468 818 2520 ού
850 2469 1063 2537 πέφυκε
1095 2472 1462 2525 παντάπασιν.

351 2585 412 2635 0.
450 2581 825 2651 Παραλλάττει
856 2581 1006 2648 γοῦν,
1035 2581 1193 2652 ἔφην,
1224 2583 1332 2636 τῶν
1356 2585 1638 2654 ἡμετέρων
1661 2585 1848 2656 ψυχῶν

282 2672 423 2725 κατὰ
456 2673 553 2742 τὴν
588 2671 749 2740 φύσιν
781 2674 814 2743 ἡ
845 2671 936 2724 τοῦ
967 2673 1174 2743 Κυρίου
1203 2673 1387 2746 duxi);

350 2786 413 2838 Α.
445 2787 557 2854 Ούχ
600 2786 681 2838 ὅτι
711 2785 1099 2854 παραλλάττει,
1135 2786 1262 2858 ἔφη,
1293 2790 1409 2842 ἀλλ’
1441 2791 1520 2843 ὅτι
1550 2792 1626 2860 τῷ
1657 2793 1846 2861 Κυρίῳ

281 2876 724 2946 συγκεκραμένη,
757 2878 854 2945 τῆς
879 2878 968 2930 τοῦ
993 2878 1118 2948 ᾅδου
1145 2881 1385 2950 κατοχῆς
1419 2883 1724 2954 ὑψηλοτέρα
1753 2884 1847 2936 καὶ

283 2967 549 3038 κρείττων
587 2965 908 3036 ἐτύγχανεν.

351 3083 414 3135 0.
461 3078 693 3143 υύκοῦν,
729 3080 890 3148 ἔφην,
918 3079 978 3131 ού
1013 3077 1100 3132 διὰ
1124 3079 1221 3150 τὴν
1255 3079 1454 3150 ἑαυτῆς
1497 3078 1658 3149 φύσιν
1690 3079 1848 3146 (ταύ-

278 3189 380 3240 την
404 3171 511 3242 γὰρ
540 3171 730 3240 ὁμοίαν
769 3167 915 3239 εῖχεν
961 3173 1079 3233 ταῖς
1105 3170 1291 3234 ἄλλαις
1333 3172 1569 3234 ἀπάσαις
1599 3170 1843 3241 ψυχαῖς),

1955 677 2089 730 vidit
2118 678 2550 746 corruptionem.

2020 768 2082 824 0.
2116 770 2398 838 Tanquam
2427 778 2552 838 apta
2578 774 2706 820 nata
2736 765 2803 818 ad
2823 763 3257 831 corruptionem,
3291 757 3515 823 inquam

1951 877 2070 928 ego,
2106 877 2215 915 non
2252 861 2390 914 vidit
2434 855 2880 928 corruptionem?
2915 853 3022 906 Aut
3066 851 3112 905 si
3159 864 3269 903 non
3299 853 3383 900 est
3417 845 3514 909 ita,

1953 954 2242 1023 responde.

2022 1046 2087 1099 H.
2123 1045 2401 1114 Tanquam
2439 1059 2545 1097 non
2587 1050 2710 1110 apta
2750 1046 2943 1093 natura
2985 1052 3090 1088 von
3133 1033 3272 1086 vidit
3321 1045 3512 1085 corruo

1951 1138 2236 1207 ptionem,
2290 1137 2473 1190 statim
2542 1133 2720 1202 inquit
2765 1131 2891 1193 ille,
2944 1127 3082 1181 nihil
3129 1139 3357 1194 prorsus
3407 1122 3515 1175 du-

1952 1230 2153 1283 bitans.

2021 1321 2083 1375 Ο.
2123 1320 2311 1389 Igitur,
2337 1319 2555 1386 inquam
2588 1331 2709 1386 ego,
2743 1314 2847 1367 hoc
2880 1313 3054 1380 ipsum
3087 1308 3251 1364 etiam
3289 1318 3514 1359 necesse

1949 1422 2033 1466 est
2055 1421 2105 1464 te
2129 1411 2196 1464 de
2222 1409 2400 1463 anima
2420 1422 2648 1476 prorsus
2675 1403 2923 1459 confiteri
2951 1421 2962 1454 :
2989 1401 3057 1456 de
3091 1400 3336 1466 utrisque
3366 1396 3513 1450 enim

1951 1505 2244 1572 conjuncte
2273 1500 2546 1567 Propheta
2573 1512 2640 1551 ex
2669 1511 2905 1565 persona
2942 1491 3244 1548 Salvatoris
3271 1504 3516 1558 pronun-

1953 1595 2109 1650 tiavit
2159 1593 2361 1664 gratias
2393 1607 2597 1661 agens,
2630 1588 2774 1658 quod
2830 1587 3010 1640 anima
3041 1586 3162 1654 ejus
3210 1597 3317 1636 non
3371 1589 3516 1635 esset

1951 1687 2139 1740 relicta
2171 1685 2224 1737 in
2261 1683 2497 1745 inferno,
2529 1696 2707 1749 neque
2741 1693 2869 1733 caro
2895 1678 3014 1746 ejus
3061 1674 3284 1728 vidisset
3323 1686 3514 1725 corru-

1948 1778 2215 1848 ptionem.

2019 1890 2084 1944 H.
2113 1889 2299 1959 Atqui,
2331 1886 2528 1956 inquit,
2564 1885 2708 1940 idem
2740 1884 2806 1937 de
2841 1881 3023 1937 anima
3051 1877 3264 1933 Domini
3311 1874 3511 1936 dicam,

1949 1983 2094 2053 quod
2123 1997 2234 2035 non
2270 1979 2508 2034 habebat
2550 1985 2800 2031 naturam
2831 2015 2845 2038 ,
2901 1981 2959 2026 ut
3001 1970 3410 2038 relinqueretur
3455 1965 3512 2016 in

1951 2075 2190 2130 inferno.

2017 2189 2080 2243 Ο.
2114 2188 2280 2258 Igitur
2305 2227 2319 2250 ,
2355 2185 2578 2254 inquam
2615 2182 2729 2251 ipse
2755 2220 2769 2245 ,
2819 2193 2920 2234 nec
2966 2175 3030 2231 ad
3082 2173 3356 2228 infernum
3389 2183 3511 2224 eam

1947 2279 2300 2336 descendisse
2339 2275 2724 2334 concedemus.

2019 2394 2083 2447 Η.
2112 2389 2225 2444 Hoc
2254 2405 2404 2452 vero,
2441 2386 2619 2456 inquit
2648 2385 2758 2444 ille,
2806 2397 2915 2436 non
2953 2376 3287 2447 negaverim,
3320 2387 3512 2426 verum

1949 2495 2008 2540 ut
2039 2492 2322 2539 teneretur
2345 2481 2442 2543 ibi,
2469 2496 2581 2534 non
2617 2477 2720 2531 fuit
2741 2485 2867 2546 apta
2899 2472 3140 2542 penitus.

2017 2597 2080 2652 0.
2110 2595 2303 2650 Difl‘ert
2325 2594 2510 2662 igitur,
2539 2592 2647 2653 aio,
2669 2590 2738 2643 ab
2763 2586 2960 2642 animis
2982 2583 3186 2638 nostris
3211 2577 3511 2636 secundum

1948 2697 2197 2742 naturam
2225 2686 2404 2738 anima
2432 2682 2660 2737 Christi.

2021 2799 2084 2852 Η.
2133 2797 2252 2851 Νοη
2283 2795 2411 2863 quia
2450 2793 2668 2854 difl'ert,
2727 2788 2905 2858 inquit
2947 2787 3036 2840 ille
3061 2827 3074 2848 ,
3110 2784 3201 2838 sed
3234 2783 3362 2851 quia
3395 2789 3514 2836 erat

1949 2890 2100 2945 unita
2125 2888 2379 2950 Domino,
2407 2899 2516 2938 non
2549 2891 2764 2953 poterat
2795 2881 2850 2934 in
2892 2878 3084 2932 inferis
3109 2875 3370 2930 detineri.

2017 3090 2080 3142 0.
2117 3089 2236 3143 Non
2273 3086 2456 3156 igitur,
2493 3083 2604 3138 dixi
2632 3098 2752 3152 ego,
2799 3087 3026 3150 propter
3055 3086 3305 3130 naturam
3335 3089 3511 3134 suam,

1949 3182 2090 3236 hanc
2114 3181 2260 3234 enim
2290 3178 2522 3231 similem
2555 3175 2767 3229 caeteris
2806 3172 3064 3227 omnibus
3108 3169 3304 3222 animis
3341 3167 3514 3220 habe-

282 3263 415 3318 ἀλλά
444 3263 533 3318 διὰ
564 3263 662 3334 τὴν
698 3261 792 3315 τοῦ
832 3263 1006 3330 Λόγου
1045 3263 1295 3333 θεότητα,
1353 3263 1474 3334 μεθ’
1507 3259 1572 3334 ἦς
1622 3265 1714 3318 καὶ
1765 3266 1844 3327 είς

1951 3273 2080 3336 bat;
2131 3271 2226 3326 scd
2271 3276 2491 3338 propter
2529 3266 2870 3320 divinitatem
2897 3263 3059 3317 Verbi
3089 3303 3101 3325 ,
3151 3276 3274 3314 cum
3309 3273 3414 3326 qua
3446 3256 3512 3310 ad

283 3361 410 3429 ᾅδου
475 3357 883 3427 καταϐέϐηκεν,
932 3355 993 3408 ού
1041 3356 1134 3408 τοῦ
1187 3356 1504 3426 κρατεῖσθαι
1559 3357 1717 3425 μόνον
1761 3355 1847 3420 ἐξ·

280 3449 472 3519 ῄρητο,
501 3447 634 3499 ἀλλά
662 3447 755 3499 καὶ
781 3447 888 3499 τῶν
919 3447 1098 3499 ἐκεῖσε
1137 3447 1588 3517 κεκρατημένων,
1622 3448 1715 3501 καὶ
1754 3467 1849 3501 πι-

287 3541 625 3592 στευσάντων
662 3537 832 3606 αύτῷ,
867 3537 936 3591 τά
974 3537 1150 3608 δεσμά
1185 3538 1427 3593 λέλυκεν.

352 3630 418 3684 Α.
454 3629 640 3691 Οὕτως
675 3623 825 3680 εἶπεν
857 3627 1023 3698 ἔχειν.

354 3746 418 3798 0.
450 3743 530 3797 Τὰ
578 3742 936 3813 παραπλήσια
982 3743 1060 3804 δὲ,
1095 3741 1204 3810 ἐγὼ
1235 3739 1389 3795 εἷπον
1412 3784 1427 3809 ,
1457 3742 1553 3796 καὶ
1596 3744 1723 3814 περὶ
1751 3745 1850 3813 τῆς

288 3836 486 3906 σαρκὸς
514 3835 608 3888 τοῦ
650 3836 856 3906 Κυρίου
900 3838 1040 3887 νοεῖν
1075 3835 1312 3900 ἔξεστινο
1344 3836 1427 3888 ὅτι
1461 3837 1588 3890 ὅσον
1625 3836 1724 3906 μὲν
1757 3837 1851 3889 ἐπὶ

285 3927 362 3999 τῷ
385 3929 615 3998 ὀμοφυεῖ
639 3927 740 3993 τῆς
777 3927 980 3997 σαρκὸς
1020 3926 1212 3985 αὐτοῦ,
1245 3926 1383 3996 πρὸς
1407 3928 1474 3981 τὰ
1503 3928 1615 3980 τῶν
1648 3927 1852 3980 λοιπῶν

286 4020 587 4090 ἀνθρώπων
617 4017 864 4088 σώματα,
893 4018 1080 4088 ῶσπερ
1109 4017 1393 4086 τέθνηκεν,
1425 4017 1569 4072 οὕτω
1593 4019 1686 4072 καὶ
1709 4019 1848 4087 φθα-

287 4115 446 4184 ρῆναι
475 4111 721 4182 ὴδύνατο’
749 4112 810 4163 τὸ
839 4110 894 4162 δὲ
932 4110 1009 4180 μὴ
1041 4109 1313 4180 ἐφθάρθαι
1345 4111 1499 4172 αὐτὸ,
1527 4111 1589 4163 ού
1621 4115 1719 4180 τῆς
1746 4112 1850 4179 φύ-

289 4220 425 4264 σεως
472 4201 572 4271 τὴν
625 4198 982 4270 παραλλαγὴν
1027 4200 1319 4264 δείκνυσιν,
1372 4199 1506 4253 ἀλλά
1553 4201 1652 4269 τῆς
1702 4201 1852 4266 θείας

288 4293 462 4362 ῥοπῆς
505 4292 605 4361 τὴν
639 4291 910 4359 πανσθενῆ
941 4307 1000 4342 τε
1055 4291 1150 4344 καὶ
1195 4291 1524 4362 δραστήριον
1579 4291 1848 4362 δύναμιν·

285 4385 471 4454 ὥσπερ
499 4382 567 4436 αὖ
590 4382 683 4435 καὶ
715 4382 776 4434 τὸ
803 4382 896 4434 ἐπὶ
933 4380 1202 4450 πελάγους
1230 4382 1501 4448 πεζεύειν,
1533 4384 1593 4437 ού
1619 4383 1850 4454 δήλωσις

285 4472 353 4543 ἦν
394 4475 495 4544 τῆς
530 4473 744 4542 φύσεως
775 4471 867 4524 τοῦ
913 4471 1186 4542 σώματος,
1241 4473 1377 4526 ἀλλά
1430 4474 1718 4546 γνώρισμα
1748 4475 1850 4545 τῆς

1949 3361 2152 3419 inferos
2183 3359 2490 3420 descendit,
2519 3373 2628 3411 non
2661 3357 2837 3410 solum
2886 3371 2953 3408 ne
2996 3353 3171 3408 teneri
3200 3359 3402 3420 posset,
3449 3349 3517 3402 li-

1948 3457 2078 3510 bera
2112 3453 2234 3517 fuit,
2265 3451 2360 3505 sed
2384 3466 2575 3503 eorum
2607 3448 2701 3516 qui
2736 3447 2847 3501 illic
2885 3447 3212 3501 tenebantur
3244 3453 3300 3498 et
3331 3441 3514 3496 credi-

1949 3549 2149 3604 derunt
2184 3547 2257 3608 ei,
2287 3542 2501 3598 vincula
2535 3541 2717 3595 solvit.

2021 3641 2086 3694 ll.
2125 3639 2236 3701 Sic,
2271 3637 2470 3704 inquit,
2507 3633 2696 3687 habet.

2020 3752 2083 3808 0.
2128 3751 2360 3813 Similia,
2394 3749 2611 3817 inquam
2635 3762 2755 3816 ego,
2789 3744 2855 3798 de
2876 3758 3041 3799 carne
3068 3741 3282 3796 Domini
3310 3740 3516 3793 intelli-

1947 3861 2078 3916 gere
2111 3845 2277 3909 licet;
2305 3841 2452 3912 quod
2481 3840 2710 3902 scilicet,
2745 3844 3011 3906 quantum
3041 3834 3236 3887 attinet
3260 3832 3325 3886 ad
3363 3831 3518 3884 simi-

1949 3937 2238 3992 litudinem
2295 3933 2478 3989 carnis
2525 3932 2645 4001 ejus
2679 3945 2803 3984 cum
2843 3929 3179 3996 reliquorum
3231 3923 3515 3977 hominum

1948 4027 2296 4098 corporibus,
2325 4025 2466 4080 sicut
2504 4031 2757 4076 mortuus
2790 4031 2895 4083 est,
2931 4020 3012 4073 sic
3046 4019 3209 4072 etiam
3237 4013 3514 4081 corrumpi

1948 4119 2146 4190 potuit.
2194 4116 2313 4170 Non
2359 4114 2527 4168 fuisse
2564 4122 2744 4166 tamen
2772 4119 3097 4178 corruptum
3144 4122 3253 4160 non
3291 4105 3520 4158 demon-

1949 4218 2085 4265 strat
2129 4209 2486 4264 mutationem
2540 4216 2786 4265 naturae,
2838 4203 2934 4257 sed
2989 4201 3420 4268 omnipotentem
3463 4203 3518 4249 et

1948 4302 2220 4358 efﬁcacem
2252 4299 2512 4352 virtutem
2537 4297 2707 4351 divini
2747 4304 2914 4348 nutus
2935 4301 2993 4347 et
3035 4289 3334 4344 voluntatis
3368 4304 3381 4339 :
3415 4286 3519 4339 sic-

1950 4394 2030 4447 uti
2093 4389 2307 4462 ingredi
2334 4389 2567 4458 pedibus
2599 4400 2766 4454 super
2793 4399 2944 4436 mare
2971 4397 3080 4435 non
3101 4380 3204 4433 fuit
3222 4376 3519 4432 declaratio

1949 4494 2180 4547 natura,
2213 4483 2309 4537 sed
2338 4481 2602 4535 indicium
2652 4475 2980 4531 divinitatis.
3028 4475 3205 4538 Quare
3237 4477 3516 4523 mortuum

286 4565 537 4634 θεότητος
557 4582 570 4594 ο
603 4563 743 4615 ὥστε
772 4565 832 4615 τὸ
866 4564 965 4632 μὲν
1003 4563 1347 4633 τεθνηκέναι,
1381 4566 1479 4635 τῆς
1509 4565 1722 4633 φύσεως
1750 4566 1844 4620 τοῦ

1955 4577 2175 4645 quidem
2209 4588 2330 4628 esse
2372 4570 2652 4641 proprium
2692 4568 2795 4621 fuit
2822 4575 3034 4620 natura:
3069 4560 3350 4630 corporis;
3398 4574 3519 4610 cor-

291 4655 580 4726 σώματος,
620 4655 781 4708 ῐδιον·
831 4653 891 4705 τὸ
935 4654 991 4706 δὲ
1049 4653 1124 4722 μὴ
1182 4653 1454 4725 ἐφθάρθαι
1518 4656 1684 4724 αὐτὸ,
1749 4660 1851 4727 τῆς

291 4745 543 4816 θεότητος
597 4745 694 4815 τὴν
742 4744 974 4813 δύναμιν
1006 4744 1312 4812 σημαίνειν.

356 4861 420 4910 Δ.
452 4858 640 4920 Οὕτως
683 4857 828 4926 ἔχειν
857 4857 952 4908 καὶ
981 4855 1142 4918 αὐτὸς
1167 4852 1342 4926 οἶμαι.

357 4950 421 5002 0.
453 4948 564 5000 Καὶ
612 4946 665 4998 τί
707 4947 770 5014 δή
802 4963 932 4998 ποτε
957 4985 971 5006 ,
1008 4946 1144 5014 πρὸς
1188 4946 1350 4998 αὑτὸν
1391 4941 1544 4999 εἷπον
1567 4987 1581 5010 ,
1635 4949 1852 5016 Ὀρθῶς

293 5039 665 5106 προσφέρων,
705 5037 789 5106 μὴ
821 5035 1006 5103 ὀρθῶς
1036 5036 1136 5088 καὶ
1163 5033 1407 5104 διαιρεῖς
1426 5055 1444 5101 ;
1480 5038 1622 5091 κατά
1662 5040 1722 5092 τὸ
1764 5039 1852 5092 λό-

292 5146 430 5195 γιον,
463 5129 744 5192 ἀποδιδοὺς
792 5131 858 5199 τῇ
899 5129 1060 5199 σαρκὶ
1110 5129 1210 5199 μὲν
1261 5129 1330 5182 τὰ
1357 5131 1454 5199 τῆς
1503 5130 1737 5198 φύσεως,
1783 5131 1854 5184 τά

291 5219 346 5272 δὲ
377 5218 516 5288 ὑπὲρ
544 5219 710 5291 αὐτὴν
739 5224 805 5291 τῇ
837 5223 1134 5292 ἀπορρήτῳ
1169 5221 1264 5274 τοῦ
1295 5222 1468 5288 Λόγου
1499 5223 1592 5276 καὶ
1616 5223 1850 5294 ύπερου-

293 5313 394 5380 σῐῳ
422 5311 670 5382 δυνάμει.
705 5313 890 5388 Ταύτῃ
926 5315 1035 5384 γὰρ
1072 5315 1171 5387 ἔσῃ
1197 5318 1291 5369 καὶ
1331 5316 1430 5386 τὴν
1455 5317 1564 5370 τῶν
1590 5317 1850 5388 ἀνωτέρω

291 5403 472 5473 ῥητῶν
504 5403 798 5473 διαφωνίαν
840 5406 1270 5476 ἐπιλυσάμενος,
1315 5409 1409 5460 καὶ
1446 5408 1546 5476 τῆς
1591 5409 1850 5478 ἀληθείας

288 5493 668 5566 καταστοχάσῃ
690 5512 705 5525 ο
738 5495 1093 5565 συνειλῆφθαι
1143 5497 1242 5567 μὲν
1276 5499 1438 5552 αὑτὸν
1479 5500 1536 5550 ἐν
1575 5501 1692 5560 ταῖς
1728 5499 1848 5552 δια-

289 5582 520 5653 φθοραῖς
553 5586 710 5654 ἡμῶν
749 5587 810 5638 τὸ
851 5588 1150 5656 πεφυκέναι
1179 5587 1373 5657 λέγων,
1423 5590 1516 5643 καὶ
1548 5590 1849 5659 κατεληλυο

293 5673 440 5728 θέναι
469 5678 550 5739 είς
574 5677 892 5747 διαφθορὰν,
920 5679 977 5732 ἐν
1003 5683 1114 5744 τοῖς
1163 5683 1510 5755 φθοροποιοῖς
1560 5682 1849 5752 γενόμενον

359 5849 402 5881 ⁸⁷
434 5847 569 5905 Gen.
614 5865 686 5917 iv,
716 5851 747 5903 7
774 5867 881 5907 sec.
916 5851 1075 5909 LXX.

1953 4677 2176 4735 ruptum
2221 4677 2352 4717 vero
2401 4676 2511 4715 non
2578 4659 2784 4721 fuisse,
2853 4654 3153 4726 potentiam
3215 4649 3519 4703 divinitatis

1952 4753 2316 4825 significabat.

2030 4870 2091 4922 ll.
2134 4867 2244 4929 Sic,
2281 4865 2478 4933 inquit,
2520 4872 2575 4916 et
2623 4862 2737 4930 ipse
2778 4858 2992 4925 opinor.

2020 4962 2083 5014 Ο.
2116 4958 2254 5024 Quid
2285 4971 2438 5024 ergo,
2472 4957 2692 5022 inquam
2723 4965 2822 5018 ego
2865 4947 2964 5012 illi,
3012 4946 3140 4999 Cum
3184 4953 3318 4996 recte
3342 4945 3514 5012 offers,

1953 5067 2056 5103 non
2092 5055 2226 5100 recte
2268 5045 2451 5097 dividis
2479 5045 2502 5095 ?
2536 5052 2594 5095 ut
2638 5041 2714 5093 ait
2740 5039 3020 5106 Scriptura
3047 5036 3090 5066 ’⁷
3121 5051 3133 5085 :
3171 5032 3366 5086 tribuis
3394 5031 3518 5100 qui-

1952 5141 2078 5195 dem
2110 5134 2259 5191 carni
2295 5149 2415 5200 quae
2457 5141 2669 5186 naturze
2712 5137 2878 5192 sunt;
2907 5141 3028 5194 qua:
3057 5138 3188 5175 vero
3223 5135 3387 5189 supra
3416 5135 3515 5172 na-

1959 5239 2134 5284 turam
2165 5237 2310 5286 sunt.
2342 5223 2598 5295 potentia:
2619 5221 2784 5275 Verbi
2817 5233 2937 5286 quae
2964 5231 3124 5284 supra
3153 5211 3515 5268 substantiam

1955 5332 2041 5378 est
2064 5323 2086 5375 ?
2109 5320 2221 5374 Hoc
2247 5319 2394 5373 enim
2431 5314 2593 5369 modo
2627 5312 2974 5382 superiorum
3001 5307 3382 5361 auctoritatum
3407 5304 3520 5358 dis-

1954 5407 2291 5478 crepantiam
2334 5407 2512 5459 solves
2535 5444 2549 5468 ,
2593 5412 2648 5458 et
2682 5402 2966 5456 veritatem
2993 5397 3305 5466 assequeris
3332 5413 3343 5446 :
3369 5409 3521 5449 com-

1955 5503 2289 5573 prehensum
2331 5496 2553 5566 quidem
2587 5509 2708 5549 esse
2743 5495 2798 5547 in
2829 5489 3280 5559 corruptionibus
3315 5484 3519 5539 nostris

1955 5590 2293 5663 signiﬁcabat
2335 5587 2482 5656 quod
2511 5595 2718 5640 natum
2743 5585 2958 5638 inerat:
2994 5579 3343 5636 descendisse
3387 5589 3517 5628 vero

1955 5687 2010 5742 in
2043 5679 2450 5751 corruptionem
2479 5718 2492 5742 ,
2555 5675 2894 5747 signiﬁcabat
2943 5673 3157 5728 venisse
3199 5669 3263 5723 ad
3295 5667 3415 5722 loca
3459 5674 3514 5718 et
