4068 6528
20 985 74 1014 .3152”
79 997 93 1014 ρ-

311 483 445 548 1345

1363 467 1668 539 CONTRA
1694 465 2019 538 NES‘TOH.
2059 477 2154 538 ET
2193 469 2511 541 EU’I‘YCH.

3432 482 3572 550 1318

305 593 580 660 λοιώσεως
611 591 798 666 σαφῶς
847 589 1060 649 ἐκτῶν
1106 587 1268 646 θείων
1309 580 1546 660 Γραφῶν
1577 585 1886 656 δεδομένης,

1992 588 2226 654 ratione,
2251 591 2564 645 accretione
2589 600 2644 645 et
2662 589 3067 655 immutatione,
3098 601 3410 662 quaeramus
3436 595 3564 650 reli-

306 688 582 760 ζητοῦμεν
615 689 710 742 καὶ
737 689 836 752 τὰς
859 688 1056 752 λοιπὰς
1087 684 1373 754 συζυγίας,
1396 684 1454 737 τί
1475 695 1538 753 γε
1569 682 1663 735 καὶ
1685 681 1891 743 ταύτας

220 834 224 838 .
308 779 454 834 ἔστιν
484 782 542 833 ὲν
573 784 685 844 τοῖς
720 780 887 844 θείοις
913 778 1116 848 λογίοις
1149 779 1355 848 εὑρεῖν.

372 873 439 925 Α.
473 871 581 924 Τοῦ
629 871 903 936 ἐντεῦθεν,
940 871 1072 942 ἔφη,
1106 865 1668 938 κατασκευαζομένου
1713 865 1893 934 συνίη-

311 979 394 1033 μι·
428 963 528 1032 τὴν
567 964 673 1034 γὰρ
709 964 1084 1034 μεταϐατικὴν
1117 960 1566 1032 ὁμολογουμένην
1597 957 1760 1028 ἔχων,
1792 955 1890 1027 τὴν

308 1044 416 1108 ἀπὸ
442 1055 624 1108 τόπων
651 1058 732 1118 είς
761 1054 960 1118 τόπους
1000 1051 1094 1107 τοῦ
1139 1052 1349 1124 Κυρίου
1382 1050 1622 1123 κίνησιν,
1656 1049 1726 1104 τὰ
1760 1049 1891 1120 περὶ

311 1145 592 1217 μειώσεως
621 1147 718 1200 καὶ
754 1139 962 1219 φθορᾶς
993 1141 1374 1201 ἀποδεικνύειν
1399 1137 1727 1216 ἐπιχειρεῖς,
1753 1141 1891 1214 ὅπερ

308 1237 407 1289 οὐκ
430 1235 520 1302 ἂν,
545 1237 618 1300 ὥς
652 1237 717 1306 γέ
752 1247 845 1308 μοι
873 1237 1042 1302 δοκεῖ,
1069 1238 1464 1308 συμπερανείς.

380 1325 442 1382 0.
489 1327 699 1398 Ὀρθῶς
749 1325 851 1398 μὶν
883 1328 1083 1396 λέγεις,
1115 1323 1184 1400 ἦν
1212 1326 1256 1381 δ’
1290 1323 1422 1396 ἐγὼ,
1452 1319 1590 1398 πρὸς
1617 1324 1718 1396 τὴν
1749 1316 1892 1396 ἦμε-

308 1419 472 1489 τέραν
503 1417 791 1473 ἀσθένειαν
842 1417 1085 1490 ἀφορῶν,
1125 1420 1156 1491 ἡ
1197 1417 1256 1471 δέ
1298 1435 1363 1487 γε
1399 1417 1629 1489 ἀλήθεια
1663 1429 1890 1486 συμμα-

309 1509 548 1582 χουμένη
580 1513 862 1583 συμμαχεῖ
880 1513 994 1576 τοῖς
1048 1509 1468 1581 ὑπερμαχοὸσιν
1510 1503 1700 1580 αὒτῆς.
1735 1510 1893 1561 Δυκεί

310 1617 391 1654 σοι
420 1595 514 1655 οὖν
557 1599 618 1654 τὸ
657 1599 851 1671 ’πεινῇν
891 1616 952 1654 τε
1004 1599 1103 1654 καὶ
1146 1593 1343 1670 διψῇν,
1373 1595 1636 1669 βρώσεως
1680 1604 1740 1647 τε
1787 1586 1889 1648 ’καὶ

309 1695 520 1758 πόσεως
557 1693 747 1764 ἔφεσις
777 1689 917 1749 εἶναι
942 1709 957 1760 ;

377 1788 444 1840 Δ.
473 1789 651 1851 Δοκεῖ,
687 1785 819 1857 ἔφη.

379 1880 440 1933 Ο.
469 1879 795 1949 Συμὸαίνειν
823 1878 880 1931 δὲ
908 1877 1007 1942 τὰς
1027 1877 1269 1948 ἐφέσεις,
1291 1873 1352 1930 οὗ
1383 1875 1513 1940 περὶ
1528 1873 1628 1938 τὰς
1653 1866 1884 1938 ἐνδείας,

305 1973 464 2040 ἔφην,
496 1963 813 2040 ὑπείληφας
835 1987 851 2036 ;

373 2064 439 2116 Α.
475 2053 582 2114 Ναί
606 2078 620 2092 υ
653 2061 706 2114 τί
746 2059 855 2134 γάρ
885 2063 1034 2116 ἑστιν
1075 2057 1262 2132 ἕτερον
1305 2057 1508 2132 ὄρεξις,
1551 2058 1584 2128 ἢ
1620 2051 1885 2128 ἐπιθυμία

304 2157 399 2210 τοῦ
449 2153 819 2224 ἐλλείποντος,
867 2155 1008 2228 πρὸς
1059 2149 1449 2224 ἀναπλήρωσιν
1489 2149 1584 2204 τοῦ
1615 2149 1883 2221 ύπεκρεύ-

299 2260 498 2312 -σαντος
513 2265 528 2313 ;

374 2342 438 2396 0.
469 2337 751 2394 Κάλλιστά
786 2353 852 2407 γε
898 2335 992 2391 τὸν
1037 2334 1137 2406 τῆς
1168 2331 1404 2406 ὀρέξεως
1446 2331 1574 2404 ὅρον
1610 2330 1882 2386 ἀποδέδω-

299 2446 428 2495 ικαςο
452 2433 547 2486 καὶ
575 2431 687 2502 γὰρ
709 2429 806 2483 καὶ
834 2430 864 2482 ὁ
892 2427 1067 2499 μέγας
1097 2424 1398 2486 Βασίλειος,
1432 2423 1690 2494 πεινῆσαι
1725 2422 1884 2490 λέγει

293 2524 394 2578 τὸν
419 2524 644 2595 Κύριον,
667 2521 783 2592 τῆς
809 2521 1043 2592 στερεᾶς
1071 2518 1221 2589 αὐτῷ
1253 2516 1468 2588 τροφῆς
1493 2514 1884 2569 διαπνευσθείκ-

297 2629 407 2686 -σης
431 2615 496 2669 ὲν
532 2613 611 2684 τῷ
641 2612 890 2682 σώματι·
917 2611 1021 2664 καὶ
1047 2609 1117 2663 τὰ
1155 2608 1255 2662 ἐπὶ
1283 2608 1496 2670 τούτοις
1542 2604 1732 2674 σαφῶς
1761 2603 1884 2657 επί-

306 2723 522 2761 στασαι.
549 2707 761 2759 Ὕπνου
791 2704 847 2757 δὲ
878 2701 1145 2772 συστολὴν
1165 2701 1264 2771 οὐχ
1285 2699 1472 2772 ἱτερον
1500 2697 1766 2767 ὑπάρχειν
1783 2711 1887 2765 φα-

301 2798 432 2867 μὲν,
479 2796 514 2868 ἢ
565 2795 660 2849 τοῦ
698 2792 1022 2864 αἰσθητικοῦ
1057 2789 1370 2862 πνεύματος
1401 2787 1748 2876 ἀτονίανογὲν
1776 2786 1887 2858 γὰρ

304 2888 516 2952 τούτοις
544 2878 686 2940 ινδεῖ
713 2886 809 2940 καὶ
843 2882 1091 2955 μειοῦται
1113 2882 1181 2936 τὰ
1207 2881 1309 2952 τῆς
1336 2879 1575 2950 φύσεως,
1600 2879 1695 2933 καὶ
1715 2879 1888 2933 δεῖται

306 2980 478 3033 ὕπνου
507 2978 612 3050 μὲν
650 2979 730 3041 εἰς
758 2977 821 3029 τὸ
856 2973 1269 3046 ἀνακτήσασθαι
1295 2973 1397 3043 τὴν
1429 2972 1670 3043 ζωτικὴν
1701 2989 1760 3025 τε
1793 2971 1888 3026 καὶ

307 3070 636 3140 αἰσθητικὴν
666 3063 902 3137 δύναμιν
921 3081 936 3096 ο
981 3066 1220 3129 ἀνέσεως
1247 3063 1324 3132 δὲ,
1351 3064 1440 3117 ἵνα
1467 3057 1815 3134 χαλασθῶσιν
1836 3063 1886 3116 οί

302 3166 447 3216 τόνοι
477 3161 585 3215 τῶν
608 3163 718 3215 εἴτε
745 3158 944 3223 ποδῶν,
974 3159 1335 3230 είτεὶχειρῶν,
1360 3156 1470 3210 εἴτε
1505 3156 1599 3210 καὶ
1635 3156 1758 3209 ὅλου
1790 3153 1885 3209 τοῦ

1993 696 2132 750 quas
2161 683 2594 754 conjugationes,
2621 691 2806 738 utrum
2837 698 2930 738 eos
2957 683 3099 739 forte
3119 684 3174 739 in
3192 683 3398 742 divinis
3421 685 3571 744 Scri-

1991 776 2175 846 pturis
2200 776 2447 845 reperire
2480 775 2775 846 possimus.

2062 866 2128 921 H.
2163 853 2536 940 Sentio‘quid
2580 868 2712 923 hinc
2759 861 2976 922 edicere
3023 867 3181 922 velis.
3235 865 3371 924 Cum
3421 871 3567 926 enim

1992 959 2200 1016 habeas
2221 975 2546 1016 concessum
2583 969 2794 1016 motum
2822 957 3039 1015 Domini
3081 973 3111 1014 a
3144 957 3287 1016 locis
3325 956 3382 1016 in
3424 963 3566 1029 loca,

1989 1055 2210 1110 conaris
2245 1051 2628 1111 demonstrare
2651 1049 2719 1109 de
2745 1053 3140 1108 extenuettone
3175 1061 3232 1106 et
3255 1057 3570 1124 corruptio-
3605 1065 3612 1072 ·

1990 1157 2060 1203 ne
2089 1167 2103 1203 :
2140 1145 2293 1219 Quod
2321 1161 2628 1220 nunquam,
2665 1156 2724 1204 ut
2750 1148 2892 1204 mihi
2915 1146 3139 1219 quidem
3165 1147 3407 1216 videtur,
3432 1162 3568 1206 cono-

1991 1233 2200 1294 eludes.

2061 1325 2125 1386 0.
2160 1332 2328 1386 Recte
2352 1330 2597 1402 quidem,
2628 1332 2851 1402 inquam
2879 1347 3016 1404 ego,
3066 1332 3205 1389 dicis
3235 1333 3458 1388 intuens
3512 1333 3567 1388 in

1991 1436 2170 1478 meam
2197 1421 2598 1479 inﬁrmitatem.
2640 1426 2712 1479 At
2752 1426 2958 1481 veritas
2988 1426 3172 1497 adjuta
3213 1427 3440 1498 adjuvat
3470 1439 3569 1482 eos

1990 1515 2086 1585 qui
2139 1527 2259 1569 eam
2314 1515 2640 1572 defendunt.
2675 1510 2851 1588 igitur
2886 1518 3180 1574 videturne
3206 1516 3308 1574 tibi
3354 1520 3568 1574 esurire

1990 1613 2047 1661 et
2069 1606 2245 1673 sitire,
2273 1620 2396 1663 esse
2422 1608 2531 1663 cibi
2561 1617 2617 1664 et
2645 1609 2892 1679 potionis
2919 1610 3236 1680 appetitus?

2063 1783 2126 1837 Η.
2163 1777 2416 1850 Videtur,
2468 1785 2671 1857 inquit.

2059 1870 2125 1929 0.
2154 1869 2348 1932 'Stolere
2378 1883 2563 1933 autem
2583 1889 2705 1935 esse
2727 1881 3005 1951 appetitus
3023 1891 3215 1938 earum
3239 1893 3426 1938 rerum
3438 1894 3567 1956 quae

1985 1963 2208 2030 deSunt,
2235 1977 2418 2021 annon
2449 1976 2633 2038 putas,
2675 1968 2944 2039 inquam?

2057 2055 2124 2111 ii.
2149 2057 2405 2114 Maxime.
2428 2060 2572 2128 Quid
2599 2062 2748 2116 enim
2771 2063 2926 2118 “aliud
2949 2071 3040 2119 εει
3077 2057 3377 2135 appetitus,
3399 2077 3564 2136 quam

1986 2147 2264 2216 cupiditas
2291 2151 2411 2219 ejus
2436 2150 2583 2220 quod
2619 2151 2781 2208 deest
2806 2193 2820 2216 ,
2873 2153 2939 2206 ad
2995 2153 3364 2224 supplendum
3409 2156 3565 2225 quod

1983 2238 2316 2296 eﬂluxerat?

2057 2328 2119 2384 0.
2154 2331 2416 2396 Pulchre,
2460 2332 2708 2403 inquam,
2735 2335 3041 2404 appetitum
3081 2335 3343 2392 deﬁnisti.
3379 2337 3566 2408 Siqui—

1959 2422 2109 2478 ‘dem
2135 2439 2366 2495 magnus
2385 2425 2622 2482 Basilius
2647 2427 2886 2484 csurisse
2907 2427 3042 2483 dicit
3057 2427 3368 2490 Dominum,
3390 2430 3568 2485 solido

1986 2514 2112 2570 cibo
2155 2515 2259 2585 ipsi
2310 2517 2563 2572 exhalato
2595 2518 2650 2571 in
2685 2530 3061 2588 corporeret
3090 2535 3211 2589 qua:
3257 2531 3568 2589 sequuntur

1979 2605 2280 2676 .perspicue
2311 2607 2480 2663 nosti.
2513 2609 2722 2664 Somno
2765 2618 2952 2664 autem
2996 2610 3201 2680 corripi
3241 2610 3379 2665 nihil
3418 2612 3567 2668 aliud

1987 2713 2109 2754 esse
2157 2699 2416 2762 dicimus,
2449 2717 2611 2772 quam
2650 2697 2973 2774 languidum
3003 2714 3059 2760 et
3102 2704 3393 2759 remissum
3444 2721 3569 2762 esse

1989 2787 2244 2856 spiritum
2298 2790 2650 2855 sentientem,
2680 2790 2825 2844 sicut
2871 2800 2927 2845 et
2957 2790 3405 2862 defatigationem
3446 2804 3569 2850 esse

1989 2878 2367 2934 musculorum
2399 2889 2454 2934 et
2483 2897 2780 2936 nervorum
2810 2881 3037 2936 nimiam
3070 2884 3485 2939 extensionem‘:
3513 2885 3570 2941 in

1989 2971 2078 3028 his
2111 2973 2258 3027 enim
2295 2990 2357 3028 ea
2397 2991 2519 3043 qua:
2545 2983 2756 3030 naturae
2786 2979 2952 3040 sunt,
2987 2975 3253 3031 deﬁciunt
3283 2985 3340 3030 et
3385 2976 3571 3033 immi-

1989 3073 2276 3132 nuuntur;
2309 3074 2365 3120 et
2386 3066 2847 3136 indigentsomno
2874 3067 3096 3137 quidem
3113 3068 3182 3123 ad
3213 3069 3569 3128 recreandam

1990 3154 2213 3212 vitalem
2249 3167 2306 3212 et
2335 3158 2668 3215 sentientem
2707 3162 2974 3216 virtutem
3002 3180 3015 3228 ;
3067 3163 3391 3219 remissione
3414 3181 3570 3230 vero,

307 3252 558 3322 σώματος
591 3251 650 3318 ἐξ
689 3249 999 3319 ὁδοιπορίας
1048 3248 1213 3313 τινὸς,
1262 3249 1296 3320 ἦ
1337 3248 1436 3316 τῆς
1469 3247 1694 3319 περὶτὰ
1720 3246 1886 3300 λοιπὰ

1991 3261 2052 3305 ut
2094 3250 2447 3306 remittantur
2479 3253 2867 3310 contentiones
2893 3253 3010 3311 Sive
3038 3256 3267 3326 pedum,
3309 3257 3424 3312 sive
3453 3275 3572 3313 ma-

304 3343 411 3396 τῶν
442 3343 621 3414 ἔργων
673 3340 955 3402 συντονίας
986 3338 1379 3410 ἀπειρηκότος.
1412 3335 1635 3409 Τροφὴν
1683 3333 1741 3391 δὲ
1786 3337 1885 3392 καὶ

1992 3359 2162 3398 unum
2183 3385 2199 3407 ,
2247 3346 2362 3401 sive
2404 3346 2573 3401 tntius
2619 3349 2870 3418 corporis
2895 3363 2961 3404 ex
2993 3348 3215 3414 itinere,
3247 3359 3345 3404 aut
3371 3367 3439 3405 ex
3465 3351 3570 3408 alia

305 3437 469 3490 ποτὸν
526 3437 562 3505 ἠ
612 3433 773 3502 φύσις
822 3432 1093 3502 ἐπιζητεῖ,
1128 3431 1239 3484 τῶν
1293 3429 1531 3502 στερεῶν
1581 3431 1740 3502 ήμῶν
1788 3432 1886 3486 καὶ

1992 3436 2048 3514 in
2073 3437 2198 3491 aliis
2231 3438 2495 3508 operibus
2539 3439 2898 3494 contentione
2930 3434 3154 3494 defessi.
3205 3436 3404 3497 Cibum
3439 3459 3571 3498 vero

304 3523 512 3594 ὑγρῶν,
543 3523 603 3587 ἐξ
651 3517 728 3577 ὧν
771 3523 1209 3592 συνεστήκαμεν,
1259 3519 1752 3592 διαπεφορημένων
1792 3523 1886 3575 καὶ

1989 3539 2047 3584 et
2095 3529 2378 3601 potionem
2425 3543 2619 3588 natura
2658 3531 2894 3601 requirit
2944 3532 3135 3588 solidis
3185 3545 3243 3589 et
3303 3535 3568 3601 humidis,

301 3615 403 3684 τῆς
455 3614 868 3684 ἁντεισαγωγῆς
921 3612 1360 3683 προσδεομένων,
1406 3611 1503 3666 τοῦ
1554 3611 1886 3678 κενωθέντος

1990 3638 2058 3676 ex
2085 3623 2290 3692 quibus
2329 3623 2617 3677 constituti
2653 3639 2866 3689 sumus,
2907 3623 3138 3694 digestis
3163 3668 3177 3692 ,
3221 3634 3277 3681 et
3316 3625 3570 3698 indigen-

302 3706 409 3778 ἥδη
434 3707 531 3760 καὶ
555 3706 872 3778 ρεύσαντος.
1274 3779 1276 3781 γ

1993 3713 2141 3768 tibus
2174 3713 2477 3784 repletionc
2509 3715 2629 3784 ejus
2648 3715 2796 3784 quod
2824 3715 3168 3770 exinanitum
3195 3727 3278 3772 est
3306 3727 3363 3772 et
3388 3717 3565 3772 ﬂuxit.

375 3800 442 3851 Α.
498 3799 688 3871 Ταύτῃ
729 3798 832 3868 μὲν
876 3786 1107 3850 ἐπὶτῶν
1137 3795 1463 3867 ἡμετέρων,
1515 3791 1725 3860 ἐκεῖνος
1755 3793 1883 3867 ἔφη,

304 3888 600 3958 σωμάτων,
628 3883 672 3942 ὦ
701 3889 944 3958 βέλτιστε
961 3901 975 3917 ·
1007 3887 1068 3940 οὐ
1099 3887 1207 3958 μὴν
1229 3887 1287 3940 δὲ
1313 3889 1405 3940 ἐπὶ
1429 3888 1530 3959 τῆς
1555 3887 1650 3941 τοῦ
1678 3890 1884 3961 Κυρίου

306 3981 511 4051 σαρκὸς
541 3979 685 4032 οὕτω
713 3979 912 4034 ταῦτα.

375 4074 432 4125 0.
491 4071 635 4124 Ἀλλ’
675 4072 726 4124 εί
769 4073 845 4141 μὴ
887 4069 1032 4124 οὕτω
1077 4069 1294 4136 ταῦτα,
1346 4069 1486 4141 πρὸς
1519 4069 1682 4124 αὐτὸν
1720 4069 1880 4140 ἔφην,

301 4165 398 4217 καὶ
429 4164 523 4217 ἐπὶ
550 4163 652 4233 τῆς
679 4162 774 4216 τοῦ
807 4162 1016 4235 Κυρίου
1049 4164 1256 4234 σαρκὸς
1276 4201 1292 4226 ,
1345 4164 1441 4216 καὶ
1472 4163 1615 4216 κατὰ
1643 4161 1736 4215 τὸν
1767 4162 1881 4217 ἴσον

301 4253 588 4308 συνέϐαινε
618 4254 843 4324 τρόπον,
868 4253 1074 4323 εἴποιμ’
1102 4254 1171 4307 ἂν
1201 4254 1551 4326 θαρρούντως
1580 4255 1654 4318 ὡς
1681 4255 1793 4310 οὐδ’
1820 4257 1880 4308 ὅ-

297 4347 408 4412 λως
437 4348 784 4416 γεγέννηται.
824 4347 981 4401 Ἐπεὶ
1015 4347 1109 4400 τὸν
1139 4347 1327 4418 ἕτερον
1357 4349 1493 4417 ἡμῖν
1521 4349 1881 4420 παράστησον

296 4434 520 4504 τρόπον.
550 4434 625 4486 Οὐ
651 4433 760 4504 γὰρ
786 4433 851 4504 δὴ
877 4433 978 4505 τὴν
1005 4435 1308 4504 φαντασίαν
1336 4435 1514 4500 εἴποις
1541 4436 1608 4490 ἂν
1631 4435 1877 4494 πώποτε.

369 4527 435 4578 Α.
490 4524 643 4595 Μηδὲ
678 4526 789 4595 γάρ
832 4542 966 4578 ποτε
1009 4526 1154 4579 οὕτω
1190 4528 1450 4598 μανείην,
1501 4529 1709 4594 ἐκεῖνος
1738 4530 1876 4601 ἔφη·

296 4615 396 4668 καὶ
425 4616 537 4685 γὰρ
574 4607 792 4685 ἀληθῶς
828 4615 1002 4668 ταῦτα
1033 4597 1387 4678 συνέϐαινενὲ
1436 4617 1576 4672 ἀλλὰ
1609 4597 1875 4690 βουλομέ-
1905 4597 1954 4653 ’θ

296 4722 389 4761 νου
420 4708 516 4760 τοῦ
548 4708 863 4775 Λόγου,καὶ
895 4707 1142 4774 ἐφιέντος
1169 4709 1235 4780 τῇ
1263 4711 1450 4780 σαρκί.

367 4801 430 4852 0.
470 4796 543 4852 Εὖ
574 4799 712 4868 ἔφης
732 4840 746 4862 ,
799 4799 939 4870 πρὸς
969 4798 1136 4852 αὐτὸν
1167 4794 1358 4864 εἷπον,
1407 4803 1546 4873 μηδὲ
1577 4804 1688 4875 γὰρ
1720 4803 1877 4876 τύχοι

294 4894 396 4963 τῆς
429 4893 742 4964 κρείττονος
774 4891 1150 4957 ἀλλοιώσεως,
1201 4894 1231 4946 ό
1275 4894 1352 4966 μὴ
1385 4897 1448 4964 τῇ
1479 4899 1877 4969 παραχωρήσει

295 4983 391 5038 τοῦ
434 4987 609 5054 Λόγου
656 4986 726 5040 τὰ
759 4985 968 5056 φυσικὰ
1000 4986 1066 5057 τῇ
1099 4985 1265 5057 σαρκὶ
1299 4987 1578 5059 συμϐῆναι
1607 4991 1752 5062 πάθη
1788 4989 1878 5044 λέ⁹

296 5089 409 5140 γων
435 5091 494 5127 τε
527 5076 622 5129 καὶ
651 5077 887 5148 φρονῶν.

367 5169 434 5224 Δ.
473 5170 632 5225 Οὕτω
659 5173 724 5244 δὴ
756 5175 851 5228 καὶ
877 5177 1064 5246 ἡμεῖς,
1097 5175 1312 5238 ἐκεῖνος
1337 5171 1471 5246 ἔφη,
1506 5175 1872 5247 πιστεύομεν

296 5260 430 5326 Θεὸς
455 5263 565 5334 γὰρ
591 5264 838 5336 ἄληπτός
865 5269 1016 5322 ἐστιν
1046 5267 1380 5339 ἀνθρώποις,
1400 5267 1467 5340 ἦν
1493 5285 1550 5322 τε
1576 5267 1801 5342 θέλησῃ.

367 5435 431 5492 0.
486 5437 792 5512 Δεδομένης
830 5442 1014 5496 τοίνυν
1035 5483 1050 5506 ,
1085 5437 1262 5512 εἶπον,
1295 5440 1340 5501 ὦ
1369 5445 1676 5516 θαυμάσιε,
1719 5449 1876 5517 γενέ-

298 5544 467 5594 σεως,
520 5530 892 5598 ἀλλοιώσεως,
939 5535 1256 5608 αὐξήσεως,
1309 5540 1686 5610 μεταϐατικῆς
1714 5543 1866 5613 κινήο

296 5636 438 5685 σεως
465 5622 543 5694 τῷ
573 5623 787 5696 σώματι
817 5626 912 5681 τοῦ
936 5629 1168 5700 Κυρίου,
1195 5633 1248 5686 τί
1275 5633 1332 5686 τὸ
1358 5633 1590 5697 κωλῦον,
1609 5633 1730 5687 εἰπέ
1758 5651 1871 5705 μοι,

204 5746 268 5765 -.»
297 5714 374 5783 μὴ
418 5715 541 5785 οὐχ).
591 5716 687 5771 καὶ
749 5718 850 5789 τὴν
905 5720 1106 5796 λοιπὴν
1135 5724 1285 5796 αὐτῷ
1341 5726 1608 5794 συζυγίαν
1637 5725 1870 5792 διδόναι;

363 5804 428 5857 Α.
483 5805 698 5862 Οὐκοῦν
751 5808 895 5865 κατὰ
941 5811 1073 5879 τοὺς
1111 5815 1270 5880 -σοῦς,
1327 5815 1456 5888 εφη,
1485 5816 1719 5886 λόγους,
1775 5817 1871 5873 καὶ

289 5893 592 5971 ἔφθαρταις

2064 3802 2130 3856 ii.
2169 3797 2259 3857 Sic
2288 3803 2536 3872 quidem,
2565 3804 2748 3874 inquit
2766 3803 2878 3870 ille,
2909 3805 2965 3859 in
2994 3803 3200 3861 nostris
3237 3808 3570 3877 corporibus

1991 3893 2072 3960 iit,
2101 3887 2253 3951 bone
2284 3897 2388 3962 vir,
2418 3913 2529 3952 non
2559 3907 2742 3954 tamen
2768 3898 2848 3955 sic
2878 3899 2933 3954 in
2971 3916 3138 3956 carne
3177 3901 3424 3958 Domini.

2058 4085 2122 4142 0.
2150 4087 2219 4142 At
2272 4087 2319 4143 si
2361 4104 2472 4143 non
2518 4089 2598 4144 sic
2663 4090 2800 4156 hinc,
2855 4091 3078 4161 inquam
3127 4107 3250 4163 ego,
3297 4093 3464 4149 etiam
3510 4095 3564 4150 in

1986 4191 2151 4232 carne
2174 4177 2414 4243 Domini,
2437 4189 2494 4234 et
2538 4180 2606 4234 ad
2633 4181 2890 4236 eumdem
2931 4181 3156 4236 modum
3201 4183 3564 4252 eveniebant;

1987 4268 2335 4324 conﬁdenter
2363 4269 2568 4334 dicam,
2603 4287 2709 4327 nec
2729 4288 2960 4341 prorsus
2989 4273 3211 4344 genitus
3244 4283 3351 4328 est.
3387 4275 3566 4331 Proba

1984 4357 2133 4413 enim
2156 4358 2318 4413 nobis
2348 4359 2519 4414 alium
2545 4361 2790 4416 modum.
2817 4362 2938 4418 Non
2960 4363 3106 4418 enim
3126 4363 3280 4420 dices
3297 4381 3564 4436 unquam,

1983 4449 2331 4518 phantasiam
2356 4451 2551 4516 fuisse,
2585 4453 2640 4508 id
2666 4466 2770 4521 est,
2804 4456 2968 4513 inane
3003 4457 3203 4513 visum.

2057 4540 2126 4595 Η.
2166 4541 2482 4613 Nunquam,
2525 4544 2708 4614 inquit
2729 4547 2843 4612 ille,
2898 4549 2979 4604 sic
3004 4549 3234 4606 insanus
3265 4566 3399 4606 ero:
3430 4567 3565 4608 vere

1982 4631 2256 4702 siquidem
2297 4635 2414 4689 btec
2461 4636 2806 4702 accidebant,
2849 4639 2944 4694 sed
2994 4641 3217 4696 volente
3277 4637 3458 4698 Verbo
3505 4652 3564 4699 et

1972 4726 2330 4796 permittente
2357 4742 2543 4783 came.

2051 4818 2116 4874 Ο.
2171 4819 2320 4874 Bene
2347 4860 2364 4885 ,
2411 4820 2669 4891 inquam,
2719 4821 2964 4878 dixisti:
3009 4841 3112 4880 nec
3155 4826 3304 4882 enim
3361 4829 3561 4884 melio-

1979 4922 2098 4961 rem
2129 4908 2574 4965 immutationem
2601 4921 2951 4982 assequetur,
2984 4915 3078 4983 qni
3111 4931 3220 4970 non
3267 4917 3475 4972 dixerit
3504 4927 3561 4973 et

1979 5000 2225 5055 senserit
2259 5001 2552 5071 passiones
2593 5005 2881 5060 naturales
2926 5006 3082 5061 carni
3132 5007 3399 5064 accidisse
3434 5025 3563 5079 per-

1979 5089 2152 5147 missu
2179 5093 2372 5148 Verbi.

2051 5181 2120 5237 H.
2178 5183 2292 5250 Sic,
2370 5185 2553 5258 inquit
2602 5187 2728 5252 ille,
2792 5188 3114 5245 credimus:
3188 5190 3336 5246 Deus
3405 5193 3556 5251 enim

1978 5273 2261 5331 voluntate
2286 5291 2465 5347 neque
2491 5285 2695 5349 potest,
2716 5293 2897 5350 neque
2915 5281 3214 5351 poteratab
3235 5282 3556 5340 hominibus

1977 5363 2120 5434 capi.

2048 5453 2112 5510 0.
2141 5453 2414 5512 Concessa
2437 5456 2624 5529 igitur,
2653 5458 2877 5530 inquam
2910 5477 3032 5535 ego,
3063 5463 3207 5520 bone
3239 5465 3344 5531 vir,
3380 5483 3551 5538 gene-

1977 5548 2218 5613 ratione,
2245 5549 2652 5618 immutatione,
2685 5555 3022 5622 accretione,
3057 5565 3210 5612 motu
3242 5558 3549 5614 secundum

1973 5640 2194 5708 locum;
2241 5642 2374 5712 quid
2419 5644 2701 5715 prohibet,
2755 5647 2846 5703 dic
2895 5650 3053 5716 mihi,
3097 5650 3232 5720 quin
3279 5651 3549 5721 reliquam

1973 5733 2419 5804 coniugationem
2446 5736 2496 5792 ei
2526 5737 2878 5795 tribuamus?

2045 5821 2114 5878 Η.
2171 5821 2244 5880 Ut
2297 5833 2356 5880 tu
2401 5826 2600 5898 igitur,
2655 5829 2881 5902 inquit,
2925 5833 3208 5906 loqueris,
3242 5843 3550 5906 corruptus

1972 5913 2097 5968 est?
3212 5937 3216 5942 -
