4068 6548
522 450 660 520 1347

587 570 654 626 0.
684 565 864 633 Absit,
897 562 1183 635 respondi.

589 684 658 741 ll.
693 678 1006 748 Quomodo,
1042 676 1246 748 inquit,
1275 675 1381 731 hoc
1403 673 1578 730 dicis?

590 799 655 852 0.
686 794 824 862 Quia
846 807 1027 862 neque
1053 791 1136 845 fas
1163 798 1269 858 est,
1295 789 1547 859 inquam.

594 911 659 965 ll.
686 906 1096 976 Quamobrem?
1122 905 1326 975 inquit.

593 1023 656 1079 0.
714 1023 875 1090 Quia,
909 1022 1158 1091 inquam,
1215 1019 1510 1090 Oportebat
1547 1016 1833 1088 passiones
1880 1019 2100 1070 nostras

525 1127 750 1187 gustare
777 1130 952 1184 usque
983 1113 1050 1169 ad
1077 1112 1481 1182 experientiam
1507 1109 1724 1172 mortis,
1757 1121 1871 1162 non
1913 1113 2097 1159 tamen

525 1208 580 1261 in
629 1206 985 1275 corruptione
1040 1219 1265 1258 manere
1314 1209 1469 1267 actu;
1524 1199 1774 1271 quinimo
1845 1196 1989 1250 sicut
2041 1193 2095 1247 in

522 1299 784 1355 omnibus
808 1296 1003 1352 habuit
1036 1294 1184 1364 quod
1221 1303 1469 1349 nostrum
1493 1302 1600 1357 est,
1632 1299 1689 1346 et
1736 1287 1887 1358 quod
1931 1301 2094 1357 supra

521 1406 626 1445 nos
656 1399 762 1454 est,
791 1389 872 1444 sic
901 1388 954 1442 in
973 1395 1149 1440 morte
1174 1386 1323 1455 ipsa:
1353 1390 1630 1437 mortuum
1659 1379 1809 1435 enim
1841 1393 1965 1434 esse
1998 1380 2099 1431 no-

520 1493 699 1540 strum
756 1488 862 1545 est,
923 1488 982 1535 et
1020 1476 1235 1533 curatio
1287 1482 1494 1530 nostrae
1543 1471 1932 1535 mortalitatis;
1986 1484 2097 1524 non

523 1591 646 1630 esse
677 1582 863 1628 autem
891 1576 1213 1638 corruptum
1256 1565 1586 1621 valentioris
1633 1562 1926 1634 potestatis
1965 1561 2101 1615 Ver-

524 1665 580 1720 bi
635 1672 754 1719 erat
793 1678 808 1716 :
845 1661 1091 1716 Verbum
1143 1659 1290 1714 enim
1335 1655 1737 1727 experientiam
1788 1651 2094 1723 prohibuit,

521 1754 752 1810 minime
805 1749 1121 1806 concedens
1173 1746 1350 1811 carni,
1397 1754 1461 1801 ut
1512 1751 1994 1814 corrumperetur,
2039 1750 2101 1796 ut

520 1844 780 1920 primitiae
802 1839 1235 1898 immortalitatis
1259 1839 1328 1893 ab
1350 1838 1471 1909 ipsa
1502 1837 1557 1892 in
1601 1852 1703 1892 nos
1722 1835 1888 1892 etiam
1916 1844 2098 1890 trans-

1774 439 2080 508 LEONTII
2125 429 2536 496 BYZANTINI
2953 491 2962 498 _

1697 551 1701 558 '
2131 555 2179 610 Α
2279 542 2341 594 0.
2379 539 2473 610 Μὴ
2504 537 2740 607 γένοιτο,
2774 535 2912 609 πρὸς
2942 536 3109 592 αὐτὸν
3139 535 3556 612 ἀπεκρινάμην.

3653 429 3797 495 1348

2277 651 2501 715 Α.ίῐῐῶς
2531 650 2713 715 τοῦτο,
2740 649 2871 722 ἐφη,
2894 651 3104 720 λέγεις;

2277 765 2340 817 0.
2375 761 2503 816 ὐτι
2535 760 2672 832 μηδέ
2702 759 2886 832 θέμις,
2918 755 3097 817 εἷπον.

2275 875 2343 928 Α.
2383 872 2462 926 Δι’
2491 873 2561 944 ἢν
2591 872 2802 941 αίτίαν;
2832 870 3010 930 εἶπεν.

2278 992 2341 1042 υ.
2387 987 2766 1060 Ἐπειδήπερ,
2822 987 3002 1060 ἔφην,
3054 991 3474 1062 ἀπογεύσασθαι
3526 992 3634 1047 ἔδει
3681 994 3799 1047 τῶν

2207 1078 2501 1152 ἡμετέρων
2545 1078 2773 1145 παθῶν,
2830 1081 3029 1152 μέχρις
3073 1083 3245 1156 αὐτῆς
3289 1085 3389 1155 τῆς
3423 1082 3518 1138 τοῦ
3551 1084 3794 1139 Θανάτου

2206 1172 2446 1240 πείρας,
2503 1171 2564 1224 ού
2602 1170 2710 1243 μὴν
2745 1172 2840 1226 καὶ
2868 1173 2927 1226 ἐν
2955 1176 3021 1246 τῇ
3056 1176 3180 1229 κατ’
3204 1175 3494 1248 ἐνέργειαν
3529 1177 3795 1245 γενέσθαι

2206 1267 2418 1339 φθορᾷ·
2457 1267 2572 1322 ἀλλ’
2604 1265 2798 1340 ὥσπερ
2829 1270 2888 1323 ἐν
2919 1272 3088 1325 πᾶσιν
3115 1271 3240 1343 ἔσχε
3269 1272 3330 1325 τὸ
3360 1273 3658 1345 ἡμέτερον,
3691 1275 3796 1328 καὶ

2203 1360 2267 1412 τὸ
2297 1361 2443 1432 ὑπὲρ
2469 1362 2641 1431 ἡμᾶς,
2673 1360 2819 1415 οὕτω
2847 1363 2944 1418 καὶ
2974 1364 3096 1418 κατ’
3119 1364 3283 1419 αύτὺν
3307 1365 3370 1437 δὴ
3400 1365 3492 1418 τὸν
3519 1365 3791 1420 θάνατον·

2205 1449 2266 1505 τὸ
2298 1451 2400 1522 μὲν
2427 1449 2534 1522 γὰρ
2564 1450 2890 1523 τεθνηκέναι
2921 1452 3217 1525 ἡμέτερον,
3254 1455 3349 1508 καὶ
3379 1455 3479 1524 τῆς
3509 1456 3793 1526 ἡμετέρας

2205 1547 2537 1618 νεκρότητος
2590 1546 2729 1616 ῐαμα
2750 1561 2765 1577 ⁸
2825 1545 2887 1600 τὸ
2918 1547 2977 1601 δὲ
3012 1547 3088 1619 μὴ
3118 1548 3427 1618 ἐφθάρθαι,
3471 1550 3573 1620 τῆς
3599 1549 3791 1622 κρείτ-

2203 1658 2360 1705 τονος
2389 1640 2486 1695 τοῦ
2513 1640 2693 1711 Λόγου
2727 1641 3036 1713 δυνάμεως,
3071 1642 3130 1707 ὃς
3153 1660 3219 1712 γε
3248 1644 3349 1714 τὴν
3377 1646 3576 1716 πεῖραν
3605 1642 3790 1698 κεκὼ-

2204 1733 2401 1800 λυκεν,
2459 1734 2669 1805 ἥκιστα
2699 1733 2975 1806 φθαρῆναι
3008 1735 3457 1807 συγκεχωρηκὼς
3485 1740 3553 1809 τῇ
3584 1737 3785 1808 σαρκί·

2204 1825 2282 1890 ὼς
2316 1826 2382 1880 ἀν
2410 1826 2508 1880 ἀπ’
2531 1827 2702 1898 αὐτῆς
2730 1827 2827 1882 καὶ
2849 1827 2934 1896 ⁴εἰς
2955 1829 3106 1899 ἡμᾶς
3133 1822 3355 1900 διαϐαίη
3375 1873 3390 1897 ,
3430 1829 3528 1884 καὶ
3554 1830 3787 1899 γένηται

520 1917 667 1992 eant.
699 1936 816 1990 Non
865 1949 989 1990 esse
1037 1933 1206 2004 igitur
1258 1931 1462 1987 factam
1508 1929 1948 2000 corruptionem,
1995 1942 2097 1998 po-

2206 1917 2308 1988 τῆς
2341 1917 2655 1989 ἀφθαρσίας
2689 1918 2848 1989 ἡμῶν
2889 1919 3151 1991 ἀπαρχή·
3203 1919 3264 1974 τὸ
3294 1920 3476 1975 τοίνυν
3520 1920 3596 1992 μὴ
3627 1922 3786 1988 γενέ-

523 2029 711 2084 tentiae
727 2027 929 2082 divina:
950 2034 1056 2090 est,
1081 2040 1203 2095 quae
1226 2023 1478 2094 superari
1509 2038 1622 2077 non
1673 2027 1888 2094 potest;
1923 2027 1982 2076 et
2007 2035 2102 2074 ra-

521 2121 675 2176 tione
708 2118 984 2183 miraculi,
1007 2125 1066 2172 at
1084 2131 1194 2171 non
1223 2115 1342 2186 lege
1374 2122 1607 2170 naturae.

593 2255 660 2311 Η.
682 2253 868 2324 Atqui,
899 2252 1080 2322 inquit
1107 2251 1220 2316 ille,
1247 2259 1302 2305 et
1333 2266 1514 2305 novus
1555 2249 1728 2304 Adam
1759 2255 1988 2304 vocatus
2017 2255 2102 2302 est

523 2347 811 2402 Dominus.
838 2344 1126 2412 Quomodo
1153 2353 1337 2399 autem
1371 2343 1452 2398 sic
1473 2349 1792 2407 vocaretur,
1824 2340 1933 2395 nisi
1981 2354 2103 2395 cor-

525 2454 630 2508 pus
651 2437 981 2508 protoplasti
1027 2436 1277 2491 tulisset?
1298 2435 1744 2506 lncorruptibilis
1767 2445 1950 2488 autem
1983 2440 2103 2488 erat

526 2531 921 2600 protoplastus,
979 2511 1277 2598 antEquam
1333 2536 1630 2598 peccaret;
1677 2525 2102 2596 incorruptibile

526 2624 696 2695 igitur
733 2622 841 2676 fuit
891 2623 1059 2676 etiam
1111 2636 1313 2690 corpus
1350 2621 1602 2674 Domini:
1657 2619 1934 2690 siquidem
1983 2619 2102 2673 sine

525 2725 754 2788 peccato
785 2713 1162 2786 perseveravit
1188 2727 1430 2782 semper.

593 2826 659 2882 0.
702 2827 817 2896 Ego
871 2840 1006 2880 vero
1053 2824 1304 2893 inquam,
1361 2823 1481 2877 sive
1536 2835 1742 2891 corpus
1774 2818 2102 2890 protoplasti

522 2916 891 2987 corruptibile
909 2923 1048 2980 erat,
1081 2913 1196 2969 sive
1220 2929 1354 2976 non,
1397 2911 1643 2967 nondum
1673 2910 1818 2975 dico,
1854 2909 2101 2980 quandiu

2205 2007 2334 2060 σθαι
2362 2006 2460 2078 τὴν
2490 2005 2723 2078 φθοράν,
2763 2007 2864 2078 τῆς
2892 2008 3160 2077 ἀνικήτου
3191 2008 3311 2062 ἐστι⁵
3343 2007 3652 2078 δυνάμεως,
3689 2007 3789 2060 καὶ

2201 2098 2349 2172 λόγῳ
2383 2099 2684 2170 θαύματος,
2717 2099 2836 2154 ἀλλ’
2861 2099 2922 2154 ού
2965 2099 3118 2172 νόμῳ
3149 2100 3386 2170 φύσεως.

2272 2237 2341 2290 Α.
2377 2235 2543 2290 Ἀλλά
2570 2236 2700 2307 μὴν,
2727 2235 2935 2300 ἐκεῖνος
2958 2236 3087 2306 ἔφη,
3115 2235 3212 2289 καὶ
3237 2234 3360 2299 νέος
3382 2233 3558 2306 Ἀδάμ
3575 2235 3790 2306 ὠνομά-

2207 2327 2310 2400 σθη
2357 2330 2385 2381 ὁ
2423 2327 2630 2399 Κύριος
2654 2343 2669 2357 ο
2726 2327 2848 2391 πῶς
2881 2327 2928 2381 δ’
2955 2327 3023 2381 ἂν
3050 2327 3211 2382 τοῦτο
3240 2326 3495 2395 ἐλέγετο,
3531 2328 3582 2381 εἰ
3617 2326 3693 2398 μὴ
3725 2327 3790 2380 τδ

2203 2419 2298 2472 τοῦ
2330 2418 2762 2491 πρωτοπλάστου
2793 2419 3032 2488 φορέσας
3063 2419 3258 2489 σῶμα;
3292 2419 3609 2490 Ἀφθαρτος
3635 2419 3692 2473 δέ
3715 2415 3788 2492 ἦν

2202 2510 2232 2562 ό
2270 2511 2701 2581 πρωτόπλαστος
2745 2511 2854 2582 πρὸ
2899 2511 3002 2581 τῆς
3041 2511 3448 2583 παραϐάσεως·
3503 2512 3789 2583 ἄφθαρτον

2202 2604 2312 2675 ἄρα
2344 2603 2440 2658 καὶ
2465 2604 2526 2656 τὸ
2552 2603 2648 2657 τοῦ
2673 2605 2886 2676 Κυρίου
2914 2603 3076 2675 σῶμα
3093 2619 3108 2634 ο
3141 2605 3236 2658 καὶ
3259 2602 3372 2675 γὰρ
3396 2603 3788 2676 ἀναμάρτητον

2206 2696 2382 2768 πάντη
2414 2695 2848 2769 διαμεμένηκεν.

2275 2815 2338 2868 0.
2355 2812 2499 2881 Ἐγὼ
2517 2813 2597 2879 δέ,
2621 2814 2682 2867 Εἰ
2704 2813 2804 2884 μὲν
2833 2813 3136 2885 ἄφθαρτον,
3161 2811 3372 2884 ἔφην,ἢ
3400 2812 3498 2882 μὴ,
3515 2809 3610 2865 τοῦ
3635 2827 3787 2883 πρω-

2203 2905 2514 2960 τοπλάστου
2549 2906 2610 2958 τδ
2641 2904 2802 2976 σῶμα
2831 2905 3162 2975 ἐτύγχανεν,
3201 2904 3357 2957 ούπω
3382 2903 3552 2971 λέγω,
3583 2902 3689 2964 ἓως
3713 2901 3784 2955 ἄν

512 3021 636 3072 non
669 3005 840 3077 pudet
886 3005 1035 3075 ipsos
1082 3004 1177 3074 qui
1211 3004 1318 3059 hoc
1366 3003 1580 3066 dicunt,
1635 3001 2097 3056 immortalitatem

2206 2997 2283 3069 μὴ
2316 2998 2378 3051 τὸ
2408 2997 2682 3052 ἀθάνατον
2718 2997 2919 3062 αὐτοὺς
2948 2999 3201 3052 καταιδεῖ
3227 2995 3322 3050 τοῦ
3350 2995 3783 3066 πρωτοπλάστου

521 3076 844 3168 protoplasti
893 3111 1005 3148 non
1042 3095 1287 3149 tribuere
1343 3092 1597 3148 Domino.
1627 3091 1904 3146 Mortuum
1953 3090 2097 3146 enim

2206 3091 2283 3164 μὴ
2311 3090 2592 3161 διδόμενον
2620 3089 2698 3163 τῷ
2724 3090 2937 3162 Κυρίῳ.
2970 3089 3309 3162 Τεθνηκέναι
3333 3089 3444 3160 γὰρ
3469 3087 3630 3142 αὐτὸν
3653 3088 3786 3141 πάν-

520 3204 647 3245 esse
689 3203 839 3252 eum,
881 3187 1198 3243 necessario
1255 3185 1602 3251 concedent;
1662 3185 1771 3240 nisi
1826 3183 1935 3239 sibi
1967 3183 2097 3253 ipsis

2204 3202 2314 3248 τως
2355 3181 2657 3249 δώσουσιν,
2717 3184 2767 3236 εί
2819 3182 2893 3254 μὴ
2947 3181 3200 3254 μέλλοιεν
3241 3181 3303 3234 τὸ
3343 3177 3448 3251 τῆς
3477 3180 3786 3251 φαντασίας

521 3281 732 3336 crimen
789 3277 1110 3349 phantasiae,
1172 3275 1227 3330 id
1281 3286 1385 3341 est,
1445 3275 1624 3330 inanis
1662 3274 1765 3329 visi
1818 3273 1875 3328 in
1928 3272 2097 3326 Adam

2204 3277 2326 3330 ὅλον
2376 3277 2459 3337 είς
2499 3277 2728 3338 ἑαυτοὺς
2774 3274 3154 3346 ἀποφέρεσθαι
3193 3273 3449 3344 ἔγκλημα
3472 3289 3488 3304 ·
3540 3272 3603 3327 τὸ
3629 3272 3685 3325 δέ
3713 3288 3782 3340 γε

522 3388 653 3428 vere
674 3377 917 3431 mortuo,
967 3368 1172 3423 inferre
1201 3368 1376 3422 velint
1405 3385 1418 3421 :
1479 3368 1779 3436 sumpsisse
1829 3379 1963 3418 vero
1991 3364 2097 3418 Do-

2203 3370 2366 3438 σῶμα
2421 3369 2514 3422 τὸν
2570 3368 2780 3440 Κύριον
2839 3367 3197 3438 ἀνειληφέναι
3249 3365 3531 3432 τοιοῦτον,
3597 3367 3784 3419 ὁποῖον

522 3465 735 3519 minum
783 3462 888 3516 tale
935 3475 1158 3529 corpus,
1203 3459 1365 3528 quale
1397 3467 1518 3512 erat
1552 3474 1662 3512 non
1686 3457 1865 3511 solum
1895 3471 2099 3525 corpus

524 3556 674 3620 Adae,
705 3554 799 3609 sed
829 3568 1030 3622 corpus
1050 3561 1330 3616 nostrum;
1357 3565 1468 3605 non
1501 3551 1649 3605 enim
1685 3557 1909 3619 propter
1943 3549 2098 3602 illum

523 3657 736 3702 tantum
765 3645 936 3707 venit,
973 3644 1068 3699 sed
1097 3653 1322 3714 pr0pter
1356 3658 1459 3697 nos
1478 3643 1681 3707 etiam;
1715 3641 1873 3696 valde
1899 3641 2096 3695 absur-

521 3740 655 3794 dum
704 3747 760 3793 et
788 3752 819 3791 a
848 3736 1060 3790 ratione
1085 3735 1326 3789 alienum
1353 3742 1493 3798 erat,
1527 3733 1694 3788 unius
1735 3732 1960 3803 quidem
1976 3746 2097 3787 esse

520 3829 781 3891 similem,
811 3833 1136 3880 caeterorum
1164 3839 1296 3879 vero
1333 3823 1580 3879 omnium
1621 3823 1970 3888 dissimilem,
2003 3823 2097 3894 qui

519 3920 747 3990 quidem
794 3917 862 3971 ad
919 3917 1192 3971 rationem
1253 3915 1543 3971 medicinae
1593 3915 1858 3972 facienda:
1902 3915 2094 3970 eadem

521 4008 887 4067 similitudine
924 4007 1267 4078 indigebant.
1292 4006 1471 4073 Unde,
1513 4008 1721 4076 optime
1760 4007 1869 4072 vir,
1893 4021 2097 4076 corpus

524 4101 848 4173 prot0plasti
882 4099 1302 4168 incorruptibile
1331 4099 1486 4152 erat?
1504 4098 1624 4153 Non
1665 4098 1814 4153 enim
1861 4098 1918 4152 in
1965 4113 2097 4152 con-

521 4193 812 4247 stitutione
883 4206 982 4245 sua
1058 4190 1320 4253 habebat,
1414 4197 1477 4244 ut
1535 4189 1867 4244 immortalis
1923 4197 2090 4254 esset,

520 4300 585 4338 ac
606 4283 781 4337 multo
809 4283 981 4353 magis
1019 4297 1130 4337 non
1169 4281 1428 4345 habebat,
1467 4288 1528 4334 ut
1571 4288 1720 4335 esset
1753 4279 2092 4349 incorrupti-

519 4373 668 4434 bilis,
704 4371 911 4441 alioqui
945 4384 1249 4439 nunquam,
1277 4369 1492 4437 opinor,
1524 4367 1672 4438 ligno
1693 4366 1822 4420 vitae
1848 4365 1898 4420 ei
1953 4380 2093 4434 opus

518 4465 1022 4531 fuisset,7tanquam
1054 4459 1244 4515 futuro
1270 4459 1593 4525 immortali,
1626 4473 1725 4513 usu
1771 4458 1955 4513 vitalis
1977 4457 2092 4512 fru-

515 4565 639 4612 ctus
650 4569 759 4624 quo
774 4569 902 4609 eum
922 4552 1160 4623 privavit
1175 4560 1486 4623 peccatum,
1501 4551 1846 4607 sicutPatres
1865 4550 2087 4606 dicunt:
2125 4589 2168 4644 ὓ

513 4647 610 4704 sed
636 4645 706 4701 de
757 4645 847 4700 his
875 4660 987 4699 non
1023 4654 1108 4700 est
1131 4659 1281 4699 nunc
1309 4641 1627 4713 disputandi
1677 4651 1911 4713 tempus,
1954 4657 2092 4712 quo-

516 4741 660 4794 niam
679 4753 859 4808 neque
876 4736 1076 4807 dogma
1093 4736 1296 4804 esthoc
1311 4735 1378 4790 de
1397 4733 1758 4800 Adam.Quod
1775 4736 1923 4790 cnim
1942 4749 2092 4789 nunc

515 4835 571 4889 in
602 4832 906 4903 quaestione
929 4829 1194 4901 positum,
1217 4827 1351 4883 illud
1371 4835 1477 4893 est,
1506 4827 1655 4897 quod
1679 4829 1842 4883 talem
1866 4842 2091 4882 carnem

513 4925 783 4981 Dominus
810 4922 920 4977 sibi
949 4921 1128 4977 univit
1148 4922 1455 4977 secundum
1484 4921 1848 4992 hypostasim,
1871 4920 2089 4990 qualem

513 5015 892 5071 babuitAdam
917 5023 1042 5084 post
1060 5021 1345 5083 peccatum
1367 5013 1679 5078 damnatus,
1697 5021 1753 5067 et
1771 5027 1874 5067 nos
1897 5025 2092 5066 omnes

512 5125 579 5162 ex
606 5107 798 5162 eadem
823 5121 1023 5161 massa.
1047 5105 1166 5160 Non
1193 5104 1343 5159 enim
1363 5105 1518 5159 venit
1539 5104 1807 5159 Dominus
1830 5113 1891 5159 ut
1913 5102 2091 5157 salva-

513 5207 600 5252 ret
623 5215 653 5252 a
672 5205 900 5267 peccato
920 5211 1177 5259 vacuum,
1203 5204 1262 5251 ut
1281 5197 1401 5267 ejus
1417 5197 1615 5252 similis
1637 5195 1814 5259 ﬁeret,
1840 5195 1935 5251 sed
1961 5209 2093 5265 pec-

514 5299 638 5346 eato
673 5290 949 5345 irretitum
987 5297 1044 5345 et
1090 5290 1203 5361 jam
1227 5290 1463 5360 lapsum,
1508 5299 1573 5345 ut
1618 5305 1744 5346 eum
1795 5289 2091 5344 miseratus

513 5381 944 5437 consuscitaret.
981 5381 1195 5452 Alioqui
1227 5383 1504 5452 quomodo
1528 5382 1774 5438 debitum
1809 5395 1911 5452 pro
1929 5379 2090 5435 nobis

513 5473 797 5539 solvisset?
830 5481 927 5527 aut
960 5473 1178 5528 ruinam
1217 5474 1579 5530 resarcisset?
1615 5484 1712 5529 aut
1747 5488 1941 5528 norma
1973 5472 2088 5526 vir-

511 5564 648 5618 tutis
683 5562 861 5619 factus
891 5564 1078 5619 esset?
1106 5573 1165 5620 et
1196 5567 1455 5622 omnibus
1498 5566 1721 5636 optimae
1760 5564 1890 5620 vita).
1928 5579 2091 5636 regu-

510 5653 619 5708 lam
651 5651 709 5707 in
743 5667 802 5708 se
830 5652 1003 5709 vitam
1031 5654 1492 5726 perfectissimam
1528 5653 1950 5728 proposuisset?

582 5768 648 5822 ll.
685 5750 752 5824 Et
798 5769 1101 5839 quomodo,
1145 5771 1324 5843 inquit
1352 5772 1466 5837 ille,
1499 5769 1704 5842 poterit
1757 5767 1962 5839 aliquis
2008 5767 2090 5822 vi-

511 5891 619 5940 tam
649 5883 863 5938 Domini
895 5883 1138 5964 imitari?

2201 3463 2322 3532 ούχὶ
2349 3461 2410 3513 τὸ
2437 3461 2532 3514 τοῦ
2561 3459 3000 3532 πρωτοπλάστου
3033 3459 3215 3531 μόνον,
3240 3458 3378 3514 ἀλλά
3403 3459 3498 3512 καὶ
3517 3458 3586 3512 δι’
3606 3459 3782 3528 ἡμᾶς,

2200 3555 2296 3610 καὶ⁵
2347 3553 2554 3626 σφόδρα
2601 3552 2952 3625 θαρρούντως
3002 3552 3068 3605 ἄν
3114 3553 3526 3621 διατεινοίμην·
3588 3551 3786 3620 κοινῆς

2199 3641 2308 3714 γάρ
2341 3641 2510 3714 οὔσης
2554 3641 2656 3712 τῆς
2701 3643 2859 3694 νόσου
2881 3683 2896 3708 ,
2945 3641 3083 3695 πολὺ
3127 3642 3189 3694 τὸ
3221 3641 3536 3714 παράλογον
3569 3641 3651 3694 ἐνὶ
3679 3640 3785 3710 μὲν

2198 3733 2459 3797 ἐοικέναι,
2493 3733 2602 3786 τῶν
2627 3732 2685 3785 δὲ
2717 3732 2925 3799 λοιπῶν
2951 3733 3172 3787 πάντων
3203 3733 3599 3803 άπεμφαίνειν,
3631 3734 3688 3787 οτ
3712 3749 3784 3801 γε

2196 3826 2298 3895 τῆς
2315 3823 2479 3877 αὑτοῦ
2499 3823 2588 3877 διά
2610 3822 2830 3876 πάντων
2853 3823 3176 3894 ἐμφερείας,
3200 3823 3280 3886 είς
3303 3823 3394 3876 τὸν
3409 3822 3511 3893 τῆς
3535 3822 3787 3893 ἰατρείας

2197 3916 2406 3971 ἐδέοντο
2477 3915 2656 3984 λόγον.
2711 3917 2887 3970 Πόθεν
2933 3915 2990 3970 δὲ
3018 3955 3034 3980 ,
3091 3910 3138 3969 ὦ
3209 3917 3492 3987 βέλτιστε,
3539 3917 3622 3970 ὃτι
3671 3931 3785 3986 περ

2197 4007 2480 4078 ἄφθαρτον
2524 4006 2586 4060 τὸ
2610 4009 2706 4060 τοῦ
2747 4007 3180 4077 πρωτοπλάστου
3232 4007 3398 4078 σῶμα
3440 4006 3780 4078 ἑτύγχανενς

2195 4097 2259 4150 ού
2292 4098 2406 4170 γάρ
2451 4101 2510 4151 ἐν
2549 4100 2616 4167 τῇ
2659 4099 2976 4169 κατασκευῇ
3008 4093 3155 4168 εἶχεν
3187 4099 3248 4150 τδ
3297 4097 3595 4152 ἀθάνατον·
3644 4097 3785 4168 μήτι

2194 4206 2258 4258 γε
2301 4189 2366 4260 δὴ
2415 4188 2478 4243 τὸ
2517 4188 2832 4260 ἄφθαρτον,
2862 4190 2986 4242 ἐπεὶ
3013 4189 3114 4243 ούκ
3156 4188 3246 4256 ἂν,
3278 4185 3458 4259 οἶμαι,
3488 4188 3583 4243 τοῦ
3613 4187 3780 4256 ξύλου

2193 4280 2292 4353 τῆς
2340 4280 2486 4351 ζωῆς
2535 4279 2684 4351 αὐτῷ
2726 4280 3132 4352 προσεδέησεν,
3187 4273 3251 4333 οὗ
3283 4280 3382 4350 τῆς
3418 4279 3785 4352 μεταλήψεως

2194 4367 2359 4422 αὑτὸν
2391 4367 2706 4440 παράόασις
2733 4369 3118 4440 ἀπεστέρησεν
3137 4410 3152 4435 ,
3207 4368 3396 4430 καθὼς
3442 4370 3493 4423 οι
3524 4369 3781 4440 Πατέρες

2193 4461 2396 4530 φασὶν,
2447 4461 2523 4524 ὡς
2554 4463 2622 4531 τῇ
2654 4459 2763 4514 τῶν
2793 4460 3045 4525 ζωτικῶν
3069 4462 3302 4533 καρπῶν
3331 4461 3632 4533 μεταλήψει
3664 4461 3779 4514 ἀπ-

2195 4551 2792 4623 αθανατισθησόμενος·
2823 4553 2953 4622 περὶ
2977 4553 3074 4623 μὲν
3095 4550 3191 4608 οὖν
3214 4553 3344 4622 τῶν,
3372 4555 3435 4608 ού
3459 4553 3553 4608 τοῦ
3575 4553 3779 4623 παρόν-

2195 4660 2286 4708 τος
2312 4643 2431 4696 ἐστὶ
2471 4641 2694 4713 καιροῦ,
2729 4642 2813 4696 δτι
2846 4643 2983 4713 μηδέ
3009 4643 3189 4716 δόγμα
3218 4645 3282 4698 τὸ
3308 4645 3450 4700 κατὰ
3477 4645 3571 4699 τὸν
3601 4645 3779 4715 Ἀδάμ

2189 4735 2472 4806 τυγχάνει.
2503 4734 2578 4788 Τὸ
2601 4733 2713 4806 γὰρ
2741 4733 2839 4790 νῦν
2863 4737 2923 4788 ἐν
2950 4735 3180 4808 ζητήσει
3209 4737 3575 4810 προκείμενόν
3597 4739 3772 4799 ἐστιν,

2191 4827 2274 4880 ὅτι
2329 4827 2510 4899 σάρκα
2549 4825 2819 4898 τοιαύτην
2867 4827 2897 4880 δ
2937 4826 3145 4899 Κύριος
3177 4829 3390 4901 ἥνωσεν
3423 4830 3604 4901 ἐαυτῷ
3644 4829 3775 4884 καθ’

2192 4918 2493 4975 ὑπόστασιν
2512 4959 2527 4985 ,
2564 4919 2760 4973 ὁποίαν
2786 4918 2926 4991 ἔχων
2953 4919 3127 4992 ἐφάνη
3162 4923 3300 4993 μετὰ
3325 4922 3426 4995 τὴν
3452 4922 3774 4992 παράϐασιν

2191 5015 2220 5068 ὁ
2271 5013 2637 5085 κατάκριτος,
2694 5016 2859 5085 ἡμεῖς
2901 5031 2962 5067 τε
3013 5014 3218 5078 πάντες
3265 5015 3316 5068 οί
3363 5017 3428 5068 ἐκ
3463 5013 3560 5068 τοῦ
3596 5010 3770 5067 αὑτοῦ

2191 5107 2539 5178 φυράματος.
2593 5107 2670 5160 ὓύ
2701 5107 2812 5178 γὰρ
2841 5109 2934 5162 τὸν
2966 5106 3353 5178 ἀναμάρτητον
3399 5106 3572 5176 Ἀδάμ
3600 5102 3771 5176 ἦλθεν

2192 5198 2390 5265 σῶσαι,
2427 5199 2516 5252 ἵνα
2548 5199 2791 5271 ὁμοιωθῇ
2824 5200 3048 5272 ἐκείνῳ,
3101 5199 3242 5254 ἀλλά
3282 5198 3373 5252 τὸν
3402 5199 3773 5270 ἡμαρτηκότα

2190 5291 2286 5345 καὶ
2315 5293 2669 5356 πεπτωκότα,
2704 5293 2792 5346 ἴνα
2817 5293 2881 5364 δὴ
2915 5290 3319 5363 συμπεπονθὼς
3345 5290 3494 5362 αὐτῷ
3522 5291 3619 5344 καὶ
3643 5308 3775 5344 συν-

2189 5385 2494 5457 αναστὴσῃ.
2529 5384 2655 5449 Πῶς
2683 5384 2741 5439 δὲ
2771 5385 2867 5438 καὶ
2893 5385 2954 5438 τὸ
2980 5385 3123 5456 ὑπὲρ
3149 5386 3310 5456 ἡμῶν
3339 5383 3549 5449 ἐξέτισε
3575 5385 3765 5454 χρέος,

2189 5469 2222 5541 ἢ
2255 5472 2352 5539 τὴν
2377 5464 2550 5542 ἧτταν
2575 5473 2966 5538 ἀνεκαλέσατο,
2991 5474 3025 5545 ἢ
3055 5473 3420 5546 ὑπογραμμδς
3445 5473 3650 5545 ἀρετῆς
3674 5475 3768 5543 γέ-

2189 5579 2314 5630 γονε
2341 5601 2357 5626 ,
2415 5564 2513 5617 καὶ
2560 5565 2675 5628 τοῖς
2721 5567 2857 5620 πᾶσι
2906 5567 3008 5636 τῆς
3049 5567 3279 5636 ἀρίστης
3321 5564 3602 5630 πολιτείας
3638 5565 3766 5636 ὅρον

2190 5655 2248 5709 ἐν
2272 5654 2453 5727 ἐαυτῷ
2483 5655 2576 5710 τὸν
2600 5656 2936 5712 τελεώτατον
2966 5657 3250 5730 προύθηκε
3282 5657 3425 5729 βίον;

2260 5787 2326 5842 Α.
2385 5789 2497 5844 Καὶ
2545 5790 2662 5856 πῶς
2691 5792 2758 5846 ἄν
2791 5809 2898 5858 τις,
2932 5794 3142 5857 ἐκεῖνος
3169 5791 3305 5863 ἐφη,
3339 5792 3635 5862 δυνησηται
3661 5807 3766 5862 την

2187 5880 2283 5935 τοῦ
2311 5882 2518 5954 Κυρίου
2548 5883 2836 5956 μιμεῖσθαι
2863 5885 3026 5958 ζωήν,
