4068 6512
298 428 433 496 1349

1348 430 1643 494 CONTRA
1680 430 1997 491 NESTOR.
2038 434 2131 491 ET
2168 433 2491 493 EUTYCH.

3397 425 3531 490 1350

364 546 425 595 0.
460 540 527 593 Ἥ
559 538 999 611 ἀπαράλλακτος,
1031 534 1206 605 εἷπον,
1232 542 1329 610 τῆς
1387 545 1585 609 σαρκὸς
1608 538 1701 591 τοῦ
1752 540 1861 591 Ku-

2030 540 2092 595 Ο.
2126 540 2467 604 Similitudo,
2498 540 2742 608 inquam,
2772 537 2953 593 carnis
2994 536 3211 591 Domini
3246 550 3372 589 cum
3427 553 3531 590 no-

298 633 416 704 ρίου
449 632 583 701 πρὸς
602 631 700 701 τὴν
727 629 1005 701 ἡμετέραν
1031 629 1311 699 ὁμοίωσις,
1334 628 1566 700 δυνατὴν
1598 628 1861 700 πεποίηκε

295 720 395 791 τὴν
446 720 583 788 πρὸς
627 718 790 771 eam
832 717 1211 788 ἁφομοίωσιν,
1269 717 1333 771 ἵν’
1375 718 1470 789 ἐξῇ
1525 717 1723 788 Παύλῳ
1770 717 1865 771 καὶ

294 815 411 875 τοῖς
466 810 591 865 κατ’
632 810 795 863 αὑτὸν
842 810 1064 877 λέγειν·
1128 811 1390 879 Μιμηται
1430 828 1552 878 μου
1599 812 1862 879 γίνεσθε,

296 902 491 968 καθὼς
522 901 684 971 κάγὼ
711 902 969 968 Χριστοῦ
988 916 1005 933 ⁸
1057 902 1206 971 αύτῷ
1230 918 1288 954 τε
1319 901 1398 971 τῷ
1422 903 1608 973 Κυρίῳ
1627 943 1641 968 ,
1697 922 1713 952 ι
1739 902 1865 955 Μά-

299 996 429 1047 θετε
459 994 561 1047 ἀπ’
588 992 758 1061 ἐμοῦ,
812 992 900 1045 ὅτι
945 992 1138 1059 πρᾶός
1174 996 1291 1061 ειμι
1338 995 1433 1046 καὶ
1476 994 1755 1060 ταπεινὸς
1793 993 1866 1063 τῇ

298 1082 531 1151 καρδίᾳ.
565 1082 639 1134 υὺ
674 1083 781 1151 μὴν
808 1083 928 1134 οὐδὲ
957 1084 985 1135 ὁ
1017 1082 1269 1147 Θάνατος,
1299 1081 1387 1135 διά
1416 1083 1514 1153 τῆς
1539 1082 1635 1136 τοῦ
1662 1084 1865 1155 Κυρίου

296 1172 619 1243 νεκρώσεως
647 1171 955 1240 τεθνηκὼς,
973 1172 1083 1225 τῶν
1111 1172 1241 1243 ἑξῆς
1267 1174 1573 1245 ἀνθρώπων
1595 1176 1868 1246 ἀπέσχετο

296 1262 362 1315 ἂν
394 1260 611 1314 πώποτε
631 1300 646 1327 ,
687 1262 761 1331 μὴ
793 1263 882 1315 διὰ
915 1264 1131 1316 πάντων
1164 1264 1365 1333 ὁμοίως
1394 1265 1471 1336 τῷ
1498 1266 1665 1319 πάλαι
1696 1283 1866 1319 κατα-

296 1355 519 1407 πεσόντι
552 1354 878 1424 προσϐαλὼν
905 1396 919 1419 ,
974 1348 1035 1407 οὗ
1086 1356 1275 1425 ἐπειδὴ
1310 1359 1643 1429 γευσάμενος
1677 1359 1866 1428 ἔτυχε,

294 1445 546 1499 τοσοῦτον
594 1447 910 1517 ᾑμωδίασαν
950 1447 1102 1518 αύτῷ
1125 1450 1176 1501 ot
1216 1449 1447 1513 ὀδόντες,
1494 1451 1636 1504 κατά
1661 1452 1751 1504 τὸν
1777 1452 1867 1504 λόο

296 1554 413 1606 γον,
446 1536 589 1591 ὥστε
619 1538 820 1608 μηκέτι
851 1540 949 1608 μὲν
974 1539 1220 1608 ἅψασθαι
1250 1541 1456 1611 τολμᾷν
1480 1543 1591 1594 τῶν
1614 1541 1868 1595 ἐοικότων

296 1629 477 1700 αὐτῷ,
533 1628 940 1701 προσεξεμέσαι
969 1630 1025 1681 δὲ
1067 1632 1162 1683 καὶ
1193 1630 1283 1694 οὓς
1315 1630 1505 1702 πρώην
1534 1629 1867 1684 καταπεπώ-

297 1737 406 1774 κει.
450 1720 513 1773 Ἦ
544 1720 653 1792 γὰρ
686 1722 941 1792 ἐνέργεια
975 1721 1186 1790 σαφῶς,
1217 1717 1396 1791 οἶμαι,
1448 1720 1543 1775 τοῦ
1574 1722 1868 1792 φαρμάκου

295 1812 399 1885 τὴν
424 1811 589 1881 φύσιν
618 1813 956 1865 ἐνδείκνυται
974 1826 988 1841 ⁶
1022 1813 1084 1864 τὸ
1107 1814 1215 1883 γὰρ
1244 1812 1485 1881 ὁμοφυές
1514 1814 1657 1866 ἅπαν
1682 1811 1870 1883 ἐξεμέ-

1966 639 2078 683 stra
2107 630 2226 683 sine
2257 630 2585 694 variatione,
2622 628 2754 683 fecit
2812 637 2870 680 ut
2903 636 3088 697 posset
3129 625 3528 691 assimilariei;

1967 732 2026 778 ut
2048 722 2209 776 liceat
2234 722 2425 786 Paulo,
2450 731 2504 776 et
2538 721 2663 775 aliis
2695 721 2946 789 exemplo
2968 721 3109 789 ejus,
3142 719 3363 775 dicere:
3400 719 3533 773 Imi-
3596 759 3598 761 ›

1967 822 2162 868 latores
2199 813 2299 866 mei
2328 820 2509 875 estote,
2561 813 2695 865 sicut
2747 820 2797 864 et
2830 827 2921 881 ego
2953 810 3149 865 Christi
3180 811 3262 876 ";
3331 818 3386 864 et
3427 810 3531 878 ipsi

1968 904 2200 959 Domino
2232 920 2245 957 ;
2280 903 2527 957 Discitea
2562 918 2663 966 me,
2696 903 2820 972 quia
2888 902 3029 955 mitis
3075 917 3193 953 sum
3236 909 3284 953 et
3321 900 3533 953 humilis

1966 995 2118 1048 corde
2155 994 2221 1050 ³⁸.
2284 993 2400 1048 lmo
2456 1007 2634 1061 neque
2680 1007 2827 1045 mors
2883 1006 2982 1060 per
3038 998 3271 1043 mortem
3326 988 3531 1044 Christi

1967 1096 2185 1141 mortua
2212 1101 2240 1139 a
2270 1084 2499 1155 reliquis
2554 1085 2816 1154 deinceps
2857 1083 3178 1138 hominibus
3203 1098 3261 1135 se
3291 1096 3533 1150 unquam

1966 1177 2288 1241 abstineret,
2323 1176 2428 1230 nisi
2454 1191 2554 1246 per
2586 1176 2767 1229 omnia
2792 1174 3048 1228 similiter
3082 1173 3379 1227 invasisset
3402 1188 3531 1227 eum

1967 1269 2212 1337 quiante
2243 1267 2531 1333 occubuit;
2558 1282 2721 1336 quem
2754 1274 3043 1336 postquam
3076 1265 3333 1335 gustavit,
3365 1280 3533 1333 usque

1966 1357 2106 1411 adeo
2145 1356 2341 1411 dentes
2361 1356 2481 1426 ejus
2497 1356 2923 1424 obstupuerunt,
2943 1365 3002 1408 ut
3032 1354 3328 1422 Scripturze
3350 1352 3534 1406 verbis

1969 1455 2117 1511 utar,
2144 1456 2205 1501 ut
2239 1462 2350 1501 non
2374 1446 2613 1516 amplius
2637 1445 2836 1499 audeat
2854 1460 2951 1499 eos
2981 1444 3275 1514 attingere,
3298 1442 3393 1511 qui
3414 1443 3536 1512 ejus

1968 1538 2176 1592 similes
2213 1547 2363 1603 sunt,
2395 1546 2450 1592 et
2498 1546 2559 1591 ut
2587 1544 2806 1591 evomat
2836 1552 2934 1591 eos
2965 1551 3106 1605 quos
3152 1535 3309 1605 prius
3338 1535 3532 1589 absor-

1968 1639 2172 1699 pserat.
2203 1628 2463 1699 Operatio
2492 1628 2665 1693 enim,
2707 1628 2927 1697 Opinor,
2966 1628 3112 1681 clare
3138 1635 3389 1680 naturam
3418 1638 3535 1679 me-

1970 1720 2262 1774 dicamenti
2296 1719 2673 1784 demonstrat;
2715 1718 2988 1787 siquidem
3032 1733 3194 1772 omne
3242 1716 3389 1787 quod
3418 1724 3537 1772 erat

1969 1812 2213 1882 ejusdem
2245 1820 2474 1875 naturae,
2498 1810 2678 1880 coegit
2710 1824 2965 1865 evomere
2999 1826 3123 1865 eum
3152 1811 3245 1880 qui
3294 1824 3537 1864 momor-

300 1920 392 1958 σαι
445 1903 536 1957 τὸν
584 1902 903 1971 λαφύξαντα
951 1904 1395 1973 κατηνάγκασεν.
1456 1903 1580 1967 Πῶς
1609 1905 1655 1957 δ’
1680 1904 1747 1958 ἀν
1776 1904 1868 1957 καὶ

1971 1904 2141 1958 derat.
2166 1903 2374 1958 Deinde
2425 1902 2703 1972 quomodo
2754 1904 2840 1958 lex
2899 1903 3189 1958 conﬂictus
3236 1903 3290 1956 in
3323 1904 3539 1973 experi-

297 1994 325 2046 ὁ
357 1994 457 2061 τῆς
490 1992 811 2063 συμπλοκῆς
847 1994 1009 2062 νόμος
1030 2031 1045 2057 ,
1104 1995 1162 2046 ἐν
1197 1997 1263 2065 τῇ
1302 1995 1676 2067 προσαχθείσῃ
1700 1996 1867 2067 πείρᾳ

299 2084 667 2152 πεφύλακται,
702 2085 778 2155 μὴ
802 2084 882 2155 τῷ
910 2087 1224 2139 πεπτωκότι
1247 2086 1347 2157 τὴν
1370 2088 1510 2141 κατὰ
1530 2087 1692 2156 φύσιν
1716 2087 1870 2157 ἐχού-

300 2194 400 2247 σης
437 2177 737 2246 ἐμφέρειαν
785 2175 886 2245 τῆς
930 2176 1335 2248 πειραζομένης
1367 2177 1616 2247 φύσεως;
1668 2180 1729 2232 ού
1760 2179 1870 2250 γὰρ

272 2269 481 2340 ¹νικῖιίν,
516 2268 631 2321 ἀλλ’
661 2268 994 2338 ἐπηρεάζειν
1024 2270 1206 2334 ἐστὶν,
1242 2270 1303 2323 τὸ
1335 2271 1491 2341 παρὰ
1516 2273 1639 2335 τοὺς
1670 2272 1869 2342 νόμους

297 2361 398 2430 τῆς
424 2361 666 2428 ἀγωνίας
685 2361 1117 2430 συμπλέκεσθαι⁹
1138 2364 1301 2433 νόμος
1330 2364 1387 2416 δὲ
1410 2364 1670 2432 ἀγωνίας,
1690 2365 1754 2418 τὸ
1780 2365 1869 2420 διὰ

300 2451 395 2505 τοῦ
434 2452 601 2505 πάλαι
641 2453 1178 2515 καταπεπτωκότος,
1213 2455 1613 2508 καταπαλαίειν
1644 2458 1738 2509 τὸν
1766 2457 1868 2527 ἤδη

270 2543 627 2613 Δνενικηκότα
647 2584 662 2609 ,
720 2544 815 2595 καὶ
848 2545 1020 2614 ταύτῃ
1049 2560 1111 2611 γε
1140 2544 1204 2615 δὴ
1234 2546 1333 2614 τὴν
1362 2546 1672 2616 ἔμπροσθεν
1699 2543 1871 2617 ⁴ἧτταν

300 2635 715 2689 ἀνακαλεῖσθαι.
782 2636 906 2698 Πῶς
955 2636 1001 2688 δ’
1030 2635 1095 2688 ἀν
1146 2640 1240 2689 καὶ
1272 2638 1432 2707 ἡμεῖς
1470 2639 1562 2691 τὸν
1590 2640 1745 2710 παρὰ
1773 2640 1872 2710 τὴν

301 2726 396 2778 τοῦ
447 2727 682 2796 ὀργάνου
735 2726 1031 2795 διαφορὰν,
1091 2728 1151 2779 τὸ
1201 2728 1300 2797 τῆς
1340 2730 1539 2799 ἀρετῆς
1591 2729 1870 2801 ἐξαίρετον

303 2816 497 2888 ἔχοντα
525 2818 931 2890 μιμησαίμεθα,
961 2821 1019 2873 ἐν
1044 2821 1271 2892 παθητῷ
1297 2822 1389 2875 καὶ
1414 2821 1636 2893 φθαρτῷ
1658 2823 1870 2890 σώματι

302 2908 403 2978 τὴν
439 2909 578 2981 πρὸς
608 2911 669 2962 τὸ
695 2911 976 2981 ἄφθαρτον
1006 2912 1269 2981 ὁμοίωσιν
1297 2914 1719 2985 ἀπαιτούμενοι;
1753 2918 1871 2969 Πα-

306 3001 613 3072 ραπλήσιον
664 3002 773 3072 γὰρ
827 3002 886 3055 τὸ
935 3002 1152 3056 τοιοῦτο
1198 3000 1336 3057 εἶναι
1383 3007 1563 3071 δοκεῖ,
1615 3008 1871 3079 καθάπερ

304 3088 359 3141 εἴ
402 3107 488 3152 τις
537 3092 595 3143 ἐν
632 3093 967 3153 τεκτονικοῖς
1011 3092 1229 3144 σκεύεσι
1258 3095 1354 3164 τὴν
1384 3097 1746 3168 χαλκευτικὴν
1775 3102 1867 3151 ἐκ·

303 3178 548 3249 πληροῦν
584 3180 781 3249 τέχνην
809 3179 1148 3251 νομοθετοίη.
1211 3184 1322 3236 Καὶ
1352 3184 1461 3256 γὰρ
1504 3188 1552 3238 εί
1594 3186 1751 3240 τοῦτο
1777 3184 1867 3259 ἦν,

1968 2006 2155 2051 mento
2182 1995 2434 2051 adhibito
2468 2006 2685 2051 servata
2724 2008 2891 2061 esset,
2946 1997 2991 2050 si
3032 2003 3229 2049 natura
3258 2012 3379 2065 quae
3412 2005 3534 2050 ten-

1971 2095 2136 2149 tatur,
2170 2102 2276 2141 non
2322 2088 2551 2149 haberet
2601 2087 3016 2142 similitudinem
3062 2088 3367 2141 naturalem
3407 2102 3533 2141 cum

1968 2193 2035 2232 eo
2055 2180 2149 2248 qui
2198 2178 2498 2234 occubuit?
2532 2179 2650 2233 Non
2682 2179 2831 2233 enim
2884 2186 2970 2231 est
3004 2177 3245 2239 vincere,
3296 2176 3392 2229 sed
3425 2176 3535 2229 vim

1970 2271 2188 2334 aﬂ‘erre,
2222 2271 2483 2341 congredi
2524 2278 2721 2340 praeter
2744 2269 2893 2338 leges
2928 2267 3275 2322 certaminis:
3325 2267 3413 2320 lex
3442 2282 3538 2320 ve-

1971 2377 2033 2416 ro
2075 2363 2394 2417 certaminis
2448 2368 2532 2415 est
2588 2375 2687 2429 per
2738 2373 2866 2413 eum
2927 2357 3020 2427 qui
3061 2365 3218 2410 antea
3255 2355 3535 2419 occubuit,

1971 2470 2231 2526 superare
2274 2454 2399 2510 eum
2443 2454 2537 2524 qui
2566 2454 2676 2524 jam
2725 2453 2956 2513 vicerat,
3000 2459 3057 2505 et
3082 2451 3185 2503 hac
3219 2449 3433 2503 ratione
3481 2456 3539 2502 et

1970 2547 2059 2599 via
2087 2547 2429 2615 superiorem
2451 2545 2710 2600 amissam
2746 2543 3037 2598 victoriam
3070 2541 3358 2596 resarcire.
3393 2538 3541 2605 Quo-

1971 2636 2135 2689 modo
2158 2651 2257 2690 nos
2281 2636 2449 2689 etiam
2474 2650 2599 2688 eum
2643 2633 2736 2703 qui
2787 2643 3012 2703 propter
3048 2630 3415 2685 diﬂ‘erentiam
3457 2629 3540 2681 in-

1972 2727 2266 2781 strumenti
2293 2728 2497 2780 virtute
2522 2734 2823 2795 praestaret,
2868 2724 3230 2786 imitaremur,
3276 2738 3304 2775 a
3336 2721 3539 2791 quibus

1974 2815 2377 2885 reqnireretur,
2410 2824 2472 2868 ut
2496 2816 2547 2868 in
2572 2813 2816 2883 passibili
2841 2822 2897 2866 et
2922 2811 3269 2880 corruptibili
3305 2825 3541 2881 corpore

1973 2904 2181 2965 similes
2227 2926 2331 2966 nos
2366 2907 2778 2978 incorruptibili
2822 2906 3219 2961 redderemus?
3262 2908 3365 2962 hoc
3392 2908 3539 2962 enim

1975 3002 2153 3055 simile
2181 3002 2314 3055 mihi
2345 3001 2585 3066 videtur,
2612 3008 2670 3054 ut
2704 2999 2748 3055 si
2780 2999 2907 3070 quis
2929 2999 3048 3068 lege
3081 2998 3304 3067 juheret
3335 2998 3543 3052 instru-

1975 3092 2178 3146 mentis
2206 3092 2493 3146 fabrilibus
2523 3100 2694 3145 artem
2739 3090 2877 3144 fabri
2915 3088 3096 3143 aerarii
3134 3102 3413 3143 exercere.
3444 3087 3539 3141 Et-

1974 3183 2123 3237 enim
2172 3182 2217 3237 si
2259 3183 2333 3236 ita
2395 3191 2560 3244 esset,
2597 3182 2773 3236 etiam
2822 3181 3084 3234 aberrare
3128 3180 3196 3232 ab
3231 3178 3541 3233 imitatione

304 3269 399 3321 καὶ
449 3268 510 3319 τὸ
558 3268 658 3337 τῆς
706 3268 1074 3339 θεομιμησίας
1121 3273 1482 3340 διαμαρτεῖν,
1539 3257 1869 3347 ἀνέγκλητον

1975 3274 2094 3338 Dei,
2124 3273 2354 3328 crimine
2409 3288 2635 3342 prorsus
2681 3278 2919 3325 vacaret.
2944 3269 3063 3323 Non
3091 3270 3237 3323 enim
3265 3283 3437 3337 pr0pe
3458 3276 3536 3322 est

305 3362 483 3434 πάντη
531 3362 849 3432 ἐτύγχανεν.
912 3365 983 3416 Ού
1032 3365 1139 3435 γὰρ
1186 3367 1353 3433 ἐγγὺς
1399 3368 1459 3420 τὸ
1500 3371 1870 3441 παράδειγμα,

276 3455 401 3507 καὶ
447 3456 559 3516 τοῖς
604 3453 808 3523 ταύτην
838 3455 1299 3525 ἐκμιμουμένοις,
1341 3458 1404 3509 τὸ
1437 3458 1527 3511 τὸν
1551 3460 1873 3515 διδάσκαλον

308 3544 669 3617 ὑπερϐάλλειν
706 3544 1083 3615 περιεγένετο,
1134 3547 1191 3597 ἐν
1220 3545 1588 3619 ἀσθενεστέρα
1614 3553 1680 3622 τῇ
1714 3552 1873 3620 φύσει

306 3634 793 3705 πεπολιτευμένοις
818 3636 1300 3706 καὶδιηθληκόσιν.
1319 3640 1424 3693 Ἐὦ
1449 3643 1556 3714 γάρ
1582 3643 1763 3713 λέγειν
1792 3648 1874 3700 ὅτι

311 3725 446 3796 μηδὲ
505 3726 821 3795 πρακτικῆς
876 3728 971 3780 καὶ
1019 3728 1369 3801 ἀνθρωπίνης
1417 3734 1620 3805 ἀρετῆς
1675 3738 1875 3805 νόμους

308 3818 459 3868 ἐστιν
492 3819 675 3887 εὑρεῖν
709 3819 767 3871 ἐν
798 3819 1066 3890 ἀφθάρτῳ
1100 3821 1348 3891 σώματι,
1401 3817 1444 3890 ᾧ
1470 3841 1533 3892 γε
1563 3824 1653 3878 διά
1679 3826 1740 3878 τὸ
1763 3828 1877 3881 ἀνω

309 3905 527 3959 κεῖσθαι
578 3906 688 3959 τῶν
733 3907 1098 3978 ἀνθρωπίνων
1142 3912 1361 3976 παθῶν,
1420 3914 1541 3967 οὐδὲ
1592 3918 1752 3969 πεῖνα
1791 3919 1876 3972 ὅτι

313 3996 449 4067 μηδέ
482 3998 813 4068 ἐγκράτεια,
862 4002 985 4054 οὐδὲ
1030 4003 1192 4066 πόνος
1226 4004 1308 4056 ὅτι
1340 4005 1418 4077 μὴ
1450 4006 1720 4077 ὑπομονὴ,
1753 4008 1875 4062 οὑδέ

311 4088 494 4159 ὕϐρις,
529 4090 614 4142 ὅτι
663 4091 799 4161 μηδὲ
845 4094 1200 4158 ταπείνωσις,
1251 4096 1371 4149 οὐδέ
1402 4113 1455 4151 τι
1484 4098 1594 4151 τῶν
1617 4099 1876 4153 τοιούτων

310 4180 633 4250 πρόσεστιν,
671 4181 758 4235 ἵνα
795 4182 870 4253 μὴ
902 4184 970 4236 τά
1002 4184 1126 4237 καθ’
1149 4186 1354 4239 ἕκαστα
1383 4187 1673 4254 διεξιόντες
1699 4189 1875 4244 ἐνδια-

307 4270 612 4341 τρίϐοιμεν.
650 4273 726 4325 Ού
758 4274 904 4342 μέγα
929 4273 985 4326 δέ
1011 4276 1207 4341 εἰπεῖν,
1245 4278 1326 4331 ὃτι
1361 4280 1495 4350 μηδὲ
1524 4280 1728 4351 ἀρετῆς
1757 4281 1877 4334 ἐπί-

306 4361 475 4426 δειξιν
501 4362 648 4415 ἐστιν
679 4364 772 4416 ἐπὶ
797 4364 897 4432 τῆς
925 4365 1202 4438 ἀφθάρτου
1231 4369 1324 4422 καὶ⁵
1350 4369 1632 4434 ἀνενδεοῦς
1658 4372 1875 4441 φύσεως

308 4451 536 4505 ἐπιδεῖν.
572 4451 803 4504 ’Δλύπου
834 4453 943 4522 γάρ
975 4453 1191 4520 φύσεως
1221 4454 1371 4522 ἀγὼν
1400 4457 1499 4509 οὐκ
1527 4457 1708 4510 ἐστιν’
1740 4459 1789 4511 εί
1815 4458 1873 4511 δὲ

1974 3364 2393 3433 exemplum.Et
2418 3363 2767 3417 imitantibus
2795 3362 3251 3430 versantibusquc
3270 3360 3323 3413 in
3345 3366 3538 3412 natura

1974 3453 2377 3518 inﬂrmiore,et
2420 3454 2834 3509 decertantibns
2889 3452 3107 3506 abunde
3154 3452 3365 3514 fuisset,
3392 3450 3538 3519 quod

1973 3546 2240 3616 magister
2264 3555 2473 3599 natura!
2502 3542 2914 3599 excellentioris
2932 3552 3069 3597 erat.
3098 3540 3303 3596 Omitto
3330 3541 3538 3604 dicere,

1975 3637 2122 3705 quod
2149 3652 2328 3706 neque
2348 3637 2496 3705 leges
2514 3636 2738 3690 virtutis
2770 3638 2824 3689 in
2876 3634 3093 3689 actione
3141 3633 3332 3703 positae
3353 3641 3409 3687 et
3434 3632 3540 3685 hu-

1975 3743 2168 3789 manae,
2194 3728 2248 3781 in
2284 3743 2513 3797 corpore
2542 3727 2943 3796 incorruptibili
2966 3725 3208 3794 reperire
3249 3725 3409 3780 licet:
3452 3723 3538 3782 cui

1975 3818 2219 3888 quidem,
2241 3820 2369 3888 quia
2407 3833 2575 3887 supra
2598 3817 2880 3887 passiones
2905 3818 3173 3871 humanas
3205 3824 3310 3878 est,
3337 3830 3439 3869 nec
3460 3822 3542 3869 est

1976 3909 2169 3973 fames,
2230 3910 2357 3978 quia
2397 3924 2499 3963 nec
2534 3909 2933 3977 temperantia;
2982 3922 3163 3977 neque
3196 3907 3375 3971 labor,
3412 3907 3541 3976 quia

1976 4014 2155 4067 neque
2187 3998 2512 4063 tolerantia;
2562 4012 2742 4066 neque
2787 3998 3141 4059 contumelia,
3188 3996 3315 4065 quia
3364 4012 3542 4066 neque

1976 4088 2285 4153 humilitas;
2320 4104 2421 4143 nec
2452 4088 2659 4157 aliquid
2688 4087 3107 4157 hujusmodi,ne
3147 4087 3377 4157 singulis
3403 4102 3541 4141 enu-

1977 4181 2255 4234 merandis
2278 4180 2671 4234 immoremur:
2716 4194 2893 4249 neque
2915 4194 3173 4248 magnum
3225 4179 3433 4248 aliquid
3462 4180 3541 4233 di-

1976 4286 2117 4332 cam,
2148 4271 2193 4325 si
2224 4271 2436 4333 dixero.
2491 4286 2671 4340 neque
2704 4271 2964 4325 virtutem
3002 4270 3237 4340 spectari
3286 4278 3340 4323 et
3388 4271 3541 4324 cerni

1978 4359 2035 4413 in
2069 4368 2265 4414 natura
2294 4360 2528 4430 alicujus
2555 4360 2990 4430 incorruptibilis
3010 4369 3065 4415 et
3116 4360 3252 4414 nihil
3295 4359 3544 4430 indigen-

1977 4452 2070 4507 tis.
2100 4452 2319 4507 Naturaz
2342 4452 2491 4507 enim
2524 4469 2554 4507 a
2592 4453 2783 4507 dolore
2827 4462 2883 4507 et
2906 4452 3129 4506 tristitia
3154 4452 3398 4506 var-antis
3432 4467 3541 4506 non

312 4540 421 4609 μὴ.
472 4540 595 4593 ούδέ
640 4542 761 4611 νίκη
786 4558 801 4572 ο
860 4545 908 4595 εί
935 4543 991 4595 δέ
1023 4543 1098 4613 μὴ
1130 4544 1278 4614 νίκη,
1312 4545 1433 4598 οὐδὲ
1461 4546 1739 4615 στέφανοι.
1778 4549 1869 4613 Είς

1976 4551 2062 4597 est
2086 4550 2400 4606 certamen;
2436 4542 2481 4595 si
2527 4552 2710 4595 autem
2746 4556 2855 4595 non
2900 4552 2983 4595 est
3034 4549 3329 4604 certamen,
3363 4556 3543 4609 neque

306 4630 469 4684 τοῦτο
496 4630 562 4701 δὴ
588 4629 690 4699 τῆς
717 4632 948 4695 ἀτοπίας
980 4634 1039 4685 τὸ
1071 4633 1329 4703 μέγεθος,
1380 4635 1441 4687 τὸ
1488 4636 1699 4707 κομψὸν
1728 4639 1869 4710 ὑμᾶς

1980 4632 2247 4692 victoria;
2283 4631 2328 4686 si
2353 4646 2486 4685 vero
2514 4646 2623 4684 non
2653 4639 2738 4685 est
2791 4630 3040 4694 victoria,
3089 4646 3268 4699 neque
3300 4645 3539 4686 coronae.

308 4722 407 4791 τῆς
434 4720 751 4792 ἀφθαρσίας
783 4722 1072 4792 ἀπήγαγεν
1099 4724 1291 4793 ὄνομα.

379 4923 444 4976 Α.
480 4921 694 4993 Κομιδῇ
725 4920 882 4991 γοῦν,
926 4921 1135 4986 ἐκεῖνος
1162 4923 1263 4993 ἔφη
1283 4966 1296 4989 ,
1352 4925 1412 4978 τὸ
1445 4924 1587 4995 μέγα
1613 4927 1715 4997 τῆς
1742 4926 1875 4980 ἐνὼ-

311 5027 449 5070 σεως
497 5012 821 5082 ἐκταράττει
872 5013 1174 5082 μυστήριον
1196 5028 1209 5041 ·
1246 5015 1295 5065 εί
1322 5014 1397 5083 μὴ
1430 5014 1500 5067 τά
1526 5015 1624 5085 τῆς
1655 5016 1871 5088 ἀφθαρ-

1978 4720 2060 4775 Ad
2086 4721 2191 4775 hoc
2211 4730 2320 4775 tam
2342 4720 2663 4782 absurdum,
2699 4720 2917 4789 elegans
2974 4735 3175 4774 nomen
3204 4719 3535 4789 ἀφθαρσίας,

1978 4811 2032 4865 id
2057 4821 2143 4866 est
2162 4810 2725 4881 incorruptibilitatis,
2758 4825 2855 4865 vos
2883 4810 3087 4880 adegit.

2044 4924 2114 4979 Η.
2148 4923 2528 4988 Vehementer,
2552 4922 2865 4993 inquitille,
2916 4937 3172 4993 magnum
3214 4924 3536 4993 mysterium

1974 5017 2200 5071 unionis
2229 5017 2436 5081 turbat,
2470 5016 2515 5072 si
2545 5015 2787 5072 Verbum
2842 5030 2951 5069 non
2982 5014 3133 5069 dedit
3180 5016 3399 5085 corpori
3440 5031 3544 5072 suo

311 5101 682 5169 σίαςόΛόγος
733 5102 827 5156 ἀπ’
852 5104 1028 5173 ἀρχῆς
1073 5102 1148 5173 τῷ
1194 5104 1380 5175 οἰκείῳ
1430 5104 1729 5177 δεδώρηται
1778 5107 1869 5160 σώ·

1973 5124 2002 5163 a
2030 5109 2324 5179 principio,
2359 5119 2419 5164 ut
2438 5106 3038 5177 essetineorruptibile,
3068 5106 3163 5161 sed
3196 5123 3351 5177 aeque
3378 5119 3542 5181 atque

313 5208 448 5261 ματι
471 5231 487 5255 ,
534 5192 672 5246 ἀλλά
716 5194 857 5247 κατά
886 5194 977 5247 τὸν
1010 5196 1125 5247 ῐσον
1151 5194 1355 5263 τρόπον
1386 5198 1518 5265 ἡμῖν
1544 5197 1750 5265 αὐτοῖς,
1781 5200 1869 5252 καὶ

1977 5201 2137 5255 nobis
2166 5201 2300 5272 ipsis
2333 5201 2435 5271 ipsi
2475 5201 2530 5255 in
2559 5210 2839 5271 posterum
2870 5198 2974 5253 hoc
3008 5198 3329 5253 reservavit.

309 5284 459 5354 αύτῷ
490 5284 590 5355 τὴν
620 5284 700 5348 είς
730 5284 958 5357 ὕστερον
989 5286 1304 5357 ἀφθαρσίαν
1337 5288 1722 5359 ἐταμιεύσατο.

381 5378 444 5430 Ο.
480 5377 745 5441 Μείζονος
775 5377 821 5429 δ’
848 5378 915 5433 ἂν
944 5378 1032 5449 εἴη
1062 5380 1163 5450 τῆς
1189 5380 1480 5445 εὐλαϐείας
1508 5382 1675 5449 ἀξιον,
1699 5378 1873 5449 εἷπον,

2048 5379 2111 5437 Ο.
2148 5380 2335 5449 Majori
2374 5378 2702 5444 reverentia,
2738 5379 2963 5448 inquam
2999 5392 3123 5449 ego,
3178 5376 3403 5447 dignum
3431 5384 3540 5442 est,

307 5465 370 5520 τό
405 5466 543 5535 μετά
572 5484 694 5522 τινα
724 5467 905 5537 λέγειν
933 5471 1264 5541 γεγενῆσθαι
1294 5472 1510 5543 καιρὸν,
1539 5472 1631 5527 τοῦ
1663 5475 1869 5545 Κυρίου

1979 5474 2164 5530 dicere
2196 5474 2393 5529 factam
2429 5488 2549 5528 esse
2577 5482 2702 5542 post
2722 5471 2944 5541 aliquod
2972 5478 3187 5539 tempus
3208 5469 3544 5538 assumptio-

304 5555 408 5629 τὴν
438 5557 729 5630 ἀνάληψιν,
765 5558 860 5613 καὶ
891 5559 990 5630 τὴν
1019 5561 1084 5614 ἐκ
1111 5559 1300 5625 δεξιῶν
1332 5562 1539 5634 ἵδρυσιν
1560 5604 1575 5630 ,
1627 5564 1764 5618 ἀλλά
1797 5563 1869 5635 μὴ

1977 5580 2101 5621 nem
2127 5565 2365 5629 Domini,
2389 5572 2441 5621 et
2474 5564 2540 5619 ad
2580 5563 2862 5619 dexteram
2905 5562 2960 5617 in
2985 5560 3141 5617 ccelis
3194 5574 3541 5623 consessum,

382 5800 424 5833 ”
459 5797 693 5869 Philipp.
728 5816 803 5866 ιιι,
838 5801 921 5855 l7.
996 5802 1040 5833 ³³
1067 5802 1257 5859 Matth.
1291 5819 1361 5871 xr,
1395 5804 1483 5858 29.
