4020 6574
591 497 690 563 3:31

1802 499 2113 560 LEONTII
2156 499 2563 560 BYZANTINI

3733 493 3860 558 i352

551 624 610 671 et
654 627 764 668 non
794 625 824 667 a
859 608 1136 683 principio
1161 611 1406 666 unionis.
1431 611 1552 667 Non
1585 613 1733 667 enim
1770 611 1906 666 mibi
1937 611 2018 666 fas
2049 620 2135 666 est

2254 615 2304 664 ix
2355 609 2583 682 πρώτης
2631 610 2901 675 ἐνώσεως.
2964 613 3039 666 Οὐ
3083 610 3194 685 γάρ
3237 609 3401 683 θέμις
3444 611 3667 684 ἔμοιγι
3732 606 3856 676 ἄλλῃ

553 705 663 760 alio
694 702 859 758 modo
891 703 1012 775 ejus
1042 703 1263 758 laudem
1291 703 1655 774 ampliﬁcare.

623 819 688 875 ll.
715 821 824 875 Sed
850 823 895 874 si
928 820 1054 885 hoc,
1082 818 1287 890 inquit,
1315 820 1522 876 factum
1545 828 1654 886 est,
1699 820 1840 875 nihil
1878 820 2006 876 inde
2034 834 2134 875 no-

553 915 640 968 bis
667 913 926 983 amplius.

625 1032 689 1088 0.
716 1032 933 1101 Quare?
953 1032 1177 1102 inquam
1212 1046 1336 1102 ego.

628 1155 692 1208 ll.
719 1154 879 1221 Quia,
906 1155 1106 1224 inquit,
1157 1168 1334 1223 neque
1392 1152 1473 1208 sic
1520 1151 1930 1224 gubernantur;
1961 1170 2142 1226 neque

559 1248 748 1301 statim
784 1248 935 1318 iuxta
967 1245 1149 1315 ipsum
1171 1245 1411 1314 primum
1440 1254 1626 1300 ortum
1657 1246 1776 1301 sive
1806 1247 2138 1311 naturalem,

557 1342 672 1396 sive
701 1347 883 1393 ortum
907 1353 976 1393 ex
1023 1338 1354 1408 baptismate
1381 1351 1613 1408 regnum
1659 1337 1926 1393 cmlorum
1977 1338 2141 1393 nobis

558 1436 742 1489 datur.

628 1556 693 1612 0.
717 1557 793 1610 Da
820 1553 979 1617 mihi,
1007 1553 1234 1623 inquam
1282 1567 1406 1622 ego,
1440 1560 1500 1606 ut
1533 1551 1641 1606 hoc
1683 1551 1850 1607 modo
1906 1550 2139 1606 habeam

559 1649 886 1722 mysterium
929 1646 1516 1716 incorruptibilitatis;
1559 1645 1696 1715 quid
1723 1660 1864 1716 opus
1903 1653 2043 1708 erat,
2083 1652 2144 1697 ut

558 1743 676 1812 ipse
702 1751 897 1811 postea
947 1739 1362 1794 institutionem
1390 1738 1519 1792 vitae
1545 1737 1863 1792 communis
1889 1735 2142 1804 suscipe-

559 1844 664 1898 ret,
690 1835 735 1889 si
761 1849 874 1888 non
895 1834 1007 1905 jam
1035 1834 1091 1887 in
1117 1833 1237 1903 ipso
1265 1829 1571 1887 secundum
1619 1830 1853 1900 primam
1894 1827 2144 1898 corporis

557 1928 678 1996 ejus
701 1925 1085 1980 formationem
1118 1925 1290 1980 totius
1342 1921 1587 1994 mysterii
1618 1921 2016 1992 perfectionem
2053 1920 2146 1973 ha-

559 2019 792 2073 bemus?
823 2017 881 2072 Si
918 2017 1066 2072 enim
1107 2017 1225 2070 haec
1270 2031 1382 2070 non
1420 2015 1501 2070 sic
1555 2021 1706 2080 sunt,
1758 2013 1930 2083 igitur
1961 2028 2144 2082 neque

558 2121 728 2166 totam
763 2119 990 2181 propter
1015 2124 1119 2164 nos
1156 2106 1518 2164 (economiam
1547 2105 1750 2191 factam
1784 2120 1906 2160 esse
1930 2103 2144 2174 reperi-

556 2220 703 2266 mus,
745 2203 842 2259 sed
883 2203 1065 2272 ipsum
1101 2210 1314 2256 tantum
1347 2199 1597 2270 mysterii
1637 2197 1996 2256 proemium.

630 2327 697 2381 ll.
729 2325 1040 2394 Quomodo,
1065 2323 1269 2393 inquit,
1296 2319 1404 2375 hoc
1445 2319 1626 2374 dicis?
1658 2317 1778 2373 Non
1821 2318 1969 2373 enim
1993 2315 2140 2387 quod

557 2416 751 2472 divisti
787 2417 1058 2487 intelligo.

631 2541 696 2597 Ο.
733 2539 915 2607 Quod,
951 2547 1014 2593 ut
1073 2547 1131 2592 tu
1165 2537 1269 2604 ais,
1313 2536 1539 2609 inquam
1593 2553 1720 2608 ego,
1760 2537 1869 2592 erit
1916 2535 2140 2606 quidem

563 2637 882 2691 incarnatus
916 2643 1142 2704 propter
1200 2646 1320 2696 nos,
1346 2643 1403 2686 et
1448 2639 1677 2700 propter
1734 2639 1983 2683 nostram
2014 2627 2142 2684 inde

563 2725 1180 2796 incorruptibilitatem;
1217 2731 1472 2777 versatus
1515 2737 1647 2777 vero
1683 2721 1739 2776 in
1769 2721 1906 2784 vita,
1937 2730 1994 2775 et
2020 2737 2144 2791 pas-

562 2835 677 2885 sus,
703 2833 766 2874 ac
784 2817 1080 2872 suscitatus
1105 2815 1294 2869 nescio
1315 2829 1509 2884 quare.
1535 2812 1592 2868 Si
1623 2829 1755 2868 vero
1790 2812 2142 2883 propositum

561 2920 682 2966 erat
736 2910 1007 2965 suscitare
1053 2923 1179 2962 eum
1221 2905 1318 2978 qui
1369 2906 1689 2970 ceciderat,
1747 2914 1803 2960 et
1840 2921 1907 2960 ex
1963 2914 2143 2961 morte

563 3002 837 3057 redimere
898 3009 1062 3069 atque
1108 2997 1177 3051 ad
1241 2999 1408 3051 vitam
1476 3012 1761 3062 revocare,
1819 3004 1978 3051 etut
2020 3011 2144 3050 cor-

554 3111 697 3167 pore
754 3091 1162 3163 incorruptibili
1213 3089 1358 3145 facto
1395 3088 1840 3159 splendesceret:
1877 3089 1995 3144 haec
2030 3104 2141 3142 non

562 3189 725 3242 aliter
753 3187 972 3242 abunde
1003 3184 1166 3240 nobis
1219 3182 1410 3238 adesse
1439 3190 1716 3252 poterant,
1770 3197 1934 3251 quam
1959 3181 2003 3235 si
2033 3181 2143 3235 Do-

560 3281 749 3336 minus
808 3276 1246 3346 unumquodque
1311 3275 1507 3328 horum
1565 3273 1622 3326 in
1683 3272 1906 3343 propria
1975 3288 2142 3328 carne

564 3372 1030 3426 demonstrasset:
1065 3367 1180 3421 hazc
1203 3375 1388 3420 autem
1419 3364 1626 3428 omnia,
1656 3373 1716 3418 ut
1741 3378 1839 3418 vos
1861 3363 2085 3433 putatis,
2111 3379 2142 3417 a

565 3461 839 3533 principio
865 3459 1089 3513 unionis
1113 3475 1142 3512 a
1160 3458 1393 3513 Domino
1444 3456 1688 3526 perfecta
1720 3463 1872 3519 sunt,
1911 3470 2142 3524 corpore

565 3558 914 3629 ejusexipsa
955 3556 1160 3610 unione
1187 3555 1594 3625 incorruptibili
1651 3554 1815 3610 facto.
1865 3553 2143 3608 Habemus

566 3650 735 3720 igitur
755 3663 820 3702 ex
857 3648 976 3716 ipso
1019 3647 1197 3716 primo
1255 3645 1502 3717 mysterii
1543 3643 1704 3698 initio
1743 3652 1918 3698 totum
1941 3653 2145 3714 myste-

565 3744 744 3798 rium:
777 3753 1184 3810 supervacanea
1228 3735 1569 3805 fuitreliqua
1617 3734 1881 3803 deinceps
1915 3747 2142 3787 (necno-

563 3835 696 3890 mia.
729 3832 888 3886 Sicut
915 3829 1060 3885 enim
1081 3829 1126 3883 si
1159 3827 1336 3898 primo
1384 3824 1632 3881 remedio
1685 3824 1898 3894 integra
1936 3823 2144 3876 sanitas

561 3927 726 3998 :egris
773 3925 1120 3986 restituatur,
1176 3935 1520 3990 supervacua
1589 3925 1676 3973 est
1733 3926 1926 3987 postea
1974 3930 2140 3986 opera

567 4019 934 4079 medicorum,
961 4013 1134 4069 semel
1164 4009 1534 4066 invalitudine
1563 4015 1852 4079 superata:
1888 4006 1967 4061 sic
1988 4006 2034 4060 si
2075 4021 2144 4058 ex

569 4109 687 4178 ipsa
730 4109 935 4161 unione
966 4120 1093 4159 cum
1122 4118 1289 4158 carne
1344 4101 1554 4155 bonum
1596 4096 2144 4168 incorruptibilitatis

567 4199 731 4255 nobis
763 4198 1013 4261 immisit,
1039 4196 1220 4250 omnis
1247 4195 1465 4263 reliqua
1508 4192 1768 4246 circuitio
1789 4201 1846 4246 et
1901 4190 2144 4244 ambitus

566 4289 812 4362 mysterii
850 4287 1162 4358 superfluus
1196 4295 1302 4341 est.
1334 4285 1439 4339 Sed
1471 4284 1744 4346 existimo,
1794 4281 2022 4337 evenire
2048 4297 2146 4336 vo-

567 4383 674 4440 bis.
701 4389 765 4435 ut
788 4379 868 4434 sic
891 4378 1121 4449 putetis,
1141 4376 1290 4447 quod
1317 4375 1584 4447 ignoratis
1598 4375 1760 4428 aliam
1781 4373 2004 4444 quidem
2017 4389 2144 4430 esse

566 4471 837 4526 rationem
884 4468 1231 4525 formatioan
1289 4467 1577 4533 corporis,
1623 4466 1791 4520 alium
1854 4482 1988 4522 vero
2029 4481 2146 4521 mo-

563 4565 698 4620 dum
728 4563 968 4619 unionis.
1000 4561 1179 4631 Atque
1232 4561 1366 4614 illud
1388 4559 1614 4630 quidem
1653 4575 1721 4614 ex
1751 4561 2047 4630 praesentia
2087 4565 2145 4614 et

566 4658 807 4714 adventu
848 4655 1091 4725 Spiritus
1115 4653 1290 4708 sancti
1319 4652 1618 4718 exstitisse,
1663 4651 1760 4722 qui
1801 4651 1938 4706 illud
1964 4659 2026 4705 ut
2060 4649 2144 4705 ef-

567 4750 742 4804 fector
783 4745 1073 4810 formavit;
1125 4743 1389 4798 unionem
1449 4758 1580 4797 vero
1618 4758 1730 4796 non
1776 4757 1844 4796 ex
1873 4740 2140 4811 energia,

2244 719 2363 766 πως
2397 703 2561 759 αὐτόν
2594 721 2726 758 ποτε
2760 704 3111 776 μεγαλύνειν.

2309 827 2378 878 Δ.
2415 824 2558 878 Ἀλλ’
2583 826 2635 878 εί
2662 825 2758 879 καὶ
2783 825 2946 880 τοῦτο
2970 827 3227 897 γενέσθαι
3252 827 3663 900 συμῦἐόηκεν,
3684 823 3856 891 εἶπεν,

2244 915 2353 969 οὐδ’
2382 916 2449 970 ἂν
2477 913 2547 990 ἦν
2575 935 2629 971 τι
2659 918 2911 972 ἐντεῦθεν
2941 919 3107 974 πλέον
3134 922 3290 992 ἡμῖν.

2314 1039 2377 1091 0.
2415 1036 2525 1090 Τοῦ
2548 1036 2614 1108 δὴ
2639 1039 2837 1111 χάρινς
2871 1037 3028 1095 εἷπον
3057 1041 3188 1110 ιγώ.

2313 1161 2379 1213 Α.
2417 1159 2708 1231 Διότιπερί.
2753 1159 2890 1231 ἔφη,
2937 1161 3077 1233 μηδὲ
3136 1160 3310 1227 οὕτως
3360 1165 3856 1235 οίκονομούμεθα,

2242 1251 2356 1305 εἴτε
2389 1252 2490 1324 τὴν
2518 1252 2778 1324 φυσικὴν,
2809 1253 2922 1306 εἴτε
2949 1256 3045 1307 τοῦ
3075 1253 3487 1327 βαπτίσματος,
3533 1261 3574 1329 ή
3611 1259 3744 1312 τῶν
3774 1263 3857 1311 0'5-

2247 1344 2428 1416 ρανῶν
2459 1346 2593 1417 ἡμῖν
2619 1345 2824 1400 δίδοται
2853 1345 3129 1419 βασιλεία.

2317 1554 2380 1609 0.
2431 1552 2617 1625 Ταύτῃ
2666 1570 2764 1624 μοι
2805 1553 2952 1607 δίδου
2977 1593 2995 1620 ,
3047 1555 3188 1626 πρὸς
3227 1555 3394 1609 αὐτὸν
3427 1549 3632 1621 εἷπον,
3671 1559 3778 1610 καὶ
3803 1559 3854 1609 τὸ

2243 1648 2343 1718 τῆς
2386 1648 2701 1718 ἀφθαρσίας
2745 1647 2896 1718 εχειν
2947 1649 3288 1719 μυστήριον·
3345 1649 3433 1712 τίς
3473 1651 3602 1720 γὰρ
3647 1645 3728 1722 ἦν
3768 1653 3852 1705 καί

2242 1741 2430 1812 χρείαδ
2463 1741 2564 1811 τὴν
2609 1743 2690 1802 είς
2733 1741 2796 1795 τὸ
2825 1741 2956 1809 ἑξῆς
2985 1740 3152 1793 αὑτὸν
3182 1740 3464 1796 πολιτείαν
3495 1742 3848 1808 ἀναλαϐεῖν,

2244 1833 2481 1904 ἑχόντων
2510 1834 2544 1903 ἡ
2554 1831 2672 1902 μῶν
2698 1832 2758 1885 ὲν
2779 1831 2934 1902 αὐτῴ
2964 1833 3105 1888 κατά
3129 1833 3227 1903 τὴν
3255 1835 3484 1906 πρώτην
3509 1833 3846 1900 διάπλασιν,

2243 1926 2343 1998 τὴν
2409 1925 2504 1978 τοῦ
2569 1924 2773 1990 παντὸς
2827 1925 3140 1998 μυστηρίου
3197 1927 3538 1993 τελείωσιν;
3621 1929 3696 1983 Εἰ
3751 1931 3846 1996 γὰρ

2249 2018 2327 2090 μὴ
2357 2017 2535 2073 ταῦτα
2559 2017 2742 2083 οὕτως
2765 2055 2780 2081 .
2834 2019 2963 2072 οὐδὲ
2997 2021 3183 2074 πᾶσαν
3211 2019 3559 2090 γεγενῆσθαι
3593 2020 3678 2074 δι’
3710 2023 3846 2092 ἡμᾶς

2247 2111 2345 2182 τὴν
2393 2110 2715 2174 οἰκονομίαν
2764 2109 3130 2181 εὑρίσκομεν,
3191 2111 3311 2166 ἀλλ’
3357 2111 3502 2165 αὐτὸ
3555 2113 3748 2182 μόνον
3795 2115 3847 2164 τὸ

2176 2167 2219 2226 Β
2245 2167 2342 2257 τοῦ
2369 2167 2678 2273 μυστηρίου
2709 2167 3024 2272 προοίμιον..

2313 2323 2380 2377 Δ.
2418 2323 2566 2389 Πῶς,
2595 2321 2724 2392 εφη,
2752 2321 2914 2375 τοῦτο
2941 2321 3156 2390 λέγεις;
3189 2321 3253 2376 οὐ
3281 2323 3393 2396 γὰρ
3419 2323 3490 2395 δὴ
3518 2325 3630 2378 τοῦ
3657 2325 3844 2396 ρηθέν-

2239 2430 2338 2478 τος
2369 2415 2624 2486 συνίημι.

2314 2538 2371 2591 0.
2409 2536 2533 2590 Ὀτι
2563 2552 2628 2606 γε
2655 2533 2722 2608 δὴ
2751 2535 2897 2589 κατά
2921 2536 3050 2597 τοὺς
3078 2536 3227 2600 σοὺς,
3256 2533 3417 2605 ἔφην,
3446 2534 3690 2604 λόγους,
3723 2553 3846 2611 σαρ-

2245 2628 2446 2693 κωθεὶς
2497 2627 2598 2699 μὲν
2643 2627 2799 2681 ἔσται
2846 2626 2914 2682 δι’
2947 2628 3096 2698 ἡμᾶς
3146 2629 3241 2679 καὶ
3275 2625 3376 2696 τὴν
3403 2625 3686 2681 ἐντεῦθεν
3721 2630 3845 2698 ἡμῖν

2245 2718 2557 2791 ἀφθαρσίαν
2577 2759 2594 2784 ,
2651 2717 3117 2788 πεπολιτευμένος
3147 2717 3206 2770 δὲ
3237 2716 3431 2771 παθὼν
3461 2734 3521 2770 τε
3571 2725 3686 2772 καὶ
3717 2721 3843 2772 ἀναο

2247 2814 2380 2876 στὰς
2402 2854 2418 2878 ,
2475 2813 2577 2865 οὐκ
2610 2807 2709 2865 οἷδ’
2741 2809 2859 2864 ἀνθ’
2885 2811 3032 2864 ὅτου.
3087 2809 3151 2863 Et
3178 2809 3236 2862 δὲ
3266 2809 3472 2872 σκοπὸς
3505 2810 3619 2878 μιν
3652 2807 3730 2883 ἦν
3763 2814 3843 2865 τιν

2246 2904 2486 2958 πεσόντα
2518 2902 2827 2973 ἀναστῆσαι
2853 2942 2869 2964 ,
2923 2902 3021 2955 καὶ
3053 2903 3120 2955 ὲκ
3145 2900 3379 2954 Θανάτου
3415 2900 3843 2973 λυτρώσασθαι,

2245 2997 2341 3050 καὶ
2391 2997 2472 3060 είς
2512 2994 2658 3066 ζωὴν
2703 2993 2938 3049 καλέσαι
2973 2995 3069 3048 καὶ
3100 2994 3433 3059 ἀναϐίωσιν,
3470 2995 3765 3067 ἀφθάρτῳ
3791 3013 3842 3049 τε

2241 3087 2708 3161 καταλαμπρῦναι
2741 3088 2990 3157 σώματι,
3029 3085 3204 3140 ταῦτα
3231 3085 3287 3139 δὲ
3321 3087 3456 3156 ἡμῖν
3489 3087 3592 3158 οὐχ
3632 3091 3844 3160 ἑτὲμνς

2245 3181 2594 3255 περιεγίνετο
2620 3220 2635 3245 ,
2693 3179 2770 3250 μὴ
2798 3179 2923 3248 οὐχὶ
2951 3177 3045 3231 τοῦ
3075 3179 3283 3249 Κυρίου
3314 3181 3373 3231 ὲν
3401 3182 3466 3250 τῇ
3495 3180 3617 3252 ἰδίᾳ
3653 3184 3841 3253 σαρξὶ,

2242 3273 2449 3328 τούτων
2496 3275 2732 3326 ἕκαστον
2785 3271 3251 3342 ἐπιδειξαμένου·
3316 3271 3492 3344 ταύτῃ
3545 3273 3609 3328 δὲ
3668 3277 3843 3330 πάντα

2245 3367 2368 3420 καθ’
2417 3365 2561 3435 ὑμᾶς
2613 3365 2678 3418 ὲκ
2727 3363 2954 3433 πρώτης
3001 3365 3250 3428 ἑνώσεως
3306 3365 3414 3418 ὑπὸ
3463 3365 3564 3420 τοῦ
3622 3368 3841 3440 Κυρίου

2261 3459 2603 3522 τετέλεσται,
2640 3457 2700 3510 τὸ
2728 3457 2926 3510 ἑαυτοῦ
2956 3456 3117 3528 σῶμα
3145 3457 3282 3528 πρὸς
3305 3457 3633 3531 ἀφθαρσίαν
3672 3479 3843 3532 μετα-

2247 3552 2617 3622 κεράσαντος,
2673 3548 2870 3620 ἔχομεν
2920 3547 2982 3612 ἐξ
3025 3549 3196 3620 αὐτῆς
3233 3549 3341 3621 ἄρα
3386 3550 3481 3603 τοῦ
3519 3555 3841 3627 μυστηρίου

2244 3644 2346 3713 τῆς
2377 3642 2604 3714 πρώτης
2635 3640 2814 3712 ἀρχῆς
2847 3641 2907 3694 τὸ
2937 3642 3048 3694 πᾶν
3079 3641 3175 3695 τοῦ
3207 3645 3552 3714 μυστηρίου,
3601 3649 3716 3699 καὶ
3755 3663 3842 3697 πε-

2249 3733 2404 3805 ριττὴ
2448 3732 2636 3786 λοιπὸν
2680 3734 2714 3802 ἠ
2750 3733 2878 3802 ἑξῆς
2907 3733 3221 3802 οίκονομία.
3272 3734 3486 3804 Ὠσπερ
3517 3736 3637 3807 γάρ
3669 3740 3732 3792 εἰ
3759 3738 3842 3790 διὰ

2245 3825 2467 3898 πρώτου
2513 3827 2813 3898 φαρμάκου
2866 3825 3052 3879 τελεία
3113 3828 3228 3888 τοῖς
3279 3826 3599 3897 κάμνουσιν
3654 3830 3840 3898 ὑγίεια

2247 3917 2634 3988 προσεγίνετο,
2693 3915 2930 3987 περιττὴ
2985 3916 3176 3970 λοιπὸν
3227 3919 3260 3989 ὴ
3312 3919 3456 3986 μετά
3495 3919 3692 3976 ταῦτα
3729 3924 3840 3983 τοῖς

2249 4011 2454 4081 ιατροτς
2486 4011 2956 4084 ὲπιτετηδευμένη
2991 4011 3132 4065 κατὰ
3160 4011 3260 4081 τῆς
3289 4011 3438 4079 ἅπαξ
3460 4016 3838 4086 νενικημένης

2245 4105 2556 4177 ἀρρωστίας
2589 4104 2831 4174 σπουδή·
2881 4105 2975 4156 τὸν
3007 4104 3173 4157 αὑτὸν
3203 4103 3268 4174 δὴ
3288 4105 3514 4174 τρόπον,
3549 4109 3610 4160 et
3637 4111 3721 4163 ἐκ
3749 4109 3838 4178 τῆς

2247 4196 2496 4260 ἐνώσεως
2546 4198 2644 4267 τῆς
2693 4197 2833 4267 πρὸς
2881 4196 2981 4268 τὴν
3027 4198 3243 4266 σάρκα,
3290 4198 3352 4250 τὸ
3383 4199 3480 4268 τῆς
3510 4199 3837 4272 ἀφθαρσίας

2246 4289 2442 4360 ἐνῆκεν
2472 4290 2606 4360 ἡμῖν
2633 4288 2865 4356 ἀγαθὸν,
2903 4289 3137 4359 περιττὴ
3166 4290 3319 4343 πᾶσα
3346 4291 3381 4360 ἡ
3405 4289 3581 4363 λοιπὴ
3610 4294 3716 4350 τοῦ
3742 4313 3836 4364 μυ-

2249 4377 2474 4448 στηρίου
2528 4377 2799 4449 περίοδος.
2859 4378 3001 4432 Ἀλλ’
3037 4377 3196 4450 οἶμαι
3229 4380 3392 4434 τοῦτο
3417 4381 3662 4452 πάσχειν
3695 4386 3836 4455 ὑμᾶς

2246 4469 2581 4540 ἀγνοοῦντας
2602 4509 2621 4533 .
2680 4470 2763 4524 ὅτι
2812 4469 2973 4534 ἄλλος
3006 4470 3109 4542 μὲν
3140 4474 3169 4525 ὁ
3195 4471 3355 4540 λόγος
3381 4473 3486 4542 τῆς
3513 4474 3835 4535 eum“

2246 4562 2345 4618 τοῦ
2377 4562 2658 4635 σώματος,
2692 4562 2855 4626 ἄλλος
2883 4562 2942 4616 δὲ
2972 4565 3000 4616 ὁ
3029 4563 3132 4634 τῆς
3153 4565 3408 4628 -ὲνώσεως
3431 4565 3666 4635 τρέπος.
3731 4569 3834 4624 Καὶ

2245 4657 2329 4711 ὅτι
2381 4658 2442 4711 τὸ
2483 4655 2586 4727 μὲν
2632 4655 2880 4726 ὑπῆρξεν
2923 4655 3073 4727 αὐτῴ
3121 4658 3188 4710 ἐκ
3233 4657 3334 4727 τῆς
3363 4657 3465 4710 τοῦ
3497 4659 3833 4729 Exspcto;

2248 4748 2551 4817 παρουσίας
2599 4747 2695 4800 καὶ
2742 4745 3043 4817 ἐνδημίας,
3093 4747 3512 4818 δημιουργικῶς
3537 4749 3684 4806 αὐτὸ
3714 4751 3828 4806 διε.

567 4843 682 4896 sive
746 4838 1066 4909 operatione
1114 4835 1304 4900 Verbi,
1355 4834 1450 4890 sed
1495 4850 1562 4890 ex
1612 4843 1728 4889 tota
1780 4843 1836 4889 et
1889 4834 2143 4888 substan-

2254 4839 2624 4909 πλαττούσης·
2658 4837 2719 4891 τὸ
2745 4837 2803 4891 δὲ
2829 4839 2928 4891 οὐκ
2961 4840 3026 4892 ὲκ
3054 4839 3156 4910 τῆς
3183 4838 3279 4894 τοῦ
3307 4841 3483 4906 Λόγου
3510 4843 3778 4914 ὲνεργεία
3811 4884 3824 4907 ,

568 4935 685 4991 tiali
733 4931 956 4987 unione.
1001 4929 1192 4986 Virtus
1234 4928 1382 4983 enim
1439 4925 1677 4997 Spiritus
1720 4927 1895 4982 sancti
1952 4925 2144 4981 fecun-

569 5031 798 5086 ditatem
823 5022 1036 5094 Virgini
1065 5019 1458 5090 suppeditavit,
1503 5027 1562 5072 ut
1587 5017 1813 5089 quidam
1859 5017 2011 5087 apud
2042 5031 2144 5070 nos

568 5125 726 5181 valde
760 5123 1042 5192 eleganter
1057 5117 1230 5183 dixit;
1261 5125 1318 5172 et
1353 5115 1610 5171 formatio
1661 5113 1986 5169 substantiae
2015 5127 2141 5168 cor-

569 5217 722 5288 poris
751 5231 818 5270 ex
837 5212 1049 5283 Spiritu
1079 5220 1270 5266 sancto
1302 5217 1387 5264 est
1415 5206 1722 5263 secundum
1761 5205 2140 5277 operationem

569 5307 692 5375 ejus
745 5302 1080 5357 effectricem
1133 5299 1455 5360 constituta,
1533 5297 1764 5352 materia
1841 5304 2026 5351 autem
2075 5307 2143 5348 ex

568 5395 794 5465 Virgine
849 5399 1071 5462 sumpta
1122 5401 1228 5446 est.
1263 5391 1502 5446 Verbum
1529 5399 1716 5445 autem
1769 5389 2030 5459 templum
2075 5387 2145 5441 ab

572 5487 780 5557 Spiritu
807 5491 998 5540 sancto
1023 5482 1129 5536 sibi
1180 5482 1510 5538 fabricatum
1534 5481 1590 5536 in
1646 5480 1766 5550 ipsa
1819 5481 1997 5551 prima
2035 5478 2146 5534 for-

571 5578 816 5635 matione
876 5574 1166 5637 inhabitat,
1242 5589 1350 5629 non
1399 5581 1740 5644 exspectata,
1797 5581 1858 5628 ut
1920 5571 2144 5643 quidam

571 5675 723 5724 recte
745 5666 904 5728 dixit,
933 5666 1408 5719 consummatione
1436 5665 1650 5735 templi,
1703 5664 1797 5719 sed
1834 5664 2016 5734 primo
2044 5664 2148 5717 ini-

575 5758 654 5810 tio
683 5750 977 5808 inell‘abilis
1013 5752 1354 5816 oeconomiae,
1405 5752 1460 5806 id
1513 5760 1618 5816 est,
1665 5753 2063 5808 incarnationis
2092 5752 2147 5806 in

577 5847 694 5916 ipsa
716 5853 926 5898 naturae
956 5841 1173 5897 ollicina
1195 5843 1432 5906 unitum,
1483 5853 1660 5900 totum
1694 5845 1988 5900 aedificium
2043 5845 2148 5900 sibi

583 5934 973 5995 circumdedit.
1019 5935 1138 5990 Non
1189 5933 1335 5990 enim
1391 5935 1537 5992 facto
1594 5951 1846 6008 corpore,
1889 5937 1972 5994 sic
2015 5937 2152 5994 foris

2250 4929 2435 4984 ἀλλ’ὲκ
2453 4930 2551 5000 τῆς
2569 4928 2704 5000 πρὸς
2723 4929 2886 4983 αὑτὸν
2905 4928 3098 4999 ὑλικῆς
3112 4932 3215 4985 καὶ
3230 4930 3524 4998 οὺσιὼδους
3547 4933 3822 4996 tubam“.

2251 5023 2326 5077 Τὸ
2369 5021 2468 5094 μὲν
2501 5022 2609 5093 γάρ
2649 5022 2874 5093 γόνιμον
2907 5025 2976 5095 τῇ
3007 5023 3277 5096 Παρθένῳ
3315 5024 3350 5095 ἠ
3380 5023 3475 5078 τοῦ
3505 5025 3827 5098 Πνεύματος

2249 5113 2479 5184 δύναμις
2505 5114 2866 5185 ἐχορήγησεν,
2902 5112 2978 5178 ὥς
3006 5130 3092 5178 τις
3113 5114 3230 5168 τῶν
3260 5115 3393 5186 παρ’
3417 5115 3825 5188 ᾑμὶνιεῖρηκεν,

2250 5205 2345 5259 καὶ
2403 5203 2528 5259 λίαν
2584 5202 2806 5268 καλῶς·
2879 5207 2976 5259 καὶ
3030 5207 3064 5278 ἡ
3118 5206 3376 5273 οὐσίωσις
3425 5207 3524 5262 τοῦ
3574 5208 3774 5279 σώματ
3803 5229 3826 5275 ς

2251 5299 2316 5350 ἐκ
2351 5295 2672 5367 Πνεύματὸς
2702 5297 2854 5350 ἔστιν
2881 5297 3040 5365 ἁγίου
3059 5337 3075 5363 ,
3120 5299 3264 5353 κατά
3293 5299 3392 5369 τὴν
3419 5298 3699 5370 δημιουρ-ί
3729 5320 3769 5356 κ
3805 5318 3827 5352 ν

2245 5387 2414 5441 αὐτοῦ
2468 5388 2713 5441 συστᾶσα
2789 5387 3118 5460 ἐνέργειαν,
3177 5390 3243 5445 ὲκ
3280 5390 3347 5447 δὲ
3403 5392 3507 5460 τῇς
3557 5393 3825 5450 θεοτόκον

2246 5481 2281 5551 ὴ
2328 5479 2428 5550 ὕλη
2477 5481 2577 5551 τῆς
2621 5481 2812 5548 οὐσίας
2858 5483 3290 5555 προσείληπται.
3327 5484 3384 5540 ’0
3415 5484 3487 5542 ,δὲ
3521 5485 3706 5554 Μτοε
3739 5486 3828 5538 τὸν

2239 5574 2312 5626 ,ἐκ
2339 5571 2435 5626 τοῦ
2465 5570 2785 5644 Πνεύματος
2815 5574 3141 5646 κτεζόμενοιν
3157 5575 3316 5646 αὐτῷ
3343 5576 3492 5642 ναὸν,
3510 5577 3826 5649 κατ’ςιὸςὴν

2253 5665 2352 5736 τὴν
2400 5663 2623 5736 πρώτην
2673 5666 2876 5720 ενοικεῖ
2922 5666 3215 5723 διάπλασιν
3241 5686 3255 5700 ·
3319 5669 3442 5723 οὐδὲ
3493 5671 3825 5741 ἀναμείνας,

2253 5757 2328 5821 ώς
2353 5753 2475 5810 εῐπέ
2498 5755 2601 5810 πού
2626 5775 2713 5821 τις
2737 5757 2914 5830 ὀρθῶς
2935 5759 3135 5828 λέγων,
3153 5761 3255 5833 τὴν
3278 5761 3564 5816 τελείωσιν
3589 5762 3684 5817 τοῦ
3705 5762 3828 5824 νεὼ.

2255 5850 2392 5904 ἀλλά
2421 5851 2487 5921 τῇ
2517 5849 2710 5924 πρώτῃ
2738 5851 2840 5920 τῆς
2865 5851 3110 5924 ἀρρήτου
3138 5841 3453 5924 οἰοιονομίας
3482 5856 3652 5926 ἀρχῇ,
3679 5856 3736 5908 ἐν
3757 5854 3827 5922 τῷ

2256 5940 2356 6010 τῆς
2387 5937 2604 6010 φύσεως
2637 5941 2990 6012 ἐργαστηρίῳ
3034 5943 3360 6011 συναφθεὶς,
3409 5945 3510 6017 τὴν
3546 5948 3829 6016 οἰκοδομὴν
