4020 6536
535 403 692 474 ,1355
1790 401 2103 464 LEONTII
2143 400 2552 463 BYZANTINI
3725 404 3855 470 135.6

551 525 664 571 stra
690 511 913 579 evertit,
937 525 1100 582 quam
1123 525 1221 567 sua
1245 525 1356 566 non
1390 511 1663 582 probavit.
1692 511 1830 568 ιιιυά
1865 521 2119 583 praeterea

2235 511 2359 566 κατ’
2415 513 2642 567 ἐκείνων
2694 513 2869 586 ἤρατο
2926 517 3187 588 πόλεμον,
3247 519 3345 574 καὶ
3380 518 3445 572 οὐ
3501 516 3741 588 μᾶλλον
3794 525 3854 572 τὰ
3945 507 3950 548 ἶ

549 605 809 669 dicimus,
846 603 992 673 quod
1040 605 1136 675 qui
1166 611 1296 658 sunt
1322 617 1450 657 vere
1498 603 1691 658 Patres
1740 602 2019 665 Ecclesiae,
2073 610 2119 656 et

2233 602 2367 673 παρ’
2406 601 2568 672 ήμῶν
2616 603 2934 675 ἀνέτρεψεν,
2977 607 3012 678 ἢ
3044 607 3168 662 οὐδὲ
3204 609 3275 662 τὰ
3320 608 3429 662 ίδια
3460 608 3853 662 ἐϐεϐαίωσεν.

549 709 860 766 sermonem
907 694 1258 750 charismatis
1319 694 1388 749 ad
1452 693 1765 749 docendum
1817 693 1873 748 in
1933 692 2119 748 eodem

2235 693 2469 747 Ἔπειτα
2491 695 2548 749 δὲ
2579 695 2803 750 κάκεῖνο
2832 698 3009 754 εἰπεῖν
3046 698 3265 770 ἔχομεν,
3307 699 3386 763 ὡς
3421 701 3476 754 oi
3507 698 3712 762 ὃντως
3745 700 3855 753 Πα-

549 789 744 861 spiritu
773 795 1126 859 acceperunt,
1165 803 1348 857 neque
1377 802 1505 842 cum
1535 787 1679 854 aliis,
1702 786 1910 842 nedum
1939 800 2119 841 secum

2229 785 2386 855 τέρες
2425 790 2525 855 τῆς
2577 787 2929 858 Ἐκκλησίας,
2963 791 3059 844 καὶ
3100 790 3197 844 τοῦ
3237 791 3653 848 διδασκαλικοῦ
3698 793 3856 861 καρί-

547 881 898 952 diserepant;
924 895 1030 936 nec
1067 895 1263 951 magna
1313 895 1403 934 res
1429 887 1534 944 est,
1578 879 1625 934 si
1679 879 1880 942 dicam,
1927 893 2032 934 nec
2070 879 2119 932 in

2232 890 2440 944 σματος
2469 877 2527 930 ἐν
2569 878 2648 946 τῷ
2691 881 2843 951 αῠτῳ
2875 881 3154 953 πνεύματι
3187 883 3279 936 τὸν
3306 884 3466 952 λόγον
3502 883 3852 952 δεξάμενοι,
3941 905 3944 953 ί

547 974 673 1030 aliis
696 974 1040 1043 discrepant,
1070 989 1137 1028 ac
1187 971 1416 1047 minime
1466 971 1716 1026 omnium
1747 972 1804 1027 in
1835 971 1938 1026 hac
1979 987 2119 1042 qua:-

2228 963 2355 1018 οΰτε
2408 967 2548 1038 πρὸς
2588 969 2786 1035 ἄλλους
2831 971 2895 1024 οὐ
2941 971 3050 1044 μὴν
3086 973 3225 1045 πρὸς
3251 974 3488 1038 ἑαυτοὺς
3523 973 3850 1044 διηνέχθη-

550 1067 728 1122 stione
782 1066 853 1121 de
878 1081 986 1136 qua
1037 1065 1400 1135 disceptatur,
1447 1063 1701 1134 quamvis
1747 1063 1830 1119 sic
1874 1062 2119 1117 videatur

2229 1060 2449 1113 σανοού
2485 1061 2630 1131 μέγα
2683 1064 2783 1134 μὲν
2824 1063 2937 1136 γὰρ
2988 1067 3168 1120 εἰπεῖν
3201 1067 3281 1120 ὅτι
3317 1069 3456 1138 μηδὲ
3504 1069 3571 1120 ἐν
3627 1067 3850 1130 ἄλλοις.

550 1157 622 1213 iis
653 1158 748 1228 qui
777 1171 987 1212 meram
1013 1157 1289 1218 inscitiam
1341 1157 1657 1220 ebiberunt,
1710 1164 1767 1211 et
1799 1155 2119 1211 ebrietatem

2226 1148 2426 1218 ἥκιστα
2465 1149 2523 1202 δὲ
2567 1151 2736 1222 ἐνςτῷ
2784 1151 2882 1207 νῦν
2925 1155 3233 1226 κινουμένῳ
3273 1156 3684 1229 προϐλήματι,
3745 1159 3849 1210 κᾶν

549 1263 708 1303 suam
738 1248 794 1303 in
824 1247 1200 1304 infirmitatem
1230 1257 1287 1304 et
1314 1248 1672 1304 sobrietatem
1724 1249 1976 1305 veritatis
2027 1249 2119 1303 Pa-

2226 1238 2371 1292 οὕτω
2416 1240 2549 1313 δοκῇ
2586 1245 2700 1305 τοῖς
2747 1242 2871 1296 ὅλον
2916 1245 3268 1300 ἐκπεπωκόσι
3305 1246 3405 1318 τῆς
3443 1246 3726 1317 ἀμαθίας
3761 1247 3847 1298 τόν

549 1351 695 1396 trum
736 1339 1118 1396 transfundere
1173 1339 1401 1394 audent.
1451 1339 1802 1395 Credendum
1853 1340 2002 1395 enim
2042 1349 2119 1394 est

2226 1333 2487 1406 ἄκρατον,
2535 1337 2632 1389 καὶ
2675 1335 2767 1390 τὸν
2803 1337 2904 1408 τῆς
2947 1339 3220 1409 σφετέρας
3260 1339 3434 1410 μέθης
3471 1341 3721 1409 ἴλιγγον
3756 1342 3845 1392 ἐπὶ
3931 1333 3953 1408 ις

545 1448 660 1489 non
693 1432 864 1489 fuisse
896 1448 994 1489 eos
1028 1433 1125 1504 qui
1162 1433 1552 1504 loquebantur,
1585 1435 1682 1490 sed
1726 1433 1992 1504 Spiritum
2026 1433 2119 1488 Pa-

2226 1428 2287 1481 τδ
2327 1427 2580 1497 πεπηγὸς
2629 1429 2725 1481 καὶ
2770 1429 3033 1500 νηφάλιον
3077 1431 3179 1502 τῆς
3231 1431 3513 1504 πατρικῆς
3563 1432 3844 1504 ἀληθείας

547 1525 654 1582 tris
681 1540 876 1580 eorum
907 1526 1003 1596 qui
1059 1526 1115 1580 in
1143 1525 1227 1582 eis
1282 1527 1636 1598 loquebatur.
1664 1525 1768 1592 Qui
1826 1525 1974 1581 enim
2013 1541 2124 1582 non

547 1626 679 1674 sunt
705 1617 1045 1690 bujusmodi,
1073 1617 1226 1690 digni
1275 1629 1426 1684 sunt,
1449 1619 1543 1690 qui
1594 1618 1718 1676 falsi
1743 1619 1999 1674 doctores
2024 1634 2125 1672 vo-

546 1717 773 1776 cantur;
819 1709 937 1780 qui,
969 1725 1038 1766 eo
1082 1709 1204 1780 ipso
1255 1711 1404 1780 quod
1462 1720 1709 1782 pugnant
1753 1719 2027 1767 contrase
2069 1718 2127 1764 et

545 1800 839 1868 dissident,
862 1815 975 1861 non
999 1801 1257 1872 spiritum
1283 1802 1456 1873 pacis,
1483 1802 1580 1858 sed
1627 1802 1886 1873 spiritum
1928 1802 2125 1858 adver-

544 1890 698 1956 sarii,
720 1899 778 1946 et
807 1889 1102 1948 seditionis
1117 1892 1357 1948 amicum
1391 1893 1600 1950 habere
1626 1893 2055 1955 convincuntur.

606 2155 904 2224 Quomodo
936 2156 1126 2229 igitur,
1155 2156 1305 2212 dicet
1329 2156 1552 2226 aliquis,
1581 2156 1893 2228 reperimus
1919 2155 2123 2213 dixisse

542 2247 910 2319 corruptibile
928 2255 986 2304 et
1033 2247 1460 2317 incorruptibile
1499 2249 1741 2319 corpus?
1769 2247 1890 2306 Non
1937 2248 2120 2315 aliter,

543 2355 709 2412 quam
731 2339 952 2395 duobus
991 2339 1193 2404 modis,
1209 2338 1339 2409 quia
1366 2336 1792 2410 incorruptibile
1817 2339 2123 2396 secundum

542 2431 748 2488 idioma
781 2431 1085 2502 Scriptura:
1107 2446 1210 2501 pro
1240 2447 1353 2486 non
1374 2439 1660 2501 peccante,
1692 2441 1750 2488 et
1778 2448 1942 2503 puro,
1969 2443 2026 2490 et
2054 2434 2123 2490 ab

543 2525 696 2580 omni
734 2525 859 2580 labe
906 2522 1168 2594 nequitiae
1225 2522 1406 2578 libero
1438 2538 1645 2594 ponere
1693 2535 2120 2582 consueverunt.

541 2617 612 2674 Et
658 2631 855 2672 rursus
927 2615 1310 2672 indifferenter
1407 2623 1464 2670 et
1547 2615 1668 2672 sine
1734 2617 2122 2676 observatione

542 2707 846 2763 secundum
881 2714 1127 2778 tempora
1161 2707 1307 2763 idem
1327 2722 1531 2779 corpus
1554 2707 1758 2766 Christi
1781 2710 2125 2768 vocabantet

539 2799 902 2872 corruptibile
931 2809 990 2856 et
1014 2799 1467 2871 incorruptibile:
1493 2812 1550 2857 et
1577 2818 1705 2857 cum
1757 2801 2122 2874 corruptibile

538 2893 922 2958 nominabant,
945 2892 1014 2948 ad
1047 2900 1265 2964 tempus
1295 2895 1619 2950 meonomiae
1665 2895 1969 2951 secundum
1995 2910 2120 2950 ear-

537 3000 667 3041 nem
727 2983 1140 3054 respiciebant;
1187 2999 1316 3038 eum
1353 2999 1486 3039 vero
1549 2985 1998 3056 incorruptibile,
2050 2985 2119 3042 ad

539 3088 760 3150 tempus
812 3077 1265 3139 resurrectionis,
1324 3086 1378 3132 et
1407 3077 1478 3133 ad
1535 3078 1817 3135 infinitum
1858 3080 2122 3152 deinceps

2227 1517 2625 1589 μεταὸισάζειν
2671 1520 2974 1590 τολμῶσιν’
3007 1523 3260 1575 πειστέον
3286 1523 3392 1594 γὰρ
3419 1522 3497 1586 ὡς
3535 1523 3647 1576 οὐκ
3682 1523 3840 1576 αὐτοὶ
3935 1551 3944 1574 ~.

2223 1604 2366 1679 ἦσαν
2419 1609 2470 1662 oi
2519 1607 2836 1672 λαλοῦντες,
2893 1610 3028 1665 ἀλλὰ
3075 1611 3136 1665 τὸ
3181 1612 3402 1684 πνεῦμα
3452 1612 3561 1667 τοῦ
3612 1613 3837 1684 Πατρός

2225 1701 2408 1757 αὐτῶν
2466 1701 2530 1756 τδ
2593 1701 2792 1756 λαλοῦν
2842 1704 2900 1758 ἐν
2953 1705 3173 1769 αὐτοῖς·
3206 1705 3390 1777 οίγάρ
3423 1706 3500 1778 μή
3555 1704 3831 1764 τοιοῦτοι.

2226 1792 2572 1864 ψευδώνυμοι
2609 1793 2898 1849 καλεῖσθαι
2950 1795 3264 1850 διδάσκαλοί
3307 1797 3448 1851 εἰσιν
3492 1796 3677 1862 ἄξιοι,
3714 1801 3831 1851 κατ’

2157 1893 2201 1950 Β
2228 1885 2361 1940 αὐτό
2390 1901 2455 1954 γε
2477 1888 2543 1941 τὸ
2579 1887 2853 1958 μάχεσθαι
2876 1889 2973 1942 καὶ⁵
3016 1890 3332 1955 στασιάζειν
3371 1890 3515 1962 πρὸς
3565 1891 3827 1953 ἑαυτοὺς,

2226 1978 2290 2032 οὐ
2314 1977 2376 2032 τὸ
2409 1976 2512 2048 τῆς
2553 1978 2781 2051 εἰρήνης
2825 1979 3070 2052 πνεῦμα,
3109 1981 3172 2035 τὸ
3212 1982 3270 2037 δὲ
3313 1982 3407 2038 τοῦ
3446 1984 3714 2037 ἐναντίου
3740 1986 3829 2038 καὶ
3941 1985 3944 1990 ’

2225 2073 2292 2143 τῇ
2321 2070 2510 2125 στάσει
2547 2071 2721 2141 φίλων
2743 2071 2890 2145 ἐχειν
2925 2073 3300 2146 ἐλεγχόμενοι.

2294 2162 2422 2225 Πῶς
2459 2157 2554 2217 οὖν
2588 2162 2941 2234 εὑρίσκομεν,
2972 2165 3138 2236 φήσει
3165 2182 3270 2230 τις,
3300 2164 3397 2221 καὶ
3420 2165 3681 2236 φθαρτὸν
3738 2171 3826 2218 καὶ

2226 2249 2506 2323 ἄφθαρτον
2535 2255 2598 2307 τὸ
2646 2269 2806 2324 σωμα
2851 2254 3168 2327 εἰρηκότας
3215 2254 3331 2310 Οὐκ
3361 2255 3540 2321 ἄλλως
3577 2258 3826 2328 φήσαιμ’

2224 2345 2292 2400 ἂν
2322 2343 2355 2414 ἦ
2388 2344 2532 2398 κατά
2567 2343 2660 2398 δύο
2691 2345 2949 2417 τρόπους,
2981 2347 3063 2400 ὅτι
3119 2341 3197 2418 τῷ
3223 2347 3512 2420 ἀφθάρτῳ,
3565 2348 3740 2412 κατὰ,
3774 2349 3827 2400 τὸ

2225 2436 2325 2505 τῆς
2354 2433 2581 2507 Γραφῆς
2616 2433 2836 2505 ίδίωμα,
2877 2434 2999 2488 om
3026 2433 3123 2488 τοῦ
3152 2437 3546 2506 ἀναμαρτήτου
3584 2435 3685 2489 καὶ
3731 2454 3825 2488 κει-

2225 2529 2394 2600 θαροῦ
2425 2530 2520 2584 καὶ
2547 2531 2730 2601 πάσης
2757 2531 2858 2601 τῆς
2903 2531 3046 2586 κατά
3083 2531 3284 2586 κακίαν
3323 2531 3542 2603 κηλῖδος
3581 2532 3825 2603 datr-.11:-

2223 2622 2429 2694 γμένου
2457 2623 2683 2678 τάσσειν
2720 2623 3011 2678 εἰώθεσαν.
3037 2624 3150 2678 Καὶ
3180 2623 3343 2679 πάλιν
3371 2624 3696 2696 ἀδιαφόρως
3732 2625 3825 2677 καὶ

2222 2715 2674 2786 ἀπαρατηρήτως
2707 2715 2850 2769 κατά
2879 2716 3010 2779 τοὺς
3034 2716 3259 2790 χρόνους
3299 2715 3362 2770 τδ
3400 2715 3535 2770 αὐτὸ
3581 2716 3823 2771 ἐκάλουν

2222 2807 2320 2862 καὶ
2358 2806 2597 2878 φθαρτὸν
2617 2807 2712 2861 καὶ
2738 2805 3021 2879 ἄφθαρτον
3043 2825 3059 2840 ο
3094 2807 3190 2863 καὶ
3220 2809 3311 2862 ὅτε
3338 2807 3440 2878 μὲν
3465 2808 3610 2862 αὐτὸ
3642 2809 3824 2880 φθαρ-

2220 2898 2312 2953 τὸν
2340 2897 2649 2970 ὠνόμαζον,
2687 2899 2827 2972 πρὸς
2858 2900 2952 2953 τὸν
2975 2899 3170 2972 χρόνον
3197 2901 3514 2954 ἀπέϐλεπον
3546 2901 3658 2974 τῆς
3681 2905 3822 2956 κατὰ

2221 2991 2403 3063 σάρκα
2443 2989 2786 3061 οἰκονομίαςο
2827 2990 2916 3044 ὅτε
2975 2991 3032 3044 δὲ
3068 2989 3345 3062 ἄφθαρτον
3370 3031 3386 3056 ,
3422 2990 3564 3063 πρὸς
3617 2991 3717 3045 τὸν
3761 2995 3825 3046 ἐκ

2218 3084 2319 3156 τῆς
2351 3083 2709 3146 ἀναστάσεως
2753 3085 2847 3138 καὶ
2896 3085 2978 3149 είς
3013 3085 3106 3138 τὸν
3137 3084 3267 3155 ἑξῆς
3313 3085 3543 3158 ἄπειρον
3599 3085 3819 3140 αἰῶνα·

537 3171 824 3227 Saeculum.
860 3168 917 3226 Si
943 3170 1070 3240 quis
1090 3183 1221 3224 vero
1243 3168 1391 3224 dicat
1422 3170 1726 3226 secundum
1751 3171 2119 3226 arrhabonem

2226 3177 2272 3233 εί
2305 3175 2360 3230 δέ
2400 3193 2486 3240 τις
2520 3175 2668 3230 είποι
2699 3177 2795 3228 καὶ
2823 3178 2964 3231 κατά
3003 3178 3098 3232 τὸν
3140 3177 3439 3250 ἀρραϐῶνα
3465 3177 3570 3249 τῆς
3597 3178 3824 3248 ἀφθαρ-

537 3259 1083 3330 incorruptibilitatis
1101 3259 1215 3329 jam
1243 3274 1447 3331 corpus
1479 3260 1686 3315 habere
1714 3261 1882 3317 Verbi
1929 3261 2116 3317 incor-

2226 3268 2348 3332 σίας
2400 3268 2501 3340 ήδη
2558 3268 2704 3338 ἔχειν
2747 3269 2847 3339 τὴν
2897 3269 2994 3322 τοῦ
3050 3245 3229 3339 Λόγου
3282 3245 3627 3342 ἀφθαρσίαν,
3652 3245 3726 3325 δι’
3756 3273 3822 3342 ἢν

539 3351 988 3422 ruptibilitutem,
1027 3358 1255 3420 propter
1287 3366 1478 3420 quam,
1514 3351 1645 3407 licet
1681 3360 1939 3408 naturam
1983 3369 2112 3409 cor-

539 3443 861 3514 ruptibilem
921 3441 1176 3508 haberet,
1221 3457 1335 3497 non
1389 3453 1478 3498 est
1521 3443 1852 3514 permissum
1895 3454 1956 3501 ut
1991 3463 2117 3502 cor-

539 3543 926 3606 rumperetur;
991 3549 1104 3589 non
1165 3534 1518 3590 contendam.
1570 3535 1726 3602 Quod
1775 3545 1960 3593 autem
2004 3539 2122 3595 haec

536 3641 670 3682 vera
695 3635 848 3692 sunt,
870 3624 1186 3680 testimonia
1209 3625 1458 3696 subjecta
1511 3624 1974 3683 demonstrabunt
1999 3645 2120 3699 quae

536 3732 652 3772 non
700 3716 1053 3772 inarticulate
1096 3725 1155 3770 et
1199 3715 1448 3784 confuse,
1486 3715 1583 3772 sed
1631 3717 1792 3772 valde
1829 3720 2119 3790 perspieue

535 3814 594 3862 et
643 3807 934 3876 explanate
981 3804 1330 3876 distinguunt
1379 3806 1542 3862 nobis
1582 3814 1863 3878 tempora,
1914 3811 2118 3882 quibus

537 3897 802 3953 dixerunt
835 3911 1042 3966 corpus
1070 3896 1279 3951 Christi
1305 3895 1477 3952 fuisse
1515 3898 1778 3968 passibile
1807 3909 1865 3954 et
1917 3915 2115 3957 eorru~

540 3989 735 4062 ptibile
757 4006 772 4056 ;
795 3999 850 4044 et
872 3988 1019 4060 quod
1037 3998 1165 4060 post
1196 3989 1661 4044 resurrectionem
1691 3989 1914 4047 divitias
1940 3993 2124 4048 incor-

540 4081 924 4150 ruptibilitatis
957 4095 1014 4135 re
1041 4089 1099 4136 et
1131 4081 1358 4136 nomine
1409 4081 1466 4136 in
1497 4082 1619 4153 ipso
1652 4085 2133 4154 comparavimns.-

2223 3360 2429 3432 καίπερ
2469 3359 2634 3430 φύσιν
2667 3363 2792 3430 ἔχον
2829 3361 3048 3434 φθαρτή
3089 3402 3104 3430 ,
3128 3363 3404 3435 φθαρῆναι
3435 3364 3540 3416 οὐκ
3575 3365 3823 3436 ἐπετρὼ

2224 3470 2324 3523 πη,
2379 3452 2440 3506 οὐ
2488 3451 2847 3525 διαφέρομαι.
2888 3453 2976 3518 Ὠς
3025 3453 3084 3508 δέ
3122 3457 3230 3508 είσι
3272 3454 3449 3509 ταῦτα
3501 3455 3715 3527 ἀληθῆ,
3766 3458 3821 3508 αἱ

2225 3545 2862 3615 ὕποτεταγμέναιαὺτῶν
2889 3545 3126 3612 δείξουσι
3145 3547 3468 3620 μαρτυρίαι,
3489 3549 3595 3602 οὒκ
3623 3549 3822 3620 ἀδιαρ-

2225 3636 2450 3708 θρώτως
2487 3639 2607 3691 οὐδὲ
2637 3643 3088 3712 συγκεχυμένως.
3125 3641 3263 3696 ἀλλά
3291 3643 3387 3697 καὶ
3423 3643 3579 3712 μάλα
3620 3644 3821 3714 σαφύς

2223 3746 2285 3782 τε
2312 3729 2408 3782 καὶ
2450 3731 2882 3802 τετρανωμένως
2910 3732 3314 3806 διευκρινοΰσαι
3347 3737 3480 3806 ήμῐν
3512 3736 3652 3801 τοὺς
3680 3738 3817 3808 χρό’

2223 3838 2349 3886 νους
2398 3822 2521 3876 καθ’
2547 3825 2643 3888 οὓς
2693 3825 2940 3896 παθητόν
2978 3843 3041 3880 τε
3083 3827 3178 3881 καὶ
3208 3828 3448 3900 φθαρτὸν
3472 3829 3817 3901 γεγενῆσθαι

2222 3907 2379 3966 εἷπον
2411 3914 2473 3966 τὸ
2524 3915 2686 3987 σῶμα
2721 3915 2815 3971 τοῦ
2863 3918 3072 3988 Κυρίου
3093 3933 3109 3950 ⁸
3134 3919 3228 3973 καὶ
3257 3919 3333 3983 ώς
3365 3921 3504 3990 μετά
3546 3922 3654 3992 τὴν
3685 3923 3817 3976 ἀνά-

2229 4021 2420 4060 στασιν
2459 4006 2525 4061 τὸ
2568 4009 2672 4078 τῆς
2723 4009 3038 4082 ἀφθαρσίας
3084 4012 3706 4085 καταπεπλουτήκαμεν
3758 4019 3816 4070 ὲν

2223 4096 2374 4168 αὑτῷ
2409 4099 2597 4171 χρῆμα
2635 4101 2731 4154 καὶ
2756 4101 2947 4173 ὄνομα.

609 4216 1102 4316 Ξξςιινξξιξςεὴξιλιξὲ
1128 4216 2611 4316 qugmﬁtrnumnigﬁlffitates‘pmtermittimus,
2658 4236 2788 4316 quia
2826 4238 2883 4293 in
2927 4254 3118 4316 eorum
3166 4240 3332 4296 editis
3363 4242 3636 4313 operibus
3679 4261 3815 4316 pro-

539 4287 715 4345 stant;
744 4288 882 4343 Tres
917 4289 1102 4357 itaque
1130 4287 1512 4342 tantummodo
1541 4287 1922 4354 recitabitnus,
1959 4287 2151 4364 utpot'e
2176 4315 2242 4354 ex
2276 4287 2541 4373 Operibus
2566 4287 3346 4381 h’un‘c’Eebéréﬁié'éhxﬁﬁdé.

610 4403 797 4459 Sancti
825 4403 1090 4459 Ambrosii
1133 4418 1198 4458 ea:
1230 4402 1363 4458 libro
1402 4403 1601 4460 Contra
1623 4405 2042 4478 Apollinarium.

2227 4420 2339 4476 Τοῦ
2349 4423 2528 4478 ὁσίου
2542 4423 2901 4494 Ἀμόροσίου
2916 4426 2986 4479 ἐκ
3009 4425 3116 4480 τοῦ
3130 4427 3294 4482 Κατὰ
3323 4428 3811 4499 Ἀπολλινπριου.

610 4517 668 4572 Si
691 4533 800 4573 non
829 4515 1084 4589 agnoscis
1117 4515 1266 4589 quod
1335 4516 1598 4589 passibile
1629 4527 1737 4580 est,
1796 4519 2119 4580 destruxisti

2293 4537 2359 4592 El
2392 4539 2666 4612 μηδαμῶς
2701 4543 3095 4612 ἐπιγινώσκεις
3120 4544 3182 4598 τὸ
3202 4543 3471 4616 παθητὸν,
3497 4546 3811 4604 ἀνεσκεὺα·

538 4613 804 4685 pietatem
826 4628 955 4684 erga
983 4611 1300 4676 Dominum,
1328 4611 1636 4684 etsalutem
1681 4621 1830 4667 tuam
1869 4617 2114 4687 negasti:

540 4704 688 4759 unde
714 4703 1042 4774 insipientes
1068 4703 1170 4758 hos
1198 4702 1517 4757 existimare
1550 4713 1800 4774 Oportet.

680 4815 869 4888 Cyrilli
893 4814 1248 4872 Alexandrini
1285 4822 1509 4869 extomo
1543 4817 1599 4870 in
1640 4816 1975 4876 Matthwum.

517 5034 522 5039 .
608 4991 898 5061 Quomodo
965 4990 1134 5062 igitur
1163 5000 1418 5046 mortuus
1460 4998 1608 5046 esset
1672 4991 2025 5060 immortalis,
2057 5002 2120 5048 ut

539 5091 856 5154 resurgeret
876 5092 933 5137 et
961 5088 1138 5137 morte
1161 5082 1407 5137 alliceret
1466 5092 1728 5148 mortem,
1769 5083 1815 5138 si
1869 5100 1981 5140 non
2033 5101 2122 5141 as-

540 5175 869 5244 sumpsisset
903 5188 1108 5243 corpus
1137 5173 1358 5244 legibus
1387 5173 1589 5241 mortis
1618 5173 1966 5246 subjectum?
2011 5176 2121 5232 Aut

477 5255 488 5265 ’
540 5265 822 5337 quomodo
849 5266 1198 5323 dissolvisset
1221 5265 1639 5336 corruptionem
1687 5275 1882 5336 erepto
1923 5283 1993 5322 ex
2022 5283 2121 5338 ge-

539 5375 676 5417 nere
705 5360 968 5423 humano,
991 5359 1141 5429 quod
1170 5360 1276 5414 sub
1322 5359 1439 5430 ipsa
1497 5359 1732 5430 degebat
1778 5369 1835 5416 et
1879 5361 2116 5432 jaeebat,

543 5449 652 5506 nisi
684 5464 886 5519 corpus
930 5447 1253 5518 accepisset,
1302 5459 1502 5505 natura
1555 5449 1940 5522 corruptibile,
1975 5458 2030 5506 et
2062 5450 2119 5506 in

543 5534 826 5615 propriam
861 5540 1029 5596 vitam
1055 5539 1382 5596 formasset?

700 5646 707 5654 ’
755 5656 1008 5728 Ejusdem
1038 5672 1103 5710 ea:
1122 5663 1262 5711 tomo
1293 5657 1526 5729 epistola:
1550 5658 1619 5712 ad
1641 5657 1913 5713 IIebrwos..

614 5838 870 5896 Permisit
899 5837 1144 5909 quidem,
1183 5846 1244 5892 ut
1275 5825 1478 5910 corpus
1507 5855 1668 5895 suum
1696 5849 1927 5896 mortem
1962 5821 2130 5929 mite:

2219 4643 2320 4694 σας
2361 4629 2458 4684 τοῦ
2504 4634 2781 4686 Δεσπότου
2838 4633 2900 4686 τὸ
2933 4634 3179 4699 εὐσεόὲς,
3225 4636 3322 4689 καὶ
3354 4637 3454 4707 τὴν
3494 4636 3601 4708 σὴν
3631 4656 3809 4710 σωτη-

2218 4721 2342 4792 ρίαν
2367 4720 2622 4793 ἠρνήσω·
2659 4723 2785 4778 ὅθεν
2809 4723 3052 4796 ἄφρονας
3084 4725 3168 4779 δεῖ
3189 4726 3417 4791 τούτους
3441 4728 3642 4797 ήγείσθ
3687 4748 3731 4785 ι.

2217 4833 2524 4903 Κυρίλλου
2574 4834 2916 4906 ἐπισκόπου
2963 4837 3414 4906 Ἀλεξανδρείας
3461 4839 3531 4894 ἐκ
3580 4841 3695 4896 τοῦ
3755 4851 3805 4896 a'

2536 4905 2721 4975 τόμου
2750 4905 2860 4960 τοῦ
2888 4908 2977 4973 εὶς
3007 4906 3114 4961 τὸν
3141 4905 3467 4964 Ματθαῖον.

2292 5015 2416 5080 Πῶς
2453 5012 2548 5071 οὖν
2577 5017 2872 5084 ἀπέθανεν,
2901 5019 3174 5085 ἀθάνατος
3195 5021 3294 5087 ὢν,
3326 5022 3414 5076 ἵνα
3447 5023 3543 5077 καὶ
3569 5023 3797 5097 ἐγερθῇ,

2219 5108 2317 5162 καὶ
2350 5107 2718 5182 νεκρώσῃτὸν
2746 5109 3000 5180 θάνατον,
3034 5112 3082 5165 εί
3108 5111 3184 5183 μὴ
3214 5113 3520 5182 προσέλαϐε
3552 5113 3714 5183 σῶμα
3743 5116 3799 5166 τὸ

2218 5203 2336 5264 τοῖς
2369 5201 2465 5255 τοῦ
2512 5201 2752 5258 θανάτου
2809 5204 3176 5276 ὑποκείμενον
3225 5205 3449 5274 νόμοις;
3488 5206 3522 5277 ἢ
3559 5205 3677 5269 πῶς
3732 5206 3797 5259 ἂν

2219 5292 2488 5347 κατέλυσε
2537 5295 2639 5366 τὴν
2688 5295 2918 5367 φθορὰν,
2969 5296 3169 5362 ἐξελὼν
3205 5298 3374 5370 αὐτῆς
3421 5299 3483 5352 τὸ
3528 5298 3620 5352 ὑπ’
3659 5300 3793 5369 αὐτῇ

2221 5385 2459 5454 πρᾶττον
2487 5402 2548 5440 τε
2580 5386 2675 5440 καὶ
2707 5389 2961 5460 κείμενον
2989 5389 3167 5458 γένος,
3199 5391 3247 5444 εί
3281 5391 3356 5462 μὴ
3376 5389 3536 5458 ἔλαϐε
3561 5391 3624 5445 τὸ
3650 5390 3795 5460 φθεί-

2225 5476 2408 5548 ρεσθαι
2433 5478 2701 5548 πεφυκὸς,
2723 5479 2818 5534 καὶ
2851 5482 2932 5546 είς
2967 5481 3102 5537 ίδίαν
3135 5483 3425 5554 ἐμόρφωσε
3461 5484 3633 5557 ζωήν;

2226 5656 2338 5713 Τοῦ
2373 5658 2564 5713 αὐτοῦ
2590 5658 2659 5713 ἐκ
2686 5657 2794 5713 τοῦ
2818 5660 2999 5730 τόμου
3014 5659 3138 5784 ,τῇς
3168 5660 3651 5741 πρὸς-Ἑϐραίους
3673 5663 3789 5745 ἐπι-

2884 5747 3014 5784 στο.
3043 5749 3139 5784 ’m‘.

2884 5747 3139 5800 O’tOJ’Ilg‘.

2277 5840 2510 5912 ·Ἐφῆκε
2546 5841 2646 5912 μὲν
2667 5842 2778 5914 γὰρ
2809 5844 2869 5898 τὸ
2911 5843 3041 5898 ἴδιον
3074 5843 3233 5914 σῶμα
3267 5843 3464 5899 παθεῖν
3503 5847 3597 5901 τὺν
3635 5845 3784 5901 θάνα-

3952 1689 3953 1710 1

3952 1751 3953 1776 1

3947 2238 3950 2261 t
