4020 6560
178 418 355 490 1357

1150 421 1316 481 ADV.
1358 418 2067 479 INCORRUPTICOLAS
2106 420 2199 480 ET
2241 419 2557 480 NESTOR.

3341 426 3489 494 1358'

172 555 305 592 τον
356 532 744 604 οἰκονομικῶς,
796 531 882 586 ἵνα
922 532 1015 585 καὶ
1067 529 1277 598 νεκρῶν
1319 529 1414 581 καὶ
1446 527 1664 591 ζώντων
1695 546 1793 582 κυ-

1898 538 2051 585 retur
2088 530 2448 597 (economice,
2485 539 2547 585 ut
2576 541 2920 590 mortuorum
2944 544 2999 593 et
3029 536 3280 595 vivorum
3305 541 3483 600 domi-

183 626 436 702 ριεύσῃ.
486 623 707 693 Ἐπειδὴ
739 623 798 676 δὲ
836 621 997 693 σῶμα
1025 619 1173 689 ζωῆς
1201 618 1405 672 ἀνεϐίω
1428 619 1794 689 παραχρῆμα,

180 716 511 788 νενικηκὸς
543 714 646 786 τὴν
677 712 904 784 φθορὰν,
935 710 1047 764 τῶν
1066 708 1208 763 οὕτω
1226 707 1441 762 σεπτῶν
1468 708 1567 778 τὴν
1598 708 1798 781 κατόρ-

187 811 386 866 θωσιν
413 808 476 861 οὗ
510 806 670 878 φύσει
717 806 941 877 σαρκὸς,
967 803 1105 858 ἀλλὰ
1150 806 1216 873 τῇ
1246 801 1340 855 τοῦ
1363 801 1539 868 Λόγου
1567 801 1796 872 δυνάμει

191 899 649 972 προσνέμοντες,
677 896 1086 968 εὐσεϐήσωμεν.

1904 631 2152 676 naretur.
2210 620 2347 687 Quia
2405 637 2537 677 vero
2590 638 2795 695 corpus
2856 628 2985 684 vita:
3034 631 3223 685 statim
3278 634 3482 691 revixit

1904 723 2164 783 superata
2207 714 2589 783 corruptione,
2637 718 2786 787 quod
2832 718 2950 775 haec
2998 730 3109 776 tam
3165 728 3481 782 veneranda

1904 804 2235 875 perfecerit;
2292 804 2338 859 si
2386 822 2496 860 non
2546 818 2759 864 natura!
2814 812 3020 880 carnis,
3068 815 3166 869 sed
3220 818 3482 886 potentiae

1909 896 2072 951 Verbi
2118 895 2449 960 tribuamus,
2486 897 2560 967 pii
2613 900 2843 956 erimus.

280 1058 430 1114 Cum
466 1056 583 1111 haec
632 1052 702 1108 ab
747 1050 1061 1107 illustribus
1096 1049 1356 1105 Ecclesia:
1402 1050 1657 1105 Patribus
1692 1069 1803 1109 uno
1902 1052 2178 1106 nullorum
2203 1061 2260 1106 et
2288 1067 2463 1122 pauca
2497 1053 2552 1109 iu
2583 1056 2825 1110 medium
2844 1058 3194 1128 all'erremus,
3223 1065 3479 1133 qumlor-

196 1163 501 1204 consensu
532 1145 678 1201 dicta
728 1144 861 1211 sint,
912 1142 1270 1213 reperiuntur
1306 1141 1556 1211 profecto
1606 1143 1803 1198 eodem
1900 1160 2044 1198 mam
2082 1150 2138 1198 et
2178 1145 2422 1214 regulam
2470 1147 2723 1203 veritatis
2769 1165 2890 1219 qua:
2942 1149 2995 1205 in
3041 1151 3177 1222 ipsis
3225 1157 3481 1212 omnibus

199 1241 429 1311 spiritu
450 1239 601 1309 pleni
621 1236 815 1301 fuisse,
833 1235 1027 1291 eadem
1051 1233 1279 1288 omnino
1297 1232 1335 1287 ii
1358 1233 1459 1301 ipsi
1479 1232 1801 1289 sentientes.

1898 1234 2024 1299 fuit,
2063 1236 2437 1292 continerent.
2474 1237 2766 1296 lIominem
2812 1242 3151 1299 laboriosum
3184 1245 3250 1299 ad
3284 1262 3477 1302 eorum

200 1331 491 1386 Volebam
513 1329 796 1401 equidem,
819 1327 864 1384 si
890 1325 1010 1381 ﬁeri
1035 1324 1329 1395 potuisset,
1350 1324 1533 1379 omnia
1551 1325 1801 1380 omnium
1905 1326 2151 1397 integros
2186 1327 2360 1383 libros
2391 1332 2839 1397 transmittimus,
2870 1334 2924 1388 in
2950 1336 3153 1405 quibus
3181 1339 3326 1408 quod
3356 1356 3481 1409 per-

202 1422 543 1479 testimonia
574 1421 884 1492 subjicere:
919 1417 1017 1473 sed
1055 1432 1123 1471 ne
1154 1416 1326 1471 lector
1355 1425 1579 1486 prOpter
1609 1417 1800 1470 multi-

203 1516 475 1571 tudinem
524 1520 882 1569 cunctaretur
929 1511 1140 1581 legere,
1176 1507 1515 1571 studuimus,
1550 1518 1609 1560 ut
1656 1524 1797 1561 non-

1906 1416 2107 1472 feetum
2133 1430 2188 1473 et
2215 1419 2464 1474 limatum
2488 1431 2592 1488 est,
2626 1426 2797 1495 magis
2813 1442 2977 1495 quam
3004 1426 3056 1481 in
3086 1430 3290 1485 nostris
3319 1430 3481 1485 libris

1907 1511 2166 1578 reperiet.

1547 1727 3469 1759 ..κ-*Μ

1566 1906 1931 1991 ΛΟΓΟΣ
2004 1894 2116 1991 Γ·

289 2114 481 2167 ΚΑΤΑ
542 2108 1188 2166 ΑΦΘᾹΡἸὌΔΟΚΗΤΩΝ
1245 2107 1381 2159 ΤΗΣ
1430 2109 1851 2163 ΔΠΟΡΡΠΤΟΥ
1912 2111 2030 2165 ΚΑΙ
2092 2113 2695 2168 ΔΡΧΟΕΙΔΕΣΤΕΡΑΣ
2738 2115 2873 2169 ΤΩΝ
2922 2116 3403 2173 ΝΕΣΤΟΡΙΑΝΩΝ

744 2199 1094 2266 ΛΣΕΒΕΙΔΣ,
1150 2197 1271 2253 ΚΑΙ
1319 2199 1456 2253 ΤΩΝ
1509 2201 1787 2255 ΤΛΥἸῊΣ
1831 2202 2153 2257 ΠΔΤΕΡΩΝ
2196 2204 2370 2256 ΦΩΡΛ
2418 2206 2536 2257 ΚΑΙ
2579 2205 2943 2262 ΘΡΙΑΜΒΟΣ.
3052 2236 3077 2271 ,ι

1819 2393 1889 2403 .—

1542 2559 1895 2649 LlBEll
1978 2562 2169 2649 III.

346 2788 744 2852 ADVERSUS
807 2784 1536 2857 INCORRUPTICOLAS,
1597 2782 1734 2854 QUI
1796 2782 2156 2844 ARCANAM
2211 2779 2306 2841 ET
2365 2781 2887 2842 PRIMIGENIAM
2947 2784 3358 2845 NESTQRIA-

1169 2880 1439 2940 NORUM
1491 2874 1963 2938 IMPIETATEM
2012 2875 2495 2948 SECTANTUR,

760 2975 855 3034 ET
892 2973 988 3035 DE
1048 2973 1195 3033 HAC
1230 2972 1488 3032 EADEM
1540 2969 1843 3029 IUERESI
1876 2966 2306 3039 INQUISlTIO
2336 2966 2431 3027 ET
2468 2967 2941 3027 TRIUMPIIUS.

1267 3130 1421 3199 (Asc.
1456 3127 1579 3191 MAI,
1606 3124 1854 3195 Spicilrg.
1889 3122 2039 3177 Rom.
2073 3130 2111 3177 t.
2143 3121 2212 3189 Χ,
2240 3136 2295 3191 p.
2319 3121 2444 3187 66l)

1810 3311 1883 3324 -η

293 3460 490 3528 Τριτον
527 3460 622 3514 ἐπὶ
659 3462 770 3526 τοῖς
816 3462 1151 3533 προλαὸοὖσί
1187 3479 1278 3533 μοι
1312 3459 1433 3515 δυσὶ
1465 3458 1641 3531 λόγοις
1676 3479 1797 3514 του-

1969 3460 2339 3531 Aggressurus
2356 3462 2652 3534 adjungere
2686 3464 2835 3519 hunc
2865 3467 3089 3523 tertium
3108 3466 3308 3523 librum
3335 3470 3476 3525 duo-

228 3552 343 3608 τονὶ
395 3553 704 3609 συντάττων
752 3553 813 3607 τό
853 3571 914 3608 τε
968 3554 1089 3625 Θεῷ
1148 3554 1528 3625 χαριστήριον,
1564 3553 1657 3607 καὶ
1686 3552 1797 3606 τῶν

229 3646 440 3700 ἀσεὸῶν
466 3646 670 3718 στήλην
700 3647 795 3701 καὶ
826 3647 1119 3719 Θρίαμϐον,
1153 3647 1424 3717 εὐξαίμην
1459 3646 1526 3700 ἂν
1560 3647 1652 3700 τὸν
1683 3647 1797 3700 Κύ-

231 3751 344 3804 ριον
392 3738 651 3806 παρεῖναι
706 3736 802 3789 κα)⁸
849 3736 945 3789 νῦν
984 3738 1117 3807 ἡμῖν
1168 3737 1387 3809 ἀρωγὸν
1419 3737 1517 3807 τῆς
1564 3737 1794 3803 ἑννοίας,

230 3825 321 3877 καὶ
354 3824 497 3896 λόγῳ
528 3826 618 3879 τὸν
648 3826 805 3895 λόγον
833 3827 992 3898 ἡμῶν
1022 3828 1351 3882 κατευθῦναι
1392 3828 1450 3882 ὲν
1484 3828 1799 3900 Πνευματο-

230 3915 431 3987 κινήτῳ
463 3916 670 3987 χάριτι.
699 3918 761 3970 Εἰ
784 3918 891 3988 γὰρ
919 3919 984 3970 ὲκ
1013 3918 1152 3973 Θεοῦ
1183 3918 1562 3991 βοηθούμενοι,
1593 3918 1704 3973 τῶν
1738 3936 1798 3972 τε

231 4006 402 4060 ἄλλων
450 4008 694 4072 πάντων,
729 4009 823 4060 καὶ
853 4008 952 4078 τῆς
1016 4010 1073 4062 ἐν
1126 4010 1314 4081 χερσὶν
1345 4009 1654 4073 ὑποθέσεως
1700 4011 1797 4080 ἑφ-

231 4099 500 4171 αψόμεθα,
529 4102 665 4171 ἡμῖν
683 4119 741 4154 τε
774 4101 925 4155 ἔσται
954 4102 1146 4173 μισθὸς
1165 4101 1457 4174 αὐτοτελὴς
1486 4102 1595 4156 τῶν
1622 4102 1798 4156 πόνων

233 4194 265 4263 ή
309 4194 617 4264 συμμαχία,
650 4196 767 4257 τοῖς
798 4211 857 4247 τε
891 4195 1031 4265 ὑπὲρ
1065 4186 1141 4248 ὧν
1173 4195 1269 4249 καὶ
1300 4194 1369 4249 δι’
1409 4194 1504 4260 οὓς
1540 4196 1589 4249 ol
1628 4196 1798 4265 λόγοι,

232 4285 494 4356 ὠφελείας
531 4286 815 4357 ἐνέχυρον,
844 4289 892 4341 εἰ
917 4288 1014 4341 καὶ
1041 4287 1116 4359 μὴ
1154 4291 1221 4360 τῇ
1259 4288 1412 4358 ἀξίᾳ,
1440 4290 1507 4361 τῇ
1541 4306 1605 4358 γε
1642 4290 1800 4344 δυνά·

236 4394 322 4448 μει
348 4378 872 4449 παραμετρούμενον
892 4394 904 4407 ·
943 4380 1074 4451 ἡμῖν
1102 4379 1160 4434 δὲ
1197 4380 1295 4434 καὶ
1328 4380 1502 4445 ἄλλως
1540 4380 1799 4451 ἀφοσιοῦ-

232 4486 318 4523 ται
352 4468 422 4523 τά
451 4467 570 4522 νῦν.
603 4469 840 4524 Παλαιὸν
871 4471 980 4541 γάρ
1010 4471 1169 4543 χρέος
1198 4471 1544 4543 εἰσφέρομεν,
1582 4473 1799 4527 πάντων

234 4558 404 4630 χρεῶν
436 4561 517 4623 εἱς
548 4558 756 4614 ἔκτισιν
782 4560 1146 4616 δικαιότατον.
1190 4562 1367 4617 Πάλαι
1399 4563 1499 4633 μὲν
1539 4564 1801 4633 ἀποδοθῆ-

233 4668 316 4705 ναι
344 4650 721 4722 ὀφειλόμενον,
758 4650 849 4704 διὰ
878 4651 937 4704 δὲ
967 4652 1171 4723 πολλὴν
1209 4654 1305 4708 καὶ
1333 4653 1553 4725 μακρὰν
1586 4655 1797 4720 πενίαν,

234 4741 324 4796 νῦν
356 4744 451 4799 καὶ
486 4743 664 4816 μόλις,
696 4743 792 4797 καὶ
815 4742 911 4813 οὐχ
931 4744 1055 4797 ὅσον
1086 4744 1239 4809 ἄξιον
1268 4744 1610 4799 ὲκτίννυσθαι
1634 4744 1801 4816 ἀρχάς

239 4851 409 4906 μενον.

304 5011 434 5065 Καθ’
467 5003 542 5065 ὧν
585 5013 695 5084 γάρ
721 5011 941 5081 [στήλην
980 5011 1189 5081 ἐγεῖραι
1223 5009 1299 5079 τῷ
1329 5009 1460 5080 ,Θεῷ
1496 5010 1624 5080 ἄρτι
1663 5026 1795 5079 προ-

238 5101 463 5173 ῄρημαι,
494 5102 762 5173 θρίαμϐον
795 5119 854 5154 τε
876 5102 1060 5165 αὐτοῖς
1086 5102 1433 5172 περιστῆσαι,
1470 5099 1666 5173 μηκέτι
1693 5100 1794 5169 τὴν

239 5192 483 5247 ἀσέϐειαν
520 5196 577 5248 ὲν
616 5194 847 5267 κρυπτῷ
888 5193 1331 5265 ταμιευομένοις,
1361 5193 1453 5246 καὶ
1490 5182 1570 5264 τῷ
1600 5194 1795 5263 ἀφανεῖ

240 5285 326 5337 καὶ
356 5284 616 5356 ἀγνώστῳ
646 5285 874 5349 πολλοὺς
911 5285 1281 5350 δελεάζοντας,
1328 5284 1464 5338 ἀλλὰ
1509 5283 1794 5357 πόρρωθεν

240 5375 611 5444 φαινομένους,
640 5379 735 5433 καὶ
768 5377 941 5448 ταύτῃ
988 5376 1307 5447 γινομένους
1349 5374 1617 5445 φευκτοὺς
1660 5375 1796 5427 ἀπο-

242 5467 547 5538 τροπαὶοως,
598 5464 667 5540 ἦν
714 5470 801 5522 ὅτε
851 5459 950 5523 ’καὶ
996 5469 1158 5532 αὐτὸς
1184 5467 1432 5537 ὑπῆρχον
1468 5466 1561 5518 τοῦ
1607 5465 1793 5518 θιάσου

244 5558 421 5631 μέρος.
451 5559 589 5613 Νέον
621 5560 730 5629 γὰρ
778 5560 901 5613 τότε
951 5559 1079 5613 ὄντα
1130 5575 1219 5630 με,
1256 5559 1345 5612 τόν
1372 5575 1431 5611 τε
1463 5557 1653 5629 χρόνον
1701 5556 1797 5609 καὶ⁵

241 5647 324 5706 τὸν
342 5648 600 5721 λογισμὸν
626 5651 992 5723 ἡρπάκεισαν,
1019 5651 1171 5706 οὐδὲν
1192 5652 1274 5704 ὅτι
1308 5650 1383 5722 μὴ
1414 5647 1521 5703 τῶν
1548 5648 1648 5719 τῆς
1694 5664 1794 5701 κα-

244 5742 359 5809 κίας
414 5743 661 5816 ὀργάνων
708 5746 787 5809 εις
838 5745 997 5800 τοῦτο
1046 5746 1403 5817 κινήσαντεςο
1461 5741 1797 5814 προθέμενον

244 5833 342 5906 γὰρ
364 5834 462 5908 τὴν
486 5835 592 5889 τῶν
630 5835 917 5908 δογμάτων
946 5836 1255 5910 ἀκρίϐειαν,
1286 5831 1359 5890 ὧν
1384 5832 1573 5904 ἐπειδὴ
1596 5831 1798 5901 γευσά·

1900 3552 2003 3635 bus
2043 3554 2180 3609 meis
2214 3555 2597 3626 superioribus
2628 3565 2744 3612 tum
2773 3556 2826 3612 in
2862 3558 3161 3629 gratiarum
3201 3562 3475 3618 actionem

1899 3644 2032 3709 Deo,
2064 3654 2181 3700 tum
2207 3646 2261 3701 in
2296 3647 2635 3718 triumphum
2665 3648 2737 3704 de
2771 3649 2957 3719 impiis
2983 3660 3034 3707 et
3063 3650 3134 3706 ad
3160 3667 3353 3707 eorum
3391 3654 3476 3708 vi-

1901 3737 2342 3805 tuperationem;
2384 3740 2652 3809 precabor
2681 3740 3000 3806 Dominum,
3030 3750 3091 3796 ut
3125 3743 3291 3798 etiam
3328 3760 3477 3800 nunc

1900 3825 2048 3880 adsit
2100 3826 2263 3881 nobis
2315 3827 2538 3897 adjutor
2590 3828 2987 3900 intelligentiae,
3043 3842 3100 3886 et
3154 3833 3327 3889 verbo
3372 3850 3476 3889 suo

1898 3918 2135 3974 verbum
2174 3931 2425 3976 nostrum
2467 3923 2642 3993 gratia
2683 3922 2923 3993 Spiritus
2955 3925 3131 3980 sancti
3163 3926 3345 3983 amata
3392 3928 3477 3982 di-

1901 4007 2061 4077 rigat.
2089 4007 2143 4064 Si
2170 4012 2660 4081 enim,adjuvante
2688 4028 2790 4068 nos
2822 4013 2956 4081 Deo,
2985 4024 3101 4069 tum
3129 4016 3235 4071 alia
3266 4018 3474 4081 omnia,

1903 4107 2018 4154 tum
2064 4100 2173 4156 hoc
2205 4101 2352 4171 quod
2400 4103 2456 4157 in
2497 4102 2758 4158 manibus
2792 4112 2896 4170 est,
2947 4104 3370 4174 aggrediemur;
3421 4116 3477 4161 et

1902 4191 2065 4246 nobis
2112 4192 2221 4247 erit
2262 4193 2475 4264 integra
2513 4209 2726 4250 merces
2768 4195 2947 4265 ipsum
2976 4197 3356 4267 adiumentum
3399 4200 3477 4253 la—

1900 4283 2087 4350 boris;
2117 4291 2173 4338 et
2205 4284 2274 4340 iis
2308 4297 2535 4356 propter
2568 4302 2710 4357 quos
2740 4287 3054 4353 scribimus,
3083 4298 3249 4345 erunt
3278 4291 3476 4362 pignus

1903 4376 2182 4441 utilitatis,
2220 4376 2265 4432 si
2298 4393 2408 4433 non
2459 4394 2560 4448 pro
2607 4378 2875 4449 dignitate
2929 4397 3109 4452 pares,
3146 4383 3339 4437 saltem
3374 4400 3474 4454 pro

1900 4466 2112 4522 viribus
2140 4467 2381 4522 nostris:
2417 4483 2520 4522 nos
2543 4476 2724 4523 autem
2744 4469 2906 4525 aliter
2923 4471 3091 4524 etiam
3114 4470 3168 4524 in
3183 4473 3474 4541 prasentia

1903 4571 2252 4613 excusamur.
2287 4558 2460 4613 Vetus
2498 4559 2647 4613 enim
2688 4558 2934 4616 debitum
2987 4560 3294 4626 atlerimus,
3325 4561 3473 4631 quod

1902 4659 2032 4704 ante
2059 4657 2258 4704 caatera
2285 4648 2469 4703 omnia
2501 4649 2689 4705 debita
2717 4652 2933 4705 solvere
2966 4652 3343 4722 aequissimum
3363 4662 3470 4707 est.

1899 4737 2055 4804 Quod
2086 4737 2310 4808 quidem
2342 4739 2455 4808 jam
2485 4738 2700 4807 pridem
2731 4740 2868 4794 solvi
2888 4740 3102 4805 'debuit,
3128 4740 3221 4794 sed
3248 4748 3473 4809 propter

1823 4820 1864 4878 C
1906 4844 2157 4900 magnam
2187 4828 2427 4899 inopiam
2451 4829 2542 4883 vix
2569 4845 2739 4895 nunc,
2764 4838 2972 4897 etnon,
2998 4838 3059 4885 ut
3082 4831 3307 4902 dignum
3330 4840 3469 4894 erat,

1899 4921 2037 4975 solvi
2069 4920 2257 4991 coepit.

1967 5008 2239 5076 Quoniam
2268 5018 2459 5065 contra
2478 5025 2617 5081 quos
2641 5010 2807 5080 paulo
2827 5018 2953 5065 ante
2977 5011 3122 5065 volui
3160 5011 3471 5064 columnam

1899 5100 2011 5156 Deo
2038 5114 2266 5170 ponere,
2298 5107 2355 5154 et
2387 5100 2730 5170 triumphum
2762 5100 2830 5155 de
2861 5100 2995 5171 ipsis
3026 5115 3207 5171 agere,
3235 5100 3329 5169 qui
3364 5117 3471 5155 non

1899 5193 2137 5262 amplius
2169 5191 2509 5263 impietatem
2538 5193 2740 5257 celant,
2771 5200 2828 5247 et
2851 5192 2907 5247 in
2938 5192 3127 5247 abdito
3151 5200 3393 5257 servant,
3420 5204 3475 5246 et

1900 5284 2178 5339 multosin
2202 5284 2474 5339 fallaciam
2501 5285 2833 5340 occultando
2860 5284 3151 5348 inducunt,
3184 5285 3278 5339 sed
3309 5285 3476 5339 elon-

1901 5376 2109 5447 ginquo
2141 5384 2430 5447 apparent,
2467 5390 2535 5432 eo
2569 5377 2743 5447 magis
2778 5376 3023 5447 fugiendi
3057 5385 3115 5431 et
3149 5376 3470 5441 avertendi;

1904 5483 1971 5522 ex
1990 5469 2189 5523 borum
2209 5478 2356 5524 caatu
2386 5477 2443 5524 et
2466 5483 2699 5523 numero
2723 5469 3020 5539 aliquando
3047 5467 3144 5524 tui.
3166 5468 3301 5525 Cum
3326 5469 3473 5524 enim

1905 5569 2036 5615 tunc
2064 5560 2387 5615 adolescens
2414 5576 2619 5626 essem,
2649 5570 2706 5616 et
2734 5571 2949 5631 tempus
2965 5571 3022 5616 et
3045 5562 3312 5616 rationem
3339 5563 3472 5617 mihi

1899 5650 2505 5720 subripuerunt,nullo
2555 5650 2924 5706 instrumento
2978 5652 3198 5706 malitia:
3249 5651 3314 5705 ad
3369 5652 3475 5706 hoc

1900 5757 2011 5796 non
2040 5741 2312 5797 adhibito.
2346 5743 2763 5813 Proposuerunt
2792 5743 2941 5797 enim
2972 5742 3285 5814 dogmatum
3316 5726 3487 5796 abso?

1899 5831 2195 5902 lutionem,
2231 5848 2352 5905 quae
2391 5849 2492 5907 ego
2526 5843 2818 5908 postquam
2852 5835 2957 5893 hoc
2996 5836 3247 5908 specioso
3278 5834 3470 5900 verbo,
