4068 6550
528 391 674 459 Ῑ359
1806 401 2085 464 LEONTI

2187 402 2571 467 BYZANTINI
2658 402 2660 404 '
3675 427 3838 494 3350

526 521 788 581 tanquam
863 513 1082 566 summo
1146 511 1320 584 digito
1357 555 1370 579 ,
1425 513 1700 582 delibavi,
1752 516 1932 574 factus
1989 535 2085 575 sun

2225 536 2412 617 μενος,
2438 521 2602 617 τοῦτο
2633 523 2699 595 δὴ
2738 524 2800 617 τὸ
2828 526 2924 580 τοῦ
2951 527 3135 598 λόγου,
3168 532 3325 607 ἄκρῳ
3342 534 3615 613 δακτύλῳ,
3631 542 3832 617 λίχνους

523 602 743 667 avidus,
764 611 820 658 et
843 611 902 658 ut
931 604 1117 658 animo
1148 614 1405 676 prompto
1434 608 1866 674 essem,nihilin
1898 626 1984 666 me
2015 610 2084 666 de

2217 625 2280 699 τε
2337 611 2631 684 ἐγενόμην,
2688 616 2785 669 καὶ
2813 618 3128 690 προθυμίας
3170 602 3256 687 είς
3292 602 3490 699 μέτρον
3529 602 3738 691 οῦδὲνέ
3768 602 3829 692 τί

523 693 830 750 sideratum
866 704 970 750 est.
1019 696 1106 750 Illi
1160 711 1290 752 vero
1319 713 1407 752 me
1456 706 1723 770 tanquam
1771 703 1979 758 caecum
2010 703 2085 758 alii

2212 697 2498 757 ἐνέλιπον.
2529 706 2593 758 Oi
2625 704 2683 759 δὲ
2712 705 3008 779 λαϐόμενοι
3043 710 3233 786 ὥσπερ
3259 693 3467 788 τυφλὸν
3497 722 3620 778 ὁδοῦ
3660 743 3828 792 τινος

523 785 682 857 cujus
708 787 812 844 viae
836 785 1102 856 cupidum
1129 788 1300 853 nacti,
1331 789 1516 844 conati
1542 801 1675 845 sunt
1702 792 1758 846 in
1781 791 2085 850 barathrun

2211 792 2530 865 ἐφιέμενον,
2561 797 2644 861 είς
2675 798 2738 852 τὸ
2767 802 2870 872 τῆς
2901 804 3174 876 σφετέρας
3211 785 3474 876 ἀσεῦείας
3523 785 3829 873 κατασπᾶοί

524 877 825 948 impietatis
855 894 970 935 sua:
992 879 1317 936 deturbare.
1345 880 1451 936 Sed
1492 882 1672 938 adfuit
1698 885 1838 940 mihi
1869 901 2085 957 superni

2215 902 2306 940 σαι
2360 883 2639 960 βάραθρον
2683 892 3077 966 ἐπεχείρησαν.
3129 898 3274 954 Ἀλλ’
3318 903 3532 960 ἄνωθέν
3579 910 3674 978 μοί
3722 929 3825 975 τις

520 972 720 1043 gratia,
755 989 878 1044 qua:
906 988 994 1028 me
1025 988 1093 1028 ex
1121 974 1322 1030 mediis
1352 975 1620 1031 dentibus
1650 979 1836 1048 rapuit
1862 979 1978 1051 jam
2008 997 2085 1052 pa

2209 978 2542 1073 έπιφανεῖσα
2575 983 2763 1055 χάρις,
2799 987 2864 1041 ἐκ
2899 989 3068 1059 μέσου
3111 994 3221 1047 τῶν
3261 995 3489 1072 ὀδόντων
3528 972 3819 1073 ἥρπασεν,

521 1063 866 1119 ratissimum
913 1065 1138 1120 illorum
1176 1066 1488 1129 venationi.
1541 1076 1599 1123 et
1651 1068 2085 1126 ardentissimun

2208 1072 2565 1169 ἑτοιμότατον
2597 1077 2698 1150 ἤδη
2732 1079 3028 1152 γενόμενον
3075 1085 3323 1159 θήραμα,
3365 1063 3639 1149 πόθονντε
3680 1063 3819 1169 θερζ

520 1156 746 1212 virtutis
773 1165 828 1212 et
849 1156 1313 1227 peregrinationis
1343 1166 1570 1228 propter
1596 1174 1717 1213 eam
1741 1160 2085 1230 suscipienda

2211 1164 2448 1260 μότατον
2499 1169 2707 1240 ἀρετῆς
2769 1156 3266 1244 ὲμόαλοῦσαίκοιὶ
3313 1181 3413 1253 τῆς
3456 1184 3546 1238 διὰ
3589 1156 3816 1260 ταύτην

521 1249 867 1306 desiderium
917 1250 1052 1304 mihi
1089 1251 1298 1321 injecit.
1327 1251 1396 1306 Et
1429 1252 1709 1321 quomodo
1737 1252 1834 1323 qui
1873 1252 1978 1308 fuit
2009 1270 2085 1325 po-

2208 1258 2479 1325 ξενιτείας
2501 1261 2751 1328 ἐπάξιον.
2781 1265 2908 1331 Πῶς
2927 1267 2984 1321 δὲ
3001 1269 3103 1323 οὐκ
3131 1249 3417 1342 ἤμελλενὸ
3445 1276 3538 1331 τὸν
3578 1249 3819 1354 Ἰσραήλ

520 1341 637 1412 puli
674 1341 967 1397 lsraelitici
1000 1342 1056 1396 in
1087 1343 1386 1398 solitudine
1423 1343 1515 1398 illa
1559 1344 1782 1410 ductor,
1826 1362 1939 1401 non
1987 1362 2079 1403 era

2208 1353 2268 1407 ὲν
2301 1355 2504 1428 ἐρήμῳ
2555 1358 2964 1431 καθοδηγήσας,
3010 1364 3193 1438 κάμοῦ
3237 1369 3588 1442 συνέμπορος
3642 1341 3812 1444 γενέ-

521 1434 989 1506 peregrinationis
1024 1450 1159 1490 meae
1186 1437 1410 1491 futurus
1437 1438 1662 1491 eomes?
1709 1437 1813 1504 Qui
1864 1455 1953 1494 me
1991 1456 2085 1494 nor

2207 1445 2334 1500 σθαι
2363 1449 2464 1520 τῆς
2489 1451 2804 1522 ὲκδημίας;
2844 1455 3028 1526 φέρων
3066 1434 3127 1511 τε
3163 1458 3319 1514 οὔπω
3351 1434 3618 1535 πρότερον
3653 1434 3667 1444 ’
3702 1470 3801 1524 ἀν·

519 1523 676 1594 prius
709 1524 938 1591 dimisit,
965 1525 1144 1580 donec
1178 1525 1234 1579 in
1275 1542 1470 1581 manus
1501 1527 1820 1583 divinorum
1853 1531 2085 1585 virorun

2204 1541 2354 1630 ﬂuat,
2384 1538 2490 1604 ἕως
2522 1559 2591 1612 με
2622 1541 2784 1599 θείων
2815 1523 3030 1618 ἀνδρῶν
3061 1523 3447 1626 ὲγκα[τέ]θετο
3481 1523 3803 1630 παλάμαις,

521 1616 768 1682 tradidit,
803 1617 899 1687 qui
950 1632 1062 1672 non
1115 1618 1292 1673 solum
1333 1628 1501 1674 totam
1533 1619 1682 1674 illam
1714 1621 2085 1692 lippitudinen'

2204 1628 2263 1726 oi:
2284 1646 2349 1726 γε
2381 1630 2443 1726 ού
2474 1633 2637 1726 μόνον
2687 1636 2876 1708 πάσης
2905 1616 3127 1714 ἐκείνης
3162 1616 3266 1714 τῆς
3295 1616 3502 1720 λήμης,
3533 1651 3598 1705 τὸ
3635 1616 3801 1726 δμμα

518 1708 857 1778 depulerunt
903 1717 960 1764 et
1016 1719 1419 1781 repurgarunt,
1475 1711 1574 1766 sed
1625 1713 1851 1768 oculum
1901 1714 2085 1770 anima

2201 1721 2311 1817 τῆς
2339 1723 2484 1817 ὲλμῆς
2513 1725 2696 1799 ψυχῆς
2719 1708 3104 1803 ἀπεκάθηρανγ,
3134 1708 3271 1790 ἀλλὰ
3306 1708 3400 1793 κᾶι
3427 1708 3611 1810 φωτὸς
3639 1708 3797 1817 ἱεροῦ

515 1816 677 1857 sacro
723 1801 933 1856 lumine
989 1802 1368 1873 impleverunt
1419 1820 1486 1859 ex
1535 1804 1698 1860 libris
1746 1806 1952 1862 divinae
2008 1823 2085 1863 sa-

2203 1814 2521 1871 ἀπέπλισαν
2551 1823 2676 1884 ταῖς
2718 1821 2828 1876 τῶν
2853 1801 3130 1895 θεοσόφων
3163 1827 3390 1898 βίὸλοις,
3425 1801 3558 1904 παρ’
3579 1801 3656 1890 div
3691 1801 3794 1891 αὐο

515 1894 739 1964 pientiae
781 1910 851 1950 ex
893 1894 1098 1965 quibus
1128 1895 1206 1950 illi
1240 1896 1527 1952 veritatem
1574 1906 1630 1952 et
1673 1898 1944 1968 reliquam
1987 1899 2085 1954 vir-

2199 1907 2382 1978 τοῖςή
2431 1907 2664 1978 ἀλήθεια
2709 1913 2805 1966 καὶ
2851 1916 2884 1984 ἡ
2925 1887 3089 1988 λοιπὴ
3137 1887 3471 1992 ἀρετῇ-τὰς
3507 1887 3660 1996 ’ἐμάς
3693 1887 3795 1982 Li

515 1994 690 2041 tutem
746 1985 1082 2052 hauserant,
1132 1985 1341 2056 quibus
1386 2002 1540 2043 meas
1591 1988 1839 2045 actiones
1889 1999 1947 2045 et
2001 2005 2101 2046 co-

512 2081 792 2151 gnitiones
853 2088 1036 2135 castas
1099 2079 1428 2137 eﬂecerunt:
1498 2081 1696 2137 Annon
1760 2084 1961 2139 merito
2008 2097 2099 2140 me

513 2175 769 2230 homines
813 2173 956 2245 grati
1007 2180 1271 2229 extremae
1322 2174 1626 2244 impietatis
1661 2176 2100 2243 accusavissent,

512 2271 564 2325 si
589 2270 706 2325 haec
741 2268 967 2324 silentio
1007 2267 1230 2338 penitus
1277 2269 1564 2338 praeterire
1613 2269 1956 2324 voluissem?

581 2355 737 2422 Quod
751 2365 935 2410 autem
953 2371 983 2410 a
999 2355 1292 2426 principio,
1318 2371 1387 2410 ex
1411 2356 1706 2426 quolucem
1727 2357 1862 2423 vidi,
1878 2367 1934 2413 et
1959 2359 2099 2415 mihi

511 2457 766 2518 aspectus
787 2448 928 2503 lucis
948 2463 1179 2502 munere
1205 2449 1302 2503 Dei
1331 2449 1583 2505 redditus
1605 2463 1712 2517 est,
1736 2466 1847 2505 non
1872 2466 2097 2522 compo-

510 2540 598 2595 sui
632 2540 939 2594 orationem
970 2539 1028 2595 in
1059 2539 1362 2612 gratiarum
1395 2541 1667 2596 actionem
1692 2584 1708 2611 ,
1751 2553 1984 2599 excuset
2007 2559 2096 2600 me

511 2633 736 2703 quidem
792 2632 982 2697 Deus;
1037 2641 1266 2688 excuset
1315 2647 1450 2688 vero
1485 2634 1654 2690 etiam
1707 2637 2094 2706 unusquisque

509 2743 579 2780 ex
608 2725 677 2782 iis
698 2739 838 2794 quos
859 2725 1006 2780 Deus
1030 2724 1232 2796 diligit.
1254 2725 1378 2782 Non
1397 2726 1546 2782 enim
1573 2736 1801 2798 propter
1822 2728 2092 2799 ingratam

510 2817 859 2879 memoriam,
882 2817 977 2872 sed
1003 2831 1073 2871 ne
1095 2833 1162 2871 ex
1183 2817 1486 2888 gratiarum
1501 2820 1722 2876 actione
1743 2821 2093 2878 occasionem

508 2923 874 2980 praepropera:
888 2917 944 2963 et
959 2909 1599 2980 petulantisscriptionis
1617 2911 1920 2982 sumpsisse
1939 2912 2094 2968 vide-

508 3015 624 3066 rer,
658 2998 968 3054 orationem
997 2997 1272 3053 continui.
1303 2999 1465 3055 Nunc
1507 3006 1695 3054 autem
1743 3010 1874 3056 nata
1925 3017 2097 3057 causa.

501 3093 674 3164 justa,
719 3107 843 3162 qua;
901 3091 1167 3146 excitavit
1217 3098 1274 3146 et
1303 3092 1586 3148 conticere
1639 3107 1752 3148 non
1797 3095 2090 3164 permittit,

505 3183 696 3239 studui
731 3195 790 3238 ut
819 3190 877 3238 et
907 3181 1098 3238 debito
1128 3190 1184 3236 et
1219 3181 1502 3237 desiderio
1542 3183 1944 3242 satisfacerem.
1979 3185 2089 3241 Ero

505 3281 689 3329 autem
719 3271 943 3343 majoris
987 3271 1333 3328 auctoritatis
1386 3287 1499 3341 pra:
1543 3272 1805 3329 omnibus
1854 3284 1970 3329 tum
2017 3277 2086 3331 ad

503 3367 817 3422 faciendam
864 3364 1034 3418 fidem
1082 3379 1278 3419 eorum
1327 3379 1451 3434 quae
1497 3365 1732 3420 dicenda
1780 3375 1930 3432 sunt,
1970 3376 2086 3423 tum

503 3458 574 3513 ad
619 3455 996 3514 cohibendum
1045 3454 1258 3524 pudore
1305 3453 1530 3526 impios,
1580 3455 1625 3510 si
1684 3455 1826 3512 forte
1878 3457 2082 3514 velint:

501 3548 848 3620 experientia
899 3547 1085 3613 enim,
1133 3554 1196 3601 ut
1241 3547 1419 3612 aiunt,
1477 3546 1691 3602 ﬁrmior
1735 3556 1822 3604 est
1875 3550 2082 3608 verbis.

502 3641 664 3698 Adsit
691 3639 949 3696 Christus
976 3639 1132 3695 testis
1159 3649 1214 3695 et
1247 3640 1412 3695 Pater
1434 3640 1574 3712 ejus,
1610 3656 1718 3696 non
1743 3656 1865 3697 esse
1901 3658 1990 3698 me
2017 3643 2084 3701 de

502 3735 641 3805 ipsis
665 3733 984 3789 locuturum
1013 3741 1109 3787 aut
1129 3732 1258 3787 odio
1282 3732 1615 3802 aliquorum,
1647 3740 1743 3787 aut
1771 3733 1825 3788 in
1851 3735 2083 3805 gratiam

502 3827 777 3892 aliorum;
817 3824 914 3880 sed
949 3825 1082 3895 quia
1111 3824 1381 3880 misereor
1411 3823 1651 3896 primum
1683 3826 1910 3896 quidem
1958 3828 2083 3885 illo-

503 3934 626 3972 rum
661 3917 931 3987 ipsorum,
964 3916 1164 3972 deinde
1196 3931 1329 3971 vero
1361 3915 1496 3986 quia
1531 3917 1943 3975 multitudinem
1984 3935 2082 3976 eo-

501 4025 626 4063 rum
655 4023 794 4079 quos
829 4007 1194 4078 deceperunt,
1223 4022 1443 4077 semper
1472 4006 1667 4063 deﬂeo.
1705 4009 1896 4065 Tertio
1931 4011 2080 4066 volui

499 4115 662 4170 opem
686 4099 833 4154 ferre
852 4099 919 4153 ad
934 4097 1354 4168 praecavendum
1379 4099 1448 4153 iis
1467 4099 1561 4169 qui
1587 4110 1718 4155 sunt
1741 4101 1797 4155 in
1825 4103 2079 4172 presenti
2180 4139 2235 4175 τι

501 4193 618 4247 fere
637 4191 890 4261 periculo
920 4189 1387 4259 labendi,quibus
1408 4189 1557 4244 hunc
1583 4191 1789 4245 librum
1818 4200 2079 4262 tanquam

499 4281 808 4339 remedium
823 4281 1026 4336 veneni
1043 4280 1404 4336 commiscere
1416 4280 1586 4335 volui.
1605 4281 1878 4337 Praeterea
1891 4282 2078 4348 etiam,

499 4379 631 4450 quia
666 4375 984 4432 metuebam
1017 4373 1316 4448 judicium,
1343 4373 1388 4430 si
1419 4373 1641 4428 miseria
1671 4373 1787 4444 ipsa
1818 4390 1848 4429 a
1878 4389 1987 4444 qua
2015 4374 2083 4430 li-

500 4474 727 4528 beratus
778 4467 1030 4535 fuissem,
1087 4482 1192 4524 nos
1244 4464 1637 4522 misericordes
1682 4480 1794 4520 non
1837 4464 2076 4521 fecisset.

2201 2001 2395 2071 χεῖρας
2437 2000 2535 2055 καὶ
2586 2003 2794 2074 φρένας
2834 2007 3181 2076 ἁγνίσαντες.
3215 2007 3345 2084 'Ap‘
3377 2009 3474 2069 οὖν
3516 2018 3617 2070 οὐκ
3656 2021 3789 2073 ἀσεο

2200 2091 2356 2182 ϐείας
2401 2094 2642 2168 ἐσχάτης
2681 2098 2907 2171 γραφὴν
2949 2100 3017 2156 ἂν
3071 2103 3225 2172 παρὰ
3266 2105 3376 2160 τῶν
3416 2109 3794 2182 εὐγνωμόνων

2198 2181 2428 2247 ἐνδίκως
2475 2186 2910 2262 ἀπηνεγκάμην,
2959 2193 3014 2247 εί
3061 2193 3242 2250 ταῦτα
3288 2203 3468 2273 σιωπῇ
3523 2181 3791 2258 παντελεί

2197 2274 2542 2345 παραδοῦναι
2577 2278 2852 2349 ὑπέμεινα
2868 2299 2882 2348 ;

2269 2366 2394 2420 Ὅτι
2421 2368 2480 2422 δὲ
2511 2368 2589 2441 μὴ
2631 2370 2728 2424 ἀπ’
2760 2373 2958 2444 ἀρχῆς,
2999 2375 3136 2448 μηδὲ
3159 2378 3284 2431 κατ’
3328 2380 3500 2452 αὐτὴν
3540 2383 3794 2456 ἐκείνην,

2195 2455 2273 2521 ὡς
2325 2458 2528 2526 εἰπεῖν,
2550 2461 2651 2532 τὴν
2702 2461 2873 2534 ὥραν,
2924 2465 3048 2520 καθ’
3079 2468 3146 2538 ἢν
3180 2469 3482 2540 ἀναϐλέψαι
3511 2455 3790 2547 ὴξίωμαι,

2195 2550 2288 2607 τδν
2361 2553 2785 2627 εύχαριστήριον
2847 2560 3184 2632 συντέταχα,
3245 2567 3622 2637 παραιτείσθω
3681 2573 3788 2642 μὲν

2195 2642 2351 2707 Θεὸς,
2402 2647 2787 2714 παραιτεῖσθω
2827 2649 2886 2703 δὲ
2922 2652 3017 2705 καὶ
3047 2653 3157 2708 τῶν
3206 2655 3476 2727 θεοφιλῶν
3521 2661 3783 2728 ἕκαστος.

2195 2735 2271 2788 υύ
2325 2736 2436 2809 γὰρ
2472 2738 2542 2791 δι’
2585 2741 3008 2812 ἀγνωμοσύνην,
3048 2745 3168 2800 ἀλλ’
3207 2747 3351 2818 ὑπὲρ
3395 2749 3490 2823 τοῦ
3521 2753 3599 2825 μὴ
3628 2753 3792 2819 δόξαι

2192 2828 2296 2900 τὴν
2335 2831 2465 2902 περῖ⁹
2487 2833 2696 2886 τούτων
2722 2835 3076 2907 εὐχαριστίαν
3107 2839 3418 2910 προπετοῦς
3451 2847 3784 2916 συγγραφῆς

2193 2922 2468 2977 ποιεῖσθαι
2519 2924 2815 2995 πρόφασιν,
2870 2927 3026 2998 φόὸῳ
3073 2929 3167 2983 τὸν
3235 2929 3395 3000 λόγον
3439 2933 3779 3004 ὲχαλίν-σα.

2190 3013 2306 3068 Νῦν
2333 3015 2380 3068 δ’
2409 3015 2507 3069 ἅτε
2539 3015 2756 3081 δικαίας
2783 3019 2878 3073 καὶ
2921 3020 3044 3073 οὐδὲ
3100 3022 3494 3094 συγχωρούσης
3543 3027 3790 3098 ἠρεμεῖν

2190 3105 2601 3177 ἀνακινησάσης
2656 3110 2807 3180 ἡμᾶς
2875 3111 3093 3176 αίτίας,
3130 3114 3548 3183 ἀφοσιώσασθαι
3600 3119 3664 3172 τό
3713 3137 3787 3173 τε

2113 3244 2158 3304 c
2189 3198 2352 3268 χρέος
2383 3199 2478 3253 καὶ
2507 3200 2598 3304 τδν
2629 3199 2795 3254 πόθον
2823 3203 3164 3260 ἐσπούδακα.
3216 3205 3684 3282 ’ἀξιοπιστότερος
3715 3211 3786 3265 δὲ

2190 3290 2413 3346 πάντων
2448 3290 2515 3345 ἂν
2541 3287 2632 3364 ἦν,
2667 3294 2748 3357 εἷς
2772 3310 2832 3347 τε
2863 3293 3047 3348 πίστιν
3069 3295 3180 3350 τῶν
3205 3296 3650 3370 λεχθησομένων,
3677 3305 3785 3358 καὶ

2188 3385 2271 3447 είς
2314 3382 2377 3436 τὸ
2420 3385 2742 3441 καταιδέσαι
2773 3387 2904 3452 τοὺς
2945 3388 3166 3455 ἀθέους,
3207 3389 3274 3444 ἂν
3303 3393 3412 3464 ἄρα
3443 3393 3778 3464 βούλωνταιο

2189 3476 2358 3545 πεῖρα
2389 3473 2522 3547 γὰρ,
2614 3493 2771 3548 φασι,
2801 3477 2914 3530 τῶν
2945 3477 3118 3548 λόγων
3153 3477 3504 3554 βεϐαιοτέρα.
3535 3485 3784 3556 Χριστὸς

2186 3564 2244 3618 δέ
2279 3583 2370 3637 μοι
2395 3569 2631 3639 παρήτω
2665 3569 2900 3641 μάρτυς,
2928 3573 3024 3624 καὶ
3049 3574 3078 3625 ὁ
3110 3573 3304 3627 τούτου
3343 3575 3556 3648 Πατὴρ,
3587 3577 3669 3630 δτι
3693 3579 3784 3650 μὴ

2185 3659 2457 3733 ἀπεχθείᾳ
2500 3659 2723 3734 τινῶνῆ
2759 3665 2824 3735 τῇ
2859 3663 2995 3736 πρὸς
3025 3666 3251 3736 ἑτέρους
3296 3668 3506 3739 χάριτι,
3542 3671 3611 3725 τά
3649 3674 3780 3727 κατ’

2185 3754 2386 3818 αὐτοὺς
2415 3751 2532 3826 εἶμι
2558 3753 2732 3820 λέξων
2752 3773 2767 3788 ’
2802 3755 2942 3812 ἀλλὰ
2980 3758 3230 3830 πρώτους
3268 3761 3369 3831 μὲν
3397 3763 3595 3828 αὐτοὺς
3623 3765 3777 3818 ὲκεί-

2185 3867 2307 3913 νους
2337 3847 2843 3920 κατοικτιζόμενος,
2872 3851 2973 3906 οὐκ
3006 3851 3155 3907 ἐστιν
3195 3854 3285 3907 ὅτε
3325 3855 3400 3927 μὴ
3433 3856 3780 3928 ὀλοφυρόμε-

2184 3959 2298 4006 νος,
2325 3942 2423 3996 καὶ
2471 3941 2659 4013 τρίτον
2706 3942 3196 4016 προφυλακτήριόν
3242 3964 3296 4002 τι
3356 3929 3609 4022 βοήθημα
3658 3956 3780 4017 τοῖς

2183 4033 2306 4086 ὅσον
2337 4033 2490 4087 οῦπω
2528 4034 2986 4106 ἐμπεσουμένοις,
3033 4037 3227 4093 τοῦτον
3267 4041 3358 4096 τὸν
3390 4040 3551 4112 λόγον
3581 4042 3782 4116 ὥσπερ

2284 4121 2631 4194 ἁλεξιτήριον
2683 4129 2982 4196 φάρμακον
3027 4132 3376 4202 συγκεράσαι
3435 4133 3774 4189 ἐσπούδασα.

2183 4215 2332 4284 Πρὸς
2361 4214 2444 4268 ἔτι
2467 4215 2523 4269 δὲ
2555 4217 2652 4270 καὶ
2681 4219 2745 4271 τὸ
2772 4220 2950 4290 κρῖμα
3010 4219 3230 4288 δεδιὼς,
3255 4225 3303 4278 εί
3327 4228 3468 4296 μήτε
3502 4227 3566 4280 τὸ
3597 4227 3777 4292 πάθος

2182 4309 2330 4377 ἡμᾶς
2363 4307 2673 4378 συμπαθεῖς
2705 4311 3142 4368 κατεσκεύασεν.
3181 4314 3280 4370 'l’v'
3313 4319 3364 4371 el
3399 4319 3475 4390 μή
3519 4337 3570 4372 τι
3619 4319 3778 4390 ἄλλο,

2181 4395 2343 4450 τοῦτο
2370 4396 2435 4468 δὴ
2472 4400 2906 4471 καρποφορήσω,
2946 4400 3026 4473 τῷ
3069 4403 3476 4478 λυτρωσαμένῳ
3516 4409 3613 4461 καὶ
3663 4409 3776 4463 σώ-

2184 4505 2339 4542 σαντι
2367 4486 2468 4560 τὴν
2528 4488 2734 4559 ἑτέρων
2765 4491 3152 4566 προφυλακήν.
3181 4495 3326 4566 Μηδ⁹
3361 4497 3517 4551 αὐτοὶ
3547 4499 3606 4553 δὲ
3635 4503 3776 4571 ἡμῖν

500 4561 571 4619 Ut
618 4559 666 4616 si
716 4575 829 4616 non
877 4558 1053 4625 aliud,
1085 4558 1242 4615 hunc
1285 4557 1479 4614 saltem
1515 4555 1755 4611 fructum
1783 4555 1835 4611 ei
1864 4557 1959 4626 qui
1987 4571 2078 4612 rc-

2187 4555 2690 4653 χαλεπαινέτωσαν,
2732 4586 2781 4638 εί
2809 4555 3048 4652 ἐξειπεῖν
3085 4555 3386 4660 ῦπέμέινα,
3435 4592 3578 4663 ἆπερ
3613 4555 3775 4648 nigrai

499 4653 673 4711 demit
711 4663 768 4710 et
816 4653 1095 4719 servavit,
1146 4651 1410 4716 offeram;
1450 4647 1692 4706 fructum
1719 4648 1842 4704 dico
1873 4663 2076 4720 praeua-

497 4762 626 4804 vere
655 4746 800 4802 aliis.
830 4745 910 4802 Ne
939 4759 1078 4800 vero
1122 4743 1229 4814 ipsi
1278 4741 1512 4797 moleste
1553 4737 1758 4806 ferant,
1793 4737 1840 4793 si
1877 4736 2080 4793 eli'erre

499 4839 674 4906 volui,
709 4853 833 4909 qua:
862 4836 968 4908 ipsi
998 4851 1110 4890 non
1157 4835 1501 4889 horruerunt
1521 4829 1750 4886 sentire.
1776 4828 1892 4901 Age
1917 4843 2073 4900 ergo,

497 4934 795 4990 all‘eramus
835 4931 891 4985 in
939 4928 1187 4984 medium
1240 4926 1310 4982 ab
1356 4924 1492 4996 ipsis
1545 4932 1741 4979 contra
1783 4922 2079 4978 veritatem

496 5018 827 5096 excogitata,
851 5020 1056 5090 quibus
1073 5018 1161 5073 usi
1185 5025 1316 5074 sunt
1340 5017 1398 5071 in
1420 5030 1517 5072 eos
1543 5014 1641 5086 qui
1664 5014 1866 5071 misere
1884 5029 2078 5071 eorum

497 5114 709 5186 laqueis
741 5110 950 5167 irretiri
983 5119 1039 5164 et
1069 5107 1192 5178 capi
1228 5115 1542 5177 eruperunt.

566 5206 606 5258 1.
639 5202 886 5258 Primum
924 5200 1095 5272 igitur
1132 5196 1436 5253 artiﬁcium
1457 5197 1830 5254 simulationis
1850 5197 2078 5270 dignum

498 5295 707 5350 malitia
739 5308 935 5350 eorum
955 5301 1061 5358 est,
1093 5290 1243 5362 quod
1279 5305 1406 5346 cum
1437 5299 1661 5346 sanctos
1688 5289 1950 5345 Ecclesiae
1982 5289 2080 5346 do-

497 5400 681 5445 ctores
727 5397 782 5443 et
828 5403 858 5442 a
899 5387 1014 5442 Deo
1066 5385 1224 5442 datos
1291 5400 1405 5440 non
1469 5383 1767 5455 recipiant,
1817 5382 2080 5438 simulant

497 5481 668 5537 verbo
697 5495 755 5535 se
789 5495 970 5549 neque
1005 5478 1363 5534 Theodorum
1414 5493 1596 5549 neque
1627 5476 1930 5533 Diodorum
1964 5474 2082 5546 pri-

497 5590 616 5630 nios
650 5573 946 5644 impietatis
975 5588 1086 5628 sua:
1117 5572 1301 5629 fontes
1334 5573 1605 5644 recipere.

562 5780 629 5836 il.
657 5781 798 5849 Quin
831 5792 996 5838 ettam
1025 5798 1279 5854 magnam
1309 5781 1604 5855 synodum,
1626 5790 1683 5838 et
1711 5779 2076 5851 plurimorum

496 5882 884 5948 episcoporum
917 5875 1425 5933 Cbalcedonensem
1467 5891 1570 5946 pro
1601 5873 1710 5931 alio
1757 5871 1956 5944 quovis
1988 5871 2077 5929 in-

2183 4678 2402 4746 φρονεῖν
2420 4676 2480 4730 οὐ
2512 4677 2870 4748 πεφρίκασιν.
2903 4679 3038 4748 ’Δγε
3061 4679 3126 4750 δὴ
3149 4675 3363 4747 οῦν,είς
3391 4683 3559 4752 μέσον
3588 4685 3773 4738 αὐτῶν

2182 4769 2754 4840 παρεισκυκλήσωμεν
2811 4770 2911 4833 τὰς
2966 4771 3111 4827 κατά
3167 4773 3268 4843 τῆς
3321 4773 3586 4844 ἀληθείας
3641 4777 3770 4830 ἐπι-

2181 4860 2353 4925 νοίας,
2371 4859 2462 4926 αἷς
2485 4862 2789 4932 κέχρηνται
2822 4864 2965 4917 κατά
2985 4864 3097 4918 τῶν
3129 4865 3330 4931 ἀθλίως
3358 4869 3481 4932 ταῖς
3513 4871 3770 4938 φονικαῖς

2181 4953 2367 5008 αὐτῶν
2391 4954 2626 5026 ἄρκυσιν
2665 4956 2867 5010 ἁλῶναι
2906 4957 3247 5030 ἀρχομένων.

2251 5228 2332 5282 A'.
2362 5223 2590 5296 Πρῶτον
2628 5224 2729 5295 μὲν
2755 5223 2851 5278 οὖν
2871 5223 3052 5278 αὐτῶν
3080 5225 3243 5282 τοῦτο
3261 5226 3446 5300 δρᾶμα
3470 5229 3570 5300 τῆς
3597 5248 3770 5302 πονη-

2184 5318 2307 5390 ρίας
2339 5315 2584 5384 ἐπάξιον,
2613 5316 2697 5369 ὅτι
2730 5315 2854 5386 μηδ’
2877 5315 3015 5380 ὅλως
3037 5318 3163 5382 τοὺς
3188 5318 3372 5390 ίεροὺς
3395 5320 3497 5389 τῆς
3528 5320 3768 5394 Ἐκκλη-

2183 5411 2305 5474 σίας
2339 5409 2436 5463 καὶ
2481 5407 2799 5471 θεοσδότους
2852 5407 3134 5479 δεχόμενοι
3197 5409 3575 5479 διδασκάλους,
3622 5413 3769 5484 πλὴν

2180 5505 2263 5558 ὃτι
2291 5503 2426 5575 μηδὲ
2448 5501 2726 5572 Θεόδωρον
2751 5501 2846 5554 καὶ
2880 5501 3167 5572 Διόδωρον,
3205 5503 3307 5568 τὰς
3336 5504 3559 5576 πρώτας
3582 5505 3773 5561 αὐτῶν

2180 5593 2283 5664 τῆς
2327 5592 2585 5656 ἀσεϐείας
2615 5591 2801 5664 πηγὰς
2843 5590 3099 5662 δέχεσθαι
3133 5594 3213 5667 τῷ
3244 5596 3389 5668 λόγῳ
3435 5597 3767 5670 ὑποκρίνοψ

2179 5705 2290 5741 ται.

2252 5779 2326 5834 B'.
2355 5779 2467 5834 Καὶ
2502 5779 2610 5852 μὴν
2651 5781 2737 5834 ὅτι
2769 5781 2868 5850 τὴν
2916 5779 3164 5852 μεγάλην
3202 5779 3299 5834 καὶ
3334 5778 3771 5851 πολυάνθρωπον

2182 5872 2426 5942 σύνοδον,
2471 5873 2568 5927 καὶ
2616 5873 2734 5928 ἀντ’
2781 5873 2943 5928 ἄλλου
2990 5874 3139 5937 τινὸς
3195 5873 3587 5943 δελεάσματος,
3649 5876 3767 5940 τοῖς
