4020 6564
162 480 299 548 1361

1120 491 1287 554 ADV.
1329 473 2038 554 INCORRUPTICOLAS
2076 494 2174 554 ET
2211 494 2532 556 NESTOR.

3287 490 3423 558 1362

154 598 552 670 ἁπλουστέροις
601 600 999 671 προτείνουσιν,
1034 602 1097 655 ού
1128 605 1455 674 φρονοῦντες
1490 606 1588 674 μὲν
1622 606 1741 658 κατ’

1871 607 2148 663 'itamento
2201 607 2633 678 simplicioribus
2682 614 3017 676 proponunt,
3050 620 3159 660 non
3202 607 3426 676 quidem

160 692 356 761 αὐτὴν.
383 693 498 745 Οὐκ
523 687 642 745 οἶδα
666 692 847 764 γάρεῖ
872 711 981 746 τινι
1007 694 1152 766 ἀλλῳ
1170 695 1279 749 τῶν
1312 697 1619 767 πρωτείων,
1648 696 1741 750 τοῦ

158 788 384 857 φρονεῖν
421 787 541 839 κατ’
588 786 759 857 αὐτῆς
807 789 1255 860 παραχωροῦσιν,
1295 792 1445 860 ὅμως
1496 792 1540 845 δ’
1571 791 1744 862 αὐτὴν

154 882 236 945 ὡς
283 880 485 949 σεμνὸν
533 883 903 951 προσωπεῖον,
934 882 1029 935 τοῦ
1062 882 1184 936 καθ’
1214 884 1443 947 ἑαυτοὺς
1466 884 1746 955 δράματος

157 971 643 1040 ὑπεισερχόμενοι,
675 972 1095 1027 λανθάνουσιτά
1128 974 1324 1044 πρῶτα
1352 979 1449 1046 τῆς
1488 977 1746 1047 ἐγχειρή-

161 1078 328 1125 σεως’
364 1062 512 1128 ἅπαξ
550 1062 609 1115 δὲ
654 1063 947 1128 πείσαντες
977 1065 1234 1135 δέχεσθαι
1272 1066 1436 1137 δῆθεν
1486 1066 1585 1136 τὴν
1617 1067 1746 1121 σύν-

152 1155 301 1219 οδον,
323 1155 356 1224 ἢ
383 1142 674 1225 δεχομένου
703 1155 767 1223 γέ
796 1172 943 1220 τινος
961 1156 1253 1227 λαϐόμενοι
1272 1156 1746 1222 διαπυνθάνονται,

163 1248 353 1301 ὁποῖον
392 1247 544 1317 αύτῷ
597 1247 832 1317 σύνηθές
871 1266 932 1302 τε
987 1250 1083 1302 καὶ
1132 1249 1286 1319 φίλον
1314 1250 1424 1304 τῶν
1482 1251 1748 1324 Πατέρων

164 1342 392 1395 ἀσκεῖν·
426 1336 548 1395 εἷτα
596 1342 646 1394 εί
700 1339 853 1411 τύχοι
883 1342 1064 1412 φήσας
1108 1343 1136 1395 ὁ
1168 1341 1550 1414 ἐρωτώμενος,
1584 1345 1618 1415 ἢ
1655 1347 1749 1397 τὸν

162 1433 349 1503 μέγαν
374 1432 653 1503 ὀφθαλμὸν
670 1434 771 1503 τῆς
794 1434 1123 1503 Ἔκκλησίας
1154 1434 1432 1507 Ἰωάννην,
1450 1436 1483 1509 ἦ
1504 1437 1633 1500 τοὺς
1654 1436 1750 1491 δύο

165 1525 446 1595 μεγάλους
472 1527 789 1596 φωστῆρας,
816 1525 945 1589 τοὺς
984 1527 1362 1591 Καππαδόκας
1387 1530 1555 1597 φημὶ,
1582 1527 1615 1598 ἢ
1656 1528 1749 1582 τὸν

166 1614 493 1683 φανὼτατον
552 1616 832 1688 ἑωσφόρον
881 1616 1219 1682 Ἀθανάσιον,
1270 1621 1321 1672 οἱ
1360 1618 1417 1672 δὲ
1449 1619 1592 1690 (οὐδὲ
1640 1619 1750 1691 γάρ

162 1708 534 1778 ὑπομένουσιν
561 1708 682 1762 οὐδὲ
712 1709 887 1780 αὑτήν
912 1727 975 1779 γε
996 1710 1095 1782 τὴν
1120 1709 1231 1763 τῶν
1258 1710 1541 1780 ὀνομάτων
1567 1712 1752 1781 ἀπαγ-

165 1798 403 1867 γελίαν,)
431 1798 707 1852 ἀλλοιοῦσι
756 1800 857 1868 μὲν
884 1799 1045 1864 εὐθὺς
1072 1799 1135 1853 τὸ
1166 1800 1478 1869 πρόσωπον,
1510 1801 1659 1870 ὅμως
1689 1818 1752 1870 γε

172 1891 286 1961 μὴν
318 1891 458 1960 ὑπὲρ
481 1890 577 1944 τοῦ
616 1892 690 1962 μὴ
725 1891 868 1945 κατά
892 1891 989 1962 τὴν
1017 1892 1242 1963 πρώτην
1271 1893 1523 1963 ἐντυχίαν
1549 1891 1754 1964 πλῆξαι

167 1980 265 2030 τὸν
300 1978 645 2050 θηρώμενον,
679 1982 772 2034 καὶ
798 1980 972 2052 ταύτῃ
999 1982 1366 2052 ἀποφοιτῆσαι
1390 2024 1405 2048 ,
1437 1981 1605 2036 Καλοὶ
1635 1984 1757 2053 μὲν,

1846 701 2148 755 sentientes
2175 715 2301 755 cum
2333 715 2430 761 ea;
2466 700 2655 754 nescio
2684 698 2834 753 enim
2868 714 2938 752 an
2970 697 3067 752 ulli
3097 698 3189 752 alii
3220 698 3429 769 primas

1846 798 2032 860 partes
2070 787 2347 844 sentiendi
2401 797 2595 844 contra
2643 802 2765 843 eam
2799 786 3145 853 concedant;
3202 804 3427 859 gravem

1848 891 2028 937 tamen
2063 897 2356 951 personam
2382 883 2504 953 ejus
2550 881 2604 935 in
2652 897 2754 937 suo
2799 889 2925 935 actu
2971 880 3077 935 sibi
3118 896 3217 950 per
3251 883 3430 935 simu-

1846 973 2108 1028 lationem
2160 974 2527 1044 imponentes,
2560 974 2732 1028 latent
2782 974 2839 1028 in
2890 973 3024 1043 ipsis
3056 972 3261 1043 negotii
3302 989 3429 1029 sus-

1847 1067 1991 1135 cepti
2038 1066 2251 1121 initiis:
2294 1082 2419 1121 cum
2458 1082 2593 1121 vero
2623 1065 2792 1121 semel
2840 1064 3122 1121 suaserint
3157 1065 3429 1136 synodum

1849 1158 2120 1227 recipere,
2149 1166 2245 1213 aut
2290 1158 2438 1213 nacti
2470 1167 2601 1213 sunt
2632 1158 2871 1227 aliquem
2903 1159 2997 1227 qui
3030 1156 3279 1227 recipiat,
3306 1173 3433 1227 per-

1849 1258 2149 1304 contantur
2203 1267 2497 1315 quemnam
2551 1266 2619 1306 ex
2672 1249 2929 1306 Patribus
2991 1250 3187 1305 solitus
3239 1250 3313 1306 sit
3375 1258 3434 1305 et

1849 1342 2065 1410 placeat
2108 1350 2346 1397 tractare
2392 1351 2450 1397 et
2493 1357 2790 1398 exercere:
2840 1341 3062 1406 deinde,
3100 1342 3146 1397 si
3178 1341 3321 1397 forte
3353 1358 3435 1398 re-

1851 1432 2139 1502 spondeat,
2170 1449 2333 1504 quem
2365 1435 2676 1505 percontati
2708 1443 2859 1499 sunt,
2889 1444 2985 1489 aut
3013 1450 3272 1504 magnum
3298 1450 3434 1491 ocu-

1849 1524 1964 1579 lum
1999 1523 2258 1581 Ecclesia:
2300 1525 2569 1581 Joannem
2595 1566 2610 1590 ,
2638 1534 2736 1580 aut
2776 1525 2889 1580 duo
2932 1541 3128 1596 magna
3183 1526 3431 1591 lumina,

1852 1617 2013 1679 duos.
2045 1619 2294 1688 inquam,
2339 1619 2463 1674 illos
2505 1617 2885 1688 Cappadocize,
2933 1626 3030 1673 aut
3061 1619 3432 1673 clarissimum

1852 1709 2145 1765 luciferum
2168 1711 2559 1778 Athanasium;
2591 1711 2671 1766 illi
2691 1712 2957 1766 continuo
2974 1720 3191 1765 mutant
3208 1710 3433 1781 quidem

1853 1818 2175 1873 personam:
2220 1819 2333 1859 non
2365 1804 2515 1859 enim
2550 1804 2838 1873 patiuntur
2882 1819 2949 1859 ne
2983 1803 3259 1858 nominari
3312 1803 3437 1872 qui-

1855 1891 1979 1946 dem
2011 1893 2227 1959 solum;
2279 1909 2349 1948 ne
2404 1894 2682 1948 tamenin
2737 1894 2857 1963 ipso
2893 1894 3074 1961 primo
3127 1909 3431 1963 congressu

1851 1984 2173 2040 deterreant
2189 2002 2354 2054 quem
2375 1986 2674 2055 illaqueare
2694 1988 2910 2051 volunt,
2936 1996 3102 2056 atque
3134 1986 3211 2041 ita
3232 1987 3435 2041 avolet:

171 2068 330 2133 φασὶ,
367 2069 462 2121 καὶ
487 2069 537 2121 οἱ
569 2069 811 2140 Πατέρες
834 2062 1006 2134 οὗτοι,
1034 2071 1152 2125 ἀλλ’
1179 2070 1332 2126 οὔπω
1359 2072 1621 2142 ἀμείνους
1647 2072 1759 2126 τῶν

1871 2075 2019 2139 Boni,
2043 2076 2323 2145 inquiunt,
2340 2087 2468 2132 sunt
2489 2079 2578 2133 isti
2604 2079 2814 2144 Patres,
2840 2094 2949 2133 non
2975 2087 3153 2133 tamen
3179 2080 3440 2133 meliores

174 2158 510 2227 ἡμεδαπῶν·
540 2163 590 2215 εί
637 2161 693 2215 δὲ
749 2163 819 2216 τὰ
859 2163 1102 2234 ὀνόματα
1147 2152 1581 2227 διαπυνθάνοιτο,
1623 2164 1751 2219 ἀνά-

168 2251 346 2317 γνωθι
381 2251 627 2323 πρῶτον,
663 2255 817 2322 φασὶ,
857 2256 954 2310 καὶ
983 2256 1104 2309 τότε
1132 2255 1319 2328 γνώσῃ
1347 2259 1495 2321 τίνες
1544 2275 1608 2311 τε
1664 2261 1758 2315 καὶ

174 2342 358 2412 ἡλίκοι
400 2346 786 2416 τυγχάνουσιν,
830 2341 927 2410 ὧν,
973 2347 1149 2416 ἄθλιε,
1184 2348 1457 2419 λέγοντες,
1510 2350 1634 2405 οὐδὲ
1657 2353 1760 2417 τὰς

176 2436 553 2506 προσηγορίας
588 2436 669 2490 ἔτι
697 2437 1055 2508 μεμάθηκας.

250 2547 323 2601 Γ’.
359 2547 571 2612 Πολλάς
620 2567 681 2603 τε
720 2549 814 2603 καὶ
867 2548 1036 2613 ἄλλας
1079 2550 1503 2622 ὑπισχνούμενοι
1552 2553 1762 2624 δωρεὰς

176 2640 276 2693 καὶ
306 2640 620 2712 συνάρσεις,
658 2642 753 2695 καὶ
788 2641 889 2707 τὰς
916 2644 1008 2697 ἐπὶ
1043 2643 1333 2713 βασιλέως,
1367 2646 1416 2698 εί
1442 2645 1598 2715 τύχοι
1624 2647 1761 2716 χρῄ·

180 2735 312 2797 ζων,
339 2734 600 2800 εἰσόδους,
622 2735 733 2788 τῶν
760 2738 819 2790 ὲν
842 2735 989 2790 τέλει
1010 2754 1070 2790 τε
1097 2737 1195 2808 τὴν
1211 2737 1435 2809 πρώτην
1454 2739 1643 2809 τιμὴν,
1668 2740 1764 2792 καὶ

176 2824 291 2878 τῶν
329 2826 531 2895 λογίων
586 2829 717 2899 παρ’
762 2830 950 2893 αὐτοῖς
995 2829 1096 2902 τὴν
1144 2831 1539 2901 συνδιαίτησιν,
1580 2830 1626 2884 ὣ
1665 2833 1764 2901 τῆς

178 2917 293 2971 τῶν
324 2919 510 2973 κακῶν
548 2921 853 2991 ἀμετρίαςί
883 2922 943 2975 ού
987 2923 1254 2992 πρότερον
1286 2924 1604 2994 ἀπέχονται,
1632 2925 1765 2995 πρὶν

181 3010 368 3074 αὐτοῖς
400 3012 697 3065 ὑποπεσεῖν
737 3013 829 3067 τὸν
871 3012 985 3066 εἴτε
1026 3013 1259 3085 ἀμαθίᾳ,
1296 3014 1409 3068 εἴτε
1440 3015 1622 3086 χρείᾳ,
1654 3017 1765 3069 εἴτε

182 3104 469 3175 κολακείᾳ,
498 3103 610 3157 εἴτε
669 3104 814 3175 ἄλλῳ
836 3105 947 3158 τινὶ
971 3105 1083 3159 τῶν
1130 3106 1229 3159 ὅσα
1281 3106 1599 3175 παγιδεύειν
1640 3105 1762 3171 δῐδε,

183 3192 313 3255 τοὺς
348 3191 425 3264 μὴ
455 3193 607 3267 πάσῃ
647 3193 863 3267 φυλακῇ
895 3194 993 3266 τῆν
1033 3194 1247 3250 ἑαυτῶν
1293 3193 1767 3268 τηροῦνταςςκαρ-

183 3283 325 3337 δίαν.

1859 2180 2023 2235 quam
2054 2176 2366 2223 nostrates:
2399 2169 2443 2223 si
2476 2184 2608 2223 vero
2637 2177 2792 2239 roget
2820 2168 3063 2232 nomina,
3088 2169 3232 2239 Lege
3260 2170 3436 2239 prius,

1860 2258 2140 2329 inquiunt,
2164 2270 2223 2316 et
2256 2270 2390 2316 tunc
2423 2278 2745 2332 cognosces,
2779 2264 2973 2332 quales
3003 2271 3059 2317 et
3084 2263 3277 2332 quanti
3306 2262 3437 2325 sint,

1859 2367 2120 2421 quorum,
2140 2353 2333 2420 miser,
2359 2354 2639 2424 inquiunt,
2675 2370 2743 2410 ne
2770 2356 2994 2411 nomina
3014 2355 3238 2426 quidem
3260 2354 3442 2409 adhuc

1860 2443 2125 2500 didicisti.

1930 2557 2020 2613 Ill.
2054 2558 2225 2613 Multa
2252 2559 2400 2614 enim
2428 2561 2534 2616 alia
2572 2577 2801 2617 munera
2850 2570 2907 2616 et
2934 2562 3139 2617 auxilia
3184 2562 3444 2632 pollicen-

1864 2657 1991 2712 tur,
2038 2658 2095 2704 et
2146 2665 2281 2720 opes
2327 2653 2714 2723 imperatoris,
2767 2653 2813 2708 si
2867 2662 3045 2723 egeat,
3093 2662 3149 2707 et
3200 2653 3443 2723 primum

1863 2740 2094 2807 gradum
2120 2742 2177 2796 in
2210 2743 2645 2813 magistratibus,
2674 2754 2731 2800 et
2754 2745 3126 2807 eruditorum,
3159 2759 3300 2814 quos
3343 2745 3445 2798 ha-

1865 2833 1998 2887 bent
2051 2835 2387 2890 convictum.
2419 2835 2464 2891 Ο
2508 2838 2775 2891 malorum
2820 2837 3280 2892 immensitateml
3331 2850 3445 2890 non

1866 2927 2023 2996 prius
2060 2927 2379 2994 discedunt,
2430 2946 2596 2999 quam
2648 2931 2975 2986 succumbat
3023 2931 3140 2985 sive
3188 2930 3444 2993 inscilizr,

1866 3019 1980 3074 sive
2011 3020 2350 3091 indigentiae,
2383 3023 2500 3078 sive
2550 3023 2933 3088 assentationi,
2962 3024 3081 3078 sive
3120 3023 3243 3078 aliis
3296 3040 3446 3093 quae-

1866 3125 2089 3182 cunque
2111 3112 2408 3183 illaqueare
2437 3114 2618 3169 solent
2637 3130 2735 3170 eos
2764 3115 2859 3186 qui
2885 3130 2996 3171 non
3024 3115 3175 3171 omni
3197 3113 3448 3170 custodia

1866 3219 1965 3260 eor
1992 3220 2154 3261 suum
2184 3205 2525 3263 custodiunt.

258 3402 334 3452 A'.
379 3394 521 3485 Εἶτα⁶
548 3399 719 3453 ὲπειδ’
750 3400 817 3454 ἂν
852 3400 959 3454 ὑπὸ
990 3403 1153 3472 χεῖρα
1178 3401 1417 3463 λάσοιεν.
1454 3404 1546 3457 καὶ
1586 3404 1763 3457 πειθό·

1940 3400 2028 3456 IV.
2070 3399 2283 3456 Deinde
2332 3408 2625 3471 postquam
2672 3408 2894 3472 captum
2952 3409 3162 3463 tenent.
3211 3410 3268 3455 et
3314 3399 3445 3456 obe-

192 3508 356 3561 μενον
382 3490 559 3563 ἔχοιεν
590 3493 646 3545 ἐν
676 3485 759 3554 οἷς
805 3492 1111 3561 βούλονται,
1152 3495 1203 3547 εί
1252 3494 1354 3565 μὲν
1404 3496 1638 3566 μοναχὸς
1683 3498 1767 3565 εἴη

1871 3492 2115 3549 dientem
2169 3492 2225 3547 in
2272 3493 2478 3561 quibus
2512 3493 2726 3559 volunt,
2778 3493 3023 3560 habent,
3063 3494 3109 3548 si
3149 3494 3453 3548 monachus

189 3583 374 3636 αὐτῶν
405 3584 466 3638 τὸ
505 3585 750 3655 θήραμα,
790 3587 883 3639 ἐπί
913 3602 974 3640 τε
1008 3585 1360 3656 Ἑλληνικοὺς
1402 3587 1597 3656 λόγους
1635 3605 1772 3658 προ-

190 3677 507 3748 τρέπονται,
571 3678 626 3730 ετ
670 3695 733 3748 γε
783 3679 920 3750 πρὸς
964 3678 1191 3742 τούτους
1242 3679 1571 3749 ἐπιτηδείως
1634 3678 1772 3750 ἔχων

186 3768 484 3840 εὑρεθείη·
517 3771 613 3823 καὶ
659 3771 833 3824 πολλὰ
882 3770 982 3841 τὴν
1026 3769 1123 3824 τοῦ
1181 3771 1466 3841 τάγματος
1513 3771 1775 3840 ἀφέλειαν

198 3858 542 3926 σκώψαντες,
572 3862 665 3914 καὶ
694 3861 770 3923 ὡς
806 3861 959 3915 οὐδέν
986 3864 1103 3915 ὲστι
1134 3861 1381 3930 νηστεία,
1409 3862 1443 3927 ἢ
1471 3863 1772 3933 ἀγρυπνία,

190 3950 229 4019 ἢ
268 3950 620 4021 ἀναχώρησις
671 3952 803 4020 (καὶ
848 3953 958 4025 γὰρ
1011 3953 1105 4006 καὶ
1158 3954 1255 4025 τὴν
1299 3954 1613 4026 πρακτικὴν
1656 3954 1774 4007 δια-

192 4039 510 4107 ϐάλλουσιν,
544 4043 639 4096 καὶ
690 4042 883 4114 μέχρις
933 4042 1098 4097 αύτοῦ
1134 4044 1399 4114 ὀνόματος
1439 4045 1575 4115 πρὸς
1608 4042 1778 4115 αὐτὴν

194 4135 702 4206 δυσχεραίνουσιν),
736 4137 830 4189 ἐπὶ
858 4135 922 4189 τὸ
951 4136 1184 4207 ἀμεῖψαι
1225 4137 1285 4191 τὸ
1316 4138 1507 4207 σχῆμα
1538 4137 1777 4209 προτρέ-

196 4241 418 4289 πονται,
447 4224 523 4287 ὡς
547 4227 804 4304 ἐμπόδιον
824 4228 1093 4297 τυγχάνον
1117 4226 1406 4295 πολιτικῆς
1433 4226 1775 4295 φιλοσοφίας

198 4317 389 4388 κλήρῳ
416 4317 473 4371 δὲ
499 4317 892 4386 ὲγκαταλὲγειν
920 4319 1082 4372 αὐτὸν
1113 4317 1522 4388 ὑπισχνοῦνται,
1548 4318 1581 4388 ἢ
1604 4317 1781 4382 ἄλλως

199 4425 320 4471 πως
371 4412 717 4479 συγκροτεῖν,
757 4410 919 4479 μόνον
956 4412 1006 4463 εί
1039 4410 1145 4480 τῆς
1183 4410 1443 4474 ἀσεϐείας
1474 4411 1657 4464 αὐτῶν
1685 4409 1781 4479 γέ-

199 4516 346 4555 νοιτο
384 4501 636 4572 μέτοχος.
673 4501 736 4554 Et
764 4502 823 4556 δὲ
860 4502 1127 4571 κοσμικδς
1174 4501 1284 4572 εἴη,
1327 4501 1430 4565 τάς
1477 4503 1628 4572 αύτῷ
1681 4503 1783 4573 ἀρ-

202 4592 512 4662 μοττούσας
546 4591 940 4662 ὑπισχνοῦνται
981 4592 1218 4663 δωρεάς·
1265 4593 1368 4645 οὐκ
1422 4594 1785 4663 ἀληθεύοντες

206 4687 305 4758 μὲν
335 4684 517 4756 (τοῦτο
542 4686 653 4755 γάρ
674 4685 855 4738 αὐτῶν
889 4686 1008 4738 ἔστι
1038 4686 1100 4739 τὸ
1129 4687 1189 4738 ὲν
1224 4687 1421 4747 κακοῖς
1458 4683 1779 4756 μακάριον),

1871 3582 1965 3644 sit.
1998 3582 2294 3637 hortantur
2326 3583 2392 3637 ad
2430 3584 2694 3654 legendos
2727 3583 2901 3639 libros
2938 3584 3250 3654 gentilium,
3288 3584 3333 3639 si
3368 3590 3451 3639 ta-

1874 3688 1999 3727 men
2025 3672 2259 3728 idoneus
2275 3673 2343 3727 ad
2360 3689 2457 3728 eos
2477 3674 2740 3744 legendos
2764 3675 3021 3729 videatur
3043 3693 3059 3741 ;
3083 3683 3139 3729 et
3163 3683 3453 3748 postquam

1871 3764 2281 3834 simplicitatem
2313 3764 2526 3820 ordinis
2552 3767 2840 3820 monastici
2875 3767 3110 3821 multum
3139 3766 3453 3829 irriserunt,

1875 3856 2021 3926 quod
2057 3856 2194 3911 nihil
2244 3859 2314 3911 sit
2358 3858 2653 3928 jejunium,
2691 3858 2776 3912 vel
2810 3858 3021 3927 vigilia,
3053 3858 3138 3911 vel
3180 3872 3455 3917 secessus,

1877 3948 2171 4019 (siquidem
2199 3950 2391 4004 virtuti
2423 3950 2700 4020 practicae,
2730 3949 2785 4003 id
2814 3958 2918 4011 est,
2944 3949 2999 4003 in
3027 3948 3243 4003 actione
3268 3948 3461 4017 positae

1878 4042 2209 4101 obtrectant.
2236 4050 2291 4095 et
2322 4058 2500 4111 neque
2525 4057 2725 4095 nomen
2758 4042 2877 4111 ejus
2908 4041 3019 4112 pati
3044 4048 3275 4111 possunt
3301 4056 3460 4109 :equo

1879 4134 2110 4204 animo),
2146 4134 2212 4188 ad
2272 4133 2594 4189 mutandum
2658 4134 2908 4189 habitum
2962 4134 3254 4188 hortantur
3313 4134 3461 4203 quod

1881 4228 1953 4284 sit
1999 4228 2069 4283 ad
2118 4228 2362 4283 studium
2406 4229 2629 4284 virtutis
2663 4228 2923 4298 politicae,
2991 4229 3043 4282 id
3077 4239 3183 4293 est,
3238 4244 3360 4297 qua:
3406 4228 3463 4281 in

1880 4320 2103 4375 civitate
2132 4328 2402 4384 versetur,
2456 4320 2962 4391 impedimentum:
3020 4320 3354 4390 promittunt
3406 4334 3465 4372 se

1883 4412 1939 4466 in
1974 4413 2225 4467 ordinem
2268 4412 2593 4469 clericorum
2636 4429 2763 4468 eum
2801 4422 3179 4483 cooptaturos,
3212 4420 3307 4465 aut
3355 4410 3465 4464 alio

1884 4504 2049 4560 modo
2092 4505 2474 4569 auxiliaturos,
2507 4504 2671 4560 modo
2707 4504 2801 4559 ﬁat
2832 4504 3113 4575 particeps
3162 4504 3466 4573 impietatis

1884 4612 2099 4652 eorum.
2132 4598 2230 4652 Sin
2263 4605 2447 4651 autem
2507 4597 2579 4650 sit
2614 4597 2919 4662 saecularis,
2967 4596 3109 4650 dona
3145 4596 3197 4649 ei
3246 4610 3466 4663 accome

1888 4690 2107 4744 modata
2140 4689 2500 4758 promittunt,
2542 4704 2651 4742 non
2686 4688 2910 4757 quidem
2952 4702 3147 4741 verum
3194 4678 3465 4749 dicentes,

200 4782 352 4850 ὅμως
379 4779 423 4832 δ’
450 4774 546 4833 οὖν
578 4777 1076 4841 ἀποσουκολοῦντες
1101 4782 1220 4842 ταῖς
1248 4778 1452 4841 ἐλπίσι,
1494 4778 1761 4849 κεχηνένα

1889 4780 1996 4834 hoc
2027 4779 2174 4833 enim
2204 4786 2289 4833 est
2323 4779 2376 4832 in
2406 4794 2599 4832 eorum
2632 4778 2792 4833 malis
2823 4778 3084 4843 beatum;
3145 4777 3237 4832 sed
3279 4778 3358 4831 sic
3386 4783 3469 4830 ta-

204 4875 288 4938 είς
327 4874 526 4937 αὐτοὺς
558 4871 985 4941 ἀναγκάζουσιν.
1028 4870 1191 4923 Ἀλλά
1226 4871 1436 4924 τούτων
1470 4871 1570 4939 μὲν
1606 4873 1657 4924 εί
1690 4872 1785 4924 καὶ

208 4966 413 5036 βραχὺς
438 4968 465 5019 ὁ
496 4965 741 5036 ἔλεγχος,
770 4962 907 5017 ἀλλὰ
938 4963 1035 5017 καὶ
1069 4962 1416 5031 κατεπείγων
1446 4962 1475 5015 ὁ
1503 4964 1714 5032 χρόνος.

284 5166 359 5221 Ε’.
428 5165 583 5230 Ἐνδς
639 5165 687 5219 δ’
723 5160 817 5220 οὖν
870 5164 903 5235 ἣ
960 5163 1217 5236 δευτέρου
1275 5163 1384 5216 τῶν
1424 5166 1547 5217 κατ’
1592 5165 1789 5226 αὐτοὺς

212 5258 595 5331 ἐπιμνησθεὶς,
631 5260 726 5313 ἐπὶ
783 5258 874 5312 τὸν
928 5258 1106 5329 μέγαν
1164 5257 1345 5311 αὑτῶν
1397 5258 1497 5326 τῆς
1545 5257 1789 5329 ἀμαθίας

211 5351 555 5424 τετράψομαι
633 5351 973 5405 διδάσκαλον.
1034 5350 1424 5421 Θεωρήσαντες
1480 5350 1586 5419 γὰρ
1637 5351 1791 5403 αὐτοὶ

212 5443 486 5515 ὁσημέραι
527 5442 589 5495 τδ
620 5444 761 5495 κατᾶ
788 5441 893 5495 τῶν
935 5442 1113 5496 ἀθέων
1140 5441 1320 5495 αὐτῶν
1350 5441 1663 5510 δογμάτων,
1694 5442 1790 5494 καὶ

213 5538 310 5592 τοῦ
352 5537 685 5606 πρωτάρχου
716 5535 1118 5604 τῆςὰσεὸείας,
1149 5536 1206 5587 ὲν
1237 5536 1349 5598 τοῖς
1384 5537 1594 5597 πιστοῖς
1628 5535 1791 5598 αύξὸ-

219 5645 381 5700 μενον
411 5627 620 5681 δίκαιον
654 5628 830 5696 μῖσος,
862 5628 937 5691 ὡς
970 5628 1163 5701 πικρόν
1192 5646 1245 5681 τι
1284 5627 1623 5681 διανοοῦνται
1650 5630 1794 5683 κατά

215 5722 318 5792 τῆς
361 5718 572 5773 ἑαυτῶν
600 5718 766 5788 ζωῆς.
797 5719 1043 5790 Δράματι
1066 5721 1175 5792 γὰρ
1198 5720 1260 5792 δή
1312 5738 1465 5790 φασι,
1496 5722 1591 5775 καὶ
1629 5738 1800 5792 προσ-

212 5813 354 5883 ώπῳ
397 5814 551 5883 ἡμῖν,
606 5811 845 5884 Ἐῥρέτω
894 5811 1209 5887 Νεστόριος,
1257 5814 1548 5884 δογμάτων
1596 5813 1654 5866 δὲ
1693 5813 1800 5867 τῶν

225 5903 406 5959 αὐτῶν
462 5904 615 5959 ἔσται
669 5904 872 5977 πατὴρ,
909 5905 937 5960 ό
988 5908 1242 5963 κάκείνου
1293 5907 1476 5979 πατὴρ
1528 5906 1786 5978 γεγονώς,

1891 4885 2016 4924 men
2034 4884 2159 4923 cum
2177 4867 2351 4921 fallaci
2375 4881 2471 4935 spe
2493 4866 2840 4925 scducentes.
2858 4874 3061 4936 cOgunt
3080 4864 3291 4917 inhiare
3311 4862 3466 4931 ipsis.

1893 4962 2071 5031 Atque
2093 4961 2210 5014 haec
2230 4958 2452 5029 quidem
2474 4958 2578 5013 etsi
2601 4958 2844 5013 breviter
2869 4964 3252 5022 recensentur,
3284 4964 3467 5009 tamen

1896 5066 2114 5123 tempus
2148 5060 2321 5122 urget.
2710 5046 2711 5049 “

1966 5170 2029 5223 V.
2065 5167 2248 5223 Unum
2300 5166 2468 5238 igitur
2500 5174 2597 5220 aut
2633 5164 2869 5219 alterum
2909 5176 3035 5217 cum
3069 5174 3470 5216 commemora-

1897 5278 2049 5329 vero,
2083 5261 2151 5317 ad
2191 5276 2448 5331 magnum
2499 5259 2823 5329 magistrum
2865 5255 3196 5324 insipientize
3233 5256 3471 5309 istorum

1897 5371 1985 5410 me
2024 5363 2366 5410 convertam.
2395 5352 2534 5407 Cum
2580 5351 2727 5406 enim
2773 5347 3030 5404 viderent
3073 5346 3179 5416 ipsi
3222 5346 3474 5416 quotidie

1899 5445 2044 5516 apud
2078 5444 2266 5499 ﬁdeles
2293 5443 2499 5512 justum
2530 5440 2717 5495 odium
2757 5446 2947 5494 contra
2984 5437 3099 5507 ipsa
3135 5436 3299 5506 impia
3340 5435 3475 5506 dog-

1901 5545 2067 5600 mata,
2120 5545 2177 5591 et
2223 5544 2415 5590 contra
2461 5533 2792 5603 principem,
2842 5530 3128 5602 pmsidem
3178 5528 3477 5597 impietatis

1900 5645 2089 5685 eorum
2125 5628 2341 5699 augeri;
2373 5626 2580 5697 aliquid
2610 5626 2767 5681 valde
2794 5624 3052 5680 acerbum
3084 5630 3278 5678 contra
3309 5619 3477 5673 vitam

1903 5738 2057 5777 suam
2102 5719 2434 5790 excogitant.
2477 5718 2682 5774 Dicunt
2726 5718 2871 5773 enim
2906 5717 3069 5773 nobis
3117 5715 3171 5768 in
3208 5721 3334 5769 actu
3377 5726 3479 5765 suo

1901 5813 2177 5886 personati
2202 5830 2217 5867 :
2238 5813 2424 5869 Valeat
2451 5810 2737 5866 Nestorius
2757 5828 2771 5875 ;
2790 5808 3115 5864 eorumdem
3163 5805 3477 5875 dogmatulu

1895 5910 1999 5965 crit
2032 5916 2209 5978 pater,
2236 5906 2328 5977 qui
2360 5905 2462 5961 fuit
2489 5913 2544 5961 et
2581 5904 2729 5960 illius
2778 5911 2953 5974 pater.
