4068 6566
561 461 698 529 1363

1831 466 2142 530 LEONTII
2183 464 2584 534 BYZANTINI

3675 449 3818 517 ποθι

559 574 747 631 Ταῦτα
770 574 901 647 παρ’
930 575 1146 639 ἑαυτοῖς
1207 573 1529 646 στήσαντες,
1563 575 1660 630 καὶ
1696 575 1929 648 ἀρίστην
1959 575 2164 646 ταύτην
2207 576 2356 646 σφίσι
2395 572 2760 646 καταθέμενοι
2812 569 3029 642 βουλὴν,
3105 565 3382 637 Θεόδωρον
3433 561 3549 618 ἀντ’
3597 558 3820 616 ἐκείνου

554 671 669 734 τοῖς
699 669 912 732 πιστοῖς
940 668 1319 738 προΐσχονται.
1345 729 1358 744 κ

589 787 713 842 -Vl.
745 785 904 853 Quod
937 801 1073 841 vero
1116 794 1201 841 est
1248 785 1336 841 his
1363 783 1764 840 ‘admirabilius
1811 784 1938 857 (etsi
1983 787 2126 840 enim

2310 787 2402 852 ς’.
2429 783 2503 837 Τὸ
2523 782 2580 837 δὲ
2606 780 2814 836 τούτων
2844 775 3318 849 θαυμασιώτερον,
3351 774 3556 846 καίπερ
3608 773 3825 844 παρελ-

553 879 803 934 volebam
831 878 1138 949 pneterire,
1155 895 1264 934 non
1283 887 1466 933 tamen
1494 877 1832 947 sinor),cum
1852 888 2132 934 versutam

555 973 825 1026 malitiam
872 971 1298 1028 Manichaeorum
1345 970 1544 1026 imitati
1595 978 1811 1037 essent,
1849 987 1952 1026 nec
1983 971 2134 1026 enim

555 1064 718 1118 aliter
748 1065 884 1133 ipsis
923 1064 1109 1119 vivere
1143 1064 1362 1128 licebat,
1409 1063 1552 1119 sicut
1599 1063 1679 1118 illi
1729 1079 1786 1119 se
1832 1063 1887 1118 in
1929 1063 2137 1118 electos

557 1169 696 1224 quos
722 1154 826 1224 ipsi
852 1163 1073 1216 vocant,
1098 1162 1154 1208 et
1183 1154 1240 1208 in
1260 1153 1672 1219 indifferentes;
1709 1154 1790 1208 sic
1836 1153 1893 1207 hi
1926 1155 2136 1223 seipsos

558 1245 748 1316 partiti
779 1256 908 1302 sunt
939 1247 996 1302 in
1037 1246 1346 1302 imitatores
1384 1247 1560 1316 ipsius
1590 1246 1852 1313 Nestorii,
1887 1255 1944 1302 et
1979 1262 2135 1301 com-

558 1338 883 1393 munionem
914 1353 979 1394 ac
1016 1340 1338 1394 societatem
1366 1339 1486 1410 ejus
1517 1339 1699 1410 magni
1733 1338 2026 1405 facientes,
2077 1347 2136 1394 et

557 1430 618 1484 in
645 1429 1175 1488 anathematizantes
1209 1430 1548 1495 Nestorium,
1582 1430 1910 1485 simulantes
1951 1439 2135 1485 autem

557 1518 817 1576 Ecclesia:
839 1522 1302 1576 communionem.
1318 1521 1475 1588 Quod
1503 1537 1637 1576 vero
1662 1522 1768 1577 hoc
1788 1539 1898 1578 non
1915 1523 2134 1594 fingam,

561 1613 720 1669 testis
753 1623 857 1680 est,
888 1614 983 1684 qui
1021 1615 1239 1669 occulta
1262 1613 1414 1669 videt
1441 1632 1453 1668 :
1481 1629 1605 1669 cum
1632 1614 1782 1670 enim
1819 1615 2042 1686 quidam
2068 1632 2135 1671 ex

561 1704 820 1760 ﬁdelibus
850 1714 1072 1761 coactus
1100 1715 1247 1762 esset
1279 1706 1350 1762 ab
1382 1707 1536 1776 ipsis,
1571 1716 1631 1762 ut
1659 1723 1784 1762 cum
1825 1707 1959 1777 ipsis
1987 1724 2137 1764 com-

560 1797 877 1852 munionem
895 1798 1150 1864 haberet,
1182 1807 1238 1854 et
1258 1799 1409 1854 clero
1435 1798 1698 1854 Ecclesia:
1725 1799 2132 1867 aseriberetur;

558 1899 847 1960 postquam
870 1889 1129 1945 viderunt
1145 1907 1272 1947 eum
1292 1907 1360 1947 ex
1381 1891 1486 1947 isto
1503 1892 1754 1947 horribili
1775 1908 1910 1946 ausu
1931 1892 2135 1947 factum

557 1981 896 2052 pigriorem:
947 1980 1114 2048 Quid,
1166 1983 1446 2052 inquiunt,
1501 1996 1733 2046 maeres,
1790 1981 1836 2035 si
1888 1981 2135 2036 Ecclesia

558 2082 818 2144 tanquam
844 2074 1103 2144 praetorio
1126 2075 1318 2139 uteris,
1333 2082 1390 2129 et
1411 2074 1564 2129 clero
1587 2083 1845 2144 tanquam
1862 2073 2132 2138 exercitu,

2235 877 2349 932 θεῖν
2380 875 2572 939 θέλων,
2602 877 2702 928 οὐκ
2739 871 3142 943 ἐπιτρέπομαιο
3180 867 3450 943 amna?
3481 867 3592 921 τῶν
3634 868 3821 922 Μανι-

2235 969 2408 1040 χαίων
2442 964 2784 1038 ἐζηλωκότες
2820 962 3163 1033 πανουργίαν
3190 961 3334 1032 (ούδέ
3366 959 3476 1029 γὰρ
3507 959 3684 1022 ἄλλως
3714 957 3822 1012 αύ-

2233 1064 2349 1125 τοῖς
2379 1061 2645 1131 βιοτεύειν
2673 1057 2824 1129 ἐξῆν)
2857 1058 3047 1128 ῶσπερ
3086 1057 3286 1108 ἐκεῖνοι
3320 1053 3401 1116 είς
3437 1053 3566 1116 τοὺς
3610 1051 3823 1104 καλου-

2238 1130 2436 1224 μένους
2463 1149 2756 1214 ἐκλεκτοὺς
2784 1150 2878 1204 καὶ
2905 1147 3257 1219 ἀδιαφόρους,
3287 1144 3432 1198 οὓτω
3456 1143 3521 1213 δὴ
3547 1145 3640 1197 καὶ
3661 1130 3847 1196 οὗτοι’

2235 1243 2575 1300 καταδιεῖλον
2616 1242 2848 1306 ἑαυτοὺς
2881 1241 2961 1304 είς
2997 1257 3060 1294 τε
3089 1239 3217 1302 τοὺς
3252 1236 3418 1291 αὑτὸν
3466 1233 3828 1308 ἐζηλωκότας

2235 1337 2534 1408 Νεστόριον
2581 1335 2680 1390 καὶ
2735 1332 2835 1405 τὴν
2883 1331 3169 1386 κοινωνίαν
3220 1329 3386 1384 αὐτοῦ
3434 1327 3564 1401 περὶ
3615 1325 3825 1381 πολλοῦ

2237 1429 2619 1500 ποιουμένους,
2643 1427 2740 1482 καὶ
2764 1427 2844 1490 εἰς
2871 1425 2998 1489 τοὺς
3025 1425 3234 1478 ἐκεῖνον
3259 1421 3358 1493 μὲν
3385 1420 3822 1490 ἀναθεματίζον-

2235 1540 2358 1590 τας,
2390 1519 2854 1592 ὑποκρινομένους
2889 1517 2948 1571 δὲ
2993 1517 3097 1588 τὴν
3121 1515 3224 1586 τῆς
3265 1511 3596 1585 Ἐκκλησίας
3621 1529 3821 1565 κοινω-

2235 1614 2378 1670 νίαν.
2415 1613 2527 1668 Καὶ
2577 1613 2659 1666 ὅτι
2710 1608 2868 1665 τοῦτο
2916 1609 2978 1663 ού
3029 1603 3341 1660 πέπλασταί
3398 1620 3511 1674 μοι,
3546 1603 3822 1673 μαρτυρεῖ

2237 1709 2266 1762 6
2293 1707 2402 1762 τῶν
2429 1702 2694 1778 κρυπτῶν
2717 1701 2913 1773 ἔφορος
2932 1717 2948 1733 ο
2977 1701 3074 1755 καὶ
3099 1699 3208 1770 γάρ
3233 1715 3380 1762 τινος
3412 1695 3525 1749 τῶν
3544 1694 3814 1766 γνησίων,

2237 1797 2689 1869 ἀναγκαζομένου
2739 1797 2875 1864 παρ’
2903 1795 3105 1858 αὐτῶν,
3157 1792 3254 1846 καὶ
3301 1790 3581 1846 κοινωνεῖν
3605 1789 3814 1851 αὐτοῖς,

2236 1894 2335 1948 καὶ
2365 1891 2444 1962 τῷ
2474 1890 2663 1961 κλήρῳ
2693 1891 2795 1960 τῆς
2836 1886 3162 1958 Ἐκκλησίας
3192 1882 3592 1955 ἐγγράφεσθαι,
3624 1880 3816 1952 ἐπειδὴ

2236 1983 2376 2056 πρὸς
2419 1982 2482 2034 τό
2525 1981 2667 2035 οὕτω
2700 1979 2932 2052 φρικτὸν
2962 1978 3221 2048 τόλμημα
3253 1975 3616 2048 ὀκνηρότερον
3667 1975 3811 2040 ἴδον,

2239 2077 2305 2130 Τί
2331 2076 2505 2146 λυπῇ,
2535 2073 2721 2144 φασιν,
2747 2073 2801 2126 εί
2824 2075 2891 2143 τῇ
2927 2071 3026 2142 μὲν
3064 2069 3365 2141 Ἐκκλησία
3385 2067 3468 2131 ὡς
3487 2066 3815 2138 πραιτωρίῳ

555 2174 613 2221 et
643 2165 802 2220 fidem
825 2175 1064 2222 nostram
1085 2166 1350 2232 habes,et
1367 2166 1813 2222 communionem
1845 2166 2126 2221 nobiscum

2235 2169 2491 2240 χρήσαιο,
2523 2166 2618 2220 καὶ
2645 2164 2726 2237 τῷ
2752 2164 2941 2235 κλήρῳ
2969 2163 3046 2228 ὡς
3087 2161 3342 2234 στρατιᾷ,
3376 2160 3475 2232 τὴν
3524 2159 3581 2213 δέ
3627 2160 3819 2213 πίστιν

555 2256 950 2326 amplecteris?
993 2257 1088 2312 llle
1115 2266 1300 2312 autem
1349 2272 1476 2311 cum
1527 2257 1585 2311 in
1635 2255 1868 2310 dubium
1905 2255 1974 2310 de
2027 2256 2134 2311 hoc

556 2348 678 2420 ipso
710 2349 857 2419 quod
913 2349 1194 2412 audiebat,
1225 2351 1461 2415 veniret,
1497 2349 1818 2419 diceretque
1859 2347 1978 2404 fieri
2024 2364 2133 2402 non

557 2453 721 2509 posse
773 2447 834 2494 ut
859 2455 986 2494 cum
1016 2440 1151 2510 ipsis
1183 2449 1391 2496 etcum
1421 2440 1666 2496 Ecclesia
1693 2441 2010 2494 communio
2039 2439 2137 2493 ha-

555 2531 783 2587 beretur
810 2571 826 2596 ,
875 2531 994 2588 Non
1041 2540 1281 2602 oportet,
1332 2531 1614 2601 inquiunt,
1643 2541 1698 2584 te
1723 2530 1954 2585 moleste
1988 2528 2134 2584 ferre

556 2624 700 2679 hanc
726 2623 1121 2680 (nconomiam.
1148 2623 1319 2678 Panis
1359 2624 1508 2680 enim
1547 2623 1605 2678 in
1649 2629 1840 2694 typum
1885 2621 2135 2692 corporis

554 2715 761 2772 Christi
809 2715 1127 2786 propositus
1161 2715 1286 2786 plus
1329 2713 1736 2771 benedictionis
1787 2713 2134 2785 participavit

554 2825 721 2880 quam
755 2809 912 2880 panis
951 2808 1047 2879 qui
1083 2808 1140 2863 in
1191 2808 1312 2864 foro
1360 2807 1644 2873 venditur,
1682 2815 1741 2862 et
1767 2823 1934 2877 quam
1961 2822 2133 2876 panes

553 2917 698 2972 quos
736 2901 1205 2958 Phihimarianitaa
1241 2900 1484 2960 offerunt
1528 2901 1584 2956 in
1614 2901 1842 2958 nomine
1888 2900 2097 2957 Mariae.

622 3124 734 3181 VII.
764 3126 1005 3198 Tempus
1029 3135 1115 3181 est
1147 3124 1260 3196 jam
1288 3134 1350 3180 ut
1416 3122 1608 3179 laudes
1653 3121 1836 3195 magni
1885 3120 2131 3177 doctoris

555 3216 833 3272 Theodori
854 3232 1178 3283 narremus;
1211 3217 1361 3271 hunc
1403 3216 1553 3271 enim
1587 3214 1744 3269 aiunt.
1786 3229 1907 3270 esse
1948 3213 2127 3280 illum,

549 3323 714 3376 quem
744 3322 976 3376 magnus
1003 3306 1262 3374 Joannes,
1296 3315 1487 3376 utpote
1517 3321 1585 3361 ex
1607 3305 1892 3376 proposito
1933 3320 2127 3359 mona-

549 3398 674 3454 Stici
705 3397 941 3452 instituti
972 3398 1210 3469 lapsum,
1239 3398 1335 3469 qui
1365 3398 1792 3468 promissionem
1835 3397 2128 3467 abiurave-

2237 2259 2382 2330 ἔχοις
2429 2257 2529 2330 τὴν
2585 2255 2888 2328 ἡμετέραν,
2921 2253 3016 2308 καὶ
3068 2253 3169 2324 τὴν
3221 2249 3511 2306 κοινωνίαν
3539 2249 3639 2321 τὴν
3693 2247 3819 2319 μεθ’

2235 2351 2399 2424 ἡμῶν
2424 2348 2732 2416 ἁσπάζοιο;
2775 2346 3021 2401 Ἐκείνου
3053 2345 3111 2399 δέ
3156 2346 3236 2407 εἰς
3269 2342 3431 2397 τοῦτο
3461 2340 3819 2397 αύτδδιαπο-

2239 2443 2528 2516 ρουμένου,
2570 2441 2666 2496 καὶ
2697 2440 2963 2496 ἀδύνατον
3014 2432 3155 2492 εἶναι
3190 2438 3494 2506 φάσκοντος
3534 2432 3821 2495 κάκείνοις

2235 2536 2518 2590 κοινωνεῖν
2549 2531 2644 2588 καὶ
2672 2535 2740 2604 τῇ
2784 2530 3118 2602 Ἐκκλησία,
3168 2529 3244 2584 Ού
3297 2528 3378 2582 δεῖ
3423 2544 3505 2588 σε.
3556 2527 3713 2594 φασὶ,
3743 2527 3816 2595 τῇ

2233 2627 2462 2699 τοιαύτῃ
2512 2625 2892 2698 δυσχεραίνειν
2928 2623 3212 2694 οἰκονομίᾳ
3235 2639 3247 2652 ·
3283 2619 3376 2675 τοῦ
3421 2619 3532 2690 γὰρ
3568 2619 3655 2671 ἐπ’
3684 2619 3820 2686 ἁγο-

2239 2724 2339 2794 ρᾶς
2381 2717 2840 2792 πιπρασκομένου
2884 2717 3074 2788 ἄρτου,
3106 2715 3203 2769 καὶ
3239 2706 3315 2768 ὧν
3343 2714 3392 2767 οί
3417 2712 3818 2782 Φιλομαριαμῖ-

2233 2834 2325 2872 ται
2355 2813 2769 2888 προσφέρουσιν
2813 2815 2894 2878 είς
2921 2811 2985 2866 τὸ
3007 2811 3182 2878 ὄνομα
3212 2809 3314 2879 τῆς
3344 2806 3589 2878 Μαρίας,
3633 2805 3822 2858 πλείο-

2241 2924 2328 2972 νος
2367 2905 2672 2978 τετύχηκεν
2722 2904 2996 2973 εὐλογίας,
3031 2904 3060 2956 6
3087 2903 3169 2966 είς
3214 2900 3388 2956 τύπον
3435 2899 3529 2953 τοῦ
3559 2896 3821 2971 σώματος

2231 2996 2328 3051 τοῦ
2363 2995 2604 3069 Χριστοῦ
2636 2995 3000 3066 προκείμενος
3024 2992 3211 3064 ἄρτος.

2302 3134 2374 3187 Ζ’.
2396 3131 2608 3203 Καιρὸς
2632 3130 2687 3184 δὲ
2714 3129 2814 3202 ἤδη
2843 3130 2910 3184 τὰ
2957 3129 3052 3183 τοῦ
3082 3128 3320 3200 μεγάλου
3348 3125 3529 3182 αὐτῶν
3553 3112 3834 3180 διδασκᾶέ

2231 3226 2324 3280 λου
2355 3223 2633 3295 Θεοδώρου
2656 3221 2949 3288 διεξελθεῖν
2976 3219 3228 3292 ἐγκώμια
3252 3236 3267 3250 °
3289 3218 3480 3274 τοῦτον
3506 3219 3615 3290 γάρ
3644 3235 3821 3286 φασιν

2230 3314 2372 3371 εἶναι
2426 3316 2633 3369 ἐκεῖνον
2661 3356 2676 3382 ,
2703 3314 2764 3368 δν
2812 3316 2842 3369 6
2885 3313 3062 3384 μέγας
3103 3313 3390 3383 Ἰωάννης,
3421 3311 3517 3366 ἅτε
3572 3310 3668 3364 καὶ
3707 3311 3818 3379 τῆς

2232 3406 2547 3480 προθέσεως
2575 3405 2992 3472 ἐκπεπτωκότα,
3015 3405 3110 3458 καὶ
3133 3403 3234 3476 τὴν
3256 3401 3591 3471 ἐπαγγελίαν
3615 3399 3817 3470 ἐξομο-

543 3499 639 3546 ~rat
670 3531 685 3551 .
743 3489 959 3544 duabus
1007 3489 1255 3560 eplstolis
1313 3498 1575 3560 tanquam
1621 3488 1839 3543 duobus
1898 3487 2125 3543 funibus

2235 3499 2491 3571 σάμενον.
2521 3497 3012 3578 δυσὶννέπιστολαῖς
3046 3495 3238 3566 ὥσπερ
3270 3494 3461 3558 κάλοις
3488 3495 3732 3565 ἰσχυροῖς
3750 3509 3816 3546 τε

549 3581 786 3637 fortibus
812 3590 870 3637 et
901 3580 1194 3653 praelongis
1224 3580 1438 3650 lapsum
1466 3580 1521 3635 in
1551 3579 1889 3652 profundum
1922 3579 2122 3635 intem-

547 3675 831 3747 perantiae,
865 3675 1162 3731 extrahere
1187 3674 1422 3730 studuit.

618 3809 753 3865 Ylll.
788 3808 945 3866 Hunc
977 3808 1135 3864 aiunt
1175 3824 1285 3863 non
1330 3805 1568 3878 amplius
1615 3821 1779 3877 quam
1828 3805 2016 3862 decem
2063 3813 2119 3860 et

545 3909 673 3955 octo
695 3914 868 3954 annos
896 3907 1085 3953 natum
1117 3898 1174 3952 in
1201 3896 1518 3968 Scripturas
1542 3895 1940 3952 debacchatum
1963 3908 2084 3948 esse
2105 3911 2118 3948 :

545 4007 657 4049 non
705 3991 852 4046 enim
897 3990 1004 4045 nisi
1052 3988 1511 4044 debacchationes
1561 3985 1996 4057 Scripturarum,
2040 3985 2121 4039 in-

522 4081 972 4150 terpretationes
1020 4095 1157 4150 quas
1209 4079 1267 4134 in
1303 4095 1398 4136 cas
1449 4078 1796 4150 composuit},
1845 4077 2119 4148 appellare

544 4187 796 4244 possum.

614 4284 708 4339 lx.
756 4285 928 4340 Aiunt
989 4285 1179 4350 hunc,
1235 4299 1361 4340 cum
1410 4283 1577 4340 vellet
1642 4296 1835 4352 rapere
1897 4280 2118 4336 oculum

544 4378 752 4438 Ciliciae
806 4376 1070 4446 Tarsum,
1132 4385 1422 4449 postquam
1471 4375 1749 4432 Diodorus
1796 4374 1890 4444 qui
1942 4373 2121 4428 fuerat

547 4471 678 4526 huic
726 4471 1000 4526 malorum
1058 4478 1115 4525 et
1169 4467 1468 4538 impietatis
1530 4474 1722 4520 auctor
1780 4473 1838 4520 et
1893 4464 2005 4520 dux
2057 4479 2120 4519 ac

545 4572 723 4634 pater,
770 4563 840 4619 ab
881 4562 988 4618 hac
1023 4561 1137 4615 vita
1186 4557 1434 4623 recessit,
1465 4572 1497 4612 a
1533 4555 1844 4626 Theophilo
1883 4557 2120 4611 Alexan-

532 4653 707 4711 drino
757 4654 1097 4726 prohibitum
1149 4651 1355 4716 fuisse,
1409 4664 1480 4704 ne
1546 4649 1652 4705 hoc
1717 4649 1984 4714 auderet;
2049 4650 2118 4706 ad

541 4764 671 4804 eum
719 4748 868 4802 enim
911 4745 1242 4817 legationem
1284 4743 1578 4811 miserunt,
1627 4742 1723 4813 qui
1773 4740 2116 4813 tyrannidem

544 4833 918 4903 patiebantur.

612 4989 682 5044 Χ.
715 4990 816 5045 llic
847 4989 1204 5045 exsecrabilis
1238 4989 1293 5044 in
1326 4988 1689 5046 celeberrima
1735 4988 1966 5045 ecclesia
1997 4989 2112 5044 An-

542 5081 782 5146 tiochiae,
806 5090 867 5136 ut
889 5080 1169 5151 quondam
1199 5081 1522 5147 vocabatur,
1547 5096 1697 5137 nunc
1718 5089 1904 5137 autem
1931 5080 2114 5136 Theo-

543 5173 708 5242 polis,
759 5188 886 5227 cum
917 5172 1238 5242 explanaret
1283 5173 1619 5245 Scripturas,
1665 5188 1831 5229 ausus
1869 5181 1956 5228 est
1988 5189 2114 5227 cum

543 5265 715 5318 multa
747 5265 873 5330 alia,
907 5273 1022 5320 tum
1060 5281 1252 5322 vocem
1281 5267 1562 5332 Θεοτόκος,
1593 5268 1645 5323 id
1695 5278 1817 5333 est,
1851 5268 2110 5338 Deipara,

542 5355 881 5424 vituperare,
918 5364 980 5411 ut
1014 5357 1091 5412 ita
1129 5356 1258 5414 inde
1298 5367 1470 5416 totum
1515 5370 1707 5416 contra
1756 5376 1814 5416 se
1849 5359 2110 5431 populum

544 5456 940 5502 commoveret.

617 5558 710 5613 XI.
744 5559 844 5616 llic
877 5561 1146 5618 scelestus
1173 5563 1228 5617 in
1261 5563 1410 5620 omni
1454 5579 1620 5635 prava
1661 5563 2117 5634 interpretatione

545 5651 958 5722 Scripturarum
993 5655 1217 5712 labores
1245 5664 1560 5713 sanctorum
1600 5657 1891 5714 doctorum
1927 5658 2022 5728 qui
2055 5659 2111 5712 in

545 5745 628 5800 eis
659 5743 1000 5810 laborarunt,
1034 5763 1318 5819 nunquam
1363 5748 1594 5805 irridere
1621 5758 1678 5804 et
1705 5749 1935 5806 illudere
1962 5748 2111 5803 desi-

2231 3590 2326 3644 καὶ
2372 3589 2697 3661 εύμήκεσιν,
2729 3591 2809 3653 είς
2855 3589 2946 3643 τὸν
2980 3586 3494 3659 βυθδνδέμπεσόντα
3527 3586 3626 3656 τῆς
3654 3585 3818 3639 ’ἀκο-

2237 3683 2450 3748 λασίας,
2477 3685 2794 3738 ἀνασπᾶσαι
2816 3680 3172 3735 ἐσπούδασεν.

2300 3819 2381 3876 II'.
2421 3816 2625 3872 Τοῦτόν
2666 3834 2834 3886 φασιν
2886 3815 3030 3870 ὀκτὼ
3068 3814 3207 3886 πρὸς
3249 3815 3365 3877 τοῖς
3413 3814 3568 3878 δέκα,
3609 3811 3704 3866 καὶ
3748 3812 3816 3865 οὐ

2232 3911 2487 3974 πλείονας
2539 3910 2747 3978 ἄγοντα
2798 3908 3049 3980 χρόνους,
3088 3905 3234 3962 κατὰ
3273 3905 3380 3960 τῶν
3417 3905 3582 3976 ἱερῶν
3610 3920 3817 3974 παροι-

2231 4003 2394 4071 νῆσαι
2424 4000 2692 4072 Γραφῶψ
2732 4000 2793 4054 ού
2821 4001 2930 4072 γὰρ
2973 3998 3040 4054 ἂν
3077 3997 3252 4063 ἄλλως
3286 3997 3582 4068 καλέσαιμ’
3609 3995 3675 4050 ἂν
3702 3995 3812 4059 τὰς

2231 4092 2398 4147 αὐτοῦ
2441 4091 2762 4165 ἑρμηνείας,
2796 4092 2896 4156 τὰς
2937 4093 3016 4156 εἰς
3049 4089 3148 4156 τὰς
3195 4088 3348 4154 θείας
3385 4088 3814 4160 συντεθειμένας

2236 4185 2480 4258 Γραφάς.

2301 4299 2382 4352 8'.
2416 4297 2618 4352 Τοῦτον
2672 4295 2932 4362 ὡσαύτως
2975 4297 3166 4366 φασὶν,
3214 4296 3462 4367 ἁρπάσαι
3506 4295 3814 4366 θελήσαντα

2227 4392 2319 4446 τὸν
2373 4392 2472 4460 τῆς
2516 4389 2760 4444 Κιλίκων
2799 4389 3079 4460 ὀφθαλμὸν
3137 4388 3236 4459 τὴν
3287 4387 3525 4460 Ταρσὸν,
3561 4386 3754 4457 ἐπειδὴ
3780 4386 3816 4438 δ

2235 4483 2344 4538 τῶν
2373 4481 2563 4538 κακῶν
2585 4480 2738 4552 αὐτῷ
2767 4481 2862 4535 καὶ
2891 4481 2992 4551 τῆς
3019 4479 3273 4543 ἀσεόείας
3299 4478 3612 4550 ἀρχηγέτης
3655 4478 3817 4547 γενό-

2241 4592 2402 4646 μενος
2430 4573 2526 4628 καὶ
2549 4572 2734 4645 πατὴρ
2766 4572 3030 4643 Διόδωρος
3057 4570 3148 4625 τὸν
3169 4570 3297 4640 τῇδε
3331 4569 3632 4642 μετήλλαξε
3669 4569 3812 4640 βίον,

2231 4667 2260 4720 6
2287 4665 2388 4736 τῆς
2425 4663 2832 4736 Ἀλεξανδρέων
2854 4661 3111 4734 Θεόφιλος
3150 4662 3352 4716 κωλύει
3389 4659 3487 4714 τοῦ
3517 4661 3813 4731 τολμήμα-

2226 4770 2350 4819 τοςο
2392 4754 2530 4826 πρὸς
2579 4754 2745 4810 αὑτὸν
2782 4753 2892 4825 γὰρ
2932 4754 3243 4810 ἐστείλαντο
3277 4752 3577 4825 πρεσϐείαν
3619 4754 3669 4807 of
3710 4770 3813 4806 τυ.

2233 4848 2609 4923 ραννούμενοι.

2296 5008 2355 5065 ῐ’.
2383 5009 2552 5074 Ουτος
2577 5009 2606 5062 6
2633 5007 2888 5081 βδελυρὸς
2905 5009 2964 5061 ἐν
2991 5011 3057 5080 τῇ
3091 5007 3470 5080 μεγαλωνύμῳ
3509 5005 3811 5077 Ἐκκλησία

2228 5100 2329 5169 τῆς
2354 5101 2526 5156 πάλαι
2556 5100 2656 5173 μὲν
2692 5099 2994 5172 Ἀντιόχου,
3024 5099 3121 5155 νῦν
3142 5100 3198 5154 δέ
3223 5099 3357 5156 Θεοῦ
3383 5098 3590 5162 πόλεως
3611 5097 3807 5153 καλου-

2234 5193 2404 5264 μένης
2432 5191 2819 5264 ἐξηγούμενος,
2853 5193 3158 5263 ἐτὸλμησεν
3217 5191 3355 5246 ἄλλα
3397 5208 3459 5245 τε
3485 5190 3678 5255 πολλὰ,
3707 5190 3806 5243 καὶ

2221 5283 2323 5354 τὴν
2376 5285 2663 5348 Θεοτόκος
2715 5283 3020 5354 δυσφημεῖν
3061 5284 3245 5354 φωνήν
3265 5287 3281 5302 ⁸
3341 5273 3418 5347 ὦς
3454 5281 3575 5336 ὅλον
3625 5280 3810 5336 ἐντεῦ-

2229 5373 2321 5427 θεν
2361 5373 2485 5428 καθ’
2517 5372 2712 5428 ἑαυτοῦ
2745 5374 3075 5445 ωγκινῆσαι
3105 5374 3198 5428 τὸν
3224 5375 3416 5446 δῆμον.

2296 5565 2400 5622 IA'.
2429 5569 2598 5633 Ουτος
2619 5570 2647 5622 6
2675 5569 2874 5641 μιαρὸς
2901 5569 2995 5625 ἐπὶ
3028 5571 3210 5642 πάσης
3237 5570 3670 5643 παρεξηγήσεως
3690 5569 3808 5623 τῶν

2225 5659 2384 5715 θείων
2428 5661 2682 5734 Γραφῶν,
2721 5662 2989 5718 σκώπτων
3017 5664 3109 5718 καὶ
3141 5662 3409 5735 διασύρων
3438 5662 3562 5724 τοὺς
3603 5661 3808 5724 πόνους

2220 5750 2330 5806 τῶν
2371 5751 2454 5815 είς
2495 5752 2667 5818 αὐτὰς
2710 5754 3073 5826 κεκμηκότων
3109 5753 3272 5825 ἱερῶν
3303 5750 3663 5817 διδασκάλων,
3699 5751 3808 5804 οὐκ

547 5834 734 5890 nebat.
767 5837 968 5894 Videor
1000 5846 1185 5895 autem
1231 5840 1338 5899 iam
1392 5841 1557 5909 allici,
1588 5850 1647 5897 ut
1677 5841 1815 5898 dixit
1852 5841 2107 5908 Basilius,

2235 5840 2516 5902 ιπαύσατο.
2554 5847 2746 5903 Ἔοικα
2780 5846 2836 5902 δέ
2863 5864 2927 5920 γε
2958 5846 3140 5907 λοιπὸν
3172 5847 3421 5920 πᾴσχειν,
3449 5844 3527 5908 ὡς
3563 5844 3591 5899 ὁ
3622 5842 3807 5916 μέγας
