4020 6560
221 477 389 543 1365

1204 482 1372 544 ADV-
1416 480 2125 544 INCORRUPTICOLAS
2164 479 2258 539 ET
2296 480 2615 539 NESTOII.

3379 470 3517 537 I366

210 594 347 659 ἔφη
386 588 692 653 Βασίλειος,
718 590 782 643 ἐκ
808 590 1157 661 ραπίσματος
1184 592 1481 648 διευθύνων
1505 594 1597 648 τὸν
1637 594 1829 666 ἁινδρο⁸

1945 608 2000 648 3x
2031 608 2215 663 pugno
2265 608 2329 647 ac
2356 591 2534 661 plaga,
2570 589 2860 660 corrigens
2890 584 3243 643 homicidam.
3271 587 3378 643 Sed
3414 603 3513 655 age

213 683 430 752 φόνον.
476 682 621 736 Ἀλλ’
644 684 746 752 ἄγε
789 684 854 753 δὴ
890 685 1179 755 μετάϐηθι,
1204 689 1299 740 καὶ
1342 688 1434 740 τὸν
1465 688 1575 742 εσω
1625 689 1831 757 κόσμον

211 778 453 839 ἄεισον,
483 778 581 831 καλ⁸
605 777 697 830 τὸν
727 779 786 831 ὲν
812 779 1111 850 ἀπορρήτῳ
1136 780 1319 844 αὐτοῖς
1350 781 1447 834 καὶ
1476 784 1590 845 τοῖς
1613 782 1829 845 πολλοῖς

216 867 473 930 ἄϐατον,
497 867 591 920 τὸν
641 869 740 939 τῆς
787 868 1045 933 ἀσεϐείας
1074 870 1221 937 λέγω
1265 872 1437 942 μυχὸν
1469 873 1824 926 ὲπόπτευσον.

218 955 363 1007 Οὐκ
411 953 788 1027 ἐξορχήσομαι
846 958 971 1027 μὲν,
1061 976 1251 1028 φασιν,
1288 962 1623 1033 ἀνακαλύψω
1665 963 1722 1016 δὲ
1761 962 1831 1015 τά

215 1047 344 1116 τῆς
392 1047 686 1117 ἀθεότητος
730 1052 952 1121 μυσαρά
985 1051 1257 1122 δόγματα.
1306 1052 1720 1126 Δυσχεραινέτω
1772 1054 1829 1106 δὲ

222 1138 384 1206 ἡμῖν
408 1139 504 1191 ἐπὶ
530 1142 644 1204 τοῖς
679 1141 999 1213 λεγομένοις
1032 1144 1243 1214 μηδεὶς,
1276 1146 1358 1199 ότι
1392 1147 1467 1216 μὴ
1494 1145 1604 1199 τῶν
1643 1144 1832 1199 κακῶν

223 1231 620 1300 ἀκουσμάτων
663 1234 924 1305 ἀρχηγοὶ,
967 1237 1104 1307 μηδὲ
1156 1238 1254 1303 τὰς
1312 1239 1492 1301 αἰτίας
1517 1240 1680 1310 ἡμεῖς
1718 1240 1831 1300 τοῖς

227 1321 651 1393 ῥηθησομένοις
671 1325 988 1395 δεδώκαμεν
1010 1346 1025 1359 ·
1060 1330 1257 1384 πολλαὶ
1286 1331 1397 1402 γὰρ
1426 1330 1601 1402 βίϐλοι
1641 1332 1834 1400 φέρουο

226 1431 335 1466 σιν
392 1415 576 1469 αὐτῶν
630 1416 699 1470 τά
754 1418 891 1473 ἀθεα
945 1422 1264 1492 μυστήρια*
1306 1425 1429 1476 ἐπεὶ
1477 1424 1673 1486 καύτὸς
1720 1421 1832 1491 ἐγὼ

227 1500 526 1575 εὐξαίμην
561 1504 627 1558 ἂν
658 1504 737 1576 τῷ
784 1505 937 1577 Θεῷ,
971 1512 1094 1580 σιγῇ
1151 1511 1244 1564 καὶ
1291 1511 1469 1583 σκότῳ
1507 1512 1575 1565 τά
1606 1510 1832 1565 τοιαῦτα

228 1590 704 1663 συγκαλυφθῆναι
759 1595 861 1667 τῆς
908 1596 1169 1662 ἀσεϐείας
1212 1604 1511 1671 μυστήρια.
1555 1601 1670 1655 Νῦν
1699 1599 1742 1653 δ’
1768 1600 1829 1653 ού

225 1682 358 1752 γὰρ
382 1683 469 1736 ἴνα
511 1685 699 1737 κακῶν
733 1684 984 1756 μαθητάς
1017 1690 1360 1760 ποιησαίμην
1401 1691 1567 1761 ὑμᾶς,
1605 1688 1833 1743 ἀλλ’ἵνα

226 1772 359 1825 τῶν
406 1773 597 1828 δεινῶν
641 1776 1042 1849 ἀπαλλάξαιμι,
1086 1780 1169 1843 είς
1214 1780 1406 1833 τούσδε
1458 1782 1585 1845 τοὺς
1640 1779 1833 1849 λόγους

230 1864 496 1933 ἐμαυτὸν
552 1864 793 1937 καθῆκα,
857 1868 1019 1933 αὐτός
1064 1885 1124 1923 τε
1188 1871 1577 1943 προτροπάδην
1636 1872 1834 1935 αὐτοὺς

1936 685 2127 748 transi,
2153 693 2209 738 et
2242 684 2563 739 interiorem
2590 690 2844 737 ornatum
2868 682 3062 747 lauda;
3091 691 3149 736 et
3176 695 3342 736 cerne
3366 679 3513 749 quod

1932 787 2145 832 secreto
2177 777 2279 846 ipsi
2311 786 2536 831 servant
2562 785 2619 831 et
2650 791 2679 829 a
2711 774 2871 846 vulgo
2923 782 3232 835 remotum,
3269 770 3514 827 abditam

1933 866 2079 929 dico,
2112 875 2169 922 et
2206 867 2546 937 penetralem
2600 865 2960 936 impietatem.
2994 864 3113 919 Non
3161 863 3386 917 eﬁ‘eram
3435 868 3517 914 ta.-

1934 957 2129 1025 cenda,
2164 965 2225 1012 ut
2257 957 2366 1012 dici
2414 958 2575 1022 solet,
2607 957 2701 1011 sed
2730 956 3090 1011 cxsecrabilia
3126 956 3380 1025 dogmata
3418 952 3518 1021 τῆς

1932 1050 2229 1121 ἀθεότητος
2253 1051 2520 1120 aperiam.
2556 1050 2731 1105 Nemo
2763 1049 2953 1119 iniquo
3001 1048 3210 1111 animo,
3256 1061 3379 1116 qua:
3427 1044 3514 1098 di-

1933 1151 2148 1207 centur,
2204 1142 2385 1208 ferat,
2409 1143 2669 1213 quoniam
2722 1157 2831 1195 non
2892 1155 3085 1195 sumus
3124 1155 3226 1193 nos
3260 1148 3518 1193 auctores

1936 1233 2132 1287 borum
2155 1234 2425 1287 malorum
2453 1249 2573 1303 quae
2604 1233 2922 1294 audientur,
2946 1246 3125 1300 neque
3159 1244 3355 1283 causas
3378 1243 3518 1297 pra!-

1934 1324 2157 1380 bnimus
2200 1324 2602 1389 dicendorum;
2651 1325 2707 1380 in
2764 1324 2953 1379 multis
2998 1323 3147 1378 enim
3190 1321 3351 1376 libris
3396 1333 3518 1388 my-

1934 1417 2105 1472 steria
2153 1432 2346 1472 eorum
2380 1417 2547 1487 impia
2585 1417 2880 1471 feruntur:
2937 1417 2984 1471 si
3039 1414 3263 1485 quidem
3297 1420 3353 1467 et
3399 1411 3518 1479 ipse

1935 1524 2196 1579 precarer
2227 1518 2284 1565 et
2318 1518 2588 1580 optarem,
2627 1517 2688 1564 ut
2720 1509 2942 1565 silentio
2970 1518 3027 1564 et
3049 1506 3297 1563 tenebris
3326 1504 3519 1573 hujus-

1936 1600 2085 1655 modi
2125 1600 2423 1672 impietatis
2455 1602 2650 1673 mystia
2679 1607 3151 1671 contegerentur;
3186 1609 3334 1651 nunc
3383 1608 3517 1647 vero

1936 1708 2046 1747 non
2083 1702 2141 1747 ut
2168 1708 2267 1747 vos
2286 1692 2555 1747 malorum
2587 1692 2889 1762 discipulos
2919 1690 3178 1753 facerem,
3209 1685 3304 1742 sed
3332 1684 3518 1754 potius

1938 1791 2056 1837 uta
2084 1782 2346 1853 gravibus
2377 1782 2538 1837 malis
2572 1782 2892 1844 liberarem,
2925 1781 2992 1834 ad
3042 1779 3142 1832 has
3189 1792 3276 1831 me
3327 1790 3519 1828 narra-

1939 1874 2119 1928 tiones
2130 1874 2362 1938 contuli,
2380 1888 2596 1929 summo
2613 1872 2796 1928 studio
2818 1887 2915 1926 eos
2933 1870 3169 1942 fugiens,
3188 1877 3245 1923 et
3258 1864 3519 1921 omnibus

231 1954 491 2024 φεύγων,
525 1958 622 2011 καὶ
671 1960 807 2013 πᾶσι
864 1960 1009 2030 μέγα
1048 1961 1188 2032 βοῶν
1214 1978 1228 1993 ·
1259 1964 1517 2033 Φεύγετε,
1545 1959 1591 2019 ὦ
1646 1956 1828 2028 οῦτοι,

1945 1980 2096 2036 mam
2132 1980 2355 2035 possum
2389 1964 2623 2018 maxima
2654 1978 2790 2017 voce
2820 1962 3048 2017 dicens:
3077 1958 3271 2030 Fugite
3287 1972 3408 2021 vos,
3426 1955 3516 2009 fu-

236 2044 485 2113 φεύγετε
520 2047 781 2118 κρημνῶν
819 2049 915 2103 καὶ
967 2049 1261 2122 βαράθρων
1309 2055 1526 2126 μακράν
1574 2052 1829 2122 φεύγετε,

233 2137 358 2189 τῶν
389 2138 542 2210 πάσῃ
574 2157 637 2209 με
646 2138 1001 2211 μολυσμένων
1040 2142 1253 2213 αίρέσει
1285 2145 1462 2199 ἀθέων
1483 2145 1833 2217 διδαγμάτων

234 2231 349 2292 τάς
378 2230 600 2300 βίϐλους
626 2231 878 2302 φεύγετε.

318 2321 422 2377 IB'.
448 2318 617 2383 Οὗτος
649 2326 678 2378 ό
708 2326 895 2394 σοφὸς,
925 2326 1002 2390 ώς
1029 2328 1080 2382 οί
1110 2328 1301 2383 τοῦτον
1327 2328 1623 2401 ζηλοῦντες
1650 2332 1834 2399 φαῖεν,

242 2413 347 2465 καὶ
368 2412 538 2483 μέγας
564 2415 862 2486 Θεόδωρος,
897 2418 1086 2489 ἐπειδὴ
1114 2420 1311 2491 μικρὸν
1329 2417 1398 2492 ἦν
1429 2421 1580 2492 αὐτῷ
1600 2423 1661 2475 τὸ
1693 2420 1835 2475 κατά

245 2499 560 2572 ἀνθρώπων
580 2502 893 2575 ἀγώνισμα,
918 2509 1040 2562 κατ’
1072 2509 1243 2580 αὐτῆς
1268 2512 1512 2581 ἐγχειρεῖ
1541 2512 1637 2565 καὶ
1658 2511 1838 2583 τολμᾷ

246 2591 353 2663 τῆς
403 2592 499 2646 τοῦ
542 2594 861 2665 Πνεύματος
900 2598 1082 2669 δόξης,
1122 2600 1304 2663 πάσας
1336 2600 1434 2671 μὲν
1464 2601 1563 2665 τὰς
1591 2604 1709 2655 κατ’
1732 2603 1835 2669 έμ-

252 2700 483 2739 πνευσιν
533 2686 698 2742 αὐτοῦ
751 2690 862 2744 τῶν
920 2690 1203 2763 θεηγόρων
1254 2692 1503 2763 ὑψηλὰς,
1564 2694 1837 2759 ταπεινῶς

253 2777 619 2849 ἐκλαμϐάνων
643 2781 887 2852 Γραφάς,
914 2784 1231 2854 ἀποκρίνων
1257 2783 1314 2839 δὲ
1340 2786 1404 2839 ὲκ
1432 2789 1527 2839 τοῦ
1550 2785 1837 2856 θεοκρίτου

263 2869 375 2927 τῶν
404 2872 568 2943 ἱερῶν
596 2873 807 2929 Βίϐλων
837 2875 1100 2949 ἀριθμοῦ.

335 3052 434 3108 II".
464 3052 569 3107 Τόν
623 3070 685 3107 τε
730 3054 905 3125 μέγαν
943 3055 1039 3110 τοῦ
1074 3056 1211 3111 Θεοῦ
1250 3056 1581 3129 θεράποντα,
1611 3059 1705 3112 καὶ
1738 3060 1839 3129 τῆς

258 3144 508 3216 ἀνδρείας
532 3144 782 3217 ἔμψυχον
806 3148 898 3201 καὶ
925 3147 1015 3201 διά
1034 3147 1231 3210 αἰῶνος
1263 3150 1612 3219 ἀνάγραπτον
1635 3149 1838 3220 στήλην

259 3237 350 3290 τὸν
390 3234 533 3300 Ἰὼϐ,
593 3236 713 3292 δυσὶ
771 3239 899 3309 περί
944 3256 1045 3292 που
1100 3238 1305 3309 χιλιάσι
1342 3238 1531 3309 {manu
1582 3239 1834 3311 μυριάσιι
1864 3292 1904 3313 Α

262 3328 462 3398 στίχων
521 3328 738 3383 πλύνων
796 3331 889 3384 καὶ
944 3330 1387 3403 διαγραφόμενος
1428 3332 1529 3403 τὴν
1557 3332 1638 3395 είς
1672 3330 1837 3385 αὑτὸν

260 3416 354 3471 τοῦ
385 3416 705 3485 Πνεύματος
750 3420 1096 3491 συγγραφὴν,
1125 3422 1190 3492 ἢν
1217 3422 1245 3474 ό
1278 3421 1454 3491 μέγας
1489 3420 1745 3484 Ἰάκωϐος
1777 3422 1837 3477 ὲν

261 3510 327 3578 τῇ
368 3509 489 3562 κατ’
517 3508 681 3563 αὑτὸν
717 3510 980 3582 καθολικῇ
1017 3511 1308 3584 Ἐπιστολῇ
1357 3512 1595 3583 βεϐαιῶν
1627 3512 1833 3577 ἔλεγεν·

269 3598 386 3668 Τὴν
412 3600 731 3669 ὑπομονὴν
760 3602 883 3657 ’1ὼό
910 3604 1234 3671 ἠκούσατε,
1263 3604 1363 3657 καὶ
1418 3604 1484 3658 τὸ
1515 3603 1693 3670 τέλος
1726 3608 1838 3659 Κυ-

257 3692 395 3759 ρίου
428 3692 608 3747 ἴδετε.
636 3694 712 3747 υῦ
747 3694 854 3765 γὰρ
883 3694 1107 3750 ἄλλοθέν
1132 3695 1322 3760 ποθεν,
1353 3696 1476 3750 οὐδὲ
1504 3696 1605 3767 τὴν
1633 3697 1839 3766 ὑπομο-

265 3787 359 3857 νὴν
376 3786 715 3857 ἠκούσαμεν,
747 3788 870 3842 οὐδὲ
902 3788 966 3842 τδ
1004 3790 1125 3843 κατ’
1151 3789 1314 3843 αὐτὸν
1346 3790 1504 3853 τέλος
1542 3791 1839 3861 ἱστορήσα-

268 3895 384 3951 μεν,
406 3882 491 3933 ὅτι
523 3880 600 3953 μὴ
634 3883 698 3935 ὲκ
726 3885 825 3954 τῆς
856 3883 979 3937 κατ’
1007 3883 1171 3937 αὐτὸν
1201 3884 1445 3955 Γραφῆς.

331 3976 428 4028 1Δ’.
457 3975 534 4027 Δι’
556 3976 623 4045 ἢν
672 3974 853 4028 αἰτίαν
912 3976 1082 4047 αὐτήν
1115 3992 1197 4036 τε,
1248 3970 1424 4046 οἶμαι,
1457 3975 1554 4029 τοῦ
1601 3976 1837 4045 μεγάλου

278 4062 535 4116 Ἰακώϐου
572 4065 672 4135 τὴν
706 4065 1022 4135 ἐπιστολὴν,
1054 4066 1150 4119 καὶ
1191 4065 1290 4129 τὰς
1336 4066 1463 4136 ἑξῆς
1512 4067 1624 4119 τῶν
1667 4066 1841 4121 ἄλλων

268 4156 634 4225 ἀποκηρύττει
686 4157 1000 4219 καθολικάς.
1035 4157 1109 4210 Ού
1158 4157 1267 4228 γάρ
1310 4159 1470 4229 ἤρκει
1509 4160 1659 4230 αὐτῷ
1701 4161 1843 4215 κατά

267 4248 359 4308 τῆς
385 4245 628 4308 Παλαιᾶς
654 4247 922 4317 ἐγχειρεῖν
953 4246 1197 4319 Γραφῆς,
1235 4248 1335 4319 τὴν
1364 4248 1693 4319 Μαρκίωνος
1714 4249 1841 4322 ἐζη-

266 4337 458 4390 λωκότι
481 4336 759 4402 ἀσέϐειαν,
784 4336 898 4390 ἀλλ’
932 4336 1041 4390 εδει
1068 4337 1163 4390 καὶ
1201 4340 1342 4393 κατά
1372 4338 1471 4408 τῆς
1510 4338 1637 4402 νέας
1681 4339 1843 4393 αὑτὸν

267 4429 655 4496 ἀγωνίσασθαι,
694 4428 783 4483 τνα
867 4429 1308 4501 περιφανεστέρα
1336 4430 1487 4503 αὐτῷ
1512 4432 1546 4503 ἠ
1576 4432 1717 4486 κατά
1744 4431 1841 4485 τοῦ

270 4508 419 4591 ἁγίου
441 4522 765 4592 Πνεύματος
791 4523 1021 4591 ἀγωνία.

1935 2058 2085 2127 gite;
2123 2072 2155 2111 ε
2196 2056 2489 2126 praeruptis
2533 2065 2590 2111 et
2628 2055 2906 2109 barathris
2980 2053 3141 2122 longe
3188 2048 3394 2121 fugite:
3446 2047 3516 2101 Ii-

1935 2147 2085 2214 bros,
2131 2148 2281 2203 omni
2314 2148 2509 2204 haeresi
2552 2146 2847 2218 impiarum
2897 2143 3272 2200 doctrinarum
3322 2140 3519 2212 plenos

1936 2237 2135 2309 fugite.

2006 2328 2123 2382 XII.
2159 2328 2261 2384 IIic
2303 2328 2547 2398 sapiens,
2582 2334 2644 2381 ut
2688 2325 3047 2397 appellabunt
3078 2322 3175 2393 qui
3224 2336 3352 2377 eum
3394 2326 3517 2375 stu—

1936 2421 2091 2475 diose
2126 2429 2459 2491 sequuntur,
2510 2429 2568 2475 et
2607 2434 2839 2489 magnus
2878 2416 3225 2480 Theodorus,
3256 2413 3385 2483 quia
3421 2427 3520 2481 pa-

1937 2525 2058 2565 rum
2091 2518 2211 2565 erat
2238 2511 2291 2565 ei
2330 2526 2455 2565 cum
2507 2509 2830 2564 hominibus
2872 2520 3084 2563 certare
3110 2547 3126 2571 ,
3179 2502 3517 2575 aggreditur,

1935 2612 1991 2658 et
2009 2603 2175 2658 audet
2198 2612 2391 2659 contra
2416 2602 2647 2673 gloriam
2678 2602 2923 2672 Spiritus
2944 2599 3145 2665 sancti,
3172 2614 3299 2654 cum
3326 2610 3520 2651 omnes

1935 2694 2158 2764 quidem
2188 2694 2502 2765 Scripturas
2532 2696 2669 2749 altas
2690 2710 2828 2764 quas
2858 2694 3033 2749 sancti
3061 2693 3243 2747 aIIIatu
3262 2693 3385 2762 ejus
3410 2699 3522 2744 tra-

1933 2784 2215 2849 diderunt,
2264 2785 2549 2839 humiliter
2577 2794 2635 2839 et
2669 2785 2908 2839 demisse
2937 2784 3314 2852 interpretans
3336 2821 3350 2841 ,
3400 2789 3520 2833 tum

1934 2891 2070 2931 vero
2093 2891 2123 2929 a
2157 2891 2390 2931 numero
2419 2891 2696 2931 sacrarum
2724 2875 3139 2945 Scripturarnm
3165 2872 3352 2927 divine
3379 2885 3522 2940 prae-

1937 2968 2145 3037 scripto
2171 2977 2229 3022 et
2254 2966 2494 3021 indicato
2524 2982 2618 3021 eas
2650 2980 2936 3036 separans.

2010 3059 2147 3113 XIII.
2192 3059 2441 3128 Magnum
2480 3059 2575 3113 Dei
2615 3073 2837 3113 servum
2874 3056 2996 3121 Job,
3015 3056 3325 3110 columnam
3360 3054 3521 3109 forti-

1940 3149 2149 3205 tudinis
2174 3149 2491 3214 animatam,
2531 3157 2588 3204 et
2630 3149 2928 3219 spirantem
2970 3147 3190 3204 duobus
3216 3146 3329 3202 fere
3354 3145 3523 3199 milli-

1944 3244 2046 3299 bus
2086 3257 2345 3298 versuum
2376 3242 2737 3313 perscriptam
2772 3242 3086 3298 conviciose
3133 3239 3419 3310 arguebat,
3465 3244 3525 3293 et

1939 3335 2280 3405 Scripturam
2310 3334 2550 3405 Spiritus
2582 3335 2756 3390 sancti
2779 3335 2847 3389 de
2875 3350 2943 3390 eo
2978 3333 3303 3405 abrogabat,
3356 3347 3522 3401 quam

1937 3427 2175 3483 Iacobus
2227 3426 2397 3482 frater
2440 3426 2659 3481 Domini
2714 3428 2771 3481 in
2830 3426 3076 3497 Epistoia
3130 3441 3228 3480 sua
3252 3423 3524 3479 catholica

1938 3518 2268 3573 confirmans
2292 3518 2505 3573 aiebat:
2535 3517 2860 3572 Patientiam
2879 3517 2976 3573 Job
3005 3518 3248 3580 audistis,
3282 3528 3330 3571 et
3362 3514 3525 3585 ﬁnem

1945 3610 2154 3664 Domini
2183 3611 2464 3664 vidistis”.
2500 3611 2619 3665 Non
2643 3610 2789 3665 enim
2831 3610 3054 3665 aliunde
3090 3624 3271 3680 neque
3311 3608 3526 3679 patien-

1942 3703 2069 3756 tiam
2092 3703 2425 3769 audivimus,
2455 3721 2632 3775 neque
2655 3705 2819 3761 tinem
2843 3707 2964 3777 ejus
2992 3705 3384 3776 spectavimus,
3415 3704 3523 3758 nisi

1941 3809 2008 3849 ex
2037 3795 2320 3865 Scriptura
2344 3796 2411 3852 de
2440 3812 2527 3851 eo.

2014 3989 2151 4044 XIV.
2187 3988 2269 4045 Ob
2307 4006 2472 4059 quam
2509 4006 2751 4053 causam,
2791 4000 2852 4044 nt
2876 3990 3145 4053 arbitror,
3194 3989 3367 4059 ipsam
3402 3988 3524 4058 epi-

1943 4081 2137 4135 stolam
2168 4080 2354 4136 Jacobi
2384 4090 2439 4135 et
2468 4082 2601 4136 alias
2642 4082 2901 4151 deinceps
2949 4081 3179 4135 aliorum
3228 4079 3526 4135 catholicas

1943 4172 2171 4242 abrogat
2199 4180 2256 4227 et
2292 4172 2560 4243 antiquat.
2615 4172 2735 4228 Non
2778 4173 2927 4227 enim
2979 4170 3112 4226 satis
3150 4169 3255 4225 fuit
3300 4170 3378 4224 illi
3412 4170 3527 4225 bel-

1950 4265 2063 4320 lum
2090 4273 2282 4319 contra
2314 4263 2569 4320 Veterem
2596 4264 2936 4335 Scripturam
2970 4263 3250 4333 suscipere
3286 4262 3356 4317 ad
3398 4262 3525 4317 imi-

1946 4355 2206 4411 talionem
2255 4355 2583 4420 Marcionis,
2659 4355 2754 4411 sed
2817 4355 3063 4425 oportuit
3112 4354 3280 4409 etiam
3337 4361 3527 4408 contra

1944 4449 2284 4520 Scripturam
2321 4463 2518 4503 novam
2560 4464 2832 4518 pugnare,
2883 4442 2955 4502 ιη’
2977 4463 3155 4518 pugna
3182 4447 3302 4517 ejus
3337 4454 3528 4501 contra

1945 4543 2213 4614 Spiritum
2245 4550 2493 4595 sanctum
2527 4540 2731 4594 clarior
2762 4548 2819 4593 et
2847 4540 3114 4594 illustrior
3145 4547 3311 4593 esset.

336 4615 436 4669 IE'.
477 4613 591 4676 Τάς
638 4630 697 4665 τε
750 4614 1062 4683 ἐπιγραφὰς
1108 4614 1217 4667 τῶν
1259 4614 1568 4685 ίερωτάτων
1608 4615 1836 4685 ’Ύμνων

1993 4613 2124 4688 CXV.
2167 4631 2561 4701 Inscriptiones
2595 4631 2955 4701 Hymnorum,
2988 4640 3041 4685 et
3080 4631 3439 4692 Psalmorum,
3471 4636 3537 4684 etv

272 4707 359 4759 κιὶ
382 4702 631 4774 Ψαλμῶν
660 4702 754 4756 καὶ
788 4703 951 4773 ᾯδῶν
978 4705 1155 4773 πάντη
1176 4703 1447 4767 ἐκϐαλὼν,
1470 4706 1597 4768 τοὺς
1628 4705 1839 4768 πάντας

270 4797 527 4867 ιισάλμοὺς
570 4794 879 4857 Ἰουδαϊκῶς
934 4797 1046 4857 τοῖς
1103 4797 1231 4865 περὶ
1271 4796 1363 4848 τὸν
1404 4795 1709 4867 Ζοροϐάϐελ
1748 4799 1844 4851 καὶ

282 4890 524 4955 Ἑζεκίαν
573 4889 828 4959 ἀνέθηκε,
859 4890 1007 4958 τρεῖς
1074 4888 1269 4957 μόνους
1325 4889 1403 4960 τῷ
1444 4890 1634 4961 Κυρίῳ
1677 4907 1842 4962 προσ.

277 4983 448 5051 ρέψας.

340 5074 455 5139 1G".
509 5072 669 5126 Ἀλλά
692 5071 801 5142 γάρ
824 5069 918 5125 καὶ
949 5071 1010 5125 τὸ
1037 5073 1146 5125 τῶν
1185 5072 1359 5141 ἁγίων
1392 5074 1699 5141 ἁγιώτατον
1729 5074 1840 5128 τῶν

275 5166 526 5235 ᾀσμάτων
548 5161 737 5235 *ᾼσμα
771 5163 922 5234 παρὰ
951 5164 1169 5219 πάντων
1198 5165 1297 5235 μὲν
1344 5165 1619 5235 θεοσόφων
1640 5207 1654 5231 ,
1689 5168 1843 5237 παρά

278 5256 488 5309 πάντων
542 5255 599 5308 δὲ
648 5254 986 5325 ὑμνούμενον
1042 5256 1421 5326 Χριστιανῶν,
1455 5260 1576 5321 ταῖς
1623 5258 1680 5311 δὲ
1739 5260 1844 5313 ἀνά

280 5350 450 5402 πᾶσαν
492 5345 589 5417 τὴν
633 5348 955 5420 οἰκουμένην
1014 5348 1366 5419 Ἐκκλησίαις
1412 5350 1839 5421 γνωριζόμενον,

280 5436 687 5508 θαυμαζόμενον
713 5437 771 5491 δὲ
798 5440 890 5490 καὶ
917 5439 1054 5508 πρὸς
1091 5439 1201 5492 τῶν
1232 5439 1443 5511 ἐχθρῶν
1474 5440 1571 5494 τοῦ
1599 5442 1838 5512 σταυροῦ

278 5530 366 5585 τοῦ
409 5527 651 5595 Χριστοῦ
695 5530 982 5598 Ἰουδαίων,
1018 5531 1158 5586 κατά
1210 5531 1308 5603 τὴν
1348 5533 1616 5605 πορνικὴν
1669 5532 1838 5588 αὑτοῦ

282 5623 368 5677 καὶ
416 5622 643 5692 γνώμην
690 5623 785 5675 καλ⁸
834 5622 1109 5691 γλῶσσαν,
1154 5624 1399 5678 ἐκλαϐὼν
1430 5628 1457 5681 ό
1497 5626 1703 5697 θρασὺς
1746 5628 1843 5680 καὶ

282 5715 511 5784 ἄμετρος
556 5714 656 5783 τὴν
693 5713 921 5783 τόλμαν,
950 5715 1012 5769 ὲκ
1062 5716 1172 5771 τῶν
1227 5718 1399 5787 ἁγίων
1456 5718 1665 5775 Βίϐλων
1734 5718 1843 5775 ἀπ-

282 5806 487 5872 ἑτεμεν.

348 5920 391 5951 ³⁸
425 5919 539 5976 Jac.
578 5935 655 5987 Ill,
694 5920 775 5974 II.

1941 4724 2295 4781 Canticorum
2337 4723 2559 4792 penitus
2588 4723 2770 4792 ejecit,
2822 4730 2879 4777 et
2932 4737 3124 4777 omnes
3157 4721 3400 4776 Psallnos
3425 4720 3526 4775 Ju-

1944 4815 2099 4870 daice
2143 4814 2211 4869 ad
2256 4812 2650 4867 Zorobabelem
2678 4824 2735 4867 et
2765 4814 3054 4869 Ezechiam
3085 4813 3296 4878 retulit,
3350 4812 3538 4868 tribus

1945 4915 2153 4962 tantum
2192 4906 2258 4961 ad
2288 4904 2577 4960 Dominum
2608 4905 2843 4976 rejectis.

2019 5084 2157 5139 XVI.
2205 5084 2319 5138 Imo
2360 5093 2415 5139 et
2448 5091 2762 5139 sanctorum
2791 5082 3196 5137 sanctissimum
3236 5082 3538 5137 Canticum

1947 5178 2284 5232 canticorum
2324 5178 2391 5233 ab
2441 5176 2699 5231 omnibus
2744 5176 3055 5231 divinarum
3088 5191 3273 5230 rerum
3309 5176 3524 5245 peritis,

1947 5281 2003 5326 et
2033 5271 2102 5326 ab
2129 5270 2389 5326 omnibus
2418 5268 2750 5326 Christianis
2797 5267 3100 5331 laudatum,
3137 5265 3395 5321 omnibus
3426 5265 3530 5321 Ec-

1949 5364 2132 5419 clesiis
2170 5362 2354 5418 cuncti
2410 5362 2561 5417 orbis
2599 5369 2812 5426 notum,
2867 5369 2923 5415 et
2968 5374 2999 5413 a
3047 5358 3252 5414 Iudaeis
3288 5357 3530 5412 inimicis

1946 5456 2129 5513 crucis
2153 5455 2356 5512 Christi
2394 5456 2450 5510 in
2502 5454 2864 5510 admiratione
2909 5451 3176 5516 habitum,
3235 5448 3527 5505 libidinose

1943 5565 2046 5620 pro
2075 5564 2172 5603 sua
2206 5556 2261 5602 et
2308 5556 2491 5602 mente
2540 5556 2597 5601 et
2632 5547 2815 5617 lingua
2865 5542 3201 5606 meretricia,
3256 5541 3530 5609 interpre-

1944 5650 2086 5704 tans,
2116 5654 2213 5695 sua
2235 5654 2399 5707 supra
2425 5638 2647 5694 modum
2670 5636 2978 5693 incredibili
3006 5633 3234 5691 audacia
3256 5647 3321 5688 cx
3347 5630 3533 5686 Libri.

1950 5732 2123 5788 sacris
2143 5729 2399 5786 abscidit.
