4068 6536
477 414 615 477 I367

1740 421 2052 485 LEONTII
2093 425 2461 486 ΒΥΖΛΝΤΙΝ
2470 426 2495 488 Ι

3584 424 3724 492 I368

541 528 703 584 XVII.
759 529 826 586 Et
847 529 988 600 quid
1009 545 1120 586 non
1148 538 1269 586 erat
1297 538 1543 597 acturus,
1572 532 1668 603 qui
1717 533 1772 588 in
1820 551 1888 590 eo
1916 552 2031 607 age-

2219 541 2318 593 IZ'.
2348 540 2460 594 Καὶ
2490 539 2542 592 τί
2596 536 2706 611 γὰρ
2747 540 2847 593 οὐκ
2896 538 3088 610 ἔμελλε
3141 538 3384 611 δράσειν,
3407 541 3438 595 ό
3474 539 3532 595 ἐν
3568 543 3724 614 αὐτῷ

469 621 583 685 bat,
636 621 935 690 impietatis
979 622 1233 678 inventor
1259 631 1317 679 et
1355 625 1552 694 pater?
1589 625 1734 682 Duos
1783 626 1950 698 igitur
1981 628 2048 682 li-

469 713 600 770 bros
627 713 1099 783 Paralipomenon,
1131 715 1368 784 primum
1405 724 1465 772 et
1502 718 1805 774 secundum
1847 720 2047 776 simili-

471 816 574 871 ter,
625 807 830 863 malum
865 808 1010 862 malo
1040 808 1268 876 addens,
1303 818 1362 866 et
1406 810 1630 882 insuper
1675 812 1906 868 Esdram
1958 831 2048 870 re-

468 899 739 968 pudiavit.
1029 933 1036 939 -

538 989 724 1046 XVIII.
748 991 1160 1064 Divinasigitur
1183 993 1500 1064 Scripturas
1527 996 1861 1067 aggreditur,
1895 1007 1951 1054 et
1976 1013 2042 1054 ex

465 1079 683 1136 duobus
710 1083 1006 1152 generibus
1029 1083 1495 1154 splendidioribus
1536 1093 1727 1141 contra
1777 1086 2042 1157 Spiritum

465 1183 715 1229 sanctum
751 1177 998 1232 certandi
1031 1177 1311 1232 laudatum
1343 1178 1448 1232 sibi
1480 1178 1661 1234 aufert
1688 1196 1703 1245 ;
1739 1195 1770 1234 a
1798 1181 2042 1238 secundo

464 1268 724 1334 abstinet,
769 1279 825 1326 et
867 1272 992 1327 aliis
1043 1272 1226 1339 cedit;
1264 1289 1332 1328 an
1369 1283 1430 1328 ut
1461 1274 1516 1329 in
1547 1275 1628 1330 eis
1651 1275 1954 1338 luctentur,
1985 1286 2042 1332 et

463 1361 730 1416 vincant?
775 1362 1166 1433 Nequaquam-
1210 1363 1316 1420 Sed
1350 1366 1500 1435 quia,
1553 1373 1616 1420 ut
1669 1366 2038 1433 existimabat,

461 1461 740 1508 certamen
790 1463 983 1511 contra
1026 1456 1345 1526 scripturas
1367 1467 1582 1513 sanctas
1612 1455 1826 1513 ﬁnitum
1851 1458 1955 1513 sibi
1983 1468 2047 1515 et-

459 1557 743 1616 peractum
770 1558 912 1612 erat,
947 1549 1251 1604 secundum
1280 1565 1506 1605 cursum
1556 1549 1738 1620 primo
1773 1551 2040 1621 aequalem

461 1634 718 1699 conﬁcit;
752 1645 817 1691 et'
837 1652 906 1691 ne
937 1637 990 1692 in
1023 1637 1252 1708 singulis
1282 1638 1667 1709 aggrediendis
1706 1638 2040 1710 defatigare-

462 1731 573 1789 ιω,
603 1734 804 1780 contra
828 1725 1064 1796 primam
1102 1727 1386 1798 religionis
1418 1727 1751 1784 Christiana:
1777 1728 2040 1784 informa-

462 1815 821 1880 tionem-stat,
877 1825 933 1872 et
978 1817 1232 1874 deiﬁcum
1270 1819 1576 1890 symbolum
1607 1834 1797 1874 eorum
1832 1819 1928 1889 qui
1955 1835 2040 1874 re-

459 1916 816 1976 generantur,
852 1909 1220 1976 tollit,.ﬁdem,
1258 1911 1502 1981 inquam.
1557 1910 1750 1982 synodi
1781 1911 2036 1979 Nicaeum,

457 2011 568 2052 non
617 1997 795 2052 solum
842 2000 1118 2055 mutilans.
1155 2000 1366 2070 ipsum,
1421 2000 1532 2056 sed’
1554 2017 1776 2057 ornnem
1820 2002 2045 2072 penitus

459 2087 624 2142 ﬁdem
654 2088 968 2156 destruens,
1015 2100 1074 2148 et
1125 2092 1291 2148 aliam
1338 2103 1542 2164 prater
1593 2093 1743 2148 illam
1792 2093 2035 2161 tradens,

401 2192 420 2209 ‘
458 2195 557 2248 pro
617 2181 797 2236 nihilo
843 2183 1051 2239 docens
1090 2185 1182 2239 illa
1227 2194 1378 2240 tanta
1423 2185 1655 2250 lumina,
1694 2201 1874 2257 neque
1927 2195 2037 2242 tam

457 2275 877 2331 audaxfacinus
902 2277 1327 2346 perhorrescens
1357 2293 1372 2331 :
1404 2276 1554 2332 aliud
1584 2277 1755 2344 enim,
1807 2286 1870 2332 ut
1897 2277 2032 2343 dixi,

457 2367 764 2438 symbolum
822 2368 970 2434 Iidei,
1029 2369 1115 2424 vel
1163 2369 1349 2439 potius
1398 2369 1577 2426 dicam
1616 2369 1860 2441 perﬁdia;
1895 2369 2033 2433 edit,

455 2458 550 2528 qui
581 2467 707 2528 post
726 2458 891 2514 Iidem
917 2460 973 2514 in
995 2459 1167 2515 Deum
1203 2460 1441 2521 Patrem,
1479 2468 1536 2514 et
1565 2459 1910 2530 unigenitum
1940 2460 2033 2515 Fi-

454 2547 612 2612 lium,
642 2557 708 2604 et
744 2547 1011 2619 Spiritum
1043 2558 1316 2614 sanetum,
1353 2549 1580 2620 scripsit
1612 2549 1837 2606 credere
1881 2558 1938 2606 et
1974 2549 2030 2605 in

454 2640 758 2695 Dominum
789 2642 975 2697 Iesum
1023 2641 1325 2704 Christum,
1383 2641 1742 2698 introducens
1778 2651 2035 2714 quartam

455 2744 746 2799 personam
799 2731 854 2786 in
884 2740 1130 2786 sanctam
1161 2733 1507 2796 Trinitatem,
1545 2743 1602 2787 et
1632 2733 1688 2788 in
1735 2733 1873 2790 duas
1900 2749 2029 2804 per-

453 2834 620 2876 sonas
646 2820 924 2877 Christum
955 2831 1013 2878 et
1044 2823 1217 2878 Deum
1246 2833 1497 2879 nostrum
1523 2823 1807 2891 dividens;
1840 2841 1905 2881 ac
1935 2841 2030 2880 ve-

453 2925 516 2963 ro
555 2909 791 2980 quidem
826 2911 958 2976 Deo,
1005 2928 1127 2982 qua:
1173 2913 1358 2970 divina
1385 2923 1536 2982 sunt,
1579 2915 1866 2983 tribuens;
1904 2931 2034 2987 pro-

2148 633 2450 701 ἒνεργήσας
2503 632 2604 701 τῆς
2655 631 2911 696 ἀσεϐείας
2960 632 3190 702 εὑρετής
3233 649 3292 687 τε
3339 634 3436 689 καὶ
3487 635 3726 706 statim;

2146 721 2257 786 Τὰς
2295 722 2427 790 γοῦν
2487 722 2976 794 Παραλειπομένας
3023 722 3319 787 ὡσαύτως,
3350 723 3504 792 κακῷ
3547 726 3724 781 κακὸν

2147 812 2483 883 προστιθεὶς,
2533 810 2759 882 πρώτην
2805 828 2865 865 τε
2913 811 3010 864 καί⁹
3053 810 3340 884 δευτέραν,
3375 813 3611 887 Ἕσδραν
3653 828 3719 867 τε

2145 905 2282 976 πρὸς
2310 906 2432 968 ταῖς
2455 905 2778 976 εἰρημέναις
2809 903 3085 970 ὲξέόαλεν.

2215 996 2323 1051 lH'.
2355 991 2480 1068 Ἆρ’
2512 987 2604 1050 οὖν
2650 997 2767 1060 ταῖς
2800 995 2897 1067 μὲν
2947 995 3122 1059 θείαις
3157 996 3402 1067 Γραφαϊς
3451 996 3715 1067 ἐγχειρεῖ,

2143 1088 2238 1142 καὶ
2263 1088 2370 1141 τῶν
2414 1088 2816 1158 λαμπροτέρων
2841 1087 2983 1141 κατὰ
3011 1087 3110 1140 τοῦ
3151 1085 3472 1158 Πνεύματος
3509 1091 3728 1156 ἀγωνιο

2145 1178 2367 1250 σμάτων
2394 1178 2454 1232 τὺ
2480 1179 2765 1251 εὐδόκιμον
2803 1179 3166 1250 ἀποφέρεται,
3194 1179 3302 1234 τῶν
3345 1179 3403 1233 δὲ
3445 1180 3730 1250 δευτέρων·

2139 1273 2434 1344 ἀπέχεται,
2457 1273 2552 1326 καὶ
2583 1275 2906 1344 παραχωρεῖ
2928 1273 3110 1339 ἀλλοις
3143 1273 3244 1344 τῆς
3273 1273 3405 1341 γοῦν
3428 1275 3486 1327 ὲν
3499 1274 3726 1336 τούτοις.

2142 1367 2322 1436 πάλης
2365 1367 2462 1420 καὶ
2522 1365 3047 1439 νὶκηςςυύμενοῦν.
3127 1367 3345 1439 Ἐπειδὴ
3413 1366 3560 1436 γάρ.
3634 1366 3724 1429 ὡς

2140 1457 2298 1530 ᾤετο,
2322 1460 2351 1512 ὁ
2375 1459 2516 1513 κατά
2541 1459 2650 1512 τῶν
2679 1457 3054 1512 θεοπνεύστων
3085 1457 3222 1528 αὐτῇ
3253 1457 3486 1527 Γραφῶν
3521 1454 3716 1516 ἀεθλος

2139 1549 2485 1603 ὲκτετέλεστο
2511 1548 2608 1604 καὶ
2633 1548 2908 1618 διήνυστο,
2943 1547 3201 1619 δεύτερον
3226 1547 3442 1615 ἑξανιῖει
3467 1545 3714 1607 δίαυλον,

2138 1639 2218 1710 τῷ
2249 1639 2450 1711 πρώτῳ
2487 1637 2893 1712 παρισούμενον
2912 1654 2926 1668 ο
2958 1640 3055 1693 καὶ
3082 1639 3170 1692 ἵνα
3207 1642 3320 1704 τοῖς
3368 1639 3509 1693 κατά
3543 1640 3722 1711 μέρος·

2139 1732 2405 1803 ἐγχειρῶν
2444 1732 2519 1804 μὴ
2558 1731 2770 1804 κάμνῃ,
2798 1732 2934 1806 πρὸς
2961 1731 3061 1803 τὴν
3096 1731 3323 1802 πρώτην
3369 1733 3711 1804 στοιχείωσιν

2139 1823 2234 1876 τοῦ
2261 1823 2690 1895 Χριστιανισμοῦ
2737 1823 2970 1885 ἵσταται.
2995 1823 3092 1878 καὶ
3123 1823 3182 1876 τὸ
3210 1822 3456 1876 θεοποιδν
3503 1820 3707 1890 σύμϐο-

2139 1913 2230 1969 λον
2256 1913 2365 1968 τῶν
2397 1913 2860 1983 ἀναγεννωμένων
2883 1914 3279 1985 διαγράφεται,.
3295 1913 3396 1984 τὴν
3421 1915 3480 1966 ὲν
3505 1913 3723 1984 Nimia.

2140 2004 2284 2074 φημί
2321 2004 2528 2069 πίστιν,
2553 2004 3127 2076 οὐκ-ἀκρωτηριάζων
3168 2003 3302 2057 αὐτὸ
3349 2003 3543 2074 μόνον,
3571 2002 3722 2056 ἀλλά

2139 2097 2319 2148 πᾶσαν
2347 2095 2445 2148 καὶ
2472 2095 2656 2150 τέλεον
2685 2095 3220 2166 ἀποσκευαζόμενος,
3252 2095 3348 2149 καὶ
3381 2093 3720 2166 παραδιδοὺς·

2137 2184 2268 2252 παρ’
2298 2185 2513 2257 ἐκείνην
2536 2184 2750 2256 ἑτέραν,
2784 2185 2954 2256 μηδὲν
2983 2183 3348 2255 λογισάμενος
3381 2185 3510 2246 τοὺς
3551 2184 3710 2254 τηλι-

2136 2275 2362 2340 κούτους
2406 2278 2723 2350 φωστῆρας.
2763 2277 2886 2333 οὐδὲ
2931 2278 3130 2348 φρίξας
3172 2277 3308 2347 πρὸς
3334 2277 3396 2330 τὸ
3433 2277 3722 2348 τολμηρὸν,

2134 2372 2234 2440 τῆς
2260 2371 2629 2442 ἐγχειρήσεως
2655 2385 2670 2400 ·
2705 2369 2893 2441 ἕτερον
2935 2368 3163 2440 γάρ,ῶς
3219 2368 3380 2440 ἔφην,
3429 2367 3718 2422 ἐκτίθεται

2135 2457 2394 2526 πίστεως,
2425 2458 2628 2530 μᾶλλον
2651 2460 2708 2513 δὲ
2727 2459 3007 2525 ἀπιστίας,
3036 2457 3306 2528 σύμϐολον
3338 2459 3481 2528 μετά
3499 2459 3598 2529 τὴν
3627 2459 3710 2522 εἰς

2133 2548 2266 2602 Θεὸν
2295 2547 2519 2620 Πατέρα
2560 2548 2657 2604 καὶ
2698 2548 2793 2604 τὸν
2835 2547 3103 2619 μονογενῆ
3152 2546 3280 2600 Υἰὸν
3323 2548 3418 2600 καὶ
3454 2545 3514 2599 τὸ
3551 2547 3710 2614 ἅγιον

2133 2639 2358 2710 Πνεῦμα
2385 2640 2592 2704 πίστιν,
2619 2639 2900 2695 πιστεύειν
2924 2638 3141 2711 γράψας
3173 2639 3268 2693 καὶ
3287 2639 3366 2702 εἰς
3392 2637 3484 2692 τὸν
3508 2637 3722 2709 Κύριον-

2145 2728 2351 2802 Ἰησοῦν
2382 2731 2638 2803 Χριστὸν,
2669 2731 2934 2804 τέταρτον
2967 2731 3264 2802 πρόσωπον
3293 2732 3603 2799 ἐπεισάγων
3636 2733 3718 2800 τῇ

2131 2823 2259 2892 ἁγίᾳ
2289 2823 2481 2896 Τριάδι
2518 2824 2610 2877 καὶ
2655 2823 3022 2894 καταδιαιρῶν
3075 2823 3158 2886 εἰς
3189 2821 3284 2878 δύο
3319 2823 3590 2889 πρόσωπα
3637 2821 3706 2875 τά

2127 2913 2222 2968 τοῦ
2261 2913 2379 2978 ἑνὸς
2407 2915 2650 2985 Χριστοῦ
2692 2914 2790 2967 καὶ
2818 2913 2956 2967 Θεοῦ
2995 2913 3186 2984 ἡμῶν⁸
3217 2913 3312 2966 καὶ
3341 2913 3404 2966 τὸ
3435 2914 3534 2983 μὲν
3577 2913 3708 2982 ἀλη-

451 3000 576 3070 prio
605 3011 790 3057 autem
827 3001 1074 3068 Christo,
1121 3019 1250 3074 qua:
1281 3005 1560 3062 hominem
1589 3005 1789 3062 decent
1831 3015 1888 3064 et
1920 3006 2028 3067 hu-

2134 3005 2261 3076 θινῷ
2309 3005 2424 3075 Υἰῷ
2451 3006 2521 3060 τά
2543 3005 2661 3060 θεῖα
2685 3004 3014 3076 προσνέμων
3037 3005 3132 3059 καὶ
3157 3005 3260 3074 τὴν
3282 3005 3396 3058 ἀνω
3426 3005 3703 3074 γέννησιν,

452 3105 615 3144 mana
647 3099 797 3153 sunt,
824 3101 882 3147 et
906 3093 963 3146 in
989 3092 1188 3162 primis
1217 3101 1398 3148 ortum
1428 3109 1496 3150 ex
1521 3094 1768 3165 Virgine.

2125 3096 2274 3168 τῷδε
2301 3097 2418 3168 ἰδίῳ
2438 3097 2664 3168 Χριστῷ
2684 3097 2753 3152 τὰ
2773 3095 3223 3168 ἀνθρωποπρεπῆ
3244 3096 3339 3150 καὶ
3366 3097 3704 3166 ἀνθρώπινα,

523 3177 666 3232 XIX.
718 3179 897 3236 Audet
945 3191 1002 3235 et
1045 3182 1192 3237 aliud
1224 3183 1428 3238 malum
1458 3198 1570 3239 non
1603 3183 1917 3240 secundum
1954 3183 2023 3240 ad

2134 3188 2220 3241 »ιαί⁵
2261 3187 2366 3258 πρό
2392 3204 2455 3257 γε
2484 3187 2674 3242 τούτου
2700 3188 2802 3260 τὴν
2829 3187 2895 3242 ἑκ
2916 3187 3192 3259 Παρθένου
3221 3187 3499 3257 γέννησιν.

453 3272 736 3341 superiora
779 3273 1004 3328 :aliam‘
1059 3274 1218 3328 enim-
1259 3274 1488 3331 llissam
1535 3275 1777 3331 eﬂ‘utivit
1825 3284 2026 3347 praeter

453 3365 617 3419 illam
647 3379 768 3434 qua:
816 3380 847 3420 a
879 3365 1152 3421 Patribus-
1171 3365 1371 3422 tradita
1402 3375 1487 3422 est
1513 3367 1796 3433 Ecclesiis,
1849 3383 2028 3439 neque

451 3454 740 3513 reveritus
760 3457 1305 3528 illam‘apostolorum
1330 3501 1347 3526 ,
1379 3475 1486 3516 nec
1519 3459 1668 3516 illam
1714 3461 1894 3532 magni
1928 3461 2029 3516 Ba-

450 3545 563 3600 silii
605 3545 660 3601 in
701 3545 895 3602 eodem
930 3545 1139 3618 Spiritu
1174 3549 1540 3620 conscriptam
1578 3567 1604 3603 εν
1638 3549 1695 3604 ἰιι
1721 3565 1830 3620 qua
1867 3549 2028 3606 Missa

453 3635 831 3708 blasphemiis,
863 3654 973 3694 non
996 3640 1406 3710 precationibus
1428 3640 1526 3712 τὴν
1545 3641 1800 3712 Τελετὴν,
1834 3641 1888 3697 id
1919 3650 2025 3707 est,

451 3729 770 3801 mysterium
796 3729 1178 3798 Eucharistize,
1205 3731 1448 3802 opplevit
1475 3750 1489 3786 :
1519 3748 1589 3788 an
1623 3741 1685 3788 ut
1711 3733 1863 3789 alius
1876 3732 2030 3788 Anti-

452 3821 693 3878 oltristus
709 3821 890 3877 adhuc
903 3832 1268 3894 exspectetur,
1287 3840 1384 3894 par
1404 3833 1510 3891 est,
1528 3825 1621 3896 qui
1646 3825 1736 3881 sic
1746 3825 2025 3881 Christum

451 3913 654 3974 oderit.
703 3923 760 3970 et
784 3913 1132 3986 quaeChristi
1163 3925 1314 3980 sunt,
1369 3927 1580 3974 mutare
1609 3918 1860 3974 nitatur?
1904 3919 2026 3974 Non

450 4009 706 4080 equidem
738 4018 891 4079 puto.
929 4009 1092 4072 Satis.
1132 4009 1378 4081 inquam,
1411 4019 1504 4068 est.
1527 4011 1649 4078 hic,
1671 4019 1731 4067 ut
1753 4011 1809 4067 in
1843 4011 2027 4067 omni-

451 4102 703 4159 busJoco
735 4110 800 4158 et
827 4103 948 4158 vice
975 4103 1123 4160 illius
1145 4103 1250 4158 sit.,

519 4380 642 4437 XX.
701 4380 856 4437 Audi
889 4390 1156 4454 praeterea
1201 4388 1266 4436 et‘
1305 4379 1412 4436 alia
1441 4380 1582 4452 ejus,
1638 4394 1761 4451 (piae
1818 4380 2036 4435 bonum-

447 4481 569 4528 erat
623 4481 682 4528 et
713 4474 946 4530 maxime
977 4473 1282 4545 optandum
1307 4474 1474 4529 etiam
1515 4488 1626 4527 non
1677 4470 1892 4526 audire.
1927 4472 2024 4528 Ju-

2211 3277 2314 3333 ω’.
2340 3278 2528 3350 Τολμᾷ
2557 3280 2652 3333 καί
2695 3278 2880 3350 ἕτερον
2934 3277 3103 3332 κακὸν
3150 3277 3262 3331 τῶν
3307 3275 3618 3347 εἰρημένων
3641 3276 3716 3329 οὐν

2134 3369 2408 3442 δεύτερον.
2461 3369 2771 3440 ’Δναφοράν
2823 3368 2932 3441 γάρ
2978 3368 3250 3440 σχεδιάζει
3308 3369 3504 3436 ἑτέραν
3553 3367 3718 3439 παρὰ,

2135 3463 2234 3532 τὴν
2253 3462 2526 3531 πατρόθεν
2545 3465 2666 3527 ταῖς
2682 3461 3030 3531 Ἐκκλησίαις
3057 3461 3532 3532 παραδεδομένην,
3565 3461 3707 3531 μήτε

2133 3553 2234 3623 τὴν
2263 3552 2371 3606 τῶν
2410 3553 2731 3607 ἀποστόλων
2763 3552 3054 3618 αἰδεσθεὶς,
3084 3553 3226 3622 μήτε
3264 3550 3322 3605 δὲ
3354 3550 3452 3622 τὴν
3484 3550 3579 3605 τοῦ
3611 3567 3721 3621 με-

2134 3641 2301 3712 γάλου
2329 3641 2615 3696 Βασιλείου
2655 3643 2714 3696 ὲν
2746 3640 2824 3713 τῷ
2845 3639 2998 3712 αὐτῷ
3041 3638 3322 3708 Πνεύματι
3369 3639 3708 3708 συγγραφεῖ-

2136 3753 2263 3804 σαν,
2307 3736 2466 3806 λόγου
2525 3735 2670 3800 τινὸς
2725 3735 2927 3808 κρίνων
2982 3731 3179 3798 ἀξίαν·
3233 3730 3292 3784 ὲν
3432 3729 3711 3800 ’Δναφορᾷ

2137 3827 2492 3899 βλασφημιῶν
2528 3828 2607 3900 (οὐ
2631 3828 2740 3897 γάρ
2766 3825 2966 3895 εὐχῶν)
2997 3823 3233 3894 Τελετὴν
3263 3823 3666 3892 ἀπεπλήρωσεν
3688 3837 3704 3853 ο

2133 3915 2223 3991 ἆρ’
2246 3915 2338 3974 οῦν
2391 3919 2476 3984 τίς
2526 3919 2716 3991 ἔτερος
2750 3919 3140 3988 Ἀντίχριστος,
3171 3915 3577 3988 προσδοκᾶσθαι
3623 3913 3708 3967 ἔτι

2133 4012 2284 4080 ἀξιος
2307 4013 2412 4085 εἴη,
2442 4011 2585 4070 οὕτω
2613 4013 2682 4065 τὰ
2705 4011 2798 4065 τοῦ
2830 4009 3069 4080 Χριστοῦ
3101 4008 3275 4079 μισῶν
3308 4024 3370 4061 τε
3398 4007 3494 4061 καὶ
3526 4023 3710 4076 παρα-

2133 4107 2302 4159 κινεῖν
2347 4104 2722 4175 πειρῶμενος;
2769 4100 2912 4170 Ἐγὼ
2954 4101 3056 4171 μὲν
3105 4100 3207 4155 οὐκ
3244 4095 3418 4170 οἶμαι.
3463 4098 3720 4170 ’Δπόχρης

2133 4194 2266 4266 γὰρ,
2296 4194 2460 4265 φημὶ,
2493 4193 2588 4248 καὶ
2621 4187 2875 4257 οὗτος,ὲν
2909 4191 3080 4246 ἀπασι
3102 4191 3192 4247 τὸν
3220 4191 3431 4246 ἐκείνου
3454 4191 3721 4262 ἀποπλη-

2135 4287 2308 4359 ρῶσαι
2336 4285 2498 4340 τόπον
2525 4284 2621 4338 καὶ
2659 4284 2862 4355 τρόπον

2202 4374 2288 4432 κ’.
2315 4376 2513 4430 ’Δκουε
2535 4375 2594 4428 δὲ
2625 4375 2791 4430 αὐτοῦ
2821 4375 2917 4429 καὶ
2947 4375 3016 4430 τὰ
3040 4375 3226 4447 ἕτερα,
3261 4369 3338 4430 ὧν
3365 4375 3506 4446 μήτε
3531 4371 3705 4428 ἀκοῦρ

2135 4483 2226 4519 σαι
2257 4465 2422 4520 καλόν
2450 4482 2511 4518 τε
2549 4466 2642 4520 καὶ
2670 4465 3060 4519 εὐκταιότατον
3102 4461 3192 4538 ἦν.
3236 4465 3349 4536 Τὴν
3381 4465 3566 4536 κρίσιν
3602 4463 3720 4518 τοῦ

448 4563 654 4620 dicium
677 4565 771 4620 Dei
806 4564 862 4620 in
887 4565 1145 4620 omnibus
1179 4564 1384 4619 sanctis
1417 4561 1718 4632 Scripturis
1745 4561 1891 4616 clara
1921 4577 2022 4616 vo-

2134 4557 2284 4623 Θεοῦ,
2319 4557 2418 4629 τὴν
2473 4557 2531 4610 έν
2587 4557 2793 4620 πάσαις
2843 4559 2964 4621 ταῖς
3030 4557 3217 4626 ἁγίαις
3269 4555 3716 4627 διαϐεϐοημένην.

449 4671 513 4714 ce
542 4656 952 4723 denuntiatum,
988 4656 1134 4727 quod
1164 4671 1267 4712 nec
1299 4655 1368 4710 iis
1399 4655 1493 4726 qui
1521 4670 1552 4709 a
1582 4653 2021 4710 Christianorum

448 4750 715 4820 religione
745 4749 936 4820 procul
981 4747 1205 4812 absunt,
1254 4747 1458 4802 mansit
1504 4745 1834 4810 inauditum,
1874 4745 2022 4816 quod

447 4847 534 4894 est
563 4839 976 4894 ﬁrmamentum
1012 4838 1295 4902 stantium,
1343 4845 1401 4893 et
1453 4839 1731 4908 lapsorum
1787 4836 2018 4901 erectio,

447 4939 502 4984 ot
540 4932 898 5001 peccantium:
931 4927 1225 4993 medicina,
1268 4936 1324 4983 et
1371 4927 1578 4983 diaboli
1629 4927 1828 4998 dignus
1851 4925 2016 4994 linis;

447 5022 596 5092 quod
625 5037 804 5092 neque
830 5019 1082 5076 diabolus
1103 5028 1160 5074 et
1183 5019 1458 5075 daemones
1487 5034 1686 5090 negare
1717 5022 1844 5078 ausi
1865 5014 2032 5084 sunt,

447 5132 574 5171 cum
600 5114 868 5170 Salvatori
892 5113 1153 5170 dixerunt
1183 5131 1197 5167 :
1229 5112 1368 5178 Quid
1390 5115 1536 5169 nobis
1568 5123 1617 5168 et
1651 5115 1763 5182 tibi,
1779 5116 1904 5172 Iesu
1923 5116 2028 5172 Fili

448 5206 568 5270 Dei,
601 5207 786 5260 venisti
813 5215 936 5259 ante
969 5211 1172 5276 tempus
1206 5213 1451 5276 torquere
1484 5206 1685 5262 nos"?
1733 5207 1848 5264 Hoc
1872 5208 2026 5280 judi-

449 5298 618 5362 cium,
652 5307 708 5354 et
734 5298 1062 5368 gehennam,
1091 5306 1148 5354 et
1183 5299 1455 5365 tenebras,
1487 5308 1544 5355 et
1566 5299 1857 5362 stridorem
1883 5300 2020 5356 den-

449 5391 609 5454 tium,
668 5399 731 5446 et
774 5391 879 5446 alia
919 5405 1260 5462 quaecunque
1299 5391 1483 5461 impiis
1532 5399 1588 5448 et
1637 5391 2021 5463 peccatoribus

451 5480 734 5551 Scriptura
760 5489 944 5536 sancta
978 5480 1238 5545 minatur,
1271 5481 1412 5538 ridet
1436 5481 1623 5546 miser,
1663 5495 1767 5536 nec
1795 5480 1909 5552 ipse
1933 5481 2022 5550 ju-

452 5565 655 5621 dicium
679 5577 1022 5639 exspectans,
1044 5578 1102 5625 et
1122 5569 1264 5638 aliis,
1281 5585 1354 5627 nc
1367 5577 1636 5636 metuant,
1655 5569 1855 5642 jubens
1879 5584 2022 5640 quae,

525 5701 566 5732 ³⁸
592 5700 784 5760 Matth.
811 5719 928 5770 rm,
952 5703 1055 5760 29.-

2129 4651 2391 4720 Γραφαῑς,
2421 4642 2490 4721 ἦς
2521 4647 2634 4703 οὐδ’
2660 4649 2711 4702 οἰ
2739 4648 2961 4719 μακράν
2993 4649 3094 4719 τῆς
3128 4647 3472 4719 Χριστιανῶν
3513 4647 3706 4702 θεοσο-

2128 4741 2256 4810 φίας
2296 4742 2660 4812 ἀπεριήχητοι
2695 4730 3097 4810 μεμενήκασιν,
3129 4739 3227 4812 τὴν
3259 4741 3430 4812 μόνην
3466 4739 3560 4794 καὶ
3592 4738 3714 4793 τῶν.

2127 4831 2382 4886 ἑστώτων
2426 4833 2658 4904 ἵδρυσιν,
2690 4832 2786 4884 καὶ
2828 4831 2938 4885 τῶν
2962 4835 3338 4886 πεπτωκότων
3372 4832 3702 4902 ἀνόρθωσιν,

2123 4925 2234 4978 τῶν
2283 4941 2346 4978 τε
2377 4923 2785 4996 ἡμαρτηκότων
2833 4907 3150 4994 φάρμακον,
3186 4922 3406 4978 καὶτοῦ
3449 4923 3714 4977 διαϐόλου

2124 5018 2274 5083 ἀξιον
2325 5019 2500 5084 τέλος,
2535 5018 2606 5089 ἢν
2663 5018 2790 5072 οὐδὲ
2840 5021 2870 5074 ό
2924 5017 3172 5082 διάϐολος
3215 5018 3312 5072 καὶ
3346 5019 3398 5071 οἰ
3444 5017 3707 5088 δαίμονες

2120 5109 2466 5181 ἀρνήσασθαι
2522 5109 2845 5180 ὑπέμειναν,
2903 5109 3161 5179 λέγοντες
3215 5109 3295 5180 τῷ
3356 5109 3607 5181 Σωτῆριο
3639 5110 3708 5163 Τί

2123 5201 2269 5270 ἡμῖν
2317 5201 2416 5256 καὶ
2462 5202 2584 5270 σοί,
2603 5203 2810 5272 Ἰησοῦ
2845 5202 2942 5258 Υἱὲ
2989 5203 3097 5258 τοῦ
3149 5203 3298 5258 Θεοῦ
3323 5218 3342 5266 ;
3372 5199 3556 5273 ἦλθες
3585 5203 3707 5271 πρὸ

2122 5294 2330 5362 καιροῦ
2347 5295 2689 5359 ,ϐασανίσαι
2711 5294 2869 5365 ήλώς
2887 5313 2902 5364 ;
2922 5297 3032 5366 Τήν
3047 5313 3107 5349 τε
3124 5299 3349 5365 γέενναν
3369 5296 3466 5349 καὶ
3485 5293 3549 5348 τὸ
3572 5294 3707 5348 6x6-

2125 5403 2236 5450 τος,
2269 5386 2478 5442 καὶτὸν
2512 5387 2758 5459 βρυγμὸν
2782 5385 2891 5444 τῶν
2924 5388 3175 5451 ὀδόντων,
3218 5386 3312 5442 καὶ
3334 5386 3400 5441 τὰ
3433 5386 3572 5441 ἀλλα
3600 5387 3707 5440 ὅσα

2121 5476 2412 5549 ἠπείληται
2440 5482 2551 5542 τοῖς
2581 5479 2805 5534 ἀσεϐέσι
2839 5479 2937 5535 καὶ
2965 5479 3342 5552 ἁμαρτωλοῖς,
3377 5479 3514 5550 γελᾷ
3540 5481 3568 5532 ὁ
3589 5478 3706 5532 δεί-

2123 5569 2272 5634 λαιος
2294 5585 2306 5598 °
2344 5568 2457 5625 οὐτ’
2483 5571 2652 5636 αὐτὸς,
2673 5572 2848 5645 αὐτὴν
2869 5572 3212 5645 προσδοκῶν,
3247 5572 3341 5629 καὶ
3367 5573 3481 5637 τοῖς
3513 5569 3709 5635 ἀλλοις
