4068 6578
382 469 519 536 1369
1341 481 1506 539 ADV.
1550 478 2256 541 IXCORRUPTICOLAS
2297 482 2396 541 ET
2429 481 2747 544 NESTOR.
3512 487 3646 555 137-3

377 588 804 663 ἑγκελευόμενος
859 590 934 663 μὴ
989 590 1218 644 δεδιέναι
1266 590 1452 661 φόϐον,
1514 591 1591 655 ὠς
1639 591 1802 655 αὐτὸς
1852 592 1941 662 μὲν

2053 601 2112 649 ιιι
2146 595 2264 666 ipse
2294 605 2470 666 putat,
2511 598 2891 653 tantummodo
2944 599 3121 654 minas
3147 598 3374 666 habent,
3407 618 3488 658 we
3527 611 3640 661 vas!

376 686 548 739 οἴεται
602 682 832 753 ἀπειλὴν
878 682 1040 764 μόνον
1094 683 1292 754 ἔχοντα
1321 700 1335 715 ο
1365 684 1453 747 Δΐ,
1492 684 1548 737 αί
1576 686 1593 739 ί
1628 687 1663 756 ή
1715 688 1880 757 πεῖρα
1913 686 1941 739 δ

2066 687 2172 742 Sed
2197 687 2451 742 suadebit
2475 689 2525 744 ei
2557 690 2919 759 experientia,
2943 692 3071 761 quia
3094 694 3271 749 minas
3300 710 3408 749 non
3437 698 3642 761 timuit,
3668 706 3670 709 ‘

378 776 540 828 αὐτὸν
566 775 770 837 πείσει,
801 774 991 846 ἐπειδὴ
1010 775 1215 847 ἀπειλὴ
1238 775 1313 847 μὴ
1338 776 1642 846 πεφόϐηκε,
1668 780 1763 831 καὶ
1786 778 1941 831 ταῦτι

2063 788 2118 833 et
2156 780 2273 835 hac
2299 780 2499 835 litteris
2536 781 2799 837 mandare
2837 798 2945 836 non
2978 792 3063 839 est
3090 786 3302 841 veritus
3330 788 3552 857 impius,
3588 798 3645 844 et

377 872 562 941 γραφῇ
596 869 932 940 παραδοῦναι
965 870 994 921 ὁ
1026 867 1229 939 ἀσεϐὴς
1262 871 1356 922 καὶ
1388 869 1560 932 ὅντως
1592 870 1794 939 άφοϐος
1819 910 1834 935 ,
1865 871 1941 924 κα⁴

2062 886 2190 925 vere
2232 887 2263 925 a
2300 881 2451 926 metu
2482 887 2709 936 vacuus,
2757 880 2815 927 et
2846 888 2975 928 vere
3017 882 3178 931 terrae
3207 886 3415 932 motum
3448 880 3644 948 ignife-

374 961 545 1025 όντως
576 960 894 1028 καταγελῶν
919 959 1147 1031 σεισμοῦ
1174 961 1473 1033 πυρφόρον,
1497 955 1560 1015 οὗ
1589 962 1934 1034 ἀντανῄρητα

2062 981 2182 1047 rum
2215 966 2477 1030 irridens,
2506 982 2536 1020 a
2562 967 2721 1038 cujus
2748 966 2889 1023 facie
2919 968 3058 1024 sicut
3087 969 3142 1024 iu
3171 970 3393 1027 diabolo
3424 973 3639 1028 sublata

375 1055 519 1108 κατὰ
538 1054 630 1109 τὸν
642 1053 1074 1125 διάϐολον-τάκρί
1080 1072 1223 1126 ματα
1235 1055 1329 1108 τοῦ
1345 1055 1482 1109 Θεοῦ
1501 1056 1609 1110 ἀπὸ
1632 1056 1954 1128 προσώπου.

446 1170 578 1223 KA'.
615 1169 717 1223 Διά
760 1169 932 1224 ταῦτά
980 1188 1039 1224 σε
1081 1171 1393 1238 ἀγαπῶσιν,
1423 1166 1468 1228 ὦ
1494 1173 1717 1239 δείλαιε,
1753 1177 1803 1229 οί
1854 1175 1957 1245 τῆς

376 1261 547 1331 οὖντῆς
586 1262 672 1315 σοὶ
712 1264 966 1335 μερίδος’
1000 1263 1160 1319 τοῦτο
1213 1266 1403 1331 αὐτοῖς
1447 1267 1542 1320 τοῦ
1587 1267 1736 1322 θείου
1785 1270 1953 1337 φόϐου

372 1355 594 1409 ἁνταναι
602 1357 829 1427 ρετικὺν
840 1357 1158 1430 φάρμακον,
1180 1361 1380 1432 πικρὸν
1400 1361 1570 1426 ὅντως
1591 1364 1687 1416 καὶ
1701 1362 1955 1435 δακρύων

370 1447 529 1513 ἄξιονι
571 1451 1007 1523 συγκεκέρακας,
1042 1452 1197 1523 Αὕτη
1249 1454 1282 1522 ἠ
1337 1454 1607 1525 Εὑνομίου
1660 1457 1951 1511 δυσσέϐεια

367 1541 436 1613 ῆν
471 1541 773 1610 ὲζήλωσας,
812 1544 941 1615 περὶ
969 1538 1031 1600 οὗ
1064 1546 1133 1599 τὰ
1178 1546 1454 1617 λεγόμενα
1486 1543 1555 1618 ἦν
1582 1548 1815 1613 ἄπιστα,
1845 1549 1950 1613 ἓως

373 1637 473 1704 (ὼς
502 1638 577 1709 μὴ
632 1637 855 1693 πώποτε
884 1638 1084 1711 ὢφελε)
1111 1644 1235 1707 ταῖς
1270 1645 1391 1706 σαῖς
1423 1642 1625 1713 βίϐλοις
1650 1643 1827 1698 ταῦτα
1861 1645 1947 1696 ὲν-

367 1728 539 1798 ετάγη
563 1747 578 1761 ο
598 1731 691 1785 καὶ
720 1732 813 1785 τὸν
843 1732 1071 1787 εἰπόντα
1099 1733 1373 1804 Εὐνόμιον
1404 1734 1603 1788 διδόναι
1628 1735 1796 1788 τόπον
1830 1736 1947 1797 τοῖς

364 1815 594 1882 πάθεσι,
655 1818 753 1871 καὶ
810 1820 884 1890 μὴ
942 1821 1203 1893 παρέχειν
1247 1823 1328 1894 τῷ
1394 1823 1473 1895 νῷ
1541 1824 1941 1895 πράγματα,ἠ

365 1907 435 1979 σὴ
460 1908 783 1965 διδασκαλία
812 1912 1269 1985 ὑπερηκόντισεν.

434 2025 563 2079 KB'.
602 2027 703 2090 Σὸς
757 2028 1011 2100 μαθητὴς
1066 2031 1400 2103 Βαρσουμᾶς
1455 2034 1516 2099 ὃς
1568 2036 1667 2109 τὴν
1717 2039 1943 2108 Περσῶν

362 2117 736 2190 ὲκδεδιῄτηκε,
768 2125 884 2185 τοῖς
916 2141 975 2176 τε
1006 2124 1241 2194 δόγμασι
1272 2126 1372 2196 τῆς
1403 2127 1721 2200 ἀθεότητος,
1756 2131 1852 2185 καὶ
1873 2134 1939 2203 τῇ

360 2208 454 2264 τοῦ
498 2209 617 2282 βίου
644 2211 958 2285 ἀδιαφορία,
989 2214 1384 2286 νομοθετήσας,
1436 2218 1572 2288 μηδὲ
1604 2220 1713 2273 τῶν
1738 2223 1942 2295 ίεραρ-

359 2302 647 2372 χουμένων
692 2302 948 2378 τινά,.μὴ
994 2305 1077 2358 ὅτι
1134 2304 1361 2373 λαῖκὸν,
1397 2309 1700 2379 ἀπέχεσθαι
1749 2311 1942 2383 κοίτης

357 2393 600 2464 ἀθέσμου
632 2394 727 2447 καὶ
757 2393 1121 2466 πολυγαμιῶν
1147 2413 1163 2427 ⁸
1195 2399 1295 2464 τὰς
1335 2399 1445 2472 γάρ
1477 2401 1646 2472 μέθας
1678 2402 1775 2457 καὶ
1812 2406 1940 2470 τοὺς

357 2486 603 2558 κώμους,
638 2486 788 2559 δῶρα
815 2486 958 2545 εῖναι
988 2490 1344 2562 ὑπελάμϐανε
1374 2493 1533 2549 Θεοῦ.

422 2692 552 2747 KI".
582 2689 697 2757 Τὰς
746 2693 847 2758 σὰς
904 2694 1310 2765 μεταϐαλόντες
1364 2696 1670 2764 συντάξεις,
1699 2697 1781 2762 είς
1830 2698 1933 2770 τὴν

353 2784 641 2838 Χαλδαίων
667 2802 729 2839 τε
759 2788 853 2840 καὶ
896 2787 1203 2858 ’Λρμενίων
1229 2786 1306 2859 (ρ)
1335 2788 1521 2859 φωνὴν
1542 2790 1635 2842 καὶ
1654 2788 1931 2858 γλῶσσαν,

352 2875 403 2929 οἱ
445 2874 547 2946 τῆς
599 2875 769 2948 αὐτῆς
826 2878 909 2931 σοὶ
957 2877 1197 2950 φατρίας
1253 2879 1354 2950 τῆς
1392 2879 1604 2950 ’Δρείου
1654 2880 1930 2946 ἀσεϐείας,

351 2967 665 3040 ἀθεωτέραν
693 2971 808 3032 τοῖς
837 2970 1014 3024 ἔθνεσι
1058 2971 1511 3042 παραδεδύκασιν
1549 2972 1764 3043 αἵρεσιν
1789 2990 1803 3004 ·
1837 2974 1933 3027 καὶ

350 3060 461 3131 γάρ
516 3059 677 3114 τοῦτο
726 3060 967 3132 ζηλῶσαι
1018 3062 1421 3117 ἐσπουδάκασιν
1468 3063 1518 3116 οί
1560 3063 1671 3117 τῶν
1716 3064 1930 3134 Ἀρείου

350 3151 577 3207 θιάσωνσ
604 3153 746 3225 πλὴν
765 3154 887 3209 ὅσον
916 3156 965 3209 οί
996 3154 1095 3225 μὲν
1118 3156 1246 3218 τοὺς
1268 3155 1558 3224 ἑσπερίους
1585 3155 1929 3227 βαρϐάρους,

348 3246 398 3300 οἱ
443 3246 501 3302 δὲ
557 3248 687 3312 τοὺς
735 3247 925 3319 ἐῴους,
968 3249 1051 3311 είς
1097 3246 1197 3321 τὴν
1234 3247 1371 3301 ίδίαν
1396 3246 1632 3312 ἕκαστος
1669 3248 1929 3303 ἀσέϐειαν

347 3338 759 3411 προσηγάγετο.

417 3453 543 3508 ΚΔ’.
580 3452 773 3524 Μικρά
812 3470 895 3506 σοι
925 3453 1138 3508 ταῦτα’
1173 3454 1238 3507 σὺ
1273 3452 1331 3507 δέ
1377 3470 1468 3524 μοι
1500 3453 1787 3525 προστίθει
1830 3453 1927 3507 καὶ⁸

2058 1065 2188 1112 sunt
2210 1056 2419 1127 judicia
2443 1057 2565 1113 Dei.

2126 1170 2268 1227 XXI.
2301 1173 2533 1243 Propter
2576 1173 2693 1229 haec
2736 1183 2789 1229 te
2840 1174 3073 1245 diligunt
3103 1176 3327 1240 ,mise’r,
3369 1178 3463 1246 qui
3507 1185 3636 1232 sunt

2055 1272 2165 1318 tua:
2195 1274 2393 1319 sectae:
2422 1265 2527 1318 hoc
2556 1274 2610 1319 tu
2651 1264 2761 1319 illis
2802 1264 3160 1334 pharmacum
3190 1265 3258 1320 ad
3280 1266 3632 1321 eximendum

2056 1356 2310 1411 timorem
2336 1356 2432 1411 Dei
2458 1355 2762 1420 confecisti,
2790 1372 2923 1411 vere
2952 1370 3196 1413 amarum
3227 1369 3282 1413 et
3332 1359 3631 1430 lugendum

2053 1448 2434 1518 pltarmacum.
2494 1449 2619 1504 Ilaec
2665 1450 2771 1505 fuit
2814 1451 3069 1506 Eunomii
3128 1453 3403 1523 impietas,
3466 1470 3630 1523 quam

2052 1541 2299 1597 imitatus
2335 1557 2414 1606 es,
2447 1542 2516 1597 de
2565 1557 2675 1613 quo
2711 1559 2834 1613 quae
2874 1544 3223 1609 dicebantur,
3280 1546 3630 1602 incredibilia

2050 1644 2229 1701 erant,
2257 1638 2431 1693 donec
2466 1637 2697 1707 (utinam
2738 1640 3040 1709 nunquam)
3108 1640 3225 1695 haec
3255 1640 3492 1695 inlibris
3520 1640 3631 1695 tuis

2048 1731 2227 1800 posita
2263 1739 2411 1785 sunt.
2448 1731 2517 1785 Et
2557 1729 2909 1795 Eunomium,
2967 1730 3061 1800 qui
3090 1730 3445 1801 praecipiebat
3496 1730 3628 1785 dare

2048 1824 2228 1880 locum
2254 1824 2621 1894 passionibus,
2644 1831 2700 1879 et
2719 1839 2829 1879 non
2850 1824 3112 1880 exhibere
3132 1824 3411 1881 molestias
3433 1826 3623 1890 menti,

1973 1939 2015 1996 Β
2048 1916 2298 1972 doctrina
2330 1925 2421 1970 tua
2453 1916 2752 1986 superavit.

2117 2031 2283 2085 XXII.
2322 2030 2472 2085 Tuus
2502 2030 2807 2101 discipulus
2831 2030 2937 2085 fuit
2964 2031 3275 2094 Barsumas,
3313 2032 3406 2102 qui
3439 2033 3623 2087 Persi-

2044 2125 2169 2181 dem
2209 2138 2376 2195 prave
2400 2123 2726 2193 gubernavit
2773 2122 3122 2194 dogmatibus
3178 2124 3287 2178 tuis
3331 2124 3531 2193 impiis,
3566 2133 3623 2179 et

2042 2216 2257 2271 sublata
2280 2215 2591 2270 differentia
2612 2215 2666 2270 in
2686 2215 2801 2271 vita
2831 2214 3075 2285 degenda
3099 2232 3114 2280 ;
3146 2215 3240 2285 qui
3269 2216 3444 2286 legem
3471 2217 3618 2281 tulit,

2040 2313 2102 2360 ut
2124 2306 2310 2361 nullus
2335 2321 2403 2360 ex
2441 2306 2612 2369 clero,
2645 2320 2826 2374 neque
2862 2305 3056 2371 laicus,
3082 2305 3385 2361 abstineret
3416 2323 3445 2360 a
3477 2307 3620 2361 lecta

2038 2411 2150 2451 non
2198 2396 2461 2468 legitimo,
2521 2410 2702 2471 neque
2750 2410 2781 2450 a
2832 2394 3177 2465 polygamiis,
3207 2395 3260 2449 id
3303 2404 3408 2461 est,
3431 2398 3621 2453 multis

2038 2489 2341 2561 coniugiis;
2372 2487 2672 2543 ebrietates
2715 2487 2863 2543 enim
2917 2497 2974 2542 et
3016 2487 3443 2543 comessationes
3473 2487 3618 2544 dona

2037 2582 2135 2636 Dei
2159 2597 2281 2637 esse
2306 2580 2673 2636 existimabat.

2105 2693 2298 2748 XXIII.
2335 2693 2535 2748 Libros
2555 2702 2680 2749 tuos
2712 2694 2748 2748 ii
2779 2693 2873 2763 qui
2902 2702 3007 2748 tuae
3033 2706 3195 2750 secta
3224 2702 3373 2761 sunt,
3418 2695 3473 2748 in
3497 2711 3617 2751 ser-

2038 2801 2258 2841 monem
2291 2785 2647 2841 Chaldaicum
2699 2795 2753 2840 et
2780 2786 3134 2840 Armenicum
3163 2794 3479 2851 verterunt;
3518 2787 3615 2857 qui

2037 2877 2287 2932 haeresim
2323 2875 2517 2931 haeresi
2542 2875 2741 2931 Ariana
2771 2877 3013 2946 pejorem
3063 2892 3125 2931 ac
3170 2877 3342 2947 magis
3391 2874 3615 2947 impiam

2036 2966 2292 3038 gentibus
2319 2965 2679 3021 tradiderunt.
2719 2964 3001 3033 Siquidem
3025 2964 3130 3019 hoc
3154 2965 3355 3019 imitari
3388 2965 3615 3021 studue-

2034 3068 2165 3112 runt
2199 3056 2406 3122 Ariani,
2457 3056 2565 3111 nisi
2596 3055 2741 3125 quod
2772 3056 2829 3109 hi
2865 3055 3131 3110 barbaros
3153 3055 3487 3118 Occidentis,
3530 3055 3610 3109 illi

2032 3156 2224 3218 gentes
2251 3147 2512 3213 Orientis,
2561 3147 2780 3217 utrique
2813 3146 2882 3201 ad
2931 3162 3086 3202 suam
3136 3146 3475 3216 impietatem
3517 3146 3614 3201 ad-

2032 3240 2329 3295 duxerunt.

2098 3463 2288 3519 XXIV.
2338 3463 2511 3518 Parva
2551 3460 2688 3515 haec.
2733 3459 2819 3514 Tu
2862 3472 2996 3513 vero
3036 3456 3177 3513 adde
3222 3455 3379 3518 mihi,
3421 3454 3608 3509 fictum

343 3544 445 3616 τὴν
493 3543 889 3618 πεπλασμένην
919 3547 1093 3616 Ἀδὰμ
1139 3549 1479 3619 παράϐασιν,
1506 3550 1572 3621 ἢν
1627 3548 1734 3603 ὑπὸ
1788 3547 1925 3602 Θεοῦ

2043 3571 2149 3611 asse
2176 3562 2462 3623 peccatum
2486 3551 2635 3615 Adae,
2662 3549 2829 3621 idque
2851 3549 2965 3604 Deo
2986 3556 3232 3610 auctore,
3260 3555 3321 3601 ut
3335 3544 3606 3615 judicium

343 3636 524 3693 λαϐὼν
555 3638 779 3705 ἔπαθεν,
804 3639 890 3693 ῐνα
917 3640 1144 3712 γένηται
1180 3641 1386 3713 κόσμος
1417 3641 1564 3713 αὑτῷ
1586 3638 1925 3711 εὐπροφάσι-

2047 3646 2431 3715 niquissimum
2461 3644 2517 3697 in
2542 3642 2712 3697 Adam
2744 3641 2838 3712 qui
2884 3656 2996 3695 non
3044 3645 3347 3709 peccasset,
3381 3635 3475 3691 sed
3511 3651 3608 3705 per

345 3746 471 3784 στον
496 3729 674 3802 ἀρχὴν
703 3730 866 3802 ἔχων,
905 3732 1005 3803 τὴν
1033 3732 1129 3786 τοῦ
1160 3733 1235 3804 μὴ
1257 3733 1643 3805 ἡμαρτηκότος
1673 3733 1791 3804 μὲν,
1833 3751 1924 3786 σε-

2043 3739 2356 3795 :alumniam
2401 3737 2691 3791 damnatus
2716 3734 2928 3797 fuisset,
2964 3741 3021 3788 et
3044 3731 3302 3787 exsilium
3326 3729 3377 3783 ei
3414 3728 3607 3782 decre-

344 3824 831 3895 συκοφαντημένου
875 3824 953 3890 δὲ,
1012 3825 1357 3895 ἀδικωτάτην
1389 3828 1483 3880 καὶ
1516 3826 1673 3896 δίκην
1706 3828 1799 3880 καὶ
1834 3827 1922 3892 ἐξ·

2043 3847 2164 3894 um,
2214 3831 2363 3901 justa
2407 3837 2461 3883 et
2500 3825 2802 3897 probabilis
2848 3839 3012 3880 causa
3068 3819 3380 3877 redimendi
3437 3834 3603 3872 mun-

339 3917 519 3988 ορίαν.
544 3918 620 3972 οὐ
636 3918 745 3989 γὰρ
757 3919 963 3989 ταύτης
978 3937 1062 3972 σοι
1082 3919 1269 3973 ἕνεκεν
1289 3921 1389 3991 τῆς
1407 3920 1518 3973 τῶν
1536 3920 1723 3974 κακῶν
1743 3920 1917 3990 ῥίζης,

2043 3924 2153 3979 lum
2184 3922 2398 3979 flerent.
2430 3924 2509 3975 An
2532 3936 2641 3974 non
2662 3926 2885 3989 prepter
2907 3916 3048 3971 hanc
3068 3914 3306 3968 radicem
3330 3912 3600 3966 malorum

341 4011 554 4081 καὶτῆς
574 4010 773 4078 λοιπῆς
794 4010 937 4064 κατὰ
963 4011 1022 4064 τὸ
1052 4011 1181 4082 ἑξῆς
1204 4011 1313 4066 τῶν
1340 4012 1646 4084 ἀνθρώπων
1663 4012 1920 4078 ἀσεϐείας

2043 4030 2075 4075 ει
2105 4019 2330 4088 reliquae
2366 4014 2627 4084 deinceps
2669 4008 2966 4081 impietatis
3013 4005 3298 4060 hominum
3345 4001 3605 4057 Christus

336 4103 432 4159 καὶ
483 4104 753 4175 πονηρίας
798 4106 827 4157 ό
883 4104 1123 4176 Χριστὸς
1173 4100 1330 4175 ἦλθε,
1383 4106 1444 4158 τδ
1499 4106 1917 4177 πεπλανημένον

2043 4110 2190 4172 νοηίι,
2225 4115 2287 4162 ιιι
2344 4104 2517 4161 Adam
2573 4117 2754 4165 ovem,
2806 4115 2836 4154 a
2884 4109 3211 4166 compascuo
3244 4101 3464 4147 centum
3496 4090 3600 4144 ab-

334 4197 607 4269 πρόϐατον
642 4196 737 4251 τὸν
784 4197 977 4268 Ἀδὰμ,
1007 4197 1107 4267 τῆς
1153 4197 1262 4251 τῶν
1322 4199 1514 4252 ἑκατὸν
1566 4198 1915 4254 ἀποσπασθὲν

2043 4199 2273 4262 luctam,
2341 4206 2399 4253 et
2445 4196 2792 4251 aberrantem
2847 4199 3109 4261 tanquam
3170 4188 3350 4242 bonus
3409 4192 3604 4254 pastor

334 4290 625 4362 συννομῆς,
644 4290 723 4353 ὡς
746 4289 911 4354 καλὸς
934 4289 1108 4343 σῶσαι
1137 4290 1233 4343 καὶ
1263 4290 1589 4362 ἐπιπρέψαι
1615 4291 1838 4362 ποιμήν.
2011 4291 2292 4350 Salvarcl?

399 4404 533 4458 κεν.
565 4402 833 4473 Πρόσθες,
868 4404 919 4457 εί
957 4402 1160 4474 βούλει,
1185 4402 1283 4458 καὶ
1329 4405 1454 4469 τοὺς
1493 4404 1572 4474 τῷ
1610 4405 1787 4476 σκότῳ
1832 4407 1911 4478 τῷ

2083 4407 2250 4463 XXV.
2286 4405 2463 4469 Adde,
2494 4404 2539 4459 si
2571 4404 2674 4469 vis,
2725 4400 2946 4471 angelos
2991 4413 3100 4452 una
3144 4411 3268 4451 cum
3298 4393 3409 4448 tuis
3440 4400 3593 4446 tene-

332 4493 411 4567 σῷ
472 4494 1082 4566 συνδημιουργηθέντας
1128 4496 1436 4564 ἀγγέλους⁹
1473 4498 1534 4550 οὐ
1594 4497 1705 4570 γὰρ
1757 4497 1909 4563 ἀξιό-

2043 4503 2129 4557 iris
2164 4509 2416 4556 creatos:
2466 4512 2578 4552 non
2629 4495 2775 4550 enim
2826 4493 2928 4547 fuit
2958 4490 3102 4561 apud
3152 4498 3207 4543 te
3257 4486 3492 4541 idoneus
3537 4494 3594 4538 et

329 4588 507 4660 χρεώς
554 4605 635 4641 σοι
675 4587 777 4656 τῆς
815 4587 997 4642 αὐτῶν
1025 4588 1246 4658 φύσεως
1277 4588 1553 4661 ἐξηγητὴς
1581 4592 1610 4645 ὁ
1651 4591 1907 4661 ἱεροψάλ-

2045 4592 2339 4649 uctoritate
2376 4589 2577 4659 dignus
2622 4600 2777 4641 sacer
2807 4590 3095 4638 enarrator
3140 4586 3350 4633 natura:
3394 4587 3593 4629 eorum

326 4699 429 4755 της
459 4682 595 4754 πρὸς
617 4682 711 4736 τὺν
739 4680 873 4734 Θεδν
904 4683 965 4735 ὲν
984 4681 1258 4751 πνεύματι
1287 4684 1385 4754 τὴν
1408 4683 1579 4755 λύραν
1609 4685 1908 4757 ἀνακρουό-
1939 4737 1941 4747 ,

2043 4684 2202 4749 »τινἱῲ
2230 4683 2324 4753 qui
2359 4682 2414 4735 in
2441 4680 2538 4735 Dei
2568 4678 2785 4732 laudem
2818 4675 3018 4729 fidibus
3048 4673 3099 4726 in
3124 4670 3320 4741 spiritu
3346 4668 3402 4722 in
3442 4667 3592 4721 Psal-

342 4734 426 4755 ημ
485 4734 592 4754 -.κη
634 4734 669 4736 ρ
914 4734 920 4735 κ
1176 4734 1185 4736 ρ
1220 4734 1254 4737 μ
1303 4734 1373 4754 ην
1612 4734 1874 4757 μην-τη-
1939 4737 1941 4747 .

332 4791 513 4845 μενος,
554 4775 617 4828 '0
645 4772 832 4828 ποιῶν
854 4775 999 4840 τοὺς
1024 4775 1320 4845 ἀγγέλους
1345 4776 1533 4831 αὐτοῦ
1572 4779 1900 4847 πνεύματα,
1940 4776 1941 4783 “

2043 4777 2115 4830 nis
2136 4734 2341 4828 canens
2372 4789 2386 4824 :
2421 4768 2521 4836 Qui
2548 4769 2696 4839 facit,
2727 4765 2926 4835 inquit,
2956 4761 3168 4833 angelos
3199 4776 3320 4814 suos
3348 4759 3594 4829 spiritus,

328 4865 426 4919 καί
479 4864 624 4931 τοὺς
672 4864 1067 4936 λειτουργοὺς
1112 4867 1303 4921 αὐτοῦ
1336 4868 1528 4937 πυρὸς
1577 4871 1797 4940 φλόγα.
1829 4871 1902 4924 Τὸ

2043 4879 2061 4924 t
2098 4868 2364 4923 ministros
2399 4881 2519 4919 suos
2548 4866 2825 4935 flammam
2856 4860 2991 4930 ignis
3011 4858 3076 4911 ⁸⁷.
3123 4854 3279 4922 Quod
3304 4854 3451 4907 enim
3487 4852 3595 4916 ait,

326 4956 435 5030 γάρ
464 4956 653 5011 ποιῶν
688 4955 785 5010 τοῦ
815 4956 1113 5021 ἐνεστῶτος
1166 4958 1362 5030 χρόνου
1414 4959 1473 5012 ὂν
1535 4963 1779 5032 σημεῖον,
1811 4960 1901 5015 τὸν

2043 4970 2174 5027 reat,
2221 4957 2507 5030 pmsentis
2537 4954 2800 5024 temporis
2823 4960 2925 5015 est,
2961 4949 3106 5020 quod
3146 4946 3368 5018 propria
3407 4944 3593 5012 Scrip-

328 5047 744 5117 παρεληλυθότα
783 5047 1048 5119 Γραφικῷ
1080 5048 1350 5126 φίδιώματι
1378 5050 1549 5121 δηλοῖ,
1581 5050 1656 5114 ὡς
1686 5051 1892 5115 εὐθέως

2043 5070 2144 5109 arae
2192 5059 2393 5108 sanctae
2430 5047 2829 5105 consuetudine
2862 5044 3199 5116 praeteritum
3252 5049 3470 5109 tempus
3514 5037 3589 5091 si-

327 5154 390 5205 γε
403 5138 627 5207 ἐπάγων
653 5140 919 5205 διδάσκει,
946 5144 979 5195 ὁ
1000 5141 1291 5212 θεμελιῶν
1316 5140 1434 5211 τὴν
1457 5142 1598 5213 γῆν,
1618 5144 1899 5198 τουτέστιν

2043 5145 2245 5205 nificat,
2302 5152 2363 5198 ut
2401 5142 2663 5197 continuo
2700 5141 2882 5203 docet,
2932 5152 3057 5192 cum
3114 5130 3436 5204 subiungit:
3483 5130 3591 5196 Qui

325 5234 357 5286 ό
382 5229 748 5301 θεμελιώσας-ο
779 5233 929 5314 οὔτε,
964 5234 1071 5307 μὴν
1100 5237 1155 5289 αἱ
1205 5236 1363 5291 άλλαι
1401 5253 1459 5290 σε
1508 5238 1620 5290 τῶν
1659 5235 1896 5308 Γραφῶν

2043 5239 2194 5293 Inda!
2243 5236 2524 5299 terram",
2561 5235 2615 5290 id
2665 5242 2768 5297 est,
2805 5234 2901 5303 qui
2938 5230 3186 5286 fundavit
3231 5248 3244 5283 :
3292 5244 3470 5298 neque
3527 5236 3589 5282 te

324 5324 748 5393 ἀγγελοφάνειαι
776 5316 1089 5382 καταίδοῢσι
1111 5372 1125 5396 ,
1160 5330 1277 5399 φῶς
1308 5347 1367 5384 τε
1413 5331 1738 5402 φαινόμεναι
1765 5372 1778 5395 ,
1800 5328 1898 5384 καὶ

2043 5335 2265 5392 novent,
2311 5342 2435 5381 cum
2485 5325 2620 5401 alias
2668 5324 2724 5379 in
2757 5321 3056 5393 Scripturis
3099 5320 3274 5390 angeli
3317 5327 3587 5389 tanquam

323 5416 612 5489 ἀστραπὰς
648 5418 1091 5477 ἁποστίλϐουσαι.

2043 5422 2209 5478 unina
2239 5425 2631 5493 apparuerunt,
2661 5425 2717 5473 et
2747 5425 2808 5471 ut
2830 5417 3040 5488 fulgura
3075 5414 3364 5485 fulgentes.
3465 5459 3472 5467 .

394 5593 440 5629 ³⁷
468 5593 612 5650 Psal.
644 5609 756 5661 cm,
791 5598 844 5655 4.
921 5598 965 5631 ³⁸
998 5599 1131 5655 ibid.
1162 5601 1215 5656 5.

398 5750 577 5828 (p)_En
611 5752 897 5828 antiquum
930 5756 1324 5828 testimonium,
1349 5757 1627 5828 quomodo
1686 5755 1927 5815 Chaldaei
1967 5766 2023 5815 ct
2082 5756 2325 5815 Armenii
2358 5758 2483 5815 facti
2519 5758 2729 5816 fuerint
2781 5760 3043 5824 haeretici,
3087 5758 3349 5817 nimirum
3390 5761 3463 5817 ob
3497 5763 3573 5819 lb-

322 5821 449 5879 bros
480 5821 761 5882 Theodori
784 5832 839 5882 et
858 5826 1300 5898 praedicationem
1314 5821 1318 5823 ’
1331 5821 1633 5886 Barsumae.
