4068 6536
463 434 591 500 1371

1734 421 2046 484 LEONTII
2082 416 2486 479 BYZ.\N'I’IN[

531 548 720 604 XXVI.
766 545 920 602 Adde
949 543 1376 600 Manichaeorum
1421 539 1680 595 tenebras
1711 535 2048 593 substantia-

2223 530 2365 598 ιιι-ζ’.
2405 525 2655 598 Πρόσθες.
2670 523 2763 579 καὶ
2789 522 2850 576 τὸ
2876 521 3203 592 Μανιχαίων
3228 519 3493 584 οὐσιῶδες
3520 521 3740 588 σκότος,

463 643 544 697 les
604 640 810 709 primas
867 647 992 693 ante
1055 633 1330 690 visibilem
1377 640 1736 697 creaturam,
1781 637 1878 684 aut
1937 643 2046 682 non

2173 623 2367 696 πρῶτόν
2405 638 2486 674 σοι
2517 619 2616 689 τῆς
2641 617 2845 688 ὁρατῆς
2880 615 3136 678 κτίσεως,
3167 613 3199 684 ἢ
3240 613 3530 684 ἀγενήτως
3593 630 3744 686 παρ-

462 740 678 786 crcatas
728 729 996 784 minutam
1052 725 1466 783 subsistentiam
1513 721 1811 786 habuisse,
1871 726 1968 773 aut
2018 734 2049 771 a

465 822 577 874 Deo
608 821 780 876 factas
807 834 952 874 esse.

541 933 753 988 XXVII.
815 932 873 986 In
927 931 1021 986 illo
1049 938 1320 1000 praeterea
1354 925 1682 996 insipienter
1724 919 2049 992 sapientiam

469 1028 688 1084 simula.
721 1025 866 1096 quod
893 1024 976 1079 ais
997 1022 1400 1078 Antichristum
1431 1019 1639 1073 diaboli
1663 1032 1774 1072 non
1799 1030 1920 1070 esse
1949 1031 2052 1084 pu-

470 1118 761 1180 niendum,
803 1115 899 1171 sed
931 1113 1422 1183 corrumpendum.
1472 1120 1529 1165 et
1559 1111 1614 1163 in
1644 1108 1877 1163 nihilum
1909 1106 2055 1161 redi—

473 1221 660 1265 turum
685 1226 700 1274 ;
735 1217 794 1262 ut
816 1213 999 1262 manet
1021 1205 1090 1260 ad
1115 1205 1325 1259 animas
1355 1203 1558 1257 bonum
1583 1215 1650 1254 ex
1679 1202 1846 1262 bono,
1877 1205 2056 1254 metus

473 1299 685 1354 scilicet
733 1296 851 1360 Dei,
899 1310 1064 1366 quem
1120 1292 1342 1348 aliunde
1391 1308 1500 1345 non
1538 1297 1701 1346 erant
1741 1288 2053 1344 habitune:

475 1405 585 1444 non
616 1406 682 1445 ex
708 1389 938 1460 judicio,
968 1388 1073 1442 hoc
1097 1387 1244 1442 enim
1265 1384 1535 1440 sustulisti
1561 1399 1576 1448 ;
1629 1398 1737 1436 non
1791 1398 1856 1436 ex
1887 1381 2059 1436 felici-

480 1491 588 1536 tate
621 1481 884 1546 fruenda;
925 1495 1034 1534 non
1059 1494 1126 1534 ex
1163 1476 1400 1532 naturali
1433 1485 1488 1530 et
1521 1474 1807 1529 recondito
1835 1472 2058 1529 deside-

479 1575 562 1629 rio
591 1590 719 1644 erga
746 1575 952 1638 Deum;
988 1571 1086 1627 sed
1123 1586 1192 1626 ex
1234 1569 1352 1625 solo
1380 1567 1705 1624 Antichristi
1738 1566 1794 1622 in
1823 1567 2058 1622 nihilum

479 1663 732 1719 interitu.

549 1798 786 1853 XXVIII.
849 1799 924 1854 Da
954 1797 1174 1863 deinde,
1229 1811 1340 1851 non
1373 1794 1645 1866 quidquid
1690 1804 1796 1857 est,
1844 1809 1966 1849 esse
1994 1809 2062 1848 ex

2153 717 2413 786 υποστᾷν,
2445 716 2478 786 ἢ
2514 712 2669 783 παρά
2690 708 2826 764 Θεοῦ
2867 707 3188 779 γενόμενον.

2225 915 2355 972 ΚΖ’.
2393 915 2629 968 Κάκεῖνο
2647 913 2704 968 δὲ
2736 913 2956 984 ἀσόφως
2989 912 3238 982 σοφίζου,
3284 910 3379 964 τὸν
3421 909 3518 963 τοῦ
3559 908 3749 964 διαϐό-

2155 1011 2246 1065 λου
2285 1009 2654 1078 Ἀντίχριστον
2685 1007 2759 1077 μὴ
2792 1005 3231 1077 κολασθήσεσθαι
3273 1003 3472 1071 λέγων,
3527 1003 3749 1073 φθαρή-

2159 1099 2346 1152 σεσθαι
2376 1098 2431 1152 δὲ
2463 1097 2557 1151 καὶ
2581 1098 2661 1159 είς
2690 1096 2750 1149 τὸ
2781 1096 2858 1166 μὴ
2886 1094 2948 1147 ὂν
2967 1092 3405 1164 ἀναλυθήσεσθαι
3437 1109 3452 1125 ο
3492 1093 3580 1145 ἵνα
3613 1092 3748 1163 ἔλθῃ

2159 1191 2322 1246 καλὸν
2355 1192 2419 1244 ὲκ
2470 1187 2639 1244 καλοῦ
2678 1191 2800 1252 ταῖς
2839 1187 3061 1257 ψυχαῖς,
3113 1187 3142 1240 ὁ
3203 1186 3370 1256 φόϐος
3427 1184 3524 1239 τοῦ
3583 1182 3747 1246 Θεοῦ,

2159 1283 2216 1337 ὃν
2246 1283 2347 1337 οὐκ
2386 1281 2612 1337 ἄλλοθεν
2646 1279 2873 1352 ἔμελλον
2923 1279 3111 1348 ἔχειν’
3169 1279 3204 1348 ἡ
3259 1277 3367 1348 γὰρ
3429 1276 3614 1348 κρίσις
3665 1291 3750 1327 σοι

2160 1373 2450 1445 ἀνῄρηται,
2479 1373 2578 1425 οὐκ
2607 1372 2671 1424 ὲκ
2697 1369 2796 1440 τῆς
2819 1369 2928 1422 τῶν
2954 1365 3179 1437 ἀγαθῶν
3218 1364 3598 1428 ἀπολαύσεως.
3635 1363 3750 1418 οὐδ’

2162 1468 2227 1520 ἐκ
2279 1465 2374 1520 τοῦ
2423 1463 2656 1535 φυσικοῦ
2707 1464 2800 1517 καὶ
2841 1462 3086 1534 ἀρρήτου
3137 1461 3273 1532 πρὸς
3296 1459 3430 1513 Θεὸν
3461 1457 3650 1522 πόθου,
3684 1458 3752 1510 ἐκ

2161 1557 2220 1610 δὲ
2251 1557 2423 1628 μόνης
2480 1555 2583 1626 τῆς
2615 1555 2712 1609 τοῦ
2765 1554 3146 1626 ’Δντιχρίστου
3179 1550 3483 1616 παντελοῦς
3516 1550 3748 1622 φθορός.

2164 1652 2261 1705 καὶ
2289 1653 2370 1716 είς
2403 1650 2464 1705 τὸ
2496 1650 2572 1724 μὴ
2593 1651 2654 1704 ὂν
2672 1648 3012 1714 ἀναλύσεως.

2238 1788 2377 1842 κη’.
2439 1787 2594 1842 Δίδου
2651 1787 2710 1840 δὲ
2779 1787 2878 1842 καὶ
2931 1788 3034 1855 τῆς
3089 1783 3452 1856 δημιουργίας
3504 1783 3596 1836 καὶ
3647 1783 3750 1850 τῆς

480 1891 573 1944 Dei
629 1890 907 1945 creatione
945 1898 1002 1946 et
1035 1889 1404 1960 providentia,
1462 1889 1559 1945 sed
1611 1888 1782 1942 multa
1845 1886 2062 1941 inutilia

2173 1881 2444 1954 προνοίας,
2472 1881 2572 1952 οὐχ
2599 1880 2725 1934 ὅσον
2757 1880 2907 1933 ἐστὶν
2953 1875 3092 1932 εἶναι
3137 1879 3203 1931 ὲκ
3256 1874 3418 1942 Θεοῦ,
3478 1873 3652 1927 πολλά
3691 1873 3750 1926 δὲ

479 1983 706 2038 suborta
739 1998 862 2038 esse
910 1999 978 2038 ex
1007 1981 1280 2038 accidenti
1328 1990 1386 2038 et
1426 1979 1819 2038 consecutione
1851 1994 2060 2044 rerum,

479 2087 588 2126 non
622 2071 764 2126 facta
816 2073 925 2126 Deo
964 2072 1202 2137 volente,
1245 2071 1342 2126 sed
1373 2087 1442 2127 ex
1465 2079 1663 2125 natura
1687 2085 1894 2134 rerum,
1950 2069 2064 2124 Deo

481 2179 590 2216 non
621 2163 951 2233 prohibente
978 2179 994 2216 :
1027 2162 1226 2218 lateret
1260 2177 1361 2217 nos
1387 2162 1572 2231 lapsus
1595 2160 1879 2232 temporis,
1908 2159 1952 2216 si
1979 2167 2065 2214 to-

483 2267 591 2311 tam
625 2255 956 2310 vindemiam
990 2255 1045 2310 in
1101 2264 1196 2310 tua
1243 2253 1405 2310 vinea
1463 2253 1829 2309 Sodomorum
1884 2253 2066 2309 facere

483 2348 826 2417 propositum
863 2355 1030 2402 esset.
1085 2346 1168 2400 Tu
1221 2362 1354 2401 vero
1404 2361 1516 2400 non
1547 2344 1869 2416 defatigaris
1911 2345 2066 2400 volu~

481 2447 690 2506 ptatem
735 2453 803 2493 ex
832 2439 944 2493 tuis
995 2437 1374 2508 impietatibus
1426 2437 1669 2508 capiens.
1705 2437 1749 2494 Ο
1787 2435 2066 2518 ingenium

483 2529 754 2584 malorum
794 2529 1194 2584 feracissimum
1245 2538 1301 2584 et
1335 2529 1716 2584 uherrimuml
1759 2529 1930 2583 Deum
1965 2544 2068 2598 puo

485 2630 569 2675 las
601 2636 711 2674 non
761 2635 884 2676 esse
931 2621 1136 2675 bonum
1184 2621 1462 2684 οὐσιῶδες,
1513 2619 1567 2675 id
1626 2629 1712 2676 est
1761 2619 2066 2676 secundum

484 2711 882 2777 substantiam;
918 2727 1020 2766 nec
1044 2727 1166 2767 esse
1197 2712 1376 2782 ipsum
1403 2711 1610 2776 fontem
1644 2720 1700 2766 et
1735 2711 2066 2782 principium

484 2802 667 2856 omnis
710 2802 838 2856 boni
882 2803 1169 2874 omnisque
1219 2803 1461 2865 virtutis,
1495 2803 1792 2874 omniaque
1827 2803 1970 2861 bona
2001 2819 2068 2858 ex

487 2893 607 2961 ipso
645 2893 1086 2950 subslantialiter
1116 2911 1359 2950 manare.
1393 2895 1490 2950 Dic
1514 2895 1694 2959 nobis,
1739 2894 1884 2950 unde
1914 2910 2071 2950 acce-

485 2983 567 3054 pit
602 2983 850 3039 bonum?
891 2986 1009 3056 Ipse
1044 3002 1155 3042 non
1184 2995 1289 3052 est,
1317 2987 1578 3058 opinione
1604 2996 1716 3051 tua,
1757 3003 1857 3058 per
1882 3003 1941 3042 se
1968 2987 2070 3041 bo-

2165 1969 2398 2026 καὶτῶν
2454 1969 2516 2024 ού
2563 1969 2858 2041 χρησίμων
2909 1965 3283 2038 παρεισῆχθαι
3331 1962 3753 2037 παρακολουθή-

2168 2078 2340 2132 ματα,
2381 2060 2474 2114 καὶ
2530 2059 3024 2131 παρασυμϐἀματα
3074 2057 3205 2110 ὄντα
3255 2055 3364 2110 τῶν
3426 2054 3750 2123 γεγονότων,

2165 2155 2267 2208 οὐκ
2309 2155 2373 2207 ὲκ
2417 2151 2554 2206 Θεοῦ
2601 2151 2658 2204 δὲ
2719 2150 3050 2223 βουλομένου
3092 2148 3376 2218 γινόμενα,
3409 2147 3560 2217 τῇδὲ
3590 2145 3752 2215 φύσει

2165 2246 2275 2298 τῶν
2306 2243 2652 2315 πραγμάτων
2679 2242 2929 2311 ἑπόμενα
2958 2241 3052 2294 καὶ
3081 2242 3156 2310 μὴ
3184 2237 3507 2310 κωλυόμενα
3533 2253 3547 2268 ο
3597 2235 3756 2290 λάθοι

2166 2337 2211 2390 δ’
2262 2337 2329 2390 ἂν
2377 2337 2527 2406 ἡμᾶς
2586 2333 2880 2406 παραρέων
2926 2335 2955 2386 ό
2993 2331 3205 2404 χρόνος,
3237 2330 3332 2385 τὸν
3367 2329 3490 2385 καθ’
3515 2330 3613 2384 ἕνα
3643 2328 3756 2382 τῶν

2171 2429 2294 2484 σῶν
2340 2430 2442 2500 τῆς
2491 2428 2803 2500 Σοδομηνῆς
2855 2427 3103 2499 ἀμπέλου
3166 2426 3410 2497 βοτρύων
3462 2423 3753 2497 ἀπειρολο-

2167 2522 2488 2593 γουμένους.
2518 2521 2590 2575 Σὺ
2627 2520 2672 2573 δ’
2705 2521 2768 2574 ού
2822 2519 3052 2590 κάμνεις
3107 2519 3393 2590 ἐντρυφῶν
3443 2519 3566 2581 ταῖς
3620 2519 3754 2571 ἀσε-

2169 2613 2370 2676 ϐείαις,
2395 2605 2440 2665 ὦ
2472 2611 2582 2664 τῶν
2607 2610 2797 2665 κακῶν
2823 2611 3182 2683 ποριμωτάτη
3220 2613 3404 2679 φύσις,
3437 2609 3518 2662 ὅτι
3558 2607 3634 2680 μὴ
3658 2608 3756 2662 τὸν

2169 2703 2301 2756 Θεὸν
2354 2703 2616 2765 οὐσιῶδες
2668 2698 2810 2756 εἶναι
2875 2701 3080 2770 ἀγαθὸν
3134 2701 3583 2774 ὑπολαμϐάνεις,
3640 2699 3752 2755 οὐδ’

2170 2791 2309 2850 εἶναι
2335 2796 2497 2850 αὐτὸν
2520 2796 2706 2867 πηγὴν
2740 2795 2838 2849 καὶ
2864 2795 3041 2867 ἀρχὴν
3073 2797 3277 2861 παντὸς
3325 2795 3492 2850 καλοῦ
3541 2811 3600 2848 τε
3656 2794 3756 2848 καὶ

2170 2892 2398 2960 ἀγαθοῦ,
2455 2890 2730 2954 οὑσιωδῶς
2790 2891 2929 2945 αὐτὰ
2956 2890 3320 2962 προνάουσαν.
3354 2890 3492 2945 Εἰπὲ
3513 2891 3570 2946 δὲ
3593 2891 3754 2960 ἡμῖν,

2173 2983 2336 3037 πόθεν
2366 2983 2516 3054 αὐτῷ
2575 2983 2908 3054 πεπόρισται
2963 2981 3025 3035 τὸ
3083 2982 3294 3044 καλὸνς
3352 2983 3415 3036 οὐ
3473 2981 3584 3053 γάρ
3634 2981 3752 3036 ἐστι

486 3092 616 3130 num
651 3095 664 3130 :
719 3087 774 3132 et
815 3093 938 3148 qua:
985 3079 1148 3150 hujus
1199 3079 1328 3134 boni
1369 3079 1544 3150 origo.
1586 3087 1643 3133 et
1685 3079 2071 3148 principium?

2173 3078 2316 3132 κατά
2353 3077 2414 3131 σε
2445 3076 2578 3131 αὐτὸ
2606 3077 2772 3131 καλόν
2801 3092 2816 3107 ·
2849 3077 2944 3130 καὶ
2972 3075 3058 3139 τίς
3087 3077 3121 3146 ὴ
3163 3075 3357 3130 τούτου
3409 3077 3554 3148 ἀρχή
3585 3093 3601 3142 ;
3644 3075 3753 3129 Δύ-

487 3167 657 3226 Nihil.
693 3177 786 3223 aut
818 3186 1011 3240 parum
1051 3171 1182 3226 abes
1211 3188 1240 3226 a
1271 3171 1743 3242 magniloquentia
1780 3171 2071 3227 Marcionis

2173 3168 2260 3230 τὸς
2291 3167 2478 3238 δ’ἄρα
2512 3167 2576 3221 σὺ
2630 3165 2742 3219 τῶν
2797 3165 3058 3220 τοιούτων
3110 3165 3299 3218 κακῶν
3347 3165 3534 3230 πέλεις
3585 3165 3775 3246 ἀρχὴ,-

485 3266 542 3312 et
568 3260 966 3330 principiorum
999 3263 1139 3332 ejus.

2175 3259 2272 3328 τῆς
2305 3257 2835 3330 μεγαλορημοσύνης
2871 3256 3216 3331 Μαρκίωνος,
3259 3259 3353 3312 καὶ
3395 3258 3503 3312 τῶν
3559 3258 3753 3312 τούτου

559 3477 754 3533 XXIX.
784 3478 1008 3534 Accedit
1033 3480 1145 3550 jam
1172 3489 1358 3535 nostra
1380 3481 1559 3535 oratio
1599 3480 1669 3535 ad
1713 3480 1892 3551 ipsum
1917 3497 2070 3535 sum-

490 3588 638 3627 mum
668 3572 945 3642 fastigium
978 3580 1195 3627 tuarum
1231 3574 1595 3643 impietatum.
1651 3574 1806 3631 Unde
1841 3574 1939 3629 tibi
1987 3573 2070 3630 ef-

488 3666 667 3720 fectus
695 3673 782 3735 est
803 3665 970 3721 homo
1010 3665 1079 3720 ad
1123 3665 1410 3722 Trinitatis
1457 3665 1843 3737 aequationem,
1892 3675 1954 3722 ut
2001 3666 2074 3722 sit

491 3757 657 3828 hujus
675 3757 978 3811 animatum
1007 3757 1236 3817 idolum.
1267 3758 1395 3812 vita:
1424 3757 1651 3812 infinitae
1675 3759 1920 3812 omnium
1951 3775 2074 3830 quae

489 3858 639 3914 sunt,
655 3849 1028 3920 adaequatum.
1049 3849 1194 3921 quod
1229 3849 1482 3917 exhibes,
1497 3859 1558 3904 ut
1584 3866 1686 3921 pro
1705 3851 1972 3908 Trinitate
2003 3853 2072 3908 ab

489 3941 640 3997 omni
694 3952 948 3998 creatura
1000 3943 1202 3998 visibili
1257 3953 1450 3999 etnon
1479 3942 1685 3998 visibili
1737 3960 1884 4000 nunc
1915 3954 1973 4000 et
2015 3947 2071 4000 in

489 4043 774 4104 posterum
819 4035 1077 4090 colatur?
1134 4035 1326 4104 Neque
1385 4036 1472 4090 lex
1523 4035 1723 4108 Moysis
1752 4037 1848 4091 tibi
1900 4036 2075 4093 suasit

490 4142 616 4180 cum
651 4126 815 4196 jussit
869 4126 1160 4180 Dominum
1211 4127 1383 4182 Deum
1426 4127 1608 4182 colere
1653 4136 1713 4180 et
1739 4127 1790 4182 ei
1825 4127 1924 4183 soli
1959 4143 2074 4183 scr-

490 4217 654 4272 vire?
681 4217 868 4287 Neque
901 4217 1170 4284 Salvator,
1198 4217 1293 4288 qui
1325 4217 1431 4273 hoc
1459 4218 1692 4273 tentanti
1724 4218 1968 4290 objeeit?

565 4437 734 4492 XXX.
785 4437 866 4494 Tu
902 4453 1056 4502 vero,
1110 4446 1172 4494 ut
1197 4437 1332 4503 dixi,
1368 4437 1528 4510 lingis
1560 4447 1805 4494 creatum
1855 4455 1977 4496 esse
2006 4441 2078 4496 ab

494 4532 614 4602 ipsa
643 4530 912 4586 Trinitate
942 4531 1174 4585 alterum
1209 4531 1512 4584 animatum
1557 4529 1764 4585 idolum
1792 4529 2074 4588 Christum

495 4633 650 4680 tuum
678 4641 692 4678 :
733 4623 905 4694 ipsam
932 4624 1257 4679 Trinitatem
1280 4622 1658 4687 calumniaris,
1691 4623 1848 4694 quasi
1881 4624 2076 4680 det-cat
2111 4603 2150 4657 θ

495 4718 679 4772 colere
705 4726 1038 4773 creaturam.
1073 4715 1229 4783 Quod
1281 4715 1421 4772 nihil
1466 4716 1656 4772 dili‘ert
1684 4733 1716 4771 a
1747 4725 1934 4774 vetere
1980 4733 2073 4772 er-

496 4825 644 4876 rore,
691 4825 802 4880 quo
859 4810 1023 4864 homo
1070 4825 1100 4862 a
1130 4810 1244 4864 Deo
1289 4808 1516 4872 excidit,
1568 4817 1626 4865 et
1670 4817 1937 4865 creatura:
1970 4825 2074 4880 pro

494 4901 758 4957 Creatore
791 4901 1039 4957 servivit.
1070 4901 1185 4957 Nisi
1207 4900 1516 4972 graviorem
1549 4901 1697 4956 hunc
1727 4916 1974 4957 errorem
2007 4902 2075 4957 il-

495 4994 550 5049 lo
577 5003 760 5049 vetere
806 4993 1042 5047 moliris.
1076 4993 1194 5048 Non
1223 4993 1374 5048 enim
1419 4992 1605 5058 doces,
1656 5002 1714 5047 ut
1760 4993 2078 5050 hominibus

497 5085 675 5140 solum
704 5084 810 5140 hoc
833 5083 1070 5148 eveniat,
1103 5084 1200 5140 sed
1237 5094 1360 5154 post
1383 5085 1706 5142 Trinitatem
1739 5087 1890 5141 omni
1923 5103 2079 5143 crea-

498 5191 638 5230 turze
685 5193 717 5231 a
767 5175 1035 5231 Trinitate
1074 5186 1292 5235 creatae.
1345 5177 1463 5232 Non
1510 5177 1659 5233 enim
1709 5178 1821 5232 Deo
1867 5178 2076 5232 homini

499 5270 643 5324 facto
673 5269 858 5332 doces,
894 5269 988 5324 sed
1033 5268 1243 5324 homini
1271 5270 1638 5339 appellatione
1674 5270 1771 5324 Dei
1810 5271 2079 5324 honorato

500 5362 710 5416 cultum
745 5361 799 5416 in
832 5371 1099 5418 aeternum
1143 5361 1432 5420 adbibere.
1485 5361 1529 5418 Ο
1561 5371 1612 5417 te
1638 5377 1946 5432 prmconem
1982 5362 2082 5417 ho-

501 5469 622 5508 rum
645 5455 912 5508 malorum
936 5455 1379 5526 evangeliorum!
1415 5454 1684 5509 Prazdicas
1729 5452 2080 5508 referendum

501 5561 622 5600 esse
647 5545 851 5599 cultum
878 5545 945 5601 ad
974 5545 1256 5602 Christum
1314 5555 1489 5610 tuum,
1525 5545 1672 5616 quod
1724 5544 1954 5615 perinde
1998 5554 2082 5602 est

506 5646 566 5692 ut
593 5637 636 5692 si
664 5639 926 5708 praedices
962 5639 1169 5694 cultum
1199 5640 1294 5710 qui
1327 5638 1600 5692 referetur
1631 5638 1699 5692 ad
1731 5636 2079 5707 Trinitatem,

505 5727 855 5784 rcIerendum
878 5745 999 5785 esse
1017 5730 1255 5800 exempli
1285 5744 1447 5784 causa
1479 5728 1547 5784 ad
1581 5745 1786 5800 regem.
1819 5729 2083 5786 Libenter

501 5828 684 5874 autem
729 5819 1098 5890 percontabor
1149 5828 1236 5886 le,
1287 5818 1586 5890 quomodo,
1622 5829 1716 5875 aut
1753 5834 1917 5892 quem
1965 5819 2081 5890 ipse

2172 3352 2357 3423 ἀρχῶν
2381 3351 2539 3405 οὐδέν
2568 3368 2621 3405 τι
2651 3351 2684 3423 ἢ
2719 3350 2918 3422 μικρὸν
2951 3350 3220 3405 ἀποδέων.

2243 3482 2374 3538 ΚΘ.
2411 3481 2579 3536 Ἤκει
2603 3481 2647 3534 δ’
2677 3481 2811 3552 ἡμῖν
2837 3481 2868 3534 ό
2907 3480 3065 3549 λόγος
3123 3481 3210 3535 ἐπ’
3259 3481 3422 3536 αὑτὸν
3475 3482 3566 3536 τδν
3603 3483 3758 3536 κολο-

2173 3574 2325 3645 φῶνα
2363 3572 2476 3627 τῶν
2519 3574 2629 3627 σῶν
2673 3573 3062 3643 ἀσεϐημάτων.
3112 3572 3292 3628 Πόθεν
3332 3591 3416 3627 σοι
3444 3573 3758 3629 πέπλασται

2171 3669 2200 3720 ὁ
2237 3669 2318 3731 είς
2353 3666 2640 3734 ἀντίδειξιν
2672 3668 2771 3737 τῆς
2805 3666 3038 3738 Τριάδος
3090 3666 3384 3737 γενόμενος
3445 3665 3758 3737 ἄνθρωπος,

2174 3757 2241 3810 ἵν’
2335 3760 2542 3828 ταύτης
2577 3757 2824 3828 ἔμψυχον
2853 3757 3094 3822 εἴδωλον,
3122 3760 3188 3827 τῇ
3213 3757 3428 3828 ἀπείρῳ
3451 3758 3559 3811 τῶν
3583 3757 3760 3812 όντων

2175 3849 2286 3919 ζωῇ
2320 3850 2864 3921 παραμετροῦμενον,
2899 3848 2958 3902 ὃν
3003 3850 3126 3902 ἀντὶ
3156 3849 3257 3918 τῆς
3303 3849 3535 3920 Τριάδος
3583 3867 3760 3920 προση

2176 3943 2456 3998 κυνεῐσθαι
2509 3942 2690 4010 δίδως,
2739 3942 2845 3996 ὑπὸ
2869 3942 3053 4011 πάσης
3083 3942 3288 4012 ὁρατῆς
3317 3959 3378 3996 τε
3407 3943 3502 3996 καὶ
3523 3943 3761 4012 ἀοράτου

2175 4037 2406 4100 κτίσεως
2439 4035 2534 4091 νῦν
2559 4053 2619 4089 τε
2668 4035 2766 4090 καὶ
2815 4033 3090 4106 ὕστερον;
3135 4034 3258 4088 Οὐδ’
3315 4034 3350 4106 ἡ
3407 4033 3649 4097 Μωσέως
3698 4050 3761 4088 σε

2177 4129 2443 4182 πέπεικεν
2496 4127 2810 4197 νομοθεσία,
2861 4127 3068 4198 Κύριον
3101 4127 3194 4181 τὸν
3236 4127 3371 4181 Θεὸν
3400 4129 3765 4198 προσκυνεῖν,

2176 4220 2269 4274 καὶ
2320 4218 2470 4289 αὐτῷ
2525 4219 2672 4291 μόνῳ
2709 4219 3021 4290 λατρεύειν,
3079 4219 3589 4292 νομοθετήσαντος;
3649 4219 3764 4273 οὐδ’

2176 4311 2336 4375 αὐτὸς
2362 4313 2390 4364 ὁ
2419 4311 2611 4382 Σωτὴρ
2639 4310 2796 4364 τοῦτο
2826 4309 2903 4382 τῷ
2943 4309 3260 4382 πειράζοντι
3293 4311 3761 4385 προϐαλλόμενος

2244 4445 2324 4498 A'.
2355 4444 2426 4497 Σὺ
2446 4443 2511 4508 δ’,
2541 4443 2617 4508 ὡς
2646 4443 2808 4514 ἔφην,
2849 4445 2943 4498 ὑπ’
2974 4445 3147 4516 αὐτῆς
3187 4448 3288 4516 τῆς
3315 4446 3547 4514 Τριάδος
3572 4445 3765 4516 ἔτερόν

2177 4550 2230 4590 τι
2283 4535 2528 4608 ἔμψυχον
2581 4536 2800 4590 είδωλον
2843 4537 2936 4591 τὸν
2983 4538 3223 4610 Χριστὸν
3259 4537 3766 4609 δεδημιουργῆσθαι

2179 4625 2412 4699 πλάττῃ,
2449 4628 2979 4700 κτισματολατρείαν
3041 4630 3212 4700 αὐτὴν
3265 4629 3542 4684 διδάσκειν
3603 4646 3768 4684 συκο-

2180 4717 2397 4789 φαντῶν
2432 4734 2447 4748 ⁸
2479 4719 2635 4773 οὐδὲν
2665 4720 2764 4790 δίει
2793 4723 2869 4793 μὴ
2889 4721 2995 4792 σῆς
3024 4723 3263 4787 παλαιᾶς
3295 4723 3525 4793 πλάνης,
3543 4722 3667 4776 καθ’
3697 4724 3765 4794 ἢν

2181 4809 2529 4881 ὲξολισθῆσαι
2580 4812 2674 4866 τοῦ
2726 4811 2865 4866 Θεοῦ
2925 4814 3126 4886 συνέϐη
3174 4814 3267 4868 τὸν
3321 4813 3632 4885 ἄνθρωπον,
3668 4816 3766 4869 καὶ

2180 4899 2465 4954 δουλεῦσαι
2495 4903 2560 4971 τῇ
2588 4901 2766 4956 κτίσει
2788 4902 2941 4973 παρά
2969 4902 3060 4956 τὸν
3087 4903 3391 4958 Κτίσαντα.
3437 4904 3499 4956 El
3535 4905 3615 4974 μὴ
3668 4905 3768 4957 καὶ

2186 4991 2422 5064 μάλιστα
2471 4994 2860 5066 χαλεπωτέραν
2891 4996 3110 5066 ἐκείνης
3163 4997 3369 5068 ταύτην
3419 4997 3768 5051 κατασκευά-

2183 5087 2337 5151 ζεις·
2374 5087 2434 5140 οὐ
2489 5087 2600 5155 γὰρ
2653 5087 2981 5159 ἀνθρώπους
3061 5089 3194 5143 αὐτὸ
3257 5091 3420 5159 μόνον
3475 5088 3767 5144 πείσεσθαι

2183 5177 2479 5241 διδάσκεις,
2525 5177 2663 5233 ἀλλά
2714 5180 2896 5234 πᾶσαν
2939 5179 3041 5250 τὴν
3097 5179 3237 5250 μετὰ
3268 5181 3368 5252 τὴν
3418 5180 3630 5250 Τριάδα
3660 5179 3768 5234 ὑπὸ

2183 5271 2282 5341 τῆς
2310 5269 2540 5341 Τριάδος
2561 5271 2936 5343 γεγενημένην
2957 5271 3158 5326 κτίσιν.
3204 5273 3280 5326 Οὐ
3337 5272 3448 5343 γὰρ
3504 5271 3625 5343 Θεῷ
3666 5272 3767 5326 ἀν-

2186 5361 2393 5432 θρώπῳ
2435 5363 2738 5434 γενομένῳ,
2774 5362 2914 5416 ἀλλά
2946 5362 3223 5435 ἀνθρώπῳ
3252 5363 3389 5416 Θεοῦ
3421 5363 3770 5435 προσηγορίᾳ

2185 5451 2536 5522 τετιμημένῳ
2570 5453 2650 5514 εἰς
2675 5452 2878 5515 αἰῶνας
2915 5452 3224 5525 λατρεύειν,
3253 5447 3300 5506 ὧ
3335 5453 3444 5506 τῶν
3478 5452 3665 5506 κακῶν
3698 5454 3766 5505 σὺ

2186 5543 2391 5598 τούτων
2414 5543 2761 5613 Εὐαγγελίων
2785 5544 2983 5617 κῆρυξ.
3023 5543 3366 5615 διαγγέλλεις
3397 5545 3646 5616 ἀναφορᾷ
3665 5543 3768 5612 τῆς

2186 5637 2266 5698 εἰς
2287 5634 2378 5688 τὸν
2402 5634 2639 5706 Χριστόν
2686 5652 2781 5688 σου
2815 5634 2926 5688 τῶν
2972 5635 3144 5689 ὄντων
3196 5635 3473 5708 λατρείας,
3523 5633 3600 5697 ὡς
3655 5634 3770 5688 ἀπὸ

2188 5728 2396 5790 εἰκόνος
2417 5728 2500 5792 είς
2533 5726 2758 5797 βασιλέα
2786 5727 2888 5799 τῆς
2907 5728 3072 5783 αὐτοῦ
3093 5731 3280 5801 τιμῆς,
3309 5729 3401 5783 ἐπὶ
3431 5727 3531 5800 τὴν
3559 5726 3768 5797 Τριάδα

2187 5817 2552 5890 ἀναγομένης.
2589 5817 2791 5886 Ἡδέως
2823 5819 2868 5874 δ’
2913 5821 2978 5876 ἀν
3015 5837 3108 5874 σου
3156 5819 3430 5894 πυθοίμην
3487 5818 3653 5875 αὑτὸν
3697 5818 3774 5888 δὴ
