4020 6578
308 507 461 575 1373

1273 514 1441 574 ADV.
1480 510 2192 573 INCORRUPTICOLAS
2229 513 2324 574 ET
2364 514 2683 575 NESTOR.

3454 503 3476 567 i
3486 505 3587 568 374

298 625 408 679 ἐδν
460 620 720 695 Χριστὸν,
783 622 903 687 πῶς
952 623 1045 676 καὶ
1084 623 1191 676 τίνι
1217 621 1399 692 λέγεις
1423 624 1756 695 προσκυνεῖν
1790 639 1804 687 ;
1843 622 1895 674 Ei

2007 614 2262 679 Chrisl’us
2306 636 2435 680 tuus
2482 624 2779 679 adorabit?
2823 623 2879 678 Si
2915 622 3062 678 enim
3099 637 3156 677 se
3195 621 3397 692 ipsum,
3430 622 3592 676 valde

306 729 421 787 μεν
448 716 609 769 αὑτὸν
633 715 832 787 ἑαυτῷ,
865 716 1207 785 γελοιότατον
1235 733 1250 749 ο
1289 720 1335 770 εἰ
1365 716 1423 770 δὲ
1457 720 1524 788 τῇ
1568 717 1760 789 Τριάδι
1812 717 1902 770 διά

303 808 486 878 μέσου
515 808 784 871 τινόςοοῦ
816 808 926 880 7&9
958 808 1025 862 δι’
1083 810 1278 864 ἑαυτοῦ
1332 813 1360 865 ὁ
1417 813 1600 876 αὐτὸς,
1632 815 1683 866 εἰ
1743 812 1903 884 μόνος

299 899 425 951 τῶν
455 900 741 965 ἀπάντων,
765 900 922 954 τοῦτο
940 901 1111 972 γέρας
1138 901 1276 973 ἔχων
1292 904 1609 975 εὑρίσκεται
1629 906 1690 958 τὸ
1713 906 1904 975 μηδενὶ

298 988 602 1059 λατρεύειν
628 1008 642 1022 ·
684 992 808 1044 ἐπεὶ
845 992 921 1063 μὴ
954 993 1044 1046 τὸν
1078 994 1170 1046 σὺν
1232 996 1462 1068 μεσίτην
1513 997 1674 1068 μόνος
1741 997 1904 1060 αὐτὸς

305 1080 543 1152 ἔσχηκε,
579 1082 675 1135 καὶ
710 1083 795 1146 τίς
834 1085 960 1137 ἀντὶ
1000 1084 1135 1138 Θεοῦ
1176 1087 1322 1157 ὅρος,
1354 1089 1386 1157 ἢ
1418 1088 1477 1142 ὃν
1499 1091 1562 1143 σὺ
1584 1089 1659 1160 τῷ
1685 1086 1905 1159 Χριστῷ

303 1174 479 1235 δίδως
542 1174 705 1244 μόνος
764 1176 925 1228 αὐτὸν
983 1175 1317 1247 τιμώμενον,
1369 1179 1487 1233 ἀλλ’
1541 1180 1602 1233 οὐ
1654 1177 1906 1251 τιμῶντα

305 1264 556 1333 εἰσάγων
576 1264 663 1319 τὸν
691 1265 835 1320 οὕτω
863 1268 1200 1339 τιμήσαντα.

352 1447 513 1499 ’ΛΔ’.
560 1445 649 1510 Ὣς
694 1447 827 1518 ἡδύς
883 1465 969 1513 τις
998 1446 1088 1503 si!
1127 1449 1334 1520 σεμνὴν
1388 1450 1499 1521 γὰρ
1544 1450 1637 1505 καὶ
1678 1452 1905 1506 ἀστείαν

306 1537 570 1609 γέννησίν
629 1555 690 1592 τε
742 1540 838 1593 καὶ⁵
868 1541 1185 1611 ἀνατροφὴν
1216 1541 1396 1614 τούτῳ
1426 1544 1798 1615 προσπλέκεις
1828 1544 1905 1615 τῷ

308 1628 610 1701 ἀνθρώπῳ,
646 1631 741 1685 καὶ
773 1632 898 1686 ὅσον
928 1635 1304 1706 προφητικὴν,
1340 1637 1437 1689 καὶ
1472 1638 1671 1709 μικρὸν
1699 1638 1904 1710 ταύτην

308 1721 748 1792 ὑπεραίρουσαν.
818 1724 941 1777 Ὅτι
999 1724 1056 1778 δὲ
1114 1726 1254 1780 κατά
1317 1728 1633 1798 πρόγνωσιν
1691 1732 1719 1783 ό
1770 1730 1904 1795 Θεὸς

307 1812 510 1881 Λόγος,
535 1811 728 1885 γνώμῃ
758 1815 815 1867 ὲν
857 1814 996 1885 αὐτῇ
1027 1815 1127 1885 τῆς
1189 1818 1404 1888 μήτρας
1442 1817 1756 1881 διαπλάσει,
1804 1820 1905 1889 τὴν

308 1900 515 1955 ἕνωσιν
544 1902 698 1973 αὐτῷ
750 1903 1192 1974 προσκέχρηκεν,
1246 1906 1533 1974 γινώσκων
1583 1908 1749 1961 αὐτοῦ
1803 1907 1904 1979 τὴν

308 1995 447 2064 περὶ
469 1992 539 2047 τὰ
567 1994 708 2048 καλά
736 1994 996 2066 πρόθεσιν
1023 1997 1362 2053 ἀδιάπτωτον
1387 1999 1627 2056 ἔσεσθαι.

384 2084 511 2139 AB'.
560 2083 810 2153 Ἀγνοίας
860 2102 919 2139 τε
956 2086 1120 2141 αὐτὸν
1169 2088 1317 2159 ζόφῳ
1367 2089 1669 2155 καλύπτεις
1731 2091 1900 2163 μηδὲν

310 2175 709 2244 επιστάμενον,
758 2176 842 2230 ὅτι
893 2176 969 2248 μὴ
1020 2178 1157 2249 ὅπερ
1213 2180 1389 2235 ἐδόκει
1430 2181 1510 2253 τῷ
1562 2182 1686 2237 κατ’
1743 2184 1899 2248 ἀξίαν

309 2266 465 2338 αὐτῷ
493 2266 755 2338 ἡνωμένῳ
776 2266 955 2337 Λόγῳ.
992 2268 1116 2331 Πῶς
1145 2269 1221 2335 δ’;
1254 2269 1478 2339 ἀγνοίας
1506 2271 1670 2326 αὐτὸν
1698 2273 1898 2327 ἀναπεο

310 2358 628 2429 πλησμένον
649 2359 906 2425 εἰσάγων,
940 2358 1060 2429 οὐχὶ
1088 2361 1181 2412 καὶ
1206 2361 1523 2432 ἀμαρτίας;
1562 2362 1653 2428 Ἐξ
1683 2365 1898 2435 ἐκείνης

309 2452 424 2521 γὰρ
459 2449 621 2520 αὕτη,
659 2449 733 2514 ὡς
782 2448 892 2503 ἀπὸ
950 2451 1135 2520 πηγῆς
1180 2450 1425 2521 ποταμὸς
1480 2453 1816 2524 πῳχέεταισ
1860 2453 1893 2523 ἢ

308 2541 455 2611 τάχα
480 2540 581 2612 τὴν
623 2540 849 2607 ἄγνοιαν
883 2538 1033 2609 αὐτῷ
1088 2539 1305 2610 βοηθεῖν
1342 2540 1720 2611 δογματίσεις,
1773 2542 1897 2596 ἐπεὶ

310 2632 387 2697 ὡς
442 2631 515 2685 τὰ
553 2631 723 2685 πολλά
782 2631 1119 2702 συγγνώμης
1169 2630 1418 2695 ἀξιοῦται
1457 2633 1520 2684 τὸ
1560 2633 1619 2697 ἐξ
1675 2634 1895 2702 ἀγνοίας

312 2722 467 2794 παρά
501 2722 660 2792 λόγον
686 2721 1089 2793 πραττόμενον,
1123 2720 1300 2792 ἀνπερ
1368 2722 1442 2794 μὴ
1473 2722 1593 2776 λίαν
1711 2740 1896 2794 φορτι-

312 2814 429 2868 κόν.
496 2815 740 2883 Ἀγνοεῖν
786 2814 831 2866 δ’
884 2812 1047 2866 αὐτὸν
1102 2812 1285 2880 λέγεις
1330 2812 1608 2879 τοσοῦτον,
1664 2815 1745 2868 ὅτι
1801 2814 1895 2868 καὶ

312 2904 714 2976 πειραζόμενος
741 2903 842 2958 οὐκ
870 2902 1170 2971 ἐγίνωσκεν
1201 2903 1350 2966 ὅστις
1406 2905 1490 2975 είη
1530 2903 1561 2956 ὁ
1615 2901 1894 2976 πειράζων

313 2997 475 3052 αὐτόν
504 3012 519 3028 ο
559 2998 652 3050 καὶ
679 2996 779 3065 τῆς
802 2996 947 3050 κατά
965 2995 1204 3049 διάνοιαν
1235 2996 1511 3066 ἁμαρτίας
1565 2996 1674 3051 οὐδ’
1730 2997 1895 3053 αὑτὸν

314 3089 539 3161 Κύριον,
575 3088 649 3160 μὴ
677 3089 760 3142 ὃτι
790 3088 917 3152 τοὺς
945 3087 1132 3155 ἁγίους
1160 3088 1491 3161 καθαρεύειν
1516 3092 1889 3163 παραχωρεῖς,

313 3179 420 3234 οὐδ’
454 3179 731 3252 ἁμαρτίαν
759 3177 930 3250 αὐτὴν
959 3179 1209 3250 οίόμενος
1237 3174 1400 3235 εῖναι.

381 3360 504 3414 Al".
544 3358 851 3430 Ὀχλεῖσθαί
884 3375 945 3413 τε
973 3357 1137 3413 αὐτὸν
1166 3356 1331 3413 πλέον
1372 3359 1437 3413 ἐκ
1487 3357 1597 3412 τῶν
1644 3358 1890 3429 ψυχικῶν

314 3452 500 3507 παθῶν
536 3453 569 3523 ἢ
603 3452 713 3506 τῶν
743 3450 1072 3521 σωματικῶν
1117 3450 1469 3521 δογματίζειν
1525 3450 1587 3503 οὗ
1628 3452 1889 3521 φρίττεις,

317 3544 503 3615 σαφῶς
537 3544 740 3598 οὑτωσὶ
767 3542 945 3611 λέγων
972 3543 1068 3596 καὶ
1096 3541 1176 3612 τῷ
1207 3542 1481 3615 κρείττονι
1508 3541 1756 3613 λογισμῷ
1795 3542 1895 3606 τὰς

316 3640 507 3710 ἡδονάς
545 3636 848 3708 ἐχειροῦτο.

381 3732 502 3786 ΛΔ’.
531 3732 697 3792 Δίδως
746 3730 791 3783 δ’
839 3729 1003 3785 αὑτὸν
1042 3731 1107 3782 ὲκ
1144 3727 1433 3800 προκοπῆς
1483 3727 1697 3798 ἀρετῶν
1752 3728 1895 3782 κατά

320 3823 511 3894 μικρὸν
538 3866 542 3871 .
567 3819 951 3891 καθαίρεσθαι,
1011 3819 1110 3874 καὶ
1146 3817 1583 3889 ἐπιτηδειότερον
1623 3819 1893 3889 ὁσημέραι

317 3914 560 3985 γίνεσθαι
617 3912 756 3983 πρὸς
812 3911 1083 3983 ὑποδοχὴν
1138 3910 1247 3965 τῶν
1293 3910 1480 3965 θεόθεν
1503 3909 1654 3983 αὐτῷ
1690 3911 1765 3974 ὡς
1798 3912 1893 3964 ἀν-

320 4005 519 4077 θρώπῳ
548 4002 943 4075 παρεσομένων
977 4002 1219 4071 ἀγαθῶν.

384 4100 506 4153 AE‘.
553 4096 882 4165 Βαπτίςεις,
903 4095 949 4150 δ’
1001 4094 1186 4159 αὑτὸν,
1232 4094 1299 4149 ἶν’
1342 4094 1529 4149 ἔκτοτε
1566 4092 1745 4161 (οὔπω
1786 4095 1895 4165 γάρ

320 4190 602 4261 πρότερον,
628 4187 938 4250 τελειωθεὶς
963 4185 1109 4240 κατά
1134 4186 1363 4257 νομικὴν
1391 4185 1613 4259 ἀρετὴν,
1660 4186 1894 4257 Χριστὸς

321 4278 630 4351 χρηματίσῃ
651 4276 857 4338 τέλειος
901 4276 996 4329 καὶ
1044 4274 1146 4346 τῆς
1203 4274 1569 4345 εὑαγγελικῆς
1616 4274 1892 4345 ἐφάψηται

322 4370 614 4435 πολιτείας,
647 4369 742 4422 καὶ¹
780 4366 987 4437 ταύτην
1021 4366 1378 4440 ἐκπληρώσῃ.
1404 4366 1527 4430 Πῶς
1556 4366 1606 4419 δ’
1642 4366 1762 4437 οὐχὶ
1800 4366 1893 4419 καὶ

320 4463 404 4518 τὸν
435 4461 627 4535 χρόνον
651 4457 802 4531 αὑτῷ
857 4458 946 4512 διὰ
1003 4456 1165 4512 τοῦτο
1211 4458 1614 4529 συντετμῆσθαι
1668 4457 1889 4526 λέγειςς

331 4553 629 4622 Ἀποκάμοι
675 4550 784 4620 γάρ
832 4549 897 4603 ἂν
954 4547 1090 4619 πρὸς
1143 4548 1204 4600 τὸ
1255 4548 1444 4602 τούτου
1467 4549 1764 4619 διάστημα,
1797 4548 1892 4601 καὶ

2003 716 2293 770 ridiculum
2321 728 2405 771 est
2432 734 2446 779 ;
2484 717 2564 770 sin
2612 727 2797 770 autem
2830 716 3178 775 Trinitatem,
3216 729 3317 784 per
3348 712 3591 767 medium

2002 806 2281 876 aliquem;
2338 824 2445 861 non
2486 809 2635 862 enim
2685 808 2829 862 idem
2862 822 2958 876 per
2987 822 3045 861 se
3076 807 3294 877 ipsum;
3352 805 3397 859 si
3440 806 3593 859 solus

2003 911 2068 949 ex
2101 896 2360 951 omnibus
2402 897 2549 952 hunc
2578 898 2843 952 honorem
2890 897 3077 960 habet,
3115 896 3388 965 reperitur
3417 896 3591 948 nemi-

2003 1000 2129 1040 nem
2159 986 2378 1052 colere;
2410 987 2669 1056 quoniam
2714 987 2831 1056 ipse
2879 986 3030 1040 solus
3058 1000 3170 1038 non
3199 983 3392 1038 habuit
3432 990 3586 1035 tuum

2005 1078 2361 1133 mediatorem
2400 1097 2412 1132 :
2453 1089 2509 1133 et
2544 1079 2825 1148 reperitur
2866 1078 3050 1147 aliqua
3083 1076 3424 1146 praescriptio
3451 1090 3586 1128 con-

2007 1177 2088 1223 tra
2138 1170 2349 1235 Deum,
2390 1187 2556 1240 quam
2608 1180 2663 1224 tu
2720 1169 2943 1225 Christo
2991 1168 3213 1229 tribuis,
3269 1181 3395 1219 cum
3457 1180 3583 1219 eum

2000 1261 2143 1316 facis
2176 1263 2355 1317 solum
2408 1263 2704 1328 honorari,
2758 1272 2813 1317 ct
2860 1278 2973 1317 non
3008 1261 3307 1322 honorare,
3358 1257 3454 1327 qui
3506 1257 3587 1311 sic

2004 1355 2316 1410 honoravit.

2074 1445 2267 1500 XXXI.
2299 1445 2471 1512 Quam
2510 1446 2697 1500 suavis
2734 1454 2788 1499 et
2824 1443 3005 1498 dulcis
3028 1444 3119 1498 esl
3167 1444 3498 1497 honoratum
3529 1448 3585 1494 et

2003 1537 2318 1606 speciosum
2347 1544 2552 1601 ortum,
2583 1546 2637 1591 et
2672 1536 3057 1591 educationem
3089 1534 3221 1589 huic
3253 1532 3464 1588 homini
3489 1548 3583 1601 ap.

2002 1628 2210 1698 plicas,
2249 1644 2306 1683 et
2354 1630 2518 1700 paulo
2550 1630 2666 1684 fere
2702 1627 3153 1684 excellentiorem
3184 1637 3310 1680 ortu
3341 1623 3583 1694 prophe-

2005 1720 2138 1775 tico.
2185 1720 2341 1787 Quod
2385 1721 2599 1777 scilicet
2646 1720 2889 1776 Verbum
2922 1719 3018 1773 Dei
3045 1718 3349 1773 secundum
3379 1730 3586 1785 praco-

2003 1812 2307 1883 gnitionem
2338 1813 2395 1869 in
2434 1813 2549 1882 ipsa
2582 1811 2914 1865 formatione
2943 1825 3064 1880 quae
3103 1809 3159 1863 in
3198 1818 3358 1863 utero
3395 1807 3582 1869 fiebat,

2007 1909 2268 1963 unionem
2315 1907 2365 1961 ei
2406 1905 2757 1961 commodare
2806 1903 3003 1968 voluit,
3053 1915 3391 1973 cognoscens
3437 1913 3583 1952 nun-

2009 2017 2170 2072 quam
2208 2016 2238 2055 a
2269 1998 2554 2070 proposito
2581 1998 2729 2052 circa
2762 1996 3002 2051 virtutes
3033 1994 3406 2049 discessurum
3436 2003 3581 2046 esse.

2076 2091 2292 2146 XXXII.
2322 2088 2651 2161 Ignorantia:
2672 2089 2837 2142 etiam
2871 2087 3104 2157 caligine
3125 2102 3250 2140 eum
3284 2084 3420 2155 tegis
3442 2083 3582 2137 nihil

2006 2186 2272 2248 scientem
2322 2191 2687 2253 praeterquam
2736 2178 2882 2249 quod
2934 2178 3116 2233 Verbo
3169 2178 3219 2233 ei
3276 2174 3581 2231 secundum

2003 2278 2327 2349 dignitatem
2373 2274 2531 2329 unito
2578 2272 2890 2327 videbatur.
2948 2270 3237 2337 Quomodo
3275 2267 3582 2340 ignorantia

2003 2370 2285 2439 oppletum
2341 2362 2649 2421 introducis
2686 2377 2836 2425 eum,
2899 2369 2954 2415 et
3012 2376 3122 2413 non
3171 2358 3445 2429 peccato?
3501 2357 3583 2412 Ex

2004 2457 2312 2531 ignorantia
2352 2454 2503 2510 enim
2544 2462 2867 2523 peccatum,
2893 2450 3036 2505 sicut
3062 2465 3129 2504 ex
3152 2450 3303 2503 fonte
3354 2446 3578 2512 ﬂuvius,

2004 2560 2226 2606 manat:
2258 2556 2354 2602 aut
2397 2546 2632 2600 fortasse
2674 2543 2900 2599 docebis
2946 2541 3306 2612 ignorantiam
3331 2540 3381 2593 ei
3418 2553 3581 2608 opem

2005 2644 2217 2705 tulisse,
2245 2640 2375 2711 quia
2420 2646 2481 2692 ut
2512 2636 2838 2707 plurimum,
2881 2634 3099 2688 veniam
3125 2631 3252 2695 fert,
3309 2630 3453 2700 quod
3479 2646 3581 2698 per

2002 2733 2363 2808 ignorantiam
2399 2730 2460 2785 ﬁt
2492 2736 2691 2799 praeter
2721 2728 3010 2789 rationem,
3042 2724 3086 2779 si
3122 2740 3231 2778 non
3252 2724 3324 2778 sit
3356 2722 3579 2792 quidem

2001 2825 2159 2882 valde
2179 2839 2361 2895 grave.
2388 2823 2572 2891 Usque
2598 2820 2735 2875 adeo
2756 2832 2938 2873 autem
2970 2819 3247 2889 ignorasse
3270 2831 3397 2870 eum
3418 2813 3577 2881 dicis,

2001 2926 2083 2982 ut,
2117 2933 2241 2973 cum
2278 2924 2608 2979 tentaretur,
2662 2912 2905 2967 nesciret
2956 2912 3082 2981 quis
3115 2919 3263 2965 esset
3311 2908 3407 2980 qui
3449 2923 3579 2963 eum

2002 3011 2248 3067 tentabat
2276 3028 2289 3063 :
2326 3018 2382 3062 et
2404 3024 2436 3062 a
2469 3015 2697 3077 peccato
2723 3004 2864 3059 κατὰ
2891 3004 3150 3064 διάνοιαν,
3185 3002 3236 3055 id
3262 3010 3366 3064 est.
3397 3016 3427 3054 a
3458 3015 3580 3069 pec-

2000 3113 2126 3159 cato
2187 3099 2539 3171 cogitationis
2596 3096 2855 3152 concedis
2910 3110 3012 3149 nec
3067 3093 3243 3163 ipsum
3312 3091 3577 3146 mundum
3682 3138 3685 3141 λ

2000 3194 2192 3254 fuisse.
2222 3191 2426 3245 nedum
2458 3199 2697 3249 sanctos,
2731 3201 2911 3256 neque
2968 3186 3144 3255 ipsum
3173 3190 3458 3253 peccatum
3488 3197 3583 3235 co-

2000 3282 2283 3356 gitationis
2315 3289 2603 3350 peccatum
2639 3292 2760 3331 esse
2786 3283 2965 3345 putas.

2060 3374 2302 3430 XXXIII.
2342 3372 2460 3427 Non
2484 3372 2681 3425 horres
2709 3368 2912 3423 docens
2938 3365 3279 3420 molestiores
3300 3362 3467 3417 fuisse
3499 3360 3579 3419 illi

1991 3467 2276 3539 passiones
2319 3463 2514 3518 animae
2562 3477 2725 3532 quam
2777 3459 3076 3528 corporis:
3129 3458 3209 3511 sic
3257 3456 3402 3510 enim
3453 3470 3578 3525 per-

1992 3560 2179 3629 spicue
2222 3556 2341 3622 ais;
2397 3563 2452 3611 et
2502 3553 2715 3608 ratione
2769 3550 2999 3605 fortiore
3059 3548 3371 3617 voluptates
3425 3544 3579 3601 subi-

1991 3652 2173 3723 gebat.

2063 3740 2302 3796 XXXIV.
2342 3736 2614 3797 Concedis
2662 3749 2956 3805 progressu
2993 3732 3265 3787 virtutum
3316 3732 3575 3802 paulatim

1990 3840 2282 3904 purgatum
2329 3844 2472 3894 esse,
2524 3837 2581 3882 et
2634 3826 2904 3896 aptiorem
2962 3824 3170 3879 factum
3212 3822 3459 3891 quotidie
3508 3823 3577 3877 ad

1992 3921 2340 3992 suscipienda
2385 3919 2654 3974 divinitus
2697 3916 2863 3981 bona,
2911 3929 3032 3986 quae
3059 3915 3112 3969 ei
3144 3922 3206 3968 ut
3230 3912 3444 3967 homini
3473 3913 3575 3968 ad-

1990 4016 2175 4071 futura
2202 4021 2382 4071 erant.

2060 4103 2276 4160 XXXV.
2308 4101 2562 4172 Baptizas
2601 4115 2751 4163 eum,
2778 4108 2840 4155 ut
2868 4114 2933 4155 ex
2965 4114 3032 4154 eo
3073 4107 3340 4169 tempore,
3368 4113 3433 4153 ac
3464 4112 3574 4151 non

1992 4196 2169 4267 prius,
2200 4191 2479 4264 perfectus
2507 4188 2812 4245 secundum
2845 4187 3112 4242 virtutem
3133 4188 3290 4258 legis,
3324 4184 3578 4242 Christus

1991 4295 2288 4342 vocaretur
2325 4283 2642 4354 perfectus;
2688 4289 2745 4334 et
2787 4279 2855 4334 ad
2883 4280 3252 4351 evangelicam
3280 4280 3447 4334 vitam
3479 4293 3575 4347 ag-

1991 4379 2336 4449 grederetur,
2387 4384 2442 4429 et
2474 4374 2617 4441 hanc
2668 4372 2991 4443 compleret.
3041 4373 3233 4428 Nonne
3267 4372 3405 4426 dicis
3436 4379 3575 4425 tem-

1992 4485 2095 4541 pus
2126 4472 2291 4525 etiam
2325 4466 2495 4521 fuisse
2528 4465 2607 4520 illi
2635 4465 2705 4520 ob
2740 4465 2881 4519 hanc
2902 4479 3121 4519 causam
3153 4473 3491 4518 contractum
3520 4462 3574 4515 in

1992 4563 2215 4617 brevius
2234 4563 2259 4614 ’ἔ
2285 4559 2559 4614 Potuisset
2589 4559 2734 4612 enim
2763 4556 3048 4628 defatigari
3070 4556 3244 4625 spatio
3276 4555 3535 4625 temporis
3558 4596 3573 4618 .

320 4645 402 4699 διὰ
426 4642 586 4698 τοῦτο
616 4641 881 4713 σύντομον
907 4640 1026 4694 ὁδὸν
1055 4638 1328 4712 σωτηρίας
1351 4640 1441 4692 τὸν
1473 4640 1708 4711 σταυρὸν
1731 4642 1892 4694 ἀνευ-

2005 4661 2051 4707 et
2082 4651 2287 4707 idcirco
2319 4651 2544 4705 brevem
2564 4642 2770 4703 salutis
2816 4648 2982 4713 viam,
3011 4647 3063 4702 id
3099 4655 3182 4701 est
3210 4661 3448 4710 crucem,
3480 4647 3576 4701 ad-

321 4740 540 4811 ρίσκων.

386 4833 528 4898 Aq'.
561 4806 743 4891 Εἰςιδν
776 4824 873 4878 καὶ
902 4823 1108 4879 ἄκοντα
1155 4824 1316 4878 αὐτὸν
1368 4826 1687 4897 ἀναφέρεις,
1748 4826 1889 4896 ὑπὲρ

323 4920 510 4977 ἑαυτοῦ
547 4919 669 4990 μὲν,
697 4917 796 4986 οὐχ
830 4916 1031 4986 ἣκιστα
1058 4914 1116 4968 δὲ
1163 4916 1259 4968 καὶ
1312 4915 1450 4987 ὑπὲρ
1504 4915 1627 4968 ὅλου
1678 4915 1885 4986 κόσμου

322 5012 709 5084 τεθνηξόμενον
744 5014 758 5027 ⁸
798 5007 875 5071 ὡς
919 5007 1017 5061 οὐκ
1068 5005 1242 5068 ἄλλως
1280 5006 1430 5077 αὐτῷ
1492 5007 1887 5079 περιεσομὲνης

323 5106 415 5175 τῆς
448 5103 587 5157 κατά
611 5101 710 5171 τὴν
740 5098 1028 5170 ἀνάληψιν,
1058 5098 1152 5152 καὶ
1184 5100 1282 5170 τῆς
1308 5099 1373 5151 ἐκ
1400 5096 1590 5163 δεξιῶν
1618 5099 1888 5170 καθέδρας

324 5195 496 5266 δόξης.
534 5196 607 5266 μὴ
651 5194 741 5247 διὰ
781 5191 1085 5265 μαρτυρίου
1116 5190 1476 5245 τελειωθέντι.
1516 5191 1629 5245 Οὐκ
1660 5188 1775 5247 οἶδα
1804 5192 1887 5251 τίς

325 5285 482 5340 πόθεν
504 5284 663 5339 πέλεν
690 5283 922 5356 ἀνδρῶν,
944 5281 1003 5346 ὃς
1023 5280 1309 5353 τηλικοῦτο
1337 5280 1492 5351 παρά
1524 5281 1615 5336 σοῦ
1648 5283 1887 5354 ἐγχειρι-

326 5378 471 5441 ζεται
522 5377 776 5446 πρᾶγμα,
826 5376 922 5428 καὶ
967 5373 1282 5444 οἰκονομίαν
1319 5373 1560 5443 μεγάλην
1594 5374 1689 5428 καὶ
1717 5373 1888 5437 οὓτως

325 5467 617 5538 ἐξαίρετον,
664 5466 762 5519 καὶ
800 5466 874 5537 μὴ
912 5465 1112 5535 ὅτιτὴν
1151 5464 1464 5536 ἀνθρώπου,
1498 5465 1635 5519 ἀλλά
1662 5475 1755 5520 καὶ
1784 5468 1890 5519 πά-

325 5577 416 5614 σαν
437 5556 673 5627 γενητὴν
695 5557 1099 5628 ὑπεραίρουσαν
1127 5556 1305 5626 φύσιν.

386 5651 509 5707 AZ'.
544 5649 761 5703 Δέδοικε
784 5649 841 5702 δὲ
878 5650 966 5703 τὸν
992 5649 1242 5711 θάνατον,
1282 5649 1380 5719 οὐχ
1414 5647 1489 5712 ὡς
1520 5650 1667 5720 ἡμᾶς
1699 5648 1888 5703 τυπῶν

327 5747 377 5799 ὲν
401 5741 598 5813 ἑαυτῷ,
658 5742 750 5797 καὶ
807 5741 951 5797 λύων
1002 5742 1159 5815 ἡμῶν
1208 5743 1267 5795 ὲν
1329 5741 1508 5814 ἑαυτῷ
1530 5742 1628 5814 τὴν
1663 5742 1885 5808 δειλίαν,

327 5833 429 5888 ἀλλ’
453 5832 527 5895 ὡς
564 5832 724 5898 αὐτὸς
757 5832 945 5886 τοῦτον
979 5833 1367 5905 προτροπάδην
1400 5833 1616 5903 φεύγων
1646 5848 1660 5863 ⁶
1712 5834 1771 5888 ὃν
1825 5833 1887 5887 οὔ

330 5926 401 5979 οῖ’
483 5923 547 5981 ἂν
579 5923 829 5979 ὑπελθεῖν
863 5925 1123 5990 ἑκουσίως
1158 5924 1502 5995 κατεδέξατο,
1545 5926 1592 5980 εὶ
1657 5926 1732 5998 μὴ
1789 5926 1887 5997 τῆς

1991 4758 2291 4797 ιηνριιιεεϐ.

2061 4831 2301 4887 XXXVI.
2332 4830 2391 4886 lu
2421 4845 2638 4884 crucem
2666 4828 2896 4883 invitum
2923 4844 3045 4883 eum
3079 4828 3214 4899 agis,
3238 4843 3339 4898 pro
3362 4844 3419 4884 se
3448 4828 3572 4898 qui-

1990 4923 2115 4979 dem
2168 4937 2276 4976 non
2307 4921 2492 4975 minus
2514 4935 2676 4990 quam
2703 4935 2801 4989 pro
2830 4928 2939 4974 toto
2965 4920 3175 4975 mundo
3206 4922 3570 4983 moriturum;

1990 5021 2249 5081 tanquam
2279 5024 2389 5064 non
2427 5016 2615 5079 posset
2647 5008 2809 5062 aliter
2832 5009 3057 5079 gloriam
3082 5024 3342 5065 ascensus
3371 5012 3425 5064 in
3463 5026 3574 5065 cm-

1987 5106 2121 5168 lum,
2149 5112 2205 5157 et
2234 5117 2526 5157 consessus
2558 5100 2623 5154 ad
2657 5100 2936 5155 dexteram
2958 5100 3054 5154 Dei
3084 5101 3321 5170 assequi,
3344 5102 3447 5157 nisi
3473 5118 3573 5173 per

1991 5194 2317 5268 martyrium
2354 5200 2787 5248 consummatus.
2834 5191 3031 5246 Nescio
3063 5192 3188 5260 quis
3232 5193 3317 5246 vir
3363 5203 3467 5260 est,
3516 5204 3573 5250 et

1989 5286 2166 5348 unde,
2216 5283 2311 5355 qui
2357 5293 2465 5339 tam
2513 5282 2705 5353 ingens
2750 5298 2780 5335 a
2821 5290 2872 5336 te
2916 5282 3195 5353 negotium
3233 5283 3479 5353 suscipit,
3516 5294 3573 5340 et

1988 5374 2358 5432 oeconomiam
2398 5374 2472 5427 ita
2505 5387 2755 5443 magnam
2787 5380 2843 5426 et
2881 5372 3159 5439 eximiam,
3196 5382 3385 5429 utnon
3413 5385 3573 5429 natu-

1989 5487 2101 5525 ram
2132 5468 2399 5534 hominis,
2433 5465 2527 5522 sed
2562 5481 2785 5520 omnem
2814 5476 3069 5520 naturam
3118 5475 3355 5520 creatam
3412 5467 3570 5537 longe

1986 5568 2228 5631 superet.

2060 5651 2325 5708 XXXVII.
2362 5650 2571 5706 Timuit
2616 5660 2872 5717 mortem,
2925 5668 3036 5707 non
3090 5660 3348 5721 tanquam
3379 5648 3567 5718 expri-

1989 5757 2146 5796 mens
2174 5756 2277 5795 nos
2312 5741 2369 5795 iu
2402 5740 2606 5810 seipso,
2652 5749 2709 5794 et
2740 5741 2960 5796 solvens
3012 5740 3265 5796 timorem
3311 5746 3563 5794 nostrum

1988 5833 2144 5900 inse,
2178 5830 2273 5887 sed
2304 5842 2559 5902 tanquam
2591 5832 2733 5886 hanc
2759 5832 2918 5886 enixe
2949 5830 3195 5902 fugiens;
3229 5844 3392 5898 quam
3416 5842 3556 5881 nun-

1989 5942 2151 5998 quam
2184 5934 2377 5997 sponte
2407 5925 2679 5982 sustinere
2712 5924 2996 5992 voluisset,
3035 5922 3142 5978 nisi
3170 5930 3315 5977 tuam
3344 5920 3557 5990 longam
