4068 6580
435 493 574 560 1375
1701 491 2016 554 LEONTII

2142 487 2430 550 'ZANTIN
2439 488 2463 546 Ι

430 619 487 662 et
514 605 782 676 prolixam
809 603 1245 662 admonitionem
1278 610 1478 660 nactus
1501 611 1670 669 esset,
1710 621 1876 675 quam
1905 623 1935 659 a
1970 615 2022 660 te

2142 601 2349 672 ιακρᾶς
2380 597 2527 652 οὕτω
2557 611 2650 648 σου
2675 594 2771 648 καὶ
2803 591 3134 662 πολυστίχου
3169 588 3458 654 νουθεσίας
3487 587 3773 657 τετύχη-

2123 710 2243 756 κεν,
2275 692 2343 762 ἢν
2389 690 2454 744 σὺ
2507 685 2899 758 περιπλάττων
2955 684 3034 755 τῷ
3093 683 3311 754 ἀγγέλῳ
3365 679 3770 754 προσνέμεις.

435 792 576 847 niari
604 807 846 853 recusas.
874 792 1096 862 quando
1126 792 1390 864 hymnum
1435 793 1615 863 angeli
1655 792 1927 858 divinum,
1965 801 2022 848 et

2142 784 2262 838 )ύδὲ
2291 784 2402 855 γὰρ
2437 781 2705 852 ἀγγέλους
2739 780 3104 848 συκοφαντεῖν
3136 777 3400 847 παραιτῇ,
3437 774 3615 828 όπότε
3654 769 3774 823 τὸν

2127 877 2440 946 θεολογικδν
2485 875 2582 930 τοῦ
2630 873 2868 943 ἀγγέλου
2921 871 3118 943 ῦμνου,
3158 871 3257 925 καὶ
3314 871 3408 924 τὸν
3453 866 3773 922 ἐπινίκιον

438 975 675 1042 cecinit,
744 990 872 1031 mox
930 992 1031 1047 per
1076 977 1225 1032 hunc
1281 977 1684 1044 admirabilem,
1733 987 1792 1033 et
1852 993 2024 1048 supra

2142 970 2185 1023 ιν
2214 965 2315 1044 ᾖσε
2344 967 2424 1039 τῷ
2454 965 2681 1040 Χριστῷ
2721 960 2811 1020 οἷα
2854 964 2995 1034 Θεῷ,
3045 964 3172 1018 ὅσον
3227 962 3446 1017 οὐδέπω
3487 959 3582 1012 διὰ
3646 959 3774 1008 τοῦ

2129 1058 2437 1131 θαυμασίου
2467 1056 2662 1112 τούτου
2683 1057 2781 1109 καὶ
2807 1053 3128 1126 ὑπερφυοῦς
3149 1053 3248 1123 τῆς
3269 1050 3475 1114 δειλίας
3511 1049 3772 1118 δράμα-

2097 1169 2244 1216 ,τος,
2293 1149 2561 1220 ἀληθινῆς
2606 1148 2779 1211 ὅντως
2811 1146 3018 1210 δειλίας
3059 1144 3156 1199 τοῦ
3181 1143 3324 1198 κατά
3349 1143 3439 1196 τὸν
3473 1141 3770 1202 θάνατον,

2129 1243 2506 1314 ἐλευθεροῦντι
2560 1239 2656 1295 τοῦ
2705 1239 2907 1312 πικροῦ
2940 1239 3052 1293 τῶν
3083 1236 3388 1309 ἀνθρώπων
3415 1234 3716 1306 τυράννου
3746 1245 3766 1258 ⁶

2132 1337 2198 1390 σὺ
2227 1336 2304 1400 ὡς
2335 1335 2401 1389 ἂν
2424 1333 2586 1405 δειλῷ
2606 1351 2716 1388 τινι
2741 1333 2836 1387 καὶ
2860 1331 3112 1403 ἀνάνδρῳ
3137 1331 3233 1384 καλ⁵
3255 1329 3317 1383 τδ
3339 1326 3774 1397 ὃλονφιλαύτῳ

2130 1427 2211 1499 τῷ
2249 1427 2469 1498 Σωτῆρι
2499 1426 2608 1480 ὑπὸ
2639 1425 2738 1479 τοῦ
2781 1423 3022 1493 ἀγγέλου
3081 1420 3418 1492 γεγενῆσθαι
3472 1418 3767 1490 Rapui-.3-

2135 1523 2271 1592 ρεῖς,
2306 1518 2672 1590 ψυχαγωγίας
2696 1517 2888 1588 τρόπῳ
2913 1516 3008 1571 καὶ
3051 1513 3422 1587 παρηγορίας.
3472 1512 3553 1566 Τὸ
3576 1511 3707 1582 γὰρ
3739 1547 3759 1571 ,

433 701 617 754 ﬁctam
662 697 856 768 angelo
885 696 1160 752 attribuis.
1217 695 1331 752 Nec
1373 698 1522 752 enim
1562 699 1786 768 angelos
1815 698 2022 752 calum-

435 900 602 954 quem
651 884 708 938 in
771 884 990 940 laudem
1031 884 1279 941 victoria:
1323 883 1570 950 Christo,
1641 894 1830 956 utpote
1886 886 2023 949 Deo,

440 1075 696 1122 naturam
729 1077 912 1123 actum
946 1069 1184 1135 timoris,
1229 1084 1360 1125 vere
1396 1071 1512 1125 veri
1544 1071 1781 1138 timoris,
1826 1086 1928 1125 nos
1954 1071 2024 1125 ab

441 1161 643 1214 acerbo
677 1169 736 1216 et
758 1161 968 1216 crudeli
1004 1162 1291 1216 hominum
1335 1170 1567 1234 tyranno
1602 1173 1778 1220 morte
1825 1165 2027 1220 libera-

442 1261 592 1318 turo,
638 1263 696 1308 tu
726 1263 984 1325 tanquam
1021 1256 1214 1310 timido
1238 1257 1478 1326 cuipiam
1511 1265 1570 1311 et
1597 1258 1932 1324 effeminato,
1972 1266 2029 1313 et

445 1343 667 1412 penitus
690 1345 775 1398 sui
803 1345 1003 1409 amico,
1047 1344 1318 1401 Salvatori
1359 1346 1427 1400 ab
1468 1348 1662 1416 angelo
1709 1347 1764 1401 in
1801 1347 2028 1402 modum

444 1436 841 1492 consolationis
865 1437 1174 1492 adhibitum
1196 1453 1318 1493 esse
1345 1439 1534 1494 insane
1569 1448 1628 1494 et
1663 1439 1838 1495 delire
1866 1439 2026 1496 dicis.

446 1524 584 1578 Illud
629 1527 820 1581 enim:
872 1527 1136 1597 Apparuit
1188 1527 1408 1598 angelus
1459 1529 1672 1583 Domini
1729 1531 2030 1600 confortans

447 1630 568 1667 eum
592 1616 671 1680 ”,
729 1623 844 1670 tum
907 1617 1000 1671 alii
1044 1619 1233 1674 Patres
1279 1619 1576 1684 dixerunt,
1626 1631 1741 1677 tum
1799 1622 2032 1694 Cyprius

446 1721 634 1772 senex,
671 1707 936 1777 Apparuit
957 1709 1188 1780 hymnos
1216 1726 1440 1777 canens,
1469 1719 1527 1767 et
1555 1713 1738 1769 divina
1775 1716 2030 1785 loquens.

447 1797 517 1852 Et
539 1797 608 1852 ad
641 1799 1022 1868 probationem
1063 1801 1225 1872 hujus
1254 1803 1737 1874 contemplationis
1758 1807 2034 1877 produxe-

449 1898 599 1953 runt,
651 1889 800 1959 quod
835 1890 1049 1962 Moyses
1076 1907 1105 1945 a
1153 1893 1266 1948 Deo
1290 1895 1546 1951 eruditus
1589 1895 1646 1950 in
1697 1914 1896 1969 magno
1941 1899 2034 1954 illo

2142 1889 2235 1943 καὶ
2263 1891 2344 1953 εἰς
2375 1889 2642 1942 σύστασιν
2674 1888 2774 1958 τῆς
2801 1885 3044 1956 θεωρίας
3076 1883 3287 1954 ταύτης
3318 1883 3655 1955 προήγαγον
3685 1882 3757 1934 ce

2146 1611 2373 1681 Ἐφάνη
2405 1611 2662 1681 ἄγγελος
2703 1609 2926 1678 Κυρίου
2951 1607 3260 1678 ἐνισχύων
3291 1606 3502 1666 αὑτὸν,
3547 1602 3761 1674 ὑμνῶν

2134 1701 2289 1758 εἶπεν
2316 1704 2413 1757 καὶ
2458 1701 2732 1772 θεολογῶν
2753 1718 2768 1733 ο
2801 1700 2956 1756 ἄλλοι
3007 1699 3068 1753 τέ
3098 1715 3250 1762 τινες
3288 1697 3398 1752 τῶν
3446 1697 3757 1768 Πατέρων,

2136 1797 2231 1851 καὶ
2273 1797 2304 1850 ὁ
2355 1796 2608 1868 Κύπριος
2629 1794 2832 1865 γέρων.
2862 1794 2892 1848 δ
2919 1793 3123 1863 μέγας,
3169 1792 3337 1863 φημὶ,
3384 1790 3753 1859 Ἐπιφάνιος.

447 1957 824 2034 cantico—dixit
848 1998 861 2034 :
895 1957 964 2034 Et
985 1981 1282 2051 confortent
1312 2000 1435 2038 eum
1457 2001 1638 2039 omnes
1663 1957 1840 2056 angevli
1864 1987 2033 2044 Dei“.

2142 1982 2198 2035 ὲν
2224 1983 2292 2052 τῇ
2323 1980 2536 2052 μεγάλῃ
2565 1979 2679 2052 ᾠδῇ
2839 1977 3088 2048 θεοσόιρῳ
3145 1976 3356 2045 Muniis?)
3419 1974 3750 2045 εἰρημένον.

447 2070 518 2126 Ut
541 2082 727 2126 autem
759 2079 816 2126 tu
850 2073 1021 2142 impie
1049 2073 1208 2139 dicis,
1245 2089 1384 2144 opus
1415 2075 1493 2130 illi
1517 2075 1626 2130 fuit
1651 2077 1812 2149 longa
1842 2094 2039 2134 conso-

447 2163 654 2219 latione
681 2166 884 2236 angeli,
916 2166 1013 2236 qui
1046 2167 1284 2222 animam
1334 2167 1540 2224 Christi
1594 2170 1790 2226 timore
1843 2173 2040 2228 mortis

447 2255 762 2325 absorptam
787 2263 845 2311 et
871 2257 1093 2313 tristitia
1124 2267 1475 2328 prostratam,
1510 2261 1766 2316 celeriter
1799 2263 2039 2334 erigeret

447 2351 505 2397 et
541 2354 840 2412 recrearet,
890 2357 1011 2402 erat
1055 2348 1205 2403 enim
1243 2348 1298 2404 in
1329 2365 1546 2406 summo
1585 2352 1942 2423 discrimine;
1983 2365 2038 2412 et

449 2435 639 2490 omnia
666 2435 722 2490 in
765 2451 833 2491 eo
857 2447 1020 2493 erant
1067 2439 1269 2510 agitata
1296 2448 1354 2494 et
1399 2455 1677 2512 quassata.
1734 2447 1890 2503 Falsa
1924 2450 2040 2506 hate

447 2541 570 2581 esse
602 2527 743 2582 dicis
767 2545 782 2594 ;
802 2543 1000 2600 magno
1021 2530 1126 2586 hoc
1149 2533 1434 2599 emissem,
1459 2537 1755 2607 magnique
1773 2540 2040 2596 aestimas-

450 2633 590 2672 sem.
607 2619 767 2674 Nunc
787 2628 971 2676 autem
1005 2628 1174 2679 testes
1206 2631 1335 2680 sunt
1356 2627 1619 2696 praeclara
1641 2638 1698 2684 et
1715 2631 2039 2688 admiranda

453 2718 547 2766 tua
581 2714 887 2768 certamina
911 2723 1104 2770 contra
1129 2716 1563 2773 incarnationem
1589 2721 1789 2788 Verbi;
1824 2733 1882 2779 et
1897 2723 2038 2780 bella

451 2802 578 2857 ﬁcta
608 2803 831 2874 quidem
856 2815 914 2860 et
943 2806 1202 2861 simulata
1241 2817 1434 2864 contra
1459 2810 1752 2867 haereticos
1774 2813 2039 2870 adversa-

452 2892 585 2960 rios,
612 2910 743 2951 vere
765 2905 950 2952 autem
989 2907 1183 2954 contra
1218 2900 1512 2958 veritatem
1550 2915 1838 2974 suscepta;
1873 2922 2038 2976 quam

449 3001 578 3041 cum
611 3002 929 3059 oppugnare
956 2991 1300 3060 propositum
1322 2993 1422 3047 tibi
1441 3005 1612 3060 esset,
1649 3005 1705 3051 et
1722 3007 2037 3069 susceptum

453 3077 647 3148 perﬁci
671 3094 783 3133 non
822 3096 984 3150 posse
1025 3098 1408 3154 cognosceres,
1461 3086 1879 3159 inscriptionem
1908 3092 2036 3148 belli

451 3178 648 3223 contra
671 3169 964 3226 veritatem
990 3173 1352 3244 inscriptione
1375 3176 1505 3233 belli
1528 3189 1720 3235 contra
1754 3181 2041 3240 haereticos

2139 2068 2687 2140 Ἐνισχυσὰτωσαν
2731 2067 2922 2123 αὐτὸν
2983 2065 3212 2131 πάντες
3263 2065 3511 2135 ἄγγελοι
3564 2064 3751 2118 Θεοῦ.

2151 2161 2240 2224 Ὠς
2265 2160 2322 2214 δὲ
2349 2160 2414 2214 σὺ
2438 2159 2683 2226 ἀσεϐεῖς,
2718 2157 2818 2228 τῆς
2858 2157 3081 2228 μακρᾶς
3124 2155 3320 2225 ἐδέησε
3370 2153 3467 2209 τοῦ
3499 2153 3753 2222 ἀγγέλου

2141 2251 2510 2324 παρηγορίας,
2543 2252 3054 2305 καταπεπτωκυῖαν
3092 2250 3159 2320 τῇ
3193 2248 3340 2320 λύπῃ
3363 2249 3460 2302 καὶ
3490 2265 3753 2302 xeram-

2139 2347 2332 2402 θεῖσαν
2359 2346 2454 2401 τοῦ
2485 2345 2724 2417 Χριστοῦ
2773 2344 2875 2416 τὴν
2928 2342 3136 2415 ψυχὴν,
3183 2343 3250 2397 ὲκ
3299 2341 3397 2396 τοῦ
3453 2341 3605 2396 κατά
3656 2341 3754 2394 τὸν

2141 2439 2372 2493 θάνατον
2399 2438 2556 2501 δέους
2592 2437 2901 2507 ἀναστῆσαι
2938 2435 3288 2499 σπεύδοντος.
3333 2434 3601 2489 Κίνδυνον
3636 2434 3753 2504 γάρ

2135 2527 2256 2602 εἶχε
2280 2530 2371 2584 τὸν
2401 2530 2656 2600 ἔσχατον,
2720 2529 2842 2583 τόδε
2895 2528 2959 2582 τὺ
3006 2530 3116 2583 πᾶν
3168 2529 3258 2581 ἐπ’
3317 2528 3466 2599 αύτῷ
3516 2528 3756 2581 σαλευό-

2142 2641 2328 2695 μενον.
2358 2623 2544 2696 Ψευδῆ
2568 2621 2746 2677 ταῦτα
2778 2619 2920 2677 εἶναι
2951 2623 3062 2694 φής
3094 2638 3111 2652 ·
3143 2621 3344 2675 πολλοῦ
3382 2639 3448 2690 γε
3480 2622 3548 2693 δὴ
3594 2621 3750 2676 τοῦτ’

2139 2715 2206 2769 ἂν
2235 2715 2616 2786 ἐτιμησάμην.
2648 2714 2764 2769 Νῦν
2809 2713 2868 2768 δὲ
2898 2714 2950 2767 οι
2997 2714 3308 2783 θαυμαστοὶ
3349 2713 3448 2768 καὶ
3492 2711 3748 2784 λαμπροί

2142 2825 2236 2862 σου
2269 2807 2487 2876 ἀγῶνες
2515 2806 2661 2863 κατά
2685 2807 2787 2878 τῆς
2839 2804 2934 2860 τοῦ
2962 2806 3102 2860 Θεοῦ
3151 2807 3330 2874 Λόγου
3388 2805 3752 2876 ένανθρωπή-

2143 2917 2303 2966 σεως,
2374 2900 2472 2954 καὶ
2497 2900 2549 2954 ot
2580 2898 2963 2970 πεπλασμένοι
2997 2898 3097 2969 μὲν
3127 2898 3274 2952 κατά
3301 2896 3412 2951 τῶν
3445 2897 3752 2950 ἀντιθέτων

2141 2992 2442 3065 αίρετικῶν
2488 2993 2740 3064 πόλεμοι,
2797 2992 2944 3046 κατά
2996 2991 3054 3045 δὲ
3110 2992 3212 3063 τῆς
3261 2991 3525 3062 ἀληθείας
3573 2990 3751 3053 ὅντως

2143 3086 2635 3156 στρατευσάμενοι,
2667 3085 2735 3158 ἢν
2765 3084 2958 3154 ἐπειδὴ
3013 3083 3329 3154 πολεμῆσαι
3379 3083 3748 3162 προθέμενος,

2142 3177 2442 3232 ἀδυνατοῦν
2480 3195 2564 3231 σοι
2596 3177 2902 3246 ἐγίνωσκες
2931 3176 2994 3231 τὸ
3027 3176 3364 3247 ἐγχείρημα,
3409 3176 3750 3247 ἐπίγραμμα

458 3263 832 3317 commutasti.
884 3263 1001 3319 lmo
1047 3274 1103 3320 et
1140 3266 1501 3323 deliramenta
1547 3278 1640 3325 tua
1689 3281 1882 3328 contra
1929 3275 2038 3330 Ma-

2145 3269 2241 3323 τοῦ
2273 3271 2396 3324 κατ’
2428 3270 2604 3340 αὐτῆς
2645 3269 2908 3340 πολέμου,
2961 3268 3023 3321 τὸ
3081 3269 3226 3322 κατά
3279 3267 3390 3321 τῶν
3448 3267 3752 3340 αἱρετικῶν

454 3352 889 3426 κηδεσταὶ-52)
917 3355 1034 3411 haec
1060 3356 1378 3426 praedicant,
1399 3368 1456 3413 et
1494 3361 1720 3431 reliqum
1755 3363 1905 3419 falsa
1938 3372 2038 3421 tua!

2149 3361 2509 3433 προέγραψας
2566 3361 2932 3432 πρόγραμμα.
3007 3360 3172 3414 Ἀλλὰ
3225 3361 3319 3414 καὶ
3347 3361 3417 3415 τὰ
3449 3360 3594 3415 κατά
3621 3361 3752 3414 Μα-

459 3445 870 3516 Scripturarum
891 3450 1270 3506 enarrationes
1293 3469 1307 3504 :
1326 3467 1597 3522 nusquam
1617 3455 1766 3509 enim
1785 3472 1896 3511 non
1916 3469 2046 3514 sunt

461 3538 551 3594 isti
578 3539 657 3593 tui
698 3540 1010 3596 admirandi
1055 3542 1274 3598 labores
1311 3546 1640 3616 pervulgati,
1677 3547 1772 3618 qui
1808 3565 1839 3604 a
1877 3551 2044 3608 Paulo

460 3629 684 3698 quidem
709 3629 1080 3687 Samosatensi
1121 3642 1305 3688 ortum
1331 3635 1639 3702 duxerunt,
1679 3654 1778 3709 per
1820 3641 2046 3713 interje-

458 3730 580 3776 ctos
603 3738 733 3778 vero
753 3723 818 3778 ad
832 3724 1134 3780 Diodorum
1157 3737 1550 3797 pervenerunt,
1569 3731 1672 3801 qui.
1692 3733 1792 3788 tibi
1817 3733 2046 3790 fuitma-

461 3816 641 3870 lorum
672 3824 895 3872 tuorum
930 3818 1061 3875 dux.
1086 3819 1177 3875 Sic
1204 3830 1388 3884 autem
1412 3839 1442 3878 a
1463 3831 1516 3879 te
1539 3825 1807 3882 elaborat!
1829 3837 1886 3884 et
1911 3830 2043 3886 culti

461 3918 612 3974 sunt,
643 3916 699 3965 et
733 3917 939 3965 tantam
970 3911 1407 3984 magnitudinem
1443 3915 1766 3974 incrementi
1811 3935 2046 3992 accepe-

463 4011 612 4065 runt.
644 4012 707 4059 ut
746 4011 873 4060 tuus
916 4003 1259 4077 largissimus
1295 4006 1498 4064 ﬂuvius
1544 4009 1755 4067 fontem
1811 4013 2044 4086 impium

462 4093 697 4164 operiat.

535 4313 822 4371 XXXVIII.
878 4316 1051 4373 Rivus
1099 4317 1205 4374 fuit
1252 4334 1284 4374 a
1333 4319 1484 4376 fonte
1539 4321 1774 4388 ductus,
1810 4334 1866 4380 et
1900 4325 2045 4382 fossa

465 4414 718 4478 angusta,
754 4423 878 4478 quae
906 4423 1016 4461 non
1073 4408 1254 4478 potuit
1295 4425 1494 4481 capere
1530 4422 1700 4470 totam
1743 4418 2044 4486 impietatis

467 4507 574 4552 tuae
605 4494 926 4563 ﬂuxionem,
957 4495 1265 4555 Nestorius.
1298 4499 1365 4554 Et
1395 4501 1440 4556 si
1474 4503 1654 4571 potuit
1684 4519 1905 4574 capere,
1931 4523 2044 4563 non

460 4597 650 4643 .tamen
684 4587 912 4652 audere,
942 4599 998 4644 et
1023 4587 1206 4646 fontes
1241 4597 1365 4646 tuos
1384 4593 1644 4649 omnibus
1661 4594 2041 4665 profundere;

465 4694 578 4734 non
636 4678 860 4749 quidem
923 4678 1142 4750 pigritia
1188 4681 1512 4746 voluntatis,
1547 4685 1824 4740 excusabo
1867 4688 2038 4754 enim,

2147 3454 2420 3522 γουσαίων
2450 3452 2774 3524 ληρήματα,
2805 3448 2981 3507 ταῦτα
3011 3452 3407 3524 κηρύττουσιν,
3439 3453 3502 3506 αἴ
3529 3469 3592 3506 τε
3631 3452 3752 3506 λοι-

2148 3545 2248 3600 παὶ
2270 3547 2380 3600 τῶν
2413 3544 2650 3616 Γραφῶν
2676 3543 3094 3616 παρεξηγήσεις
3121 3559 3139 3575 '
3175 3545 3237 3597 οὺ
3268 3543 3379 3613 γάρ
3421 3543 3571 3597 ἐστιν
3608 3545 3749 3598 ὅπου

2151 3637 2226 3710 μὴ
2247 3638 2422 3692 ταῦτα
2450 3637 2560 3691 τῶν
2586 3637 2914 3708 θαυμασίων
2943 3654 3038 3689 σου
3075 3636 3259 3690 πόνων
3297 3633 3747 3706 διατεθρύληται,

2147 3729 2256 3784 ἀπὺ
2287 3730 2384 3799 μὲν
2413 3727 2630 3783 Παύλου
2654 3727 2750 3781 τοῦ
2798 3727 3133 3798 Σαμοσάτων
3179 3725 3491 3797 ἀρξάμενα,
3549 3725 3640 3780 διά
3687 3725 3751 3779 δὲ

2141 3823 2254 3876 τῶν
2275 3823 2332 3874 ὲν
2370 3821 2521 3892 μέσῳ
2555 3821 2637 3883 είς
2657 3819 2925 3890 Διόδωρον
2978 3819 3423 3889 καταντήσαντα,
3466 3818 3622 3882 ὅστις
3657 3835 3748 3871 σοι

2144 3912 2255 3966 τῶν
2285 3908 2477 3965 κακῶν
2507 3909 2715 3963 τούτων
2747 3907 2974 3977 γέγονεν
3005 3909 3254 3980 ἡγεμών.
3289 3908 3450 3961 οὕτω
3477 3907 3538 3960 δὲ
3563 3921 3749 3976 γεωρ-

2147 4001 2392 4072 γηθὲντα
2415 4001 2568 4073 παρά
2599 4001 2717 4063 σοῦ,
2747 4001 2846 4054 καὶ⁹
2878 3999 3139 4054 τοσοῦτον
3174 3999 3600 4071 προσλαϐόμενα
3654 3999 3749 4070 μέ-

2145 4094 2328 4164 γεθος,
2359 4093 2436 4158 ὡς
2477 4091 2820 4164 ὲπικαλύψαι
2872 4093 2974 4164 τὴν
3021 4093 3183 4155 ἄθεον
3231 4095 3439 4166 πηγὴν,
3504 4092 3596 4146 τὸν
3653 4092 3748 4145 σὺν

2142 4186 2341 4257 δαψιλῆ
2364 4185 2640 4257 ποταμόν.
2982 4195 2994 4208 ⁸

2215 4322 2346 4378 AH'.
2382 4319 2481 4384 Σὸς
2506 4319 2565 4374 δὲ
2593 4316 2820 4388 γέγονεν
2851 4317 3009 4382 ὁλκός
3037 4334 3098 4371 τε
3143 4317 3239 4372 καὶ
3298 4316 3501 4388 διώρυξ
3558 4317 3740 4388 στενὴ,

2151 4413 2250 4467 καὶ
2269 4412 2369 4483 οὐχ
2403 4411 2527 4465 ὅλον
2555 4427 2648 4464 σου
2676 4409 2974 4481 δυνηθεῖσα
3015 4408 3267 4480 χωρῆσαι
3330 4412 3433 4481 τῆς
3490 4408 3744 4473 ἀσεϐείας

2145 4505 2207 4558 τὸ
2239 4504 2443 4576 ῥεῦμα,
2475 4503 2803 4573 Νεστόριος.
2846 4502 2908 4555 Εἰ
2959 4501 3019 4556 δὲ
3067 4502 3165 4555 καὶ
3203 4502 3454 4573 χωρῆσαι
3501 4502 3740 4572 ἴσχυσεν,

2150 4597 2263 4651 ἀλλ’
2295 4596 2396 4650 ούκ
2429 4596 2532 4668 ἤδη
2567 4595 2662 4650 καὶ
2723 4593 3240 4667 παρρησιάσασθαι,
3289 4595 3385 4649 καὶ
3426 4596 3565 4648 πᾶσι
3612 4611 3743 4665 προ-

2147 4687 2268 4759 χέαι
2299 4689 2370 4742 τά
2401 4689 2469 4742 σά
2517 4688 2628 4741 τῶν
2685 4685 3049 4757 βλασφημιῶν
3095 4685 3342 4756 νάματα,
3399 4685 3460 4738 ού
3518 4684 3742 4756 γνώμης

457 4771 563 4826 sed
585 4771 716 4842 quia
739 4787 851 4826 non
886 4771 1124 4827 habebat
1144 4773 1328 4828 locum
1363 4784 1594 4844 propter
1626 4777 2038 4835 multitudinem

2142 4778 2383 4850 ῥᾳθυμίᾳ
2411 4778 2849 4850 (ἀπολογήσομαι
2877 4775 3038 4849 γὰρ),
3099 4776 3239 4830 ἀλλά
3284 4775 3364 4847 τῷ
3426 4775 3740 4830 στενοῦσθαι

467 4863 756 4918 hominum
793 4879 904 4934 qua
934 4875 1058 4920 erat
1113 4866 1486 4937 constipatus.
1517 4867 1597 4922 Tu
1619 4885 1751 4924 vero
1772 4871 1900 4940 quia
1923 4883 2038 4928 erat

2142 4875 2251 4936 τοῖς
2280 4871 2561 4943 πλήθεσιν.
2594 4871 2766 4934 Αύτδς
2798 4869 2897 4942 μὲν
2912 4869 3022 4941 γὰρ
3041 4869 3165 4923 καθ’
3187 4870 3422 4940 ἡσυχίαν
3437 4871 3503 4940 τῇ
3522 4868 3741 4939 ἀσεϐείᾳ

459 4956 570 5011 tibi
613 4957 836 5027 quietus
882 4972 1008 5012 cum
1042 4956 1326 5027 impietate
1359 4960 1674 5026 convictus,
1705 4970 1883 5018 totum
1924 4965 2045 5037 ejus

465 5049 650 5104 rivum
689 5048 937 5104 ebibisti.
963 5048 1058 5104 Ille
1091 5057 1280 5104 autem
1313 5059 1609 5121 postquam
1634 5070 1809 5110 unum
1849 5073 1914 5111 ex
1947 5065 2045 5114 tuo

458 5153 628 5221 emno
643 5149 699 5195 et
716 5156 783 5196 ex
798 5140 1213 5197 tuislutulentis
1234 5141 1586 5214 dogmatibus
1605 5148 1892 5218 rejectum,
1914 5165 2044 5206 sua-

461 5231 563 5298 sit,
582 5232 687 5286 sibi
709 5233 764 5287 in
780 5248 1077 5288 commune
1105 5236 1416 5305 proposuit,
1440 5247 1497 5292 et
1511 5238 1684 5293 solam
1702 5256 1895 5296 vocem
1915 5241 2044 5296 Θεο-

462 5323 647 5388 τὸκον,
675 5323 729 5379 id
753 5333 838 5380 est
865 5324 1180 5395 Deiparam,
1209 5328 1520 5398 prohibuit,
1561 5331 1865 5390 artiﬁciose
1913 5351 2055 5390 con-

541 5526 586 5559 "
620 5524 753 5581 Luc.
781 5543 914 5590 χχιι.
949 5528 1040 5583 45.
1117 5530 1162 5562 ⁸⁰
1189 5530 1351 5586 Deut.
1389 5549 1555 5597 xxxii,
1592 5533 1660 5588 45
1699 5550 1812 5590 sec.
1847 5535 2011 5590 LXX.

551 5683 982 5794 (t3-52)Contra
1000 5726 1315 5798 Magusaos.
1337 5729 1538 5785 Suidas
1569 5730 1763 5796 verbo,
1795 5729 1973 5786 Persa:
2004 5741 2053 5785 et

470 5792 688 5872 ξῖιιςοα,
725 5792 801 5851 ait
853 5797 1056 5872 Ifersas
1091 5792 1316 5872 dictos”
1330 5816 1454 5872 esse
1489 5792 1837 5872 ‘Magusmos.
1884 5801 2053 5858 Intel-

2143 4961 2554 5036 συγγινόμενος,
2607 4964 2728 5018 ὅλον
2761 4963 2934 5034 αὐτῆς
2991 4962 3330 5025 ὲκπέπωκας
3377 4959 3471 5014 τὸν
3534 4961 3738 5031 ὀχετόν.

2156 5055 2395 5122 Ἐκεῖνος
2425 5057 2482 5111 δὲ
2517 5057 2710 5128 ἐπειδὴ
2748 5056 2807 5108 ’ἐν
2840 5073 2894 5108 τι
2931 5054 3042 5108 τῶν
3075 5054 3184 5108 σῶν
3234 5054 3375 5124 ἀρας
3416 5051 3741 5124 ἀμαρευμά-

2105 5167 2258 5214 ,των
2298 5149 2588 5214 σκύϐαλον,
2648 5153 2731 5212 εἰς
2779 5148 2840 5202 τὸ
2889 5147 3069 5202 κοινὸν
3125 5147 3442 5219 προύτεινε,
3503 5147 3597 5198 καὶ
3647 5143 3740 5214 τὴν

2154 5244 2444 5308 Θεοτόκος
2500 5241 2684 5313 φωνὴν
2743 5240 3097 5311 ἀπηγόρευσε
3162 5239 3354 5310 μόνην,
3418 5237 3738 5308 εὐμηχάνως

2154 5333 2255 5405 μὲν
2280 5333 2420 5405 πρὸς
2441 5333 2538 5398 τάς
2565 5333 2742 5406 ἀρχὰς
2770 5333 2869 5404 τῆς
2901 5331 3161 5402 ἀληθείας
3188 5331 3498 5402 ἱστάμενος,
3545 5330 3639 5383 καὶ
3674 5331 3736 5399 τῇ

2160 5731 2219 5807 ἐν
2244 5731 2461 5802 Περσίδι
2493 5732 2764 5807 μαγικῆς,
2794 5728 2872 5783 De
2906 5727 3088 5798 Magia
3119 5728 3173 5781 in
3191 5725 3410 5782 Perside
3447 5727 3738 5807 {ipsasque

2164 5796 2357 5872 Persas
2382 5796 2591 5872 magos
2619 5796 2881 5872 nominat
2902 5796 3264 5872 Jrniriguswosi
3302 5796 3553 5854 meminit
3582 5796 3740 5868 hujus

472 5865 598 5936 Egit
636 5865 840 5923 autem
866 5865 1131 5925 Leontius
1152 5877 1262 5927 tres
1284 5870 1455 5927 libros
1486 5865 1764 5930 Theodori
1795 5871 1930 5946 Περὶ
1959 5873 2056 5944 τῆς
2165 5871 2349 5944 operis
2379 5865 2609 5928 Photius
2634 5872 2686 5928 in
2721 5886 2816 5927 sua
2845 5865 3188 5924 Bibliotheca.
3217 5866 3355 5923 Tun.

3593 475 3622 539 1
3638 473 3772 535 3'76

3979 1524 3981 1569 Ι

3969 1590 3981 1656 ,ῘΙ

3969 1667 3979 1744 l
