4020 6536
248 428 403 494 1377

1221 432 1388 492 ADV.
1426 430 2136 493 INCORRUPTICOLAS
2171 433 2267 493 ΕΤ
2305 434 2628 494 NESTOR.

3398 431 3534 494 I378

241 548 455 637 πρώτῃ
488 546 583 601 τοῦ
606 548 741 602 Θεοῦ
774 548 934 619 ἡμῶν
985 548 1129 602 κατά
1182 548 1365 620 σάρκα
1415 549 1694 619 γεννήσει,
1744 550 1837 622 τὴν

1954 562 2037 606 tra
2086 552 2243 607 initia
2289 553 2543 607 veritatis
2582 552 2846 607 insistens
2870 591 2884 615 ,
2909 561 2967 606 et
2995 550 3175 622 primo
3212 551 3310 607 Dei
3348 560 3529 609 nostri

239 640 441 693 πᾶσαν
492 637 620 709 ἑξῆς
672 639 918 712 ἀναιρῶν
970 639 1068 693 τοῦ
1130 639 1435 711 μυστηρίου
1504 640 1843 695 ἀκολουθίαν.

240 732 455 802 Ὅμως
478 732 524 785 δ’
550 727 645 786 οὖν
670 732 787 802 ἥλω
813 732 909 786 καὶ
936 732 1036 803 τὴν
1068 732 1306 802 ἐσχάτην
1339 730 1485 784 ἔτισε
1516 731 1696 803 δίκην,
1742 732 1848 799 ἔξω

239 822 403 877 θείου
440 824 605 895 χοροῦ
641 824 780 895 μετά
806 824 915 876 τῶν
944 824 1314 894 ἀσεϐημάτων
1346 817 1423 876 ὧν
1482 824 1546 877 ὲκ
1600 824 1693 876 σοῦ
1752 841 1847 892 γε·

238 908 585 980 γεώργηκεν
631 911 952 975 ἀπελαθεὶς,
982 913 1077 964 καὶ
1105 912 1205 981 τὴν
1234 909 1392 976 ἀξίαν
1418 912 1707 965 ἀντέκτισε
1738 914 1847 967 τῶν

240 1002 365 1054 σῶν
404 1003 745 1072 μαθημάτων
785 1005 1002 1074 ποινήν.
1077 1004 1320 1075 Ἀπόχρη
1376 1007 1473 1058 καὶ
1525 1006 1699 1059 ταῦτα
1749 1009 1845 1078 τὴν

240 1097 441 1148 πᾶσαν
466 1096 561 1149 τοῦ
593 1097 789 1168 ἀνδρὸς
824 1099 1181 1169 παραστῆσαι
1210 1099 1493 1163 ἀσέϐειαν,
1531 1098 1591 1163 ἐξ
1635 1100 1841 1169 ὄνυχος,

239 1184 277 1261 ᾖ
306 1206 467 1258 ῳασι,
505 1189 903 1243 ὑποδεικνύντα
937 1190 1031 1243 τὸν
1062 1190 1277 1246 λέοντα.
1325 1190 1385 1242 El
1412 1189 1468 1242 δέ
1507 1207 1592 1253 τις
1624 1191 1846 1243 ἀπιστεῖ

237 1280 483 1345 τούτοις,
510 1282 605 1333 καὶ
631 1282 739 1351 γὰρ
769 1281 938 1344 ὅντως
966 1282 1106 1334 εἰσιν
1139 1282 1399 1345 ἀπιστίας
1450 1282 1599 1345 ἀξια,
1643 1282 1737 1335 καὶ
1781 1282 1842 1334 οὐ

244 1372 548 1443 μέμφομαι
597 1373 692 1426 τοῦ
734 1375 942 1437 πάθους
990 1374 1335 1427 δικαιοτάτου
1395 1391 1459 1443 γε
1505 1374 1679 1437 ὄντος.
1722 1376 1843 1428 ἐπεὶ

238 1465 310 1515 τὸ
346 1466 422 1534 μὴ
456 1465 711 1518 ἀπιστεῖν
740 1465 849 1517 τῶν
892 1465 1155 1519 τοιούτων
1200 1465 1389 1519 κακῶν
1430 1466 1530 1519 οὐκ
1585 1467 1837 1536 ἄμοιρον,

242 1555 470 1627 ἐλέγχει
498 1558 591 1611 τὸν
628 1558 830 1629 ῥᾳδίως
853 1558 1245 1613 πιστεύσαντα.
1280 1559 1353 1613 Τὸ
1384 1559 1496 1629 γάρ
1525 1560 1605 1622 εἰς
1632 1575 1841 1626 συγκα-

238 1650 477 1703 τάθεσιν
510 1650 753 1721 ἕτοιμον,
788 1654 883 1705 καὶ
911 1654 993 1715 είς
1026 1655 1224 1722 πεῖραν
1268 1654 1640 1719 ἑτοιμότατον.
1699 1652 1842 1704 ’Δλλ’

239 1743 401 1812 ἡμᾶς
430 1758 495 1811 γε
524 1745 557 1813 ὴ
583 1746 771 1814 πεῖρα,
803 1744 870 1815 ἦν
900 1761 959 1797 τε
991 1746 1053 1797 ὲκ
1082 1744 1191 1797 τῶν
1219 1744 1419 1813 βίϐλων
1452 1743 1618 1797 αὐτοῦ
1658 1760 1839 1796 συνει-

240 1833 521 1905 λέγμεθα,
546 1836 639 1889 καὶ
663 1837 730 1909 ἣν
754 1837 817 1889 ἐκ
841 1836 951 1890 τῶν
972 1836 1279 1908 ζηλούντων
1302 1837 1465 1890 αὐτὸν
1488 1835 1836 1906 ἀκηκόαμεν.

1951 642 2258 696 secundum
2309 657 2532 697 carnem
2564 650 2717 708 ortu,
2754 651 2924 697 totam
2974 643 3235 714 deinceps
3279 648 3528 719 mysterii

1950 734 2401 787 consecutionem
2452 733 2767 789 destruens.
2820 734 3025 804 Captus
3072 745 3256 790 tamen
3308 747 3427 803 est;
3473 747 3532 793 et

1948 840 2226 878 summum
2279 825 2618 895 supplicium
2668 825 2878 881 subivit
2923 828 3136 897 ejectus
3162 844 3227 883 ex
3265 839 3412 884 ctetu
3442 830 3530 884 dio

1947 916 2078 969 vino
2100 931 2227 971 cum
2264 916 2664 987 impietatibus,
2692 919 2749 971 in
2780 918 2986 987 quibus
3007 936 3035 973 a
3070 931 3121 974 te
3147 922 3383 990 sumptis
3406 922 3529 975 cul—

1949 1014 2037 1059 tus
2075 1006 2197 1075 ejus
2250 1006 2561 1061 elaboravit
2590 1024 2602 1061 :
2638 1022 2940 1076 poenasque
2975 1009 3248 1063 doctrinis
3298 1011 3408 1065 tuis
3436 1012 3527 1065 di-

1946 1111 2082 1166 gnas
2117 1097 2566 1166 persolvit.Satis
2600 1108 2731 1153 sunt
2761 1099 2880 1153 haec
2908 1099 2975 1152 ad
3010 1103 3525 1170 repraesentandam

1947 1188 2105 1243 istius
2138 1190 2243 1243 viri
2283 1190 2652 1258 impietatem,
2687 1207 2829 1257 quae,
2867 1200 2927 1245 ut
2971 1202 3059 1246 est
3113 1193 3169 1246 in
3203 1195 3524 1263 proverbio,

1944 1297 2013 1334 ex
2073 1282 2359 1352 unguibus
2417 1283 2635 1336 leonem
2688 1282 3097 1337 demonstrant.
3130 1283 3187 1338 Si
3224 1286 3350 1353 quis
3390 1300 3528 1340 vero

1945 1372 2063 1425 haec
2119 1386 2232 1424 non
2276 1372 2477 1435 credit,
2508 1381 2639 1425 sunt
2686 1371 2834 1425 enim
2895 1387 3085 1425 revera
3119 1373 3283 1442 digna
3322 1382 3383 1427 ut
3413 1389 3525 1427 non

1944 1461 2249 1517 credantur
2274 1482 2286 1517 :
2313 1463 2433 1516 Non
2469 1465 2752 1533 vitupero,
2776 1478 2958 1531 neque
2989 1464 3382 1533 queror,quod
3417 1464 3526 1520 hoc

1943 1553 2179 1613 accidat.
2204 1556 2336 1623 quia
2367 1570 2478 1608 non
2520 1555 2704 1609 videri
2756 1555 2870 1609 haec
2906 1556 3251 1610 incredibilia
3278 1559 3525 1614 ostendit

1941 1663 2067 1701 eum
2111 1648 2206 1717 qui
2243 1648 2405 1701 facile
2432 1647 2692 1712 credidit,
2730 1664 2840 1701 non
2878 1664 2999 1703 esse
3022 1659 3303 1717 expertem
3326 1651 3529 1721 hujus-

1942 1739 2092 1792 modi
2172 1739 2471 1794 malorum.
2520 1738 2676 1804 Quod
2740 1739 2892 1793 enim
2948 1748 3034 1793 est
3070 1751 3322 1808 paratum
3358 1751 3415 1796 et
3464 1742 3523 1797 in

1942 1838 2204 1899 promptu
2236 1837 2297 1883 ut
2323 1844 2608 1884 assensum
2648 1830 2869 1893 habeat,
2904 1832 3070 1885 etiam
3120 1840 3204 1885 est
3242 1833 3524 1901 paratissiv

240 1899 506 1981 ἀπιστεῖν
554 1930 656 1983 οὐκ
686 1899 1036 2001 ’ἐπιτρέπεις
1057 1929 1260 1998 καίπερ
1289 1899 1597 1994 ἐθέλονταςξ
1630 1899 1753 1991 Πῶς
1782 1928 1837 1981 δὲ

1941 1938 2091 1977 mum
2146 1923 2215 1977 ad
2274 1923 2696 1993 experientiam.
2727 1924 2797 1979 At
2828 1939 2931 1978 nos
2970 1899 3319 1994 experientia
3353 1941 3524 1996 quam

248 2021 349 2073 καὶ
372 2020 627 2075 ἀπιστεῖν
682 2022 976 2093 δυναίμην,
1034 2023 1144 2076 τῶν
1184 2022 1372 2076 κακῶν
1416 2023 1517 2091 τὴν
1549 2022 1749 2091 πεῖραν
1780 2022 1839 2073 ὲν

240 2110 477 2183 ἐμαυτῷ
506 2116 653 2184 σχεῖν
678 2114 1037 2178 κινδυνεύσας
1066 2131 1081 2180 ;

1936 2034 2004 2072 ex
2057 2018 2217 2071 libris
2253 2019 2375 2087 ejus
2408 2018 2758 2088 collegimus,
2791 2027 2845 2072 et
2876 2035 3041 2088 quam
3075 2036 3143 2074 ex
3184 2020 3253 2073 iis
3272 2020 3521 2089 quicum

1937 2109 2185 2162 studiose
2222 2108 2421 2162 imitati
2452 2110 3077 2175 sunt,audivimus,non
3110 2112 3382 2181 permittit
3404 2128 3518 2166 non

243 2204 477 2259 credere
506 2220 634 2258 cum
660 2205 867 2274 alioqui
899 2206 1187 2260 vellemus.
1217 2204 1508 2272 Quomodo
1541 2220 1674 2261 vero
1701 2216 1922 2277 possem
1970 2216 2081 2254 non
2135 2199 2392 2264 credere,
2451 2202 2547 2270 qui
2616 2203 2887 2256 malorum
2950 2202 3396 2273 experimentum
3459 2203 3520 2258 in

243 2314 336 2353 me
363 2299 482 2369 ipso
520 2299 727 2355 habere
758 2300 911 2356 visus
938 2301 1104 2355 sum?

319 2433 443 2487 ΛΘ’.
472 2433 535 2484 Ol
565 2432 621 2484 δὲ
652 2431 793 2502 (οὐδὲ
821 2432 931 2501 γάρ
956 2434 1061 2485 sic:
1105 2434 1280 2501 σοφοὶ,
1336 2433 1479 2503 πλὴν
1531 2436 1694 2503 μόνου
1734 2433 1832 2487 τοῦ

246 2523 617 2593 κακοποιεῖν),
640 2524 766 2577 ἐπεὶ
796 2524 1153 2596 μὴδύνανται
1186 2526 1328 2594 ὑπὲρ
1370 2526 1577 2579 τούτων
1633 2527 1832 2579 ἀπολο-

250 2614 549 2686 γήσασθαι,
610 2616 705 2670 τὸν
752 2616 927 2687 μέγαν
975 2618 1108 2688 ήμτν
1159 2616 1508 2687 προτείνουσι
1550 2617 1833 2671 Βασίλειον

250 2711 573 2779 γεγραφότα
628 2725 688 2761 τε
738 2709 1010 2780 Διοδώρῳ,
1058 2710 1154 2762 καὶ
1208 2709 1613 2779 ἀποδεξάμενον
1666 2709 1832 2765 αὑτοῦ

250 2817 374 2854 τινα
400 2801 509 2854 τῶν
541 2801 669 2871 περὶ
696 2800 930 2870 Τριάδος
961 2803 1362 2870 συνταγμάτων
1398 2816 1413 2832 ο
1454 2801 1517 2853 οὐ
1540 2800 1650 2872 γὰρ
1681 2801 1837 2854 ιναν-

252 2890 588 2961 θρωπήσεως
614 2893 790 2944 είπεῖν
816 2892 1034 2962 ἔχουσιν
1056 2891 1252 2956 ἄλλους
1276 2892 1334 2945 τέ
1376 2909 1529 2955 τινας
1571 2892 1680 2944 τῶν
1728 2893 1840 2945 Πα-

251 2980 449 3048 τὲρων,
476 2980 510 3050 ἢ
542 2980 911 3051 γεγραφότας,
940 2980 975 3051 ἢ
1007 2983 1395 3052 μεμνημένους
1416 2980 1580 3034 αὑτοῦ
1603 2998 1837 3052 παρεισ-

253 3071 571 3127 κυκλοῦσιν.

324 3188 415 3241 Μ’.
463 3187 569 3239 Τδν
614 3187 671 3240 δὲ
710 3185 997 3258 Ὠριγὲνην
1030 3187 1093 3240 οὐ
1130 3184 1523 3257 θαυμάζουσιν,
1553 3186 1636 3239 ὅτι
1665 3187 1693 3239 ὁ
1724 3185 1835 3239 τῶν

258 3278 551 3349 θαυμάτων
591 3278 880 3350 ἐπώνυμος
912 3279 1236 3353 Γρηγόριος,
1287 3277 1379 3332 τὸν
1409 3279 1681 3350 ὲξιτήριον
1710 3295 1835 3333 συν-

257 3369 486 3435 τάττων,
533 3370 757 3441 μυρίους
786 3371 1077 3441 ὲγκωμίων
1123 3370 1376 3434 διέξεισιν
1406 3372 1486 3433 είς
1527 3370 1689 3425 αὐτὸν
1738 3369 1838 3423 κύ-

261 3460 438 3525 κλους.
474 3462 584 3514 Καὶ
606 3462 657 3515 τί
678 3462 821 3530 λέγω
864 3462 1148 3533 Ὠριγένην
1181 3479 1196 3528 ;
1242 3462 1417 3515 Ὅπου
1445 3478 1509 3530 γε
1540 3462 1636 3515 καὶ
1677 3461 1836 3514 Ἀπο-

260 3555 523 3626 λινὰριος,
584 3556 613 3608 ὁ
666 3554 813 3609 κατά
869 3556 1161 3625 διάμετρον
1211 3554 1360 3625 αὐτῷ
1420 3557 1521 3625 τῆς
1582 3555 1838 3626 ἀληθείας

260 3646 618 3715 ἀποσφαλεὶς,
653 3646 855 3717 μυρίας
918 3647 1055 3719 πρὸς
1110 3648 1273 3702 αὐτὸν
1332 3648 1622 3711 ἐπιστολὰς
1676 3666 1836 3718 γεγε-

262 3738 452 3808 νῆσθαι
494 3737 769 3808 κομπάζει
806 3738 1129 3792 Ἀθανασίου
1180 3758 1240 3793 τε
1288 3738 1384 3793 τοῦ
1449 3741 1711 3810 μεγάλου,
1743 3743 1836 3793 καὶ

263 3829 629 3899 Σαραπίωνος,
654 3830 748 3883 καί
778 3847 840 3898 γε
885 3830 994 3884 τῶν
1044 3831 1220 3885 ἄλλων
1253 3833 1366 3885 ὅσοι
1414 3832 1532 3885 τότε
1577 3832 1835 3901 γεγόνασι

262 3917 496 3987 λαμπροὶ
518 3919 831 3989 φωστῆρες,
854 3918 951 3971 καὶ
979 3919 1371 3989 τῆςάληθείας
1419 3919 1690 3990 πρόμαχοι
1718 3934 1733 3950 ’
1787 3919 1840 3972 εἰ

261 4009 316 4061 δέ
342 4026 423 4071 τις
451 4008 547 4080 τὴν
577 4010 708 4079 ὃλην
731 4009 870 4080 μετά
902 4012 1088 4081 χεῖρας
1134 4010 1312 4075 λάϐοι,
1369 4012 1435 4083 ἢν
1481 4014 1510 4065 ὁ
1560 4010 1832 4083 γνώριμος

276 4099 645 4169 Ἀπολιναρίου
699 4099 965 4171 Τιμόθεος
1018 4101 1481 4174 ὲκκλησιαστικὴν
1548 4105 1833 4159 συντάττει

267 4189 523 4261 ἱστορίαν,
547 4191 657 4244 οὐδ’
679 4190 840 4245 ἀλλον
865 4191 988 4245 τινὰ
1018 4191 1111 4245 τοῦ
1145 4192 1403 4247 τοσούτου
1439 4195 1603 4249 πόνου
1633 4196 1833 4250 σκοπὸν

264 4282 499 4352 εὑρήσει,
541 4283 681 4353 πλὴν
727 4284 827 4354 τὴν
894 4285 1270 4355 Ἀπολιναρίου
1324 4285 1607 4354 σύστασιν,
1657 4290 1727 4359 ἢν
1769 4290 1836 4342 ἐκ

269 4375 469 4445 μυρίων
526 4378 932 4447 συγκεκρότηκε
990 4377 1099 4431 τῶν
1156 4377 1253 4431 ἀπ’
1303 4377 1471 4431 αὑτοῦ
1505 4396 1565 4432 τε
1600 4379 1697 4432 καὶ
1751 4380 1833 4443 εἰς

265 4468 418 4519 αὐτὸν
446 4468 766 4538 γραφεισῶν
787 4485 844 4521 τε
869 4469 966 4522 καὶ
1008 4469 1449 4539 ἀντιγραφεισῶν
1485 4471 1783 4524 ἐπιστολῶν
1814 4487 1829 4501 ⁸

2004 2428 2249 2483 XXXIX.
2278 2428 2373 2484 lsti
2398 2444 2534 2483 vero
2570 2429 2701 2499 (non
2748 2429 2898 2484 enim
2926 2438 3056 2484 sunt
3082 2432 3381 2501 sapientes,
3406 2434 3513 2489 nisi

1932 2521 1999 2575 ad
2057 2522 2420 2593 nocendum),
2467 2522 2596 2593 quia
2632 2540 2742 2577 non
2786 2524 3158 2592 possunthazc
3192 2524 3513 2591 defendere,

1932 2614 2208 2684 objiciunt
2239 2616 2407 2669 nobis
2424 2630 2683 2684 magnum
2710 2616 3107 2686 Basilium,qui
3126 2617 3195 2671 ad
3217 2618 3519 2673 Diodorum

1933 2706 2245 2774 scripserit,
2265 2718 2323 2760 et
2345 2707 2596 2776 quaedam
2622 2709 2742 2777 ejus
2774 2708 2842 2762 de
2873 2708 3142 2763 Trinitate
3178 2712 3382 2780 scripta
3414 2728 3511 2783 ap-

1934 2795 2255 2865 probaverit
2283 2815 2294 2851 :
2328 2814 2438 2852 non
2472 2798 2621 2852 enim
2655 2799 2724 2853 de
2756 2798 3139 2855 incarnatione
3170 2812 3403 2871 possunt
3426 2803 3519 2858 di-

1934 2904 2096 2953 cere;
2120 2890 2386 2958 quosdam
2420 2891 2586 2944 etiam
2628 2891 2825 2945 Patres
2844 2892 2940 2960 qui
2970 2892 3040 2947 de
3068 2908 3135 2947 eo
3168 2893 3517 2964 scripserunt

1934 2989 2032 3034 aut
2069 2981 2465 3045 meminerunt,
2497 2982 2920 3039 circumferunt.

2010 3180 2124 3236 XL.
2177 3180 2470 3252 Origenem
2522 3198 2657 3238 vero
2693 3199 2804 3239 non
2852 3186 3216 3251 admirantur,
3253 3190 3516 3259 quoniam

1938 3269 2236 3341 Gregorius
2276 3274 2367 3342 qui
2406 3289 2435 3328 a
2472 3274 2757 3330 miraculis
2786 3276 3055 3333 faciendis
3086 3291 3511 3350 cognomentum

1938 3363 2117 3429 duxit,
2143 3366 2197 3419 in
2221 3366 2471 3421 oratione
2504 3384 2667 3437 quam
2696 3368 2750 3422 in
2782 3369 3028 3425 discessu
3052 3387 3153 3425 suo
3176 3375 3510 3442 composuit,

1939 3456 2186 3513 infinitas
2208 3458 2407 3514 laudes
2427 3462 2549 3531 ejus
2575 3461 2948 3531 persequitur.
2975 3462 3043 3517 Et
3072 3464 3205 3533 quid
3231 3465 3356 3520 dico
3386 3465 3499 3521 Ori-

1937 3564 2130 3618 genem
2146 3551 2169 3603 ?
2184 3550 2641 3622 Quandoquidem
2666 3553 3059 3622 Apollinarius,
3078 3557 3172 3624 qui
3194 3557 3420 3612 omnino
3444 3574 3512 3613 ex

1937 3637 2174 3693 adverso
2206 3641 2319 3711 (55)
2355 3643 2405 3695 ei
2443 3658 2472 3696 a
2516 3643 2752 3698 veritate
2782 3644 3082 3704 aberravit.
3120 3647 3389 3717 gloriatur
3423 3648 3511 3703 in-

1936 3731 2312 3787 numerabiles
2359 3734 2618 3802 epistolas
2651 3734 2719 3788 ad
2748 3751 2875 3789 eum
2906 3738 3140 3805 scriptas
3174 3752 3295 3792 esse
3338 3738 3513 3794 Atha-

1935 3820 2077 3875 nasii
2114 3823 2320 3893 magni,
2354 3833 2411 3878 et
2443 3824 2785 3894 Serapionis,
2818 3838 2874 3880 et
2905 3827 3163 3891 aliorum,
3190 3828 3510 3900 quicunque

1936 3910 2163 3967 [uerunt
2192 3924 2326 3970 tunc
2358 3914 2624 3985 fulgentia
2680 3916 2884 3982 sidera,
2913 3927 2969 3972 et
3010 3919 3259 3974 veritatis
3298 3937 3513 3990 propu-

1935 4012 2194 4072 gnatores
2225 4014 2317 4059 :et
2351 4006 2394 4059 si
2426 4006 2552 4075 quis
2580 4006 2633 4059 in
2661 4022 2854 4063 manus
2876 4018 3057 4063 sumat
3080 4010 3513 4066 ecclesiasticam

1935 4092 2225 4149 historiam
2262 4111 2425 4165 quam
2470 4096 2795 4151 Timotheus
2834 4096 3161 4167 Apollinarii
3194 4099 3509 4172 discipulus

1935 4187 2263 4255 composuit,
2292 4188 2504 4242 nullum
2530 4188 2701 4243 alium
2728 4187 2891 4243 finem
2919 4190 3052 4244 tanti
3074 4190 3280 4246 laboris
3307 4209 3514 4263 propo-

1934 4280 2100 4333 situm
2131 4278 2236 4349 ipsi
2273 4280 2537 4349 reperiet,
2565 4296 2727 4350 quam
2768 4280 3299 4337 commendationem
3337 4286 3510 4353 Apol-

1933 4369 2138 4432 linarii,
2189 4384 2350 4439 quam
2397 4386 2465 4424 ex
2513 4386 2580 4424 eo
2624 4370 2867 4439 collegit,
2915 4371 3065 4439 quod
3099 4372 3169 4425 ab
3211 4372 3329 4442 ipso
3357 4384 3413 4428 et
3439 4375 3512 4429 ad

1936 4461 2115 4531 ipsum
2138 4461 2366 4515 inﬁnita!
2384 4461 2631 4531 epistolae
2657 4462 2877 4531 scriptae
2899 4470 2955 4516 et
2973 4463 3254 4533 rescripta:
3284 4475 3467 4519 essent
3492 4484 3513 4520 :

263 4561 310 4612 οἱ
346 4558 391 4611 δ’
420 4558 575 4612 αὐτοί
600 4576 690 4627 μοι
726 4558 945 4613 δοκοῦσι
975 4560 1070 4614 καὶ
1116 4562 1309 4631 Δημᾶν
1354 4560 1494 4630 τάχα
1540 4564 1832 4631 συστήσειν

1940 4551 2026 4620 qui
2077 4552 2214 4605 mihi
2264 4551 2526 4606 videntur
2583 4552 2775 4606 eadem
2825 4550 3038 4606 ratione
3070 4553 3295 4606 Demam
3347 4555 3513 4610 nobis

266 4652 412 4720 ἡμῖν,
444 4650 525 4703 ὃτι
562 4650 655 4701 καὶ
686 4647 896 4713 Παῦλος
927 4648 1092 4703 αὐτὸν
1132 4649 1427 4719 Ῥωμαίοις
1478 4652 1833 4722 συνέστηκεν,

268 4743 354 4795 καὶ
385 4742 474 4796 τὸν
511 4740 713 4795 Ἰούδαν
737 4741 1050 4794 συντάττειν
1078 4741 1157 4811 τῷ
1187 4740 1332 4812 χορῷ
1362 4740 1470 4793 τῶν
1496 4742 1832 4806 ἀποστόλων,

268 4833 521 4898 πολλάκις
550 4832 627 4903 τῷ
654 4831 870 4904 Σωτῆρι
901 4830 1287 4885 συναλισθέντα
1313 4849 1328 4861 '
1351 4831 1467 4885 ἀλλ’
1489 4832 1835 4886 ἁκουὲτωσαν

270 4925 356 4978 καὶ
382 4925 514 4996 πρὸς
542 4926 575 4996 ὴ
586 4922 724 4995 μῶν,
755 4922 830 4985 ὠς
860 4924 908 4976 εί
945 4920 1189 4993 μέλλοιεν
1240 4920 1341 4985 τὰς
1379 4922 1515 4992 πρός
1541 4939 1695 4984 τινας
1724 4923 1833 4975 τῶν

274 5015 521 5085 Ιιατέρων
550 5014 944 5086 γεγραμμένας
972 5010 1283 5077 ἐπιστολὰς,
1315 5011 1420 5083 πρὸ
1446 5011 1545 5080 τῆς
1576 5010 1833 5083 ἀληθείας

275 5102 550 5168 αἰδεῖσθαι,
583 5106 643 5157 οὐ
692 5103 967 5171 Θεόδωρον
1005 5102 1037 5172 ἢ
1073 5101 1338 5172 Διόδωρον
1371 5100 1553 5171 μόνον,
1580 5099 1716 5153 ἀλλά
1741 5101 1834 5153 καὶ

277 5194 459 5257 ἄλλους
507 5196 756 5259 πολλοὺς,
793 5196 889 5249 καὶ⁵
917 5193 1008 5257 οὓς
1035 5193 1142 5247 οὐδ’
1170 5192 1324 5246 αὐτοὶ
1351 5191 1652 5262 βούλονται,
1692 5210 1835 5262 συμ-

276 5284 669 5357 παραδέχεσθαι
694 5287 1096 5358 βιασθήσονται.

340 5378 471 5432 MA'.
499 5373 623 5431 Οἷον
643 5379 698 5431 δὲ
725 5378 906 5433 αὐτῶν
929 5380 1150 5433 κάκεῖνο
1172 5394 1184 5407 ·
1232 5376 1350 5446 Ἐφ’
1385 5370 1466 5441 οἷς
1494 5375 1627 5448 γὰρ,
1648 5378 1835 5448 φησὶν,

277 5468 519 5524 εὐθύνετε
557 5469 833 5539 Θεόδωρον
873 5470 906 5541 ἢ
962 5471 1248 5541 Διόδωρον,
1297 5468 1393 5522 καί¹
1441 5469 1567 5532 τοὺς
1614 5468 1835 5532 λοιποὺς

280 5557 519 5632 Ματέρας
572 5561 853 5625 ὑπαιτίους
904 5561 1247 5633 εὑρίσκομεν.
1304 5560 1413 5613 Καὶ
1466 5559 1833 5629 προφέρουσιν

1936 4642 2402 4704 commendaturi,
2456 4641 2585 4711 quia
2636 4642 2840 4696 Paulus
2887 4657 3016 4697 eum
3058 4642 3320 4698 Romanis
3352 4660 3507 4700 com-

1935 4733 2247 4799 mendavit;
2282 4743 2339 4789 et
2366 4734 2561 4790 Iudam
2614 4734 2786 4788 choro
2817 4736 3196 4805 apostolorum
3236 4736 3511 4793 adnume-

1935 4842 2081 4890 rare,
2106 4826 2237 4896 quia
2253 4842 2397 4896 ειερο
2426 4843 2550 4881 cum
2575 4826 2859 4882 Salvatore
2880 4828 3065 4882 cibum
3095 4830 3329 4899 sumpsit
3364 4848 3376 4883 :
3409 4831 3514 4885 sed’

1937 4916 2167 4971 audiant
2192 4933 2222 4971 a
2252 4917 2435 4980 nobis,
2467 4917 2615 4987 quod
2644 4918 2689 4971 si
2711 4918 2937 4989 scriptis
2963 4918 3214 4987 epistolis
3243 4921 3514 4991 majorem

1935 5010 2333 5075 reverentiam,
2384 5026 2548 5080 quam
2600 5009 2818 5065 veritati
2852 5010 3118 5065 adhibere
3149 5011 3364 5076 volunt,
3395 5028 3513 5067 non

1934 5101 2114 5154 solum
2139 5101 2492 5156 Theodorum
2522 5110 2617 5157 aut
2642 5102 2963 5166 Diodorum,
2991 5102 3085 5156 sed
3114 5110 3170 5157 et
3198 5103 3335 5157 alios
3368 5104 3510 5159 mul-

1935 5198 2044 5256 tos,
2099 5199 2155 5245 et
2209 5207 2351 5262 quos
2396 5207 2500 5247 nec
2527 5192 2630 5262 ipsi
2678 5192 2892 5258 volunt,
2926 5193 3284 5263 comprobare
3309 5208 3518 5264 cogen-

1937 5293 2051 5338 llll'.

2011 5374 2146 5429 XLI.
2173 5374 2343 5442 Quale
2373 5384 2639 5447 praeterea
2670 5383 2754 5431 est
2788 5375 2947 5440 illud,
2984 5375 3039 5429 in
3070 5376 3515 5446 quibus,inquit,

1941 5468 2220 5537 corrigitis
2274 5468 2627 5523 Theodorum
2685 5476 2779 5522 aut
2825 5468 3147 5531 Diodorum,
3196 5467 3250 5541 in
3300 5466 3514 5522 eisdem

1939 5559 2107 5613 etiam
2135 5560 2381 5632 reliquos
2413 5561 2605 5615 Patres
2631 5574 2754 5614 reos
2783 5574 2903 5615 esse
2935 5558 3264 5630 reperimus.
3287 5557 3353 5612 Et
3384 5573 3514 5628 pro-

343 5758 465 5833 (εὖ),
505 5760 625 5833 Qui,
650 5744 862 5833 omnino
896 5775 959 5813 ea:
1003 5759 1241 5813 adverso.
1308 5756 1484 5833 Etiam
1520 5756 1651 5811 hinc
1675 5755 1849 5833 liquet
1956 5760 2229 5833 cum‘hgec
2261 5759 2576 5828 scriberet;
2626 5775 2752 5818 eum
2784 5758 3077 5833 Origenem
3115 5771 3367 5815 errorum
3414 5771 3529 5833 ar-v

287 5826 565 5887 Leontium
592 5830 844 5902 Origenis
871 5836 1198 5887 sectatorem
1229 5842 1338 5882 non
1384 5827 1575 5891 fuisse,
1638 5826 1834 5883 saltem

1944 5830 2094 5897 guat.
2138 5830 2275 5885 Tun.
