4068 6534
475 433 611 497 I379
1719 416 2034 480 LEONTII
2074 409 2478 475 BYZANTl'NI
3624 406 3787 472 ιδῃ)

470 542 658 596 ferunt
688 534 850 591 nobis
881 548 946 588 ex
983 530 1288 600 Serapione
1319 529 1552 598 quidem
1593 527 1752 590 illud,
1782 528 1929 581 Deus
1971 526 2069 578 ho-

2176 525 2302 594 ἡμῖν
2331 518 2684 592 Σαραπίωνος
2719 519 2819 591 μὲν
2847 519 2928 586 τὸ,
2965 519 2997 574 ό
3027 519 3160 584 Θεὸς
3198 519 3293 573 τὸν
3329 517 3625 590 ἄνθρωπον
3673 534 3783 570 πε-

470 633 680 687 niinem
701 627 917 692 induit;
946 640 1014 680 ex
1038 623 1241 678 Basilio
1266 630 1472 685 autem,
1501 620 1664 674 homo
1685 617 1892 683 deifer;
1917 616 2053 670 illud

2176 613 2451 686 ριεϐάλετο
2479 628 2493 642 ο
2522 611 2806 666 Βασιλείου
2837 612 2894 666 δὲ
2919 612 3001 679 τὸ,
3046 614 3076 666 ό
3125 612 3383 681 θεοφόρος
3424 611 3728 682 ἄνθρωπος
3757 627 3773 640 ο

472 733 773 789 utrumque
793 735 862 774 ex
887 716 1194 787 Gregoriis,
1216 729 1453 785 quorum
1479 713 1620 767 alter
1637 709 1864 781 quidem
1899 709 2060 763 dixe-

2176 703 2298 766 Βεὸς
2319 702 2531 769 λέγοιτο
2562 702 2630 756 ἂν
2662 701 2723 755 οὐ
2747 701 2843 755 τοῦ
2878 703 3080 772 Λόγου,
3115 702 3211 756 τοῦ
3235 701 3514 774 ὁρωμένου
3545 702 3628 765 δὲ,
3669 701 3774 754 τοῦ
3879 758 3886 762 ,

473 815 547 869 rit
575 831 589 866 :
613 812 842 867 Dicatur
888 809 1036 863 Deus
1068 822 1180 862 non
1209 805 1404 866 Verbi.
1432 803 1532 858 sed
1565 803 1687 872 ejus
1727 799 1825 870 qui
1862 813 2057 854 cerne-

473 903 670 966 batur;
708 902 850 955 alter
909 913 1041 952 vero
1094 914 1108 950 :
1151 896 1220 950 Et
1256 895 1403 950 servi
1453 893 1658 946 livores
1707 889 1856 944 circa
1891 901 2056 957 quem

476 996 772 1059 Dominus;
808 1001 866 1047 et
897 989 1164 1061 quasdam
1207 988 1552 1057 reliquorum
1587 985 1813 1039 Patrum
1848 980 2058 1034 similes

2133 848 2137 852 ,
2164 793 2266 866 [δὲ]
2294 793 2622 863 φάσκοντος,
2658 793 2752 848 καὶ
2775 794 2870 848 τοῦ
2897 793 3086 848 δούλου
3109 797 3236 858 τοὺς
3277 794 3580 866 μώλωπας,
3633 797 3782 864 περὶ

2161 885 2220 938 ὃν
2247 888 2276 939 ό
2309 884 2592 955 Δεσπότης
2619 901 2635 916 ο
2685 886 2798 939 τῶν
2847 903 2908 939 τε
2949 887 3156 940 λοιπῶν
3213 887 3476 958 Πατέρων
3533 885 3778 940 τοιαῦτά

2162 993 2286 1030 τινα
2323 975 2793 1047 περιονυχίζοντες
2815 977 3109 1044 ἀποξέουσι
3166 978 3402 1045 λεξείδια
3436 993 3449 1006 ’
3481 973 3596 1030 οἷόν
3641 978 3772 1030 ἐστι

473 1088 701 1142 voculas
738 1085 908 1141 veluti
951 1083 1234 1154 unguibus
1255 1079 1581 1137 corradnnt.
1603 1073 1918 1146 cujusmodi
1951 1080 2055 1136 est,

477 1180 736 1250 Suscepit,
765 1178 1071 1247 assumpsit,
1113 1175 1306 1237 induit,
1337 1183 1395 1227 et
1434 1169 1632 1240 duplex
1683 1175 1821 1231 erat,
1853 1174 1910 1222 et
1951 1164 2059 1220 alia

477 1269 772 1343 ejusmodi,
821 1285 944 1339 quae
970 1266 1339 1323 diﬂerentiam
1372 1271 1692 1317 naturarum
1743 1256 1947 1314 Christi
1976 1271 2062 1311 se-

479 1363 724 1418 cundum
753 1360 1119 1416 substantiam
1144 1356 1422 1411 unitarum
1445 1353 1752 1409 declarant.
1770 1351 1837 1404 Et
1859 1356 2062 1419 praeter

481 1467 680 1512 caetera
720 1457 925 1519 omnia,
956 1453 1144 1524 Cyrilli
1179 1453 1527 1523 hypostases,
1559 1455 1616 1502 et
1661 1445 1942 1500 hominem
1993 1457 2061 1496 ex

484 1547 674 1611 Maria,
711 1556 771 1600 et
798 1544 1063 1614 templum
1093 1558 1162 1598 ex
1188 1541 1434 1611 Virgine.
1493 1536 1705 1593 Deinde
1743 1536 2061 1590 mistionem

483 1649 541 1693 et
568 1638 1007 1694 commistionem
1038 1645 1092 1690 et
1120 1634 1428 1689 naturalem
1459 1629 1846 1692 cohaesionem,
1871 1636 1928 1681 et
1947 1625 2064 1680 dei-

486 1731 820 1793 ﬁcationem,
846 1737 904 1783 et
923 1727 1245 1797 sanguinem
1266 1723 1386 1789 Dei,
1407 1731 1465 1777 et
1483 1736 1729 1786 crucem,
1761 1728 1818 1774 et
1850 1716 2066 1788 passio-

487 1836 645 1886 nem;
667 1827 730 1875 et
761 1819 908 1890 quod
937 1820 1059 1888 plus
1088 1823 1194 1881 est,
1220 1813 1525 1870 secundam
1550 1810 1717 1867 Verbi
1755 1807 2065 1864 secundum

486 1927 708 1967 carnem
767 1910 1370 1982 generationem;cum
1409 1906 1577 1961 iidem
1620 1903 1823 1973 alioqui
1860 1902 2068 1966 dicant,

488 2016 602 2056 non
631 2011 816 2056 tamen
852 1999 941 2054 isti
971 1998 1226 2053 audiunt.

558 2154 625 2208 Et
647 2152 781 2223 quid
803 2166 944 2222 opus
964 2148 1257 2205 estdicere
1278 2147 1346 2202 de
1374 2146 1577 2202 unione
1600 2144 1906 2202 secundum
1937 2144 2065 2201 sub-

489 2245 769 2308 stantiam,
795 2254 851 2299 et
879 2244 949 2298 de
977 2240 1259 2314 hypostasi
1300 2239 1534 2294 duarum
1568 2247 1918 2303 naturarum,
1942 2239 2067 2307 qui-

489 2338 598 2394 bus
645 2337 780 2392 nihil
829 2345 912 2390 est
969 2335 1140 2406 magis
1189 2347 1380 2397 unum,
1408 2339 1466 2387 et
1517 2331 1842 2386 naturaliter
1889 2331 2069 2386 cohae-

492 2429 748 2485 rentius?
777 2429 1026 2484 Primum
1075 2426 1267 2497 igitur,
1305 2424 1442 2479 illud
1498 2433 1583 2480 est
1625 2423 2068 2479 consideratione

492 2521 742 2592 dignum,
773 2521 921 2590 quod
949 2535 1058 2573 non
1087 2527 1174 2572 est
1202 2517 1365 2572 nobis
1393 2517 1461 2572 de
1485 2516 1716 2571 vocibus
1741 2525 2067 2571 controver-

493 2613 594 2678 sia,
633 2611 730 2667 sed
757 2612 826 2666 de
865 2611 1028 2665 modo
1062 2611 1234 2664 totius
1283 2609 1533 2680 mysterii
1559 2607 1785 2663 Christi.
1818 2607 1933 2662 Hoc
1970 2624 2070 2662 au-

493 2713 606 2759 tem
663 2717 772 2757 non
820 2701 1148 2770 simpliciter
1173 2716 1240 2754 ex
1270 2700 1374 2755 hac
1429 2707 1528 2754 aut
1565 2699 1658 2752 illa
1686 2714 1841 2764 voce,
1863 2709 1960 2753 aut
1999 2714 2070 2754 ex

493 2794 822 2866 quibusdam
865 2793 1052 2848 verbis
1097 2802 1184 2848 est
1214 2791 1632 2863 approbandum
1670 2801 1767 2845 aut
1803 2806 2077 2847 accusan-

494 2889 648 2951 dum,
699 2885 795 2941 sed
849 2900 917 2940 ex
968 2884 1166 2955 primis
1210 2883 1524 2954 principiis.
1551 2881 1714 2938 Circa
1757 2883 1874 2937 haec
1919 2883 2068 2937 enim

494 2979 676 3034 omnis
701 2977 928 3033 haeresis
951 2985 1428 3032 controversatur.
1451 2975 1580 3029 Post
1610 2973 1884 3044 principia
1917 2974 2069 3028 enim

493 3083 690 3124 omnes
720 3067 864 3124 inter
886 3081 946 3122 se
973 3066 1041 3121 de
1064 3065 1296 3121 vocibus
1327 3065 1691 3129 conveniunt,
1729 3063 1803 3117 ita
1839 3073 1900 3117 ut
1926 3062 2096 3133 ipsa:

496 3173 618 3210 rum
641 3155 1053 3226 Scripturarum
1082 3170 1247 3210 voces
1278 3155 1386 3209 sibi
1409 3155 1692 3209 vindicent
1717 3169 1814 3208 eas
1840 3153 1908 3208 ad
1937 3168 2070 3224 pro-

495 3247 679 3318 prium
720 3261 946 3316 scopum
986 3246 1491 3301 accommodantes.
1514 3247 1647 3313 Qua:
1669 3263 1800 3302 vero
1816 3257 1948 3302 sunt
1972 3248 2072 3301 ho-

2095 1977 2142 2037 Β

2163 1067 2224 1119 τό
2259 1083 2319 1119 τε
2349 1065 2632 1132 ἀνέλαϐε,
2679 1070 2775 1122 καὶ
2809 1070 3206 1138 προσείληφε,
3257 1071 3351 1124 καὶ
3398 1069 3769 1131 ἐνεδύσατο,

2165 1159 2260 1213 καὶ
2296 1159 2378 1225 τὸ,
2415 1158 2678 1227 διπλοῦς
2711 1161 2823 1231 γὰρ
2851 1158 2949 1231 ἦν,
2988 1163 3086 1215 καὶ
3111 1163 3212 1216 ὅσα
3242 1162 3486 1224 τοιαῦτα,
3508 1161 3607 1230 τῆς
3638 1161 3755 1214 διαο

2167 1254 2339 1323 φορᾶς
2380 1252 2510 1307 όντα
2554 1253 2830 1325 δηλωτικὰ
2877 1254 2987 1307 τῶν
3022 1253 3298 1316 ούσιωδῶς
3325 1252 3622 1324 ήνωμένων
3660 1251 3772 1320 φιλλ

2169 1362 2308 1398 σεων
2359 1345 2454 1398 τοῦ
2506 1345 2773 1416 Χριστοῦ.
2843 1346 2971 1399 Ἐπὶ
3031 1347 3167 1400 πᾶσι
3223 1346 3281 1399 δὲ
3332 1345 3608 1417 Κυρίλλου
3661 1345 3771 1408 τὰς

2167 1437 2519 1502 ὑποστάσεις,
2561 1437 2657 1492 καὶ
2688 1438 2779 1491 τὸν
2821 1439 2888 1491 ἐκ
2925 1439 3144 1509 Μαρίας
3181 1437 3490 1509 ἄνθρωπον,
3520 1437 3620 1492 καὶ
3667 1437 3770 1490 τὸν

2168 1529 2232 1581 ἐκ
2261 1528 2540 1600 Παρθένου
2586 1528 2734 1584 ναόν.
2787 1529 2900 1600 Τὴν
2941 1529 2997 1582 δὲ
3061 1531 3263 1608 κρᾶσιν
3312 1530 3409 1583 καὶ
3452 1530 3770 1598 ἁνάκρασιν

2170 1620 2448 1690 συμφυΐαν
2477 1637 2537 1674 τε
2561 1621 2655 1674 καὶ
2682 1620 2899 1685 θέωσιν,
2932 1615 3074 1690 αἷμά
3105 1638 3166 1673 τε
3191 1619 3351 1684 θεοῦ,
3375 1619 3471 1674 καὶ
3499 1619 3768 1690 σταυρὸν,

2170 1714 2267 1763 καὶ
2323 1711 2518 1776 πάθος,
2573 1713 2669 1766 καὶ
2711 1711 2960 1777 θάνατον,
2991 1712 3087 1765 καὶ
3121 1711 3228 1783 πρὸ
3257 1711 3466 1765 τούτων
3493 1712 3770 1781 δευτέραν

2169 1803 2264 1856 τοῦ
2307 1805 2484 1873 Λόγου
2517 1806 2662 1859 κατὰ
2691 1805 2871 1876 σάρκα
2901 1806 3181 1878 γέννησιν,
3210 1807 3320 1861 τῶν
3353 1806 3536 1860 αὐτῶν
3568 1804 3770 1874 λεγόν-

2168 1909 2271 1948 τωι
2310 1895 2410 1948 οὐκ
2432 1895 2700 1948 ἐπαΐουσι.

2243 2134 2354 2189 Καὶ
2380 2133 2434 2187 τί
2461 2133 2540 2188 δεῖ
2561 2132 2742 2203 λέγειν
2771 2133 2902 2206 περὶ
2957 2134 3059 2206 τῆς
3111 2138 3234 2190 κατ’
3285 2135 3473 2190 οὐσίαν
3524 2135 3623 2190 καὶ
3672 2136 3772 2190 οὑ⁴

2175 2226 2380 2290 σιὼδως
2407 2223 2673 2292 ἐνὼσεως,
2721 2227 2824 2297 τήν
2871 2242 2931 2280 τε
2985 2226 3116 2298 μίαν
3170 2225 3468 2280 ὑπόστασιν
3511 2226 3623 2279 τῶν
3669 2227 3774 2280 δύο

2174 2319 2411 2389 φύσεων,
2477 2311 2553 2372 ὧν
2608 2317 2760 2372 ούδέν
2822 2318 3152 2391 ἐνικὼτερον
3202 2318 3236 2389 ἢ
3304 2319 3770 2388 συμφυέστερον;

2174 2410 2395 2480 Πρῶτον
2421 2409 2520 2481 μὲν
2550 2404 2646 2463 οὖν
2668 2410 2846 2463 ἐκεῖνο
2880 2413 3113 2464 σκοπεῖν
3148 2408 3322 2476 ἄξιον,
3381 2409 3463 2462 ὅτι
3509 2407 3573 2462 ού
3633 2409 3773 2478 περὶ

2172 2501 2372 2567 λέξεων
2401 2503 2553 2556 ἐστιν
2589 2503 2726 2572 ἡμῖν
2773 2501 2836 2555 τὸ
2863 2499 3408 2572 ἀμφισϐητούμενον,
3448 2499 3585 2555 ἀλλὰ
3631 2499 3777 2570 περὶ

2172 2593 2268 2648 τοῦ
2324 2593 2529 2666 τρόπου
2581 2593 2678 2648 τοῦ
2735 2593 2862 2648 ὅλου
2923 2596 3070 2648 κατὰ
3126 2594 3364 2666 Χριστὸν
3434 2592 3769 2664 μυστηρίου.

2176 2685 2346 2740 Τοῦτο
2403 2686 2462 2740 δὲ
2507 2685 2609 2757 οὐχ
2660 2685 2848 2750 ἁπλῶς
2877 2687 2944 2740 ἐκ
2971 2685 3134 2757 τῆσδε
3160 2685 3194 2756 ἢ
3219 2685 3382 2755 τῆσδε
3415 2684 3512 2755 τῆς
3539 2683 3770 2750 λέξεως,

2173 2779 2208 2850 ἢ
2249 2778 2406 2833 ἐνίων
2438 2780 2702 2850 ῥημάτων
2729 2778 2878 2834 εστιν
2908 2779 3208 2851 ἐγκρίνειν,
3253 2778 3288 2850 ἢ
3338 2777 3768 2850 διαγράφεσθαι,

2174 2872 2290 2925 ἀλλ’
2325 2872 2390 2924 ἐκ
2418 2871 2526 2924 τῶν
2554 2873 2787 2944 πρώτων
2817 2872 3022 2944 ἀρχῶν.
3054 2871 3193 2944 Περί⁵
3227 2871 3338 2942 γάρ
3372 2871 3578 2934 ταύτας
3609 2873 3770 2924 πᾶσα

2175 2964 2387 3036 αἵρεσις
2416 2961 2816 3030 διαστασιάζει,
2863 2963 2989 3015 ἐπεὶ
3025 2961 3166 3032 μετὰ
3203 2962 3304 3025 τὰς
3335 2962 3508 3034 ἀρχὰς
3560 2962 3769 3025 πάντες

2176 3057 2310 3109 πᾶσι
2344 3055 2490 3108 κατὰ
2527 3053 2624 3117 τὰς
2663 3053 2838 3120 λέξεις
2869 3053 3271 3131 συμφέρονται,
3316 3054 3394 3117 ib;
3442 3053 3538 3107 καὶ
3581 3052 3767 3107 αὐτῶν

2174 3145 2283 3200 τῶν
2330 3143 2564 3216 Γραφῶν
2619 3143 2721 3206 τὰς
2782 3142 2958 3210 λέξεις
3007 3143 3448 3214 σφετερίζεσθαι,
3486 3145 3624 3214 πρὸς
3671 3143 3766 3196 τὸν

2175 3241 2377 3293 οἰκεῖον
2406 3237 2609 3300 ταύτας
2647 3235 2850 3289 σκοπὸν
2881 3235 3317 3307 ἐφαρμόζοντας.
3349 3233 3506 3298 Τίνες
3535 3233 3593 3287 δέ
3621 3235 3767 3286 εἰσιν

498 3354 620 3392 rum
635 3337 929 3408 principia?
945 3336 1142 3391 modus
1159 3337 1370 3392 scilicet
1384 3337 1609 3391 unionis
1623 3338 1929 3393 secundum
1943 3338 2072 3393 sub-

2177 3333 2232 3385 αί
2260 3330 2466 3384 τούτων
2492 3329 2710 3400 άρχαίς
2771 3331 2800 3383 ό
2843 3328 3045 3400 τρόπος
3094 3326 3297 3399 δηλαδὴ
3341 3326 3442 3397 τῆς
3492 3326 3765 3390 ἐνὼσεως,

498 3430 849 3490 stantiam,ct
869 3428 1177 3483 secundum
1199 3429 1581 3484 habitudinem
1609 3429 1823 3495 factus;
1848 3439 1908 3484 ut
1926 3439 2073 3485 esset

501 3521 558 3575 in
588 3519 928 3574 humanitate
951 3519 1190 3588 perfecta
1212 3519 1458 3574 Verbum
1483 3519 1630 3590 quod
1651 3519 1707 3574 in
1729 3520 1887 3575 nobis
1906 3520 2074 3576 homo

501 3612 735 3669 interior
776 3610 1080 3665 secundum
1125 3612 1452 3680 Apostolum
1480 3611 1848 3682 συνυφεστὼς,
1877 3611 1935 3667 id
1965 3619 2072 3678 est,

500 3700 936 3764 consubsistens,
979 3708 1036 3754 et
1065 3699 1134 3754 ad
1170 3699 1340 3754 totius
1363 3700 1747 3756 deﬁnitionem
1790 3701 2076 3772 pertinens

502 3802 627 3863 post
653 3792 938 3857 unionem,
963 3792 1106 3846 sicut
1130 3792 1325 3848 Patres
1344 3793 1440 3862 qui
1470 3795 1698 3850 Paulum
1727 3794 2077 3851 Samosaten-

502 3897 617 3936 sem
651 3881 981 3952 deposuere,
1015 3881 1398 3936 enuntiarunt.

579 4041 687 4097 Sed
725 4056 905 4112 neque
930 4057 1026 4096 eos
1048 4042 1142 4112 qui
1177 4057 1208 4096 e
1229 4042 1510 4097 contrario
1532 4043 1693 4100 nobis
1716 4054 1863 4101 stant
1887 4055 2077 4102 contra

503 4132 1143 4203 veritatem,quivoees
1202 4134 1330 4197 sibi,
1383 4143 1444 4190 ut
1501 4136 1863 4209 arbitrantur,
1925 4148 2080 4209 aptas

505 4222 816 4294 proferunt,
849 4239 1132 4290 curamus,
1159 4233 1420 4294 tanquam
1459 4224 1542 4281 eis
1572 4242 1672 4281 nos
1702 4236 1924 4282 utentes
1951 4243 2078 4283 cum

505 4313 660 4382 ipsis,
694 4320 789 4368 aut
837 4313 1112 4369 ﬁctionem
1145 4324 1376 4381 naturae,
1405 4325 1502 4370 aut
1535 4317 1918 4372 confusionem
1947 4334 2078 4388 pro-

505 4405 780 4470 liteamur,
813 4420 991 4475 neque
1035 4420 1155 4476 quae
1176 4422 1207 4460 a
1236 4406 1397 4460 nobis
1446 4405 1578 4475 ipsis
1607 4406 1986 4475 proferuntur,
2011 4409 2079 4464 ad

503 4495 928 4562 defendendam,
967 4512 1132 4567 quam
1177 4497 1403 4567 putatis,
1445 4497 1720 4552 ﬁctionem
1751 4497 2077 4566 divinitatis,

502 4599 598 4645 aut
621 4605 817 4645 vanam
839 4606 992 4660 spem
1021 4599 1260 4645 vestram
1293 4590 1347 4644 in
1382 4589 1607 4645 homine
1631 4606 1790 4660 puro,
1817 4600 2078 4662 tanquam

2171 3421 2450 3485 ούσιωδῶς
2477 3420 2592 3474 ἀλλ’
2621 3421 2683 3474 οὐ
2733 3419 3000 3490 σχετικῶς
3049 3419 3292 3488 γεγονώς
3316 3436 3332 3452 ο
3379 3419 3454 3484 ib;
3507 3414 3644 3473 εἶναι
3706 3419 3768 3472 ἐν

2172 3518 2240 3586 τῇ
2269 3513 2451 3586 τελείᾳ
2475 3512 2857 3587 ἀνθρωπότητι
2893 3511 2986 3566 τὸν
3017 3513 3213 3581 Λόγον,
3260 3512 3399 3583 ὅπερ
3435 3512 3495 3565 ἐν
3539 3512 3671 3582 ἡμῖν
3734 3513 3767 3565 ό

2175 3605 2283 3659 ἐσω
2315 3605 2600 3676 ἄνθρωπος
2630 3604 2770 3658 κατὰ
2812 3604 2906 3657 τὸν
2965 3603 3288 3657 ’Λπόστολον
3338 3601 3764 3672 συνυφεστὼς,

2176 3702 2275 3754 καὶ
2296 3700 2377 3764 είς
2402 3699 2497 3752 τὸν
2525 3697 2623 3752 τοῦ
2653 3699 2778 3752 ὅλου
2802 3699 2926 3770 ὅρον
2951 3698 3223 3752 συντελῶν
3251 3696 3389 3767 μετὰ
3418 3697 3516 3767 τῂν
3541 3695 3763 3758 ἕνωσιν,

2178 3793 2324 3847 καθὰ
2354 3792 2449 3846 καὶ
2485 3792 2538 3844 οἱ
2567 3791 2660 3845 τὸν
2695 3791 3018 3861 Σαμοσατέα
3040 3788 3488 3860 στηλιτεῦσαντες
3519 3788 3764 3859 Πατέρες

2177 3880 2544 3952 ἀπεφήναντο.

2248 4040 2394 4094 Ἀλλ’
2424 4039 2550 4094 οὔτε
2573 4038 2685 4094 τῶν
2711 4039 2776 4092 ἐκ
2803 4037 3099 4110 διαμέτρου
3126 4037 3257 4109 ἡμῖν
3286 4036 3424 4108 πρὸς
3468 4037 3570 4108 τὴν
3626 4037 3761 4108 ἀλή-

2180 4130 2330 4185 θειαν
2349 4131 2674 4202 ἱσταμένων,
2696 4129 2818 4193 τὰς,
2837 4128 2912 4192 ib;
2929 4128 3156 4194 οἴονται,
3174 4126 3555 4199 ἁρμοττούσας
3576 4128 3760 4190 αὐτοῖς

2180 4223 2567 4295 προφερόντων
2643 4219 3089 4296 ἐπιστρεφόμεθα
3119 4233 3136 4251 ⁸
3207 4217 3283 4282 ib;
3354 4217 3604 4272 ἐντεῦθεν
3659 4217 3760 4287 τὴν

2179 4314 2400 4386 δόκησιν
2429 4315 2523 4368 καὶ
2551 4313 2650 4385 τὴν
2685 4310 3007 4384 φαντασίαν,
3038 4309 3072 4381 ἦ
3103 4310 3202 4382 τὴν
3251 4307 3463 4380 τροπὴν
3517 4307 3613 4361 καὶ
3660 4307 3761 4377 τὴν

2183 4403 2466 4476 σύγχυσιν,
2521 4405 2640 4476 μετ’
2690 4401 2871 4457 αὐτῶν
2919 4401 3067 4474 ἡμᾶς
3114 4397 3439 4471 πρεσϐεύειν
3467 4414 3482 4430 ·
3531 4395 3658 4452 οὔτε
3699 4395 3760 4448 δὲ

2181 4495 2498 4569 παρ’ύμῶν
2532 4495 2733 4560 αὐτῶν,
2767 4493 2842 4558 ib;
2903 4493 2969 4547 ἂν
3033 4491 3242 4563 οἴησθε,
3300 4490 3380 4554 είς
3435 4488 3761 4560 συνηγορίαν

2181 4591 2280 4662 τῆς
2326 4590 2467 4644 κατὰ
2515 4589 2616 4662 τὴν
2653 4587 2884 4660 θεότητα
2932 4587 3256 4658 φαντασίας,
3291 4587 3324 4658 ἢ
3364 4587 3463 4657 τῆς
3499 4585 3640 4640 κατὰ
3667 4586 3762 4640 τὸν

501 4696 532 4733 a
555 4679 810 4734 Patribus
843 4679 1081 4748 prolata,
1119 4679 1493 4746 admittimus;
1529 4679 1681 4749 quia,
1713 4689 1774 4735 ut
1802 4681 1936 4747 dixi,
1969 4698 2072 4737 non

2183 4683 2339 4755 ψιλὸν
2375 4683 2680 4756 ἄνθρωπον,
2737 4681 2893 4753 ὑμῶν
2921 4680 3157 4752 ματαίας
3185 4679 3421 4744 ἐλπίδος,
3449 4678 3526 4742 ὡς
3559 4677 3624 4731 ἐκ
3650 4676 3763 4731 τῶν

501 4771 570 4827 de
600 4772 830 4827 vocibus
853 4759 1014 4827 nobis
1035 4781 1120 4826 est
1140 4771 1490 4841 disceptatio,
1507 4771 1601 4825 sed
1631 4770 1699 4825 de
1729 4771 1862 4841 ipsis
1885 4772 2074 4839 rebus,

501 4875 559 4920 et
601 4866 795 4920 harum
842 4865 1070 4930 unione,
1119 4875 1177 4919 et
1229 4863 1466 4918 naturali
1521 4863 1867 4929 coliiesione,
1911 4881 2075 4935 quam

503 4960 693 5015 Patres
721 4959 1026 5014 secundum
1074 4955 1438 5012 substantiam
1476 4955 1675 5011 factam
1711 4973 1842 5028 Iesse
1892 4974 2082 5014 sense-

505 5059 635 5106 runt
677 5067 820 5104 :vos
877 5059 1061 5104 autem
1109 5048 1415 5111 secundum
1468 5048 1850 5105 habitudinem
1895 5058 1953 5105 et
1979 5067 2080 5106 vo-

503 5142 772 5195 luntatem
821 5157 942 5195 eam
1003 5139 1352 5196 introducitis
1396 5157 1410 5194 :
1454 5149 1510 5195 et
1557 5141 1659 5197 ista
1720 5144 1921 5199 unione
1981 5160 2080 5200 an-

506 5231 925 5300 thropolatriam
985 5247 1083 5302 per
1135 5231 1244 5286 vim
1297 5233 1547 5298 munitis,
1608 5250 1718 5302 quo
1776 5234 1910 5304 quid
1957 5251 2077 5291 esse

505 5329 688 5392 potest
711 5322 882 5394 magis
907 5323 1175 5393 impium?
1195 5321 1376 5378 Solius
1398 5325 1542 5378 enim
1579 5322 1879 5394 impietatis
1899 5325 2074 5390 Pauli,

506 5413 776 5479 Marcelli,
823 5413 1065 5481 Photini,
1122 5415 1362 5471 Nestorii
1399 5423 1459 5471 et
1506 5415 1781 5471 Theodori
1832 5425 1954 5472 erat
2002 5418 2082 5473 sic

505 5505 736 5570 sentire,
768 5507 862 5576 qui
893 5516 1084 5576 aperte
1104 5505 1385 5562 Christum
1410 5506 1690 5562 hominem
1724 5517 1936 5562 tantum
1959 5525 2081 5566 esse

505 5596 841 5654 definierunt
869 5616 883 5653 :
912 5599 1060 5669 quod
1088 5599 1314 5671 quidem
1351 5601 1734 5671 unusquisque
1763 5601 1999 5672 private,
2027 5611 2085 5657 et

509 5686 564 5741 in
612 5703 903 5745 commune
945 5706 1138 5746 omnes
1182 5690 1353 5746 divini
1375 5692 1642 5748 ‘Ecclesiie
1678 5693 1928 5764 magistri
1949 5709 2084 5749 con-

505 5779 660 5834 cordi
692 5782 966 5837 sententia
987 5792 1320 5840 accusarunt
1339 5794 1395 5840 et
1411 5785 1802 5855 cxploserunt;
1825 5801 1888 5842 ac
1912 5787 2085 5842 maxi-

2179 4775 2444 4847 Πατέρων
2476 4773 2864 4847 προφερόμενα
2895 4769 3236 4845 προσιέμεθα
3262 4785 3278 4800 ο
3331 4768 3650 4840 ἐπειδήπερ,
3682 4767 3761 4832 ὡς

2179 4866 2336 4938 ἔφην,
2372 4865 2449 4937 μὴ
2482 4867 2609 4936 περὶ
2638 4865 2837 4932 λέξεων
2863 4867 2896 4936 ἡ
2926 4865 3168 4936 διαμάχη
3206 4861 3356 4916 ἐστὶν
3409 4863 3565 4933 ἡμῖν,
3622 4860 3762 4916 ἀλλὰ

2182 4961 2308 5031 περὶ
2337 4959 2518 5014 αὐτῶν
2551 4959 2659 5013 τῶν
2682 4959 3046 5030 πραγμάτων,
3079 4959 3173 5012 καὶ
3219 4959 3320 5028 τῆς
3375 4955 3512 5028 πρὸς
3556 4953 3759 5024 ἄλληλα

2180 5055 2388 5108 τούτων
2417 5051 2667 5118 ἐνὼσεώς
2705 5070 2763 5106 τε
2798 5053 2892 5107 καὶ
2943 5052 3242 5123 συμφυΐας,
3287 5050 3355 5122 ἢν
3407 5050 3459 5102 οί
3516 5050 3758 5118 Πατέρες

2181 5145 2456 5209 ούσιωδῶς
2487 5143 2815 5214 γεγενῆσθαι
2842 5144 3171 5216 ἐφρόνησαν,
3209 5142 3366 5213 ὑμεῖς
3409 5141 3465 5195 δὲ
3503 5143 3756 5210 σχετικήν

2181 5252 2242 5288 τε
2273 5237 2369 5290 καὶ
2397 5235 2684 5308 γνωμικὴν
2715 5236 2918 5305 ταύτην
2943 5235 3213 5303 είσάγετε,
3268 5233 3365 5287 καὶ
3411 5233 3498 5285 διὰ
3553 5231 3754 5301 ταύτης

2183 5329 2283 5400 τὴν
2303 5329 2818 5402 ἁνθρωπολατρείαν
2841 5328 3130 5400 κρατύνειν
3157 5325 3409 5399 βιάζεσθε
3442 5340 3456 5358 ⁶
3499 5318 3561 5380 οὗ
3596 5326 3648 5379 τί
3693 5325 3754 5378 ἂν

2183 5419 2392 5488 γένοιτο
2419 5420 2776 5491 ἀσεϐέστερον
2805 5437 2820 5487 ;
2849 5421 2961 5488 Τῆς
2995 5421 3102 5492 γὰρ
3127 5419 3343 5474 Παύλου
3375 5417 3471 5472 καὶ
3501 5416 3752 5489 Μαρκέλ-

2183 5512 2301 5577 λου,
2344 5513 2612 5566 Φωτεινοῦ
2659 5529 2719 5566 τε
2767 5511 2863 5566 καὶ
2896 5511 3194 5583 Νεστορίου
3219 5512 3311 5566 καὶ
3333 5509 3611 5580 Θεοδώρου
3636 5508 3753 5560 δυσ-

2187 5604 2401 5668 σεϐείας
2433 5604 2600 5677 μόνης
2625 5605 2693 5659 τὰ
2719 5605 2945 5660 τοιαῦτα
3003 5609 3241 5678 φρονεῖν,
3285 5605 3396 5658 τῶν
3462 5604 3618 5674 ψιλὴν
3665 5603 3754 5657 dv-

2186 5696 2406 5770 θρωπον
2457 5697 2548 5751 τὸν
2602 5697 2835 5770 Χριστὸν
2875 5699 3136 5772 ἄντικρυς
3172 5698 3589 5771 διορισαμένων,
3616 5697 3754 5763 ᾰπερ

2191 5789 2298 5862 ἰδίᾳ
2328 5806 2385 5844 τε
2417 5789 2665 5858 ἕκαστος,
2693 5792 2786 5848 καὶ
2821 5793 2974 5864 κοινῇ
3021 5793 3223 5858 πάντες
3265 5793 3314 5846 0i
3355 5789 3610 5863 θεηγόροι
3658 5786 3753 5856 τῆς
