4068 6524
318 413 449 479 I381
1244 412 1417 474 ADV.
1456 411 2169 473 INCORRUPTICOLAS
2211 412 2303 471 ET
2345 412 2664 473 NESTOR.
3453 367 3590 477 ωε,

324 527 653 598 Ἐκκλησίας
686 525 1064 601 μυσταγωγοὶ,
1118 525 1423 596 ὁμόφροσιν
1465 524 1775 593 ἀποφάσεσι
1821 526 1895 579 δι-

2008 541 2093 579 me
2139 536 2418 595 postrema
2478 525 2725 578 omnium
2767 524 3103 596 synodorum
3148 536 3586 598 antegressarum

311 617 563 689 ἐγραψάν
605 635 667 671 τε
718 620 815 672 καὶ
844 614 1202 687 ἀπεκήρυξαν
1228 630 1246 648 ο
1274 618 1367 669 κα¹ι
1397 613 1633 685 μάλιστα
1661 617 1694 685 ἡ
1720 615 1895 668 τελευ-

2001 616 2244 689 sigillum
2275 626 2331 671 et
2350 617 2679 687 obsignatio,
2706 632 2828 686 qua:
2850 626 3093 673 vestrum
3114 623 3587 691 propugnaculum

312 710 441 764 ταία
478 709 694 776 πασῶν,
745 710 841 763 καὶ
893 709 1003 762 τῶν
1064 708 1173 780 πρὸ
1223 707 1396 777 αὑτῆς
1447 708 1617 777 ἁγίων
1671 707 1895 761 συνόδωι

2002 708 2303 778 impietatis
2333 708 2585 762 funditus
2631 709 2856 773 evertit,
2898 720 2954 764 et
2987 713 3295 783 symbolum
3334 714 3459 769 fidei
3495 731 3587 769 ro-

317 803 557 874 σφραγὶς
580 803 850 874 γενομένη
886 800 1029 855 κατά
1057 801 1157 871 τὴν
1185 800 1563 870 Χαλκηδονέον
1580 839 1598 865 ,
1627 801 1660 871 ἢ
1699 799 1793 853 καὶ
1813 801 1895 853 τὸν

1998 797 2237 863 beravit,
2284 807 2451 868 atque
2488 806 2689 853 vestra:
2748 799 3048 868 impietatis
3080 817 3413 867 eversorem,
3460 803 3589 857 illu~

316 894 584 963 ὑμέτερον
603 893 702 963 τῆς
728 892 979 953 ἀσεϐείας
1006 890 1269 961 πρόϐολον
1288 890 1490 944 τέλεων
1514 889 1901 957 καταλέλυκεν,

312 986 375 1039 τό
400 1002 457 1038 τε
478 986 578 1056 τῆς
608 986 848 1048 πίστεως
881 984 1154 1055 σύμϐολον
1199 982 1499 1054 κρατύνας,
1545 983 1641 1036 καὶ
1668 983 1758 1036 τὸν
1800 984 1902 1054 τῆς

313 1076 571 1141 ἀσεϐείας
606 1076 759 1147 ὑμῶν
792 1074 1149 1145 καθαιρέτην,
1180 1072 1460 1144 λαμπραῖς
1508 1072 1902 1143 ἀνακηρύξασα

311 1171 435 1231 ταῖς
468 1168 790 1238 εὐφημίαις,
843 1168 938 1219 καὶ
991 1165 1083 1218 τὸν
1126 1165 1301 1226 ὅντως
1350 1165 1554 1218 Λέοντα
1608 1165 1750 1218 κατὰ
1802 1169 1900 1235 τῆς

312 1260 535 1331 δολερᾶς
564 1259 836 1329 Εὑτυχέος
881 1258 1168 1322 ἀλώπεκος
1220 1257 1591 1323 ἐξαναστάντα
1652 1257 1898 1319 δικαίως,

2003 889 2216 944 stribus
2270 888 2565 959 prmconiis
2616 888 2937 959 praedicavit
2982 907 3112 946 vere
3169 893 3433 958 Leonem,
3490 894 3584 965 qui

2003 990 2195 1034 contra
2229 981 2531 1051 Eutychem
2555 980 2800 1034 dolosam
2827 981 3044 1050 vulpem
3061 983 3208 1053 juste
3240 987 3500 1050 surrexit,
3530 995 3587 1041 et

2002 1073 2247 1128 abditam
2308 1074 2647 1144 impietatem
2683 1075 3157 1129 confutationibus
3195 1077 3485 1147 dissipavit
3528 1086 3585 1132 ct

2001 1166 2296 1231 exstinxit;
2328 1182 2490 1235 quem
2524 1167 2767 1238 synodus
2799 1167 3057 1221 laudibus
3090 1183 3211 1237 qua:
3248 1183 3375 1223 eum
3417 1168 3583 1223 dece-

1998 1256 2157 1321 bant,
2185 1257 2507 1314 celebravit.

312 1353 407 1405 καὶ
465 1350 564 1420 τὴν
612 1351 1005 1422 κρυπτομένην
1058 1349 1337 1414 ἀσέϐειαν,
1394 1352 1507 1411 τοῖς
1559 1348 1893 1417 ἐλεγκτικοίς
1929 1348 2313 1404 διασπάσαντὰ
2370 1368 2431 1403 τε
2477 1350 2573 1403 καὶ
2629 1351 2980 1423 νεκρώσαντα
3026 1352 3223 1421 λόγοις,
3274 1354 3395 1415 ταῖς
3445 1368 3584 1423 πρε-

313 1444 541 1507 πούσαις
571 1444 722 1514 αὑτῷ
743 1443 1235 1506 κατεστεφάνωσαν
1265 1442 1469 1509 δόξαις.

384 1537 516 1590 Mll'.
562 1536 701 1589 Ἀλλ’
734 1539 932 1589 ἐκείνοι
964 1542 1082 1606 μὲν,
1116 1539 1271 1606 φασὶ,
1301 1533 1728 1605 κατεκρίθησαν.
1761 1534 1895 1587 Τοὺ-

315 1648 423 1683 των
459 1629 517 1683 δέ
568 1629 743 1691 οὐδεὶς
797 1628 1049 1697 κατέγνω
1097 1628 1275 1694 τοῦτο,
1304 1621 1349 1681 ὧ
1382 1627 1670 1698 βέλτιστοι,
1703 1627 1804 1680 οὑκ
1832 1627 1897 1679 ἐκ

314 1719 408 1774 τοῦ
441 1718 564 1774 καθ’
593 1720 819 1782 ἐαυτοὶις
854 1718 1012 1789 ἔσχον
1037 1718 1355 1790 ἀμέμπτου,
1383 1718 1498 1771 ἀλλ’
1528 1722 1593 1773 ἐκ
1621 1717 1718 1770 τοῦ
1768 1717 1895 1786 σφόο

314 1813 420 1885 δρα
451 1813 513 1866 τὸ
542 1811 732 1866 λαθεῖν
762 1810 1120 1881 ἐπιτηδεῦσαι
1156 1827 1169 1842 ·
1201 1812 1261 1864 οὑ
1302 1812 1411 1880 γὰρ
1441 1811 1520 1876 εἰς
1551 1810 1781 1873 πολλοὺς
1805 1810 1899 1862 ἐκ·

315 1903 529 1972 φαίνειν
571 1903 844 1971 ὑπέμενον
885 1902 985 1973 τὴν
1030 1902 1305 1964 ἀσέϐειαν,
1368 1903 1450 1956 ὅτι
1498 1902 1623 1974 μηδ’
1656 1900 1899 1970 ἀσφαλὲς

315 1996 502 2059 αὑτοῖς
549 1994 709 2048 τοῦτο
743 1995 1063 2063 ἐγίνωσκον.
1097 1996 1206 2047 Καὶ
1242 1978 1418 2057 ἄλλως
1451 1996 1484 2065 ὴ
1530 1993 1639 2047 τῶν
1682 1992 1897 2060 ’Δρεια-

315 2087 422 2143 νῶν
465 2087 590 2141 τότε
638 2087 1048 2157 φλεγμαίνουσα
1094 2088 1339 2157 αἵρεσις,
1368 2087 1463 2141 καὶ
1493 2087 1682 2156 ὥσπερ
1732 2084 1899 2155 ἀγρία

318 2176 451 2249 φλὸξ
478 2179 751 2251 νεμομένη
802 2181 900 2244 τὰς
935 2180 1280 2249 Ἐκκλησίας,
1319 2178 1513 2249 σχολὴν
1544 2178 1643 2249 μέν
1671 2179 1899 2248 παρεῖχε

319 2270 557 2336 πολλοῖς,
588 2271 728 2343 ἀτὰρ
767 2271 832 2343 δὴ
881 2271 1270 2344 ’Δπολιναρίῳ,
1299 2272 1437 2336 τέως
1467 2267 1535 2326 αὖ
1582 2270 1677 2325 καὶ
1714 2272 1895 2325 Μακε-

317 2363 477 2434 δονίῳ
515 2362 576 2418 τὺ
601 2361 989 2434 βλασφημοῦσι
1016 2362 1325 2418 λανθάνειν.
1360 2363 1471 2417 Καὶ
1500 2362 1563 2416 τὸ
1593 2362 1691 2433 τῆς
1725 2364 1898 2434 ἰατρι-

318 2456 425 2526 κῆς
457 2459 573 2510 ἐστι
610 2455 790 2520 καλῶς
825 2455 1061 2509 ἐνταῦθα
1085 2456 1300 2526 λέγειν,
1331 2455 1405 2519 ὼς
1436 2455 1529 2508 δύο
1566 2456 1745 2508 πόνων
1777 2456 1898 2507 ἐπι-

321 2545 666 2615 κρατούντων
713 2546 773 2597 ἐν
812 2542 1047 2614 σώματι,
1076 2543 1104 2595 ὁ
1137 2544 1491 2613 σφοδρότερος
1526 2543 1768 2613 ἀμαυροῖ
1808 2543 1900 2594 τὸν

323 2634 598 2689 ἐλάττονα.
635 2634 820 2708 Ταύτῃ
866 2633 975 2703 γὰρ
1022 2634 1118 2687 καὶ
1162 2634 1539 2705 Ἀπολινάριος
1581 2632 1770 2699 ὥσπερ
1817 2650 1901 2697 τις

325 2724 500 2797 σπλὴν
544 2724 777 2795 ηὔξανεν
806 2724 919 2797 (ἵνα
974 2726 1116 2780 κατά
1166 2724 1258 2778 τὸν
1311 2724 1573 2796 ὑμέτερον
1618 2725 1901 2795 ὑποφήτην

327 2817 489 2881 είπω,
523 2815 617 2871 καί
659 2832 712 2869 τι
742 2816 845 2869 κάν
873 2819 987 2879 τοῖς
1019 2815 1262 2887 ἐλέγχοις
1291 2816 1419 2886 ὑμῖν
1445 2814 1811 2886 χαρίσωμαι),
1844 2818 1899 2871 ὲν

324 2907 393 2977 τῇ
443 2905 539 2959 τοῦ
573 2906 695 2959 ὅλου
744 2905 1000 2976 σώματος
1044 2907 1416 2977 κακοπραγίᾳ,
1450 2906 1511 2959 τὸ
1546 2906 1697 2977 παρά
1736 2907 1900 2975 φύσιν

327 2997 752 3069 προσκτώμενος
784 2998 1039 3069 μέγεθος.
1075 2997 1166 3068 Τῷ
1200 2997 1348 3068 αὑτῷ
1393 2996 1457 3067 δὴ
1496 2998 1901 3069 παραδείγματι

325 3094 423 3146 καὶ
452 3091 515 3145 τὸ
545 3092 814 3163 ὑμέτερον
838 3089 1215 3162 παραϐάλλειν
1241 3089 1370 3161 ἔχω.
1414 3089 1479 3141 Ἠ
1505 3090 1613 3161 γὰρ
1643 3090 1752 3142 τῶν
1783 3092 1897 3143 Πα-

324 3186 500 3257 τέρων
523 3185 649 3256 περὶ
681 3185 751 3236 τὰ
778 3182 1205 3251 ἀναγκαιότατα,
1240 3183 1333 3235 καὶ
1374 3180 1615 3252 μάλιστα
1644 3181 1901 3237 κατεπεί-

1996 1550 2002 1556 ·
2071 1529 2234 1584 XLII.
2268 1531 2335 1584 At
2360 1530 2437 1583 illi
2458 1530 2704 1599 quidem,
2733 1530 2989 1600 inquiunt
3015 1532 3128 1593 isti,
3152 1533 3399 1587 damnati
3431 1544 3581 1596 sunt,

2000 1623 2199 1676 horum
2220 1637 2352 1676 vero
2382 1622 2588 1676 nullus.
2623 1623 2756 1685 Hoc,
2801 1638 2834 1675 ο
2870 1623 2998 1677 boni
3028 1623 3154 1685 viri,
3188 1640 3300 1678 non
3329 1641 3396 1679 ex
3426 1626 3585 1680 inno-

1999 1714 2181 1769 centia
2212 1721 2591 1783 reportarunt,
2618 1714 2711 1770 sed
2748 1729 2815 1769 ex
2870 1715 3045 1769 nimio
3097 1717 3281 1770 studio
3329 1721 3498 1787 quod,
3524 1729 3583 1773 ut

1999 1806 2260 1870 laterent,
2288 1804 2665 1887 adhibuerunt
2698 1824 2710 1859 :
2744 1822 2853 1861 non
2904 1808 3052 1861 enim
3099 1809 3456 1878 patiebantur
3499 1812 3582 1866 ef-

2002 1895 2135 1950 ferri
2166 1896 2221 1948 in
2252 1895 2448 1965 vulgus
2482 1894 2843 1964 impietatem,
2876 1897 3005 1965 quia
3048 1913 3225 1967 neque
3260 1899 3364 1953 sibi
3399 1908 3581 1956 tutum

2003 2002 2125 2042 esse
2186 1987 2454 2041 sciebant.
2510 1987 2778 2042 Praeterea
2806 1987 3010 2042 Ariana
3055 1998 3185 2043 tunc
3211 1989 3435 2045 haeresis
3468 1992 3581 2045 fcr-

2002 2096 2161 2146 vens,
2194 2088 2249 2135 et
2281 2090 2538 2150 tanquam
2582 2080 2883 2135 vehemens
2908 2080 3125 2136 ﬂamma
3162 2083 3444 2138 Ecclesias
3480 2084 3582 2139 de-

2002 2187 2256 2242 pascens,
2296 2173 2484 2227 multis
2512 2172 2689 2226 otium
2730 2173 2887 2226 dedit
2913 2172 2980 2227 ad
3011 2174 3292 2228 latendum
3348 2176 3579 2239 interea,

2002 2274 2063 2318 ut
2106 2264 2454 2333 Apollinario
2482 2273 2539 2319 et
2580 2262 2907 2319 Macedonio
2951 2265 3155 2334 impiis.
3185 2265 3458 2321 Convenit
3491 2268 3583 2322 hic

2002 2356 2134 2412 illud
2195 2357 2249 2412 in
2303 2367 2423 2413 arte
2458 2358 2745 2413 medicinae
2798 2359 2985 2412 tritum
3024 2358 3208 2413 dicere
3244 2361 3421 2415 :Cum
3470 2362 3581 2416 duo

2000 2451 2180 2506 morbi
2234 2452 2289 2506 in
2342 2468 2576 2522 corpore
2610 2452 2953 2507 dominatum
2978 2452 3256 2514 obtinent,
3289 2456 3582 2509 vehemen-

2003 2545 2110 2599 tior
2144 2545 2408 2599 obscurat
2463 2544 2760 2598 minorem.
2787 2544 2899 2599 llac
2924 2544 3135 2599 ratione
3159 2553 3215 2599 et
3254 2546 3342 2599 via
3377 2546 3584 2616 Apolli-

2001 2637 2193 2691 narius
2222 2646 2479 2707 tanquam
2510 2636 2733 2706 quidam
2769 2637 2923 2707 splen
2952 2638 3127 2691 crevit
3163 2642 3246 2706 (ut
3274 2640 3579 2694 secundum

2002 2737 2247 2781 vestrum
2284 2727 2566 2783 doctorem
2614 2728 2816 2792 dicam,
2861 2737 2918 2783 et
2950 2729 3156 2800 aliquid
3208 2730 3374 2784 etiam
3407 2734 3461 2786 in
3494 2748 3583 2786 ar-

2001 2819 2219 2891 guendo
2276 2820 2438 2874 vobis
2493 2819 2740 2891 largiar),
2780 2820 2836 2873 in
2872 2821 3041 2875 totius
3064 2823 3314 2891 corporis
3353 2833 3582 2893 aegrota-

2004 2912 2152 2966 tione
2188 2911 2620 2981 magnitudinem
2664 2921 2863 2981 pneter
2914 2919 3167 2967 naturam
3202 2914 3444 2983 capiens.
3476 2915 3581 2970 Eo-

2001 3002 2125 3056 dem
2185 3002 2436 3072 exemplo
2490 3017 2714 3072 possum
2782 3010 2965 3057 vestra
3011 3004 3285 3058 conferre.
3322 3005 3579 3061 Studium

2000 3091 2223 3145 Patrum
2255 3092 2309 3146 in
2337 3091 2571 3147 maxime
2600 3092 2929 3148 necessariis
2975 3102 3032 3147 et
3080 3095 3316 3150 maxime
3370 3112 3577 3167 urgen-

2001 3179 2152 3235 tibus
2184 3181 2350 3236 rebus
2381 3191 2732 3252 occupatum,
2767 3183 2916 3246 fecit,
2966 3192 3025 3237 ut
3054 3193 3249 3239 vestrae
3276 3187 3578 3257 impietatis

324 3295 490 3348 γοντα
515 3275 741 3347 σπουδὴ,
777 3274 963 3328 λαθεῖν
984 3274 1113 3339 τοὺς
1150 3274 1449 3346 ὑμετέρους
1498 3273 1598 3344 τῆς
1643 3274 1895 3337 ἀσεϐείας

2000 3279 2255 3340 parentes
2275 3279 2331 3325 et
2360 3282 2619 3327 auctores
2639 3273 2894 3338 laterent,
2923 3278 3230 3345 praesertim
3271 3293 3395 3332 eum
3425 3278 3480 3333 in
3511 3280 3580 3334 iis

326 3371 619 3442 προγόνους
639 3368 1073 3442 παρεσκεύασεν,
1108 3368 1201 3421 καὶ
1223 3367 1454 3438 μάλιστα
1496 3367 1898 3438 πλαττομένους

324 3461 420 3533 τὴν
450 3463 507 3514 ἐν
543 3465 660 3526 τοῖς
714 3463 845 3532 περὶ
890 3461 1121 3533 Τριάδος
1174 3461 1271 3514 σὺν
1315 3459 1500 3523 αὑτοῖς
1530 3459 1770 3527 ἀγωνίαν
1802 3460 1899 3513 καὶ

324 3554 775 3626 ἀντιπαράταξιν,
827 3555 921 3607 καὶ
977 3551 1230 3607 ἐντεῦθεν
1287 3552 1622 3615 κλέπτοντάς
1677 3570 1737 3605 τε
1798 3554 1898 3623 τὴν

324 3642 556 3710 εὔνοιαν,
609 3645 704 3699 καὶ
747 3643 826 3714 τῷ
864 3642 965 3713 τῆς
1003 3642 1384 3713 ὁμοφροσύνης
1427 3643 1780 3713 προσχήματι
1841 3642 1900 3695 τὸ

325 3734 509 3787 λαϐεῖν
569 3732 951 3804 προτείνοντας.
987 3733 1349 3806 Δυσφώρατον
1400 3734 1511 3805 γὰρ
1554 3736 1589 3805 η
1640 3734 1895 3805 πονηρία,

327 3824 545 3888 εὐνοίας
573 3827 902 3896 προσωπείῳ
930 3824 1346 3895 κεκαλυμμένη.

396 3917 530 3971 MI".
574 3917 727 3969 Ἐπεὶ
757 3918 814 3971 ἐν
844 3934 923 3988 τῳ
954 3917 1097 3970 κατά
1134 3916 1224 3969 τὸν
1248 3915 1678 3987 δυστυχέστατον
1709 3915 1901 3971 Νεστόο

328 4024 445 4078 ριον
478 4006 786 4078 ἀναθέματι
818 4006 1121 4079 (δυστυχὴς
1155 4007 1264 4080 γάρ
1314 4008 1462 4061 ἐστιν
1515 4008 1705 4075 ὅντως,
1741 4011 1899 4080 μόνος

324 4098 421 4152 τοῦ
449 4100 611 4168 φόνου
639 4098 738 4170 τὴν
781 4098 939 4170 δίκην
985 4096 1260 4168 ὑποσχὼν,
1295 4100 1423 4170 παρ’
1448 4098 1643 4166 ἄλλων,
1742 4117 1896 4169 φασι,

324 4196 386 4246 τὸ
423 4192 574 4261 ξίφος
605 4190 1045 4263 κεκομισμένος)
1077 4192 1173 4244 καὶ
1218 4189 1373 4244 αὐτοὶ
1416 4190 1895 4263 συνεκϐέϐληνται.

336 4285 424 4338 Ἐν
458 4284 569 4356 γὰρ
598 4283 675 4354 τῷ
712 4282 952 4354 μαθητῇ,
982 4280 1082 4351 τῷ,
1117 4280 1252 4353 ὼςὴ
1286 4281 1480 4354 Γραφή
1513 4300 1669 4356 φησι.
1695 4301 1899 4356 κατηρ·

319 4377 561 4449 τισμένῳ
615 4376 757 4431 κατὰ
806 4374 900 4430 τὸν
941 4373 1284 4440 διδάσκαλον,
1353 4376 1478 4445 τοὺς
1523 4376 1732 4429 ἑαυτῶν
1797 4376 1898 4429 πό-

320 4485 445 4532 νους
506 4467 815 4540 ἐδρέψαντο.
842 4465 1033 4520 Καίτοι
1073 4465 1168 4520 καὶ
1223 4467 1271 4519 εί
1335 4466 1494 4520 τοῦτο
1540 4466 1727 4539 ζητοίη
1789 4485 1894 4533 τις,

319 4558 545 4629 εὑρήσει
568 4558 662 4609 καὶ
692 4556 911 4623 αὑτοὺς,
953 4556 1028 4620 ὡς
1072 4557 1295 4629 Γραφὴν
1321 4557 1477 4627 ἔσχον
1510 4559 1662 4629 παρά
1686 4576 1743 4611 τε
1779 4559 1897 4613 ἐτέ-

323 4666 435 4720 ρων
492 4646 723 4717 συχνῶν,
782 4647 876 4699 καὶ
921 4646 1031 4699 τῶν
1089 4647 1557 4716 ζηλωτικωτάτων
1606 4648 1747 4702 κατὰ
1799 4652 1897 4720 τῆς

317 4740 478 4811 ἡμῶν
509 4737 787 4801 ἀσεϐείας,
816 4736 1092 4807 Κυρίλλου
1122 4755 1181 4790 τε
1206 4737 1301 4791 καὶ
1322 4739 1592 4810 Πρόκλου.
1611 4734 1713 4791 Ὧν
1736 4743 1763 4794 ό
1796 4740 1896 4811 μὲν

318 4831 450 4901 ὃλην
484 4827 703 4900 γραφὴν
734 4829 855 4881 κατ’
883 4828 1064 4881 αὑτῶν
1095 4828 1420 4896 πεποίηκεν.
1452 4831 1513 4883 Εἰ
1555 4833 1649 4884 καὶ
1695 4832 1897 4886 ἀπολο-

319 4918 597 4991 γήσασθαί
650 4933 796 4980 τινες
844 4917 1145 4987 ὑπέμειναν
1198 4916 1493 4985 ἀπολογίαν
1531 4919 1755 4990 μείζονα
1793 4921 1896 4991 τῆς

320 5011 445 5064 κατ’
481 5009 662 5062 αὑτῶν
706 5010 1046 5080 κατηγορίας
1081 5008 1408 5077 είσάγουσαν
1456 5010 1748 5065 ὑπόθεσινο
1781 5014 1809 5065 ό
1837 5014 1894 5066 δὲ

319 5100 418 5171 τὴν
447 5100 583 5169 πρὸς
621 5100 946 5172 Ἀρμενίους
976 5099 1262 5169 συνοδικὴν
1291 5100 1519 5171 γράφων
1556 5102 1846 5174 ἐπιστολὴν
1873 5144 1889 5168 ,

318 5189 494 5263 ταύτῃ
562 5190 672 5244 τῶν
725 5190 1083 5262 βλασφημιῶν
1147 5192 1424 5264 Θεοδώρου
1488 5194 1758 5263 κεφάλαια
1805 5198 1887 5260 είς

322 5282 545 5352 ἔλεγχον
587 5281 752 5335 αὑτοῦ
794 5283 893 5353 τῆς
927 5282 1182 5345 ἀσεϐείας
1222 5282 1509 5350 ὑπέταξεν.
1548 5286 1614 5338 Τί
1662 5288 1769 5357 γὰρ
1805 5287 1887 5341 δεῖ

321 5374 501 5444 λέγειν
556 5375 687 5445 περὶ
730 5373 822 5427 τοῦ
862 5375 1020 5443 ἀγίου
1060 5374 1409 5444 Ῥαϐϐοὑλου,
1438 5377 1534 5433 τοῦ
1586 5380 1884 5434 ἐπισκόπου

304 5518 307 5521 λ
334 5465 609 5537 Ἐδέσσης,
646 5465 857 5537 ἀνδρὸς,
888 5466 962 5529 ῶς
994 5483 1145 5536 φασι,
1173 5471 1453 5541 προφήτου
1481 5486 1496 5537 ;
1531 5463 1592 5524 οὗ
1619 5473 1713 5541 τὴν
1743 5473 1885 5543 παῤ-

323 5558 521 5631 ῥητίαν
569 5558 662 5612 καὶ
692 5556 785 5610 τὸν
826 5557 1045 5628 ἔλεγχον
1074 5560 1258 5632 ἐπειδὴ
1293 5564 1368 5632 μὴ
1400 5564 1637 5634 ἤνεγκαν
1671 5564 1722 5616 οἱ
1764 5565 1887 5618 τότε

318 5651 419 5721 τῆς
465 5647 785 5711 δυσσεϐείας
830 5646 1105 5720 Θεοδώρου
1155 5648 1418 5722 ζηλωταὶ,
1453 5652 1588 5723 μετά
1614 5654 1739 5717 τοὺς
1779 5670 1886 5725 μυ-

308 5790 335 5809 γ’
388 5829 601 5903 (54-56)
634 5829 891 5887 ΠΙιαίιιιΙο.
922 5829 1077 5887 Ilunc
1095 5831 1184 5887 alii
1206 5840 1400 5887 vocant
1430 5831 1712 5891 Rabulam‘.
1732 5834 1869 5893 Ten.

2000 3377 2122 3431 qua:
2174 3362 2240 3416 ad
2278 3361 2604 3418 Trinitatem
2652 3365 3001 3433 pertinebant
3059 3366 3332 3438 ﬁngerent
3375 3384 3433 3423 sc
3469 3386 3576 3424 una

2000 3469 2123 3508 cum
2163 3454 2298 3524 ipsis
2331 3455 2597 3511 adversus
2652 3457 2843 3512 hostes
2874 3458 3167 3514 Trinitatis
3216 3477 3490 3532 pugnare;
3522 3472 3579 3516 et

1999 3560 2065 3599 eo
2087 3545 2247 3600 modo
2272 3546 2712 3603 benevolentiam
2741 3548 3085 3613 simtdarent,
3113 3553 3297 3622 specie
3319 3569 3382 3608 ac
3403 3555 3577 3609 simu-

2000 3638 2202 3692 latione
2252 3639 2395 3693 idem
2452 3640 2725 3695 sentiendi
2764 3641 3003 3698 latebras
3038 3643 3142 3697 sibi
3183 3655 3572 3715 prmparantes.

2000 3729 2330 3784 Diﬂicillima
2374 3731 2523 3785 enim
2564 3747 2654 3785 res
2697 3740 2779 3787 est
2804 3733 2871 3786 ad
2905 3733 3428 3804 deprehendendum
3461 3754 3576 3793 ma-

2000 3819 2142 3885 litia,
2172 3820 2521 3876 simulatione
2552 3821 2954 3878 benevolentiae
2988 3833 3151 3879 tecta.

2073 3909 2257 3965 XLIII.
2286 3912 2492 3966 Verum
2521 3913 2574 3968 in
2610 3915 2958 3970 anathemate
2994 3916 3359 3972 infelicissimi
3387 3919 3579 3975 Nesto-

2001 4002 2065 4056 rii
2082 4002 2231 4074 (vere
2252 4002 2399 4057 enim
2432 4003 2620 4059 infelix
2642 4014 2747 4072 est,
2771 4007 2865 4077 qui
2896 4008 3046 4063 solus
3067 4008 3229 4063 cmdis
3247 4011 3575 4079 supplicium

2007 4094 2290 4157 sustinuit,
2312 4112 2437 4151 cum
2458 4097 2526 4151 ab
2560 4098 2683 4152 aliis
2709 4099 3002 4169 pugionem
3027 4100 3264 4171 tulisset)
3291 4102 3392 4171 ipsi
3414 4103 3577 4156 simul

1999 4190 2157 4258 ejeeti
2190 4198 2343 4244 sunt.
2371 4190 2428 4245 In
2456 4189 2730 4261 discipqu
2756 4192 2905 4246 enim
2944 4192 3189 4262 perfecto
3214 4232 3228 4255 ,
3251 4194 3366 4263 qui.
3404 4205 3466 4249 ut
3499 4196 3577 4249 ait

2008 4280 2314 4350 Scriptura,
2336 4282 2477 4337 sicut
2508 4284 2769 4353 magister
2793 4284 2914 4353 ejus
2943 4291 3057 4348 est,
3080 4283 3295 4339 fructus
3325 4284 3575 4339 laborum

2001 4388 2231 4428 suorum
2258 4374 2924 4444 decerpserunt.’l‘ametsi
2949 4376 3054 4430 hoc
3082 4373 3127 4431 si
3158 4378 3283 4447 quis
3314 4378 3574 4447 inquirat,

2003 4465 2244 4534 reperiet
2275 4480 2370 4519 eos
2398 4476 2683 4521 accusatos
2714 4483 2839 4520 cum
2867 4468 2936 4522 ab
2959 4469 3081 4523 aliis
3109 4470 3297 4523 multis
3320 4470 3578 4541 frequen-

2004 4565 2108 4621 ter,
2148 4567 2263 4611 tum
2293 4557 2362 4610 ab
2385 4556 2786 4613 ardentissimis
2808 4560 3104 4629 impietatis
3124 4571 3320 4615 vestra:
3341 4562 3547 4617 insecta

1928 4623 1974 4681 ι)
2003 4648 2219 4701 toribus
2242 4646 2446 4720 Cyrillo
2495 4659 2549 4701 et
2574 4649 2785 4702 Proclo.
2820 4623 2898 4703 Ei
2918 4650 3121 4718 quibus
3156 4651 3248 4705 ille
3282 4661 3451 4706 totam
3487 4670 3579 4708 ac-

2002 4740 2345 4794 cusationem
2396 4746 2584 4794 contra
2618 4755 2712 4794 eos
2742 4741 3021 4795 instruxit.
3056 4741 3319 4808 Quamvis
3350 4745 3574 4814 quidam

1999 4831 2379 4887 defensionem
2409 4833 2656 4888 scribere
2682 4832 3002 4898 voluerunt,
3037 4851 3159 4904 quae
3187 4836 3462 4905 copiosius
3491 4852 3579 4889 ar-

1998 4935 2321 4995 gumentum
2374 4926 2744 4981 accusationis
2791 4926 3077 4982 ail‘erehat.
3126 4928 3226 4983 Iiic
3274 4938 3481 4996 autem,
3521 4930 3575 4983 id

2000 5028 2090 5083 est
2115 5018 2366 5081 Proclus,
2398 5019 2684 5086 epistolam
2711 5018 2779 5072 ad
2824 5019 3119 5074 Armenios
3150 5021 3393 5090 scripsit.
3436 5020 3576 5075 Huic

2001 5108 2251 5177 epistola:
2300 5109 2535 5179 subjecit
2589 5110 2767 5181 capita
2798 5109 3268 5179 blasphemiarum
3297 5111 3571 5167 Theodori

1996 5197 2062 5251 ad
2085 5197 2486 5253 ostendendum
2512 5199 2658 5254 illius
2683 5200 3042 5269 impietatem.
3060 5201 3202 5267 Quid
3227 5212 3410 5257 autem
3432 5219 3572 5274 opus

1991 5300 2074 5346 est
2098 5293 2283 5347 dicere
2301 5292 2367 5348 de
2381 5303 2571 5348 sancto
2593 5294 2846 5349 Rhabulo
2865 5294 3095 5366 (54-56),
3116 5296 3375 5366 episcopo
3398 5298 3569 5352 Edcs~

1992 5398 2147 5448 seno,
2184 5383 2324 5449 viro,
2361 5392 2421 5438 ut
2448 5384 2621 5450 aiunt,
2667 5384 2973 5455 prapheta?
2998 5387 3153 5457 cujus
3202 5386 3455 5442 ﬁduciam
3483 5398 3565 5442 at-

1991 5491 2097 5543 que
2129 5475 2559 5532 confutationem
2589 5488 2879 5549 postquam
2901 5479 2992 5549 qui
3024 5488 3155 5534 tunc
3187 5488 3346 5534 erant
3374 5480 3566 5550 impie-

1998 5566 2125 5621 tatis
2178 5568 2454 5622 Tbeodori
2510 5579 2831 5636 sectatores,
2897 5571 3010 5641 pati
3067 5586 3177 5625 non
3240 5579 3561 5641 potuerunt,

1993 5670 2118 5728 post
2149 5662 2321 5716 multa
2348 5662 2597 5733 pericula
2623 5664 2794 5732 illius,
2841 5663 2967 5719 dolo
3016 5663 3434 5736 aggrediuntur,
3464 5663 3561 5717 uni
