4068 6534
443 419 464 488 ἶ
476 425 582 488 383

1685 415 1998 478 LEONTII
2036 414 2444 478 ΒΥΖΑΝΤΙΝΙ

3573 409 3714 478 i381

439 535 602 592 exiis
629 531 724 603 qui
746 530 903 586 intus
919 537 1100 596 erant,
1161 529 1387 602 negotio
1410 526 1736 584 commisso.
1773 529 1830 584 Si
1858 530 2028 601 igitur

2143 530 2284 600 piouc
2333 529 2579 591 ἐκείνους
2629 524 3108 594 κινδύνους,δόλῳ
3163 524 3446 596 μετῆλθον,
3483 527 3564 580 ἑνὶ
3591 528 3715 581 τῶν

444 631 551 684 hac
573 626 662 681 via
682 624 844 679 vobis
879 623 1346 694 persuaserimus,
1371 631 1428 676 et
1455 622 1676 676 tandem
1701 623 1901 676 mutari
1934 637 2028 677 vo-

437 717 682 781 lueritis,
709 716 1002 770 veritatem
1033 714 1210 783 magis
1241 729 1408 783 quam
1442 728 1710 782 personas
1745 714 2030 768 honoran-

437 819 550 874 tes,
585 806 690 860 hoc
724 805 944 869 melius,
969 811 1024 859 et
1042 804 1155 858 Deo
1179 804 1386 874 gratias
1411 819 1670 874 agemus:
1707 806 1793 859 sin
1821 804 2029 867 minus,

441 914 546 953 vos
577 886 805 968 quidem
845 897 1179 952 deflebimus
1213 897 1346 950 ﬂetu
1390 906 1446 951 et
1487 897 1748 952 lamentis
1802 897 2030 967 dignos;

439 1007 548 1047 nos
578 1007 711 1046 vero
743 991 1034 1056 faciemus,
1063 999 1124 1045 ut
1181 991 1285 1061 ipsi
1319 1006 1386 1046 ex
1415 992 1530 1046 Deo
1581 990 1940 1061 pendeamus,
1975 997 2034 1044 et

401 1138 406 1144 .
441 1085 500 1139 in
538 1086 697 1140 beata
721 1101 818 1154 spe
843 1085 980 1149 nixi,
1007 1099 1292 1153 nunquam
1317 1083 1654 1138 desistemus
1679 1083 1750 1136 ab
1773 1096 1838 1136 ea
1865 1095 2030 1150 quam

445 1179 642 1233 Patres
664 1179 847 1232 nostri
881 1178 1222 1243 habuerunt,
1257 1186 1315 1231 et
1349 1177 1495 1232 hanc
1521 1173 1904 1230 amantissime
1931 1187 2032 1242 per

438 1285 801 1326 successores
833 1269 1162 1339 interjectos
1199 1253 1364 1324 nobis
1387 1267 1819 1323 transmiserunt
1840 1274 1897 1320 et
1921 1275 2034 1320 tra-

438 1363 751 1418 diderunt':
778 1364 882 1417 hoc
904 1363 1089 1416 solum
1114 1361 1254 1416 lucri
1300 1377 1332 1416 a
1373 1361 1539 1417 nobis
1571 1368 1938 1430 reportantes,
1972 1367 2034 1414 ut

445 1455 759 1524 depositum
780 1469 972 1508 eorum
991 1455 1109 1507 sine
1127 1453 1432 1508 oﬂ'ensione
1462 1452 1863 1516 custodiamus,
1883 1451 2030 1520 quod

445 1545 689 1601 Ecclesia
744 1555 933 1600 sancta
993 1545 1115 1598 sine
1172 1545 1559 1599 immutatione
1611 1553 1668 1599 et
1714 1543 2032 1598 accessione

437 1635 730 1691 custodire
782 1641 1124 1705 perseverat,
1187 1645 1244 1690 et
1295 1634 1679 1705 perseverabit
1736 1648 1916 1704 usque
1957 1633 2030 1688 ad

445 1741 705 1794 magnum
745 1733 802 1781 et
825 1726 1104 1779 illustrem
1129 1725 1431 1779 adventum
1463 1724 1648 1794 magni
1685 1724 1783 1778 Dei
1833 1733 1889 1778 et
1912 1723 2032 1778 Sal-

442 1817 652 1872 vatoris
686 1816 864 1870 nostri
924 1817 1056 1871 Jesu
1090 1814 1322 1880 Christi,
1367 1815 1463 1870 cui
1513 1813 1688 1886 gloria
1730 1823 1788 1870 et
1851 1815 2030 1888 impe-

441 1911 588 1963 rium
620 1908 677 1962 in
710 1908 933 1963 saecuia.
977 1908 1174 1962 Amen.

447 2100 708 2173 Prologus
749 2100 1130 2173 auctoritatum
1188 2098 1444 2173 Theodori
1501 2099 1636 2170 (57),
1692 2108 1742 2154 et
1798 2099 2031 2154 aliorum

1036 2171 1425 2224 hereticorum.

514 2283 596 2338 Ex
632 2281 996 2352 hlasphemiis
1025 2281 1308 2337 Theodori
1351 2297 1527 2352 pauca
1581 2297 1649 2337 ex
1678 2282 1872 2338 multis
1903 2298 2035 2353 pro-

446 2389 658 2445 ponere
689 2373 1028 2439 studuimus,
1053 2373 1120 2428 ad
1149 2373 1554 2429 ostendendum
1575 2373 1888 2429 fatuitatem
1915 2375 2035 2445 ejus

445 2465 749 2520 absurdam
798 2467 946 2521 circa
976 2466 1193 2537 dogma,
1228 2475 1289 2521 ut
1314 2482 1379 2522 ex
1433 2467 1522 2522 his
1543 2465 1707 2521 ﬁdem
1745 2466 2034 2530 faciamus,

445 2559 588 2614 nihil
619 2574 811 2614 contra
838 2575 966 2614 eum
1001 2575 1104 2614 nos
1133 2559 1378 2623 ﬁnxisse,
1415 2569 1513 2613 aut
1557 2567 1753 2614 contra
1783 2573 1880 2613 eos
1939 2558 2036 2629 qui

446 2666 577 2704 eum
609 2667 678 2705 eo
708 2651 974 2705 sentiunt.
1003 2649 1060 2705 Si
1093 2652 1241 2705 enim
1275 2650 1438 2705 facile
1485 2659 1638 2705 esset
1679 2651 1887 2720 scripta
1916 2651 2037 2722 ejus

452 2743 721 2813 reperire,
770 2759 881 2798 non
905 2744 1122 2814 pigeret
1181 2758 1302 2808 nos,
1348 2743 1403 2797 in
1451 2743 1712 2798 omnibus
1761 2743 2036 2814 capitibus

451 2833 522 2888 de
553 2835 757 2904 quibus
790 2851 918 2890 eum
950 2834 1357 2900 accusavimus,
1413 2834 1596 2904 ipsum
1633 2835 1788 2888 illum
1839 2841 2035 2889 testem

2131 621 2280 674 ἔνδον
2333 619 2395 672 τὸ
2448 619 2635 689 δρᾶμα
2682 616 3088 680 πιστεύσαντες.
3121 617 3186 670 Et
3237 617 3338 687 μὲν
3392 613 3486 672 οὖν
3535 619 3715 694 ταύτῃ

2131 714 2398 784 πείσομεν
2423 715 2586 785 ὑμᾶς,
2617 714 2710 767 καὶ
2733 713 3130 783 μεταδάλοισθε
3156 713 3257 782 ὀψὲ
3281 713 3433 782 γοῦν,
3451 715 3716 786 ἀλήθεια-ν

2133 806 2513 878 προτιμῶντες
2547 806 2878 877 προσώπων,
2913 805 3061 859 τοῦτ’
3085 807 3334 878 ἄμεινον,
3368 809 3465 861 καὶ
3484 809 3563 879 τῷ
3591 808 3717 879 Θεῷ

2132 899 2328 970 χάρις’
2360 901 2408 952 εί
2448 899 2493 952 δ’
2527 897 2614 962 οὒ,
2653 898 2767 953 ἀλλ’
2808 900 2954 970 ὑμᾶς
2995 915 3060 967 γε
3098 899 3468 971 δακρύσομεν,
3497 899 3718 971 θρήνων

2134 994 2230 1046 καὶ
2285 992 2549 1063 όδυρμῶν
2592 992 2754 1056 δντας
2808 993 3037 1060 άξίουςυ
3069 995 3220 1064 ἡμᾶς
3272 993 3315 1048 δ’
3355 995 3553 1057 αὐτοὺς
3614 993 3717 1047 τοῦ

2132 1083 2270 1137 θεοῦ
2309 1102 2367 1137 τε
2411 1086 2816 1155 άναρτήσομεν,
2848 1085 2945 1138 καὶ
2988 1086 3096 1138 τῶν
3149 1087 3434 1156 μακαρίων
3478 1084 3720 1138 ἐλπίδων

2133 1176 2407 1244 ἐχόμενοι,
2435 1173 2496 1228 οῦ
2540 1191 2672 1228 ποτε
2710 1175 2947 1248 λήξομςεν
2980 1167 3055 1229 ὧν
3093 1191 3156 1229 τε
3205 1176 3363 1248 ἔσχον
3388 1177 3438 1229 οἱ
3465 1177 3720 1245 Πατέρες

2133 1267 2314 1337 ἡμῶν,
2357 1268 2452 1321 καὶ
2484 1269 2620 1338 ἡμῖν
2642 1267 2846 1332 ταύτας
2871 1266 3275 1340 φιλανθρώπως
3302 1269 3425 1322 λίαν
3469 1269 3558 1322 διὰ
3604 1269 3721 1322 τῶν

2133 1359 2192 1411 ὲν
2227 1358 2386 1429 ,μέσῳ
2409 1359 2786 1430 παρέπεμψαν
2810 1359 2904 1412 καὶ
2922 1359 3396 1430 μεταπαρέδοσαν,
3425 1359 3588 1414 τοῦτο
3615 1361 3721 1430 μό-

2132 1467 2221 1503 νον
2280 1451 2408 1520 παρ’
2447 1451 2609 1522 ήμῶν
2669 1451 3071 1517 ἐκδιδάζοντες,
3126 1452 3477 1523 ἀπρόσκοπον
3531 1452 3719 1506 αὐτῶν

2137 1544 2428 1612 φυλάττειν
2457 1544 2562 1612 τὴν
2602 1544 3086 1616 παρακαταθήκην
3112 1560 3129 1576 ·
3191 1543 3462 1614 άμείωτόν
3509 1561 3567 1596 τε
3617 1544 3722 1597 καὶ

2135 1636 2481 1707 άπλήθυντον
2511 1636 2860 1706 φυλάττουσα
2894 1637 2928 1708 ή
2956 1636 3088 1703 άγία
3113 1637 3209 1690 τοῦ
3234 1636 3374 1689 Θεοῦ
3416 1636 3719 1708 Ἐκκλησία

2129 1727 2390 1793 διατελεῖ,
2425 1729 2520 1781 καὶ
2556 1727 2858 1782 διατελέσει
2900 1727 3065 1799 μέχρι
3095 1727 3196 1798 τῆς
3245 1727 3488 1798 μεγάλης
3517 1728 3720 1796 ἐπιφα-

2133 1820 2284 1884 νείας
2323 1821 2420 1874 τοῦ
2461 1821 2704 1892 μεγάλου
2733 1819 2871 1876 Θεοῦ
2914 1822 3010 1875 καὶ
3040 1821 3294 1892 Σωτῆρος
3331 1821 3489 1891 ήμῶν
3538 1819 3716 1891 Ἰησοῦ

2063 1898 2110 1957 Β
2138 1913 2401 1985 Χριστοῦ,
2430 1907 2475 1983 ᾧ
2507 1915 2543 1985 ή
2571 1913 2699 1979 δόξα
2731 1916 2827 1969 καὶ
2855 1915 2915 1968 τὸ
2952 1914 3154 1987 κράτος
3198 1914 3281 1978 είς
3323 1913 3452 1977 τοὺς
3488 1912 3715 1974 αἰῶνας.

2150 2007 2348 2076 Ἀμήν.
2392 2007 2395 2010 ’

2135 2102 2438 2171 Πρόλομος
2477 2099 2598 2156 τῶν
2636 2101 3055 2171 ὑποκειμένων
3086 2099 3370 2171 χρήσεων
3413 2097 3717 2167 Θεοδώρου

2753 2170 3072 2239 αἱρετικοῦ.

2223 2283 2315 2338 Ἐκ
2342 2284 2452 2338 τῶν
2480 2285 2843 2356 βλασφημιῶν
2880 2279 3159 2357 Θεοδώρου
3195 2283 3356 2356 ὀλίγα
3394 2287 3459 2340 ὲκ
3483 2283 3717 2350 πολλῶν,

2136 2378 2214 2441 είς
2241 2376 2466 2442 ἔνδειξιν
2485 2378 2586 2447 τῆς
2611 2377 2738 2449 ὅλης
2765 2379 2933 2432 αὑτοῦ
2957 2380 3086 2450 περὶ
3110 2379 3170 2432 τὸ
3199 2378 3374 2448 δόγμα
3401 2378 3723 2446 σκαιότητος

2144 2469 2487 2542 παραθέσθαι
2521 2470 2958 2540 ἐσπουδάσαμεν,
2986 2470 3077 2525 ἵνα
3115 2471 3180 2524 ὲκ
3216 2469 3422 2524 τούτων
3452 2470 3548 2524 καὶ
3589 2469 3723 2541 περὶ

2141 2563 2251 2616 τῶν
2280 2559 2490 2615 λοιπῶν
2521 2560 2955 2631 πιστωσώμεθα,
2979 2561 3054 2625 ὡς
3073 2561 3232 2615 οὐδὲν
3255 2559 3423 2615 αὐτοῦ
3451 2559 3725 2629 κατεψευ-

2145 2653 2380 2725 σάμιεθα,
2414 2653 2448 2725 ἢ
2488 2653 2598 2706 τῶν
2626 2654 2696 2706 τὰ
2733 2653 2943 2708 ἐκείνου
2972 2653 3336 2724 φρονούντων.
3378 2652 3440 2705 Et
3474 2651 3572 2722 μὲν
3611 2651 3723 2721 γάρ

2142 2742 2256 2801 οἷόν
2285 2765 2346 2801 τε
2373 2741 2443 2817 ἦν
2481 2745 2722 2811 εὐκόλως
2764 2747 2948 2818 εὑρεῖν
2973 2748 3073 2809 τὰς
3116 2745 3299 2808 πάσας
3328 2743 3494 2798 αὐτοῦ
3528 2745 3725 2798 συντά-

2147 2843 2281 2911 ξεις,
2308 2845 2408 2898 οὐκ
2435 2843 2502 2899 ἂν
2531 2843 2862 2913 ὠκνήσαμεν
2883 2840 3011 2914 περὶ
3037 2842 3256 2896 πάντων
3277 2839 3384 2893 τῶν
3411 2837 3724 2908 κεφαλαίων

452 2928 789 2998 producere.
822 2927 960 2994 Quia
1015 2943 1147 2983 vero
1180 2943 1282 2983 nos
1323 2928 1414 2981 vix
1471 2935 1527 2983 et
1570 2942 1770 2998 magno
1825 2927 2038 2992 labore,

2143 2931 2219 2991 ὧν
2285 2936 2451 2991 αὑτὸν
2510 2933 2914 3006 ἐγραψάμεθα,
2979 2931 3141 2986 αὐτδν
3204 2933 3418 2985 ἐκεῖνον
3491 2928 3725 2999 ποιήσα·

451 3028 511 3074 ct
543 3019 732 3075 multis
757 3019 1190 3091 cogitationibus
1224 3020 1308 3075 usi
1346 3019 1551 3074 librum
1579 3019 1700 3090 ejus
1729 3028 1922 3074 contra
1955 3019 2042 3072 in-

450 3113 835 3167 carnationem
862 3113 1108 3183 reperire
1137 3112 1456 3183 potuimus;
1501 3112 1866 3167 vehementer
1894 3111 2043 3168 enim

452 3207 776 3269 observant,
807 3214 863 3260 et
894 3214 1095 3261 cavent
1115 3221 1185 3260 ne
1227 3205 1379 3260 illius
1423 3204 1598 3260 libros
1647 3219 1774 3259 cum
1833 3204 1902 3260 iis
1949 3205 2042 3276 qui

454 3317 566 3356 non
593 3309 724 3355 sunt
752 3301 809 3354 in
844 3300 955 3355 illis
1018 3299 1284 3363 instituti,
1322 3299 1772 3365 communicent;
1804 3299 1874 3353 ob
1903 3297 2045 3353 hanc

457 3407 678 3446 causam
711 3407 777 3446 ea
809 3391 990 3446 soium
1025 3406 1148 3461 qua:
1206 3397 1400 3444 contra
1452 3388 1893 3444 incarnationem
1929 3388 2047 3443 Sal-

453 3485 665 3538 vatoris
693 3482 852 3548 dixit,
891 3498 1042 3536 nunc
1061 3481 1324 3553 colligere
1350 3482 1674 3552 potuimus:
1711 3481 1756 3537 si
1788 3483 1914 3552 quis
1948 3497 2046 3537 ve-

457 3592 524 3630 ro
556 3591 664 3630 non
695 3574 1020 3630 adhibuerit
1055 3575 1243 3642 ﬁdem,
1272 3581 1329 3629 et
1373 3575 1427 3629 ei
1468 3583 1630 3630 vacat
1677 3583 1739 3631 et
1787 3584 1874 3630 cst
1913 3575 2046 3644 pani-

457 3683 605 3733 mus,
635 3676 847 3737 quaerat
889 3684 1013 3738 quae
1043 3683 1183 3724 vane
1240 3668 1553 3723 elaboravit
1597 3668 1655 3722 in
1713 3665 1956 3723 Genesin
1991 3677 2048 3724 et

458 3761 517 3815 in
551 3760 758 3815 librum
783 3767 976 3815 contra
1005 3760 1130 3827 Job,
1167 3768 1222 3815 et
1263 3775 1489 3830 pravam
1527 3759 2046 3831 interpretationem

458 3853 517 3906 in
542 3851 847 3922 Epistolam
875 3852 941 3906 ad
970 3851 1252 3916 Hebraeos,
1282 3859 1339 3906 et
1365 3851 1420 3906 in
1468 3851 1774 3922 Epistoiam
1826 3851 1896 3906 ad
1937 3849 2046 3907 Co-

461 3945 726 4008 rinthios,
765 3951 823 3998 et
874 3944 942 3999 ad
966 3943 1216 4009 Galatas,
1259 3951 1315 3998 et
1366 3957 1488 4013 quae
1521 3952 1716 3999 contra
1748 3943 2047 4015 Magusazos

461 4035 706 4104 scripsit,
739 4042 796 4088 et
817 4032 1350 4104 praemeditationem
1378 4040 1747 4088 exciecantem
1777 4032 1834 4086 in
1861 4048 2048 4088 sacros

462 4128 730 4192 Psalmos,
771 4136 828 4181 et
891 4142 1015 4195 qua:
1059 4141 1162 4194 pro
1219 4125 1493 4180 Eunomio
1531 4134 1725 4180 contra
1785 4125 2046 4179 Basiliam

458 4221 709 4290 scripsit.
763 4218 854 4274 Sic
896 4235 998 4289 ego
1024 4232 1165 4272 voco
1207 4225 1377 4272 totam
1406 4218 1527 4288 ejus
1556 4216 1863 4287 apologiam
1891 4216 2042 4271 omni

457 4310 817 4367 accusatione
851 4310 1104 4380 plenam:
1129 4308 1262 4364 item
1301 4307 1687 4363 enarrationes
1718 4307 1970 4362 turbidas
1985 4318 2042 4362 et

368 4417 373 4421 ’
462 4404 816 4475 blasphemas
877 4403 932 4457 in
983 4402 1340 4471 Evangelium
1394 4401 1656 4467 Matthxi,
1713 4401 1936 4456 Joannis
1988 4410 2045 4456 et

465 4496 648 4558 Luem,
672 4505 725 4550 et
748 4498 992 4566 ipsorum
1018 4501 1336 4549 sanctorum
1369 4492 1745 4561 apostolorum
1793 4499 1852 4546 et
1878 4506 2048 4546 evan-

463 4585 782 4658 gclistarum
797 4585 1063 4656 superbas
1083 4599 1221 4654 quas
1237 4598 1408 4638 ausus
1426 4590 1533 4647 est,
1554 4581 2040 4654 reprehensiones,

541 4784 662 4856 (57)
682 4781 941 4856 Prologus
967 4782 1348 4856 auctoritatum
1371 4779 1652 4856 Theodori.
1663 4782 1808 4836 Bene
1824 4780 2050 4846 factum,

460 4852 614 4925 quod
647 4852 909 4908 Leontius
933 4855 1087 4923 impii
1116 4853 1396 4906 Theodori
1420 4852 1586 4922 impia
1621 4852 1877 4925 dogmata
1898 4867 2051 4925 corn-

465 4921 902 4989 memoraturus,
927 4940 988 4979 se
1011 4921 1068 4978 et
1088 4925 1352 4978 lectorem
1375 4921 1560 4993 suum
1603 4921 1930 4993 praemunit.
1962 4921 2052 4976 Si-

464 4997 619 5050 anilia
649 4994 925 5050 Theodori
950 4995 1204 5064 dogmata
1228 4992 1686 5064 prodideruntex
1702 4992 1845 5064 ipsis
1873 4992 2054 5064 Theo-

466 5066 591 5121 dori
615 5065 796 5129 libris,
826 5079 952 5120 cum
980 5061 1097 5130 alii,
1128 5061 1246 5118 tum
1276 5062 1529 5134 Pelagius
1557 5061 1808 5133 pontifex
1836 5063 1891 5116 in
1915 5061 2046 5132 Epi-

466 5137 607 5190 stola
639 5134 881 5190 secunda
903 5135 970 5189 ad
1000 5135 1293 5205 episcopos
1321 5133 1514 5199 Istriaz,
1558 5134 1653 5189 ubi
1679 5134 1826 5188 inter
1850 5143 2047 5188 caatera

467 5207 578 5261 ista
606 5205 902 5276 leguntur:
931 5205 1057 5261 Hinc
1087 5205 1150 5258 de
1168 5205 1464 5259 innumeris
1489 5221 1660 5275 pauca
1691 5205 2045 5276 pratulim‘us,

463 5284 527 5329 ut
551 5273 705 5346 quasi
738 5291 832 5345 per
857 5275 1098 5347 foramen
1121 5285 1426 5347 angustum,
1458 5273 1623 5343 quam
1689 5273 1912 5329 nimium
1950 5273 2048 5347 bo-

469 5344 716 5428 rothrum
741 5344 898 5428 intus
940 5345 1151 5428 lateret,
1197 5344 1668 5428 monstro-remus:
1723 5361 1836 5398 ecce
1865 5344 2049 5428 quales

468 5415 755 5488 plusquam
786 5415 961 5488 decem
1004 5416 1176 5472 millia
1237 5416 1396 5470 libros
1427 5414 1724 5488 Theodorus
1782 5414 2052 5488 scripsisse

468 5486 793 5554 perhibetur.
847 5486 1096 5550 Pensate,
1150 5503 1346 5558 quwso,
1398 5487 1584 5558 sinon
1635 5495 1785 5539 tanto
1841 5487 2051 5558 acriore

2147 3027 2272 3082 σθαι
2311 3028 2592 3100 μάρτυρα.
2637 3026 2940 3098 Ἐπειδὴδὲ
2995 3023 3152 3096 μόλις
3197 3024 3289 3077 καὶ
3335 3021 3475 3093 μετὰ
3526 3017 3724 3074 πολλοῦ

2144 3121 2317 3174 κόπου
2354 3118 2609 3172 ἐπινοιῶν
2635 3134 2696 3171 τε
2727 3118 2941 3188 μυρίων
2969 3118 3069 3188 τὴν
3109 3115 3254 3170 κατὰ
3297 3116 3398 3186 τῆς
3453 3113 3726 3186 ὲνανθρωο

2146 3215 2366 3283 πήσεως
2415 3209 2580 3264 αὑτοῦ
2645 3209 2825 3279 βίϐλον
2879 3209 3059 3281 εὑρεῖν
3108 3207 3443 3278 δεδυνήμεθα
3482 3206 3725 3278 (σφόδρα

2145 3307 2256 3375 γὰρ
2307 3303 2902 3376 παραπεφυλαγμένως
2942 3301 3014 3356 τά
3063 3300 3230 3355 αὐτοῦ
3285 3303 3400 3364 τοῖς
3455 3300 3727 3370 ἀμυήτοις

2148 3396 2415 3451 ἐκδιδόναι
2476 3393 2785 3466 θαρροῦσι),
2820 3392 3013 3446 τούτου
3067 3391 3257 3446 ἕνεκεν
3309 3391 3381 3444 τά
3431 3389 3576 3444 κατὰ
3627 3387 3728 3458 τῆς

2147 3489 2624 3562 ὲνανθρωπήσεως
2656 3487 2750 3541 τοῦ
2783 3487 3036 3557 Σωτῆρος
3062 3483 3211 3555 αὐτῷ
3241 3483 3512 3556 εἰρημένα
3546 3481 3684 3553 μόνα
3706 3520 3726 3546 ,

2147 3582 2206 3634 ὲν
2251 3579 2330 3650 τῷ
2378 3581 2605 3651 παρόντι
2656 3577 3016 3643 συλλέξασθαι
3058 3573 3395 3646 δεδυνήμεθα
3426 3589 3442 3606 ’
3482 3573 3531 3626 εί
3559 3570 3617 3624 δέ
3643 3586 3730 3634 τις

2148 3673 2468 3744 ἀπιστήσει,
2498 3672 2623 3740 άγοι
2658 3671 2715 3724 δὲ
2759 3670 2900 3734 ὅλως
2945 3667 3143 3739 σχολὴν
3193 3668 3289 3722 καὶ
3341 3665 3726 3738 προθυμεῖται,

2152 3767 2450 3837 ζητησάτω
2478 3763 2649 3817 αὑτοῦ
2683 3763 2784 3827 τάς
2817 3779 2877 3816 τε
2919 3765 2999 3826 εἰς
3042 3762 3142 3829 τὴν
3182 3759 3396 3830 γένεσιν
3429 3773 3732 3828 Δματαιοπο-
3752 3782 3765 3791 ο

2147 3859 2289 3926 νίας,
2322 3858 2416 3912 καὶ
2454 3856 2555 3928 τὴν
2593 3856 2736 3910 κατὰ
2757 3854 2852 3909 τοῦ
2897 3855 3017 3909 Ἰὼϐ
3054 3853 3256 3923 βίϐλον,
3288 3853 3387 3923 τήν
3427 3868 3489 3904 τε
3525 3848 3731 3922 παρεξ-

2150 3953 2351 4025 ήγησιν
2421 3951 2488 4024 ἢν
2548 3951 2628 4014 εἰς
2689 3950 2792 4018 τὴν
2850 3948 2989 4020 πρὸς
3056 3947 3342 4015 Ἐδραίους
3403 3943 3732 4013 Ἐπιστολὴν

2152 4044 2472 4114 πεποίηται,
2509 4042 2604 4096 καὶ⁸
2638 4041 2745 4112 μὴν
2775 4041 2872 4094 καὶ
2903 4043 2983 4104 εἰς
3004 4040 3102 4112 τὴν
3125 4040 3265 4111 ’πρὸς
3290 4037 3613 4109 Κορινθίους
3634 4035 3732 4088 καὶ

2149 4137 2416 4200 Γαλάτας,
2451 4135 2522 4189 τά
2563 4152 2625 4188 τε
2659 4134 2810 4189 κατὰ
2841 4133 3211 4203 Μαγουσαίων
3251 4130 3431 4184 αὐτῶν
3489 4144 3736 4197 συγγρα-

2150 4232 2342 4301 φέντα,
2362 4229 2464 4284 καὶ
2493 4228 2587 4282 τὸν
2614 4227 2756 4283 κατὰ
2794 4227 2904 4282 τῶν
2930 4227 3093 4298 ἱερῶν
3132 4223 3380 4296 Ψαλμῶν
3403 4219 3734 4291 τυφλοποιδν

2150 4323 2515 4396 προθεωρίαν,
2576 4321 2644 4376 τά
2674 4338 2734 4374 τε
2785 4322 2926 4393 ὑπὲρ
2953 4317 3220 4390 Εὑνομίοο
3262 4316 3407 4372 κατὰ
3443 4313 3730 4369 Βασιλείου

2149 4417 2246 4472 τοῦ
2272 4418 2416 4472 πάνυ
2444 4415 2610 4488 (οὕτω
2630 4418 2741 4488 γὰρ
2765 4414 2878 4485 ἐγὼ
2898 4415 3048 4470 καλῶ
3069 4415 3168 4487 τὴν
3190 4414 3372 4483 πάσης
3390 4410 3734 4482 κατηγορίας

2157 4509 2361 4581 μεστὴν
2393 4495 2535 4580 ὑπὲρ
2570 4509 2738 4564 αὑτοῦ
2770 4508 3088 4579 ἀπολογίαν)
3109 4525 3124 4540 ⁶
3159 4506 3258 4572 τάς
3285 4523 3344 4560 τε
3371 4505 3456 4569 είς
3491 4504 3554 4557 τὸ
3585 4502 3732 4556 κατὰ

2146 4602 2433 4658 Ματθαῖον
2461 4601 2555 4656 καὶ
2601 4600 2859 4674 Ἰωάννην
2883 4602 2980 4656 καὶ
3004 4601 3190 4672 μέντοι
3233 4615 3298 4668 γε
3322 4597 3541 4652 Λουκᾶν
3569 4595 3732 4648 τεθο-

2151 4784 2348 4837 dorum
2383 4784 2732 4854 porrigentes,
2764 4781 2978 4854 dicunt:
3019 4779 3180 4854 «Fuit
3213 4788 3390 4854 autem
3418 4780 3611 4854 aliquis
3641 4797 3737 4852 pe-

2156 4855 2250 4907 stis
2285 4851 2457 4916 homo,
2493 4851 2661 4920 magis
2683 4862 2860 4906 autem
2886 4851 3021 4922 fera,
3039 4851 3264 4922 hominis
3283 4851 3476 4906 habens
3502 4851 3733 4922 formam

2157 4923 2496 4986 diabolicam,
2555 4919 2769 4976 mentito
2797 4919 3005 4992 nomine
3043 4919 3363 4992 Theodorus,
3386 4919 3732 4992 quir'schema

2158 5005 2206 5048 et
2233 5010 2422 5047 nomen
2455 4993 2686 5062 episcopi
2725 4991 2930 5055 habuit,
2951 4992 3005 5045 in
3019 4990 3236 5063 ungula
3259 4999 3308 5045 et
3355 4990 3574 5063 ignobili
3615 4990 3734 5045 loco

2157 5065 2296 5118 orbis
2347 5061 2897 5126 terrarum’latitans,
2927 5063 2983 5116 in
3010 5061 3393 5132 Mopsuestano'
3424 5061 3624 5117 Cilicia:
3642 5078 3734 5116 se-

2145 5135 2332 5188 cunda:
2369 5133 2464 5204 uel
2513 5133 2724 5204 Oppido,
2781 5147 2900 5186 vere
2926 5132 3147 5204 quidem
3191 5140 3278 5204 etﬁ
3295 5133 3666 5204 principaliter
3697 5151 3733 5186 a

2150 5204 2323 5260 Paulo
2350 5202 2698 5260 Samosateno
2715 5202 3050 5264 descendens,
3092 5203 3208 5256 licet
3243 5202 3476 5257 Photian
3493 5211 3543 5258 et
3569 5213 3730 5256 caete-

2152 5277 2226 5330 ris
2279 5275 2641 5330 haresiarchis
2683 5276 2740 5328 in
2787 5273 2922 5327 libro
2960 5271 3039 5326 De
3085 5273 3465 5329 Incarnatione
3513 5273 3732 5328 Domini

2154 5348 2322 5401 nostri
2346 5346 2474 5400 Iesu
2503 5344 2904 5416 Christiigtoto
2944 5360 3041 5416 suo
3079 5345 3346 5416 proposito
3384 5344 3730 5416 ipsisperbis

2154 5418 2459 5471 incutiatur
2483 5431 2629 5468 usus.
2659 5434 2678 5466 ι
2727 5413 2854 5468 Haec
2881 5422 2938 5469 et
2975 5412 3134 5484 plura
3157 5412 3262 5469 alia
3304 5415 3362 5469 in
3386 5412 3504 5470 suis
3525 5413 3728 5468 litteris

2155 5488 2409 5559 Pelagius
2453 5484 2725 5559 pontifex,
2788 5485 3198 5559 consentientia
3255 5499 3382 5540 cum
3439 5485 3548 5559 his,
3605 5498 3731 5559 qua:

469 5553 739 5611 tormenta
793 5559 1101 5627 promeruit,
1158 5553 1356 5626 quanto
1410 5555 1651 5627 pluriora
1708 5556 2058 5626 conscripsit!
2159 5553 2428 5613 Leontius
2454 5553 2724 5627 'adducit
2752 5569 2820 5609 ex
2850 5555 3180 5627 Theodoro,
3235 5570 3267 5610 a
3298 5571 3412 5626 quo
3439 5553 3731 5627 Nestorius

464 5627 565 5699 sed
594 5629 704 5699 [uec
749 5626 1081 5699 illiusdicta
1125 5644 1244 5699 qua;
1272 5626 1485 5699 prolata
1535 5636 1680 5699 sunt,
1733 5637 1914 5680 utrum
1938 5627 2052 5699 ejus

470 5698 600 5768 sint,
637 5697 859 5768 fortasse
892 5696 1182 5752 dubitatur.
1215 5696 1481 5768 Patrum,
1516 5699 1562 5751 si
1616 5696 2048 5768 placet,_scripta

468 5763 826 5839 proferamus.
873 5768 1136 5824 Armenia:
1165 5771 1356 5839 quippe
1404 5763 1630 5839 episcopi
1673 5763 2043 5839 Proclo_C_on-

471 5833 963 5910 stantinopolitame
992 5839 1132 5894 urbis
1155 5833 1392 5909 episcopo
1424 5833 1624 5892 libellos
1662 5844 1850 5893 contra
1878 5833 2038 5892 Theo-

2156 5644 2313 5682 suam
2349 5625 2689 5696 impietatem
2712 5625 2895 5679 hausit
2925 5666 2942 5690 ,
2985 5624 3526 5682 Theodorus‘autem
3554 5641 3585 5680 a
3603 5624 3731 5696 Dio-

2152 5698 2293 5752 doro
2322 5693 2614 5759 Tarsensi,
2673 5709 2977 5765 omnesque
3024 5713 3055 5752 a
3109 5697 3280 5753 Paulo
3331 5695 3727 5759 Samosatensi,

2145 5777 2212 5890 μι
2252 5765 2538 5892 ρτρᾱιιοιίε
2567 5765 2904 5823 testimoniis
2943 5768 3166 5839 copiose
3191 5767 3532 5830 demonstrat
3555 5765 3729 5821 Leon-

2171 5853 2277 5893 ius.
2359 5852 2454 5892 υιο
3222 5854 3242 5870 "
