4020 6578
164 470 338 535 1385

1120 472 1290 532 ADV.
1333 472 2037 533 INCORRUPTICOLAS
2076 474 2172 534 ET
2221 476 2535 539 NESTOR.

3320 483 3455 547 1386

154 581 456 651 λωμένας
481 577 773 651 ἐξηγήσεις
797 579 893 633 καὶ
930 577 1298 651 βλασφημίας,
1328 583 1425 636 καὶ
1452 582 1572 635 κατ’
1597 581 1779 637 αὐτῶν

1900 592 1938 637 :t
1971 583 2075 636 alia
2101 583 2223 653 ejus
2259 601 2450 655 Opera,
2471 603 2539 643 ne
2570 588 2784 659 singula
2817 605 3172 657 enumerem;
3198 603 3253 647 et
3300 593 3455 649 vide-

150 673 229 727 δὲ
267 671 398 726 τῶν
420 672 583 743 ἱερῶν
604 670 921 725 ἀποστόλων
946 671 1044 723 καὶ
1070 671 1471 740 εὐαγγελιστῶν
1498 674 1781 745 ὑπερηφά-

156 783 318 831 νους
380 766 479 819 καὶ
520 763 1047 835 ἀποτετολμημένας
1099 764 1357 834 μέμψεις,
1411 765 1481 821 τά
1530 783 1591 819 τε
1645 766 1780 821 ἄλλα

158 856 396 922 αὐτοῦ,
426 856 514 911 ἵνα
552 855 627 926 μὴ
654 855 715 908 τὸ
743 855 865 910 καθ’
899 856 957 909 ἒν
978 855 1142 925 λέγω,
1178 858 1555 927 συντάγματα,
1587 857 1781 929 ὄψεται

165 950 369 1021 βυθὸν
404 948 662 1010 ἀσεϐείας
701 948 882 1019 πάσης
913 950 1012 1018 τῆς
1040 950 1367 1020 Μαρκίωνος
1400 951 1494 1005 καὶ
1525 950 1781 1006 Βαλεντί-

165 1060 310 1105 νου,
346 1043 492 1114 πρὸς
523 1042 581 1095 δὲ
611 1042 708 1094 καὶ
743 1041 845 1109 τῆς
874 1042 1057 1112 πηγῆς
1084 1042 1192 1095 τῶν
1226 1042 1414 1096 κακῶν
1438 1042 1534 1098 τοῦ
1566 1044 1783 1099 Μάνεν-

169 1154 288 1201 τος
323 1136 497 1205 λέγω,
530 1134 954 1205 βδελυκτοτέραν
987 1151 1047 1187 τε
1079 1134 1173 1187 καὶ
1220 1135 1514 1205 ἀθεοτέραν
1556 1135 1783 1207 γνώμην

173 1247 250 1282 τε
296 1230 404 1283 καὶ
430 1227 760 1299 ἐγχείρησιν.
806 1227 1002 1296 Ἡμεῖς
1031 1226 1106 1291 δὲ,
1145 1226 1221 1289 ὡς
1278 1226 1484 1296 ἔφαμεν
1510 1268 1526 1293 9
1561 1227 1656 1281 τοῦ
1708 1228 1785 1301 μὴ

174 1322 359 1387 δόξαι
394 1323 568 1392 πάντη
610 1322 905 1391 ἀμάρτυρα
936 1320 1006 1373 τὰ
1038 1321 1157 1372 κατ’
1178 1318 1345 1373 αὐτοῦ
1389 1319 1657 1391 λεγόμενα
1688 1339 1787 1375 κα·-

179 1415 478 1479 ταλιπεῖν,
510 1411 756 1475 πολλαῖς,
789 1412 865 1473 ὼς
893 1410 1067 1481 ἔφην,
1102 1410 1372 1474 ἐπινοίαις
1414 1428 1475 1464 τε
1518 1412 1615 1466 καὶ
1657 1411 1787 1482 μεθ-

181 1508 349 1568 όδοις
374 1505 740 1577 χρησάμενοι,
762 1503 923 1572 μόνον
949 1502 1012 1554 τὸ
1041 1501 1182 1555 κατὰ
1202 1502 1300 1571 τῆς
1321 1501 1787 1574 ἐνανθρωπήσεως

187 1598 358 1669 αὐτῷ
387 1596 685 1668 συνταχθὲν
706 1596 884 1665 εὑρεῖν
909 1593 1230 1665 ἰσχύσαμεν,
1254 1594 1348 1663 ἀφ’
1375 1586 1436 1648 οὗ
1468 1595 1562 1648 καὶ
1583 1594 1788 1659 ταύτας

189 1693 304 1756 τὰς
340 1693 572 1762 χρήσεις
619 1688 965 1761 παραθέσθαι
1010 1688 1446 1757 ἐσπουδάσαμεν.
1479 1687 1622 1743 Είδὲ
1654 1687 1788 1751 θεὸς

196 1787 527 1857 ἐπιτρέποι,
564 1784 660 1838 καὶ
696 1784 725 1836 ό
752 1782 946 1853 χρόνος
974 1782 1125 1851 ἡμᾶς
1156 1778 1229 1851 μὴ
1265 1779 1570 1845 ἐπιλείποι,
1594 1780 1789 1850 ἑτέραν

199 1880 334 1932 κατ’
363 1877 529 1932 αὐτοῦ
562 1875 811 1941 σύνταξιν
845 1871 1206 1943 ποιησόμεθα,
1237 1874 1297 1927 ἐν
1399 1871 1542 1926 κατά
1590 1872 1788 1944 σχολὴν

1881 674 2321 744 bitprofundum
2354 678 2535 733 omnis
2581 679 2881 749 impietatis
2932 681 3225 738 Marcionis
3252 693 3307 739 et
3349 685 3450 741 Va-

1882 767 2104 832 lentini,
2142 768 2283 823 adde
2314 769 2481 824 etiam
2507 772 3016 839 exsecrabiliorem,
3059 783 3116 829 et
3147 776 3320 847 magis
3349 776 3458 830 im-

1882 861 2028 931 piam
2052 863 2405 929 sententiam,
2445 873 2501 919 et
2552 873 2869 935 susceptum
2926 867 3238 935 scelestius,
3291 885 3457 939 quam

1882 954 2193 1019 Manicbzei,
2220 954 2387 1011 fontis
2413 956 2719 1011 malorum:
2754 972 2855 1013 nos
2886 973 3039 1022 vero,
3086 967 3145 1013 ut
3192 960 3457 1025 diximus,

1883 1060 1954 1100 ne
1987 1044 2327 1113 videremur,
2358 1062 2481 1115 qum
2535 1054 2729 1101 contra
2759 1063 2886 1103 eum
2909 1064 2939 1103 a
2962 1049 3125 1105 nobis
3176 1050 3457 1116 dicuntur,

1886 1137 2007 1192 sine
2034 1136 2270 1192 testibus
2286 1136 2435 1192 dicta
2467 1137 2809 1207 relinquere,
2842 1138 3032 1194 multis
3068 1139 3174 1194 viis
3211 1148 3267 1195 et
3314 1142 3462 1210 cogi-

1887 1228 2191 1284 tationibus
2220 1228 2327 1293 usi,
2362 1229 2539 1283 solum
2568 1229 2717 1299 quod
2770 1239 2967 1285 contra
3020 1230 3459 1287 incarnationem

1885 1321 2215 1391 composuit,
2240 1322 2487 1392 reperire
2518 1322 2822 1391 potuimus.
2857 1322 2915 1378 Si
2958 1333 3145 1378 autem
3193 1324 3461 1380 Dominus

1885 1415 2303 1485 permiserit,et
2342 1428 2559 1484 tempus
2588 1430 2690 1469 nos
2745 1430 2856 1470 non
2895 1415 3135 1482 deﬁciet,
3171 1417 3339 1471 alium
3397 1417 3465 1473 li-

1886 1506 2049 1561 brum
2080 1514 2272 1562 contra
2294 1521 2419 1561 eum
2443 1522 2858 1576 componemus,
2892 1508 2947 1562 in
2994 1524 3105 1578 quo
3157 1525 3256 1578 per
3286 1509 3461 1563 otium

1891 1612 2335 1667 unamquamque
2363 1598 2703 1668 impietatem
2726 1598 2845 1668 ejus
2864 1614 2929 1653 ex
2951 1599 3125 1669 ipsius
3166 1599 3322 1653 libris
3346 1600 3463 1654 col-

1886 1684 2142 1755 ligemus,
2169 1692 2373 1739 etcum
2400 1701 2510 1755 quo
2552 1701 2620 1740 ex
2678 1686 2952 1740 haereticis
2994 1702 3334 1756 unaquaeque
3370 1702 3465 1742 co-

1888 1778 2208 1847 gnationem
2252 1776 2471 1841 habeat,
2526 1784 2583 1832 et
2626 1777 3049 1831 auctoritatibus
3079 1778 3199 1847 ejus
3230 1777 3463 1831 demon-

1890 1870 2204 1925 strabimus.
2230 1868 2728 1935 Quinetiamtotam
2747 1869 3198 1940 ejusameutiam,
3226 1879 3281 1924 et
3300 1886 3462 1940 quam

204 1970 462 2039 ἑκάστην
491 1967 656 2022 αὐτοῦ
678 1938 935 2022 ἀσέϐειαν
956 1938 1019 2020 ἐκ
1047 1938 1162 2018 τῶν
1195 1938 1363 2018 αὐτοῦ
1389 1964 1564 2033 λόγων
1597 1938 1788 2018 συλλε-

1900 1960 2096 2015 habeat
2121 1968 2314 2014 contra
2337 1975 2529 2015 omnes
2550 1961 2741 2015 Patres
2770 1961 3099 2015 sententiam
3126 1960 3181 2015 in
3208 1961 3467 2019 omnibus

207 2064 467 2133 ξάμενοι,
501 2062 638 2133 πρὸς
690 2060 811 2114 τίνα
852 2077 915 2113 τε
960 2057 1069 2111 τῶν
1101 2055 1233 2127 παρ’
1264 2056 1498 2120 ἐκείνοις
1541 2057 1790 2127 χρήσεων

206 2154 483 2225 δείξομεν.
516 2153 629 2207 Καὶ
672 2152 779 2225 μὴν
813 2152 908 2205 καὶ
951 2149 1049 2221 τὴν
1095 2148 1228 2219 ὃλην
1276 2147 1441 2202 αὐτοῦ
1487 2148 1790 2219 φρενοϐλά-

214 2246 395 2307 6ειαν,
421 2244 518 2297 καὶ
544 2243 611 2314 ἢν
638 2242 776 2311 πρὸς
812 2240 1023 2304 πάντας
1049 2240 1182 2303 τοὺς
1213 2238 1406 2309 άγίους
1456 2239 1569 2309 ἔχει
1618 2239 1791 2292 Πατέ-

221 2350 346 2405 ρας,
372 2333 505 2405 περὶ
542 2334 719 2387 πάντα
742 2332 995 2386 ἐναντίαν
1024 2330 1252 2403 γνώμην
1280 2334 1345 2385 ἐκ
1395 2332 1504 2384 τῶν
1556 2332 1795 2401 ἱερωτά-

219 2443 331 2479 των
374 2425 544 2479 αὐτοῦ
589 2422 921 2494 πονημάτων
960 2422 1302 2491 ἐπιδείξομεν
1331 2437 1347 2455 ·
1378 2423 1794 2493 άντιῤῥητικατς

224 2531 283 2568 τε
318 2507 454 2586 πρὸς
496 2513 661 2568 αὐτὸν
706 2514 800 2567 ἐπὶ
839 2512 1055 2576 τούτοις
1086 2511 1407 2583 χρησόμεθα
1434 2512 1788 2574 άνασκευαϊς.

226 2608 302 2659 Τὸ
326 2606 384 2660 δέ
424 2606 521 2661 νῦν
547 2604 964 2678 ἀρκεσθήσομαι
1001 2606 1068 2677 τῇ
1109 2602 1630 2674 κεφαλαιωδεστέρᾳ
1670 2602 1789 2659 κατ’

230 2697 393 2752 αὐτοῦ
442 2697 713 2770 γενομένῃ
774 2698 983 2767 γραφῇ,
1008 2695 1095 2749 ἵνα
1146 2695 1223 2766 μὴ
1276 2694 1452 2763 πάντη
1508 2693 1789 2747 λανθάνων

1894 2052 2227 2107 contrariam
2256 2051 2340 2107 eis
2360 2058 2416 2107 et
2438 2050 2817 2117 sanctissimis,
2838 2053 2958 2123 ejus
2987 2052 3251 2123 operibus
3278 2062 3464 2108 osten-

1896 2145 2111 2200 demus.
2154 2143 2237 2199 Ad
2294 2143 2409 2199 hmc
2438 2184 2451 2208 ,
2506 2144 2982 2201 confutationibus
3029 2146 3295 2201 adversus
3338 2162 3466 2201 eum

1895 2245 2138 2291 utemur.
2200 2235 2359 2291 Nunc
2404 2246 2589 2292 autem
2619 2246 2914 2295 contentus
2965 2255 3065 2295 Cl'O
3116 2241 3467 2297 accusatione

1896 2326 2054 2381 brevi
2098 2334 2295 2381 contra
2348 2340 2475 2380 eum
2523 2328 2849 2397 composita,
2871 2344 2962 2391 ne,
2997 2330 3220 2399 penitus
3266 2331 3465 2394 latens,

1896 2416 2331 2487 simplicioribus
2396 2426 2628 2485 noceat;
2682 2430 3130 2491 cognoscantque
3182 2423 3280 2492 qui
3341 2437 3469 2478 eum

1894 2518 2199 2573 sectantur,
2228 2509 2376 2564 hunc
2406 2524 2464 2565 se
2486 2511 2875 2568 commendare
2913 2521 2970 2567 et
3007 2512 3327 2579 defendere,
3370 2531 3471 2569 cu-

1888 2600 1980 2671 jus
2001 2617 2105 2656 nec
2133 2601 2478 2670 impietatem
2514 2601 2678 2658 facile
2703 2612 2793 2659 est
2847 2604 3093 2674 assequi,
3121 2606 3209 2662 vel
3258 2605 3305 2660 si
3345 2605 3472 2676 quis

1897 2692 2133 2746 maxime
2154 2693 2309 2748 velit.

236 2786 443 2858 βλάπτῃ
506 2787 634 2850 τοὺς
690 2784 1100 2855 ἁπλουστέρους
1127 2800 1141 2816 ·
1172 2782 1495 2852 γινώσκοιεν
1541 2782 1599 2837 δέ
1638 2782 1734 2836 καὶ
1779 2782 1827 2835 oi
1874 2781 2214 2850 ἐζηλωκότες
2255 2782 2439 2847 αὐτὸν,
2502 2782 2578 2846 ὡς
2614 2783 2805 2837 τοῦτον
2847 2786 3161 2841 συνιστάναι
3204 2787 3472 2853 ἀξιοῦσιν,

235 2873 295 2932 οὐ
359 2877 494 2947 μηδὲ
550 2876 653 2946 τῆς
698 2874 957 2938 άσεδείας
1009 2873 1158 2928 ἔστιν
1218 2870 1507 2942 ἐφικέσθαι
1572 2871 1775 2943 ῥᾳδίως
1835 2872 1931 2925 καὶ
2003 2870 2095 2925 τὸν
2148 2871 2291 2927 πάνυ
2352 2872 2828 2945 προθυμούμενον.
2878 2874 3037 2948 [ΑΜ.
3095 2878 3221 2934 MAI.
3276 2880 3471 2952 Scripr,

238 2976 334 3024 vet.
366 2967 583 3023 Collect.
615 2966 703 3033 Vl,
735 2982 791 3037 p.
827 2963 985 3038 299.]

306 3122 492 3177 Allatis
519 3120 613 3176 hic
642 3119 932 3191 permultis
970 3117 1243 3174 Theodori
1272 3117 1645 3190 Mopsuesteni
1685 3115 2131 3180 auctoritatibus,
2169 3132 2329 3187 quas,
2358 3118 2484 3187 quia
2528 3126 2745 3175 exstant
2786 3119 2931 3176 inter
2972 3120 3152 3194 Opera
3173 3125 3473 3195 Theodori,

242 3215 400 3288 hujus
428 3213 750 3285 Pati-elogia:
778 3220 816 3268 t.
844 3212 1029 3277 LXVI,
1055 3211 1161 3267 col.
1185 3210 1309 3276 672,
1346 3209 1828 3281 praetermisimus,
1868 3208 1983 3264 lucc
2020 3209 2173 3265 addit
2199 3208 2464 3265 Leontius
2490 3228 2505 3265 :

309 3354 415 3409 Καὶ
442 3352 617 3407 ταῦτα
653 3353 752 3424 μὲν
780 3352 809 3406 ὁ
840 3351 1042 3421 ἀσεϐὴς
1059 3349 1358 3421 Θεόδωρος,
1394 3348 1539 3404 κατὰ
1571 3347 1669 3403 τοῦ
1706 3365 1798 3418 με·

1972 3348 2149 3418 Atque
2184 3348 2300 3403 lucc
2325 3348 2549 3419 quidem
2580 3348 2785 3419 impius
2832 3349 3180 3420 Theodorus,
3227 3355 3383 3413 rabie
3422 3358 3476 3414 in

244 3450 402 3519 γάλου
459 3447 596 3501 Θεοῦ
654 3447 751 3499 καὶ
800 3444 1055 3514 Σωτῆρος
1106 3443 1268 3513 ἡμῶν
1323 3442 1499 3512 Ἰησοῦ
1563 3440 1801 3512 Χριστοῦ

246 3538 504 3607 λυττήσας
554 3535 1001 3605 ἐϐλασφήμησεν,
1068 3532 1228 3585 ἄλλον
1280 3526 1422 3584 εἶναι
1476 3530 1651 3598 λέγων
1709 3532 1804 3583 τον

246 3629 367 3682 Θεὸν
417 3628 613 3696 Λόγον,
647 3628 743 3681 καὶ
786 3625 944 3681 ἄλλον
1004 3622 1210 3693 Ἰησοῦν
1256 3623 1349 3677 τὸν
1397 3623 1631 3693 Χριστόν
1662 3639 1676 3653 ο
1712 3622 1805 3675 καὶ

247 3720 333 3774 τὸν
401 3720 501 3790 μὲν
565 3718 979 3789 εὐεργετοῦντα,
1039 3718 1131 3771 τὸν
1174 3717 1232 3770 δῖε
1294 3714 1756 3786 εὐεργετούμενον
1787 3730 1803 3746 ο

249 3812 336 3866 καί
384 3811 474 3864 τὸν
532 3812 631 3880 μὲν
688 3809 953 3875 σώζοντα,
1014 3809 1106 3862 τὸν
1158 3808 1213 3861 δὲ
1268 3804 1595 3876 σωζόμενον.
1648 3804 1704 3857 '0
1750 3804 1804 3859 δὲ

248 3904 410 3958 ταῦτα
460 3905 655 3972 λέγων,
696 3900 948 3974 φανερῶς
990 3902 1235 3972 ἀρνεῖται
1281 3899 1382 3968 τὴν
1428 3896 1518 3950 διὰ
1564 3895 1659 3950 τοῦ
1707 3898 1805 3949 Δε-

252 4002 441 4055 σπότου
489 3994 724 4069 Χριστοῦ
768 3995 1214 4063 προσγενομένην
1248 3991 1381 4060 ἡμῖν
1415 3986 1711 4058 σωτηρίαν.
1750 3986 1809 4040 '0

249 4094 351 4164 γὰρ
410 4091 539 4162 παρ’
569 4090 730 4142 άλλου
797 4086 1120 4156 εὐεργεσίαν
1170 4080 1522 4149 λαϐὼν,ἧτοι
1578 4077 1806 4141 σωθεὶς,

249 4186 460 4254 ἐτέρους
489 4182 608 4244 πῶς
633 4181 855 4235 δύναται
886 4184 1085 4243 σώζειν
1111 4193 1126 4243 ;
1168 4175 1232 4228 Οί
1257 4173 1436 4227 τοίνυν
1474 4170 1647 4224 ταῦτα
1675 4186 1809 4240 φρο-

248 4276 480 4337 νοῦντες,
520 4274 665 4335 τίνος
711 4273 911 4326 οἴονται
942 4269 1101 4340 σῶμα
1146 4268 1242 4321 καὶ
1270 4261 1410 4335 αἷμα
1457 4262 1808 4335 μεταλαμϐάο

249 4387 394 4435 νειν;
430 4365 525 4420 τοῦ
572 4367 1037 4438 εὐεργετήσαντος
1064 4402 1079 4427 ,
1110 4361 1143 4432 ἢ
1179 4358 1276 4413 τοῦ
1316 4355 1808 4428 εὐεργετηθέντοςς

262 4460 393 4514 Ἀλλ’
424 4461 471 4513 εί
529 4459 627 4530 μὲν
664 4457 757 4511 τοῦ
803 4455 1265 4525 εὐεργετήσαντος
1304 4449 1439 4503 Θεοῦ
1469 4449 1662 4513 Λόγου,
1695 4444 1812 4508 πῶς

250 4553 399 4608 τοῦτο
441 4551 682 4621 λέγουσι,
718 4550 792 4621 μὴ
839 4545 1233 4618 ὁμολογοῦντες
1266 4542 1429 4596 αὐτὸν
1461 4538 1811 4610 σαρκωθῆναι

251 4648 341 4701 καὶ
386 4642 840 4714 ἐνανθρωπῆσαις
876 4641 939 4693 El
968 4639 1024 4692 δὲ
1053 4636 1148 4691 τοῦ
1195 4632 1669 4705 εὐεργετηθέντας,
1712 4646 1813 4697 μα-

250 4738 370 4793 ταία
406 4737 587 4791 αὐτῶν
623 4737 657 4805 η
701 4733 878 4799 ἐλπὶς,
906 4727 1423 4800 άνθρωπολατρείαν
1477 4718 1811 4795 πρεσϐευόν-

251 4847 387 4883 των·
453 4829 551 4883 καλ⁵
616 4828 699 4889 είς
769 4825 1061 4895 ἄνθρωπον
1127 4821 1229 4883 τὰς
1289 4817 1511 4878 ἐλπίδας
1571 4814 1811 4884 ἔχοντες,

254 4920 637 4991 ἐπικατάρατοί
661 4920 820 4983 εἰσιν,
846 4919 927 4970 ὅτι
953 4913 1333 4984 ἐσεϐάσθησαν
1356 4910 1451 4963 καὶ
1482 4906 1813 4975 ἐλάτρευσαν

253 5019 316 5086 τῇ
360 5015 535 5067 κτίσει
580 5011 731 5084 παρά
783 5011 874 5064 τὸν
918 5007 1218 5071 Κτίσαντα,
1248 5004 1307 5067 ὅς
1332 5003 1479 5055 ἐστιν
1519 4996 1814 5067 εὐλογητὸς

257 5109 330 5169 εἰς
357 5108 481 5169 τοὺς
517 5106 739 5168 αἰῶνας.
793 5103 994 5175 Ἀμήν.

333 5198 647 5265 Ἀναγκαῖον
673 5198 730 5250 δὲ
756 5196 1076 5268 ἡγησάμην,
1112 5191 1211 5246 καὶ
1229 5188 1326 5244 τοῦ
1357 5184 1685 5258 πρωτάρχου
1715 5181 1816 5251 τῆς

257 5290 502 5352 ἀσεϐείας
529 5290 703 5342 αὐτῶν
735 5288 1033 5359 γενομένου
1072 5284 1261 5352 ὀλίγας
1306 5278 1649 5349 παραθέσθαι
1676 5274 1817 5346 χρή·

260 5403 383 5449 σεις,
431 5384 497 5437 δι’
550 5377 625 5435 ὧν
693 5381 1217 5453 συμπεπλεγμένους
1275 5375 1475 5438 αὐτοὺς
1525 5369 1670 5425 κατά
1718 5369 1818 5439 τὴν

258 5476 506 5530 ἀσέϐειαν
531 5473 771 5526 κατιδεῖν
801 5472 1036 5535 ἔξεστιν.

261 5610 545 5680 Διοδώρου
578 5609 647 5662 ἐκ
703 5608 809 5662 τοῦ
846 5607 996 5661 κατὰ
1017 5596 1492 5659 συνουσιαστῶν
1535 5594 1722 5663 λόγου
1746 5598 1820 5647 α’.

333 5747 351 5781 t
397 5721 815 5791 Ἀσφαλίζεσθαι
842 5721 920 5783 είς
954 5720 1050 5791 τὴν
1082 5718 1369 5789 ἀκρίϐειαν
1405 5712 1514 5766 τῶν
1541 5708 1825 5779 δογμάτων

268 5822 399 5893 ὑμᾶς
429 5817 716 5886 ἐνάγομεν.
744 5813 963 5875 Τέλειος
991 5812 1096 5883 πρὸ
1120 5809 1333 5863 αἰώνων
1364 5807 1392 5859 ὁ
1420 5804 1547 5866 Υἱός
1577 5818 1589 5830 ·
1622 5800 1826 5893 τέλειον

262 5892 345 5967 τδν
370 5915 433 5964 ἐκ
467 5907 626 5961 Δαὸὶδ
672 5904 963 5975 ἀνείληφεν
994 5904 1117 5966 Υἱὸς
1141 5898 1276 5953 Θεοῦ
1311 5899 1425 5950 υἱὸν
1456 5893 1636 5948 Δαὸίδ.
1655 5892 1829 5961 Ἐρεῖς

573 5999 842 6057 ΡΑτιιοι..
888 5997 1005 6056 Gn.
1044 5991 1382 6055 LXXXVI.

1904 3456 2160 3509 magnum
2186 3442 2357 3496 Deum
2385 3450 2440 3495 et
2464 3442 2804 3497 Salvatorem
2818 3453 3073 3499 nostrum
3102 3445 3291 3501 Jesum
3318 3448 3480 3506 Chri-

1905 3541 2048 3587 stum
2079 3534 2343 3602 percitus,
2365 3532 2680 3603 blaspheme
2700 3535 2943 3604 scripsit,
2964 3536 3154 3592 dicens
3175 3540 3341 3596 alium
3360 3559 3482 3599 esse

1906 3624 2075 3678 Deum
2109 3624 2369 3688 Verbum,
2405 3635 2461 3679 et
2501 3626 2670 3681 alium
2723 3626 2910 3681 Jesum
2976 3627 3291 3686 Christum:
3326 3634 3481 3689 illum

1905 3714 2177 3769 beneﬁcio
2202 3708 2555 3781 aﬁici’éntem,
2609 3716 2758 3772 hunc
2790 3717 3063 3774 beneﬁcio
3093 3721 3383 3789 affectum;
3420 3727 3484 3780 ila

1905 3807 2019 3860 lum
2039 3806 2253 3860 salvum
2289 3806 2609 3871 facientem,
2663 3808 2813 3863 hunc
2856 3810 3069 3863 salvum
3103 3812 3331 3877 factum.
3377 3816 3482 3883 Qui

1907 3904 2090 3950 autem
2122 3897 2237 3951 haec
2267 3897 2423 3960 dicit,
2459 3897 2752 3953 manifesto
2770 3907 2932 3969 negat
2960 3900 3194 3955 salutem
3213 3919 3311 3973 per
3325 3904 3487 3962 Chri-

1906 3994 2056 4039 stum
2089 3986 2330 4041 allatam.
2356 3986 2461 4052 Qui
2501 3987 2652 4041 enim
2671 3987 2739 4041 ab
2763 3988 2872 4042 alio
2895 3988 3227 4045 beneﬁcium
3257 3995 3483 4065 accipit,

1909 4076 1966 4131 id
1994 4088 2098 4144 est,
2127 4077 2221 4148 qui
2251 4077 2430 4134 factus
2450 4087 2534 4133 est
2554 4080 2741 4134 salvus
2759 4120 2774 4145 ,
2806 4081 3085 4149 quomodo
3107 4084 3314 4153 poterit
3347 4086 3488 4143 alios

1908 4170 2092 4225 salvos
2114 4170 2334 4227 facere?
2363 4170 2468 4238 Qui
2517 4171 2636 4227 haec
2668 4173 2937 4237 sentiunt,
2990 4176 3150 4247 cujus
3181 4191 3384 4247 corpus
3429 4186 3487 4233 et

1910 4261 2231 4330 sanguinem
2270 4276 2329 4317 se
2357 4269 2551 4332 ptttant
2572 4264 2629 4317 in
2649 4264 3039 4319 communione
3082 4281 3329 4334 sumere,
3363 4269 3485 4339 ejus

1909 4355 2004 4423 qui
2030 4353 2361 4408 beneﬁcium
2416 4354 2673 4419 contulit,
2717 4370 2788 4411 an
2818 4356 2915 4425 qui
2952 4355 3281 4413 beneﬁcium
3334 4376 3492 4414 acce-

1910 4447 2024 4518 pit?
2061 4446 2117 4502 Si
2141 4446 2235 4501 Dei
2257 4446 2421 4502 Verbi
2449 4446 2783 4502 beneﬁcium
2813 4449 3171 4516 conferentis,
3212 4454 3490 4521 quomodo

1911 4539 2019 4593 hoc
2047 4539 2259 4603 dicunt,
2292 4553 2405 4593 non
2439 4538 2782 4595 conﬁtentur
2804 4555 2935 4594 eum
2959 4541 3306 4597 incarnatum
3329 4545 3492 4598 esse?

1914 4630 1972 4686 Si
1997 4646 2128 4686 vero
2154 4630 2489 4685 beneﬁcium
2527 4632 2875 4701 accipientis,
2926 4632 3110 4688 inanis
3165 4641 3250 4689 est
3296 4651 3489 4690 eorum

1918 4738 2045 4793 Spes
2075 4722 2566 4792 antbropolatriam
2590 4722 2938 4794 proﬁtentes.
2970 4726 3039 4779 Et
3070 4725 3165 4795 qui
3198 4726 3254 4780 in
3304 4726 3490 4781 homi-

1919 4829 1988 4867 ne
2016 4828 2167 4883 spem
2192 4814 2486 4876 collocant,
2513 4814 2793 4870 maledicti
2848 4823 2979 4870 sunt
3010 4834 3023 4869 :
3056 4816 3152 4885 qui
3194 4818 3489 4873 coluerunt

1918 4906 2311 4960 etservierunt
2341 4914 2613 4961 creatura:
2656 4916 2856 4976 praeter
2878 4907 3221 4977 Creatorem,
3267 4910 3361 4979 qui
3406 4920 3493 4967 est

1920 4999 2246 5056 benedictus
2267 5000 2323 5055 in
2352 5001 2574 5056 saecula.
2621 5002 2818 5057 Amen.

1996 5178 2380 5235 Necessarium
2406 5180 2742 5244 existimavi,
2790 5181 2910 5250 ejus
2944 5179 3039 5249 qui
3089 5178 3195 5234 fuit
3237 5180 3494 5249 princeps

1924 5281 2118 5326 auctor
2141 5272 2305 5342 hujus
2333 5272 2655 5343 impietatis,
2705 5286 2909 5343 paucas
2938 5270 3301 5325 auctoritates
3320 5284 3492 5339 appo-

1926 5380 2082 5427 nere,
2119 5380 2187 5419 ex
2220 5365 2421 5434 quibus
2442 5366 2577 5421 licet
2622 5366 2964 5436 perspicere,
2993 5376 3273 5418 connexos
3322 5360 3493 5417 fuisse

1922 5455 2074 5527 ipsos
2107 5456 2162 5511 in
2194 5458 2295 5512 hac
2329 5457 2634 5527 impietate.

2132 5593 2354 5647 Diodori
2386 5609 2449 5647 ea:
2486 5592 2619 5647 libro
2650 5609 2666 5647 ι
2693 5590 2891 5648 Contra
2921 5589 3284 5663 Synusiastns.

2002 5726 2018 5757 ι
2051 5706 2255 5761 Hortor
2288 5724 2407 5771 vos,
2434 5717 2495 5762 ut
2522 5709 2722 5764 muniti
2751 5708 2873 5762 sitis
2902 5716 2958 5761 et
2992 5706 3132 5761 ﬁrmi
3162 5705 3229 5759 ad
3260 5704 3491 5774 diligen-

1928 5807 2037 5851 tem
2057 5800 2431 5869 cognitionem
2489 5801 2833 5872 dogmatum.
2873 5799 3159 5856 Perfectus
3212 5807 3341 5852 ante
3399 5811 3501 5850 saec

1929 5891 2048 5945 cula
2077 5890 2275 5959 Filius;
2306 5893 2633 5962 perfectum,
2670 5892 2815 5963 quod
2843 5908 2908 5948 ex
2958 5890 3129 5945 David
3179 5886 3495 5957 assumpsit,

3010 5981 3084 6041 Ιώ
