4032 6542
561 459 698 527 i387

1821 459 2134 522 LEONTII
2174 457 2584 521 BYZANTINI

3693 463 3838 531 1388

557 573 732 631 Filius
775 569 895 638 Dei,
923 569 1071 627 ﬁlius
1118 569 1313 627 David.
1363 571 1523 628 Dices
1564 571 1725 638 mihi,
1783 573 1934 628 Duos
1981 574 2148 644 igitur

2258 589 2347 644 μοι
2370 588 2384 602 ·
2413 572 2522 626 Δύο
2550 570 2647 627 οὖν
2680 571 2832 637 υἱοὺς
2860 572 3194 647 κηρύττειςς
3225 575 3329 630 Δύο
3350 575 3506 642 υἱοὺς
3536 575 3638 632 τοῦ
3664 582 3840 636 Δαϐὶδ

557 664 700 720 ﬁlios
751 661 1024 734 praedicas
1054 663 1078 717 ?
1107 663 1256 718 Duos
1294 663 1437 719 ﬁlios
1470 664 1642 718 David
1688 679 1797 719 non
1829 664 1955 720 dico
1982 681 1998 732 ;
2033 680 2144 721 non

555 757 702 814 enim
733 756 844 811 dixi
864 757 1039 811 Deum
1090 755 1332 812 Verbum
1366 755 1542 810 ﬁlium
1564 757 1761 812 David.
1817 757 1927 813 Sed
1963 772 2145 828 neque

499 913 504 928 ‘
555 852 854 909 duosfilios
867 851 964 906 Dei
985 850 1292 907 secundum
1317 851 1686 907 substantiam
1704 852 1862 906 dico:
1882 851 2146 906 necenim

556 945 682 1001 dico
708 945 847 1000 duos
868 958 935 999 ex
959 943 1270 999 substantia
1287 943 1550 1009 Dei,cum
1573 943 1700 999 dico
1714 943 1889 1000 Deum
1904 943 2145 999 Verbum

485 1105 488 1113 ν
557 1044 686 1091 ante
716 1035 915 1091 saecula
954 1033 1238 1090 habitasse
1262 1034 1319 1089 in
1353 1034 1541 1105 genito
1561 1050 1631 1091 ex
1665 1035 1878 1092 semine
1903 1033 2097 1091 David.
2120 1053 2140 1087 ›

981 1146 1239 1217 Ejusdem
1268 1161 1332 1200 ea:
1353 1145 1533 1199 eodem
1565 1146 1719 1201 libro.

640 1258 870 1314 «Gratia
925 1258 1101 1314 Filius
1146 1259 1312 1315 homo
1365 1274 1435 1314 ex
1476 1257 1649 1313 Maria
1700 1264 1898 1324 natus;
1948 1266 2150 1314 natura

562 1362 748 1406 autem
782 1351 926 1406 Deus
960 1351 1236 1406 Verbum:
1287 1349 1423 1404 illud
1470 1349 1644 1420 gratia
1670 1359 1726 1404 et
1755 1365 1865 1404 non
1916 1359 2147 1418 natura;

561 1444 669 1499 hoc
697 1451 882 1498 autem
929 1450 1125 1498 natura
1174 1452 1230 1497 et
1264 1457 1376 1497 non
1400 1441 1598 1514 gratia.
1644 1441 1892 1497 Sufﬁciet
1929 1441 2148 1512 corpori

561 1552 630 1590 ex
661 1545 850 1590 nostro
879 1550 1081 1605 genere
1130 1533 1326 1589 ﬁliatio
1380 1533 1688 1589 secundum
1731 1534 1989 1604 gratiam,
2025 1533 2148 1605 glo-

563 1625 664 1691 ria,
691 1624 1108 1692 immortalitas;
1139 1632 1195 1680 et
1238 1624 1387 1695 quod
1416 1626 1680 1696 templum
1728 1625 1825 1678 Dei
1852 1625 2020 1680 Verbi
2065 1624 2151 1679 fa-

561 1724 708 1770 ctum
755 1725 865 1782 est,
912 1732 983 1771 ne
1034 1716 1289 1771 elevetur
1348 1732 1517 1787 supra
1561 1725 1847 1784 naturam;
1903 1725 1960 1771 et
2006 1716 2151 1773 Deus

562 1807 799 1863 Verbum
835 1808 958 1863 loco
999 1808 1236 1863 actionis
1287 1809 1592 1880 gratiarum
1639 1825 1806 1880 quam
1849 1808 2144 1876 debemus,

558 1915 628 1955 ne
676 1899 1016 1955 contumelia
1077 1899 1351 1956 afﬁciatur
1389 1918 1402 1955 :

558 2006 894 2062 componere
931 2007 1059 2049 eum
1103 2007 1232 2046 cum
1262 2007 1520 2063 corpore,
1574 2003 1631 2049 et
1674 1993 1989 2049 existimare
2007 2009 2146 2064 opus

559 2083 638 2137 illi
687 2099 811 2139 esse
864 2098 1098 2154 corpore
1155 2083 1225 2138 ad
1281 2084 1588 2155 perfectam
1636 2084 2146 2141 ﬁliationem'iNec

558 2174 707 2228 enim
731 2173 848 2244 ipse
870 2175 1017 2230 Deus
1045 2175 1294 2231 Verbum
1329 2176 1448 2230 vult
1473 2191 1596 2232 esse
1642 2176 1791 2232 ﬁlius
1813 2177 2008 2242 David,
2046 2175 2144 2232 sed

559 2266 843 2322 Dominus.
868 2265 1081 2338 Corpus
1122 2283 1256 2323 vero
1283 2269 1475 2324 vocari
1499 2267 1672 2324 ﬁlium
1702 2268 1874 2325 David
1897 2284 2008 2324 non
2024 2283 2144 2324 mo-

561 2360 632 2416 do
659 2375 769 2414 non
794 2359 1021 2427 invidit,
1040 2360 1134 2417 sed
1159 2371 1389 2432 propter
1411 2361 1520 2418 hoc
1543 2361 1713 2419 venit.
1737 2379 1757 2414 ι

628 2473 700 2527 Et
723 2479 838 2541 post
869 2473 981 2528 alia
1006 2490 1026 2528 :
1067 2492 1086 2526 ι
1112 2473 1182 2529 Et
1211 2474 1434 2544 quando
1467 2475 1536 2531 de
1566 2475 2026 2548 generationibus
2055 2493 2144 2534 se-

559 2565 803 2622 cundum
829 2575 1079 2622 naturam
1105 2566 1276 2622 fuerit
1309 2582 1514 2632 sermo,
1543 2583 1614 2623 ne
1651 2567 1805 2624 ﬁlius
1831 2569 2016 2624 Maria:
2036 2585 2143 2640 pu-

559 2665 710 2714 tetur
726 2659 872 2715 Deus
883 2658 1124 2714 Verbum
1140 2676 1155 2726 ;
1176 2658 1431 2714 mortalis
1447 2659 1597 2714 enim
1614 2660 1900 2716 mortalem
1917 2669 2145 2732 generat

559 2751 868 2806 secundum
901 2757 1179 2816 naturam,
1209 2756 1266 2804 et
1291 2763 1497 2820 corpus
1517 2757 1747 2820 generat
1773 2750 2143 2805 consubstan-

558 2843 711 2898 tiale.
745 2843 814 2898 Et
841 2841 979 2897 duas
1011 2840 1402 2912 generationes
1430 2842 1578 2898 Deus
1603 2841 1845 2896 Verbum
1885 2856 1995 2898 non
2022 2856 2144 2897 sus-

560 2935 796 3001 tinebat,
828 2949 994 2989 unam
1026 2940 1155 2988 ante
1195 2933 1431 3001 saecula,
1465 2934 1692 2991 alteram
1733 2933 2143 3005 posterioribus

561 3027 931 3099 temporibus.
966 3045 989 3079 ι

860 3139 1115 3211 Ejusdem
1139 3138 1360 3195 Diodori
1388 3154 1452 3194 ea:
1479 3140 1658 3220 eodem
1683 3137 1838 3194 libro.

641 3274 658 3307 ι
689 3253 748 3309 Si
781 3253 908 3325 quis
935 3253 1176 3309 voluerit
1209 3253 1408 3310 Filium
1436 3253 1532 3308 Dei
1566 3253 1739 3309 Deum
1765 3251 2008 3309 Verbum
2033 3267 2138 3307 no-
2173 3275 2217 3337 α

563 3348 774 3402 minare
834 3345 1324 3418 καταχρηστικῶς,
1380 3345 1435 3401 id
1491 3352 1574 3400 est
1627 3360 1728 3414 per
1800 3343 2144 3412 abusionem,

563 3439 740 3494 ﬁlium
784 3439 953 3493 David
974 3447 1202 3509 propter
1231 3439 1496 3509 templum
1533 3437 1695 3493 Verbi
1720 3436 1911 3492 Deiex
1941 3437 2136 3504 David,

562 3531 813 3587 nominet
841 3549 854 3586 :
892 3542 948 3588 et
975 3532 1220 3603 genitum
1254 3547 1323 3587 ex
1354 3531 1566 3586 semine
1613 3530 1785 3585 David
1814 3529 2016 3584 Filium
2047 3531 2144 3586 Dei

563 3624 760 3695 gratia,
793 3632 850 3680 et
896 3639 1008 3679 non
1041 3633 1238 3678 natura
1273 3631 1435 3678 vocet
1465 3639 1477 3676 :
1512 3637 1622 3677 non
1657 3622 1916 3696 ignorans
1958 3631 2146 3693 patres

565 3717 847 3771 naturales
873 3757 888 3781 ,
927 3730 1030 3771 nec
1069 3715 1321 3771 ordinem
1355 3721 1678 3784 pervertens
1702 3753 1718 3779 ,
1749 3727 1928 3783 neque
1957 3712 2147 3768 dicens

564 3809 978 3878 incorporeum,
1008 3814 1064 3861 et
1087 3813 1215 3860 ante
1250 3804 1449 3860 saecula
1488 3819 1611 3859 esse
1640 3819 1709 3860 ex
1734 3803 1848 3859 Deo
1871 3812 1928 3859 et
1950 3801 2144 3870 David,

564 3909 786 3969 passum
821 3905 879 3954 et
911 3896 1334 3969 impassibilem.
1375 3915 1394 3946 ι

989 4030 1248 4102 Ejusdem
1278 4045 1342 4084 ea:
1365 4030 1545 4084 eodem
1570 4030 1724 4086 libro.

644 4146 862 4202 «Filius
923 4144 1020 4200 Dei
1113 4153 1344 4215 propter
1402 4143 1657 4211 nullum;
1729 4152 1924 4200 natura
1997 4143 2149 4200 enim

565 4234 788 4301 Filius;
845 4248 973 4289 caro
1037 4233 1213 4288 Filius
1277 4241 1505 4303 propter
1590 4233 1830 4301 Filium;
1891 4242 1948 4290 et
2013 4234 2149 4305 quid

567 4327 694 4383 dico
761 4333 990 4397 propter
1038 4325 1283 4381 Filium?
1328 4326 1562 4396 Propter
1614 4341 1717 4381 nos
1783 4341 1932 4381 caro.
1967 4326 2037 4381 Et
2080 4342 2150 4382 ne

564 4418 894 4474 existimetis
943 4417 1328 4487 blasphemum
1356 4433 1479 4473 esse
1524 4417 1792 4480 verbum,
1845 4417 2014 4486 petite
2055 4416 2153 4472 de-

566 4509 1017 4566 monstrationes.
1072 4508 1129 4567 Si
1177 4509 1434 4565 homines
1488 4525 1597 4564 non
1639 4516 1982 4578 peccassent,
2038 4523 2150 4562 non

2245 664 2310 716 οῠ
2365 663 2544 734 λέγω·
2578 663 2654 736 μὴ
2683 664 2809 736 γὰρ’
2842 661 2995 720 εἷπον
3037 666 3131 721 τὸν
3187 667 3321 724 Θεὸν
3364 670 3542 739 Λόγον
3569 670 3691 725 υίδν
3723 675 3836 726 Δα-

2247 754 2336 809 ϐίδ
2358 771 2374 788 ο
2415 755 2531 809 ἀλλ’
2562 754 2685 809 οὐδὲ
2717 756 2812 831 δρο
2846 758 2999 821 υἱοὺς
3021 756 3118 812 τοῦ
3147 758 3283 814 Θεοῦ
3307 762 3430 816 κατ’
3445 761 3642 816 οὐσίαν
3664 762 3835 833 λέγειν

2251 847 2328 920 μὴ
2359 847 2470 921 γὰρ
2512 849 2605 904 δύο
2646 851 2790 921 φημὶ
2831 851 2899 904 ὲκ
2943 851 3046 920 τῆς
3072 851 3168 907 τοῦ
3197 852 3334 907 Θεοῦ
3359 853 3569 920 οὐσίας,
3597 853 3695 909 τὸν
3727 857 3841 928 πρὸ

2250 939 2463 996 αἰώνων
2506 941 2639 995 Θεὸν
2687 941 2862 1012 Λόγον
2905 941 3082 1014 λέγων
3111 945 3502 1018 κατῳκηκέναι
3529 949 3586 1002 ὲν
3637 947 3724 1019 τῷ
3777 949 3842 1002 ὲκ

2251 1031 2569 1105 σπέρματος
2594 1034 2780 1090 Δαϐίδ.
2823 1054 2842 1088 ι

2537 1149 2650 1205 Τοῦ
2670 1151 2859 1207 αὐτοῦ
2892 1152 2960 1206 ἐκ
2989 1151 3097 1208 τοῦ
3122 1153 3320 1209 αὐτοῦ.
3337 1154 3544 1225 λόγου.

2327 1279 2346 1314 ι
2382 1261 2581 1332 Χάριτι
2604 1262 2733 1327 Υἱὸς
2761 1263 2791 1316 ό
2823 1265 2890 1318 ὲκ
2924 1264 3150 1337 Μαρίας
3179 1266 3488 1338 ἄνθρωπος,
3517 1267 3684 1339 φύσει
3720 1267 3785 1323 δὲ
3812 1272 3840 1323 ό

2250 1351 2385 1416 Θεὸς
2417 1352 2588 1422 Λόγος
2611 1372 2626 1386 ·
2656 1354 2720 1409 τὺ
2749 1355 2850 1427 μὲν
2884 1356 3070 1428 χάριτι
3106 1357 3203 1412 καὶ
3228 1359 3292 1412 οὐ
3321 1357 3515 1428 φύσει,
3545 1358 3609 1414 τὸ
3643 1361 3705 1416 δὲ
3733 1362 3840 1431 φύ-

2253 1461 2338 1498 σει
2371 1444 2468 1498 καὶ
2495 1445 2556 1499 οὐ
2585 1446 2770 1518 χάριτι
2796 1464 2812 1478 ο
2843 1447 3172 1520 ἀρκέσειτῷ
3201 1449 3261 1516 ἐξ
3289 1451 3448 1522 ἡμῶν
3491 1451 3749 1522 σώματι,
3777 1453 3842 1508 τὸ

2249 1536 2352 1606 τῆς
2378 1536 2527 1591 κατὰ
2552 1538 2716 1612 χάριν
2746 1539 3018 1612 υίότητος,
3053 1541 3117 1595 τὸ
3144 1541 3247 1613 τῆς
3268 1541 3454 1614 δόξης,
3471 1545 3534 1598 τὸ
3560 1546 3670 1617 τῆς
3692 1546 3838 1602 ἀθα-

2251 1628 2442 1692 νασίας
2467 1645 2482 1660 ·
2515 1628 2598 1682 ὅτι
2631 1628 2758 1697 ναδς
2777 1629 2874 1684 τοῦ
2907 1628 3043 1684 Θεοῦ
3075 1627 3250 1700 Λόγου
3282 1633 3530 1702 γέγονεν,
3565 1635 3645 1706 μὴ
3691 1635 3840 1706 ὑπὲρ

2251 1721 2412 1791 φύσιν
2455 1722 2740 1792 ἀναγέσθω
2765 1737 2781 1754 ο
2815 1721 2913 1777 καὶ
2940 1724 2970 1776 ὁ
3011 1721 3145 1788 Θεὸς
3196 1723 3371 1794 Λόγος
3411 1726 3533 1780 ἀντὶ
3567 1727 3673 1797 τῆς
3701 1730 3838 1799 παρ’

2251 1813 2410 1886 ἡμῶν
2447 1813 2811 1885 ὀφειλομένης
2849 1814 3202 1886 εὐχαριστίας
3237 1816 3314 1888 μὴ
3342 1816 3687 1889 ὑϐριζέσθω.
3721 1821 3838 1875 Καὶ

1475 1909 1532 1956 et
1581 1917 1705 1972 qua:
1769 1901 2108 1957 contumelia
2128 1941 2143 1966 ,

2258 1905 2333 1969 τίς
2360 1905 2394 1975 ή
2428 1902 2586 1972 ὕϐρις
2611 1903 2708 1959 τοῦ
2739 1904 3048 1959 συντιθέναι
3077 1905 3239 1960 αὑτὸν
3271 1906 3412 1976 μετά
3430 1906 3524 1961 τοῦ
3551 1907 3836 1980 σώματος,

2251 1997 2346 2052 καὶ
2379 1995 2590 2050 δεῖσθαι
2617 1995 2862 2068 νομίζειν
2892 1998 2975 2061 είς
3003 1997 3215 2052 τελείαν
3248 1996 3474 2070 υίότητα
3502 1998 3600 2053 τοῦ
3629 1998 3837 2071 σώμα-

2249 2105 2378 2156 τος;
2411 2086 2535 2141 οὐδὲ
2589 2087 2752 2152 αὐτὸς
2775 2088 2805 2140 ὁ
2851 2087 2986 2153 Θεδς
3011 2088 3184 2158 Λόγος
3217 2087 3468 2158 βούλεται
3507 2089 3709 2144 ἑαυτὸν
3737 2090 3840 2146 τοῦ

2247 2181 2416 2236 Δαϐὶδ
2472 2176 2614 2235 εἶναι
2666 2179 2805 2246 υίδν,
2838 2180 2978 2235 ἀλλά
3011 2179 3243 2253 Κύριον.
3266 2180 3341 2234 Τὸ
3372 2181 3430 2235 δὲ
3459 2182 3617 2253 σῶμα
3651 2182 3840 2238 καλεῖ-

2251 2275 2378 2331 σθαι
2406 2273 2502 2330 τοῦ
2531 2275 2700 2331 Δαϐὶδ
2727 2275 2880 2342 Υίὸν,
2903 2275 2966 2329 οὐ
2998 2275 3160 2346 μόνον
3185 2273 3287 2330 οὐκ
3320 2274 3622 2348 ἐφθόνησεν
3649 2315 3670 2344 ,
3694 2277 3843 2332 ἀλλά

2248 2369 2344 2424 καὶ
2368 2367 2460 2423 διά
2482 2367 2643 2422 τοῦτο
2667 2369 3069 2440 παραγέγονεν.
3099 2385 3120 2421 ι

2319 2480 2430 2536 Kal
2447 2481 2579 2551 μεθ’
2599 2480 2773 2550 ἔτερᾰ
2799 2495 2815 2512 ο
2844 2498 2865 2534 ‹
2896 2481 3010 2536 Kal
3041 2481 3173 2554 περὶ
3190 2481 3304 2536 τῶν
3331 2481 3478 2537 κατὰ
3510 2480 3679 2552 φύσιν
3703 2498 3842 2552 γεν-

2248 2574 2457 2645 νήσεων
2507 2574 2586 2627 ὅτ’
2613 2568 2737 2649 ἆνῇ
2769 2572 2950 2643 λόγος,
2977 2574 3055 2644 μὴ
3083 2573 3187 2645 τῆς
3227 2574 3456 2647 Μαρίας
3485 2574 3603 2637 υίὸς
3637 2575 3671 2627 ό
3698 2573 3842 2638 Oak

2247 2665 2421 2734 Λόγος
2447 2663 2840 2718 ὑποπτευέσθω
2859 2678 2876 2696 ο
2911 2663 3108 2734 θνητὸς
3137 2662 3247 2734 γάρ
3273 2663 3465 2735 θνητὸν
3493 2666 3661 2736 γεννᾷ
3691 2665 3844 2719 κατά

2249 2754 2434 2827 φύσιν,
2467 2753 2562 2808 καὶ
2590 2753 2752 2825 σῶμα
2775 2753 2840 2807 τὸ
2880 2751 3191 2824 όμοούσιον.
3218 2753 3331 2808 Καὶ
3358 2754 3456 2808 δύο
3481 2756 3780 2825 γεννήσεις
3811 2758 3844 2809 ὁ

2248 2845 2381 2909 Θεὸς
2403 2845 2578 2915 Λόγος
2606 2846 2707 2916 οὐχ
2745 2845 3035 2917 ὑπέμεινε,
3057 2845 3159 2918 τὴν
3190 2845 3292 2918 μὲν
3313 2846 3424 2918 πρὸ
3457 2844 3700 2914 αἰώνων,
3734 2845 3845 2919 τὴν

2245 2938 2303 2994 δὲ
2325 2941 2382 2994 ὲν
2415 2939 2666 3010 ὑστέροις
2689 2940 2959 3009 καιροῖς.»

2357 3123 2470 3180 Τοῦ
2501 3124 2690 3180 αὑτοῦ
2719 3120 3011 3192 Διοδώρου
3041 3121 3112 3177 ἐκ
3141 3119 3252 3177 τοῦ
3280 3119 3472 3176 αὐτοῦ
3507 3118 3732 3188 λόγου.
3787 3152 3799 3160 -

2326 3256 2345 3290 ι
2383 3236 2455 3292 El’
2495 3254 2582 3300 τις
2615 3235 2856 3307 βούλοιτο
2911 3232 3388 3306 καταχρηστικῶς,
3415 3229 3512 3286 καὶ
3553 3228 3649 3285 τὸν
3700 3227 3844 3285 Υιδν

2249 3331 2343 3386 τοῦ
2391 3331 2526 3385 Θεοῦ
2574 3331 2666 3386 τὸν
2706 3330 2840 3385 Θεὸν
2896 3329 3070 3398 Λόγον
3093 3369 3108 3394 ,
3138 3327 3254 3382 υίόν
3300 3325 3468 3380 Δαϐὶδ
3510 3322 3838 3394 ὀνομάζειν,

2247 3425 2335 3480 διὰ
2367 3424 2459 3478 τὸν
2494 3424 2560 3477 ὲκ
2589 3423 2756 3476 Δαϐὶδ
2779 3420 2874 3476 τοῦ
2905 3420 3042 3474 Θεοῦ
3073 3418 3252 3487 Λόγου
3291 3417 3441 3482 ναὸν,
3473 3416 3840 3488 όνομαζέτωο

2248 3520 2344 3572 καὶ
2372 3517 2465 3571 τδν
2501 3517 2564 3569 ἐκ
2601 3515 2919 3585 σπέρματος
2952 3511 3119 3565 Δαϐὶδ
3145 3509 3277 3565 Υίδν
3312 3509 3408 3564 τοῦ
3444 3508 3582 3563 Θεοῦ
3638 3509 3839 3579 χάριτι

2247 3611 2342 3665 καὶ
2367 3609 2428 3663 οὐ
2456 3608 2617 3678 φύσει
2638 3605 3122 3680 προσαγορευέτω,
3151 3605 3278 3668 τοὺς
3293 3603 3557 3674 φυσικοὺς
3579 3602 3841 3672 πατέρας

2246 3702 2348 3756 οὐκ
2402 3699 2634 3770 ἀγνοῶν,
2665 3698 2786 3752 οὐδὲ
2837 3698 2939 3770 τὴν
2984 3694 3138 3762 τάξιν
3187 3695 3535 3768 ἀνατρέπων,
3565 3694 3697 3748 οὐδὲ
3743 3696 3839 3749 τὸν

2247 3793 2538 3864 ἀσώματον
2597 3791 2773 3861 λέγων
2814 3791 2910 3845 καὶ
2955 3789 3062 3861 πρὸ
3104 3787 3318 3843 αἰώνων
3354 3789 3421 3841 ὲκ
3458 3786 3599 3842 Θεοῦ
3631 3787 3740 3841 καὶ
3773 3789 3840 3842 ἑκ

2247 3885 2435 3953 Δαϐὶδ,
2465 3884 2562 3940 καὶ
2587 3882 2896 3938 πεπονθότα
2926 3882 3023 3937 καὶ
3063 3879 3274 3952 ἀπαθῆ.
3315 3896 3337 3932 ι

2483 4020 2597 4076 Τοῦ
2623 4017 2812 4074 αὐτοῦ
2841 4017 2911 4072 ἐκ
2938 4016 3048 4071 τοῦ
3090 4013 3281 4070 αὐτοῦ
3301 4014 3491 4085 λόγου
3518 4011 3595 4067 δ’.

2323 4151 2344 4186 ι
2387 4135 2448 4188 '0
2473 4132 2601 4196 Υίὸς
2647 4130 2742 4185 τοῦ
2789 4128 2949 4195 Θεοῦ,
2974 4127 3043 4182 δι’
3065 4126 3291 4182 οὐδένα⁶
3321 4123 3482 4195 φύσει
3524 4121 3636 4194 γὰρ
3672 4122 3835 4183 Υίὸς⁶

2248 4226 2283 4295 ἡ
2315 4223 2454 4296 σὰρξ
2504 4221 2656 4286 Υίδς,
2703 4219 2793 4275 διὰ
2835 4219 2930 4274 τὸν
2983 4215 3152 4273 Υίόν·
3181 4216 3279 4270 καὶ
3327 4214 3379 4269 τί
3419 4212 3565 4282 λέγω
3598 4212 3690 4265 διὰ
3745 4213 3838 4264 τὸν

2249 4313 2416 4380 Υίόν;
2449 4311 2517 4365 δι’
2543 4311 2692 4382 ἡμᾶς
2720 4311 2754 4379 ἡ
2803 4306 2944 4378 σάρξ
2975 4322 2990 4338 ο
3025 4305 3120 4362 καὶ
3154 4305 3232 4377 μὴ
3273 4303 3537 4376 νομίσητε
3581 4301 3838 4371 βλάσφη-

2252 4422 2351 4477 μον
2374 4404 2436 4458 τὸ
2461 4404 2612 4475 ῥῆμα
2632 4419 2646 4434 ο
2667 4401 2806 4457 ἀλλὰ
2832 4399 3175 4471 ἀπαιτήσατε
3197 4397 3298 4461 τὰς
3318 4393 3648 4461 ἀποδείξεις.
3668 4395 3738 4448 El
3763 4395 3842 4463 μὴ

2249 4497 2519 4550 ἔπταισαν
2565 4495 2616 4547 οἱ
2647 4492 2746 4548 άνθ
2757 4510 2952 4563 ρωποι,
2991 4489 3068 4562 μὴ
3103 4488 3264 4560 χρεία
3291 4483 3360 4560 ἦν
3385 4487 3553 4558 νόμου
3572 4502 3590 4518 ο
3616 4487 3846 4554 Δικαίῳ

565 4618 708 4672 opus
773 4601 970 4657 fuisset
1017 4601 1138 4673 lege
1173 4617 1188 4655 :
1222 4600 1373 4655 Iusto
1431 4576 1657 4671 (enimi
1699 4615 1806 4654 non
1850 4607 1926 4654 est
1976 4599 2147 4670 posita

2258 4588 2381 4661 γὰρ,
2402 4589 2588 4657 νόμος
2608 4587 2680 4642 οὐ
2703 4584 2912 4639 κεῖται.
2937 4583 3000 4637 El
3026 4581 3100 4653 μὴ
3125 4580 3409 4668 έπέτειναν
3436 4577 3536 4646 τὴν
3553 4576 3844 4647 ἁμαρτίαν

569 4697 656 4750 lex
685 4695 752 4750 δ’.
786 4695 971 4752 Sinon
990 4695 1276 4750 auxissent
1296 4702 1584 4765 peccatum
1609 4694 1706 4764 qui
1735 4700 1894 4749 erant
1916 4693 1972 4747 in
2003 4694 2145 4764 lege,

566 4803 679 4843 non
708 4802 848 4858 Opus
870 4787 1068 4842 fuisset
1095 4786 1294 4858 gratia.
1316 4786 1512 4841 Nonne
1541 4785 1672 4856 quia
1691 4800 1802 4840 non
1826 4793 2043 4857 poterat
2061 4785 2150 4840 lex

566 4889 858 4953 peccatum
876 4878 1156 4944 occidere,
1175 4891 1362 4932 nonne
1381 4885 1608 4948 propter
1628 4891 1730 4932 nos
1751 4893 1974 4932 carnem
1993 4893 2054 4933 su
2065 4893 2150 4931 m-

567 4973 701 5044 psit,
740 4981 801 5027 ut
822 4971 986 5026 morti
1020 4978 1078 5025 et
1103 4969 1392 5025 sententia:
1423 4970 1620 5026 mortis
1644 4969 1953 5026 remedium
1985 4969 2151 5025 affer-

570 5074 659 5120 ret
681 5064 985 5122 cruciﬁxus
1014 5070 1070 5119 et
1104 5071 1397 5128 mortuus,
1442 5077 1508 5118 ac
1553 5062 1895 5119 suscitatus?
1930 5061 1986 5117 Si
2036 5078 2147 5117 non

570 5158 795 5214 fecisset
820 5169 1172 5227 progressum
1225 5153 1476 5218 fallacia,
1525 5161 1582 5209 et
1632 5153 1909 5209 sententia
1951 5153 2150 5208 mortis

573 5256 765 5304 contra
807 5262 949 5312 nos,
1004 5243 1139 5316 quid
1194 5259 1336 5316 opus
1373 5253 1495 5300 erat
1543 5243 1646 5299 ista
1693 5243 1878 5298 crucis
1919 5257 2148 5298 oecono-

572 5341 722 5396 mia?
750 5339 892 5406 Quid
923 5355 1064 5410 opus
1093 5347 1212 5394 crat
1241 5337 1473 5395 induere
1503 5337 1747 5408 corpus?
1789 5335 1983 5391 Nonne
2022 5350 2151 5406 pro-

573 5445 698 5506 pter
725 5449 828 5488 nos
853 5447 1073 5488 carnem
1097 5431 1348 5502 accepit?
1381 5451 1400 5484 ι

564 5533 568 5537 ’
644 5546 750 5602 Sed
775 5553 994 5617 tempus
1015 5547 1128 5618 jam
1149 5554 1310 5603 vocat
1351 5561 1472 5610 nos.
1505 5553 1566 5601 ut
1597 5545 1836 5616 primum
1865 5551 2149 5615 parentem

574 5641 742 5710 hujus
775 5639 1077 5710 impietatis
1114 5654 1144 5694 a
1174 5655 1285 5710 quo
1317 5639 1528 5696 semina
1557 5644 1908 5709 acceperunt.
1941 5636 1996 5691 in
2033 5651 2150 5691 me-

555 5732 730 5790 ,dium
758 5731 1072 5789 aderamus.
1103 5733 1204 5790 llic
1225 5741 1310 5789 est
1337 5733 1565 5797 Paulus,
1612 5730 1886 5786 zizanium
1941 5728 2150 5784 diaboli

645 5884 689 5915 “
726 5887 746 5943 ι
775 5887 918 5942 Tim.
954 5904 992 5953 ι,
1023 5888 1074 5943 9.

2249 4683 2300 4737 οί
2329 4682 2388 4736 ὲν
2406 4681 2579 4751 νόμῳ,
2611 4677 2686 4750 μὴ
2701 4677 2860 4750 χρεία
2881 4671 2951 4747 ἦν
2969 4675 3070 4745 τῆς
3094 4666 3335 4746 χάριτος.
3361 4671 3499 4738 Οὐκ,
3523 4667 3719 4738 ἐπειδὴ
3738 4669 3844 4722 οὐκ

2249 4773 2474 4828 ἐδύνατο
2506 4773 2535 4826 ὁ
2571 4769 2738 4841 νόμος
2771 4768 3091 4822 ἀποκτεῖναι
3119 4765 3220 4835 τὴν
3253 4759 3746 4836 ἁμαρτίαν,[οὒχὶ]
3774 4761 3842 4814 δι’

2249 4870 2399 4941 ἡμᾶς
2429 4863 2656 4940 [σάρκα]
2689 4861 2903 4927 ἔλαϐεν,
2935 4861 3024 4914 ῐνα
3053 4859 3145 4913 τὸν
3177 4859 3405 4914 θάνατον
3437 4857 3534 4911 καὶ
3569 4856 3676 4927 τὴν
3696 4855 3844 4910 ἀπό-

2250 4977 2418 5031 φασιν
2445 4958 2542 5014 τοῦ
2603 4956 2834 5012 θανάτου
2882 4950 3319 5022 ἀνακαλέσηται,
3350 4949 3694 5020 σταυρωθεὶς
3744 4949 3842 5002 καὶ

2251 5051 2544 5108 ἀποθανὼν
2577 5050 2670 5105 καὶ
2691 5048 2964 5112 ἀναστάς;
2994 5045 3058 5099 El
3082 5043 3159 5116 μὴ
3173 5044 3359 5115 ἀπάτη
3389 5041 3837 5115 προκεχωρήκει,

2255 5146 2352 5200 καὶ
2387 5146 2422 5217 ἡ
2453 5144 2727 5212 ἀπόφασις
2775 5137 2872 5195 τοῦ
2905 5137 3136 5193 θανάτου
3167 5135 3293 5191 καθ’
3318 5135 3500 5208 ἡμῶν,
3557 5132 3644 5197 τίς
3681 5132 3839 5202 χρεία

2254 5235 2324 5310 ἦν
2345 5237 2444 5308 τῆς
2461 5234 2775 5306 οἰκονομίας
2796 5231 3002 5304 ταύτης
3028 5229 3124 5285 τοῦ
3157 5229 3426 5300 σταυροῦς
3447 5227 3534 5290 τίς
3565 5225 3726 5299 χρεία
3742 5225 3841 5293 τῆς

2257 5327 2747 5401 ὲνσωματώσεως;
2778 5325 2839 5379 οὐ
2868 5324 2936 5382 δι’
2975 5325 3123 5397 ἡμᾶς
3153 5321 3318 5378 ἔλαϐε
3342 5319 3444 5392 τὴν
3481 5319 3667 5391 σάρκα
3699 5335 3716 5384 ;
3755 5334 3776 5366 ι

2327 5535 2537 5607 Καιρὸς
2599 5533 2657 5588 δὲ
2699 5533 2802 5607 ἤδη
2856 5531 3046 5598 καλεῖ,
3093 5531 3191 5585 καὶ
3235 5528 3328 5583 τὸν
3375 5524 3596 5597 πρῶτον
3657 5520 3846 5576 αὐτῶν

2256 5630 2359 5700 τῆς
2412 5627 2670 5689 ἀσεϐείας
2723 5626 2961 5698 πατέρα,
3015 5625 3146 5695 παρ’
3180 5615 3243 5677 οὗ
3295 5620 3391 5674 καὶ
3431 5618 3502 5672 τά
3543 5615 3846 5687 σπέρματα

2260 5721 2469 5794 ταύτης
2500 5720 2786 5792 δεξάμενοι
2827 5718 3040 5790 ἔτυχον,
3075 5719 3156 5781 εἰς
3203 5714 3370 5788 μέσον
3401 5711 3480 5784 τῷ
3518 5709 3667 5781 λόγῳ
3696 5723 3846 5779 παρ-
