4032 6528
257 443 393 512 1389

1161 451 1329 512 ADV.
1370 450 2080 520 INCORRUPTICOLAS
2117 460 2212 520 ET
2253 462 2569 526 NESTOR.

3354 476 3489 543 1390

251 561 502 630 αγαγεῖν.
528 557 740 620 Παῦλος
784 556 842 611 δὲ
888 553 1042 622 οὗτός
1084 560 1263 625 ἐστιν,
1308 562 1369 615 τὸ
1395 564 1460 616 ἐκ
1490 562 1819 634 Σαμοσάτων

1922 582 2193 637 amarum,
2226 572 2523 633 Samosatis
2546 587 2750 638 ortum.
2784 581 2897 638 Imo
2924 592 2981 639 et
3002 583 3239 642 Nestorii
3259 589 3353 660 qui
3382 590 3490 647 fuit

253 652 565 723 βλαστῇσαν
605 649 805 719 πικρὸν
832 649 931 702 τοῦ
957 649 1215 703 διαϐόλου
1242 650 1506 715 ζιζάνιον.
1526 653 1689 707 Ἀλλὰ
1715 654 1822 727 γὰρ

251 744 347 798 καὶ
390 742 716 811 Νεστορίου,
744 740 840 795 τοῦ
882 741 1197 795 τελευταίου
1244 743 1348 813 τῆς
1391 743 1619 815 πρώτης
1664 744 1824 816 ῥίζης

251 832 564 891 ἁθεωτὰτου
617 830 1039 901 βλαστήματος,
1104 832 1197 885 τὸν
1241 832 1565 903 φθοροποιὸν
1608 833 1822 906 καρπὸν

254 922 606 994 στηλιτεῦσαι
639 922 847 977 δίκαιον
869 938 884 955 ·
944 922 1033 979 ἵνα
1073 924 1131 976 ἐν
1162 924 1276 988 τοῖς
1300 926 1491 996 ἄκροις
1524 926 1558 996 ἠ
1587 925 1694 979 τῶν
1722 926 1823 996 μέ-

255 1032 363 1069 σων
393 1013 707 1085 περιφανὴς
738 1015 835 1068 καὶ
868 1012 1192 1085 βλάσφημος
1222 1013 1488 1088 ξυνωρὶς,
1535 1014 1645 1068 τῶν
1680 1017 1824 1087 ἀμφὶ¹

252 1108 343 1161 τὸν
372 1107 657 1177 Διόδωρον,
705 1106 989 1177 φημὶ,καὶ
1030 1106 1340 1177 Θεόδωρον,
1401 1108 1824 1180 συνηρμοσμένη

252 1200 545 1269 γνωσθείη.
588 1199 752 1261 Ἴσως
780 1197 1057 1270 ἀνανῆψαι
1089 1198 1190 1269 τῆς
1221 1198 1393 1270 μέθης
1430 1198 1538 1254 κᾶν
1566 1199 1666 1270 ὀψὲ
1690 1199 1825 1270 γοῦν

251 1291 663 1361 δυνηθήσονται,
697 1288 847 1355 ἅπαξ
897 1289 1195 1359 μαθόντες,
1254 1289 1391 1361 πρὸς
1439 1290 1593 1354 τίνας
1639 1291 1826 1357 αὐτοῖς

253 1383 349 1436 καὶ⁹
397 1382 617 1453 ἡλίκους
666 1380 774 1435 τῶν
844 1381 1032 1435 κακῶν
1078 1381 1321 1449 πατέρας
1363 1382 1511 1436 ἐστὶν
1551 1384 1587 1453 ἡ
1631 1381 1825 1454 πρώτη

254 1475 567 1543 συγγένεια,
599 1472 696 1527 καὶ
725 1471 801 1535 ώς
830 1471 889 1538 ἐξ
916 1472 1144 1527 ἐκείνων
1170 1472 1260 1526 διὰ
1283 1471 1394 1526 τῶν
1420 1473 1477 1524 ἐν
1522 1473 1671 1544 μέσῳ
1695 1474 1724 1526 ό
1746 1489 1828 1526 τε·

253 1567 500 1627 λευταῖος
540 1558 699 1630 οὗτος
746 1564 850 1634 τῆς
880 1564 1141 1628 ἀσεϐείας
1171 1563 1335 1632 ἐξέφυ
1366 1562 1587 1627 κλάδος·
1638 1560 1699 1619 οἶ)
1732 1564 1824 1618 τὸν

255 1659 465 1729 καρπὸν
497 1658 668 1728 ἄρδην
699 1656 1043 1721 σπάσαντες,
1099 1653 1460 1726 ἐμφορεῖσθαι
1490 1653 1821 1723 ἐπείγονται.

257 1752 413 1804 Ἔστι
445 1749 502 1802 δέ
541 1750 569 1802 ό
605 1748 971 1820 προκείμενος
996 1747 1353 1819 ἀμφοτέρων,
1383 1745 1624 1813 Παύλου,
1655 1745 1824 1817 φημὶ,

252 1842 351 1896 καὶ
376 1840 695 1911 Νεστορίου,
717 1839 955 1908 ἐλεγχος,
979 1840 1043 1891 ἐκ
1070 1837 1168 1909 τῆς
1192 1836 1593 1909 διαμαρτυρίας
1617 1838 1714 1909 τῆς
1732 1837 1823 1908 δη-

1924 672 2238 733 postrcmus
2265 667 2413 722 illius
2446 669 2646 725 radicis
2691 673 2983 741 surculus,
3029 676 3271 733 fructum
3315 682 3491 751 pesti-

1922 756 2127 811 lentem
2151 768 2368 828 oportet
2387 762 2605 830 publice
2632 763 2970 835 vituperare,
2992 776 3055 822 ut
3077 770 3224 826 inter
3243 780 3490 832 extrema

1923 859 2021 914 par
2049 845 2277 903 illustre
2325 857 2383 904 et
2411 849 2793 923 blasphemum
2845 855 3081 912 duorum
3114 859 3487 933 interjectum,

1920 936 2224 994 Diodorum
2256 940 2381 996 dico
2410 951 2466 998 et
2507 943 2901 1014 Theodorum,
2960 959 3087 1020 apte
3135 962 3193 1008 et
3239 959 3490 1027 apposite

1921 1029 2162 1086 locatum
2194 1043 2474 1090 noscatur.
2508 1036 2767 1094 Fortasse
2795 1055 2922 1096 sero
2955 1043 3177 1100 tandem
3226 1060 3491 1117 poterunt

1922 1121 1992 1176 ab
2021 1122 2293 1181 ebrietate
2328 1125 2398 1180 ad
2427 1125 2783 1187 sobrietatem
2813 1132 3018 1199 redire,
3044 1134 3091 1189 si
3118 1142 3288 1196 semel
3326 1143 3493 1200 intel-

1920 1211 2159 1269 lexerint
2178 1216 2248 1271 ad
2270 1232 2409 1286 quos
2426 1228 2483 1274 et
2501 1230 2739 1290 quantos
2760 1226 3032 1283 malorum
3052 1245 3279 1289 suorum
3306 1246 3492 1307 patres

1920 1318 2118 1361 eorum
2140 1308 2318 1377 prima
2348 1312 2593 1382 cognitio
2628 1315 2940 1386 pertineat;
2990 1329 3049 1376 et
3090 1323 3237 1392 quod
3279 1343 3347 1382 ex
3382 1330 3491 1387 illis

1921 1397 2015 1455 hic
2046 1406 2357 1468 postremus
2404 1417 2505 1473 per
2542 1404 2905 1469 intermedios
2957 1427 3145 1470 ramus
3192 1416 3492 1489 impietatis

1921 1497 2087 1544 natus
2111 1498 2217 1556 est,
2249 1492 2408 1562 cujus
2434 1493 2676 1551 fructum
2700 1500 2953 1555 certatim
2979 1512 3270 1573 metentes,
3298 1511 3491 1570 satiari

1922 1590 2244 1649 properant.
2276 1583 2375 1639 Est
2408 1594 2594 1641 autem
2627 1591 2909 1659 proposita
2958 1594 3250 1667 utriusque
3297 1602 3492 1659 confu-

1924 1671 2082 1739 tatio,
2098 1673 2251 1729 Pauli
2268 1676 2482 1733 scilicet
2496 1685 2553 1733 et
2571 1679 2830 1749 Nestorii,
2846 1698 2916 1739 ex
2933 1686 3249 1744 testimonio
3270 1694 3490 1761 publice

1921 1765 2229 1833 proposito,
2262 1774 2323 1821 ut
2351 1766 2529 1835 aiunt,
2562 1769 2631 1825 ab
2655 1772 2897 1830 Eusebio
2928 1777 3072 1848 (58),
3107 1781 3202 1850 qui
3230 1790 3363 1843 tunc
3388 1784 3485 1842 flo-

1925 1853 2085 1908 rebat
2114 1855 2168 1910 in
2195 1855 2483 1927 judicandi
2510 1869 2783 1930 potestate
2803 1905 2818 1930 ,
2845 1877 3031 1937 postea
3083 1881 3266 1928 autem
3299 1878 3491 1948 praste-

255 1933 424 2003 μοσίᾳ
474 1930 867 2001 προτεθείσης,
921 1928 996 1992 ὥς
1027 1945 1193 1997 φασι,
1247 1927 1402 1999 παρὰ
1429 1927 1693 2037 Εὐσεϐίου
1726 1928 1819 2037 τσῦ

1926 1951 2050 1997 ctus
2075 1942 2180 1998 fuit
2212 1945 2472 2003 Ecclesia:
2508 1927 2890 2022 borylensium
2920 1996 2935 2022 ,
2988 1960 3083 2028 qui
3116 1927 3326 2020 divinor
3348 1969 3488 2037 zelo,

251 2021 559 2096 τηνικαῦτα
590 2022 648 2074 ἐν
674 2022 739 2091 τῇ
772 2020 1023 2090 δικανικῇ
1056 2018 1472 2090 ἐμπρέποντος,
1510 2017 1738 2088 ὕστερον
1766 2019 1823 2074 δὲ

253 2117 351 2186 τῆς
394 2111 712 2185 Δορυλαέων
755 2108 1053 2181 ἐπιστεύθη
1084 2110 1214 2173 τοὺς
1243 2110 1471 2173 οἴακας·
1530 2108 1627 2164 καὶ
1659 2109 1825 2182 ζῆλον

253 2207 415 2277 ἔχων,
443 2205 519 2269 ῶς
554 2204 944 2275 μαρτυρεῖται,
977 2200 1149 2264 θεῖον,
1201 2201 1419 2272 πρῶτος
1444 2201 1545 2271 τήν
1571 2217 1631 2253 τε
1659 2200 1824 2255 αὐτοῦ

253 2296 571 2367 Νεστορίου,
608 2295 703 2348 καὶ
759 2293 945 2364 μέντοι
975 2292 1071 2345 καὶ
1102 2291 1401 2363 Εύτυχοῦς,
1437 2292 1737 2365 πεφώρακέ
1763 2309 1827 2346 τε

253 2388 348 2444 καὶ
380 2387 669 2459 ἐξήλεγξεν
701 2386 948 2457 αἵρεσιν,
990 2385 1127 2455 μετὰ
1163 2385 1378 2455 μυρίων
1410 2384 1519 2439 τῶν
1552 2384 1696 2456 ὑπὲρ
1725 2385 1826 2456 τῆς

252 2478 538 2541 εὐσεϐείας
582 2476 866 2531 κινδύνων.
917 2478 1118 2529 Ἀκουε
1164 2476 1296 2543 γοῦν
1342 2474 1507 2529 αὐτοῦ
1552 2476 1692 2540 οἵαις
1731 2476 1827 2530 καὶ

250 2570 404 2633 ὅσαις
429 2569 538 2622 τῶν
564 2570 627 2622 ἐκ
650 2568 741 2622 τοῦ
765 2567 1130 2641 Σαμοσατέως
1154 2566 1514 2637 βλασφημιῶν
1537 2566 1821 2636 συλλογαῖς

251 2658 350 2724 τὰς
380 2658 682 2728 Νεπορίου
714 2660 1047 2729 συνήρμοσε,
1085 2659 1183 2713 καὶ
1210 2658 1268 2713 ἓν
1295 2658 1629 2729 ἀμφοτέρων
1656 2658 1824 2724 ἔδειξε

249 2751 312 2804 τὸ
336 2748 742 2820 ἁφρονέστατον
770 2750 1048 2821 φρόνημα.
1086 2751 1149 2808 Εἰ
1179 2750 1237 2803 δέ
1265 2768 1318 2807 τι
1346 2750 1543 2822 ἀπᾴδει
1572 2750 1682 2804 τῶν
1701 2752 1822 2803 Σει-

252 2841 492 2912 ρηναίων
519 2840 727 2894 τούτων
759 2840 1070 2911 μελῳδιῶν,
1106 2840 1168 2897 τὸ
1195 2841 1476 2911 Θεοδώρου
1507 2841 1603 2896 καὶ
1627 2840 1824 2894 Διοδώ-

252 2946 376 2999 ρου,
397 2929 773 3001 θανατηφόρον
803 2924 955 3003 ᾆσμα
985 2932 1096 2992 τοῖς
1125 2930 1425 2999 ἀκινδύνως
1448 2930 1664 2989 ἐπαΐειν
1682 2929 1827 2988 δεδυ-

249 3018 507 3088 νημένοις
537 3020 634 3072 καὶ
662 3018 869 3090 κρίνειν
898 3018 1296 3090 ἐπιτρέπομεν.

248 3152 662 3232 Διαμαρτυρία·
695 3150 1050 3232 προτεθεῖσα
1199 3149 1470 3232 δημοσίω
1499 3153 1683 3221 τόπῳ,
1722 3151 1823 3208 καὶ

520 3223 676 3276 κατὰ
706 3222 1079 3289 Ἐκκλησίαν
1104 3221 1562 3291 ἐμφανισθεῐσα.

326 3355 347 3389 ι
394 3336 631 3408 Ὁρκίζω
671 3335 764 3390 τὸν
796 3335 1147 3407 λαμϐάνοντα
1178 3336 1239 3391 τὸ
1267 3337 1513 3409 χαρτίον»
1549 3337 1695 3392 κατὰ
1719 3337 1821 3409 τῆς

248 3426 415 3494 ἁγίας
446 3426 708 3498 Τριάδος,
748 3425 891 3481 ὥστε
925 3428 1158 3498 φανερὸν
1186 3428 1317 3485 αὐτὸ
1343 3429 1570 3498 ποιῆσαι
1594 3429 1822 3483 ἐπισκό-

248 3535 403 3582 ποις,
453 3517 882 3591 πρεσϐυτέροις,
931 3519 1233 3585 διακόνοις,
1281 3517 1680 3587 ἀναγνώσταις,
1708 3516 1824 3577 λαῖ-

247 3613 389 3674 κοϊς,
427 3608 635 3663 οἰκοῦσι
661 3609 1239 3664 Κωνσταντινούπολιν
1255 3626 1269 3640 ο
1322 3608 1403 3662 ἐτι
1424 3626 1483 3661 τε
1510 3609 1685 3663 καὶτὸ
1708 3608 1822 3663 ἴσον

245 3704 432 3766 αὐτοῖς
476 3702 766 3767 ἐκδοῦναι,
823 3702 962 3773 πρὸς
1002 3701 1227 3773 ἔλεγχον
1267 3699 1361 3754 τοῦ
1402 3699 1684 3772 αἱρετικοῦ
1713 3700 1822 3754 Νε-

246 3794 503 3863 στορίου,
557 3795 641 3848 ὃτι
688 3794 946 3865 ὁμόφρων
984 3794 1105 3848 ἐστὶ
1150 3793 1247 3847 τοῦ
1291 3792 1822 3864 ἀναθεματισθέντος

245 3887 465 3942 Παύλου
499 3887 593 3940 τοῦ
623 3888 989 3959 Σαμοσατέως
1034 3887 1143 3957 πρὸ
1168 3885 1307 3939 ἐτῶν
1333 3885 1528 3939 ἑκατὸν
1555 3885 1820 3956 ἐξήκοντα

246 3980 354 4034 ὑπὸ
380 3978 679 4050 ὀρθοδόξων
707 3978 1050 4032 ἐπισκόπων.
1100 3976 1260 4032 Ἔστι
1284 3978 1343 4034 δὲ
1369 3975 1440 4030 τὰ
1470 3977 1602 4048 παρ’
1626 3976 1820 4035 ὁποτέ-

246 4088 359 4142 ρων
387 4069 658 4142 εἰρημένα
687 4067 863 4133 οὕτως
882 4084 897 4099 ·

320 4202 341 4236 ι
374 4182 587 4246 Παῦλος
631 4176 824 4235 εἶπενο
879 4181 1071 4252 Μαρία
1113 4182 1206 4236 τὸν
1246 4180 1421 4249 Λόγον
1470 4180 1569 4233 οὐκ
1610 4179 1816 4234 ἔτεκεν.

242 4274 539 4346 Νεστόριος
566 4274 876 4345 συμφώνως
902 4268 1085 4327 εἶπεν
1112 4273 1226 4326 Ούκ
1246 4271 1457 4338 ἔτεκεν,
1479 4266 1524 4326 ὧ
1550 4271 1815 4343 βέλτιστε,

241 4365 435 4435 Μαρία
463 4364 562 4435 τὴν
591 4363 847 4436 θεότητα.
869 4393 940 4409 μ·-
965 4361 1183 4426 Παῦλος
1214 4356 1370 4415 εἶπεν
1388 4378 1404 4395 ο
1456 4361 1591 4415 Οὐδέ
1616 4361 1727 4433 γὰρ
1749 4356 1818 4431 ἦν

241 4457 353 4529 πρὸ
384 4456 620 4512 αἰώνων.
675 4456 975 4527 Νεστόριος
1019 4451 1206 4509 εἶπενο
1263 4454 1377 4510 Καὶ
1428 4454 1647 4525 μητέρα
1683 4470 1816 4525 χρο-

240 4550 399 4620 νικὴν
441 4551 509 4621 τῇ
554 4547 876 4620 δημιουργῷ
902 4549 1013 4601 τῶν
1038 4548 1248 4617 χρόνων
1276 4546 1537 4614 ἐφιστῶσι
1563 4545 1812 4617 Θεότητι.

1923 2042 1988 2089 ut
2016 2042 2304 2103 testantur,
2337 2038 2595 2097 incensus
2624 2044 2836 2113 primus
2864 2048 3115 2106 haeresim
3167 2054 3404 2117 Nestorii
3434 2074 3492 2123 et

1926 2122 2193 2198 Eutychis
2215 2128 2601 2201 deprehendit,
2636 2144 2692 2191 et
2719 2140 2980 2207 convicit,
3011 2142 3244 2204 infinitis
3273 2153 3493 2221 pericu-

1923 2216 1993 2273 lis
2025 2233 2125 2290 pro
2156 2220 2365 2290 pietate
2388 2224 2658 2297 objectus.
2690 2228 2832 2285 Audi
2866 2232 3035 2304 igitur
3061 2253 3210 2306 eum,
3261 2216 3489 2313 quibus,

1923 2316 1983 2364 et
2018 2311 2326 2381 cujusmodi
2386 2315 2743 2388 blasphemiis
2785 2338 2853 2378 ex
2900 2327 3072 2385 Paulo
3118 2311 3489 2396 Samo—satensi

1924 2400 2204 2469 collectis,
2232 2404 2471 2465 Nestorii
2495 2408 2865 2482 blasphemias
2894 2422 3212 2492 conjunxit,
3238 2436 3295 2483 et
3326 2447 3489 2488 unum

1926 2491 2219 2565 utriusque
2253 2508 2494 2557 mentem
2531 2506 2962 2567 amentissimam
2987 2528 3109 2571 esse
3143 2491 3491 2580 demonstra-

1922 2581 2025 2637 vit.
2062 2584 2148 2640 An
2163 2602 2297 2643 vero
2311 2597 2367 2644 et
2395 2591 2466 2649 ab
2502 2592 2698 2651 harum
2728 2598 2983 2659 Sirenum
3011 2609 3287 2682 cantibus,
3312 2616 3494 2674 Theo-

1923 2674 2045 2729 dori
2062 2675 2187 2733 dico
2202 2686 2259 2734 et
2277 2680 2525 2752 Diodori,
2544 2688 2818 2745 canticum
2833 2696 3175 2755 mortiferum
3194 2674 3491 2783 discrepet,

1924 2764 1995 2822 iis
2035 2769 2132 2837 qui
2184 2772 2310 2828 sine
2365 2776 2617 2844 periculo
2651 2781 2845 2839 audire
2873 2793 2931 2841 et
2959 2788 3207 2859 judicare
3233 2764 3485 2870 possunt:

1917 2857 2192 2931 judicium
2216 2866 2631 2931 committimus.
2962 2857 2971 2859 ⁷
3056 2882 3064 2892 '

1923 3141 2297 3203 Testimonium
2326 3149 2384 3205 in
2418 3148 2530 3208 loco
2555 3154 2758 3233 publica
2779 3162 3101 3232 propositum
3116 3176 3166 3221 et
3193 3170 3246 3225 in
3259 3169 3491 3233 Ecclesia

2542 3225 2888 3295 publicatum.
3313 3225 3319 3226 ί
3340 3225 3347 3226 ί
3367 3225 3372 3226 7
3389 3225 3396 3227 ﬁ

2003 3348 2022 3383 ι
2049 3330 2258 3404 Adiuro
2294 3349 2425 3391 eum
2456 3336 2554 3408 qui
2582 3338 2725 3397 hanc
2757 3342 3006 3401 chartam
3049 3353 3321 3421 acceperit
3346 3396 3361 3423 ,
3392 3373 3493 3428 per

1924 3431 2170 3477 sanctam
2199 3424 2552 3495 Trinitatem,
2602 3440 2664 3486 ut
2706 3436 2961 3493 ostendat
2999 3441 3292 3515 episcopis,
3332 3424 3491 3518 pres-

1923 3510 2153 3582 byteris,
2184 3515 2471 3588 diaeonis,
2514 3521 2858 3593 lectoribus,
2910 3510 3066 3588 laicis
3112 3510 3492 3601 habitantibus

1920 3601 2429 3679 Constantinopoli,
2460 3606 2641 3668 adhuc
2672 3617 2871 3685 etiam,
2904 3630 2967 3675 ut
3013 3628 3325 3697 exemplum
3369 3634 3491 3703 ejus

1922 3694 2151 3755 detillis
2174 3698 2243 3755 ad
2269 3701 2699 3761 confutationem
2739 3710 2979 3768 Nestorii
3013 3694 3256 3774 haeretici
3278 3761 3293 3787 ,
3341 3694 3492 3794 quod

1921 3788 2092 3843 sentit
2119 3789 2267 3845 idem
2292 3805 2416 3847 cum
2446 3794 2616 3850 Paulo
2639 3796 3008 3858 Samosatensi
3030 3788 3492 3868 anathematizato

1920 3888 2046 3935 ante
2073 3896 2248 3937 annos
2276 3891 2496 3940 centum
2532 3890 2814 3957 sexaginta
2859 3892 2928 3947 ab
2972 3896 3247 3969 episcopis
3299 3902 3492 3959 ortho-

1920 3969 2099 4027 doxis.
2152 3972 2294 4029 Sunt
2318 3983 2539 4043 autem,
2589 3994 2711 4062 qua:
2752 3981 2822 4036 ab
2865 3993 3104 4056 utroque
3149 3989 3295 4047 dicta
3337 4004 3490 4062 sunt,

1920 4062 2037 4120 haec
2062 4081 2076 4119 :
2656 4060 2659 4063 ’

1995 4196 2014 4230 ι
2039 4177 2240 4235 Paulus
2272 4180 2412 4237 dixit
2431 4183 2623 4240 :Maria
2639 4202 2751 4242 non
2776 4192 2991 4260 peperit
3010 4194 3271 4253 Verbum.
3298 4200 3493 4259 Nesto.

1917 4268 2034 4325 rius
2057 4272 2411 4329 consentiens
2442 4275 2583 4330 dixit
2608 4295 2621 4331 :
2647 4278 2767 4333 Non
2805 4283 3037 4352 peperit,
3070 4302 3103 4342 ο
3131 4288 3293 4356 bone,
3322 4292 3489 4351 Maria

1915 4360 2287 4419 divinitatem.
2363 4366 2567 4424 Paulus
2619 4369 2758 4426 dixit
2790 4388 2803 4426 :
2834 4374 2948 4430 Nec
2987 4378 3135 4433 enim
3192 4392 3312 4437 erat
3362 4396 3489 4441 ante

1917 4456 2141 4511 saecula.
2194 4457 2486 4514 Nestorius
2541 4460 2815 4520 dixit:Et
2850 4478 3078 4525 matrem
3109 4488 3175 4527 ex
3239 4485 3487 4546 tempore

1914 4548 2231 4604 attribuunt
2282 4551 2396 4607 Deo
2443 4555 2657 4609 auctori
2707 4564 3036 4628 temporum.
3071 4564 3272 4619 Paulus
3297 4566 3435 4621 dixit
3468 4586 3482 4621 :

235 4671 308 4685 --
327 4639 543 4703 Παῦλος
572 4634 728 4693 εἶπεν
747 4655 761 4670 ·
811 4639 1004 4710 Μαρία
1035 4639 1130 4694 τὸν
1156 4637 1333 4706 Λόγον
1365 4636 1685 4702 ὑπεδέξατο,
1721 4636 1815 4690 καὶ

1919 4638 2083 4694 Maria
2114 4640 2354 4696 Verbum
2389 4646 2633 4715 suscepit
2656 4684 2673 4709 ,
2719 4657 2779 4702 et
2811 4665 2922 4704 non
2957 4661 3043 4706 est
3073 4656 3257 4709 senior
3286 4657 3482 4715 Verbo.

236 4732 338 4791 οὐκ
370 4732 487 4785 ἐστι
520 4729 873 4802 πρεσϐυτέρα
906 4729 1001 4782 τοῦ
1032 4728 1231 4796 Λόγου.
1282 4728 1586 4798 Νεστόριος
1616 4721 1774 4780 εἷπεν
1794 4741 1808 4757 ·

236 4824 365 4888 Πῶς
395 4819 491 4879 οὖν
530 4823 720 4895 Μαρία
752 4822 845 4875 τὸν
874 4821 1076 4889 ἐαυτῆς
1105 4819 1466 4891 ἀρχαιότερον
1490 4818 1713 4886 ἔτεκεν;
1741 4846 1814 4863 -ο-

237 4916 454 4980 Παῦλος
492 4913 647 4973 εἶπεν
667 4933 683 4949 ·
738 4915 930 4987 Μαρία
970 4913 1158 4968 ἔτεκεν
1191 4912 1479 4983 ἄνθρωπον
1512 4913 1644 4982 ἡμῖν
1675 4912 1808 4969 ἴσον.

236 5007 536 5079 Νεστόριος
561 5006 715 5063 εἶπεν
734 5024 747 5038 ·
778 5007 1101 5079 Ἀνθρωπος
1128 5007 1159 5059 ό
1183 5004 1401 5075 τεχθεὶς
1424 5005 1489 5057 ἐκ
1509 5002 1809 5073 παρθένου.

214 5123 307 5140 έ-
328 5099 543 5163 Παῦλος
574 5096 759 5155 εἶπενο
801 5098 1105 5171 Κρείττονα
1137 5098 1194 5151 δέ
1226 5097 1368 5151 κατὰ
1398 5094 1593 5159 πάντα,
1623 5093 1810 5165 ἐπειδὴ

238 5189 305 5244 ἐκ
333 5189 651 5259 Πνεύματος
681 5193 862 5261 ἁγίου,
894 5190 990 5243 καὶ
1016 5189 1075 5257 ἐξ
1101 5186 1469 5257 ἐπαγγελιῶν,
1499 5186 1592 5239 κα)⁵
1619 5187 1683 5238 ἐκ
1701 5185 1810 5238 τῶν

235 5281 637 5352 γεγραμμένων
661 5285 695 5354 ὴ
716 5282 803 5336 ἐπ’
819 5282 968 5354 αὐτῷ
990 5282 1171 5353 χάρις.
1199 5279 1497 5349 Νεστόριος
1516 5273 1693 5330 εἶπενο
1721 5281 1810 5331 Τε-

234 5370 445 5443 θέαμαι
465 5372 597 5445 γὰρ,
620 5375 807 5445 φησιν,
827 5374 894 5430 τὸ
913 5374 1155 5445 Πνεῦμα
1170 5371 1529 5430 καταϐαῖνον
1547 5371 1627 5437 ὡς
1643 5387 1805 5442 περι-

305 5526 352 5558 “
378 5523 540 5585 Joan.
576 5543 615 5593 ι,
637 5526 750 5599 152.

302 5683 414 5755 (58)
442 5685 517 5740 Ab
547 5685 789 5766 Eusebio.
832 5685 1004 5756 Hujus
1060 5685 1297 5766 Eusebii
1335 5685 1568 5766 celebris
1594 5687 1806 5766 mne_nt_io

231 5761 318 5811 est
337 5769 538 5827 passrm
564 5758 710 5829 apud
744 5754 981 5821 veteres,
1015 5756 1251 5813 maxime
1285 5757 1339 5816 in
1370 5755 1604 5812 concilio
1630 5754 1796 5813 Chal-

1912 4729 2206 4788 Nestorius
2261 4732 2402 4787 dixit
2431 4751 2445 4788 :
2474 4735 2764 4802 Quomodo
2796 4740 2963 4810 igitur
2996 4742 3165 4798 Maria
3210 4747 3485 4817 antiquio—

1914 4837 2029 4877 rem
2056 4838 2114 4878 se
2142 4826 2395 4895 peperit?
2426 4825 2631 4884 Paulus
2655 4828 2794 4884 dixit
2819 4850 2832 4885 :
2858 4831 3026 4887 Maria
3059 4838 3272 4905 peperit
3301 4838 3483 4895 homi-

1912 4928 2039 4968 nem
2077 4915 2239 4970 nobis
2290 4918 2576 4987 aequalem.
2622 4921 2911 4979 Nestorius
2941 4925 3080 4981 dixit
3114 4946 3127 4982 :
3170 4930 3343 4987 Homo
3386 4936 3483 5004 qui

1912 5015 2075 5061 natus
2109 5017 2196 5062 est
2233 5023 2302 5063 ex
2339 5010 2578 5081 virgine.
2606 5013 2811 5071 Paulus
2836 5016 3013 5073 dixit:
3045 5020 3481 5081 Praestantiorem

1912 5097 1971 5152 in
2008 5097 2286 5165 omnibus,
2316 5100 2447 5169 quin
2484 5118 2553 5161 ex
2590 5103 2800 5174 Spiritu
2829 5118 3021 5165 sancto
3057 5120 3113 5166 et
3149 5129 3214 5167 ex
3243 5117 3484 5185 promis-

1914 5186 2185 5252 sionibus,
2235 5201 2293 5245 et
2332 5206 2400 5245 ex
2444 5192 2666 5263 scriptis
2697 5198 2871 5267 gratia
2902 5200 2959 5254 in
3007 5201 3147 5272 ipso.
3197 5205 3483 5263 Nestorius

1913 5277 2050 5334 dixit
2082 5297 2095 5334 :
2130 5279 2244 5335 Vidi
2271 5282 2417 5337 enim
2441 5325 2457 5351 ,
2510 5285 2730 5356 inquit,
2780 5288 3038 5361 Spiritum
3082 5295 3481 5354 descendentem

1912 5379 2169 5443 tanquam
2218 5373 2512 5433 columbam
2560 5388 2610 5433 et
2683 5393 2979 5439 manentem
3033 5403 3190 5458 super
3243 5407 3362 5446 eum
3394 5394 3477 5427 “-

1911 5684 2249 5783 aedon-enisi:
2263 5690 2383 5783 lict.
2417 5693 2835 5783 léglndefessus
2876 5701 3113 5759 Ncstorii
3138 5712 3195 5763 et
3219 5705 3481 5783 Eutychls

1904 5766 2249 5829 oppugnator
2272 5759 2397 5818 fuit.
2437 5762 2573 5823 Tus.
