4032 6544
517 491 648 558 1391

1771 485 2087 550 LEONTII
2129 483 2537 546 BYZANTINI

3655 481 3795 548 131'2

511 605 662 678 quod
695 604 746 660 ei
775 602 1004 659 donavit
1027 601 1480 673 assumptionem.
1516 599 1845 674 Pracipiens
1884 607 2098 671 aposto-

2218 594 2446 662 περὰν,
2468 591 2568 648 καί
2592 589 2783 662 μένον
2806 585 2900 644 ἐπ’
2921 590 3133 657 αὑτὸν,
3153 591 3214 644 τὸ
3233 589 3333 662 τὴν
3354 589 3622 664 ἀνάληψιν
3641 593 3797 664 αὐτῷ

517 700 604 766 (is,
639 697 736 761 ait,
768 713 896 768 quos
923 696 1081 768 elegit
1102 711 1195 769 per
1229 693 1490 766 Spiritum
1507 704 1773 761 sanctum,
1801 700 2104 763 assumptus

514 801 594 848 est
619 791 700 858 ης
731 789 882 844 hune
907 789 1036 845 dico
1063 788 1359 860 Spiritum,
1378 789 1475 860 qui
1511 797 1719 844 tantam
1744 787 1968 846 Christo
2006 788 2109 844 lar.

514 885 663 952 gitus
683 891 770 937 est
796 880 1049 952 gratiam.
1086 880 1290 936 Paulus
1317 879 1498 935 dixit:
1525 879 1605 935 Ne
1635 889 1822 936 autem
1845 895 1912 936 ex
1929 865 2104 936 David

519 983 741 1040 unctus,
774 973 990 1030 alienus
1016 973 1091 1029 sit
1120 989 1150 1028 a
1186 972 1478 1044 sapientia,
1515 988 1706 1044 neque
1739 973 2012 1044 sapientia
2048 973 2105 1029 in

517 1068 628 1123 alio
655 1067 738 1124 sic
769 1066 1024 1124 habitet:
1055 1066 1264 1122 etenim
1319 1065 1374 1120 in
1419 1067 1712 1137 prophetis
1739 1076 1862 1123 erat
1882 1108 1897 1134 ,
1929 1067 2107 1139 magis

517 1168 704 1214 autem
735 1158 790 1214 in
819 1158 966 1214 Mose
993 1156 1134 1214 etin
1165 1157 1354 1213 multis
1397 1157 1662 1222 dominis,
1706 1159 1879 1229 magis
1918 1167 2105 1214 autem

520 1252 575 1306 in
600 1250 824 1308 Christo
851 1261 1112 1322 tanquam
1138 1249 1194 1304 in
1224 1251 1450 1320 templo.
1482 1250 1550 1306 Et
1580 1251 1714 1306 alibi
1747 1253 1904 1319 dicit,
1931 1254 2104 1309 alium

519 1360 642 1400 esse
663 1344 850 1400 Iesum
873 1343 1190 1408 Christum,
1219 1351 1275 1400 et
1297 1344 1469 1399 alium
1499 1344 1673 1401 Deum
1702 1346 1967 1402 Verbum.
2000 1347 2109 1402 Ne-

423 1477 438 1490 .
521 1436 734 1493 storius
790 1437 967 1503 dixit,
1031 1451 1145 1492 non
1196 1450 1318 1492 esse
1375 1437 1644 1507 possibile
1693 1453 1820 1494 eum
1877 1439 1972 1509 qui
2021 1447 2109 1494 est

524 1536 653 1584 ante
703 1529 942 1598 saacula,
995 1527 1148 1585 aliud
1188 1527 1437 1600 genitum
1471 1543 1594 1585 esse
1623 1570 1636 1596 ,
1682 1529 1850 1601 idque
1906 1529 2110 1587 divini-

525 1631 658 1680 tate.
690 1641 710 1674 ι

592 1731 737 1789 Ecce
769 1738 958 1803 aperte
984 1730 1122 1788 dicit
1169 1731 1493 1789 Nestor-ius:
1537 1733 1657 1790 Non
1707 1743 1794 1792 est
1843 1744 2006 1792 natus
2041 1750 2110 1793 ex

524 1824 735 1890 Maria,
783 1825 878 1895 qui
911 1835 998 1882 est
1060 1824 1280 1896 genitus
1317 1841 1386 1881 ex
1425 1827 1610 1883 Patre.
1658 1827 1800 1884 Ecce
1849 1829 2112 1885 convenit

525 1931 652 1972 cum
701 1915 870 1970 Paulo
917 1915 1210 1981 haeretica,
1243 1915 1338 1986 qui
1370 1917 1448 1971 ait
1480 1917 1648 1972 alium
1683 1933 1806 1974 esse
1837 1918 2104 1991 Verbum,

2205 686 2408 760 χαρισά
2415 683 3052 756 μενον.Ἕντει.ιὰμενος
3063 681 3188 750 τοῖς
3199 684 3589 749 ἀποστόλοις,
3603 701 3676 756 φη
3685 685 3795 750 civ,

2204 778 2314 845 οὓς
2341 775 2670 842 ἐξελέξατο
2699 774 2799 830 διὰ
2826 777 3181 846 Πνεύματος
3207 774 3410 844 ἁγίου,
3442 775 3798 847 dri-:11in-

2204 870 2364 926 τοῦτο
2382 870 2447 943 δὴ
2481 869 2542 925 τὸ
2561 869 2902 942 τηλικαύτην
2949 869 3030 942 τῷ
3066 868 3289 942 Χριστῷ
3319 871 3692 942 χαρισάμενον
3717 872 3804 926 δόο

2206 961 2328 1031 ξαν.
2363 991 2433 1004 -
2463 963 2677 1028 Παῦλος
2708 959 2894 1018 εἶπενο
2919 963 3043 1018 ἰνα
3071 963 3129 1018 δὲ
3163 963 3305 1034 μήτε
3337 965 3366 1018 6
3395 965 3461 1017 ὲκ
3486 964 3654 1018 Δασὶδ
3679 983 3805 1038 χρι-

2207 1054 2380 1120 σθεὶς,
2401 1051 2742 1131 ἀλλότριοςῇ
2772 1057 2874 1128 τῆς
2896 1057 3112 1127 σοφίας,
3142 1056 3275 1128 μηδὲ
3304 1058 3338 1128 η
3367 1056 3530 1126 σοφία
3564 1057 3624 1111 ὲν
3652 1058 3806 1131 ἄλλῳ

2205 1147 2351 1202 οὕτω
2378 1151 2504 1222 οἰκῇ
2525 1165 2540 1179 ·
2575 1150 2804 1223 καὶγὰρ
2832 1151 2891 1204 ὲν
2912 1153 3028 1215 τοῖς
3054 1151 3368 1223 προφήταις
3392 1145 3484 1220 ἦν,
3519 1151 3721 1222 μᾶλλον
3744 1151 3805 1206 δὲ

2205 1242 2265 1297 ὲν
2292 1243 2470 1316 Μωσῇ
2507 1243 2603 1298 καὶ
2633 1245 2692 1298 ὲν
2723 1243 2944 1308 πολλοῖς
2975 1243 3220 1314 κυρίοις,
3262 1244 3465 1313 μᾶλλον
3490 1245 3549 1299 δὲ
3578 1247 3636 1299 ὲν
3660 1246 3805 1318 Χρι-

2210 1334 2322 1406 στῷ
2354 1334 2430 1399 ὡς
2461 1337 2520 1390 ὲν
2549 1333 2684 1406 ναῷ.
2745 1336 2858 1390 Καὶ
2890 1335 3130 1408 ἀλλαχοῦ
3159 1335 3312 1405 λέγει
3341 1337 3501 1394 ἄλλον
3530 1332 3674 1393 εἶναι
3703 1339 3805 1392 τὸν

2223 1427 2436 1498 Ἰησοῦν
2459 1429 2725 1500 Χριστὸν,
2760 1429 2856 1482 καὶ
2882 1429 3045 1485 ἄλλον
3071 1429 3160 1484 τὸν
3188 1430 3326 1485 Θεὸν
3347 1431 3542 1500 Λόγον.
3586 1432 3806 1486 Νεστό-

2215 1536 2330 1592 ριος
2361 1514 2556 1592 εἶπεν)
2615 1521 2692 1592 μὴ
2736 1522 3006 1593 ἐγχωρεῖν
3037 1521 3132 1576 τὸν
3158 1522 3267 1594 πρὸ
3289 1523 3510 1578 πάντων
3537 1518 3646 1579 τῶν
3668 1526 3807 1580 αίώο

2212 1631 2344 1681 νων,
2381 1613 2511 1669 ἄλλο
2540 1612 2690 1680 ἅπαξ
2719 1615 3077 1687 γεννηθῆναι,
3108 1616 3208 1670 καὶ
3237 1616 3410 1671 ταῦτα
3437 1616 3676 1688 Θεότητι.
3701 1637 3722 1671 ι

2293 1725 2429 1782 Ἰδοὺ
2476 1726 2750 1782 δέδεικται
2793 1727 2988 1800 σαφῶς
3015 1728 3192 1799 λέγων
3223 1731 3253 1784 6
3282 1731 3609 1804 παραϐάτης
3628 1774 3647 1801 ,
3680 1733 3804 1788 Οὐκ

2209 1819 2410 1892 ἐτέχθη
2461 1821 2529 1876 ὲκ
2575 1820 2800 1892 Μαρίας
2845 1824 2875 1877 6
2917 1821 3209 1895 γεννηθεὶς
3259 1824 3326 1878 ὲκ
3366 1824 3603 1895 Πατρός.
3661 1825 3800 1880 Ἰδοὺ

2214 1914 2459 1968 συναινεῖ
2501 1912 2582 1985 τῷ
2623 1913 2892 1987 αἱρετικῷ
2929 1913 3132 1987 Παύλῳ
3161 1914 3378 1984 λέγοντι
3404 1953 3422 1978 ,
3471 1915 3631 1971 ἀλλον
3654 1909 3803 1970 εἶναι

525 2018 582 2063 ct
611 2008 782 2062 alium
815 2007 1004 2064 Jesum
1027 2008 1310 2064 Christum
1333 2049 1350 2075 ,
1383 2019 1442 2064 et
1491 2025 1604 2064 non
1634 2025 1830 2079 unum,
1882 2021 1945 2068 ut
1971 2011 2110 2070 ﬁdes

2218 2007 2310 2060 τὸν
2359 2006 2566 2076 Λόγον,
2621 2007 2722 2062 καὶ
2769 2007 2933 2063 άλλον
2978 2007 3074 2063 τὸν
3117 2007 3364 2080 Χριστὸν
3408 2007 3652 2081 Ἰησοῦν,
3701 2009 3806 2064 καὶ

528 2107 680 2156 recta
706 2097 991 2171 praedicat.
1019 2099 1297 2158 Hactenus
1322 2101 1726 2158 testimonium.

1023 2306 1190 2363 Pauli
1209 2304 1628 2366 Samosatensis.

607 2441 626 2476 ι
657 2422 832 2480 Homo
850 2421 1109 2494 ungitur:
1134 2421 1379 2478 Verbum
1409 2437 1520 2479 non
1543 2425 1791 2495 ungitur.
1818 2427 2112 2484 Nazarzeus

533 2512 799 2583 ungitur,
851 2509 1120 2566 Dominus
1161 2526 1275 2566 non
1320 2514 1572 2584 ungitur.
1612 2514 1831 2571 Etenim
1868 2517 2112 2573 Verbum

534 2605 712 2675 majus
741 2610 860 2658 erat
889 2601 1126 2656 Domino
1155 2600 1396 2658 Christo.
1426 2602 1683 2662 Christus
1715 2606 1864 2662 enim
1896 2621 1996 2677 per
2022 2623 2113 2664 sa-

532 2695 800 2767 pientiam
843 2709 1076 2766 magnus
1101 2692 1278 2750 factus
1307 2705 1431 2763 est;
1463 2698 1707 2755 Verbum
1735 2709 1921 2757 autem
1973 2702 2114 2757 ἄνω-

533 2789 666 2854 θεν,
720 2785 778 2842 id
825 2796 911 2842 est
960 2785 1029 2841 de
1081 2788 1337 2856 supernis
1368 2805 1382 2842 :
1412 2789 1574 2846 Jesus
1640 2800 1834 2848 autem
1858 2793 2115 2852 Christus

537 2879 703 2934 homo
740 2877 892 2933 hinc.
920 2877 1091 2933 Maria
1121 2879 1365 2935 Verbum
1400 2896 1509 2937 non
1533 2884 1771 2954 peperit,
1818 2900 1923 2941 nec
1964 2886 2115 2942 enim

534 2976 654 3025 erat
686 2978 813 3024 ante
843 2970 1041 3024 saecula
1074 2970 1244 3026 Maria
1272 2989 1285 3025 :
1313 2988 1425 3029 non
1451 2983 1537 3030 est
1561 2975 1746 3031 senior
1778 2976 1960 3035 Verbo
1998 2979 2115 3034 Ma-

536 3061 662 3125 ria;
708 3059 806 3115 sed
854 3059 1136 3116 hominem
1180 3061 1341 3117 nobis
1368 3064 1634 3133 aequalem
1667 3067 1924 3137 peperit,
1977 3084 2119 3139 pra:-

537 3146 864 3203 stantiorem
923 3163 1058 3204 vero
1111 3148 1168 3204 in
1221 3151 1522 3221 omnibus,
1579 3153 1714 3224 quia
1776 3170 1846 3212 ex
1902 3157 2116 3230 Spiritu

535 3250 749 3298 sancto.
785 3259 804 3294 ι

712 3351 970 3423 Ejusdem
1007 3368 1073 3408 ea:
1103 3353 1318 3426 dialogo
1346 3363 1534 3412 contra
1564 3356 1942 3417 Malchionem.

617 3462 727 3521 «Ut
757 3479 861 3520 nec
875 3473 1080 3522 unctus
1111 3483 1179 3522 ex
1207 3467 1378 3523 David
1408 3470 1622 3528 alienus
1654 3473 1728 3530 sit
1758 3489 1789 3530 a
1813 3474 2118 3548 sapientia;

538 3570 723 3628 neque
750 3557 1024 3630 sapientia
1048 3559 1106 3616 in
1137 3559 1247 3620 alio
1277 3561 1513 3621 habitet.
1547 3581 1568 3619 ι

1209 3688 1486 3762 Ejusdem.

2213 2099 2341 2170 οὐχὶ
2393 2098 2514 2166 ενα,
2558 2097 2637 2164 ὡς
2695 2101 2729 2171 ἡ
2787 2099 3073 2172 όρθοδοξία
3131 2098 3436 2173 κηρύσσει.
3490 2100 3638 2166 Ἕως
3695 2096 3806 2157 ὦδε

2216 2194 2252 2264 ἡ
2280 2191 2676 2265 διαμαρτυρία.

2560 2374 2571 2383 κ
2665 2309 2916 2364 Παύλου
2945 2305 3360 2377 Σαμοσατέως.

2294 2441 2314 2474 ι
2347 2422 2672 2494 Ἀνθρωπος
2705 2422 2960 2494 χρίεται,
2995 2424 3026 2476 6
3053 2421 3226 2490 Λόγος
3253 2422 3314 2475 οὐ
3344 2421 3589 2493 χρίεταιο
3621 2424 3651 2477 6
3680 2423 3805 2478 Na-

2219 2510 2459 2583 ζωραῖος
2506 2513 2754 2586 χρίεται,
2809 2509 2984 2584 [οὐχ]
3031 2513 3058 2566 6
3103 2511 3314 2582 Κύριος
3339 2512 3518 2584 ἡμῶν.
3555 2515 3665 2568 Καὶ
3693 2515 3810 2586 γὰρ

2220 2604 2250 2658 6
2291 2605 2468 2672 Λόγος
2519 2603 2725 2676 μείζων
2762 2597 2832 2676 ἦν
2878 2603 2974 2656 τοῦ
3001 2601 3266 2674 Χριστοῦ.
3304 2603 3544 2673 Χριστὸς
3572 2605 3684 2676 γάρ
3715 2604 3811 2661 διὰ

2221 2697 2419 2768 σοφίας
2453 2697 2626 2769 μέγας
2653 2695 2872 2766 ἐγένετο
2890 2711 2905 2727 ⁶
2952 2695 3126 2764 Λόγος
3155 2695 3255 2767 μὲν
3281 2695 3392 2768 γὰρ
3418 2695 3658 2763 ἄνωθεν,
3694 2697 3811 2767 ’1η-

2223 2790 2350 2854 σοῦς
2377 2789 2437 2844 δὲ
2460 2788 2702 2861 Χριστὸς
2727 2786 3018 2860 ἄνθρωπος
3047 2787 3322 2842 ἐντεῦθεν.
3360 2789 3551 2861 Μαρία
3580 2789 3673 2843 τὸν
3697 2789 3810 2843 Λό-

2221 2900 2320 2952 γον
2352 2882 2454 2936 οὐκ
2483 2881 2670 2936 ἔτεκεν
2689 2897 2706 2914 ο
2753 2881 2876 2934 οὐδὲ
2903 2879 3013 2952 γὰρ
3036 2875 3106 2951 ἢν
3134 2879 3244 2951 πρὸ
3268 2879 3484 2934 αίώνων
3514 2881 3547 2952 η
3572 2879 3766 2952 Μαρία
3787 2896 3805 2911 ·

2220 2975 2328 3031 οὐκ
2373 2974 2492 3028 ἔστι
2540 2973 2895 3047 πρεσϐυτέρα
2937 2970 3033 3026 τοῦ
3066 2971 3242 3041 Λόγου
3280 2972 3503 3043 Μαρία,
3541 2969 3680 3025 άλλὰ
3705 2972 3808 3026 άν-

2225 3067 2448 3140 Θρωπον
2477 3069 2610 3139 ἡμῖν
2639 3069 2756 3123 ῐσον
2781 3066 2992 3133 ἔτεκεν,
3022 3065 3320 3138 κρείττονα·
3341 3065 3401 3121 δὲ
3431 3065 3575 3123 κατά
3597 3066 3810 3134 πάντα,

2223 3161 2416 3234 ἐπειδὴ
2449 3161 2515 3216 ὲκ
2543 3158 2865 3232 Πνεῦματος
2892 3159 3074 3230 ἁγίου.
3102 3177 3123 3214 ι

2143 3326 2188 3386 C
2299 3353 2410 3412 Τοῦ
2434 3353 2624 3411 αὐτοῦ
2653 3353 2723 3408 ἐκ
2752 3353 2860 3410 τοῦ
2888 3352 3044 3423 πρὸς
3067 3354 3397 3423 Μαλχίωνα
3421 3352 3733 3426 διαλόγου.

2300 3486 2319 3520 ‹
2353 3465 2471 3520 Ἵνα
2525 3467 2663 3537 μήτε
2705 3466 2734 3519 6
2765 3465 2830 3518 ὲκ
2853 3463 3021 3518 Δασὶδ
3048 3463 3298 3536 χρισθεὶς
3329 3459 3672 3539 άλλότριοςῇ
3704 3463 3813 3537 τῆς

2229 3558 2446 3629 σοφίας,
2483 3557 2623 3630 μήτε
2653 3557 2687 3628 ἠ
2716 3557 2881 3626 σοφία
2907 3557 2969 3610 ὲν
2994 3555 3140 3628 ἄλλῳ
3167 3555 3343 3622 οὕτως
3370 3557 3518 3630 οίκῇ.
3551 3575 3572 3610 ι

2844 3688 2958 3746 Τοῦ
2983 3687 3194 3744 αὐτοῦ.

617 3816 636 3849 ι
666 3794 774 3865 Qui
804 3796 1102 3854 videbatur
1124 3837 1142 3866 ,
1188 3814 1301 3857 non
1333 3812 1455 3859 erat
1484 3802 1760 3876 sapientia
1791 3823 1806 3861 :
1831 3821 1943 3863 non
1973 3807 2114 3864 enim

2302 3825 2323 3858 ι
2361 3804 2424 3859 '0
2467 3803 2798 3874 φαινόμενος
2839 3802 2942 3857 οὐκ
2973 3798 3045 3876 ἦν
3080 3801 3278 3872 σοφία·
3333 3803 3398 3856 οὐ
3429 3801 3543 3876 γάρ
3573 3801 3816 3874 ἠδύνατο

541 3901 763 3963 poterat
803 3892 1041 3963 reperiri
1089 3893 1146 3949 in
1191 3893 1364 3968 ﬁgura
1390 3936 1406 3964 ,
1456 3896 1575 3954 sive
1607 3897 1842 3965 habitu,
1906 3916 2012 3957 nec
2068 3902 2114 3958 in

2227 3899 2286 3953 ὲν
2317 3899 2563 3968 σχήματι
2593 3895 2986 3967 εὑρίσκεσθαι,
3032 3896 3156 3951 οὐδὲ
3183 3897 3244 3952 ἐν
3274 3895 3377 3970 θέᾳ
3403 3895 3629 3966 άνδρός’
3683 3896 3814 3968 μεί-

545 3983 888 4053 spectatione
929 3983 1086 4040 viri:
1117 3987 1298 4060 major
1350 3987 1503 4045 enim
1551 3998 1639 4046 est
1692 3990 1763 4048 iis
1813 4006 1938 4063 quae
1995 4006 2114 4065 spe-

2229 3991 2338 4060 ςων
2365 3992 2477 4063 γάρ
2505 3988 2616 4046 τῶν
2644 3989 2944 4062 ὁρωμένων
2973 3989 3146 4046 ἐστίν.
3165 4005 3188 4044 ι

545 4083 790 4129 ctantur.
830 4093 850 4126 ι

1235 4147 1488 4206 Nestorii.

624 4277 642 4309 ι
674 4257 866 4330 Magna
897 4273 989 4315 res
1022 4257 1130 4316 fuit
1165 4259 1379 4333 Virgini
1427 4259 1784 4332 Christipam
1814 4277 2010 4334 parere
2034 4264 2114 4320 hu

2308 4285 2328 4320 ι
2365 4265 2529 4334 Μέγα
2576 4263 2642 4336 τῇ
2687 4260 3045 4334 Χριστοτόκῳ
3102 4259 3369 4333 Παρθένῳ
3409 4260 3471 4314 τδ
3501 4263 3686 4317 τεκεῖν
3716 4261 3818 4319 ἀντ

549 4350 893 4420 manitatem,
921 4351 1233 4409 divinitatis
1274 4352 1376 4410 Dei
1405 4353 1574 4410 Verbi
1608 4369 1918 4427 organum;
1979 4357 2114 4427 quod

2233 4359 2592 4432 θρωπότητα,
2621 4358 2727 4428 τῆς
2756 4352 2853 4409 τοῦ
2879 4351 3020 4408 Θεοῦ
3047 4352 3226 4422 Λόγου
3255 4352 3510 4425 θεότητος
3535 4351 3782 4424 ὄργανον
3801 4369 3816 4382 ·

549 4445 681 4500 satis
741 4446 794 4501 ei
842 4455 964 4503 erat
1005 4447 1072 4504 ad
1113 4447 1381 4505 honorem
1442 4449 1806 4506 excellentem
1871 4452 2114 4522 genuissi

2231 4451 2440 4522 ἀρκοῦν
2470 4451 2611 4521 αὐτῇ
2648 4445 2786 4519 πρὸς
2814 4444 2983 4517 τιμὴν
3017 4445 3435 4516 ὑπεραίρουσαν
3463 4443 3526 4498 τδ
3548 4444 3821 4517 γεννῆσαι

546 4539 768 4596 scilicet
799 4540 1162 4598 mediatorem
1203 4539 1473 4613 dignitate
1502 4541 1602 4600 Dei
1625 4543 1966 4614 copulatum.
1995 4563 2015 4597 ι

2237 4543 2471 4616 μεσίτην
2503 4545 2572 4615 τῇ
2605 4539 2700 4596 τοῦ
2723 4536 2862 4593 Θεοῦ
2893 4535 3244 4609 συνημμένον
3274 4535 3423 4609 ἀξίᾳ.
3459 4553 3479 4588 ι

622 4655 750 4711 Hec
775 4670 880 4711 nos
909 4671 1082 4726 pauca
1109 4670 1179 4710 ex
1228 4655 1422 4710 multis
1445 4655 1788 4713 contulimus
1817 4667 1875 4714 et
1903 4673 2114 4730 compa.

2307 4656 2496 4712 Ταῦτα
2526 4655 2688 4726 ἡμεῖς
2718 4651 2796 4718 ὼς
2827 4651 2988 4721 ὀλίγα
3018 4652 3084 4705 lx
3115 4651 3225 4706 τῶν
3257 4651 3472 4707 πολλῶν
3502 4651 3820 4725 ἀντιπαρα-

551 4749 828 4814 ravimus,
862 4758 923 4802 ut
946 4747 1366 4804 ostenderemus
1391 4749 1815 4806 consensionem
1845 4760 1903 4807 et
1925 4768 2114 4809 conve

2236 4749 2570 4820 τεθείκαμεν
2589 4787 2605 4812 ,
2655 4745 2756 4818 τὴν
2786 4745 2848 4798 ὲν
2875 4743 2955 4816 τῷ
2981 4742 3138 4815 κακῷ
3171 4743 3495 4815 συμφωνίαν
3525 4744 3666 4815 πρὸς
3692 4747 3824 4812 τοὺς

554 4841 821 4896 nientiam
875 4840 1078 4895 horum
1131 4855 1258 4896 cum
1308 4840 1554 4912 antiquis
1613 4841 1889 4901 haereticis
1933 4859 2114 4900 eorum

2240 4839 2508 4903 παλαιοὺς
2550 4837 2662 4892 τῶν
2693 4835 2990 4909 αίρετικῶν
3014 4835 3263 4907 πατέρας
3289 4833 3497 4890 τούτων
3529 4838 3823 4908 παραστῆ-

554 4934 828 5003 patribus.
857 4933 1048 4989 Potest
1078 4932 1174 5004 qui
1212 4932 1476 4997 voluerit.
1502 4933 1687 5006 legere
1713 4935 2003 5006 epistolam
2033 4953 2114 4994 en«

2241 4949 2334 4987 σαι
2389 4930 2740 5003 βουλόμενοι.
2803 4928 3034 4997 Ἔξεστι
3077 4927 3138 4982 δὲ
3191 4927 3272 4998 τῷ
3317 4927 3529 4982 Θέλοντι
3571 4928 3824 5002 ἐντυχεῖν

554 5023 817 5094 cyclicam
864 5023 1131 5093 scriptam
1189 5030 1388 5079 contra
1423 5023 1654 5080 Paulum
1684 5024 2114 5084 Samosatensen

2237 5029 2306 5099 τῇ
2358 5026 2505 5080 κατὰ
2548 5023 2644 5079 τοῦ
2684 5021 3052 5094 Σαμοσατέως
3084 5019 3363 5094 γραφείσῃ
3391 5021 3670 5094 ὲγκυκλίῳ
3698 5024 3823 5076 ἑπι-

2241 5120 2444 5192 στολῇ,
2495 5121 2600 5189 τῆς
2647 5115 2812 5172 αὐτὸν
2857 5113 3201 5185 καθελούσης
3242 5113 3407 5183 ἁγίας
3445 5112 3692 5179 συνόδου,
3730 5114 3825 5168 καὶ

2245 5208 2431 5281 μέντοι
2479 5208 2576 5261 καὶ
2617 5205 2698 5277 τῷ
2743 5205 2978 5276 διαλόγῳ
3019 5204 3080 5258 ὃν
3141 5202 3280 5275 πρὸς
3329 5201 3494 5257 αὑτὸν
3521 5202 3552 5256 6
3577 5203 3826 5274 πρεσσύο

2242 5318 2402 5373 τερος
2427 5299 2688 5370 Μαλχίων
2715 5297 3073 5365 ἔνεστήσατο.
3105 5294 3383 5350 Γνώσεται
3404 5295 3514 5365 γάρ
3537 5295 3826 5364 ἀσφαλῶς,

2244 5393 2322 5458 ὡς
2369 5393 2586 5463 γνήσιοι
2635 5387 2850 5442 ἐκείνου
2904 5387 3239 5458 τυγχάνουσι
3285 5385 3528 5458 μαθηταὶ
3583 5387 3635 5439 οῖ
3695 5387 3830 5457 περὶ

559 5483 757 5536 horum
782 5482 912 5538 libri
935 5499 1049 5540 non
1077 5484 1292 5556 scripti,
1320 5486 1418 5542 sed
1436 5487 1753 5560 transcripti
1799 5489 2099 5547 videantur

2245 5485 2553 5561 Θεόδωρον·
2591 5481 2780 5554 σχεδὸν
2804 5479 2914 5554 γάρ
2938 5497 2992 5534 τι
3025 5481 3122 5536 καὶ
3147 5477 3239 5533 διὰ
3265 5477 3376 5532 τῶν
3404 5478 3586 5532 αὐτῶν
3616 5477 3830 5549 χωροῦ-

560 5573 644 5628 vel
683 5574 870 5644 potius
895 5575 989 5630 illa
1015 5575 1172 5632 Pauli
1205 5577 1469 5633 translata
1498 5593 1529 5632 a
1575 5577 1872 5636 Theodoro
1917 5579 1975 5635 in
2012 5597 2112 5637 sua

2250 5595 2305 5634 σι
2330 5577 2559 5643 λέξεωνο
2591 5575 2668 5642 ὼς
2702 5573 2780 5646 μὴ
2807 5571 3132 5644 συγγραφὴν
3157 5571 3338 5626 δοκεῖν
3366 5565 3505 5624 εἶναι
3530 5571 3601 5624 τά
3624 5571 3832 5624 τούτων

559 5666 849 5733 Quomodo
879 5676 1064 5724 autem
1099 5666 1168 5724 de
1191 5668 1398 5726 unione
1429 5667 1608 5725 sancti
1632 5669 1848 5736 Patres,
1878 5678 1936 5726 et
1957 5671 2114 5729 Eccle

2251 5671 2610 5740 συντάγματα
2629 5708 2645 5734 ,
2692 5667 2833 5722 am
2871 5665 3232 5738 μεταγραφὴν
3266 5664 3488 5737 μᾶλλον,
3519 5663 3589 5717 τὰ
3616 5663 3831 5716 ἐκείνου

563 5759 654 5813 sia:
679 5769 878 5815 sancta:
898 5777 1034 5831 quas
1065 5761 1472 5833 gubernabant,
1494 5775 1525 5817 a
1545 5761 1825 5834 principio
1842 5765 2114 5822 senserint

2251 5767 2332 5827 είς
2377 5763 2445 5817 τά
2487 5762 2663 5816 οίκεῖα
2715 5747 3185 5831 μεταδαίλλόντων.
3211 5756 3402 5820 Ὅπως
3431 5755 3490 5810 δὲ
3520 5755 3833 5827 ἐφρόνησαν

2839 4147 3192 4216 Νεστορίου.

554 5131 584 5169 a
641 5124 831 5170 sancta
884 5113 1098 5186 synodo
1146 5113 1502 5185 depositum,
1552 5124 1610 5171 et
1650 5116 1930 5190 dialogum
1966 5133 2134 5190 quem

554 5215 749 5261 contra
775 5222 902 5261 eum
924 5205 1198 5262 Malchion
1235 5205 1526 5279 presbyter
1553 5207 1846 5280 disputans
1886 5212 2132 5285 scripsit.

553 5299 721 5354 Certo
749 5298 898 5353 enim
928 5308 1247 5370 cognoscet,
1271 5315 1437 5372 quam
1467 5315 1636 5358 verus
1655 5302 1805 5360 illius
1829 5303 2138 5376 discipulus

556 5392 628 5445 sit
652 5389 1019 5459 Theodorus;
1049 5391 1165 5449 fere
1187 5393 1337 5450 enim
1365 5393 1577 5451 eisdem
1609 5395 1797 5453 verbis
1842 5398 2042 5464 utitur,
2074 5407 2138 5454 ut

629 5915 678 5948 ”
705 5916 826 5970 Act.
864 5932 903 5981 ι,
930 5916 986 5971 2.
