3916 6560
192 472 337 537 1303

185 593 327 661 περὶ
353 590 456 661 τῆς
480 589 752 657 ἐνὼσεως,
774 591 828 645 ol
856 589 951 645 ἀπ’
975 589 1151 664 ἀρχῆς
1176 592 1322 661 άγιοι
1344 590 1609 662 Πατέρες,
1626 592 1767 646 αἵτε

79 748 83 749 ν
187 686 299 738 ὑπ’
346 685 528 740 αὑτῶν
582 685 999 757 κυδερνώμεναι
1054 686 1358 757 ἁγιώταται
1415 685 1767 757 Ἐκκλησίαι,

188 780 256 831 ἐκ
284 777 389 847 τῆς
427 777 573 832 κατά
604 778 700 831 τοῦ
728 779 1091 849 Σαμοσατέως
1119 778 1421 851 γενομένης
1445 778 1612 847 ἁγίας
1639 794 1768 832 συν-

187 866 317 921 όδου
342 909 358 933 ,
418 868 516 922 καὶ
564 867 667 939 τῆς
706 868 1001 938 ἐγκυκλίου
1038 867 1221 922 αὐτῶν
1253 867 1548 938 ἐπιπολῆς
1582 865 1766 936 σαφῶς

188 960 307 1013 ἔστι
352 960 587 1029 γνῶναιο
640 964 702 1018 ἐν
750 959 833 1026 οἷς
878 962 1019 1033 πρὸς
1064 964 1178 1025 τοῖς
1226 960 1412 1025 ἄλλοις
1451 960 1550 1013 καὶ
1589 957 1766 1014 ταῦτα

1120 477 1291 537 ADV.
1331 476 2037 538 INCORRUPTICOLAS
2074 477 2172 536 ET
2209 471 2521 538 NEBTOR.

3320 463 3459 529 1394

1872 607 1941 646 ex
1972 597 2162 645 sancta
2223 586 2433 660 synodo
2485 591 2677 641 contra
2738 581 2976 639 Paulum
3010 581 3453 639 Samsutcnsem

1874 683 2086 748 habita,
2111 681 2260 737 clare
2319 680 2451 735 licet
2503 691 2878 749 cognoscere,
2930 674 2987 732 in
3013 676 3219 747 quibus
3245 684 3452 745 praeter

1875 775 2002 840 alia,
2035 774 2104 828 de
2133 773 2221 828 his
2251 787 2377 827 eum
2422 779 2691 827 accusant
2713 770 2803 825 his
2836 769 3027 826 verbis
3056 788 3071 827 :
3112 790 3133 821 ο
3163 754 3256 825 Ait
3282 769 3452 841 igitur

1873 867 1929 922 in
1973 865 2389 922 commentariis
2443 864 2544 938 (de
2596 863 2777 920 Paulo
2813 863 3195 937 lloquuntur),
3226 879 3452 921 servare

1872 958 2200 1030 dignitatem
2239 958 2549 1028 sapientiai.
2584 976 2622 1010 ιι

187 1057 355 1110 αὑτοῦ
395 1059 797 1129 κατηγοροῦσιν
827 1058 1023 1122 αὑταῖς
1046 1056 1229 1125 λέξεσι
1255 1073 1270 1088 ·
1317 1075 1337 1111 ι
1363 1057 1503 1129 (ιθησ)⁴
1531 1055 1713 1111 τοίνυν
1751 1056 1810 1111 ὲν
1837 1057 1951 1119 τοῖς
1978 1055 2378 1127 ὑπομνήμασιν
2412 1055 2499 1121 ὡς
2518 1056 2649 1129 περὶ
2682 1051 2909 1110 Παύλου
2934 1042 3209 1125 λέγοντες,
3256 1057 3450 1129 τηρεῖν

186 1152 251 1205 τὸ
282 1151 500 1222 ἀξίωμα
528 1152 632 1222 τῆς
656 1151 876 1221 σοφίας.
925 1170 944 1204 ι

260 1266 373 1320 Kal
393 1268 521 1332 μεθ’
545 1266 736 1336 ἔτεραο
774 1287 793 1321 ι
822 1232 969 1323 Είὸδὲ
992 1268 1135 1324 κατά
1156 1269 1257 1342 τὴν
1280 1270 1542 1326 σύστασιν
1563 1270 1661 1326 καὶ
1680 1271 1768 1342 γέο

1946 1261 2015 1318 Et
2042 1272 2159 1334 post
2186 1264 2301 1320 alia
2326 1279 2345 1320 :
2377 1283 2396 1316 ι
2427 1260 2483 1321 Si
2508 1271 2695 1321 autem
2711 1263 3028 1320 "secundum
3062 1263 3449 1321 formationem

189 1371 340 1407 νεσιν
384 1357 661 1427 συνῆπτο,
716 1358 795 1429 τῷ
836 1360 1115 1433 ἀνθρώπῳ
1162 1362 1325 1417 τοῦτο
1360 1363 1713 1430 συμσαίνειν.
1746 1383 1765 1418 ι

191 1448 303 1500 Kal
332 1449 537 1503 πτὶλινν
578 1469 598 1503 ι
623 1451 697 1504 Οὑ
722 1452 832 1523 γὰρ
862 1454 1306 1524 συγγεγενῆσθαι
1333 1455 1414 1527 τῷ
1440 1457 1771 1529 ἀνθρωπίνῳ

189 1539 291 1610 τὴν
324 1542 547 1609 σοφίαν,
598 1542 675 1607 ὡς
716 1546 879 1616 ἡμεῖς
908 1547 1243 1621 πιστεύομεν
1266 1548 1580 1615 οὑσιωδῶς,
1632 1550 1774 1607 ἀλλὰ

191 1630 289 1683 καὶ
322 1633 466 1687 κατὰ
487 1634 774 1704 ποιότητα.
809 1654 828 1688 ι

264 1744 373 1799 Kal
398 1748 526 1816 μεθ’
545 1747 742 1818 ἔτεριν
779 1767 800 1805 ι
834 1749 901 1804 Τί
931 1749 989 1805 δὲ
1027 1749 1277 1823 βούλεται
1307 1752 1405 1807 κα)¹
1428 1752 1490 1807 τὸ
1521 1753 1773 1826 ἑτεροίαν

192 1836 425 1906 φάσκειν
468 1839 568 1910 τὴν
620 1842 964 1915 κατασκευὴν
1022 1842 1118 1897 τοῦ
1170 1845 1348 1913 Ἰησοῦ
1398 1844 1641 1917 Χριστοῦ
1670 1847 1771 1919 τῆς

192 1931 690 2003 ήμετέραςςήμῶν
740 1934 822 1988 ἐν).
877 1934 1119 2005 μεγίστῳ
1162 1935 1228 2008 δὴ
1269 1936 1446 2008 τούτῳ
1492 1936 1773 2008 διαφέρειν

190 2026 357 2079 αὑτοῦ
407 2028 510 2096 τὴν
556 2027 820 2083 σύστασιν
842 2026 1163 2093 ἀξιούντων,
1197 2029 1261 2084 τὸ
1293 2029 1388 2085 τὸν
1427 2030 1562 2085 Θεὸν
1596 2031 1771 2102 Λόγον

192 2118 251 2170 ὲν
282 2117 461 2189 ἑαυτῷ
489 2113 654 2185 εῖναι,
689 2119 826 2193 ὅπερ
858 2120 918 2174 ἐν
948 2122 1082 2193 ἡμῖν
1111 2123 1140 2176 ό
1168 2120 1279 2178 ἔσω
1310 2122 1619 2195 ἄνθρωπος.
1670 2143 1692 2178 ι

260 2254 369 2307 Kal
403 2254 531 2323 μεθ’
558 2254 730 2325 ἕτερα
753 2272 768 2287 ·
800 2275 821 2309 ‹
864 2257 928 2310 El
959 2257 1021 2312 τδ
1068 2258 1349 2331 ἐνοικῆσαι
1391 2261 1450 2315 έν
1487 2260 1637 2333 αὑτῷ
1673 2262 1773 2334 τὴν

196 2340 386 2407 σοφίαν
432 2342 639 2412 λέγειν,
680 2343 757 2408 ὡς
802 2344 863 2399 ἐν
913 2346 1087 2401 οὑδενὶ
1116 2348 1297 2421 ἄλλῳ·
1348 2350 1507 2405 τοῦτο
1537 2353 1646 2424 γάρ
1680 2354 1772 2407 τὸν

198 2432 297 2497 μὲν
323 2433 524 2505 τρόπον
551 2437 652 2506 τῆς
696 2438 1028 2510 ἐνοικήσεως
1057 2441 1152 2494 τὸν
1194 2442 1357 2497 αὑτὸν
1384 2442 1552 2515 δηλοῖ,
1588 2446 1772 2519 μέτρῳ

194 2524 249 2577 δὲ
280 2526 372 2580 καὶ
402 2526 597 2597 πλήθει
626 2530 949 2603 ὑπερφέρει,
974 2525 1086 2587 οἷον
1112 2533 1413 2600 διπλάσιον,
1439 2536 1473 2608 ἦ
1496 2538 1594 2593 καὶ
1622 2539 1773 2603 ὅπως

1871 1363 1929 1409 et
1953 1355 2418 1427 gubernationem
2440 1358 2895 1426 copulatus'erat,
2933 1357 3148 1413 homini
3176 1358 3284 1415 hoc
3312 1359 3452 1414 acci-

1872 1446 2027 1503 dere.
2063 1465 2082 1501 i
2106 1447 2177 1503 Et
2201 1463 2420 1504 rursus:
2454 1465 2475 1499 ι
2499 1447 2631 1503 Non
2650 1447 2800 1503 enim
2829 1459 3256 1520 congeneratam
3276 1449 3451 1507 fuisse

1872 1554 1998 1594 cum
2028 1532 2375 1595 humanitate
2405 1540 2756 1611 sapiexitiam,
2786 1550 2847 1597 ut
2871 1557 2978 1597 nos;
2997 1541 3296 1610 credimus,
3324 1544 3453 1599 sub-

1872 1629 2229 1695 stantialiter,
2263 1631 2360 1686 sed
2396 1628 3072 1703 secmrdumqualitatem.
3106 1652 3125 1686 ι

1948 1741 2016 1797 Et
2041 1751 2156 1814 post
2177 1744 2289 1798 alia
2313 1761 2332 1800 :
2369 1764 2387 1797 ‹
2408 1744 2549 1812 Quid
2572 1754 2756 1802 autem
2788 1747 2908 1803 vult
2930 1746 3115 1804 dicere
3140 1749 3303 1804 aliam
3327 1765 3449 1806 esse

1871 1842 1928 1890 et
1947 1835 2221 1891 diversam
2252 1836 2638 1894 formationem
2668 1836 2874 1895 Christi
2901 1856 2931 1895 a
2955 1842 3198 1897 nostra?‘
3218 1843 3450 1899 νοιεῐιιὶο

1872 1925 1978 1982 bus
2009 1926 2171 1983 nobis
2215 1929 2273 1984 in
2324 1929 2429 1985 hac
2464 1931 2701 1986 maxima
2744 1948 2856 1987 una
2898 1948 2956 1987 re
3007 1933 3230 1990 differre
3275 1934 3451 2005 ipsius

1872 2020 2325 2077 constitutionem
2356 2038 2387 2077 a
2420 2030 2634 2090 nostra,
2686 2024 2833 2093 quod
2861 2025 3073 2080 scilicet
3103 2025 3159 2080 in
3210 2024 3329 2096 ipso
3378 2027 3450 2083 sit

1872 2109 2115 2166 Verbum
2145 2112 2294 2183 quod
2320 2112 2375 2169 in
2410 2114 2574 2171 nobis
2596 2115 2764 2171 homo
2792 2115 3026 2173 interior
3048 2115 3186 2188 (60).
3210 2136 3229 2170 ι

1947 2244 2014 2300 Ει
2037 2254 2217 2316 postea
2236 2261 2255 2300 :
2288 2265 2307 2299 ι
2329 2246 2386 2302 Si
2407 2247 2594 2304 dicere
2618 2248 2897 2305 habitasse
2924 2250 2981 2304 in
3004 2264 3072 2305 eo
3093 2249 3449 2321 sapientiam,

1872 2337 2015 2393 sicut
2046 2338 2098 2392 in
2118 2339 2272 2395 nullo
2292 2339 2435 2407 alio;
2464 2338 2571 2396 hoc
2595 2339 2819 2395 modum
2845 2340 3070 2411 quidem
3097 2341 3450 2397 inhabit’at’io-

1872 2432 1960 2487 nis
1979 2432 2234 2488 eumdem
2268 2432 2533 2499 declarat,
2563 2447 2823 2489 mensura
2848 2450 2982 2489 vero
3002 2445 3060 2491 et
3090 2434 3453 2490 multitudine

1873 2523 2126 2591 excellit;
2154 2525 2311 2580 verbi
2331 2524 2524 2597 gratia,
2544 2525 2712 2597 duplo
2728 2526 2872 2597 plus,
2895 2535 2992 2582 aut
3023 2526 3451 2598 quomodocun-

194 2617 393 2686 δήποτε
418 2621 604 2675 πλεῖον
636 2624 667 2692 ἢ
705 2622 933 2679 ἔλασσον
953 2625 1048 2680 τοῦ
1072 2626 1379 2695 διπλασίου,
1408 2628 1768 2698 γινώσκοντος

1887 2631 1984 2686 que
2013 2616 2250 2687 amplius
2273 2657 2289 2683 ,
2336 2617 2425 2673 vel
2455 2617 2641 2673 minus
2691 2618 2861 2689 duplo
2896 2635 3063 2689 quam
3091 2619 3206 2685 alii,
3238 2634 3449 2691 cogno-

194 2709 358 2763 αὑτοῦ
419 2712 528 2766 ἀπὸ
585 2717 685 2785 τῆς
742 2718 956 2786 σοφίας,
1012 2718 1128 2790 ῆοί
1170 2720 1341 2775 ἄλλοι.
1386 2721 1557 2776 τοῦτο
1587 2722 1646 2777 δὲ
1672 2722 1771 2778 οὑκ

197 2800 437 2865 ἀξιοῦσιν
478 2805 529 2859 οί
582 2807 863 2863 καθολικοὶ
895 2810 990 2864 καὶ
1030 2810 1478 2882 ὲκκλησιαστικοὶ
1525 2812 1770 2881 κανόνες,

196 2892 308 2945 ἀλλ’
349 2895 593 2962 ἐκείνους
638 2900 735 2968 μὲν
782 2902 1180 2973 μετεσχηκέναι
1205 2903 1400 2973 σοφίας
1430 2904 1774 2976 ὲμπνεοὺσης

197 2985 414 3052 ἔξωθεν.
450 2990 545 3044 καὶ
594 2990 763 3064 ἄλλης
787 2992 955 3064 οὔσης
977 2996 1110 3067 παρ’
1143 2996 1362 3060 αὐτοῖς’
1391 2997 1562 3069 αὐτὴν
1586 2997 1767 3069 δὲτὴν

200 3080 390 3148 σοφίαν
419 3083 489 3137 δι’
519 3083 720 3157 ἑαυτῆς
745 3086 1206 3160 ἐπιδεδημηκέναι
1226 3088 1500 3155 οὑσιωδῶς
1524 3092 1583 3146 ὲν
1606 3090 1686 3164 τῷ
1708 3092 1774 3147 ἑκ

199 3172 418 3243 Μαρίας
458 3173 694 3246 σώματι.
736 3197 756 3232 ι

270 3287 380 3341 Kal
406 3291 534 3358 μεθ’
560 3290 762 3359 ἕτερα·
791 3291 985 3348 Καίτοι
1032 3293 1185 3364 φησὶ,
1221 3295 1294 3365 μὴ
1318 3294 1412 3349 δύο
1440 3294 1770 3367 ὑφίστασθαι

201 3379 371 3445 υίοὺς.
403 3381 465 3437 Εί
502 3382 560 3438 δὲ
585 3383 715 3448 Υίδς
743 3386 774 3439 ό
832 3384 1041 3454 Ἰησοῦς
1088 3386 1323 3460 Χριστὸς
1343 3386 1440 3441 τοῦ
1467 3388 1627 3451 Θεοῦ,
1654 3390 1771 3453 υίὸς

198 3472 257 3525 δὲ
290 3473 383 3526 καὶ
422 3475 451 3543 ἡ
505 3476 667 3545 σοφία
700 3518 716 3542 ,
745 3478 839 3532 καὶ
865 3477 993 3533 ἄλλο
1020 3479 1119 3561 μὲν
1149 3481 1184 3551 ὴ
1214 3479 1396 3551 σοφία,
1427 3480 1558 3536 ἄλλο
1580 3480 1636 3536 δὲ
1671 3480 1774 3554 ’1η-

205 3564 329 3627 σοῦς
362 3567 615 3637 Χριστὸς,
646 3568 741 3623 δύο
765 3570 1089 3640 ὑφίστανται
1116 3572 1243 3628 υίοί.

272 3677 377 3731 Kal
395 3681 523 3748 μεθ’
549 3680 719 3749 ἔτερα
739 3697 754 3712 ·
800 3700 820 3734 ‹
853 3682 968 3754 Τὴν
995 3682 1050 3736 δὲ
1075 3684 1370 3754 συνάφειαν
1402 3684 1604 3757 ἑτέρως
1631 3686 1769 3760 πρὸς

199 3768 300 3841 τὴν
327 3772 518 3840 σοφίαν
551 3771 686 3838 νόει,
727 3776 870 3829 κατὰ
908 3774 1146 3847 μάθησιν
1176 3777 1270 3832 καὶ
1301 3780 1614 3848 μετουσίαν,
1646 3779 1770 3851 οὐχὶ

201 3861 390 3919 οὑσίαν
417 3865 760 3939 οὑσιωμένην
788 3868 850 3922 ὲν
885 3865 1122 3940 σώματι.
1161 3887 1181 3922 ι

272 4085 381 4140 Kal
444 4087 570 4155 μεθ’
619 4086 794 4156 ἕτερα
817 4102 834 4119 ⁸
899 4104 920 4140 ι
983 4086 1122 4142 οὔτε
1155 4088 1214 4142 δὲ
1243 4087 1355 4144 τῶν
1413 4089 1775 4161 ἀνθρωπίνων

202 4178 634 4249 προηγουμένως
681 4179 874 4240 παθῶν
907 4178 1175 4251 ἀμέτοχος
1204 4176 1273 4249 ἦν
1301 4221 1317 4243 ,
1351 4182 1381 4236 ό
1417 4182 1658 4253 φορέσας
1678 4182 1776 4237 καὶ

202 4272 560 4339 ἐνδυσάμενος
599 4272 662 4327 τὸ
705 4272 1048 4345 ἀνθρώπινον
1083 4273 1216 4337 Θεός
1238 4291 1253 4307 ·
1302 4273 1428 4328 οὔτε
1464 4274 1577 4328 τῶν
1615 4275 1778 4329 θείων

204 4364 635 4435 προηγουμένως
672 4365 850 4437 ἔργων
891 4367 1120 4437 ἄμοιρον
1156 4366 1218 4419 τὸ
1258 4366 1599 4437 ἀνθρώπινον
1644 4368 1704 4421 ὲν
1731 4360 1776 4438 ᾧ

200 4452 289 4527 ἦν,
334 4457 430 4510 καὶ
471 4456 540 4511 δι’
593 4448 655 4511 οὗ
697 4457 870 4512 ταῦτα
911 4457 1109 4512 ἐποίει.
1166 4458 1443 4530 Ἑπλάσθη
1497 4477 1772 4531 προηγου-

207 4548 383 4619 μένως
425 4547 502 4609 ὡς
548 4547 834 4619 ἄνθρωπος
876 4549 936 4603 ὲν
975 4548 1211 4620 γαστρὶ,
1269 4550 1361 4602 καὶ
1403 4549 1547 4604 κατά
1588 4549 1775 4603 δεύτε-

208 4656 297 4707 ρον
326 4639 488 4708 λόγον
510 4638 644 4703 Θεδς
662 4634 730 4711 ἦν
755 4641 815 4695 ὲν
846 4641 1068 4713 γαστρὶ,
1101 4643 1540 4715 συνουσιωμένος
1568 4643 1648 4715 τῷ
1677 4645 1775 4699 ἀν-

205 4730 483 4806 θρωπίνῳ.
521 4750 542 4786 ι

253 4952 352 5008 Ἐκ
372 4953 493 5009 τῶν
520 4951 654 5019 περὶ
686 4948 876 5006 αὐτοῦ
903 4949 1338 5018 πεπραγμένων
1374 4950 1525 5017 πρὸς
1551 4951 1743 5007 αὑτὸν

501 5021 663 5092 παρὰ
689 5021 1065 5093 Μα-ὶχίωνος,
1095 5019 1469 5089 ἀντίρῤησις.

282 5176 301 5210 ι
337 5156 413 5210 Οὑ
445 5157 611 5212 πάλαι
652 5157 812 5212 τοῦτο
841 5156 1026 5225 ελεγον
1048 5197 1063 5223 ,
1088 5156 1172 5211 ὅτι
1202 5156 1262 5209 οὑ
1290 5154 1450 5219 δίδως
1476 5154 1777 5211 οὑσιῶσθαι

208 5251 266 5304 έν
309 5249 388 5322 τῷ
416 5251 519 5321 ὅλῳ
547 5252 759 5322 Σωτῆρι
803 5249 898 5305 τὸν
925 5249 1057 5304 Υίδν
1097 5249 1189 5304 τδν
1225 5250 1486 5321 μονογενῆ
1511 5291 1525 5316 ,
1552 5248 1644 5302 τὸν
1667 5248 1774 5319 πρὸ

209 5342 391 5415 πάσης
421 5340 649 5407 κτίσεως
677 5342 863 5407 άῖδίως
895 5340 1248 5413 ὑπάρχοντας
1292 5356 1310 5392 ι

280 5602 393 5677 (60)
415 5600 528 5657 Nos
549 5600 806 5667 dicimus,
836 5601 987 5677 quod
1027 5602 1194 5677 homo
1219 5599 1477 5677 exterior
1522 5609 1590 5677 ct_
1634 5599 1775 5653 inte-

209 5670 324 5733 rio‘r
357 5670 487 5729 sunt
512 5688 620 5727 una
642 5670 907 5742 persona:
944 5674 1026 5729 sic
1043 5673 1189 5727 Deus
1219 5670 1460 5742 Verbum
1491 5681 1548 5726 ct
1576 5670 1770 5742 huma-

210 5748 355 5874 εὖίιοῗ
386 5740 665 5871 θςδὲηηιιὰ
697 5751 827 5799 sunt
848 5760 954 5801 una
984 5758 1239 5816 persona,
1266 5740 1415 5813 quod
1452 5748 1616 5812 negat
1676 5740 1765 5794 hic

257 5833 323 5873 au
354 5831 430 5872 us.
521 5831 609 5873 AN.

1875 2714 2065 2762 scente
2088 2708 2209 2777 ipso
2230 2723 2261 2763 a
2285 2707 2579 2779 sapientia.
2617 2709 2732 2765 Hoc
2757 2718 2939 2765 autem
2965 2710 3159 2765 nolunt
3186 2709 3448 2766 catholici

1871 2806 1929 2854 et
1959 2799 2321 2856 ecclesiastici
2377 2816 2619 2857 canones
2640 2842 2655 2866 ,
2704 2800 2801 2856 sed
2847 2801 3031 2871 potius
3067 2801 3192 2856 illos
3220 2800 3444 2871 quidem

1871 2891 2231 2962 participasse
2257 2892 2585 2963 sapientiam
2613 2891 2752 2949 foris
2778 2892 3164 2963 inspirantem,
3190 2908 3313 2962 quae
3340 2890 3450 2946 alia

1872 2994 1959 3042 est
2010 2986 2155 3057 apud
2205 2986 2386 3057 ipsos;
2446 2986 2624 3058 ipsam
2675 3001 2809 3043 vero
2864 2986 3190 3058 sapientiam
3237 3001 3337 3057 per
3386 3000 3448 3041 se

1874 3078 2047 3150 ipsam
2079 3079 2519 3138 substantialiter
2548 3080 2606 3136 in
2640 3094 2847 3151 corpus
2873 3095 2939 3136 ex
2960 3079 3129 3136 Maria
3155 3079 3395 3137 venisse.
3420 3096 3441 3131 ι

1944 3279 2015 3334 Et
2039 3286 2156 3351 post
2185 3278 2340 3337 alia:
2374 3279 2496 3335 «Ac
2526 3278 2753 3344 dicunt,
2809 3293 2919 3332 non
2943 3292 3063 3334 esse
3101 3275 3241 3331 duos
3282 3275 3443 3331 ﬁlios.

1873 3368 1934 3426 Si
1966 3379 2150 3425 autem
2180 3369 2353 3425 Filius
2383 3378 2469 3425 est
2496 3369 2592 3425 Dei
2622 3368 2782 3425 Jesus
2796 3368 3070 3434 Christus,
3114 3367 3289 3423 Filius
3313 3380 3449 3421 vero

1872 3462 2038 3518 etiam
2075 3461 2386 3532 sapientia;
2434 3472 2492 3517 et
2534 3461 2685 3518 aliud
2738 3470 2821 3517 est
2859 3461 3160 3532 sapientia,
3208 3470 3266 3517 et
3296 3458 3446 3515 aliud

1869 3553 2033 3610 Jesus
2063 3554 2323 3611 Christus
2355 3571 2371 3609 :
2404 3554 2516 3611 duo
2546 3562 2676 3610 sunt
2712 3554 2830 3609 ﬁlii.
2869 3572 2889 3606 ι

1946 3666 2011 3723 Et
2030 3677 2209 3739 postea
2223 3684 2242 3723 :
2260 3686 2279 3720 ι
2301 3667 2720 3739 Copulationem
2741 3667 2850 3739 (61)
2869 3684 3001 3724 vero
3022 3683 3147 3724 cum
3168 3666 3444 3737 sapientia

1874 3761 2033 3816 aliter
2063 3760 2306 3832 intellige
2334 3760 2638 3816 secundum
2669 3760 3022 3831 disciplinam
3051 3768 3107 3816 et
3152 3760 3443 3830 participa-

1875 3852 2083 3908 tionem
2107 3871 2122 3921 ;
2163 3868 2275 3909 non
2308 3863 2493 3908 autem
2519 3853 2820 3910 secundum
2844 3853 3207 3909 substantiam
3241 3852 3297 3906 in
3322 3866 3445 3906 cor-

1801 3925 1847 3985 C
1881 3957 2011 4014 pore
2038 3942 2350 3997 formatam.
2382 3961 2402 3994 ι

1948 4052 2019 4109 Ει
2049 4062 2163 4125 post
2190 4052 2301 4108 alia
2330 4068 2349 4107 :
2388 4070 2407 4104 ι
2433 4051 2625 4123 Neque
2652 4053 2800 4109 Deus
2823 4093 2839 4120 ,
2891 4052 2985 4124 qui
3019 4066 3220 4123 corpus
3248 4050 3449 4105 huma-

1878 4162 2010 4202 num
2053 4145 2265 4202 ferebat
2307 4154 2363 4201 et
2396 4145 2695 4213 induerat,
2723 4146 3041 4218 passionum
3082 4146 3445 4200 humanarum

1878 4239 2258 4310 principaliter
2284 4254 2481 4310 expers
2506 4249 2625 4297 erat
2649 4256 2665 4307 ;
2700 4255 2883 4310 neque
2912 4255 3116 4309 corpus
3146 4239 3447 4293 humanum

1877 4328 2192 4385 divinorum
2223 4345 2454 4401 operum
2483 4330 2866 4402 principaliter
2900 4346 3101 4402 espers
3128 4339 3250 4386 erat
3296 4330 3351 4385 in
3380 4345 3451 4385 eo

1879 4420 1935 4474 in
1969 4436 2081 4491 quo
2105 4430 2245 4487 erat,
2269 4428 2327 4476 et
2354 4436 2453 4492 per
2480 4438 2645 4493 quem
2674 4422 2792 4478 haac
2816 4438 2982 4492 opera
3022 4422 3278 4477 faciebat.
3315 4421 3451 4475 For-

1878 4522 2059 4568 matus
2084 4522 2172 4569 est
2210 4514 2589 4584 principaliter
2616 4522 2678 4569 ut
2725 4515 2889 4569 homo
2922 4513 2977 4567 in
3005 4520 3239 4578 ventre;
3283 4519 3341 4566 et
3365 4525 3451 4565 se-

1879 4605 2284 4677 cundario(62)
2315 4606 2462 4661 Deus
2510 4616 2632 4662 erat
2674 4606 2732 4661 in
2787 4614 2979 4661 ventre
3016 4602 3451 4670 συνουσιωμένος

1876 4699 1956 4770 τῷ
1984 4697 2331 4771 ἀνθρωπίνῳ,
2354 4698 2411 4754 id
2440 4707 2547 4765 est,
2570 4699 2823 4770 copulata
2846 4696 3155 4754 substantia
3175 4697 3297 4769 ejus
3320 4710 3448 4751 cum

1879 4790 2122 4846 homine.
2149 4809 2168 4842 ι

1878 4926 2182 4999 Confutatio
2206 4942 2270 4981 ea:
2308 4927 2439 4981 actis
2480 4926 2930 5053 cgitmzfaulum
2956 4926 3381 4987 Samosatensem
3414 4942 3449 4980 a

2563 5018 2593 5052 a
2619 5017 2645 5052 c
2682 5015 2820 5053 mne.

2563 5015 2820 5053 atcmone.

1957 5154 1977 5188 ι
1999 5134 2193 5191 Nonne
2211 5144 2339 5190 ante
2363 5133 2635 5199 dicebam,
2666 5134 2812 5205 quod
2838 5149 2948 5188 non
2973 5129 3234 5189 concedis
3250 5129 3450 5185 Filium

1883 5228 2224 5299 unigenitum
2282 5227 2378 5298 qui
2425 5235 2511 5283 est
2556 5242 2626 5283 ex
2670 5227 2979 5283 aeternitate
3028 5234 3156 5281 ante
3227 5238 3448 5279 omnem

1879 5332 2187 5379 creaturam
2218 5362 2233 5387 ,
2275 5322 2329 5376 in
2380 5329 2496 5377 toto
2525 5321 2808 5377 Salvatore
2859 5318 3196 5373 οὑσιῶσθαιῖ
3244 5318 3298 5373 id
3340 5324 3445 5380 est,

1881 5417 2100 5472 unitum
2133 5429 2255 5471 esse
2278 5414 2581 5471 secundum
2618 5412 3022 5471 substantiam?
3052 5432 3068 5465 ι

1947 5598 2060 5669 (61)
2083 5594 2839 5669 Zuvdcpstav,humani_tatem
2875 5596 3060 5669 aiebat
3088 5595 3293 5669 Paulus
3327 5592 3445 5650 uni»

1877 5666 1986 5723 tam
2013 5666 2135 5723 esse
2160 5682 2285 5722 cum
2308 5666 2597 5736 sapientia.
2626 5666 2770 5723 sicut
2794 5667 3085 5736 disciplina
3112 5667 3302 5722 unitur
3320 5680 3446 5722 cum

1874 5736 2119 5790 discente
2149 5750 2242 5803 per
2274 5734 2772 5803 participationem.
2805 5734 2883 5791 lu.

1946 5750 2119 5819 mente
2149 5750 2242 5803 per
2274 5750 2772 5858 partu-Wauonem.
2805 5750 2883 5791 lu.

1946 5805 2057 5875 (62)
2090 5804 2414 5860 Secundarw
2496 5805 2600 5860 ατὰ
2628 5804 2882 5877 δευτερον
2908 5807 3087 5875 λόγον.
3120 5805 3267 5862 Tun.
