4032 6538
511 465 651 538 1395
1767 471 2078 536 LEONTII

2171 471 2490 538 ΥΖΛΝΤΙΝ
2497 474 2522 536 Ι
3621 465 3763 533 1396

507 602 903 688 (Omittimug
928 603 1250 688 sequentia
1286 605 1456 686 apud
1506 607 1828 688 Leontium
1863 606 2249 688 Nazianzeni
2268 649 2287 683 ,
2322 606 2594 688 Nysseni
2618 601 3035 688 ,‘4ihqtiqsif,
3086 564 3317 688 ζεινίΗὶ
3339 647 3356 674 ,
3401 596 3764 688 Ῑείὰονίᾳιιε

855 679 1186 748 Ρείιιῖςίοιω
1219 679 1597 759 testimonia,
1633 705 1766 768 qua
1795 687 1862 747 in
1893 704 2103 746 eorum
2143 679 2451 765 Operist
2483 704 2524 745 a
2549 681 2730 745 nobis
2762 681 2946 744 editis
2984 680 3108 761 legi
3142 679 3423 761 Qucum.)

504 799 689 864 Sancti
717 799 970 878 Ephrem
1001 821 1066 861 ea:
1089 803 1342 881 Quiationc
1383 808 1440 862 in
1487 807 1840 881 Margaritam
1892 817 2080 864 contra

2259 808 2368 864 Τοῦ
2417 808 2878 881 όσίουᾼᾼᾞερραιμ
2902 805 2988 881 ex
3025 805 3133 881 τοῦ
3159 806 3349 874 λόγου
3387 806 3496 862 τοῦ
3535 808 3626 875 είς
3654 807 3764 863 τὸν

1115 877 1458 934 Marcionem.
1608 876 1628 881 ⁷
2177 880 2550 951 μαργαρίτην
2563 879 2695 955 (62⁸)

2177 880 2550 951 μαργαρίτην
2563 879 2695 955 (62⁸)
2715 877 2864 932 κατὰ
2893 876 3263 946 Μαρκίωνος.

575 986 746 1055 «Quae
791 986 950 1044 vides
976 993 1034 1044 et
1061 994 1349 1053 attrectas,
1389 982 1501 1043 sint
1531 987 1632 1043 tibi
1676 985 2074 1054 testimonium,

2257 1008 2279 1042 ι
2313 989 2382 1043 Ἀ
2415 987 2637 1060 βλέπεις
2658 985 2754 1041 καὶ
2777 984 3052 1058 ψηλαφᾷς.
3087 985 3332 1055 γενέσθω
3365 997 3449 1041 σοι
3482 987 3763 1060 μαρτυρία

500 1081 701 1133 natura
730 1077 946 1134 scilicet
968 1091 1133 1149 quam
1160 1078 1344 1134 nescis
1364 1078 1664 1148 explicare,
1717 1078 1865 1150 quod
1905 1074 2077 1134 Filius

2181 1079 2428 1152 ἡφύσις,
2481 1080 2550 1152 ἢν
2601 1080 2779 1134 εἰπεῖν
2801 1079 2905 1134 οὐκ
2960 1079 3275 1144 ἐπίστασαι,
3319 1081 3402 1135 ὅτι
3451 1081 3581 1144 Υἱὸς
3629 1080 3761 1138 ἇνεν

501 1168 624 1225 sine
662 1169 874 1225 semine
912 1169 1180 1233 nascitur,
1203 1181 1262 1226 et
1320 1170 1433 1226 duo
1458 1171 1737 1228 contraria
1771 1172 2076 1228 secundum

2183 1172 2393 1243 σπορᾶς
2422 1169 2632 1240 γίνεται
2657 1209 2675 1234 ,
2707 1169 2922 1226 καὶδύο
2951 1169 3254 1224 ὑπεναντία
3292 1171 3572 1236 οὑσιωδῶς
3610 1170 3757 1243 ὠμο-

502 1260 869 1316 substantiam
917 1262 1310 1333 conspirarunt
1386 1269 1611 1319 ostensa
1674 1263 1957 1336 hypostasi
2019 1266 2075 1320 in

2179 1263 2404 1336 νόησαν,
2446 1263 2548 1334 τῆς
2579 1262 2936 1327 ὑποστάσεως
2975 1259 3337 1335 δεικνυμὲνης
3385 1263 3483 1317 ἐπὶ
3521 1263 3759 1334 ἑκάστης

501 1364 830 1423 unaquaque
862 1359 1080 1407 natura.
1097 1371 1116 1404 t

885 1359 1080 1407 latura.
1097 1371 1116 1404 ι
2183 1355 2423 1428 φύσεως.
2459 1374 2477 1408 ι

548 1485 825 1561 _Arbitror
857 1502 956 1558 per
979 1487 1160 1542 omnia
1197 1487 1635 1545 demonstratum
1681 1501 1824 1554 esse,
1852 1491 2071 1563 opinio-

2247 1486 2416 1562 Οἶμαι
2441 1489 2532 1545 διὰ
2565 1489 2784 1544 πάντων
2820 1486 3196 1560 ἀποδεδεῖχθαι
3227 1486 3328 1560 τὴν
3357 1485 3638 1560 Θεοδώρου
3668 1487 3762 1542 καὶ

500 1590 628 1635 nem
670 1573 944 1634 Theodori
996 1588 1054 1635 et
1083 1587 1419 1636 sectatorum
1476 1583 1597 1653 ejus
1649 1585 1901 1639 eamdem
1953 1600 2076 1641 esse

2181 1587 2291 1643 τῶν
2332 1588 2473 1657 ἀμφ’
2502 1586 2665 1642 αὐτὸν
2703 1585 2840 1657 πρός
2868 1603 2930 1640 τε
2967 1586 3062 1641 τὸν
3101 1585 3426 1657 Σαμοσατέα
3451 1585 3759 1657 ὁμοδοξίαν,

502 1685 625 1741 quae
653 1670 806 1727 Pauli
835 1668 1270 1740 Samosatensis;
1295 1681 1351 1728 et
1375 1689 1406 1728 a
1437 1675 1646 1730 sanctis
1679 1675 1938 1731 Patribus
1966 1675 2078 1732 dil-

2184 1679 2445 1752 καὶπρὸς
2474 1679 2604 1744 τοὺς
2651 1677 2842 1748 ἁγίους
2877 1677 3130 1750 Πατέρας
3159 1677 3412 1733 ἐναντίαν
3444 1677 3540 1730 καὶ
3569 1677 3758 1747 διάφο-

501 1761 650 1818 ferre
675 1802 691 1828 ,
726 1759 917 1833 eisque
956 1763 1263 1820 adversari.
1313 1765 1561 1822 Pendeat
1596 1781 1666 1823 ex
1693 1775 1968 1838 potestate
2000 1769 2080 1824 le-

2184 1787 2280 1842 pov
2323 1768 2575 1844 γνώμην.
2605 1768 2720 1842 Τῆς
2767 1768 2825 1823 δὲ
2865 1769 2976 1824 τῶν
3010 1768 3459 1840 ἐντυγχανόντων
3499 1768 3762 1841 ὴρτήσθω

500 1853 748 1923 gentium
781 1855 1066 1912 adhaerere
1102 1856 1348 1924 veritati,
1399 1866 1457 1915 et
1488 1857 1621 1916 dare
1659 1859 1812 1926 huic,
1846 1867 1909 1914 ut
1937 1859 2078 1916 ferat

2181 1861 2433 1928 ἐξουσίας
2491 1864 2560 1934 τῇ
2613 1879 2675 1915 τε
2727 1857 2962 1933 ἀληθείᾳ
3011 1855 3372 1932 προσθέσθαι,
3430 1860 3529 1914 καὶ
3577 1857 3761 1913 δοῦναι

501 1946 788 2018 praemium
818 1945 1086 2007 victoriae.

2179 1952 2359 2028 ταύτῃ
2382 1951 2527 2010 κατὰ
2549 1953 2611 2008 τὸ
2643 1951 2840 2024 ψεῦδος
2867 1950 3012 2023 ἔχειν
3037 1951 3104 2004 τὰ
3125 1949 3440 2022 νικητήρια.

568 2102 702 2177 (62⁸)
722 2099 1005 2158 Sermonis
1037 2101 1203 2176 hujus
1224 2103 1332 2160 alia
1359 2103 1472 2162 duo
1508 2105 1711 2164 Graeca
1748 2105 2052 2180 fragmenta
2082 2123 2148 2166 os
2177 2107 2432 2166 dedimus
2459 2105 2654 2180 Script.
2680 2115 2784 2164 vet.
2813 2115 2855 2163 t.
2887 2105 3000 2172 ιιι,
3035 2120 3094 2176 p.
3129 2103 3200 2161 28
3236 2112 3296 2162 et
3323 2105 3444 2161 15L

597 2486 1172 2582 MONITUM
1247 2492 1375 2582 IN
1447 2494 2152 2588 TRACT‘ATUM
2238 2493 2715 2590 CONTRA
2787 2488 3664 2586 NESTOBIANOS

1298 2683 1454 2754 (Anc.
1482 2686 1588 2746 lin
1611 2686 1807 2758 Script.
1843 2685 1993 2744 Veter
2024 2688 2178 2748 Nova
2212 2687 2484 2755 Collectio,
2519 2696 2560 2744 t.
2599 2687 2692 2748 lx.
2726 2703 2781 2759 p.
2812 2687 2955 2758 xui.)

573 2996 836 3060 Leontius
860 2997 1038 3076 patria
1065 2995 1416 3075 Byzantinus,
1445 2997 1686 3059 incolatu
1718 3007 1904 3058 autem
1941 2997 2491 3073 Hierosolymitanus,
2519 2999 2726 3072 quippe
2757 2998 2816 3056 in
2847 2998 3004 3055 laura
3026 2995 3086 3055 S.
3120 2995 3278 3055 Saba:
3307 3009 3480 3068 prope
3508 3005 3763 3053 sanetam

507 3085 700 3148 urbem
730 3091 1117 3148 monachatum
1145 3089 1444 3162 professus,
1469 3090 1750 3162 ingenium
1782 3105 1966 3157 suum,
1994 3103 2104 3162 quo
2128 3089 2367 3162 pollebat
2402 3088 2665 3159 plurimo,
2697 3096 2891 3143 contra
2923 3086 3228 3157 praesertim
3265 3084 3672 3157 Mouophysitas
3698 3101 3768 3140 ac

505 3171 881 3240 Nestorianos,
913 3175 1052 3232 duas
1093 3173 1383 3230 contrariae
1427 3173 1713 3230 sententiae
1758 3181 1954 3240 sectas,
1989 3173 2087 3231 diu
2135 3176 2383 3232 exercuit
2431 3175 2633 3232 saeculo
2675 3173 2880 3231 Christi
2925 3174 3214 3230 desinente
3261 3183 3436 3240 sexto,
3469 3172 3627 3242 cujus
3660 3170 3769 3226 zcll

507 3271 673 3334 atque
695 3262 906 3319 laboris
928 3271 1096 3319 testes
1123 3269 1340 3318 exstant
1367 3261 1634 3317 nonnulla
1662 3262 1924 3331 opuscula
1949 3261 2004 3318 in
2038 3263 2283 3335 antiquis
2301 3264 2506 3322 Canisii
2535 3264 2870 3321 lectionibus
2899 3263 3084 3329 obvia,
3112 3279 3234 3336 quae
3259 3263 3314 3318 in
3337 3262 3611 3320 Gallandii
3637 3277 3771 3317 mox

507 3351 842 3407 bibliotheca
871 3360 911 3407 t.
946 3348 1064 3417 XII,
1091 3351 1369 3405 cumulata
1395 3349 1638 3405 fuerunt.
1683 3347 1798 3421 Ego
1832 3366 1967 3407 vero
2005 3351 2163 3409 libris
2191 3351 2545 3409 orientalium
2584 3353 2956 3408 Ecclesiarum
2993 3351 3391 3422 cognoscendis
3417 3349 3628 3421 jamdiu
3662 3350 3769 3404 ad-

509 3439 713 3506 dictus,
751 3439 986 3510 ideoque
1012 3438 1316 3503 erroribus,
1349 3438 1444 3508 qui
1471 3438 1540 3493 ab
1569 3437 1812 3508 antiquis
1837 3439 2078 3509 ipsarum
2109 3440 2433 3497 doctoribus
2455 3440 2644 3496 dictati
2677 3447 2824 3501 sunt,
2855 3440 3120 3510 peculiari
3154 3438 3338 3494 studio
3382 3437 3644 3493 eruendis
3677 3437 3770 3491 in-

511 3533 718 3594 tentus,
753 3526 1044 3582 Leontium
1071 3539 1451 3597 saepenumero
1479 3524 1675 3581 ducem
1705 3525 1972 3596 optimum
1998 3536 2263 3600 eXpertus
2289 3545 2443 3597 sum;
2468 3530 2628 3602 cujus
2661 3543 2811 3584 nunc
2841 3535 3133 3584 tractatum
3165 3527 3411 3583 nondum
3441 3527 3567 3582 luce
3592 3525 3769 3580 dona-

514 3623 628 3672 tum
659 3624 851 3672 contra
877 3614 1252 3679 Nestorianos,
1274 3613 1560 3684 copiosum
1589 3622 1754 3685 atque
1779 3616 2129 3685 praeclarum,
2149 3635 2252 3675 nec
2279 3629 2390 3674 tam
2417 3619 2594 3675 aliena
2620 3619 2953 3674 auctoritate
2978 3625 3339 3688 pugnantem,
3361 3631 3525 3686 quam
3551 3616 3768 3686 proprii

510 3702 787 3761 ratiocinii
814 3705 1070 3760 acumine
1121 3704 1560 3767 eonvinccntem,
1596 3703 1652 3759 in
1685 3706 1942 3775 praesenti
1986 3707 2264 3764 volumine
2308 3703 2640 3779 vulgandum
2686 3705 2925 3776 suscepi.
2967 3704 3174 3774 Nempe
3216 3704 3324 3759 hoc
3359 3719 3500 3774 opus
3533 3704 3588 3758 in
3639 3713 3770 3758 octo

513 3788 835 3849 distinctum
875 3789 1047 3849 libros
1083 3793 1418 3864 (quanquam
1459 3793 1685 3848 ultimus
1730 3793 1907 3862 deest)
1946 3803 2172 3852 cunctas
2212 3795 2664 3852 Nestorianorum
2711 3795 2978 3850 adversus
3003 3791 3336 3849 catholicum
3381 3791 3578 3863 dogma
3615 3790 3772 3860 obje-

513 3874 726 3934 ctioncs
753 3873 1098 3948 complexum
1125 3887 1230 3941 est,
1257 3894 1380 3933 cum
1414 3877 1635 3935 invictis
1673 3875 1890 3936 Leontii
1919 3884 2095 3939 nostri
2125 3883 2572 3940 refutationibus.
2606 3883 2800 3954 Agitur
2851 3880 2998 3937 enim
3037 3896 3137 3951 per
3181 3879 3676 3936 contradictionem
3711 3885 3770 3932 et

514 3963 832 4037 Apologiam
857 3966 912 4020 in
937 3982 953 4020 ι
988 3966 1150 4033 libro,
1185 3965 1261 4020 De
1288 3965 1656 4036 coniunctione
1679 3968 1869 4024 divina
1914 3966 2066 4025 Verbi
2089 3981 2298 4028 natura:
2326 3990 2445 4027 cum
2483 3974 2752 4035 humana;
2786 3969 2842 4024 in
2869 3986 2927 4035 ιι,
2965 3969 3042 4023 De
3069 3968 3228 4022 unica
3277 3966 3474 4022 Christi
3499 3983 3771 4036 persona;

517 4055 572 4109 In
602 4068 679 4119 ιιι,
714 4052 792 4108 De
815 4053 969 4109 unico
995 4049 1129 4109 Filio
1168 4049 1409 4121 Christo;
1440 4054 1494 4108 in
1525 4071 1598 4121 Iv,
1631 4055 1707 4110 De
1733 4056 1941 4126 Virgine
1972 4059 2226 4130 deipara;
2260 4059 2315 4114 in
2352 4075 2407 4125 v,
2433 4059 2510 4114 De
2538 4057 2745 4115 Christo
2771 4057 2878 4111 Deo
2910 4064 2959 4109 et
2993 4055 3240 4119 homine;
3267 4053 3321 4107 in
3347 4065 3422 4116 vt,
3453 4051 3530 4105 De
3560 4050 3772 4107 Christo

517 4156 624 4196 non
647 4143 854 4197 homine
884 4144 1165 4214 theophoro
1197 4144 1286 4197 sed
1323 4145 1615 4198 humanato
1643 4143 1789 4210 Deo;
1817 4145 1872 4199 in
1894 4159 1988 4210 vn,
2032 4143 2104 4200 De
2134 4147 2229 4202 illo
2252 4148 2389 4202 dicto
2411 4164 2430 4203 :
2463 4167 2482 4200 (
2522 4147 2664 4203 Unus
2698 4146 2762 4200 de
2783 4143 2841 4201 S.
2877 4143 3134 4198 Trinitate
3162 4157 3348 4213 passus
3373 4141 3527 4195 estin
3550 4155 3765 4194 carne.»

518 4226 580 4284 ῐιι
607 4240 720 4291 ινιιι,
747 4230 861 4300 qui,
889 4238 948 4284 ut
982 4231 1116 4295 dixi,
1140 4230 1502 4296 desideratur,
1524 4231 1978 4286 Nestorianorum
2005 4233 2259 4304 impietas
2283 4234 2680 4305 coarguebatur
2707 4231 3103 4304 hypostaticam
3131 4229 3393 4284 unionem
3426 4227 3771 4296 negantium.

521 4318 657 4372 alias
677 4331 810 4374 vero
840 4319 1028 4374 nescio
1055 4333 1191 4388 quas
1216 4317 1361 4374 haud
1393 4334 1586 4389 reapse
1611 4319 1846 4376 uniones
1889 4321 2448 4384 comminiscentium,
2475 4327 2608 4390 puta
2641 4318 2901 4383 honoris,
2941 4316 3356 4379 dominationis,
3389 4314 3641 4377 aﬂ‘ectus,
3667 4313 3775 4368 ha-

523 4403 809 4460 bitationis
830 4444 844 4470 ,
871 4405 1173 4476 quamlibet
1205 4407 1418 4462 scilicet
1469 4408 1914 4476 eonjunctionem
1959 4410 2246 4473 moralem,
2278 4425 2388 4464 non
2439 4406 2838 4479 hypostaticam
2878 4415 2936 4462 et
2965 4404 3295 4459 naturalem.
3350 4401 3478 4457 Hzec
3506 4401 3656 4456 enim
3685 4411 3778 4456 est

522 4488 834 4548 Nestorium
865 4494 1071 4548 erroris
1095 4508 1328 4555 summa,
1361 4493 1477 4548 haec
1508 4493 1783 4550 virulenta
1811 4495 1894 4550 vis
1934 4495 2210 4554 haereseos
2244 4511 2354 4566 qua
2388 4495 2576 4551 divina
2608 4493 2915 4562 incarnatio
2941 4491 3352 4562 pessumdatur,
3387 4488 3644 4544 Christus
3674 4505 3773 4543 rc-

525 4592 655 4636 vera
682 4581 887 4636 deitate
918 4581 1187 4652 dijicitur,
1211 4580 1355 4636 etde
1382 4580 1697 4638 beatissima
1730 4583 1898 4638 Maria
1923 4584 2095 4640 Deum
2121 4599 2242 4640 esse
2265 4593 2455 4638 natum
2484 4588 2736 4654 negatur.
2770 4581 3038 4650 Namque,
3070 4577 3402 4633 utobservat
3427 4574 3780 4632 Justinianus

528 4667 662 4737 imp.
702 4668 756 4722 in
788 4667 1097 4739 theologica
1137 4667 1371 4738 epistola
1406 4667 1571 4739 (apud
1605 4683 1706 4724 nos
1736 4675 1777 4724 t.
1817 4669 1928 4737 Vll,
1961 4687 2014 4735 ι).
2055 4671 2120 4727 29

2191 4711 2206 4736 ,
2239 4670 2444 4741 impius
2484 4666 2775 4725 Nestorius
2821 4667 3006 4722 aiebat
3036 4681 3050 4718 :
3078 4663 3328 4734 Οὑδαμοῦ
3374 4663 3555 4716 τοίνυν
3584 4665 3618 4734 ἡ
3652 4662 3777 4717 Θεία

527 4754 718 4825 Γραφὴ
751 4754 883 4808 Θεὸν
911 4756 976 4810 ἐκ
1013 4756 1112 4826 τῆς
1137 4754 1507 4824 Χριστοτόκου
1537 4756 1808 4827 παρθένου
1831 4758 1982 4830 λέγει
2019 4776 2119 4830 γεγ

2183 4758 2400 4830 νῆσθαι.
2426 4757 2566 4813 Tum
2597 4766 2885 4828 postquam
2917 4754 3149 4819 dixerat,
3174 4751 3346 4806 sacris
3368 4750 3554 4805 verbis
3586 4759 3775 4817 utens,

528 4836 749 4913 Moysen
812 4841 1112 4897 Pharaonis
1170 4841 1383 4905 Deum,
1443 4841 1699 4898 lsraélem
1747 4843 1843 4900 Dei
1902 4846 2074 4900 lilium
2103 4885 2120 4910 ,
2163 4848 2385 4904 Saulem
2433 4856 2492 4903 et
2545 4845 2752 4918 Cyrum
2815 4842 3097 4906 Christos,
3158 4840 3239 4894 sic
3297 4838 3570 4894 horrende
3628 4839 3779 4894 blas-

527 4930 798 5002 phemans
835 4928 1196 4986 concludebat
1231 4945 1246 4983 :
1295 4924 1455 4983 Οὕτω
1505 4929 1735 5003 λέγομεν
1769 4932 1865 4986 καὶ
1905 4932 1998 4988 τὸν
2023 4936 2119 4989 Aea

2185 4935 2303 5005 ετην
2339 4933 2599 5004 Χριστὸν,
2639 4931 2740 4987 καὶ
2776 4930 2933 4997 Θεὸν,
2981 4927 3078 4982 καὶ
3129 4927 3288 4991 Υίὸν,
3321 4925 3418 4979 καὶ⁸
3457 4924 3636 4994 ἆγιον,
3683 4926 3777 4980 καὶ

527 5017 788 5088 Χριστόν.

603 5102 744 5159 Sane
779 5103 1042 5160 intererat
1071 5102 1235 5170 scire,
1273 5120 1342 5160 ex
1362 5103 1692 5176 quibusnam
1721 5109 2046 5164 nominatim
2079 5117 2243 5166 sectae
2283 5109 2573 5180 discipulis
2596 5117 2692 5164 aut
2723 5105 3068 5171 doctoribus,
3105 5114 3187 5162 tot
3218 5103 3559 5176 objectiones
3596 5101 3779 5156 Leon.

531 5191 646 5246 tius
673 5191 958 5258 hauserit;
985 5192 1081 5248 sed
1115 5195 1244 5264 quia
1273 5191 1321 5249 is
1341 5194 1565 5250 nomina
1595 5195 1810 5258 reticet,
1843 5197 2195 5268 cogitandum
2231 5207 2317 5255 est
2349 5199 2418 5256 de
2455 5197 2711 5268 plurimis
2747 5197 2858 5253 illis
2895 5195 3350 5252 Nestorianorum
3385 5191 3778 5262 scriptoribus,

533 5287 800 5350 quantum
830 5287 963 5336 aetas
987 5281 1212 5351 patitur,
1244 5297 1385 5351 quos
1413 5291 1664 5338 recenset
1699 5283 1754 5338 in
1776 5283 2032 5356 Catalogo
2059 5285 2353 5342 Chaldaeus
2385 5286 2693 5341 Ebediesus
2720 5299 2751 5340 a
2788 5300 2909 5356 cap.
2945 5285 3014 5341 59
3043 5291 3098 5340 et
3140 5283 3422 5351 deinceps,
3449 5294 3577 5335 cum
3609 5278 3782 5333 Asse-

533 5367 683 5422 mani
709 5367 1012 5437 appendice
1035 5410 1051 5435 ,
1083 5368 1138 5422 in
1167 5385 1276 5440 quo
1309 5369 1689 5441 copiosissimo
1722 5387 1954 5427 numero
1977 5382 2301 5430 tractatores
2333 5373 2535 5444 passim
2565 5380 2888 5438 occurrunt,
2920 5370 3014 5441 qui
3050 5369 3432 5426 Nestorianum
3473 5365 3670 5434 dogma
3708 5361 3782 5418 de

533 5457 732 5512 morali
767 5456 968 5512 unione
991 5457 1304 5529 duplicique
1342 5475 1579 5530 persona
1608 5471 1978 5532 propugnant.
2007 5462 2076 5516 Et
2096 5461 2341 5532 quidem,
2375 5476 2444 5515 ne
2482 5461 2624 5516 forte
2654 5459 2922 5515 miremur
2948 5466 3154 5513 tantam
3179 5457 3236 5511 in
3265 5450 3661 5512 semibarbaris
3687 5465 3783 5504 ar-

535 5551 922 5619 gumentorum
951 5547 1335 5613 subtilitatem,
1363 5549 1830 5620 deprehendimus
1854 5551 1906 5604 in
1947 5549 2096 5606 dicto
2139 5549 2385 5620 catalogo
2415 5549 2623 5620 logicos
2652 5557 2915 5604 tractatus
2943 5547 3146 5612 varios,
3180 5553 3236 5599 et
3283 5540 3634 5598 aristotelicaa
3660 5539 3784 5592 dia-

535 5634 744 5692 lecticae
771 5635 1270 5706 interpretationes.
1297 5637 1394 5693 Est
1420 5648 1603 5692 autem
1635 5637 1704 5692 de
1736 5638 1920 5693 Persis
1951 5637 2278 5692 nominatim
2322 5637 2477 5692 locus
2505 5636 2736 5707 insignis
2779 5633 3186 5706 chronographi
3222 5630 3443 5702 Georgii
3483 5626 3784 5683 hamartoli

523 5724 683 5792 ‘apud
716 5740 834 5788 nos,
858 5740 912 5795 p.
941 5725 1045 5781 3'15
1079 5743 1092 5779 :
1120 5743 1139 5776 ι
1169 5725 1343 5780 Aiunt
1377 5725 1524 5796 ipsos
1553 5735 1711 5781 acute
1744 5726 2054 5796 intelligere
2078 5739 2396 5781 sermonum
2427 5739 2602 5778 nexus
2632 5730 2688 5777 et
2716 5721 2962 5778 fallacias
2992 5731 3048 5777 et
3079 5720 3361 5776 involucra
3383 5735 3397 5785 ;
3419 5725 3476 5772 et
3514 5713 3783 5769 brevibus

539 5810 703 5870 dictis
725 5829 820 5872 eos
850 5815 1070 5886 quicum
1100 5813 1400 5884 loquuntur
1430 5815 1792 5880 convincere;
1822 5815 2026 5872 ctenim
2063 5825 2118 5871 et
2141 5812 2437 5889 syllogismi
2465 5822 2640 5867 artem
2673 5817 2920 5882 apprime
2952 5811 3152 5867 callere
3175 5809 3455 5872 dicuntur,
3489 5811 3544 5860 et
3572 5803 3785 5858 alienas
