3916 6588
159 472 340 541 1397
1194 481 1591 545 ADVERSUS
1628 478 2175 542 NESTORIANOS.
2205 504 2274 515 -·-·
2301 480 2448 541 LIB.
2492 480 2542 540 Ι.
3329 478 3467 546 1398

152 589 551 659 objectiones
590 588 750 646 facile
785 590 1021 657 solvere,
1046 600 1103 648 et
1126 594 1434 662 proverbiis
1464 594 1567 657 uti,
1598 608 1662 647 ac
1688 590 2112 660 sapientissimis
2140 590 2546 667 aenigmatibus,
2574 602 2889 659 quanquam
2935 601 3129 659 reapse
3157 586 3323 644 nullis
3353 587 3471 657 phi-

152 674 512 745 losophicis
540 685 637 732 aut
667 677 960 733 rhetoricis
993 679 1249 734 innutriti
1284 680 1492 735 fuerint
1516 678 1806 743 doctrinis,
1839 678 1937 733 sed
1968 680 2141 735 solam
2175 681 2417 736 habeant
2444 686 2701 732 naturam
2738 674 3074 747 magistram.
3095 674 3258 731 Indos
3287 684 3471 729 autem

158 765 388 820 multo
407 764 588 821 adhuc
611 767 977 837 sapientiores
1003 777 1060 823 et
1084 770 1297 825 acriore
1323 769 1582 840 praeditos
1607 768 1829 839 ingenio
1860 768 2036 822 aiunt.
2066 765 2210 834 Quin
2247 766 2385 823 adeo
2420 763 2712 836 propinqui
2753 764 2927 818 nostri
2976 763 3241 819 nomades
3270 763 3473 817 lsmae—

158 852 334 915 litae,
377 852 550 907 multa
592 851 799 924 ingenii
833 855 1149 925 sagacitate,
1189 856 1665 929 iutelligentiaque
1687 866 1744 913 et
1780 856 2001 911 solertia
2039 864 2332 920 ornantur,
2377 862 2726 922 mentemque
2769 860 2985 906 acutam
3024 861 3081 906 et
3114 850 3471 906 calliditatem

161 939 418 995 habent
444 941 511 995 ad
558 941 989 1013 diguoscendam
1023 943 1369 1014 potissimum
1411 946 1726 1010 veritatem,
1760 942 2052 998 falsitatem
2094 942 2518 1013 coarguendam,
2564 949 2621 994 et
2662 955 2693 994 a
2733 936 2962 994 meliore
3001 939 3248 994 deterius
3270 937 3471 992 distin-

158 1029 515 1100 guendum.
556 1051 573 1084 ›
611 1032 718 1088 Sed
754 1043 811 1090 et
840 1034 1042 1091 Graacce
1078 1038 1278 1106 linguae
1301 1037 1613 1093 Nestoriani
1649 1034 1805 1091 multi
1846 1033 2001 1090 fuere
2034 1041 2291 1089 auctores
2322 1050 2335 1086 :
2372 1042 2458 1087 est
2494 1030 2643 1087 enim
2670 1031 3033 1099 exploratum,
3065 1027 3473 1083 Orientale3~ex

160 1118 414 1174 Graecis
444 1120 672 1177 urbibus
706 1138 952 1179 errorem
984 1141 1143 1180 suum
1177 1127 1232 1181 in
1267 1126 1500 1197 patriam
1538 1122 1966 1196 comportavisse
2010 1138 2023 1174 :
2058 1137 2128 1177 ex
2162 1135 2274 1192 quo
2300 1119 2448 1174 enim
2489 1117 2544 1172 in
2576 1116 2815 1173 concilio
2846 1115 3128 1186 Ephesino
3173 1115 3469 1197 discidium

165 1202 416 1258 accidit
442 1203 804 1261 Orientalium
833 1209 1217 1278 episcoporum
1248 1193 1445 1265 .l‘oanni
1472 1193 1820 1267 Antioc—heno
1838 1221 2028 1268 contra
2059 1218 2309 1267 sanctum
2335 1209 2601 1281 Cyrillum
2633 1207 2958 1271 faventium,
2993 1204 3236 1260 indidem
3261 1193 3473 1259 seilicet

166 1291 391 1359 prima
412 1292 703 1363 veriorque
742 1295 1161 1352 Nestorianismi
1197 1298 1341 1367 apud
1366 1297 1674 1352 Orientales
1701 1300 1853 1371 origo
1887 1298 2183 1370 repetenda
2209 1306 2313 1353 est.
2346 1296 2570 1352 Scilicet
2612 1296 2743 1350 dum
2767 1293 3081 1348 Nestoriani
3114 1308 3222 1346 non
3251 1292 3473 1346 obtem-

169 1386 413 1445 veram
451 1378 743 1447 Ephesium
783 1381 1016 1452 synodo,
1039 1392 1097 1437 et
1122 1385 1285 1453 paulo
1315 1395 1440 1454 post
1469 1386 1798 1459 Eutychiani
1833 1401 1929 1442 seu
1967 1384 2359 1455 Monophysitaa
2403 1383 2663 1453 rejiciunt
2691 1397 2755 1436 ac
2784 1381 3131 1436 detestantur
3166 1376 3473 1433 Chalcedo-

171 1478 462 1527 nensem,
495 1464 617 1519 duae
649 1470 945 1523 teterrimae
969 1470 1207 1525 haereses
1229 1472 1443 1527 radices
1476 1489 1602 1528 suas
1629 1474 1793 1530 altius
1808 1483 2039 1545 egerunt
2069 1480 2355 1541 totumque
2379 1469 2662 1526 Orientem
2691 1469 2757 1523 ad
2788 1469 2931 1522 banc
2963 1483 3137 1537 usque
3167 1466 3313 1520 diem
3348 1479 3475 1518 con-

170 1551 576 1607 taminarunt.
605 1553 758 1607 Adeo
798 1554 1070 1610 dissidere
1110 1558 1179 1611 ab
1221 1558 1463 1613 Ecclesia
1508 1560 1803 1616 exitiosum
1844 1562 1960 1616 est!
1998 1559 2122 1615 Scio
2152 1558 2431 1629 equidem,
2467 1559 2612 1612 inter
2657 1558 2927 1612 haereseos
2960 1554 3302 1625 primipilos,
3346 1567 3473 1605 san-

168 1644 461 1706 ctosque,
489 1646 550 1691 ut
576 1640 763 1695 miseri
792 1639 1034 1697 Chaldaei
1063 1655 1279 1707 vocant,
1318 1644 1574 1701 doctores
1604 1645 1886 1703 numerari
1907 1645 2246 1717 antiquiores
2264 1646 2521 1700 homines
2546 1645 2841 1698 Diodorum
2869 1642 3201 1701 Tarsensem
3217 1647 3272 1692 et
3298 1637 3473 1693 Theo-

170 1723 409 1779 dorum
462 1725 943 1796 Mopsuestenum,
990 1743 1229 1797 quorum
1271 1746 1395 1785 cum
1438 1732 1694 1789 Nestorio
1729 1735 2004 1790 celebrem
2048 1735 2104 1789 in
2142 1733 2367 1789 menmis
2410 1743 2575 1802 atque
2620 1731 2840 1801 liturgia
2888 1726 3470 1784 commemorationem

174 1809 525 1883 festumque
560 1823 758 1885 agunt;
786 1824 1166 1870 verumtamen
1198 1817 1471 1874 Diodorus
1496 1819 1719 1889 quidem
1751 1821 1806 1876 in
1843 1821 2101 1877 Ecclesia:
2129 1837 2264 1892 pace
2305 1831 2557 1876 mortuus
2586 1828 2704 1884 est;
2735 1834 2905 1889 quare
2942 1817 3109 1886 hujus
3139 1814 3471 1870 damnantur

174 1900 418 1969 scripta
443 1917 473 1954 a
502 1900 823 1967 Catholicis,
857 1918 967 1956 non
1004 1918 1238 1973 persona
1278 1922 1291 1958 :
1329 1905 1659 1961 Theodorus
1686 1922 1842 1976 :eque
1881 1918 2247 1979 praamortuus
2285 1917 2408 1963 erat
2451 1907 2790 1963 damnationi
2827 1904 3066 1960 Nestorii
3107 1912 3163 1959 et
3191 1902 3471 1973 Ephesino

176 1987 469 2043 concilio.
513 1990 769 2043 Attamen
798 2004 866 2043 ex
900 2005 967 2044 eo
997 1990 1215 2045 discidii
1259 2001 1526 2063 tempore,
1566 1994 1756 2049 schola
1792 1993 2089 2059 Edessena,
2122 1996 2217 2051 ubi
2254 2006 2489 2065 utraque
2529 1995 2735 2065 lingua,
2777 1994 2964 2048 Graeca
2994 1991 3205 2047 scilicet
3241 1999 3299 2045 et
3331 1989 3469 2043 Ara-

180 2090 367 2139 maea,
398 2075 745 2144 audiebatur,
768 2077 1094 2133 Nestoriano
1113 2081 1389 2151 contagio,
1410 2081 1557 2151 quod
1590 2081 1685 2137 diu
1720 2081 1967 2147 retinuit,
1992 2082 2192 2139 infecta
2214 2090 2320 2147 est,
2356 2090 2415 2137 ut
2446 2091 2674 2137 narrant
2700 2079 3026 2135 Theodorus
3045 2079 3243 2133 Lector
3264 2076 3469 2144 aliique

183 2172 467 2217 auctores
498 2164 642 2233 apud
673 2165 1055 2231 Assemanum,
1087 2167 1228 2221 Bibl.
1262 2167 1377 2232 0r.,
1415 2178 1453 2225 t.
1485 2170 1553 2225 lll
1584 2178 1729 2241 part.
1753 2186 1813 2233 ll,
1852 2187 1906 2241 p.
1932 2172 2057 2239 9‘26,
2085 2173 2372 2229 conversis
2403 2172 2479 2226 ibi
2516 2172 2571 2225 in
2611 2170 2968 2225 vernaculum
3010 2166 3213 2222 idioma
3242 2162 3468 2219 Diodori

187 2262 380 2322 atque
416 2251 694 2308 Theodori
726 2256 914 2310 multis
950 2256 1130 2321 libris,
1157 2257 1339 2313 donec
1374 2259 1495 2329 ejus
1533 2271 1810 2331 corrupta
1848 2263 2051 2319 schola
2090 2264 2351 2333 parietes,
2393 2263 2614 2317 Zenone
2650 2261 2781 2330 imp.
2814 2258 3079 2330 jubente,
3111 2254 3281 2310 diruti
3315 2260 3467 2317 sunt,

190 2343 402 2413 ibique
434 2345 696 2414 templum
729 2346 787 2400 S.
823 2346 1004 2401 Mariae
1042 2348 1286 2417 Deiparae
1320 2349 1701 2406 substitutum.
1734 2350 1891 2418 Quod
1930 2351 1975 2407 si
2008 2350 2248 2407 Chaldaai
2293 2348 2677 2405 Nestorianum
2719 2362 2922 2403 nomen
2957 2344 3064 2400 sibi
3107 2341 3287 2411 allingi
3322 2340 3469 2394 indi-

190 2439 455 2501 gnantur
480 2432 644 2501 (teste
673 2432 840 2487 etiam
872 2433 1020 2503 apud
1047 2450 1133 2490 me
1160 2436 1433 2491 Ebediesu
1466 2437 1522 2491 in
1548 2446 1698 2493 tomo
1721 2437 1815 2509 Χ),
1848 2454 1964 2493 rem
2007 2448 2188 2493 tamen
2224 2438 2395 2507 ipsam
2425 2438 2697 2500 retinent;
2724 2433 2899 2489 Grazci
2927 2439 3111 2488 autem
3132 2440 3186 2486 et
3206 2428 3467 2500 Egyptii,

192 2536 303 2573 seu
355 2519 613 2574 catholici
650 2535 747 2575 seu
777 2520 1194 2592 Monophysitzc,
1222 2533 1450 2594 propter
1476 2526 1827 2581 notissimum
1864 2527 1969 2583 sibi
1992 2525 2253 2581 Nestorii
2289 2540 2520 2589 nomen,
2558 2522 2931 2580 Orientalibus
2971 2519 3218 2592 ejusdem
3264 2515 3471 2571 erroris

195 2609 440 2664 asseclis
467 2610 916 2679 appellationem,
963 2619 1023 2664 ut
1056 2610 1137 2677 lit,
1174 2612 1395 2668 famosa:
1437 2619 1583 2684 apud
1610 2631 1669 2671 se
1702 2616 1979 2671 haereseos
2022 2613 2359 2668 indiderunt.
2399 2611 2711 2668 Nestoriani
2754 2618 2902 2665 certe
2935 2607 3140 2681 Cyrillo
3166 2607 3220 2660 in
3252 2603 3466 2675 primis,

195 2697 317 2766 jam
353 2696 481 2750 inde
507 2713 536 2751 a
578 2697 815 2752 concilio
850 2698 1153 2768 Ephesino,
1185 2700 1343 2756 valde
1383 2710 1732 2762 succensent.
1772 2718 1934 2773 quem
1963 2700 2273 2772 Egyptian:
2313 2698 2673 2767 contemptim
2707 2704 2945 2752 vocant:
2976 2709 3214 2763 namque
3240 2699 3296 2747 et
3325 2689 3470 2760 apud

202 2784 505 2839 Leontium
539 2793 812 2849 nostrum,
841 2802 963 2857 pag.
990 2788 1116 2852 465,
1145 2804 1252 2843 non
1286 2789 1522 2845 Severus
1552 2791 1647 2845 sed
1671 2791 1907 2863 Cyrillus
1937 2788 2326 2858 intelligendus
2348 2796 2433 2842 est
2463 2786 2516 2840 in
2546 2787 2649 2841 hac
2678 2784 2953 2840 sententia
2989 2801 3001 2836 :
3029 2782 3171 2850 Ἐγώ
3202 2781 3340 2848 εἰμι,
3377 2778 3471 2830 καὶ

203 2876 313 2926 οὐκ
356 2874 685 2944 ὴλλοίωμαι,
720 2874 817 2947 βοᾷ
846 2877 874 2929 ὁ
900 2874 1033 2940 Θεός
1057 2892 1070 2906 ·
1102 2878 1274 2947 Σαρκὶ
1312 2876 1437 2931 καθ’
1460 2877 1757 2931 ὑπόστασιν
1786 2880 1991 2948 ἥνωται
2026 2877 2054 2928 ὁ
2093 2876 2298 2944 Λόγος,
2333 2876 2431 2944 βοᾷ
2458 2876 2486 2927 ὁ
2513 2873 2834 2940 Λίγύπτιος’
2861 2873 2889 2924 ὁ
2916 2870 3207 2941 δεχόμενος
3236 2867 3328 2919 τὸν
3358 2864 3471 2917 Κύ-

211 2961 400 3030 ριλλον
432 2961 831 3032 ἀληθεύσαντα,
876 2962 1119 3034 ψεύστην
1147 2966 1291 3018 ποιεῖ
1319 2965 1410 3017 τὸν
1444 2965 1577 3018 Θεὸν
1599 2983 1611 2997 ο
1646 2965 1757 3037 Ego

1925 3006 1939 3031 ,
1971 2972 2019 3018 et
2057 2981 2160 3018 non
2200 2965 2480 3027 immutor,
2527 2960 2726 3015 clamat
2767 2959 2922 3013 Deus.
2971 2956 3137 3013 Carni
3183 2953 3470 3009 secundum

210 3049 540 3118 hypostasim
575 3050 784 3103 unitum
819 3059 895 3104 est
925 3050 1168 3117 Verbum,
1206 3052 1404 3105 clamat
1437 3052 1733 3123 Egyptius.
1768 3053 1939 3124 Igitur
1974 3055 2062 3126 qui
2088 3053 2348 3125 Cyrillum
2384 3068 2475 3106 ceu
2506 3068 2630 3105 vera
2664 3051 2919 3104 dicentem
2960 3048 3143 3112 recipit
3166 3046 3470 3099 mendacem

213 3135 345 3203 facit
363 3135 551 3191 Deum.
574 3136 716 3209 (Quo
748 3137 871 3192 loco
889 3138 1095 3192 librum
1116 3154 1338 3209 quoque
1362 3139 1551 3195 Severi
1579 3140 2159 3212 celebrem,¢t).a)tﬁ0n
2180 3140 2528 3209 inscriptum,
2550 3154 2647 3193 seu
2667 3135 2949 3207 Cyrillum,
2976 3133 3138 3189 simul
3161 3130 3338 3193 innui,
3358 3143 3468 3182 non

211 3232 301 3278 est
320 3224 692 3295 incredibile.)
712 3225 813 3281 Cui
833 3226 1135 3298 objectioni
1166 3233 1350 3299 (quam
1380 3229 1472 3284 hic
1502 3229 1641 3284 dilui
1668 3246 1886 3300 aequum
1902 3230 2009 3300 est)
2028 3229 2109 3285 sic
2132 3227 2448 3298 respondet,
2471 3224 2830 3281 similitudine
2851 3232 3013 3278 utens
3031 3220 3330 3276 Leontius:
3354 3217 3415 3268 Ei
3434 3218 3469 3287 ᾑ

212 3310 431 3375 ινωσις.
467 3313 753 3378 ἀλλοίωσις
783 3316 933 3369 ἐστιν
960 3316 1172 3380 ἁπλῶς.
1208 3318 1359 3371 πᾶσα
1380 3318 1529 3390 ψυχὴ
1559 3318 1758 3372 ἐνωθεῖι

1922 3336 2065 3389 ιματι
2093 3316 2386 3387 ἠλλοίωται
2408 3331 2421 3344 ’
2458 3314 2617 3385 Atqui
2650 3312 2696 3366 si
2723 3312 2846 3365 unio
2865 3350 2880 3376 ,
2916 3308 3133 3379 perinde
3158 3314 3232 3360 est
3256 3304 3437 3374 simpli
3449 3333 3468 3343 -

216 3399 346 3454 citer
378 3419 439 3455 ac
462 3404 783 3470 immutatio,
811 3406 980 3459 omnis
1003 3408 1187 3461 anima
1212 3409 1421 3478 corpori
1449 3409 1601 3461 unita
1628 3410 1964 3462 immutatur.
1999 3405 2107 3462 Sed
2136 3404 2284 3460 enim
2312 3404 2473 3474 plura
2510 3401 2577 3456 de
2608 3400 2823 3456 Leontii
2859 3412 3026 3469 opere
3071 3412 3180 3450 non
3213 3409 3336 3449 sum
3382 3392 3469 3447 di-

218 3498 430 3551 cturus,
466 3490 615 3559 quod
658 3506 783 3546 cum
824 3500 1212 3562 peracutorum
1264 3494 1680 3551 ratiociniorum
1720 3496 2013 3551 thesaurus
2043 3492 2137 3560 sit,
2172 3491 2414 3547 conferri
2438 3490 2505 3545 ad
2536 3487 2925 3559 compendium
2969 3484 3195 3554 nequit;
3233 3481 3469 3549 ideoque

219 3577 274 3632 id
304 3593 441 3648 opus
473 3595 501 3633 a
526 3579 868 3638 Nestoriana:
895 3582 1183 3654 pravitatis
1211 3583 1451 3641 curiosis
1473 3583 1907 3657 indagatoribus,
1937 3589 1995 3642 et
2015 3597 2047 3640 a
2070 3578 2361 3652 theologiaz
2376 3576 2685 3650 praesertim
2704 3574 3029 3633 doctoribus
3050 3570 3270 3628 assidua
3302 3582 3466 3622 manu

220 3666 547 3722 versandum
580 3676 684 3724 est.
