4032 6590
480 447 617 513 I399
1708 461 2016 526 LEONTII
2056 465 2459 532 BYZANTINI
3592 471 3748 536 1400

484 645 3718 683 Mm

1339 835 1570 922 ΤΟΥ
1631 835 2251 927 ΠΑΝΣΟΦΟΥ
2325 834 2886 929 ΜΟΝΑΧΟΥ

1497 1105 1834 1235 ΚΥΡ
1909 1103 2769 1241 ΛΕΟΝΤΙΟΥ

1147 1389 1484 1509 ΤΟΥ
1593 1391 3064 1518 ΙΕΡΟΣΟΛΥΜΙΤΟΥ

483 1645 668 1701 ΚΑΤΑ
703 1647 840 1701 ΤΩΝ
863 1646 994 1701 ΔΥΟ
1023 1647 1155 1700 ΤΑΣ
1177 1645 1607 1702 ΥΠΟΣΤΑΣΕῚΣ
1639 1648 1939 1703 ΧΡΙΣΤΟΥ
1968 1650 2355 1717 ΔΕΓΟΝΤΩΝ,
2373 1652 2517 1707 ΤΗΝ
2551 1656 2632 1709 ΔΕ
2661 1655 2969 1712 ΟΙᾹΝΟΥΝ
2995 1657 3340 1714 ΣΥΝΘΕΣΙΝ
3370 1659 3481 1716 ΕῙΥ
3500 1661 3750 1717 ΑΥΤΟΥ

1725 1771 1864 1825 ΟΥΧ
1899 1772 2320 1828 ΟΜΟΛΟΓΟΥΝ
2325 1775 2480 1829 ΤΩΝ.

627 1196 723 1238 ΠΧ

1349 2074 2233 2168 SAPIENTISSIMI
2338 2075 2883 2172 MONACHI

887 2337 1039 2464 D.
1103 2340 1746 2469 LEONTII
1845 2338 3330 2474 HIEROSOLYMITANI

484 2624 881 2692 ADVERSUS
930 2627 1072 2690 EOS
1114 2628 1252 2702 QUI
1313 2629 1512 2692 DUAS
1557 2630 2001 2692 AFFIRMANT
2055 2633 2368 2694 CHRISTI
2423 2633 2839 2710 PERSONAS,
2895 2633 3367 2707 NULLAMQUE
3414 2636 3496 2698 IN
3561 2635 3746 2698 IPSO

1495 2746 2130 2811 CONJUNCTIONEM
2166 2748 2727 2814 CONFITENTUR.

1299 2923 1454 2994 (Anc.
1479 2921 1598 2978 MAI.
1635 2921 1887 2994 Scriptor.
1919 2929 2016 2977 vet.
2047 2938 2166 2977 nov.
2197 2920 2463 2992 Collectio,
2497 2933 2535 2980 t.
2565 2922 2658 2992 IX,
2689 2941 2743 2996 p.
2781 2923 2930 2998 410.)

1663 3255 2019 3347 LIBER
2123 3257 2614 3356 PRIMUS.

1071 3619 1492 3680 PROOEMIUM.
2094 3631 2145 3690 Α
2735 3621 3146 3678 IIPOOIMION.

564 3735 666 3795 Hic
692 3737 855 3795 nobis
886 3753 1008 3794 sese
1028 3739 1192 3796 offert
1219 3757 1422 3813 anceps
1436 3741 1623 3813 opinio
1641 3741 1723 3799 vel
1750 3741 1934 3812 potius
1964 3741 2073 3797 lin-

495 3847 600 3901 gua
628 3831 902 3898 dividens,
935 3831 1093 3904 cujus
1120 3847 1252 3903 pars
1291 3848 1416 3890 cum
1453 3832 1770 3889 inﬁdelibus
1806 3840 2068 3905 ponetur,

495 3939 621 3980 cum
651 3924 937 3982 advenerit
990 3925 1256 3982 Dominus
1279 3942 1344 3982 ac
1365 3926 1542 3983 Judex
1591 3927 1862 3992 omnium,
1919 3943 2071 3998 quae-

495 4034 717 4091 cunque
741 4020 1008 4076 adversus
1053 4021 1411 4092 semetipsum
1440 4022 1611 4077 locuti
1667 4022 1874 4077 fuerint
1918 4021 2071 4092 impii

499 4120 817 4181 peccatores
839 4113 1224 4179 damnaturus,
1270 4114 1413 4170 sicut
1456 4114 1724 4184 scriptum
1755 4117 1912 4180 est‘;
1962 4115 2071 4170 nisi

501 4203 722 4260 tandem
755 4204 921 4261 corde
967 4205 1277 4276 intelligant
1313 4212 1372 4260 ut
1399 4205 1469 4260 ad
1513 4206 1804 4261 Dominum
1837 4221 2072 4261 conver-

501 4305 724 4360 tuntur,
779 4305 947 4367 atque
1001 4295 1343 4371 (doctrinae)
1393 4312 1644 4352 errorem
1691 4297 1837 4353 inter
1894 4297 2074 4353 homi-

502 4403 600 4443 nes
622 4387 936 4455 fateantur;
963 4399 1260 4460 propterea
1279 4390 1428 4445 enim
1459 4406 1563 4446 nos
1606 4400 1868 4446 caeterum
1904 4407 2072 4448 accu-

498 4487 622 4535 sant
656 4479 952 4537 ineﬂ‘abilis
978 4481 1287 4553 divinaeque
1317 4482 1539 4539 unionis
1567 4483 1726 4539 Verbi
1745 4483 1812 4538 ad
1851 4499 2072 4540 carnem

497 4573 769 4641 divisores,
798 4574 1203 4647 adversumque
1237 4591 1342 4631 nos
1379 4576 1755 4647 obloquuntur
1790 4577 1882 4647 qni
1928 4591 2075 4633 (nco-

501 4664 740 4720 nomiam
797 4666 972 4736 ipsius
1026 4667 1234 4739 (Verbi)
1267 4667 1577 4723 detrectant
1628 4674 1942 4738 negantque
1978 4667 2073 4738 qui

502 4755 652 4825 ipsos
681 4755 937 4811 redemit.
963 4755 1170 4823 Primo,
1201 4758 1464 4812 unionem
1484 4756 1686 4811 divinae
1713 4757 2075 4829 humanaque

498 4857 713 4903 naturae
734 4863 845 4903 non
875 4857 1024 4905 recte
1047 4849 1284 4916 docere;
1321 4848 1588 4915 secundo,
1627 4864 1754 4904 cum
1807 4850 1920 4905 sint
1952 4850 2076 4906 dua:

500 4939 822 5012 hypostases
851 4940 1078 5009 Christi,
1113 4940 1421 4998 secundum
1450 4941 1788 5012 hypostasim
1813 4941 2073 4998 unionem

501 5032 622 5088 lieri
652 5049 764 5088 non
797 5033 940 5089 bene
959 5035 1165 5102 dicere,
1201 5049 1479 5105 unamque
1507 5034 1681 5104 ipsius
1736 5035 2072 5106 hypostasim
2105 5022 2148 5077 Β

501 5142 832 5199 agnoscere;
878 5127 1153 5197 tertioque
1200 5128 1426 5194 iterum,
1485 5141 1611 5182 cum
1659 5126 1770 5181 duo
1803 5127 1916 5182 sint
1953 5125 2073 5192 ﬁlii,

501 5219 647 5276 male
671 5235 842 5274 unum
867 5219 1118 5275 conﬁteri
1152 5218 1352 5274 Filium
1375 5235 1496 5274 esse
1512 5218 1827 5284 Christum;
1855 5227 2074 5288 quarto,

502 5313 640 5367 false
679 5323 924 5367 sanctam
990 5311 1274 5383 Virginem
1325 5312 1554 5368 Matrem
1604 5311 1698 5366 Dei
1749 5311 2074 5382 appellare;

502 5404 721 5474 quinto,
750 5420 861 5460 non
893 5405 1070 5460 solum
1107 5420 1324 5460 merum
1377 5405 1657 5461 hominem
1691 5413 1888 5458 natura
1933 5407 2076 5460 seire

501 5497 811 5566 Christum,
864 5498 958 5554 sed
984 5498 1153 5553 etiam
1185 5499 1399 5566 Deum;
1440 5509 1618 5566 sexto,
1661 5513 1770 5552 non
1801 5497 2072 5553 deiferum

505 5589 814 5656 hominem,
849 5589 945 5645 sed
999 5591 1172 5646 Deum
1214 5591 1563 5648 incarnatum
1604 5590 1748 5647 scire
1786 5589 2071 5655 Verbum;

505 5681 762 5753 septimo,
798 5699 968 5739 unum
992 5699 1060 5739 ex
1085 5695 1272 5741 sancta
1305 5687 1578 5743 Trinitate
1619 5686 1823 5757 injuste
1851 5700 2072 5756 passum

583 5843 596 5874 ¹
630 5840 822 5896 Matth.
846 5857 940 5906 xu,
973 5841 1060 5895 36.

2254 3738 2537 3795 Ἐντεῦθεν
2566 3739 2699 3809 ἡμῖν
2737 3739 2772 3808 ἡ
2797 3736 3081 3809 διχότομος
3101 3735 3248 3803 δόξα,
3284 3735 3490 3807 μᾶλλον
3516 3735 3574 3788 δέ
3608 3736 3641 3806 ἡ
3671 3735 3757 3788 δι-

2170 3833 2442 3905 χότμητος
2492 3831 2735 3901 γλῶσσα,
2793 3829 3286 3897 κατεξανίσταται·
3344 3824 3412 3901 ἧς
3463 3829 3525 3882 τὸ
3581 3829 3759 3899 μέρος

2175 3927 2314 3998 μετὰ
2335 3927 2447 3980 τῶν
2480 3925 2728 3980 ἀπίστων
2756 3924 3068 3994 τεθήσεται,
3097 3923 3321 3994 ἥκοντος
3344 3923 3439 3974 τοῦ
3473 3921 3754 3974 Δεσπότω

2171 4017 2270 4072 καὶ
2288 4017 2494 4088 Κριτοῦ
2518 4017 2625 4071 τῶν
2651 4017 2911 4070 ἁπάντων
2959 4015 3177 4085 ἐλέγξαι
3205 4016 3304 4069 ὅσα
3331 4013 3602 4083 ἐλάλησαν
3629 4011 3758 4065 κατ’

2172 4111 2338 4166 αὐτοῦ
2368 4110 2683 4182 ἁμαρτωλοὶ
2725 4109 2948 4172 ἀσεϐεῖς
2973 4149 2988 4174 ,
3018 4109 3094 4171 ὡς
3132 4108 3445 4178 γέγραπται
3471 4123 3486 4138 ο
3519 4107 3616 4160 ἐὰν
3644 4105 3759 4174 ἄρα

2176 4205 2252 4276 μὴ
2310 4205 2478 4275 νοήσῃ
2516 4204 2583 4274 τῇ
2631 4201 2830 4273 καρδίᾳ
2877 4201 3279 4272 ἐπιστραφῆναι
3321 4199 3462 4270 πρὸς
3506 4198 3757 4268 Κύριον,

2172 4297 2493 4365 ἀναγγεῖλαί
2538 4313 2596 4348 τε
2637 4297 2696 4348 ἐν
2749 4292 3062 4366 ἀνθρώποις
3104 4293 3204 4364 τὴν
3254 4291 3456 4362 ἑαυτῆς
3507 4290 3756 4362 μέμψιν·

2172 4389 2332 4442 ταυτὶ
2370 4389 2480 4460 γὰρ
2509 4389 2640 4459 ἡμῖν
2671 4387 2940 4458 ἐτέρωθεν
2977 4385 3304 4456 ἐγκαλοῦσιν
3349 4385 3402 4437 οἱ
3440 4384 3541 4455 τῆς
3571 4383 3760 4455 ἀφρά-

2176 4500 2304 4536 στου
2337 4483 2433 4536 καὶ
2467 4482 2814 4553 θεοπρεποῦς
2843 4480 3095 4544 ἐνὼσεως
3117 4480 3213 4534 τοῦ
3258 4481 3436 4549 Λόγου
3471 4480 3608 4550 πρὸς
3653 4478 3760 4548 τὴν

2175 4580 2356 4645 σάρκα
2385 4575 2691 4644 ὃιαιρέται,
2723 4576 2817 4629 καὶ
2850 4576 2949 4647 τῆς
2981 4575 3106 4630 καθ’
3132 4575 3285 4645 ἡμᾶς
3309 4572 3626 4644 οἰκονομίας
3652 4574 3758 4626 αὖ·

2174 4665 2270 4720 τοῦ
2300 4666 2679 4736 ἁπαγορευταὶ
2702 4709 2716 4734 ,
2751 4669 2801 4722 οί
2835 4667 2927 4721 τὸν
2956 4666 3360 4739 ἐξαγοράζοντα
3393 4667 3590 4729 αὐτοὺς
3618 4665 3758 4719 Θεὸν

2175 4757 2564 4829 ἐξαρνούμενοι
2590 4777 2774 4828 φασιν,
2807 4759 3025 4830 πρῶτον
3057 4759 3175 4830 μὲν,
3201 4757 3398 4812 ὅτιούκ
3419 4756 3598 4825 ὀρθῶς
3628 4756 3759 4808 σύν-

2176 4846 2329 4902 θεσιν
2367 4847 2468 4918 τῆς
2503 4848 2654 4912 θείας
2688 4849 2782 4901 καὶ
2815 4848 3160 4920 ἀνθρωπείας
3189 4847 3407 4915 φύσεως
3432 4846 3756 4915 δοξάζομεν.

2175 4940 2443 5012 Δεύτερον
2463 4985 2478 5008 ,
2507 4941 2592 4995 ὅτι
2617 4940 2711 4995 δύο
2755 4939 2931 4995 οὐσῶν
2960 4940 3069 4993 τῶν
3097 4940 3449 4994 ὑποστάσεων
3474 4937 3717 5009 Χριστοῦ
3740 4977 3756 5002 ,

2177 5033 2238 5087 οὐ
2276 5032 2458 5096 καλῶς
2487 5033 2608 5087 καθ’
2646 5032 2944 5087 ὑπόστασιν
2968 5033 3163 5087 ἕνωσιν
3209 5032 3463 5101 γενέσθαι
3497 5030 3757 5101 λέγομεν,

2177 5127 2275 5182 καὶ
2306 5127 2436 5197 μίαν
2459 5126 2624 5181 αὑτοῦ
2653 5127 2750 5198 τὴν
2779 5126 3078 5181 ὑπόστασιν
3100 5124 3464 5194 γινώσκομεν.
3497 5125 3609 5177 Καὶ
3637 5123 3759 5194 τρί-

2177 5236 2269 5272 τον
2308 5218 2493 5282 πάλιν,
2516 5221 2596 5273 ὅτι
2625 5221 2718 5274 δύο
2745 5221 2915 5275 ὄντων
2943 5221 3094 5283 υἱῶν,
3125 5221 3312 5284 κακῶς
3338 5221 3437 5274 ἕνα
3458 5217 3762 5290 ὁμολογοῦ-

2183 5327 2283 5382 μεν
2312 5306 2456 5364 εἶναι
2498 5312 2626 5365 Υἰὸν
2666 5313 2756 5366 τὸν
2785 5314 3041 5384 Χριστόν.
3085 5313 3358 5386 Τέταρτον
3379 5351 3393 5376 ,
3419 5312 3501 5365 ὅτι
3545 5310 3762 5380 ψευδῶς

2179 5404 2440 5458 Θεοτόκον
2471 5405 2570 5477 τὴν
2601 5406 2764 5475 ἁγίαν
2790 5406 3068 5477 Παρθένον
3103 5403 3760 5476 ὀνομάζομεν.Πέμπτον,

2181 5499 2265 5552 ὅτι
2304 5498 2377 5568 μὴ
2420 5498 2574 5567 ψιλὸν
2611 5499 2898 5570 ἄνθρωπον
2931 5498 3092 5569 μόνον
3115 5500 3182 5568 τῇ
3215 5497 3374 5566 φύσει
3423 5497 3583 5566 ἴσμεν
3623 5495 3762 5564 X9:-

2182 5589 2294 5653 τὸν,
2320 5589 2456 5643 ἀλλὰ
2487 5591 2578 5644 καὶ
2599 5590 2751 5644 Θεόν.
2786 5590 3005 5653 Ἕκτον,
3037 5590 3118 5642 ὅτι
3152 5588 3228 5660 μὴ
3259 5587 3519 5659 θεοφόρον
3545 5585 3760 5656 ἄνθρω-

2183 5699 2303 5751 πον,
2352 5683 2488 5738 ἀλλὰ
2519 5683 2650 5737 Θεὸν
2691 5683 3192 5755 ἐνανθρωπήσαντα
3229 5680 3386 5752 ἴσμεν
3442 5679 3534 5734 τὸν
3559 5679 3757 5747 Λόγον.
