4032 6532
293 432 420 502 1401

1213 447 1618 512 ADVERSUS
1653 451 2203 517 NESTORIANOS.
2240 483 2308 492 —
2340 458 2487 519 LIB.
2529 459 2581 520 Ι.

3425 456 3567 529 1502

286 548 557 641 Ἐὅδομον
581 592 596 615 ,
622 550 707 605 ὅτι
734 550 995 625 ἀθέσμως
1021 553 1114 609 τδν
1158 554 1256 611 ἕνα
1285 560 1388 630 τῆς
1430 560 1597 630 ἁγίας
1645 563 1870 635 Τριάδος

1979 566 2151 624 fuisse
2181 582 2349 625 carne
2382 567 2718 639 prmdicare;
2767 577 2963 625 octavo
2997 568 3221 625 tandem
3252 568 3344 625 istl
3379 569 3557 641 impii.

283 638 614 695 πεπονθέναι
646 644 813 713 σαρκὶ
838 661 908 716 κη
919 645 1205 718 ρύττομεν.
1228 649 1314 703 Ἐν
1336 649 1508 723 ὀγδόῳ
1535 651 1592 706 δὲ
1617 652 1718 723 τῆς
1739 653 1871 707 δυσ-

286 731 525 798 σεϐείας,
574 733 674 806 τὴν
734 737 859 791 καθ’
902 738 1203 797 ὑπόστασιν
1251 742 1449 798 ἕνωσιν
1496 746 1869 817 ἀρνούμενοι,

283 823 625 890 ἀσυστάτους
672 829 828 894 τινὰς
870 830 1068 901 ἐτέρας
1116 834 1525 905 τερατεύονται.
1572 838 1716 892 Ὅσα
1770 838 1872 907 μὲν

282 911 376 969 οὖν
418 917 518 972 οὐκ
551 918 765 989 ἀλόγως
811 925 926 988 τοῖς
959 924 1179 995 λέγουσι
1206 927 1303 999 τὴν
1346 927 1476 1000 μίαν
1502 946 1562 983 τε
1605 930 1768 1000 φύσιν
1796 931 1873 996 ὠς

283 1008 379 1061 καὶ
433 1010 733 1069 ὑπόστασιν
786 1016 882 1070 ἐπὶ
942 1018 1184 1091 Χριστοῦ
1243 1023 1616 1096 ἁπορήσοιεν,
1666 1023 1875 1079 τούτων

282 1102 447 1171 ἡμεῖς
484 1103 584 1175 οὐχ
626 1106 1237 1183 ὑπεραπολογησόμεθα
1265 1131 1280 1147 ·
1328 1116 1444 1180 τοῖς
1479 1116 1538 1171 δὲ
1567 1118 1628 1171 ὲν
1658 1118 1877 1189 ἑκάστῳ

282 1195 393 1251 τῶν
416 1200 835 1270 προειρημένων
866 1204 1180 1273 κεφαλαίων
1228 1208 1322 1263 ὑπ’
1351 1209 1532 1285 αὐτῶν
1557 1212 1876 1283 λεγομένοις

287 1287 411 1342 καθ’
458 1290 618 1359 ἡμῶν
651 1291 819 1361 ἰδίως,
848 1294 960 1350 τῶν
1011 1298 1143 1369 μίαν
1178 1300 1276 1371 μὲν
1306 1302 1406 1373 τὴν
1436 1302 1757 1369 ὑπόστασιν,
1779 1303 1875 1358 δύο

283 1377 342 1431 δὲ
365 1379 466 1444 τὰς
490 1380 685 1448 φύσεις
723 1384 967 1456 Χριστοῦ
1001 1387 1096 1441 τοῦ
1124 1390 1332 1461 Κυρίου
1358 1391 1517 1462 ἡμῶν
1542 1392 1872 1464 ὁμολογούν-

281 1486 412 1539 των,
439 1472 745 1544 ένβυνάμει
777 1476 945 1531 αὑτοῦ
972 1479 1066 1533 τοῦ
1084 1480 1221 1535 Θεοῦ
1246 1483 1407 1554 ἡμῶν
1432 1484 1671 1554 Χριστοῦ
1702 1472 1869 1539 ὑπαν-

285 1563 577 1633 τήσαντες,
599 1568 889 1623 καὶταῦτα
911 1572 1341 1644 ἀνατρέψαντες,
1364 1580 1545 1632 πᾶσαν
1571 1577 1752 1632 αὐτῶν
1774 1579 1871 1650 τὴν

281 1655 379 1710 τοῦ
438 1658 712 1730 δόγματος
756 1661 1020 1718 ὑπόθεσιν
1076 1666 1451 1739 ἀσεϐεστάτην
1498 1669 1871 1741 διελέγξομεν.

294 1749 618 1820 Ἐγκαλοῦσι
646 1754 691 1807 δ’
715 1750 809 1810 οὖν
836 1758 993 1829 ἡμῖν,
1012 1758 1089 1823 ὡς
1127 1760 1344 1832 εἴρηται
1372 1764 1713 1834 πρωτίστως,
1744 1761 1878 1833 περὶ

1981 661 2245 717 unionem
2277 661 2585 718 secundum
2638 657 2977 733 hypostasim
3027 663 3346 729 dimtentes,
3399 680 3565 735 quas-

1980 752 2109 808 dam
2177 754 2315 809 alias
2372 769 2484 809 non
2551 754 2920 811 subsistentes
2991 756 3279 828 efﬁngunt.
3353 757 3412 812 In
3476 757 3565 812 his

1981 856 2168 901 autem
2202 861 2325 917 quae
2376 861 2488 901 non
2513 845 2771 916 imperite
2819 848 3065 903 dixerint
3111 865 3390 920 unamque
3440 863 3563 905 esse

1981 944 2237 990 naturam
2291 936 2450 1007 quasi
2484 936 2825 1007 hypostasim
2858 935 2914 991 in
2957 936 3183 993 Christo
3225 953 3348 994 esse
3401 938 3563 1009 igno-

1981 1036 2194 1093 rarent,
2222 1043 2325 1083 nos
2357 1043 2470 1083 non
2507 1028 3027 1099 patrocinabimur;
3055 1028 3153 1084 sed
3203 1045 3327 1100 quae
3353 1030 3423 1085 ab
3452 1030 3563 1084 illis

1984 1117 2041 1173 in
2099 1119 2436 1189 supradictis
2491 1119 2768 1190 capitibus
2828 1119 2977 1176 dicta
3027 1126 3161 1174 sunt
3213 1130 3406 1175 contra
3458 1135 3565 1175 nos

1984 1226 2154 1266 uuam
2191 1212 2535 1283 hypostasim
2565 1212 2814 1283 duasque
2834 1220 3068 1268 naturas
3095 1211 3303 1269 Christi
3342 1211 3560 1266 Domini

1974 1305 2155 1361 nostri
2214 1305 2537 1377 singulatim
2589 1305 2957 1374 conﬁtentes,
3012 1306 3071 1361 in
3125 1305 3334 1361 virtute
3390 1304 3564 1374 ipsius

1976 1399 2076 1455 Dei
2105 1399 2282 1455 nostri
2313 1398 2525 1455 Christi
2551 1399 2960 1471 impugnantes,
3025 1408 3194 1470 atque
3218 1406 3558 1463 evertentes,

1974 1507 2140 1548 omne
2173 1507 2368 1548 eorum
2392 1491 2663 1547 doctrina:
2685 1500 2925 1563 systema
2946 1491 3335 1562 impiissimum
3367 1490 3563 1545 confu-

1979 1580 2243 1635 tabimus.
2262 1581 2615 1651 Exprobrant
2642 1590 2829 1635 autem
2850 1581 3115 1644 nobis,ut
3146 1580 3327 1652 primo
3350 1580 3563 1636 dictum

1978 1678 2087 1735 est,
2141 1670 2551 1725 confessionem
2602 1678 2931 1725 naturarum
2977 1671 3035 1726 in
3088 1671 3322 1727 Domino
3373 1677 3565 1725 nostro

1980 1761 2112 1817 Jesu
2143 1761 2368 1817 Christo
2388 1763 2523 1828 Deo,
2556 1763 2750 1833 sicque
2778 1764 3121 1833 loquuntur:

280 1843 385 1916 τῆς
428 1847 718 1920 ὁμολογίας
743 1851 845 1923 τῆς
883 1853 992 1908 τῶν
1031 1854 1248 1924 φύσεων
1293 1858 1601 1926 συνθέσεως
1643 1861 1739 1914 ἐπὶ
1789 1857 1886 1913 τοῦ
1926 1860 2201 1914 Δεσπότου
2229 1858 2389 1930 ἡμῶν
2433 1859 2610 1931 Ἰησοῦ
2650 1859 2888 1932 Χριστοῦ
2917 1860 3012 1914 τοῦ
3038 1860 3196 1929 Θεοῦ,
3220 1860 3317 1914 καὶ
3347 1859 3565 1930 λέγουσι

281 1937 456 1995 τάδε·

688 2083 1093 2143 ΚΕΦΑΛΑῐυΝ
1133 2090 1433 2148 ΠΡΩΤΟΝ.

353 2195 474 2252 Πᾶν
505 2196 535 2253 ὅ
556 2214 610 2252 τι
641 2194 737 2255 οῦν
770 2204 1153 2277 συντιθέμενον
1178 2208 1426 2281 έτέρῳ,ἢ
1457 2208 1579 2265 ὅλον
1609 2210 1718 2283 ὅλῳ
1744 2228 1868 2267 συν-

284 2288 516 2356 τίθεται,
559 2292 593 2365 ῆ
639 2293 806 2367 μέρος
850 2296 1033 2368 μέρει,
1068 2300 1102 2371 ἢ
1142 2301 1311 2373 μέρος
1349 2302 1489 2375 ὅλῳ·
1540 2303 1721 2370 ἄλλως
1756 2306 1867 2377 γὰρ

288 2381 542 2437 σύνθεσιν
597 2385 780 2455 λέγειν
814 2389 1077 2446 ἀδύνατον
1104 2408 1118 2423 ·
1170 2394 1293 2449 ὅλον
1318 2395 1377 2449 δὲ
1424 2396 1520 2451 καὶ
1565 2398 1731 2470 μέρος
1773 2401 1869 2453 ἐπὶ

285 2474 382 2528 τοῦ
428 2476 815 2549 ἀπεριγράφου
867 2483 932 2537 οὐ
988 2483 1209 2554 λέγεται
1240 2503 1254 2518 ο
1280 2488 1381 2542 οὒκ
1414 2488 1524 2558 ἄρα
1552 2490 1814 2564 συνετέθη
1838 2494 1869 2547 ό

286 2568 421 2634 Θεὸς
440 2570 615 2638 Λόγος
638 2573 715 2644 τῷ
736 2574 797 2639 ἐξ
813 2576 973 2647 ἡμῶν
995 2578 1093 2632 ἀνθ
1103 2581 1269 2652 ρώπῳ
1293 2582 1671 2655 ἀπερίγραφος
1693 2584 1870 2655 ὑπάρ-

288 2677 399 2731 χων
419 2677 435 2693 ο
467 2664 516 2716 εί
542 2662 601 2716 δὲ
628 2666 915 2738 συνετέθη,
944 2669 1043 2723 καὶ
1074 2671 1329 2743 ὲμμερὴς
1361 2673 1459 2727 καὶ
1489 2677 1869 2747 περιγραπτός

287 2754 438 2809 ἐστιν
460 2796 477 2824 ,
513 2756 651 2829 ὅπερ
680 2759 895 2824 ἀσεϐές.
920 2762 1145 2833 Πρῶτον
1178 2765 1277 2835 μὲν
1308 2761 1400 2819 οῦν
1441 2767 1491 2819 οἱ
1532 2767 1713 2821 πάντα
1740 2769 1867 2838 τρό-

287 2864 392 2903 πον
436 2848 549 2904 τῶν
582 2853 887 2923 γινομένων
936 2855 1043 2909 ὑπὸ
1070 2856 1206 2911 Θεοῦ
1252 2859 1561 2915 συνθέσεων
1590 2864 1656 2933 τῇ
1688 2862 1870 2933 οίκείᾳ

286 2940 487 3007 γνώσει
539 2945 981 3017 περιορίζοντες,
1025 2950 1145 3015 πῶς
1189 2950 1413 3020 λέγουσι
1447 2955 1558 3008 πᾶν
1604 2955 1665 3008 τὸ
1689 2972 1872 3009 συντι-

289 3032 571 3109 θέμενονῆ
599 3037 677 3102 ὡς
704 3037 826 3095 ὅλον
850 3040 883 3111 ἢ
912 3042 989 3105 ὡς
1017 3041 1184 3115 μέρος
1220 3044 1566 3101 συντίθεσθαι
1599 3064 1614 3113 ;
1655 3047 1730 3102 Τὸ
1759 3048 1871 3118 γὰρ

287 3128 548 3200 αἰσθητὸν
600 3130 720 3186 τόδε
774 3135 905 3199 πᾶν,
963 3134 1132 3207 ἤγουν
1179 3137 1208 3190 ὁ
1254 3137 1457 3209 κόσμος
1494 3141 1524 3195 ὁ
1551 3141 1765 3212 ὁρατὸς,
1811 3144 1871 3197 ὲν

289 3217 537 3274 συνθέσει
605 3222 731 3276 ὲστϊ
768 3221 1014 3297 δηλαδήτ
1064 3226 1119 3280 τί
1177 3220 1271 3281 οῦν
1329 3245 1486 3298 φασι,
1540 3230 1601 3295 ἐξ
1649 3230 1790 3287 ὅλων
1833 3232 1867 3304 ἢ

288 3314 354 3368 ἐκ
400 3312 585 3384 μερῶν
625 3331 788 3370 τινων
830 3313 971 3373 εἶναι
1021 3321 1493 3392 προϋπαρξάντων
1523 3321 1717 3376 τούτου
1766 3323 1870 3395 τὴν

1900 2046 1947 2109 Β

2489 2084 2720 2141 CAPUT
2763 2084 3057 2144 PRIMUM.

2038 2199 2421 2272 Quodcunque
2442 2201 2748 2274 (inquiunt)
2770 2203 2931 2258 alteri
2969 2204 3187 2260 unitum
3212 2214 3322 2270 est,
3358 2209 3445 2264 vel
3479 2219 3565 2266 to-

1970 2304 2085 2350 tum
2114 2296 2214 2352 toti
2246 2297 2457 2362 unitur,
2488 2297 2574 2351 vel
2607 2312 2734 2366 pars
2783 2297 2951 2367 parti,
3006 2299 3093 2353 vel
3148 2316 3275 2369 pars
3298 2302 3433 2369 toti;
3463 2305 3565 2360 ali-

1970 2394 2055 2443 ter
2085 2386 2235 2442 enim
2261 2386 2528 2443 unionem
2580 2386 2770 2441 dicere
2824 2388 3170 2458 impossibile
3213 2401 3334 2447 est:
3381 2401 3564 2450 totum

1968 2495 2104 2534 vero
2137 2487 2194 2534 et
2224 2494 2353 2549 pars
2401 2478 2471 2535 de
2515 2479 2735 2535 inlinito
2791 2496 2903 2535 non
2972 2481 3216 2549 dicitur;
3285 2500 3397 2541 non
3430 2503 3569 2559 ergo.

1970 2572 2118 2627 Deus
2168 2571 2436 2637 Verbum,
2477 2587 2604 2626 cum
2645 2572 2718 2627 sit
2758 2572 3033 2639 infinitus,
3083 2576 3295 2631 homini
3344 2595 3413 2635 ex
3463 2597 3564 2636 no-

1968 2658 2058 2714 bis
2113 2659 2309 2715 unitus
2366 2669 2486 2727 est;
2540 2660 2586 2715 si
2630 2676 2760 2717 vero
2815 2663 2889 2717 sit
2932 2666 3165 2732 unitus,
3220 2670 3563 2739 compositus

1970 2750 2274 2821 ﬁnitusque
2302 2760 2410 2816 est,
2447 2751 2598 2821 quod
2635 2760 2719 2807 est
2752 2752 3006 2824 impium.
3053 2756 3305 2813 Primum
3350 2769 3559 2827 autem,

1969 2843 2271 2915 quomodo,
2332 2844 2427 2914 qui
2480 2844 2715 2899 scientia
2773 2848 3000 2916 propria
3061 2864 3284 2905 omnem
3330 2854 3558 2909 modum

1971 2936 2241 2991 unionum
2290 2952 2323 2991 a
2363 2937 2475 2992 Deo
2505 2936 2775 2994 factarum
2828 2939 3230 3010 determinant,
3274 2948 3561 3016 quodlibet

1972 3030 2189 3089 unitum
2243 3034 2332 3090 vel
2376 3042 2439 3089 ut
2486 3041 2664 3091 totum
2718 3036 2806 3091 vel
2861 3044 2924 3092 ut
2984 3049 3199 3109 partem
3268 3042 3417 3098 uniri
3476 3046 3564 3100 di-

1970 3124 2141 3179 cunt?
2162 3123 2337 3181 Omne
2366 3126 2514 3181 enim
2550 3127 2657 3183 hoc
2682 3129 2970 3196 sensibile,
3003 3146 3101 3187 seu
3160 3135 3403 3192 mundus
3427 3138 3561 3193 visi-

1971 3214 2123 3278 bilis,
2171 3215 2230 3271 in
2279 3217 2485 3274 unione
2528 3218 2650 3274 sine
2682 3219 2854 3275 dubio
2899 3223 3192 3292 subsistit;
3236 3227 3369 3296 quid
3424 3244 3560 3301 ergo

1971 3307 2187 3375 dicunt,
2209 3324 2279 3364 ex
2312 3310 2445 3366 totis
2480 3311 2569 3366 vel
2595 3326 2662 3367 ex
2689 3314 2945 3382 partibus
2979 3316 3194 3387 aliquot
3233 3320 3389 3375 illum
3422 3337 3561 3392 prae-

291 3403 575 3472 σύνθεσιν;
606 3406 638 3479 ἢ
673 3407 876 3478 μᾶλλον
930 3411 996 3464 ἐκ
1030 3390 1106 3483 μὴ
1132 3390 1302 3466 ὅντων
1331 3412 1471 3478 ὅλως
1502 3390 1866 3485 συμπαγῆναι

1972 3401 2301 3458 cedentibus
2324 3418 2446 3459 esse
2481 3405 2777 3459 unionem?
2817 3422 2915 3462 seu
2940 3408 3131 3478 potius
3164 3426 3231 3466 ex
3266 3427 3379 3467 non
3399 3390 3561 3469 enti-

289 3496 451 3551 αὐτόν
475 3514 491 3565 ;
527 3499 590 3551 Ei
626 3499 725 3569 μὲν
744 3500 852 3571 γὰρ
888 3500 952 3555 ἐκ
974 3518 1139 3558 τινων
1167 3504 1638 3576 προϋπαρξάντων
1668 3505 1805 3560 ὅλων
1830 3506 1865 3579 ἢ

292 3590 477 3660 μερῶν
513 3592 636 3645 κατ’
674 3593 853 3664 ἀρχὰς
881 3593 1137 3662 γενέσθαι
1180 3596 1345 3650 αὐτὸν
1369 3596 1598 3657 οἴονται.
1640 3597 1740 3669 τὴν
1785 3598 1868 3651 oi—

291 3682 448 3736 κείαν
474 3682 634 3750 δόξαν
663 3684 1084 3754 γνωριζέτωσαν
1110 3686 1267 3757 ἡμῖν,
1301 3688 1390 3741 ἵνα
1416 3689 1467 3742 εί
1497 3687 1674 3752 οὕτως
1700 3687 1871 3757 λέγω·

291 3793 398 3841 σιν,
454 3775 531 3839 ὡς
581 3776 721 3848 πρὸς
749 3777 1021 3849 Ἕλληνας
1063 3779 1270 3845 λοιπὸν,
1321 3780 1419 3835 καὶ
1471 3781 1533 3835 οὐ
1592 3782 1725 3854 περὶ
1772 3781 1868 3837 τοῦ

289 3866 494 3938 τρόπου
556 3869 656 3939 τῆς
702 3870 1018 3942 οἰκονομίας
1057 3872 1484 3945 διαφερομένους
1528 3874 1685 3945 μόνον
1733 3874 1871 3946 πρὸς

289 3961 464 4030 ἡμᾶς,
504 3960 906 4031 διαλεξώμεθα.
959 3964 1023 4017 El
1058 3963 1117 4017 δὲ
1146 3965 1246 4036 τῆς
1270 3965 1608 4035 φιλονεικίας
1635 3965 1871 4036 προκρί-

290 4069 484 4117 ναντες
506 4053 606 4125 τὴν
633 4055 947 4122 εὐσέϐειαν,
966 4057 1031 4109 ὲκ
1066 4057 1141 4127 μὴ
1171 4057 1342 4112 ὄντων
1385 4058 1523 4128 φασὶ
1553 4057 1645 4113 τὸν
1676 4058 1870 4112 σύνθε-

290 4162 384 4198 τον
412 4146 617 4216 κόσμον
645 4148 925 4217 γενέσθαι,
959 4149 1289 4205 ἀκούσονται
1317 4150 1399 4205 ὅτι
1422 4150 1485 4204 τὸ
1526 4150 1601 4223 μὴ
1636 4149 1718 4216 ὃν,
1746 4149 1871 4204 οὔτε

291 4238 433 4299 ὅλον,
458 4238 581 4293 οὔτε
614 4240 779 4310 μέρος
810 4240 951 4296 ἐστί.
976 4242 1101 4305 Πῶς
1124 4237 1238 4307 οὖν,
1268 4240 1394 4296 οὔτε
1421 4242 1543 4298 ὅλου
1577 4242 1724 4307 τινὸς
1744 4241 1871 4297 οὔτε

297 4331 499 4403 μέρους
526 4335 978 4404 προῦπάρξαντος
1001 4377 1015 4402 ,
1053 4339 1086 4408 ἡ
1109 4336 1358 4401 σύνθεσις
1376 4337 1527 4391 τοῦδε
1551 4320 1647 4392 τοῦ
1672 4337 1871 4402 παντὸς

291 4425 486 4495 γέγονε
538 4427 780 4497 κόσμου;
842 4430 1053 4493 Παντὸς
1108 4430 1362 4484 συνθέτου
1402 4432 1690 4502 γινομένου
1746 4432 1871 4486 ὅλου

293 4518 437 4581 τινὸς
459 4519 644 4591 ὅλῳ,ἢ
680 4523 878 4591 μέρους
905 4524 1082 4593 μέρει,
1113 4522 1146 4594 ἢ
1180 4523 1380 4597 μέρους
1409 4525 1515 4596 ὅλῳ
1536 4525 1665 4592 τινἰ,
1698 4526 1872 4593 ἀναγ-

294 4609 465 4674 καίως
492 4611 928 4681 συντεθειμένου,
964 4612 1041 4677 ῶς
1066 4629 1224 4682 φατε’
1282 4614 1489 4687 ψευδὴς
1522 4616 1632 4689 ἄρα
1668 4618 1703 4688 ή
1740 4615 1876 4670 καθ-

293 4703 415 4756 όλου
456 4704 760 4773 ὑπόφανσις
800 4704 903 4775 τῆς
931 4704 1159 4777 πρώτης
1203 4707 1365 4772 εὐθὺς
1391 4708 1729 4780 προτάσεως.

364 4881 475 4934 Καὶ
534 4879 720 4951 ἓτερον
744 4880 790 4933 δ’
846 4874 940 4934 οὗν
979 4881 1113 4951 ἡμῖν
1162 4881 1588 4953 πυνθανομένοις
1635 4886 1873 4958 ἀποκρί-

293 4974 458 5027 νασθε
483 4990 497 5005 ο
561 4974 716 5027 Ἐπεὶ
746 4975 856 5027 πᾶν
899 4972 1063 5046 σῶμα
1104 4976 1200 5029 καὶ
1235 4978 1300 5030 ὲκ
1330 4978 1506 5033 ποιοῦ
1545 4981 1642 5033 καὶ
1674 4980 1872 5035 ποσοῦ

297 5062 620 5129 συγκεῖσθαι
666 5063 907 5131 λέγεται.
963 5065 1170 5119 τούτων
1213 5067 1288 5131 ὡς
1312 5068 1471 5131 ὅλων,
1508 5070 1541 5141 ἢ
1573 5070 1650 5133 ὡς
1686 5071 1870 5142 μερῶν

296 5152 515 5219 λέγεται
562 5150 701 5209 εἶναι
742 5158 842 5228 τὴν
881 5158 1169 5224 σύνθεσινς
1208 5159 1267 5213 Ei
1306 5160 1408 5231 μὲν
1438 5161 1546 5232 γὰρ
1584 5163 1662 5227 ώς
1705 5163 1863 5230 ὅλων,

297 5243 422 5296 ἐπεὶ
462 5248 731 5316 χωρισταὶ¹
752 5249 933 5303 οὐσίαι
956 5251 1129 5303 ταῦτα
1156 5250 1258 5303 οὐκ
1297 5252 1404 5303 είσὶ
1434 5250 1543 5321 πρὸ
1592 5250 1867 5322 σώματος,

298 5335 401 5389 ποῦ
433 5338 528 5391 καὶ
551 5339 665 5402 πῶς
691 5340 858 5395 ὄντων
887 5343 1054 5410 ὅλων;
1087 5339 1218 5396 Εἶτα
1243 5343 1299 5397 δὲ
1322 5343 1458 5410 πῶς,
1490 5344 1588 5416 τῆς
1620 5345 1874 5416 ὁλότητος

296 5427 392 5481 τοῦ
424 5430 601 5485 ποιοῦ
631 5431 725 5485 καὶ
775 5435 973 5489 ποσοῦ
1005 5437 1063 5489 ὲν
1088 5435 1167 5507 τῷ
1208 5436 1289 5488 ἑνὶ
1324 5435 1538 5506 σώματι
1561 5437 1640 5507 τῷ
1673 5437 1874 5509 πρώτῳ

296 5521 407 5575 τῶν
449 5523 673 5595 ἀτόμων
713 5528 1082 5599 συντεθείσης,
1139 5530 1277 5598 μετὰ
1319 5529 1381 5582 τὸ
1424 5529 1645 5600 πρῶτον
1688 5532 1870 5600 σῶμα,

296 5614 555 5688 δεύτερον
582 5614 663 5669 ἐτι
697 5616 888 5685 γέγονέ
926 5636 979 5671 τι
1018 5621 1080 5672 ὲκ
1106 5621 1282 5675 ποιοῦ
1320 5622 1415 5675 καὶ
1444 5621 1642 5676 ποσοῦ
1676 5623 1868 5693 σῶμα;

299 5708 437 5761 οὐδὲ
487 5708 597 5778 γὰρ
648 5703 718 5779 ἦν
754 5726 809 5763 τι
872 5709 1197 5779 ὑπολειφθὲν
1234 5712 1565 5778 ἀσύνθετον,
1615 5712 1723 5767 τῶν
1772 5713 1869 5768 τοῦ

298 5799 476 5853 ποιοῦ
521 5800 618 5853 καὶ
644 5802 843 5856 ποσοῦ
880 5801 1150 5873 όλοτήτων
1181 5805 1560 5860 συντεθεισῶν.
1612 5806 1673 5859 Εἰ
1710 5806 1767 5860 δὲ
1795 5807 1870 5871 ὡς

300 5894 469 5965 μέρος
509 5894 667 5966 μέρει
701 5894 954 5967 ἀλλήλοις
994 5898 1118 5954 τάδε
1174 5898 1478 5968 σύγκειται,
1527 5900 1743 5971 πρῶτον
1772 5903 1871 5973 μὲν

1966 3494 2073 3551 bus
2088 3494 2314 3550 omnino
2330 3496 2697 3566 compositum
2713 3497 2922 3554 fuisse?
2938 3500 3183 3572 Namque
3199 3503 3243 3559 si
3259 3520 3326 3559 ex
3348 3506 3563 3576 aliquot

1970 3588 2415 3657 praecedentibus
2447 3589 2583 3644 totis
2605 3590 2691 3645 vel
2722 3592 2976 3660 partibus
2995 3609 3026 3647 a
3054 3594 3327 3667 principio
3351 3596 3559 3653 factum

1970 3680 2125 3735 illum
2156 3678 2327 3735 fuisse
2356 3688 2575 3750 putant,
2615 3681 2778 3737 nobis
2835 3698 2993 3739 suam
3045 3685 3368 3755 Opinionem
3401 3697 3561 3758 pate-

1969 3771 2193 3839 faciant,
2224 3783 2306 3839 ut,
2341 3774 2387 3829 si
2411 3774 2484 3828 ita
2504 3774 2835 3844 loquuntur,
2866 3792 3025 3846 quasn
3055 3777 3122 3833 ad
3157 3788 3389 3835 caeteros
3408 3780 3558 3836 Grae-

1969 3878 2086 3929 cos,
2115 3880 2227 3919 non
2246 3873 2457 3919 tantum
2490 3866 2560 3920 ad
2583 3881 2688 3921 uos
2713 3867 2782 3922 de
2803 3868 2970 3923 modo
2989 3870 3317 3925 meonomiaa
3332 3871 3556 3927 dissen-

1971 3956 2191 4021 tientes,
2219 3956 2515 4028 diligenter
2562 3959 2992 4029 perpendamus.
3035 3961 3092 4017 Si
3118 3978 3251 4017 vero
3312 3974 3554 4019 conten-

1971 4049 2109 4104 tioni
2142 4050 2399 4120 pietatem
2431 4058 2851 4121 anteponentes,
2896 4069 2965 4109 ex
2993 4070 3107 4109 non
3133 4056 3361 4111 entibus
3392 4071 3556 4111 mun-

1971 4140 2104 4195 dum
2163 4140 2379 4196 unitum
2432 4141 2639 4197 factum
2690 4143 2861 4200 fuisse
2893 4146 3111 4212 dicunt,
3161 4161 3273 4202 non
3296 4163 3418 4212 ens,
3451 4165 3557 4204 nec

1973 4243 2146 4289 totum
2178 4250 2281 4290 nec
2311 4243 2522 4306 partem
2546 4250 2691 4301 esse,
2724 4236 2881 4293 fateri
2918 4248 3211 4310 cogentur.
3264 4241 3556 4307 Quomodo

1970 4341 2122 4397 ergo,
2154 4342 2281 4381 cum
2314 4328 2530 4382 nullum
2561 4336 2760 4391 totum,
2787 4330 3049 4401 nullaque
3084 4347 3213 4401 pars
3261 4347 3556 4401 praecesse-

1973 4417 2228 4482 rit,unio
2280 4417 2515 4488 hujusce
2551 4419 2721 4475 totius
2768 4421 2962 4475 mundi
3012 4420 3157 4476 facta
3188 4420 3554 4475 iuerit?Cum

1971 4511 2259 4580 quodlibet
2291 4512 2527 4577 unitum,
2555 4512 2833 4582 quoddam
2863 4520 3039 4567 totum
3094 4513 3217 4577 toti,
3252 4513 3368 4567 sive
3423 4527 3553 4581 pars

1972 4604 2138 4673 parti,
2168 4604 2285 4658 sive
2328 4619 2459 4673 pars
2487 4604 2708 4659 cuidam
2755 4604 2880 4667 toti,
2931 4604 3158 4658 uniatur
3206 4618 3435 4657 necesse
3458 4602 3555 4668 sit,

1895 4731 1947 4791 ι)
1973 4705 2140 4767 prout
2169 4695 2376 4758 dicitis,
2405 4696 2541 4751 falsa
2567 4711 2703 4766 ergo
2727 4706 2810 4751 est
2838 4696 2950 4766 jam
2978 4695 3172 4765 primae
3214 4694 3554 4765 propositio-

1970 4789 2057 4844 nis
2081 4788 2496 4843 demonstratio.
3344 4854 3359 4869 θ

2040 4881 2205 4935 Aliud
2276 4888 2461 4934 autem
2524 4879 2905 4950 quaerentibus
2974 4877 3135 4933 nobis
3187 4877 3551 4947 respondisti:

1965 4971 2102 5027 Cum
2131 4985 2294 5025 omne
2354 4985 2557 5040 corpus
2605 4986 2669 5023 ea:
2694 4986 2797 5041 quo
2837 4976 2895 5023 et
2948 4976 3152 5040 quanto
3182 4958 3552 5037 cumpositum

1966 5063 2205 5125 dicatur,
2241 5061 2543 5117 illorumne
2572 5070 2635 5117 ut
2697 5070 2942 5115 totorum
3010 5059 3097 5114 vel
3149 5058 3388 5129 partium
3421 5059 3555 5113 unio

1970 5172 2092 5213 esse
2124 5156 2362 5212 dicitur?
2386 5155 2443 5211 Si
2473 5155 2621 5211 enim
2650 5164 2713 5209 ut
2746 5162 3010 5217 totorum,
3034 5168 3157 5207 cum
3178 5153 3280 5207 ista
3303 5168 3413 5208 non
3444 5153 3558 5207 sint

1973 5250 2297 5308 substantia:
2326 5248 2603 5304 distinctae
2635 5254 2763 5309 ante
2802 5261 3022 5315 corpus,
3048 5244 3142 5299 ubi
3185 5254 3244 5299 et
3276 5246 3555 5313 quomodo

1973 5344 2122 5398 entia
2157 5342 2316 5396 tota?
2342 5339 2552 5395 Deinde
2583 5353 2719 5393 vero
2747 5335 3049 5407 quomodo,
3104 5336 3375 5391 totalitate
3403 5337 3555 5404 cujus

1975 5446 2033 5493 et
2058 5436 2245 5507 quanti
2272 5436 2329 5489 in
2369 5449 2481 5488 uno
2504 5447 2741 5502 corpore
2779 5430 2960 5500 primo
3017 5439 3328 5483 atomorum
3378 5427 3554 5491 unita,

1978 5537 2103 5599 post
2159 5527 2404 5597 primum
2458 5539 2682 5594 corpus,
2731 5521 3036 5578 secundum
3094 5520 3280 5574 adhuc
3330 5517 3556 5588 aliquod

1977 5637 2180 5691 corpus
2208 5636 2277 5676 ex
2305 5634 2407 5691 quo
2429 5625 2487 5672 et
2544 5625 2746 5686 quanto
2785 5615 2994 5670 factum
3040 5612 3179 5667 fuit?
3224 5610 3371 5666 Nihil
3406 5609 3556 5665 enim

1977 5722 2265 5786 supererat
2292 5728 2402 5768 non
2434 5710 2672 5775 unitum,
2697 5707 3070 5764 totalitatibus
3099 5706 3250 5775 cujus
3280 5710 3338 5757 et
3363 5700 3557 5772 quanti

1976 5807 2169 5863 unitis.
2211 5805 2269 5861 Si
2299 5819 2432 5866 vero
2462 5811 2525 5858 ut
2546 5818 2673 5874 pars
2702 5810 2858 5871 parte
2889 5801 2995 5856 alia
3032 5798 3157 5854 aliis
3202 5809 3550 5865 componun-

1976 5912 2091 5968 tur,
2122 5898 2299 5971 prima
2332 5898 2492 5969 cujus
2529 5894 2817 5950 totalitatis
2839 5909 2965 5964 pars
3010 5892 3069 5946 τὸ
3120 5889 3246 5962 quid
3276 5896 3337 5943 ut
3372 5884 3497 5958 quid
3521 5882 3550 5937 Ρ
