4032 6538
524 439 544 508 1
557 443 660 506 403

1750 439 2061 506 LEONTII
2099 440 2506 505 BYZANTINI

3654 445 3800 509 1404

518 553 887 624 δὶεῳιπιίιιπι
919 549 1256 622 sitpartium
1290 551 1408 608 haec
1441 550 1706 618 totalitas,
1739 561 1939 623 quanto
1980 553 2098 608 haec

2201 555 2364 621 ποίας
2392 555 2646 624 ὁλότητος
2680 556 2847 631 μέρος
2885 559 2949 614 τὸ
2995 560 3173 616 ποιὸν
3199 559 3275 625 ὡς
3313 559 3493 614 ποιόν
3513 575 3539 625 ;
3573 561 3640 614 Ei
3690 563 3798 632 μὲν

518 649 680 704 unica
705 663 832 718 pars
853 662 885 701 a
909 661 1010 701 sua
1036 646 1309 702 totalitate
1335 645 1544 702 ditl'ert.
1585 645 1902 702 Secundum
1923 663 2100 718 quan-

517 750 631 795 tum
657 755 783 811 pars
832 739 1001 795 etiam
1026 753 1159 810 ergo
1187 745 1294 794 est.
1318 738 1492 794 Porro
1528 738 1574 793 si
1608 739 1915 795 secundum
1949 737 2099 809 quod

517 848 646 904 pars
665 841 771 900 est,
810 832 1118 888 secundum
1150 832 1284 887 illud
1314 831 1481 887 etiam
1541 832 1913 902 componitur,
1968 846 2099 902 ergo

517 923 821 980 secundum
849 933 1133 995 quantum,
1155 923 1217 977 τὸ
1247 922 1375 994 quid
1421 921 1498 993 τῷ
1519 931 1718 994 quanto
1751 921 2102 992 componitur

519 1015 574 1070 in
607 1031 861 1086 corpore.
891 1014 947 1070 Si
971 1029 1103 1070 vero
1164 1013 1516 1085 inatqualium
1561 1015 1800 1086 partium
1855 1014 1928 1068 sit
1981 1013 2100 1070 haec

519 1108 785 1172 totalitas,
815 1123 942 1163 cum
965 1109 1125 1162 totius
1153 1116 1211 1164 et
1235 1109 1408 1175 partis
1424 1124 1534 1162 non
1547 1108 1620 1163 sit
1642 1107 1836 1165 eadem
1859 1106 2095 1178 species,

517 1199 588 1254 de
615 1199 704 1254 bis
733 1199 904 1255 totius
926 1199 1178 1271 partibus
1197 1201 1322 1271 quid
1353 1200 1499 1256 erit?
1521 1199 1694 1271 Hujus
1726 1215 1861 1256 vero
1891 1207 2098 1270 quanta

519 1307 667 1362 pars,
719 1293 808 1348 vel
855 1307 978 1362 quae
1020 1293 1126 1347 alia
1152 1308 1280 1362 pars
1319 1293 1459 1348 erit?
1517 1291 1856 1362 Quandoque
1903 1307 2098 1347 rursus

519 1393 784 1454 quantum
805 1384 934 1450 erit,
961 1385 1126 1456 hujus
1151 1401 1301 1454 pars,
1325 1385 1450 1455 quid
1476 1384 1560 1440 vel
1599 1382 1751 1439 aliud
1800 1383 1932 1455 quid
1954 1384 2098 1440 erit?

519 1476 791 1546 aliterque
831 1475 901 1542 si,
925 1485 986 1531 ut
1023 1476 1195 1547 partis
1222 1492 1349 1531 cum
1373 1485 1548 1548 parte,
1579 1477 1798 1532 illorum
1833 1485 1918 1534 est
1942 1478 2095 1542 unio,

525 1568 862 1639 inquirenda
891 1569 1074 1626 adhuc
1098 1570 1205 1625 erit
1228 1570 1426 1626 horum
1480 1571 1919 1642 uniuscujusque
1953 1580 2098 1626 tota-

523 1659 694 1716 litatis
749 1660 904 1724 unio,
954 1675 1026 1715 an
1086 1675 1154 1715 ex
1214 1661 1345 1718 totis
1396 1662 1482 1717 vel
1518 1662 1775 1732 partibus
1807 1662 1912 1725 sit,
1947 1661 2095 1732 quod

525 1753 871 1822 ignorabitur
935 1753 1249 1824 usquedum
1283 1770 1350 1809 ex
1379 1754 1639 1810 omnibus
1660 1755 1832 1810 unitis
1866 1753 2002 1825 quid
2025 1754 2098 1810 sit

523 1845 897 1914 reperiamus;
961 1846 1141 1900 solum
1186 1845 1336 1902 enim
1392 1845 1643 1901 divinum
1690 1845 1919 1901 omnino
1959 1845 2092 1900 sim-

521 1936 666 2005 plex,
687 1951 792 1992 nec
819 1951 886 1991 ex
917 1938 1047 1994 totis
1076 1952 1181 1993 nec
1206 1952 1276 1993 ex
1321 1937 1572 2008 partibus
1599 1936 1806 1993 factum
1863 1946 1970 1992 est.
2005 1935 2098 1992 Sic

518 2043 653 2100 ergo
706 2030 936 2084 omnino
965 2029 1440 2086 demonstrabitur
1474 2045 1590 2085 non
1639 2044 1803 2085 omne
1856 2029 2094 2094 unitum,

522 2128 637 2176 toto
666 2121 906 2192 quodam
938 2121 1061 2187 toti,
1092 2123 1178 2178 vel
1230 2129 1388 2192 parte
1441 2121 1605 2192 parti,
1660 2121 1749 2177 vel
1801 2129 1961 2191 parte
1995 2121 2097 2177 toti

521 2210 697 2276 unita,
729 2212 1008 2282 componi.
1045 2212 1172 2269 lizec
1200 2227 1335 2284 ergo
1351 2221 1436 2268 est
1484 2212 1678 2284 prima:
1723 2219 1924 2268 vestrae
1967 2227 2098 2284 pro-

521 2303 811 2371 positionis
827 2303 1305 2373 inconsequentia.

593 2394 847 2451 Secunda
879 2396 1184 2466 propositio
1205 2410 1398 2451 eorum
1451 2395 1508 2451 in
1537 2410 1606 2452 eo
1655 2394 1908 2452 consistit
1949 2394 2099 2465 quod

522 2503 710 2552 omne,
747 2487 1050 2544 secundum
1098 2502 1485 2558 quamcunque
1547 2487 1812 2544 unionem
1857 2487 2095 2553 unitum,

523 2579 750 2636 omnino
808 2580 1173 2651 compositum
1226 2579 1555 2650 ﬁnitumque
1612 2578 1928 2635 necessario
1982 2578 2095 2646 sit;

522 2665 865 2737 simplexque
895 2667 1138 2738 aliquod,
1182 2675 1361 2724 totum
1391 2683 1675 2738 nunquam
1720 2683 1883 2740 posse
1929 2669 2094 2734 uniri,

525 2757 860 2827 respondere
899 2759 1362 2828 praetermittunt;
1393 2758 1632 2829 exempli
1681 2759 1830 2814 enim
1887 2758 2096 2831 gratia,

525 2855 786 2918 punctum
822 2848 1204 2905 indubitanter
1221 2850 1340 2906 sine
1354 2858 1511 2920 parte
1537 2858 1642 2915 est,
1674 2849 1888 2905 unitum
1913 2858 2098 2905 autem

523 2940 724 2995 lineam
752 2939 938 2996 edicit.
968 2940 1255 3007 Quomodo
1273 2955 1404 3012 ergo
1428 2941 1647 2996 unitum
1680 2947 1768 2997 est
1799 2941 1948 3012 quod
1981 2956 2094 2997 non

523 3038 644 3086 erat
679 3031 1080 3101 compositum?
1103 3032 1377 3087 Punctum
1410 3031 1582 3098 enim,
1621 3031 1786 3102 vulgo
1837 3029 2098 3101 loquendi

525 3123 710 3190 modo,
748 3123 981 3194 simplex
1007 3139 1129 3179 esse
1157 3123 1418 3180 traditur.
1442 3122 1711 3180 Similiter
1761 3139 1981 3194 quoque
2017 3125 2100 3179 ul-

2199 647 2310 718 γάρ
2357 649 2741 721 ὁμοιομεροῦς,
2781 651 2936 724 ποσῷ
2978 652 3237 723 διάφορον
3278 652 3440 723 μόνον
3479 653 3602 706 ἐστὶ
3647 653 3793 722 πρός

2199 741 2297 811 τὴν
2317 739 2524 794 οίκείαν
2557 740 2789 813 όλότητα
2811 759 2826 776 ⁸
2859 744 3004 799 κατά
3025 760 3090 812 γε
3106 739 3200 798 οὖν
3235 743 3454 808 ποσὸν,
3485 743 3580 796 καὶ
3614 742 3795 812 μέρος

2197 832 2366 888 δστίν.
2394 833 2457 888 El
2493 835 2551 888 δὲ
2581 836 2706 890 καθ’
2737 835 2766 890 ὃ
2801 836 2969 907 μέρος
2994 836 3135 902 ἐστὶ,
3171 835 3314 890 κατά
3341 835 3501 890 τοῦτο
3525 835 3627 889 καὶ
3656 835 3793 904 σύγ-

2198 943 2401 992 κειται,
2454 927 2598 982 κατά
2636 926 2838 983 ποσὸν
2867 928 3013 1001 ἀρα,
3043 928 3142 982 καὶ
3181 929 3244 983 τὸ
3279 929 3458 984 ποιὸν
3499 925 3580 999 τῷ
3610 926 3792 992 ποσῷ

2198 1017 2489 1086 σύγκειται
2543 1018 2603 1072 ἐν
2656 1017 2892 1089 σώματι.
2958 1021 3022 1074 Et
3081 1018 3139 1074 δὲ
3188 1019 3624 1090 ἀνομοιομεροῦς
3667 1021 3790 1073 ἐστι

2197 1111 2322 1166 τάδε
2349 1111 2626 1182 ὁλότητος,
2655 1111 2890 1183 ἐπείπερ
2921 1112 2984 1166 ού
3008 1112 3206 1168 ταυτὸν
3233 1112 3314 1184 τῷ
3341 1129 3402 1165 τε
3432 1113 3556 1177 ὅλῳ
3584 1112 3678 1165 καὶ
3707 1111 3790 1180 τῷ

2191 1201 2358 1272 μέρει
2412 1197 2552 1265 εἶδός
2587 1203 2772 1266 ἐστιν,
2808 1200 3032 1255 ἐπὶτῶν
3065 1201 3286 1255 τοιῶνδε
3327 1199 3422 1254 τοῦ
3447 1199 3573 1252 ὅλου
3605 1196 3789 1252 ποιοῦ

2195 1294 2373 1358 ὄντος.
2425 1291 2632 1346 Τούτου
2661 1291 2718 1346 δὲ
2767 1289 2934 1363 μέρος
2978 1290 3168 1354 ποσὸν,
3199 1291 3233 1362 ἢ
3269 1289 3457 1360 ἕτερόν
3497 1305 3551 1342 τι
3593 1289 3784 1352 locat;

2195 1386 2308 1440 Καὶ
2353 1383 2448 1440 τοῦ
2495 1385 2620 1439 ὅλου
2653 1383 2815 1438 πάλιν
2853 1382 3054 1438 ποσοῦ
3090 1381 3262 1446 ὄντος.
3295 1380 3356 1436 τὺ
3400 1380 3555 1434 τοῦδε
3589 1380 3784 1450 μέρος,

2196 1479 2424 1550 ποιὸνῆ
2447 1477 2636 1550 ἕτερόν
2661 1495 2713 1531 τι
2737 1476 2926 1543 Eant;
2955 1476 3055 1530 καὶ
3074 1475 3252 1540 ἄλλως
3275 1474 3357 1540 δὲ,
3392 1474 3442 1528 εί
3461 1474 3542 1537 ὡς
3573 1472 3787 1543 μέρους

2197 1571 2334 1643 πρὸς
2385 1571 2550 1644 μέρος
2587 1571 2702 1625 ἐστὶ
2732 1568 2938 1624 τούτων
2977 1571 3012 1642 ή
3062 1568 3344 1634 σύνθεσις,
3389 1568 3664 1638 ζητητέον
3700 1566 3786 1620 ἔτι

2195 1665 2292 1718 καὶ
2317 1663 2418 1734 τῆς
2447 1645 2656 1717 τούτων
2696 1660 2964 1734 ἑκατέρας
2987 1660 3243 1734 ὁλότητος
3268 1660 3368 1733 τὴν
3396 1658 3683 1722 σύνθεσιν,
3735 1658 3787 1711 εί

2195 1753 2256 1820 ἐξ
2278 1754 2416 1809 ὅλων
2444 1753 2477 1826 ἢ
2507 1754 2688 1826 μερῶν
2709 1755 2863 1819 ὲστις
2895 1754 2992 1808 καὶ
3021 1753 3109 1806 ἐπ’
3131 1753 3358 1824 ἄπειρον
3377 1750 3554 1818 τοῦτο,
3579 1750 3695 1815 ἓως
3720 1743 3785 1803 οὖ

2197 1846 2456 1920 εὖροιμέν
2480 1864 2534 1900 τι
2551 1845 2582 1901 ὃ
2609 1845 2718 1900 τῶν
2743 1845 2960 1900 πάντων
2988 1844 3262 1900 συνθέτων
3291 1843 3354 1897 όν
3379 1843 3564 1914 (μόνον
3585 1843 3703 1913 γάρ
3725 1840 3788 1895 ab

2197 1939 2354 1994 Θεϊον
2387 1938 2567 2008 πάντη
2601 1935 2858 2009 ἁπλοῦν),
2892 1934 3029 2008 μήτε
3057 1935 3118 2002 ἐξ
3155 1935 3293 1990 ὅλων
3333 1936 3470 2006 μήτε
3499 1935 3565 1988 ὲκ
3593 1933 3788 2005 μερῶν

2197 2030 2440 2100 γέγονεν.
2471 2029 2584 2084 Καὶ
2611 2027 2756 2083 οὕτω
2784 2029 3004 2091 πάντως
3027 2027 3395 2098 δειχθήσεται,
3420 2027 3483 2080 οὐ
3511 2027 3626 2080 πᾶν
3654 2026 3786 2078 σύν-

2197 2121 2374 2186 θετον,
2396 2121 2517 2175 ὅλου
2538 2119 2684 2185 τινὸς
2711 2119 2840 2190 ὅλῳ,
2871 2119 2905 2191 ἢ
2936 2119 3138 2190 μέρους
3165 2118 3342 2190 μέρει,
3373 2117 3406 2188 ἢ
3442 2116 3649 2188 μέρους
3677 2114 3788 2186 ὅλῳ

2199 2212 2568 2278 συντεθέντος,
2597 2210 2945 2280 συγκεῖσθαι.
2960 2208 3148 2264 Ταῦτα
3179 2209 3277 2279 μὲν
3299 2202 3392 2264 οὖν
3418 2207 3520 2279 τῆς
3549 2206 3788 2278 πρώτης

2198 2303 2352 2376 ὑμῶν
2377 2301 2697 2376 προτάσεως
2730 2300 2801 2356 τά
2831 2299 3193 2356 ἀνακόλουθα.

2269 2395 2380 2448 Καὶ
2407 2392 2510 2464 τῆς
2548 2392 2811 2464 δευτέρας
2839 2391 2898 2446 δέ
2926 2407 3012 2456 τις
3039 2393 3073 2464 ἠ
3109 2390 3390 2460 ἀπόφασις
3415 2391 3510 2445 τοῦ
3553 2393 3674 2444 πᾶν
3723 2389 3789 2442 τὸ

2198 2487 2320 2542 καθ’
2337 2485 2556 2541 οίανοῦν
2587 2485 2839 2540 σύνθεσιν
2871 2484 3276 2555 συντιθέμενον,
3291 2483 3511 2548 πάντως
3533 2481 3789 2554 ὲμμερὲς

2197 2577 2336 2634 εἶναι
2359 2579 2471 2634 δεῖν
2492 2579 2589 2633 καὶ
2621 2576 3000 2649 περιγραπτόν
3025 2593 3042 2610 ·
3075 2576 3172 2630 καὶ
3200 2575 3323 2648 οὐχὶ
3354 2574 3452 2630 καὶ
3485 2573 3702 2647 ἀμερές
3731 2590 3788 2626 τι

2197 2671 2318 2726 ὅλον
2354 2670 2618 2726 δύνασθαί
2650 2687 2786 2725 ποτε
2817 2669 3183 2735 συντίθεσθαι,
3231 2667 3602 2739 παρελθόντες
3648 2667 3789 2721 ἀπο-

2201 2763 2481 2835 κρίνεσθαι
2503 2778 2518 2794 ·
2550 2763 2673 2818 ίδοὺ
2707 2762 2816 2835 γάρ
2844 2761 2904 2816 τὺ
2933 2762 3175 2832 σημεῖονζ
3193 2759 3608 2833 ἀναντιρρήτως
3634 2759 3784 2829 ἀμε-

2201 2853 2294 2926 ρές
2321 2856 2460 2918 ἐστι,
2488 2853 2870 2925 συντιθέμενον
2893 2853 2949 2906 δὲ
2986 2848 3253 2924 γραμμὴν
3294 2850 3614 2905 ἀπετέλεσε.
3653 2849 3787 2912 Πῶς

2198 2939 2292 2997 οὖν
2317 2943 2576 3014 συνετέθη
2603 2941 2665 2997 τὸ
2691 2943 2792 2996 ούκ
2822 2941 3067 3013 ὲμμερές
3091 2957 3106 3008 ;
3147 2941 3221 2994 Τὸ
3245 2938 3356 3011 γὰρ
3383 2942 3613 3010 σημεῖον
3655 2955 3785 2993 κοι-

2199 3036 2318 3099 ναῖς
2366 3034 2683 3105 ὁμολογίαις
2723 3032 2932 3104 ἀμερὲς
2987 3030 3194 3085 δέδοται
3243 3025 3408 3085 εἶναι.
3452 3029 3687 3100 Ὁμοίως
3725 3029 3788 3084 δὲ

2200 3125 2296 3180 καὶ
2324 3124 2394 3180 τά
2420 3123 2627 3195 ἔσχατα
2668 3125 2832 3195 μόρια
2857 3120 2952 3176 τοῦ
2972 3121 3168 3193 χρόνου
3193 3159 3208 3184 ,
3248 3120 3430 3191 ἀμερῆ
3458 3118 3609 3182 ὄντα,
3642 3116 3785 3188 χρόα

525 3213 660 3268 tima
681 3222 958 3269 momenta
990 3213 1276 3285 temporis,
1308 3229 1432 3284 quae
1462 3213 1638 3268 dividi
1672 3229 1783 3268 non
1833 3222 2094 3285 possunt,

2201 3234 2290 3272 νον
2327 3218 2395 3271 ὲκ
2421 3215 2722 3280 συνθέσεως
2753 3213 3025 3270 ἀποτελεῖ.
3056 3208 3189 3267 Εἶτα
3213 3211 3271 3266 δὲ
3298 3213 3394 3265 καὶ
3421 3211 3549 3279 περὶ
3596 3208 3786 3279 ψυχῆς

526 3314 743 3376 tempus
773 3320 842 3360 ex
883 3305 1088 3361 unione
1129 3304 1446 3377 perﬁciunt.
1485 3303 1624 3360 Dein
1667 3311 1852 3359 autem
1884 3304 2016 3374 quid
2043 3313 2101 3360 et

524 3396 596 3452 de
623 3396 801 3452 anima
825 3407 1014 3453 nostra
1037 3396 1260 3453 dicitis?
1288 3396 1373 3451 An
1400 3396 1568 3452 etiam
1615 3394 1776 3451 vobis
1821 3411 1892 3451 ex
1931 3395 2101 3467 parti-

526 3487 632 3544 bus
666 3489 979 3544 coalescere
1009 3488 1254 3554 videtur,
1285 3503 1407 3558 quae
1436 3486 1658 3559 corpori
1707 3487 2102 3559 conjungitur?

524 3580 609 3636 An
646 3580 877 3651 simplex
904 3595 1006 3636 nec
1038 3579 1215 3645 unita,
1246 3578 1316 3634 ad
1371 3593 1573 3649 corpus
1605 3567 1814 3636 astaret
1862 3586 2098 3647 tantum,

520 3673 674 3744 juxta
703 3681 942 3729 vestram
974 3671 1344 3730 sententiam?
1375 3671 1660 3743 Siquidem
1679 3671 2102 3744 quodlibetuni-

529 3773 644 3819 tum
664 3780 733 3820 ex
760 3763 1016 3835 partibus
1031 3763 1237 3820 factum
1258 3771 1362 3819 est.
1386 3761 1445 3819 Si
1467 3778 1599 3835 ergo
1619 3762 1764 3820 hanc
1789 3763 2098 3835 simplicem

524 3855 1059 3926 atqueindelinitam,
1087 3863 1316 3927 propter
1339 3853 1488 3927 quod
1509 3870 1622 3911 non
1646 3855 1858 3912 unitam
1885 3855 1955 3912 ad
1973 3871 2101 3913 cor-

527 3963 632 4018 pus
666 3947 842 4015 scitis,
873 3963 984 4004 uon
1001 3947 1441 4004 diuturnissimis
1476 3947 1784 4005 ratiociniis
1798 3963 1898 4006 vos
1929 3949 2100 4005 inter-

528 4055 870 4110 rumpemus,
906 4039 1002 4096 sed
1043 4038 1316 4096 ﬂammam
1334 4040 1476 4112 ignis
1507 4041 1665 4097 carni
1688 4049 1906 4106 vestrae,
1931 4039 1976 4096 si
2005 4041 2101 4097 ad-

527 4129 638 4184 huc
684 4138 872 4185 tamen
921 4129 1103 4201 aliqua
1146 4139 1346 4186 vestra:
1397 4139 1671 4202 superest,
1719 4131 2098 4199 admoveritis,

527 4236 557 4274 a
585 4219 742 4276 vobis
761 4221 1152 4291 exquiremus:
1187 4220 1270 4276 An
1295 4221 1504 4292 patitur
1529 4222 1688 4293 quasi
1709 4222 1922 4295 aliquid
1945 4239 2102 4281 com-

529 4313 780 4369 burentis
816 4313 998 4369 anima
1020 4323 1204 4371 vestra
1225 4313 1294 4369 de
1310 4313 1399 4370 his
1427 4314 1719 4371 nobiscum
1740 4315 2062 4386 colloquens
2079 4360 2094 4383 ,

528 4407 614 4462 vel
639 4407 787 4462 non?
815 4421 924 4462 non
957 4406 1107 4462 enim
1133 4405 1241 4463 hoc
1270 4421 1304 4462 a
1334 4421 1568 4478 corpore
1629 4407 1996 4478 exquirimus.
2040 4407 2099 4467 Si

525 4507 711 4553 autem
731 4498 867 4555 nihil
883 4499 1067 4554 anima
1092 4507 1272 4556 vestra
1299 4499 1368 4555 ab
1397 4499 1584 4571 aliquo
1609 4500 1970 4558 comburente
1987 4503 2100 4573 pati

2200 3309 2332 3380 ἡμῖν
2361 3307 2416 3363 τί
2453 3323 2618 3380 φατες
2654 3307 2727 3360 Ἢ
2751 3305 2862 3378 γάρ
2891 3304 3138 3378 ὲμμερὴς
3172 3303 3269 3358 καὶ
3306 3301 3448 3372 αὕτη
3472 3302 3605 3373 ὑμῖν
3629 3300 3789 3354 δοκεί

2200 3397 2340 3455 εῖναι
2377 3399 2500 3454 ἐπεὶ
2547 3398 2831 3468 σύγκειται
2863 3399 2942 3466 τῷ
2993 3397 3249 3468 σώματι;
3285 3397 3357 3450 Ἥ
3396 3393 3611 3467 ἀμερὴς
3637 3389 3781 3448 οὖσα

2199 3491 2298 3546 καὶ
2327 3490 2642 3558 ἀσύνθετος,
2675 3490 2817 3562 πρὸς
2862 3489 3024 3562 σῶμα
3051 3490 3296 3561 πέφυκεν
3331 3483 3490 3552 εἶναι,
3527 3485 3671 3541 κατά
3711 3487 3777 3540 τὸ

2201 3581 2466 3656 ὑμέτερον
2509 3582 2760 3655 ἀξίωμα;
2800 3583 2960 3655 εἴπερ
3003 3583 3114 3638 πᾶν
3148 3582 3212 3638 τὸ
3250 3580 3653 3652 συντιθέμενον,
3675 3579 3782 3650 Ep.-

2204 3674 2368 3746 μερές
2406 3675 2574 3729 ἐστιν.
2603 3676 2668 3729 Ei.
2709 3675 2808 3746 μὲν
2834 3670 2928 3730 οὖν
2968 3673 3174 3745 ταύτην
3205 3674 3389 3745 ἀμερῆ
3425 3690 3486 3726 τε
3517 3672 3616 3726 καὶ
3643 3671 3786 3725 ἀπεο

2201 3764 2503 3837 ρίγραπτον
2526 3804 2542 3831 ,
2571 3765 2639 3819 δι’
2695 3765 2725 3819 ὅ
2777 3765 2843 3838 δὴ
2905 3766 3000 3820 καὶ
3047 3763 3341 3821 ἀσύνθετον
3377 3765 3493 3818 ίστε
3534 3761 3674 3832 πρὸς
3717 3760 3785 3814 τὸ

2203 3858 2385 3930 σῶμα,
2427 3858 2488 3912 ού
2533 3858 2810 3923 πλείστοις
2850 3858 2996 3930 ὑμᾶς
3033 3858 3218 3930 λόγοις
3259 3857 3603 3928 ἑγκόψομεν,
3641 3853 3783 3909 ἀλλά

2201 3949 2376 4023 πυρὸς
2405 3949 2697 4022 θρυαλλίδα
2727 3951 2804 4022 ,τῇ
2837 3948 3079 4023 ὑμετέρᾳ
3114 3949 3298 4022 σαρκὶ,
3331 3949 3450 4016 εῐγε
3467 3946 3661 4002 λοιπὸν
3684 3945 3781 4000 καὶ

2201 4040 2444 4113 ὑμετέρα
2461 4040 2696 4111 λέγοιτο,
2710 4040 3110 4113 προσάψαντες,
3125 4037 3426 4112 πυθώμεθα
3440 4038 3470 4091 ύ
3477 4037 3618 4111 μῶν·
3633 4032 3783 4106 Ἀρά

2200 4150 2268 4204 γε
2321 4132 2510 4203 ἀλογεῖ
2565 4132 2692 4187 ἐπεὶ
2741 4130 2824 4204 τῷ
2874 4131 3152 4204 καιομένῳ
3191 4131 3226 4202 ἡ
3272 4127 3780 4202 προσδιαλεγομένη

2201 4228 2336 4301 ἡμῖν
2365 4225 2512 4298 ψυχὴ
2555 4225 2712 4296 ὑμῶν
2755 4225 2888 4294 περὶ
2941 4225 3172 4293 τούτων,
3221 4224 3256 4296 ἢ
3304 4223 3454 4296 ούχί;
3502 4223 3630 4278 οὐδὲ
3669 4222 3781 4294 γὰρ

2202 4319 2342 4393 πρὸς
2363 4319 2425 4375 τδ
2448 4319 2608 4390 σῶμα
2631 4317 2732 4391 τὴν
2747 4317 2940 4373 πεῦσιν
2956 4316 3282 4390 ποιούμεθα.
3306 4317 3428 4372 Κάν
3447 4317 3548 4389 μὲν
3569 4315 3781 4370 εἴποιτε

2206 4413 2283 4486 μὴ
2314 4411 2545 4484 πάσχειν
2587 4428 2640 4466 τι
2666 4410 2766 4483 τὴν
2794 4409 2974 4482 ψυχὴν
2999 4411 3093 4465 ἐπὶ
3118 4410 3200 4481 τῷ
3223 4409 3523 4482 καιομένῳ,
3547 4410 3784 4464 ἀπελευ-

2205 4505 2414 4578 σόμεθα
2441 4504 2791 4576 σιγήσαντες,
2823 4499 2913 4558 οἷα
2933 4505 3003 4576 τῇ
3029 4503 3272 4575 ἀπαθείᾳ
3297 4503 3453 4574 ὑμῶν
3476 4502 3782 4574 ἐληλεγμέ-

527 4591 796 4658 dixeritis,
843 4592 1071 4649 silentes
1123 4593 1492 4660 discedemus,
1538 4593 1760 4650 inscitia
1813 4603 2000 4652 vestra
2025 4596 2097 4652 de

2201 4615 2304 4664 νοι,
2350 4597 2451 4668 τὴν
2497 4595 2629 4668 περὶ
2673 4595 2882 4651 τούτων
2922 4596 3144 4665 ἄγνοιαν
3184 4594 3581 4665 ἐναργέστατα.
3621 4595 3690 4649 Ei
3723 4595 3784 4649 δὲ

529 4682 619 4737 his
680 4682 752 4738 ob
800 4683 1284 4740 insensibilitatcm
1337 4693 1580 4741 vestram
1650 4685 2098 4744 manifestissime

529 4773 788 4830 convicti.
814 4773 873 4830 Si
896 4791 1030 4832 vero
1061 4775 1226 4834 nimis
1265 4776 1627 4833 vehementer
1665 4777 1780 4848 pati
1824 4777 2097 4846 dixeritis,

516 4885 634 4928 .nec
653 4854 721 4929 de
748 4870 835 4928 his
863 4871 934 4928 ob
967 4871 1225 4929 ardorem
1255 4871 1494 4942 colloqui
1533 4873 1834 4940 sustinere,
1860 4889 1893 4930 a
1935 4875 2102 4933 nobis

529 4963 736 5029 scietis,
762 4963 1034 5020 ﬂammam
1055 4979 1157 5021 nos
1191 4979 1303 5020 non
1335 4964 1618 5022 ablaturos
1642 4980 1747 5022 nec
1793 4975 2104 5024 remoturos

528 5069 651 5110 csse
673 5053 852 5110 donec
875 5055 1036 5111 nobis
1066 5055 1186 5112 haec
1205 5055 1530 5129 sympathia;
1556 5071 1721 5114 causa
1767 5059 2102 5129 persuadea-

531 5155 639 5200 tur.
665 5145 857 5218 Magna
883 5162 916 5202 a
942 5145 1108 5203 nobis
1127 5147 1304 5219 surgit
1350 5146 1681 5217 dillicultas;
1728 5149 1856 5207 ideo
1899 5166 2104 5224 corpus

527 5254 598 5294 ex
619 5237 869 5308 partibus
921 5238 1126 5295 factum
1156 5255 1258 5297 nos
1281 5240 1663 5300 comburimus
1707 5259 1821 5301 non
1860 5261 1982 5313 vos,
2003 5261 2104 5303 seu

529 5339 766 5387 vestram
790 5331 1093 5402 simplicem
1132 5347 1237 5390 nec
1293 5334 1504 5391 unitam
1554 5336 1776 5408 corpori
1839 5338 2103 5404 animam,

531 5426 621 5482 cui
645 5425 955 5497 loquimur;
979 5427 1272 5499 eidemque
1298 5437 1482 5486 tamen
1517 5431 1842 5502 operatione
1864 5432 2105 5489 naturali

532 5520 652 5600 haec
682 5518 938 5590 impediri
970 5519 1147 5588 dicit;
1175 5523 1386 5578 etenim
1411 5522 1458 5579 si
1481 5523 1663 5580 anima
1696 5540 1828 5580 vere
1877 5525 1951 5582 sit
1974 5542 2106 5597 par-

533 5611 674 5666 tium
736 5626 954 5682 expers,
995 5628 1090 5670 seu
1137 5621 1334 5669 natura
1371 5615 1480 5673 alia
1545 5616 1754 5687 quaevis
1810 5616 1866 5672 in
1919 5618 2104 5684 nobis,

533 5701 712 5758 multo
741 5702 904 5759 modo
931 5705 999 5760 ad
1024 5705 1246 5776 aliquod
1276 5707 1591 5780 subjicitur,
1621 5709 1769 5779 quod
1794 5710 2105 5766 secundum

535 5791 750 5852 nullum
775 5793 1000 5851 modum
1031 5796 1198 5853 alicui
1233 5797 1544 5870 subjectum
1587 5807 1710 5866 est;
1753 5799 1852 5856 sed
1887 5816 2108 5872 semper

537 5882 848 5942 absolutum
876 5901 940 5942 ac
973 5900 1072 5956 per
1095 5901 1156 5943 se
1185 5886 1512 5956 subsistens,
1549 5903 1672 5946 cum
1705 5902 1968 5959 percusso
1997 5906 2109 5950 non

2202 4691 2299 4746 καὶ
2325 4690 2464 4759 ἄγαν
2489 4686 2735 4762 σφοδρῶς
2759 4686 3051 4743 ὀδυνᾶσθαι
3087 4686 3181 4742 ἐπὶ
3210 4686 3384 4756 τούτῳ
3411 4684 3618 4740 εἴποιτε
3635 4727 3653 4752 ,
3686 4687 3785 4740 καὶ⁵

2206 4779 2342 4852 μηδὲ
2403 4780 2693 4851 καρτερεῖν
2728 4777 3076 4847 διαλέγεσθαι
3123 4775 3258 4847 περὶ
3304 4773 3513 4830 τούτων
3566 4773 3658 4828 διά
3689 4774 3784 4828 τὸν

2202 4871 2520 4943 φλογισμὸν,
2535 4868 2835 4925 ἀκούσεσθε
2856 4868 2989 4942 παρ’
3012 4867 3190 4941 ἡμῶν,
3209 4868 3293 4922 ὃτι
3315 4867 3419 4923 οὐκ
3440 4866 3781 4938 ἀφεξόμεθα,

2203 4963 2324 5018 οὐδὲ
2372 4963 2759 5035 ἀποστήσομεν
2805 4961 2908 5033 τὴν
2945 4961 3262 5033 θρυαλλίδα,
3305 4959 3412 5025 ἕως
3451 4960 3520 5015 ἀν
3564 4961 3594 5014 ὁ
3623 4959 3782 5027 λόγος

2204 5057 2352 5127 ἡμᾶς
2397 5056 2563 5130 πείσῃ
2614 5055 2715 5128 τὴν
2746 5055 2928 5110 αἰτίαν
2965 5055 3065 5126 τῆς
3114 5051 3485 5124 συμπαθείας.
3539 5053 3784 5123 ’Δπορον

2205 5150 2338 5222 παρ’
2389 5150 2523 5221 ἡμῖν
2572 5146 2888 5203 ἀνακύπτει-
2936 5145 3132 5218 μέγα·
3191 5144 3327 5199 διότι
3386 5145 3554 5216 ἡμεῖς
3623 5143 3784 5215 σῶμα

2206 5240 2436 5312 καίομεν
2463 5237 2728 5312 ὲμμερὲς,
2751 5237 2848 5293 καὶ
2865 5237 2965 5309 οὐχ
2991 5237 3168 5308 ὑμᾶς·
3199 5237 3368 5307 ἤγουν
3386 5234 3567 5308 ψυχὴν
3593 5235 3780 5308 ἀμερῆ

2206 5335 2303 5389 καὶ⁴
2331 5332 2624 5388 ἀσύνθετον
2661 5333 2799 5404 πρὸς
2828 5331 2991 5405 σῶμα
3017 5331 3116 5403 τὴν
3149 5331 3445 5404 ὑμετέραν,
3473 5325 3509 5407 ᾖ
3538 5331 3785 5404 προσλα-

2206 5425 2406 5497 λοῦμεν
2435 5441 2448 5454 ·
2472 5425 2567 5478 καὶ
2587 5425 2738 5496 ὅμως
2770 5424 2908 5494 αὐτῇ
2931 5424 3031 5494 τῆς
3056 5425 3296 5496 φυσικῆς
3327 5422 3466 5492 αὕτη
3499 5423 3786 5496 ἐνεργείας

2208 5503 2598 5590 ἐμποδίζεσθαί
2633 5531 2808 5588 φησι·
2842 5516 2938 5570 καὶ
2974 5515 3084 5586 γάρ
3113 5516 3162 5570 εί
3195 5517 3407 5589 ἀμερὴς
3432 5516 3606 5582 ὅντως
3634 5517 3787 5570 ἐστὶν

2207 5611 2242 5682 ἦ
2279 5608 2449 5680 ψυχὴν
2482 5607 2518 5678 ἢ
2548 5607 2713 5680 ἑτέρα
2743 5624 2828 5670 τις
2850 5606 3035 5661 οἱαοῦν
3067 5607 3230 5678 φύσις
3259 5607 3383 5664 καθ’
3414 5609 3578 5680 ὑμᾶς.
3610 5608 3790 5663 οὐδενὶ

2208 5702 2395 5774 τρόπῳ
2438 5700 2576 5772 πρός
2599 5717 2652 5755 τι
2680 5699 3051 5769 συγκείσεται,
3079 5701 3142 5754 τὸ
3167 5701 3226 5754 δὲ
3249 5702 3392 5757 κατά
3427 5701 3636 5772 μηδένα
3658 5702 3789 5773 τρό-

2209 5810 2311 5848 πον
2333 5791 2444 5846 τινὶ
2489 5792 2845 5863 συγκείμενον
2871 5806 2886 5821 ’
2935 5791 3052 5846 ἀλλ’
3093 5793 3366 5849 ἀπόλυτον
3403 5793 3492 5848 ἀεὶ
3532 5795 3628 5848 καὶ
3657 5793 3786 5848 καθ’

2211 5885 2372 5941 ἑαυτὸ
2400 5883 2786 5956 ὑφιστάμενον,
2819 5883 2943 5941 οὔτε
2974 5886 3297 5958 τυπτομένῳ
3325 5887 3494 5960 ἑτέρῳ
3519 5887 3627 5942 τινὶ
3653 5902 3790 5957 συμ·
