4032 6536
348 458 487 531 1405

1277 467 1674 533 ADVERSUS
1710 467 2261 538 NESTORIANOS.
2299 498 2370 513 ·--
2407 477 2556 541 LIB.
2600 477 2653 541 Ι.

3463 473 3600 541 1406

342 574 665 648 πλήττεται,
712 573 837 631 οὔτε
888 576 1151 649 πάσχοντι
1184 582 1773 655 συγκολαφισθήσεται,
1798 585 1918 640 οὗτε

2026 589 2393 658 percutietur,
2426 604 2553 645 cum
2576 597 2777 646 vexato
2803 602 2917 646 non
2966 587 3278 657 vexabitur,
3339 604 3443 646 nec
3472 605 3599 646 cum

341 668 590 740 ἡδομένῳ
647 671 1102 742 συνευφραίνεται
1142 714 1159 740 ,
1212 674 1247 744 ἢ
1312 675 1503 741 ἁπλῶς
1564 677 1674 732 τῶν
1744 679 1924 734 αὐτῶν

341 759 725 817 ἀπολαύσειεν.
786 762 924 815 Οὐδὲ
974 765 1128 817 τουτὶ¹
1207 765 1376 830 πάθος
1423 767 1486 821 τὸ
1554 769 1687 823 αὐτὸ
1719 811 1734 835 ,
1800 770 1923 825 κατ’

340 849 573 923 ἀριθμὸν
632 851 743 905 τῶν
816 852 989 926 ἑτέρῳ
1068 856 1505 927 συμϐαινόντων,
1558 863 1667 915 τινὶ
1711 879 1925 934 συμμε-

345 942 659 1012 ρισθήσεται
684 959 698 974 ο
740 944 934 1015 ἀμέλει
966 945 1061 1000 τοῦ
1105 948 1363 1004 πλουσίου
1395 953 1453 1006 ὲν
1495 953 1747 1026 σπατάλῃ
1795 972 1925 1008 κατ-

341 1036 757 1107 ευωχουμένου,
821 1038 1075 1112 Λάζαρος
1124 1041 1224 1095 οὐκ
1294 1043 1619 1116 εὐφραίνετο
1649 1062 1663 1078 ⁸
1721 1048 1925 1118 ὁμοίως

339 1127 399 1180 δὲ
435 1122 563 1182 οὔτε
611 1131 671 1183 ὲν
730 1132 929 1204 γεέννῃ
979 1133 1138 1188 τοῦδε
1184 1136 1581 1208 φλογιζομένου
1607 1179 1623 1206 ,
1672 1140 1923 1213 Λάζαρος

340 1219 598 1276 ὠδυνᾶτο.
645 1223 787 1278 Ἀλλ’
827 1224 950 1280 οὐδὲ
983 1227 1147 1297 ἡμεῖς
1177 1228 1274 1283 νῦν
1299 1230 1430 1301 ὑμῖν
1468 1232 1770 1301 φάσκουσιν
1802 1234 1923 1289 ὀδυ-

342 1314 535 1368 νᾶσθαι
567 1315 661 1369 ἐπὶ
694 1319 758 1388 τῇ
811 1317 1111 1390 θρυαλλίδι,
1161 1323 1604 1396 συνηλγήσαμεν,
1638 1326 1921 1383 άσύνθετοι

343 1404 480 1476 πρὸς
508 1406 653 1475 ὑμᾶς
680 1408 1129 1480 ὁμολογουμένως
1155 1412 1517 1485 ὑπάρχοντες.

412 1501 474 1553 El
510 1500 567 1554 δὲ
600 1500 773 1556 ταῦτα
808 1504 1379 1581 άντιπεριτραπείσης
1420 1510 1607 1575 αὐτοῖς
1652 1510 1754 1583 τῆς
1785 1511 1921 1576 ἰδίας

343 1594 702 1665 κακουργίας,
735 1592 988 1668 αἰσθήσει
1039 1600 1345 1671 μάχεσθαι,
1380 1604 1512 1668 τοὺς
1548 1605 1692 1673 ἄγαν
1727 1621 1922 1675 φυσιο-

343 1689 526 1755 λογεῖν
561 1686 922 1759 βουλομένους
953 1692 1049 1747 καὶ
1083 1694 1165 1756 εις
1186 1693 1256 1747 τὰ
1286 1693 1409 1750 θεῖα
1438 1696 1624 1766 σαφῶς
1653 1697 1922 1769 παρίστη-

347 1794 422 1839 σι.
456 1779 531 1850 μή
574 1797 626 1833 τι
655 1781 763 1852 ἄρα
784 1780 846 1835 τὸ
876 1782 1064 1855 ἕτερον
1090 1786 1411 1857 αἱρήσονται
1442 1788 1632 1853 σκέλος
1663 1792 1765 1860 τῆς
1784 1790 1918 1844 διαιο

348 1869 569 1940 ρέσεως,
621 1872 748 1942 περὶ
793 1872 972 1945 ψυχῆς
1020 1875 1220 1946 λέγειν,
1252 1879 1338 1932 ὅτι
1383 1881 1635 1952 ἐμμερής
1663 1881 1722 1934 τέ
1767 1882 1917 1934 ἐστιν

345 1962 443 2015 ᾰτε
486 1963 578 2016 καὶ
614 1966 988 2038 περιγραπτή,
1015 1968 1114 2021 καὶ
1140 1968 1230 2024 διὰ
1263 1968 1424 2025 τοῦτο
1454 1971 1550 2026 καὶ
1574 1971 1856 2040 σύγκειται
1885 1974 1919 2043 ή

341 2052 490 2126 ψυχὴ
519 2054 597 2128 τῷ
625 2056 862 2130 ὲμμερεῖ
910 2062 1007 2114 καὶ
1042 2063 1409 2134 περιγραπτῷ
1440 2064 1691 2136 σώματι;
1725 2065 1789 2120 Εἰ
1824 2064 1920 2121 οὖν

340 2146 500 2201 τοῦτο
514 2146 748 2218 λέγοιτε,
778 2150 963 2215 πάλιν,
990 2154 1285 2224 σκέψασθε,
1309 2155 1572 2227 φαίημεν,
1599 2157 1668 2212 τὰ
1689 2158 1919 2225 συναγό-

349 2254 507 2309 μενα·
528 2239 748 2311 πρῶτον
780 2242 879 2313 μὲν
906 2243 1010 2317 γὰρ
1041 2244 1356 2313 συναύξοιτο
1379 2248 1474 2302 καὶ
1504 2250 1919 2319 συναπομειοϊτο

344 2328 438 2383 καὶ
490 2330 937 2405 συνδιατέμνοιτο
983 2335 1064 2407 τῷ
1114 2336 1334 2408 σώματι
1361 2355 1376 2369 ’
1424 2339 1473 2392 εί
1518 2339 1576 2393 δὲ
1624 2340 1700 2411 μή
1740 2356 1825 2409 γε,
1856 2340 1918 2393 τὸ

345 2420 580 2490 αύξηθὲν
602 2424 764 2496 σῶμα
796 2427 857 2480 ού
892 2427 1126 2493 ζωώσει,
1158 2429 1233 2501 μὴ
1264 2431 1599 2503 ἐγγενομένη
1622 2432 1765 2486 κατὰ
1796 2431 1920 2485 σύν-

343 2512 492 2569 θεσιν
526 2516 621 2571 καὶ
651 2519 829 2591 αὐτῷ·
856 2521 979 2576 οὐδὲ
1020 2522 1099 2593 τῷ
1155 2523 1445 2594 μειωθέντι
1479 2524 1797 2595 ἀρκεσθείη,
1842 2524 1918 2597 μὴ

343 2614 843 2683 συμπερισταλεῖσα
890 2615 1040 2688 αὐτῷ
1072 2636 1209 2682 πως.
1243 2613 1379 2671 Εἶτα
1416 2617 1494 2683 δὲ,
1520 2617 1575 2671 τί
1613 2619 1680 2672 ἂν
1712 2618 1916 2672 εῐποιτε

342 2703 443 2769 ἔτι,
474 2706 597 2759 ἐπεὶ
634 2706 695 2760 τὸ
733 2709 976 2781 ὲμμερὲς
1016 2710 1112 2764 καὶ
1147 2710 1525 2782 περιγραπτὸν
1550 2712 1657 2765 πᾶν
1684 2711 1741 2765 ἐν
1766 2712 1917 2783 τόπῳ

341 2792 523 2861 ἑστίνς
559 2795 633 2849 Τὸ
660 2795 718 2849 δὲ
762 2797 820 2850 ὲν
853 2799 1002 2870 τόπῳ
1036 2796 1117 2867 ὃν,
1165 2799 1199 2871 ἢ
1254 2801 1434 2873 σῶμα,
1480 2801 1513 2872 ἢ
1574 2801 1919 2874 συμϐεϐηκὸς

343 2883 556 2957 σώματι
583 2888 889 2959 ἀχώριστόν
914 2890 1085 2958 ἐστιν,
1114 2892 1329 2962 ἀνάγκη
1374 2893 1407 2967 ἢ
1452 2894 1799 2966 συμϐεϐηκὸς
1821 2896 1918 2949 καὶ

338 2976 496 3031 τοῦτο
509 2979 815 3052 ἀχώριστόν
837 2999 913 3037 τι·
939 2983 1064 3038 ὅθεν
1090 2985 1210 3039 οὐδὲ
1232 2985 1502 3041 ἀθάνατον
1526 2986 1627 3053 ἔτι,
1648 2987 1681 3060 ἢ
1706 2987 1917 3043 αὐθύπ-

339 3084 575 3139 αρκτον,
604 3072 725 3126 οὐδὲ
765 3074 955 3129 ούσίαν
999 3075 1209 3132 οἴεσθαι
1275 3078 1375 3150 τὴν
1422 3078 1637 3150 ψυχὴν,
1670 3079 1703 3151 ἢ
1757 3080 1916 3151 σῶμα

338 3155 478 3214 εῖναι
516 3161 697 3232 λέγειν
733 3165 926 3238 αὐτὴν,
959 3168 1065 3222 ὑπὸ
1114 3168 1371 3240 σώματος
1406 3171 1817 3243 περιεχόμενον.
1853 3174 1915 3228 Εἰ

337 3252 394 3306 δὲ
424 3254 638 3327 σῶμαή
671 3257 838 3329 ψυχὴ,
869 3259 960 3313 διά
990 3260 1242 3332 σώματος
1276 3262 1338 3316 ού
1380 3264 1643 3335 χωρήσει,
1674 3266 1749 3338 μὴ
1782 3265 1916 3320 διαι-
1941 3277 1984 3335 c

340 3346 508 3415 ροῦσα
538 3348 715 3416 τοῦτο,
761 3351 795 3423 ἢ
848 3352 1200 3427 διαιρουμένη
1236 3355 1342 3410 ὑπὸ
1380 3354 1598 3422 τούτου,
1628 3358 1678 3411 εί
1716 3357 1912 3428 ἀληθὲς

335 3438 397 3491 τὸ
427 3438 585 3510 σῶμα
614 3440 704 3495 διὰ
727 3442 980 3513 σώματος
1014 3445 1091 3517 μὴ
1122 3449 1342 3518 χωρεῖν,
1388 3446 1519 3501 ἄνευ
1549 3447 1650 3519 τῆς
1681 3449 1911 3522 θατέρου

333 3527 672 3599 διαιρέσεως.
716 3533 878 3590 Ἀλλὰ
907 3535 1004 3589 καλ¹
1061 3538 1121 3590 ὲν
1164 3538 1315 3610 ὄγκῳ
1356 3538 1565 3611 μείζονι
1594 3540 1665 3595 τά
1693 3540 1913 3615 ἔμψυχα

337 3619 565 3690 σώματα
606 3625 759 3696 παρὰ
806 3626 876 3679 τά
918 3626 1089 3697 νεκρά
1135 3628 1366 3700 ὁρᾶσθαι
1410 3631 1724 3700 ἀναγκαῖον,
1755 3630 1912 3703 εἴπερ

339 3713 448 3766 πᾶν
491 3712 652 3784 σῶμα
692 3714 907 3787 σώματι
958 3718 1364 3791 ὲπιγινόμενον,
1412 3721 1470 3775 ἐν
1508 3721 1658 3794 ὄγκῳ
1707 3723 1913 3794 μείζονι

335 3806 495 3862 τοῦτο
524 3808 796 3864 δείκνυσιν
820 3828 835 3842 ·
865 3811 945 3867 ἔτι
980 3812 1080 3885 μέν
1105 3832 1188 3869 τοι
1219 3815 1315 3870 καὶ
1344 3814 1483 3888 αὕτη
1508 3816 1558 3869 εί
1584 3816 1746 3888 σῶμά
1765 3817 1912 3871 ἔστιν

333 3902 369 3970 ή
412 3901 582 3970 ψυχὴ,
620 3902 843 3972 συνεχές
871 3921 931 3957 τε
983 3905 1151 3959 ποσὸν
1191 3905 1305 3977 ἔχει
1354 3906 1449 3960 καὶ
1493 3907 1699 3978 σχῆμα.
1744 3906 1914 3979 Σῶμα

334 3990 430 4048 οὖν
473 3994 541 4048 δι’
570 3995 700 4066 ὅλης
740 3996 911 4066 αὐτῆς
957 3998 1017 4051 ὲν
1050 4000 1116 4068 τῇ
1164 3998 1411 4053 συνθέσει
1452 3999 1825 4072 εἰσδεξαμένη,
1855 4002 1913 4054 ἐν

335 4085 484 4157 ὄγκῳ
516 4086 727 4156 μείζονι
753 4086 849 4141 καὶ
894 4088 1034 4161 αὑτὴ
1063 4091 1574 4163 κατασταθήσεταιο
1613 4093 1642 4147 ὃ
1672 4094 1782 4166 γάρ
1810 4095 1914 4166 έμ-

335 4176 550 4245 ποιήσει
578 4177 751 4249 ἑτέρῳ
779 4178 840 4232 τδ
864 4178 1051 4252 ἕτερον
1077 4181 1256 4252 σῶμα,
1295 4182 1371 4245 ὡς
1412 4181 1594 4254 σῶμα,
1626 4183 1786 4239 τοῦτο
1816 4185 1914 4239 καὶ

336 4268 468 4323 αὐτὸ
520 4270 769 4324 πείσεται
817 4271 923 4326 ὑπὸ
956 4273 1051 4327 τοῦ
1100 4273 1310 4345 ἑτέρου.
1347 4275 1467 4329 Ἔτι
1510 4276 1569 4331 δὲ
1598 4277 1694 4331 καλ⁵
1738 4276 1912 4332 ἄλλων

336 4361 553 4415 ἀτόπων
577 4363 799 4433 πλῆθος,
831 4364 859 4417 ὃ
895 4365 984 4419 διὰ
1009 4366 1110 4439 τήν
1147 4368 1242 4421 ἐπὶ
1279 4368 1535 4424 πλεῖστον
1570 4370 1913 4443 παρέκϐασιν

333 4453 444 4507 τῶν
470 4454 817 4525 ζητουμένων
852 4460 1196 4529 παρορατέον
1240 4463 1375 4533 ἡμῖν
1418 4463 1555 4535 πρὸς
1599 4463 1660 4517 τὸ
1711 4463 1911 4536 παρὸν,

335 4546 430 4598 καὶ
461 4546 570 4600 τῶν
595 4547 903 4618 εἰρημένων
929 4550 1257 4606 δεικνύντων
1296 4554 1396 4609 οὐκ
1439 4556 1675 4619 ἐλλιπῶς
1713 4556 1775 4610 τὺ
1818 4556 1912 4608 άν-

338 4634 557 4706 ίσχυρον
587 4637 687 4707 τῆς
718 4638 990 4709 ὑμετέρας
1020 4640 1333 4707 ὑποθέσεως
1353 4659 1366 4673 ο
1395 4644 1534 4701 ἀλλὰ
1572 4618 1748 4701 ταύτα
1788 4646 1910 4717 μὲν,
1940 4618 1990 4678 D

334 4732 430 4780 xui.
457 4731 557 4799 τῆς
600 4729 863 4797 δευτέρας
894 4732 1276 4806 άποφαντικῆς
1311 4736 1465 4806 ὑμῶν
1495 4738 1661 4792 ἕνεκα
1705 4740 1914 4811 προτά-

335 4836 494 4885 σεως,
532 4820 801 4893 λεγούσης
857 4823 940 4877 ὅτι
989 4823 1051 4878 τὸ
1098 4826 1490 4898 συντιθέμενον
1543 4830 1767 4895 πάντως
1820 4829 1916 4885 καὶ

334 4910 579 4982 ὲμμερὲς
624 4906 765 4965 εἶναι
806 4913 1043 4986 ἀνάγκη,
1079 4919 1175 4968 καὶ
1222 4920 1622 4989 περιγραπτδν,
1672 4921 1733 4988 ἐξ
1764 4914 1826 4976 οὗ
1853 4919 1916 4975 τὸ

332 5005 577 5072 γενναῖον
604 5003 735 5077 ὑμῖν
761 5006 882 5059 ὅλον
918 5007 1261 5081 ἐπιχείρημα
1296 5011 1726 5069 κατεσκεύαστο.

420 5154 574 5208 Ἐπεὶ
600 5150 695 5209 οὖν
734 5157 827 5210 καὶ
853 5158 922 5213 τά
949 5158 1217 5231 εἰρημένα
1248 5158 1524 5229 ἀρκοῦντά
1548 5162 1664 5215 ὲστι
1704 5163 1784 5226 εἰς
1812 5179 1916 5217 κα-

334 5246 557 5302 τάλυσιν
582 5249 681 5318 τῆς
704 5247 999 5320 ψαμμαίας
1016 5250 1169 5321 ὑμῶν
1187 5252 1501 5323 οἰκοδομῆς,
1528 5253 1617 5307 διὰ
1640 5254 1758 5307 τόδε
1786 5254 1915 5308 ἐπό-

338 5354 477 5409 μενα
496 5354 567 5408 μυ
577 5339 669 5409 ρία
686 5341 778 5394 καὶ
801 5341 936 5395 ἄλλα
956 5342 1133 5414 ἀτοπή
1142 5360 1289 5413 ματα
1315 5345 1435 5407 ταῖς
1452 5343 1751 5415 ὑμετέραις
1778 5346 1911 5399 ὑπο-

336 5426 975 5501 θέσεσι,παραλείψομεν,
1001 5430 1117 5501 είγε
1140 5432 1202 5487 τὸ
1226 5435 1410 5504 νοερὸν
1428 5433 1525 5486 καὶ
1540 5436 1911 5506 πνευματικὸν

335 5522 431 5575 καὶ
463 5520 768 5590 ίσάγγελον,
822 5522 903 5578 ἐτι
952 5524 1061 5596 μὴν
1120 5526 1310 5581 καὶτὸ
1346 5526 1467 5582 κατ’
1511 5528 1695 5583 εἰκόνα
1748 5529 1905 5597 Θεοῦ,

335 5613 432 5666 καὶ
463 5612 768 5685 ἐμφύσημα
801 5615 900 5687 τῆς
929 5617 1091 5688 δόξης
1115 5618 1208 5672 τοῦ
1235 5620 1711 5690 Παντοκράτορος,
1752 5622 1910 5679 τοῦτο

335 5704 495 5774 ὑμεῖς
536 5704 723 5769 ἁπλῶς
751 5707 991 5778 ὲμμερὲς
1026 5703 1166 5765 εἶναι
1198 5712 1536 5781 ὑποτίθεσθε,
1562 5714 1699 5769 διότι
1732 5716 1908 5771 συντί-

336 5794 526 5850 θεσθαι
553 5795 1124 5869 ὠμολόγηται.Ἔσται
1147 5803 1256 5874 γὰρ
1280 5803 1467 5858 τούτου
1492 5805 1760 5872 δοθέντος,
1776 5804 1906 5862 ’καθ’

334 5884 481 5957 ὑμᾶς
510 5890 571 5958 ἐξ
599 5891 848 5966 ἀνάγκης
868 5895 930 5967 ’ἢ
959 5897 1055 5953 καὶ
1072 5897 1141 5953 τὰ
1176 5900 1414 5971 συγγενῆ
1444 5900 1540 5955 καὶ
1570 5900 1903 5973 πρωτότυπα

2026 681 2300 754 gaudente
2328 682 2719 755 congaudebit,
2758 698 2857 739 seu
2914 682 3244 753 simpliciter
3268 682 3387 738 baac
3411 684 3598 739 omnia

2025 775 2406 845 participaret.
2459 775 2652 845 Neque
2676 776 2795 831 haec
2817 794 2821 797 “
2846 775 3038 831 eadem
3062 776 3267 847 passio,
3303 776 3459 847 juxta
3491 792 3599 830 nu—

2025 882 2238 921 merum
2289 881 2481 922 eorum
2530 882 2653 937 qua:
2687 866 2848 921 alteri
2904 866 3191 931 eveniunt,
3235 880 3360 922 cum
3418 866 3600 936 aliqua

2024 959 2464 1029 comparabitur;
2494 969 2647 1015 certe
2668 974 2793 1013 cum
2823 956 2980 1013 dives
3020 957 3306 1028 splendide
3346 959 3591 1029 epulare-

2025 1056 2137 1114 tur,
2167 1066 2280 1105 non
2333 1050 2622 1106 laetabatur
2676 1050 2955 1116 Lazarus;
3019 1049 3277 1104 similiter
3325 1065 3427 1104 nec
3468 1050 3597 1105 dum

2025 1136 2081 1191 in
2110 1136 2327 1193 inferno
2343 1138 2559 1194 ﬂamma
2583 1138 2929 1194 cruciaretur
2954 1178 2968 1203 ,
2992 1138 3236 1192 Lazarus
3264 1139 3597 1208 patiebatur.

2025 1225 2132 1284 Sed
2190 1244 2292 1285 nec
2338 1246 2440 1286 nos
2464 1230 2628 1285 simul
2669 1244 2796 1287 cum
2829 1230 2989 1285 vobis
3036 1244 3067 1285 a
3095 1228 3314 1284 ﬂamma
3339 1231 3451 1299 pati
3513 1231 3599 1286 di-

2022 1321 2301 1386 centibus,
2337 1321 2483 1392 passi
2515 1338 2728 1388 sumus,
2765 1321 3040 1392 siquidem
3081 1320 3386 1378 fatentibus
3424 1324 3600 1378 omni-

2022 1411 2452 1478 bus,vobiscum
2486 1430 2597 1469 non
2626 1428 2818 1468 sumus
2845 1413 3007 1468 uniti.

2092 1514 2150 1571 Si
2176 1530 2307 1571 vero
2327 1517 2530 1572 astutia
2574 1531 2767 1571 eorum
2786 1516 2993 1572 eisdem
3022 1516 3216 1572 eadem
3244 1532 3392 1572 arma
3422 1532 3599 1589 oppo-

2020 1620 2181 1670 nens,
2216 1620 2341 1661 cum
2374 1607 2734 1664 sensibilibus
2767 1618 2997 1679 pugnat,
3025 1608 3301 1679 nimisque
3347 1609 3417 1665 de
3462 1610 3599 1681 phy-

2020 1696 2150 1752 sicis
2182 1696 2369 1754 dicere
2405 1698 2657 1755 volentes
2682 1699 2736 1754 in
2767 1700 3089 1756 coelestibus
3146 1701 3436 1757 evidenter
3467 1717 3597 1756 con-

2020 1787 2239 1855 stituit,
2292 1804 2476 1845 nonne
2545 1789 2707 1845 aliam
2765 1801 2977 1860 partem
3031 1790 3407 1848 distinctionis
3454 1793 3598 1847 arri-

2020 1878 2195 1950 pient,
2232 1880 2301 1936 de
2332 1881 2515 1936 anima
2541 1882 2788 1937 dicentes
2818 1883 3070 1953 partibus
3096 1900 3216 1939 eam
3238 1885 3595 1954 compositam

2020 1983 2257 2040 esseque
2290 1969 2523 2037 ﬁnitam,
2566 1970 2803 2042 ideoque
2833 1972 3072 2027 animam
3125 1986 3346 2042 quoque
3396 1974 3595 2044 subjici

2021 2063 2239 2133 corpori
2268 2063 2521 2133 partibus
2553 2065 2841 2136 coagulato
2865 2072 3031 2135 atque
3053 2062 3475 2137 circumscripto
3495 2067 3518 2120 ?
3538 2066 3595 2122 Si

1986 2158 1989 2159 ⁷
2018 2169 2151 2226 ergo
2165 2154 2554 2221 hocdixeritis,
2580 2170 2801 2211 rursum
2825 2157 3010 2221 allata,
3028 2156 3299 2221 dicemus,
3326 2166 3592 2228 pensate;

2018 2245 2260 2315 primum
2276 2244 2422 2299 enim
2450 2245 2614 2299 simul
2645 2260 2769 2299 cum
2799 2258 3027 2315 corpore
3042 2256 3356 2315 augeretur,
3383 2245 3598 2300 minue-

2018 2340 2176 2387 retur
2206 2342 2372 2403 atque
2400 2332 2768 2399 scinderetur;
2807 2332 2891 2388 sin
2921 2333 3105 2394 aliter,
3143 2340 3364 2387 auctum
3396 2348 3597 2403 corpus

2019 2436 2133 2477 non
2184 2421 2521 2487 viviﬁcabit,
2566 2422 2674 2477 nisi
2699 2423 2887 2477 innata
2914 2438 3041 2477 cum
3079 2422 3174 2477 illo
3205 2424 3464 2489 uniatur;
3500 2423 3597 2477 de-

2016 2512 2237 2569 bilitato
2253 2529 2364 2569 non
2395 2515 2782 2581 succurrisset,
2809 2514 2864 2569 ni
2898 2530 3011 2585 quo
3037 2516 3202 2570 modo
3223 2515 3303 2570 illi
3338 2513 3592 2586 adaptata

2017 2602 2234 2659 fuisset.
2255 2604 2390 2660 Dein
2424 2620 2576 2671 vero,
2595 2605 2729 2676 quid
2748 2606 2929 2661 adhuc
2953 2605 3236 2669 diceretis,
3262 2619 3385 2661 cum
3407 2620 3592 2671 omne,

2017 2696 2165 2766 quod
2206 2712 2274 2752 ex
2334 2697 2586 2767 partibus
2615 2697 2970 2767 componitur
2993 2712 3059 2753 ac
3090 2697 3592 2765 circumscribitur,

2018 2788 2076 2844 in
2120 2789 2243 2845 loco
2271 2788 2343 2845 sit
2372 2789 2395 2843 ?
2433 2790 2605 2844 Porro
2646 2788 2794 2859 quod
2851 2789 2906 2843 in
2938 2789 3063 2845 loco
3095 2798 3203 2853 est,
3241 2806 3339 2846 seu
3367 2806 3593 2860 corpus,

2018 2895 2116 2937 seu
2159 2882 2379 2952 corpori
2415 2881 2673 2938 accidens
2734 2881 3088 2937 individuum
3131 2891 3251 2947 est,
3290 2883 3597 2939 necessitas

2018 2973 2107 3028 vel
2147 2973 2406 3031 accidens
2444 2973 2582 3029 illud
2612 2989 2834 3045 quoque
2864 2974 3073 3045 aliquid
3104 2975 3451 3031 individuum
3474 2985 3591 3044 est;

2018 3064 2146 3120 inde
2178 3080 2281 3121 nec
2299 3066 2411 3137 jam
2465 3065 2811 3133 immortalis,
2871 3082 2975 3122 nec
3014 3082 3115 3137 per
3157 3082 3217 3123 se
3262 3068 3591 3135 subsistens,

2016 3175 2121 3215 nec
2135 3160 2440 3215 substantia
2466 3160 2649 3215 anima
2678 3160 2933 3216 habenda
2960 3169 3067 3228 est,
3112 3162 3199 3218 vel
3249 3161 3365 3233 ipsa
3392 3176 3596 3232 corpus

2017 3248 2250 3306 dicenda
2288 3258 2375 3306 est
2414 3266 2650 3321 corpore
2706 3252 2989 3307 obvoluta.
3055 3252 3112 3308 Si
3159 3261 3345 3308 autem
3392 3268 3596 3323 corpus

2015 3347 2101 3395 est
2144 3338 2367 3403 anima,
2411 3356 2512 3411 per
2540 3355 2743 3410 corpus
2800 3356 2911 3396 non
2963 3341 3259 3412 procedet,
3293 3342 3429 3397 illud
3479 3358 3592 3398 non

2014 3434 2287 3497 dividens,
2320 3434 2408 3490 vel
2440 3450 2551 3490 non
2582 3436 2651 3491 ab
2679 3435 2775 3492 illo
2800 3436 2997 3498 divisa.
3035 3436 3081 3492 si
3118 3451 3312 3493 verum
3359 3446 3443 3493 est
3472 3451 3597 3493 cor-

2012 3540 2118 3596 pus
2145 3541 2245 3596 per
2268 3540 2468 3596 corpus
2494 3526 2799 3596 procedere
2831 3526 3176 3597 impossibile
3212 3542 3356 3591 esse,
3387 3526 3593 3597 absque

2014 3616 2304 3686 utriusque
2331 3615 2625 3672 divisione.
2656 3616 2725 3671 At
2761 3616 2930 3673 etiam
2972 3618 3028 3671 in
3089 3618 3294 3689 majore
3335 3616 3594 3688 congerie

2013 3701 2320 3779 spiritualia
2353 3722 2587 3779 corpora
2616 3723 2744 3763 cum
2784 3708 3148 3764 cadaveribus
3168 3708 3405 3763 videnda
3439 3714 3592 3773 sunt,

2013 3799 2284 3870 siquidem
2309 3816 2471 3855 omne
2494 3814 2697 3870 corpus
2723 3800 2943 3871 corpori
2984 3800 3256 3866 additum,
3289 3800 3346 3854 in
3393 3814 3596 3870 conge-

2013 3892 2094 3948 rie
2117 3891 2309 3963 majori
2342 3891 2477 3947 illud
2528 3892 2909 3959 demonstrat;
2932 3892 2979 3948 si
3028 3892 3209 3947 anima
3246 3906 3450 3962 corpus
3486 3898 3593 3954 est,

2012 3984 2377 4056 quantitatem
2430 3983 2752 4039 continuam
2802 3991 2859 4038 et
2890 3982 3123 4055 figuram
3152 3982 3343 4038 habet.
3378 3981 3596 4051 Corpus

2010 4093 2142 4150 ergo
2167 4086 2454 4149 postquam
2486 4077 2542 4133 in
2560 4076 2765 4161 unione
2787 4084 2901 4132 tota
2925 4075 3214 4147 complexa
3247 4075 3340 4141 sit,
3375 4074 3431 4130 in
3449 4075 3594 4130 mole

2011 4170 2220 4242 majore
2266 4170 2460 4227 eadem
2489 4169 2661 4226 etiam
2705 4169 3112 4237 constituetur;
3157 4169 3305 4240 quod
3334 4168 3482 4224 enim
3518 4168 3597 4222 al.

2012 4261 2117 4317 teri
2148 4262 2383 4319 alterum
2416 4276 2623 4332 corpus
2656 4259 2848 4327 addet,
2879 4270 2941 4316 ut
2971 4274 3195 4332 corpus,
3221 4260 3328 4316 boc
3361 4266 3417 4315 et
3448 4258 3593 4313 idem

2010 4355 2081 4411 ab
2126 4356 2302 4411 altero
2329 4355 2590 4425 patietur.
2647 4354 2817 4410 Multa
2871 4355 3101 4426 insuper
3149 4361 3278 4410 sunt
3329 4350 3591 4417 absurda,

2012 4464 2154 4520 quae,
2189 4465 2316 4505 cum
2351 4449 2510 4504 valde
2539 4450 2766 4519 quaesita
2806 4447 3131 4520 transgressi
3183 4446 3379 4512 simus,
3433 4445 3595 4500 nobis

2012 4540 2070 4596 in
2108 4541 2366 4611 praesenti
2424 4540 2730 4596 omittenda
2780 4550 2932 4606 sunt,
2979 4555 3219 4610 cumque
3276 4537 3592 4607 supradicta

2014 4633 2362 4689 abundanter
2392 4631 2770 4688 inﬁrmitatem
2797 4632 2969 4689 vestri
3001 4629 3314 4705 systematis
3364 4628 3593 4684 demon-

2014 4721 2333 4778 straverint.
2362 4721 2487 4776 Haec
2509 4729 2638 4776 sunt
2689 4721 2912 4791 quidem
2967 4738 3111 4792 qum,
3156 4718 3415 4776 secunda:
3466 4733 3595 4788 pro—

2015 4816 2310 4889 positionis
2366 4814 2543 4885 gratia
2567 4824 2765 4870 vestrae
2798 4813 3125 4884 praedicata,
3174 4810 3413 4866 dicentis
3446 4809 3591 4880 quod

2015 4910 2234 4965 unitum
2264 4916 2352 4964 est
2372 4907 2689 4964 necessario
2717 4922 2785 4963 ex
2833 4905 3085 4977 partibus
3130 4904 3464 4966 coalescere,
3509 4912 3592 4957 at-

2012 5015 2121 5073 que
2148 5001 2634 5071 circumscriptum
2679 5014 2823 5065 esse,
2867 5012 3062 5054 omnes
3118 4994 3292 5052 vestri
3342 4993 3592 5064 generosi

2013 5099 2245 5147 conatus
2277 5090 2402 5145 ideo
2423 5098 2904 5161 comparaverunt.

2083 5182 2221 5237 Cum
2242 5196 2374 5251 ergo
2395 5181 2710 5251 supradicta
2744 5182 2809 5236 ad
2854 5179 3293 5237 destructionem
3348 5192 3593 5233 arenoszr

2011 5280 2212 5328 vestra:
2233 5269 2615 5326 aediﬁcationis
2644 5268 2941 5333 sufﬁciant,
2974 5268 3100 5324 ideo
3148 5268 3436 5321 innumera
3463 5280 3585 5320 con-

2013 5361 2302 5432 sequentia
2323 5358 2542 5429 aliaque
2565 5357 2805 5413 absurda
2860 5363 3219 5429 systematum
3274 5359 3588 5408 vestrorum

2012 5452 2377 5523 negligemus,
2404 5449 2679 5521 siquidem
2703 5449 2848 5520 quod
2877 5446 3271 5511 intellectuale,
3305 5444 3452 5515 quod
3477 5442 3591 5512 spi-

2012 5543 2232 5608 rituale,
2259 5540 2407 5613 quod
2444 5541 2755 5613 angelicum
2784 5581 2800 5605 ,
2825 5540 2936 5595 imo
2976 5537 3124 5609 quod
3159 5545 3245 5594 est
3273 5536 3341 5592 ad
3395 5533 3591 5604 imagi-

2008 5649 2137 5688 nem
2169 5634 2264 5689 Dei
2300 5633 2623 5702 aﬂlatusque
2645 5631 2830 5702 gloriae
2876 5626 3307 5699 Omnipotentis,
3365 5639 3431 5681 ex
3463 5638 3591 5694 par-

2010 5725 2162 5780 tibus
2185 5724 2532 5795 coagulatum
2558 5737 2874 5793 supponere
2898 5738 2998 5777 vos
3048 5736 3163 5776 non
3206 5717 3494 5782 dubitatis,
3522 5729 3592 5769 eo

2008 5815 2156 5887 quod
2185 5815 2331 5871 uniri
2353 5815 2633 5871 credatur.
2648 5814 2804 5881 Nam,
2827 5829 2951 5869 cum
2978 5814 3055 5869 ita
3087 5812 3179 5877 sit,
3198 5810 3267 5866 ad
3291 5811 3397 5864 hoc
3419 5806 3589 5861 deve-

2010 5908 2170 5966 nistis
2202 5917 2263 5965 ut
2288 5908 2405 5965 sive
2428 5906 2741 5980 congenita,
2768 5907 2884 5963 sive
2919 5911 3232 5977 prototypa,
3254 5915 3317 5958 ac
3366 5907 3587 5957 antecev
