4032 6682
448 485 582 547 ΗΎΙ

1679 486 1994 549 LEONTII
2033 485 2442 550 BYZANTINI

3595 488 3757 552 1508

441 595 627 652 dentia
678 595 826 652 illius
873 611 972 652 seu
1019 597 1239 662 animae,
1295 613 1365 654 ex
1416 596 1671 669 partibus
1721 598 2035 654 coalescere

2148 598 2229 653 καὶ
2255 599 2572 671 προακτικὰ
2594 598 2791 654 τούτου
2817 600 2989 673 ἥγουν
3007 597 3109 673 τῆς
3136 601 3340 673 ψυχῆς,
3356 602 3581 674 ἐμμερῆ
3614 590 3756 655 κατ’

444 687 713 759 reputetis
732 688 890 758 juxta
921 688 1068 743 illam
1095 705 1220 760 qua:
1247 689 1468 746 illorum
1499 690 1678 761 imago
1700 688 2034 745 similitudo-

443 795 551 850 que
570 787 690 844 est;
715 780 832 834 sive
865 781 1106 850 partium
1145 781 1396 852 expertia
1449 781 1649 838 dicatis
1676 782 1795 837 haec
1841 781 2029 839 illam-

445 883 554 938 que
587 867 752 923 simul
781 884 909 923 cum
967 869 1099 936 illis,
1145 879 1334 940 partes
1402 877 1615 925 tantum
1645 880 1874 941 propter
1907 885 2034 925 cor-

450 976 583 1031 pora
606 960 835 1028 dantes;
867 961 1116 1018 volentes
1138 962 1254 1017 sive
1281 962 1536 1018 nolentes
1565 963 1860 1018 veritatem
1886 976 2034 1032 prat-

452 1054 779 1120 termittitis,
812 1055 869 1110 in
894 1057 1103 1112 virtute
1136 1057 1342 1114 Christi
1398 1056 1560 1113 vobis
1597 1057 1749 1112 illam
1796 1056 2032 1112 demon-

450 1147 754 1203 strabimus
801 1163 926 1219 quae
945 1149 1095 1204 enim
1118 1165 1149 1204 a
1173 1149 1336 1205 nobis
1367 1148 1604 1205 dicenda
1640 1157 1791 1215 sunt,
1844 1149 1933 1204 vel
1963 1149 2034 1204 ad

451 1237 787 1306 docendum,
837 1255 956 1305 vos,
984 1241 1031 1296 si
1061 1242 1255 1308 vultis,
1311 1241 1399 1296 vel
1429 1241 1498 1296 ad
1528 1242 2030 1297 condemnandum.

453 1329 654 1386 Totum
688 1346 823 1398 non,
855 1341 916 1387 ut
933 1333 1287 1400 existimatis,
1345 1334 1654 1390 secundum
1699 1343 1909 1405 partes,
1945 1334 2034 1390 vel

453 1438 522 1478 ex
551 1423 824 1494 partibus,
853 1423 1160 1494 perfectum
1189 1440 1409 1496 semper
1445 1425 1723 1498 signiﬁcat
1770 1425 2038 1497 simplici-

456 1523 541 1570 ter
562 1524 619 1570 et
644 1515 909 1583 omnino;
957 1517 1039 1573 sic
1085 1517 1235 1572 enim
1284 1517 1474 1574 omnia
1518 1525 1708 1574 essent
1763 1518 2038 1590 simplicia

459 1609 692 1664 dicenda
717 1609 804 1666 vel
836 1609 1182 1680 imperfecta,
1215 1610 1438 1682 quando
1483 1612 1729 1683 partium
1790 1611 2037 1682 expertia

458 1707 646 1755 essent
695 1716 878 1772 neque
903 1702 1156 1772 partibus
1180 1703 1545 1774 compositam
1603 1718 1761 1759 suam
1795 1702 2038 1758 totalita-

459 1799 569 1847 tem
605 1792 905 1859 haberent;
934 1809 1031 1849 seu
1071 1803 1184 1850 tota
1211 1794 1570 1866 perfectaque
1595 1794 1746 1850 dicta
1786 1795 2042 1866 partibus

459 1892 647 1939 essent
675 1887 983 1953 composita
1019 1902 1124 1943 nec
1148 1888 1264 1943 ullo
1313 1886 1481 1943 modo
1526 1887 1826 1958 simplicia;
1881 1886 2038 1958 quasi

459 1975 673 2030 nullum
713 1987 1044 2032 ceterorum
1088 1979 1448 2050 simplicium,
1492 1980 1802 2051 perfectum
1857 1987 2035 2045 esset,
2069 1963 2111 2018 Β

458 2083 557 2124 seu
605 2069 929 2126 universum
966 2071 1274 2127 videretur.
1307 2072 1436 2128 Haec
1478 2087 1604 2128 cum
1642 2071 1718 2128 ita
1740 2071 1872 2138 sint,
1921 2071 2040 2141 ipsa

459 2173 644 2219 vestra
667 2174 860 2220 contra
886 2179 990 2220 nos
1022 2167 1300 2221 sententia
1345 2179 1453 2221 nec
1488 2164 1694 2220 Deitati
1753 2163 2041 2220 totalitatis

457 2270 528 2310 ex
555 2255 808 2326 partibus
826 2256 1039 2327 experti
1066 2257 1480 2327 simplicitatem
1504 2257 1773 2314 concedet
1798 2274 1814 2323 ;
1845 2271 2042 2312 neces-

459 2361 630 2417 seque
671 2347 782 2403 erit
840 2356 924 2413 ut,
973 2349 1196 2418 aliquod
1239 2349 1610 2422 compositum
1659 2349 1912 2420 partibus
1971 2347 2040 2403 ad

461 2454 619 2495 suam
643 2439 816 2510 ipsius
844 2440 1239 2511 perfectionem
1269 2448 1328 2495 et
1354 2441 1683 2498 totalitatem
1732 2441 2040 2512 exigentes,

459 2547 530 2588 ex
567 2531 836 2588 alterutro
884 2533 1111 2588 omnino
1156 2531 1398 2602 dejicere
1440 2533 1655 2604 cogaris
1695 2548 1791 2589 seu
1817 2547 1885 2587 ex
1913 2530 2045 2587 sim-

463 2623 706 2694 plicitate
736 2639 834 2680 seu
865 2640 934 2682 ex
961 2626 1305 2695 perfectione
1338 2626 1520 2697 ipsum
1557 2626 1800 2697 partium
1847 2639 2046 2696 expers

462 2715 521 2771 in
549 2717 879 2774 excellentia
919 2733 1017 2773 sua
1065 2726 1242 2774 totum
1273 2717 1544 2786 dicimus;
1580 2727 1637 2773 at
1664 2725 1750 2773 est
1782 2733 1914 2772 vere
1956 2726 2045 2772 to-

460 2814 600 2873 tum,
641 2807 717 2863 ita
762 2808 910 2871 dico.
958 2825 1123 2877 vere;
1184 2811 1340 2882 juxta
1388 2811 1673 2882 proprium
1731 2821 2045 2864 sermonem

458 2899 788 2968 perfectum,
843 2901 974 2957 licet
1027 2901 1261 2973 simplex
1302 2902 1375 2958 sit
1423 2916 1488 2958 ac
1521 2901 1763 2972 partium
1815 2916 2042 2971 expers,

461 2989 703 3062 licetque
731 2993 1191 3065 sitcompositum
1217 2994 1475 3064 partibus
1495 2993 1818 3049 distinctum
1842 3010 1858 3060 ;
1880 2991 2048 3048 modo

461 3095 674 3143 tantum
716 3089 932 3160 integre
955 3104 1122 3145 voces
1175 3103 1305 3145 suas
1335 3087 1544 3143 habere
1575 3085 1861 3151 videatur;
1910 3099 2048 3156 quo—

461 3177 611 3232 niam
641 3179 788 3234 enim
821 3179 938 3234 haec
959 3179 1033 3234 ita
1063 3195 1123 3236 se
1157 3179 1388 3245 habent,
1423 3193 1537 3234 non
1591 3192 1728 3234 voce
1761 3177 1925 3232 totius
1948 3177 2049 3232 im-

2132 692 2305 762 αύτὴν
2335 691 2652 762 λογίζεσθαι
2703 693 2916 759 εἰκόνος
2950 694 3162 749 τούτων
3201 695 3370 766 ούσης
3402 697 3500 750 καὶ
3527 694 3760 767 09.0913—

2135 802 2273 850 σεως
2299 785 2506 858 ταύτης
2533 804 2550 822 ⁸
2578 787 2612 858 ἢ
2649 787 2838 858 ἁμερῆ
2873 790 3184 859 φάσκοντας
3234 784 3377 845 εἶναι
3421 791 3604 847 ταῦτα
3645 792 3759 843 ml.

2131 876 2338 948 ταύτην
2367 880 2469 934 σὺν
2498 879 2734 945 ἐκείνοις
2757 881 2861 951 τῆς
2886 882 3193 954 έμμερείας
3217 884 3435 954 ἀφιέναι
3457 885 3564 955 τῆς
3586 881 3758 936 κατὰ

2131 969 2202 1024 τὰ
2235 969 2484 1042 σώματα·
2521 971 2631 1025 εἴτε
2683 972 2742 1026 δὲ
2795 973 3049 1040 ἑκόντες,
3090 975 3202 1029 εἴτε
3249 975 3499 1040 ἄκοντες,
3542 991 3757 1042 παρα-

2134 1059 2366 1114 ϐλέπετε
2396 1059 2498 1133 τὴν
2531 1061 2814 1133 ἀλήθειαν,
2860 1064 3030 1134 ἡμεῖς
3079 1064 3209 1142 ύμῖν
3243 1066 3302 1118 ὲν
3329 1064 3564 1134 δυνάμει
3594 1065 3760 1132 X9:-

2137 1153 2268 1209 στοῦ
2307 1154 2516 1228 ταύτην
2554 1155 2932 1227 ύποδείξομενο
2972 1157 3128 1211 ἔσται
3153 1157 3319 1230 γὰρῆ
3356 1158 3440 1222 εἰς
3473 1157 3754 1220 σύνεσιν,

2136 1248 2185 1300 εἰ
2219 1246 2550 1320 βούλεσθε,ἢ
2575 1249 2658 1312 εἰς
2689 1248 2790 1320 τὴν
2821 1249 3152 1321 κατάκρισιν
3175 1249 3333 1320 ὑμῶν
3352 1251 3422 1303 τὰ
3449 1248 3760 1318 λεγόμενα

2135 1339 2269 1410 παρ’
2307 1340 2486 1412 ἡμῶν.
2536 1341 2611 1394 Τὸ
2655 1341 2778 1397 ὅλον
2828 1342 2929 1414 οὐχ
2953 1343 3064 1409 ,ὡς
3113 1342 3294 1397 οἴεσθε
3318 1387 3335 1411 ,
3377 1342 3442 1397 τὸ
3480 1342 3635 1396 κατὰ
3673 1342 3756 1393 τὰ

2140 1431 2304 1503 μέρη,
2336 1431 2368 1504 ἢ
2401 1435 2466 1486 εκ
2501 1432 2705 1504 μερῶν,
2737 1432 2946 1488 τέλειον
2984 1433 3073 1489 ἀεὶ
3103 1433 3364 1505 σημαίνει
3407 1433 3605 1497 ἁπλῶς
3634 1432 3755 1486 καὶ

2139 1524 2389 1586 πάντως·
2417 1523 2593 1590 οὕτως
2631 1526 2741 1596 γὰρ
2773 1525 2841 1580 ἂν
2871 1525 3055 1581 πάντα
3081 1525 3200 1580 δέον
3246 1521 3316 1598 ἦν
3356 1526 3426 1580 τὰ
3464 1523 3643 1588 ἁπλᾶ,
3707 1523 3749 1592 ἢ

2136 1613 2303 1685 ἀτελῆ
2333 1613 2610 1679 λέγεσθαι,
2637 1615 2822 1687 ἀμερῆ
2851 1615 3003 1680 ὅντα,
3032 1615 3129 1670 καὶ
3164 1617 3229 1669 ὲκ
3277 1614 3464 1687 μερῶν
3499 1631 3753 1684 συγκειο

2143 1708 2312 1779 μένην
2337 1708 2439 1762 οὐκ
2467 1707 2664 1779 ἔχοντα
2695 1707 2797 1778 τὴν
2822 1709 3033 1764 οἰκείαν
3060 1709 3293 1781 ὀλότητα
3310 1725 3324 1740 ·
3355 1709 3388 1782 ἦ
3411 1709 3510 1763 ὅλα
3544 1725 3612 1764 τε
3637 1709 3752 1760 καὶ

2139 1799 2324 1854 τέλεια
2348 1799 2644 1871 λεγόμενα,
2680 1800 2918 1856 σύνθετα
2943 1796 3085 1856 εῖναι
3115 1802 3180 1855 ὲκ
3215 1800 3425 1873 μερῶν,
3457 1803 3558 1855 καὶ¹
3600 1801 3736 1856 0'31:-

2143 1892 2224 1947 έτι
2245 1893 2398 1948 ἁπλᾶ
2420 1909 2434 1925 ·
2461 1891 2539 1956 ὡς
2571 1893 2740 1964 μηδὲν
2763 1892 2950 1949 λοιπὸν
2987 1891 3099 1947 τῶν
3131 1894 3189 1947 ὲν
3220 1893 3488 1964 ἁπλότητι
3516 1893 3748 1946 τέλειον

2141 1982 2284 2041 εἶναι
2307 2024 2323 2050 ,
2371 1985 2406 2057 ἢ
2444 1984 2740 2056 ὁλόκληρον
2772 1984 3084 2054 φαίνεσθαι.
3125 1985 3333 2039 Τούτου
3366 1985 3422 2038 δὲ
3451 1984 3743 2047 δοθέντος,

2141 2077 2238 2132 καὶ
2272 2075 2395 2132 καθ’
2426 2077 2580 2148 ὑμῶν
2624 2076 2778 2132 ἔσται
2830 2077 2902 2132 τὰ
2953 2076 3218 2148 ὑμέτερα,
3270 2075 3409 2147 μηδὲ
3454 2074 3613 2145 αὐτῷ
3657 2074 3747 2144 τῷ

2141 2169 2282 2240 Θείῳ
2303 2169 2430 2224 ἄνευ
2455 2169 2554 2240 τῆς
2581 2169 2646 2223 ὲκ
2679 2169 2868 2241 μερῶν
2896 2167 3173 2240 ὁλότητος,
3203 2165 3608 2239 συγχωροῦντα
3633 2166 3747 2236 τὴν

2142 2260 2425 2330 ἁπλότητα
2447 2275 2462 2291 ο
2487 2260 2716 2332 καὶγὰρ
2745 2261 3061 2330 ἀναγκαίως
3083 2259 3293 2314 δεῖσθαι
3313 2259 3408 2314 καὶ
3437 2259 3576 2313 αύτὺ
3609 2275 3748 2311 ow-

2143 2351 2348 2415 θέσεως
2375 2350 2472 2404 καί⁹
2505 2350 2688 2422 μερῶν
2737 2352 2878 2423 πρὸς
2920 2351 3204 2407 τελείωσιν
3233 2351 3331 2408 καὶ
3356 2351 3594 2422 ὁλάτητα
3633 2351 3745 2404 αύ-

2142 2442 2237 2496 τοῢ
2254 2442 2682 2514 παριστάνοντα,
2707 2443 2938 2516 θατέρου
2967 2444 3187 2507 πάντως
3209 2445 3468 2498 ἐκπεσεῖν
3493 2443 3583 2515 είη
3621 2442 3746 2514 βιαο

2145 2531 2370 2603 ζόμενοι,
2401 2531 2435 2603 ἢ
2462 2531 2557 2586 τοῦ
2598 2531 2771 2587 ἁπλοῦ
2807 2532 2841 2604 ἢ
2869 2533 2964 2587 τοῦ
2993 2532 3227 2600 τελείου,
3259 2532 3380 2586 τόδε
3408 2531 3472 2585 τὺ
3499 2530 3746 2602 ἁμερῶς

2145 2623 2496 2696 ύπερτέλειον
2529 2624 2686 2678 Θεῖον
2713 2624 2834 2679 ὅλον
2857 2640 2872 2655 ⁸
2908 2625 3025 2680 ἁλλ’
3058 2625 3209 2679 ἔστιν
3242 2624 3459 2697 ἀληθῶς
3509 2624 3666 2688 ὅλον,
3697 2617 3744 2676 ὦ

2143 2708 2318 2780 οὗτοι,
2349 2713 2576 2786 κυρίως,
2599 2713 2662 2768 τὸ
2681 2713 2826 2769 κατὰ
2852 2714 2946 2769 τὸν
2975 2717 3175 2770 οἰκεῖον
3194 2714 3355 2784 λόγον
3376 2711 3744 2784 ἀπηρτισμέ-

2145 2823 2258 2871 νον,
2306 2805 2410 2860 κᾶν
2456 2804 2664 2860 ἁπλοῦν
2695 2805 2783 2876 εἴη
2822 2806 2918 2860 καὶ
2962 2805 3189 2876 ἀμερὲς,
3236 2805 3342 2861 κὰν
3373 2822 3436 2858 τε
3467 2803 3746 2858 σύνθετον

2147 2899 2243 2953 καὶ
2275 2898 2549 2969 ὲμμερέςο
2583 2896 2748 2968 μόνον
2775 2899 2826 2950 εἰ
2857 2897 3162 2962 ἁνελλιπῶς
3192 2897 3340 2968 ἔχειν
3363 2896 3493 2959 τοὺς
3527 2893 3742 2948 ἑαυτοῦ

2147 2990 2338 3060 λόγους
2367 2990 2676 3062 θεωρηθείη
2701 3006 2717 3024 θ
2757 2991 2841 3044 ὅτι
2889 2988 3002 3062 γὰρ
3033 2988 3206 3045 ταῦτα
3235 2987 3412 3052 οὕτως
3453 2987 3606 3058 ἔχει,
3639 2987 3745 3041 καὶ

2147 3083 2250 3138 οὐκ
2282 3080 2567 3153 ἐμποδίζει
2586 3081 2664 3153 τῷ
2691 3081 2838 3154 λόγῳ
2858 3081 2951 3136 τοῦ
2979 3080 3148 3145 ὅλου,
3183 3081 3246 3134 τὸ
3273 3081 3478 3152 ἀμερὲς
3499 3075 3647 3133 εἶναι
3677 3081 3744 3133 τὺ

2151 3173 2532 3244 ὑποκείμενον,
2591 3172 2700 3228 ἰδοὺ
2755 3171 2822 3245 δὴ
2873 3172 3088 3226 τέλειόν
3123 3187 3306 3243 φαμεν
3357 3170 3453 3225 καὶ
3494 3171 3621 3224 ὅλον
3683 3188 3742 3224 τι

460 3269 695 3340 pediunt
743 3271 878 3342 quin
929 3271 1241 3342 subjectum
1299 3271 1373 3326 sit
1401 3269 1654 3340 simplex,
1713 3284 1844 3325 ecce
1897 3269 2046 3324 enim

2150 3261 2314 3333 εἶναι,
2341 3265 2437 3320 καὶ
2464 3263 2528 3319 τὸ
2567 3266 2824 3336 σημεῖον,
2869 3265 2966 3320 καὶ
2998 3264 3100 3335 τὴν
3138 3264 3342 3335 μονάδα
3366 3307 3381 3334 ,
3411 3264 3509 3318 καὶ
3540 3264 3605 3317 τὸ
3637 3262 3744 3318 νῦν

460 3360 771 3432 perfectum
836 3370 1128 3432 totumque
1180 3361 1419 3417 dicimus
1453 3359 1662 3430 aliquid
1713 3374 1857 3427 esse,
1903 3376 2048 3431 pun-

461 3461 635 3518 ctum,
671 3453 960 3518 unitatem,
984 3463 1326 3508 momentum
1359 3451 1625 3522 temporis
1667 3452 1910 3522 partium
1949 3467 2049 3506 ex-

465 3557 596 3613 pers
631 3553 796 3614 atque
817 3544 1176 3606 indivisibile.
1200 3545 1558 3600 Divinitatem
1593 3543 1894 3613 omniaque
1918 3542 2053 3597 sim-

463 3633 803 3704 plicia;non
833 3635 982 3706 quod
1010 3635 1224 3708 integre
1263 3635 1517 3706 proprias
1556 3644 1741 3705 partes
1789 3633 2050 3700 habeant,

465 3725 592 3781 ideo
617 3727 727 3782 illis
757 3727 1087 3783 totalitatem
1145 3726 1536 3792 attribuimus;
1562 3727 1674 3796 jam
1722 3724 1873 3780 enim
1921 3739 2051 3794 paro

467 3819 608 3873 tium
667 3821 913 3890 expertia
961 3819 1079 3875 hate
1119 3819 1484 3891 agnovimus;
1547 3816 1646 3873 sed
1687 3815 1836 3886 quod
1879 3822 2049 3870 totam

467 3909 706 3980 propriae
731 3911 938 3982 speciei
969 3910 1348 3980 simplicitatis
1386 3909 1616 3974 salvam,
1659 3909 1885 3964 illaesum
1922 3922 2052 3978 per-

468 3999 782 4072 fectamque
830 4017 1020 4057 vocem
1065 4001 1293 4064 habent,
1347 4015 1412 4056 ac
1467 3998 1898 4069 unumquodque
1947 3997 2052 4053 bo-

473 4108 620 4157 rum,
645 4093 802 4162 juxta
837 4093 1118 4164 propriam
1142 4103 1426 4157 naturam,
1447 4091 1656 4161 speciei
1679 4091 1894 4162 signum
1919 4103 2057 4159 prae-

471 4181 600 4238 fert.
643 4173 720 4238 De
768 4193 877 4237 toto
941 4199 1076 4254 ergo
1137 4183 1339 4238 aﬁ‘erre
1366 4183 1744 4252 probationes,
1774 4181 2054 4251 quomodo

475 4281 650 4328 totum
699 4275 800 4330 toti
847 4276 997 4330 uniri
1028 4275 1215 4347 aliquo
1267 4275 1434 4330 modo
1461 4275 1535 4330 sit
1583 4273 1870 4344 possibile,
1921 4273 2058 4343 quin

2147 3359 2240 3414 τοῦ
2268 3357 2464 3431 χρόνου
2497 3357 2560 3412 τὸ
2598 3357 2807 3432 ἀμερὲς
2856 3359 2955 3414 καὶ
2987 3358 3298 3432 ἀκαριαῖον,
3330 3358 3425 3412 καὶ
3465 3357 3529 3412 τὸ
3562 3357 3741 3422 θεῖον,

2148 3451 2244 3504 καὶ
2263 3449 2336 3503 τὰ
2362 3448 2513 3504 ἁπλᾶ
2537 3447 2734 3504 πάντα·
2761 3451 2855 3504 καὶ
2883 3451 2984 3522 οὐχ
3012 3450 3097 3505 ὅτι
3123 3450 3430 3515 ἁνελλιπῶς
3455 3451 3527 3504 τὰ
3553 3452 3742 3506 οἰκεῖα

2150 3540 2297 3614 μέρη
2347 3540 2569 3612 ἔχουσι,
2615 3540 2706 3596 διὰ
2749 3542 2910 3596 τοῦτο
2949 3541 3164 3608 τούτοις
3211 3542 3604 3615 μαρτυροῦμεν
3631 3544 3743 3613 τὴν

2146 3635 2405 3707 ὁλότητα·
2440 3634 2904 3707 προωμολόγηται
2945 3633 3055 3707 γὰρ
3102 3636 3237 3707 ἡμῖν
3266 3637 3301 3706 ἡ
3333 3633 3544 3689 τούτων
3589 3635 3740 3705 ἁμέ-

2156 3743 2300 3800 ρεια·
2331 3727 2448 3781 ἁλλ’
2494 3727 2578 3781 ὅτι
2623 3726 2744 3781 ὅλον
2793 3727 2979 3798 ἔχουσι
3027 3727 3129 3799 τῆς
3181 3729 3395 3793 οἰκείας
3433 3728 3528 3783 τοῦ
3558 3728 3744 3790 εἴδους

2157 3815 2424 3888 ἁμερείας
2455 3816 2548 3871 τὸν
2588 3816 2748 3887 λόγον
2783 3817 2922 3872 σῶόν
2951 3834 3012 3874 τε
3044 3819 3140 3873 καὶ
3173 3819 3608 3890 ἁπαρὰὅλαπτον
3637 3823 3744 3874 καὶ

2154 3908 2382 3974 τέλειον,
2414 3907 2624 3962 τούτων
2652 3908 2884 3963 ἕκαστον
2903 3947 2919 3975 ,
2952 3907 3094 3964 κατὰ
3123 3908 3225 3982 τὴν
3257 3909 3396 3964 ἰδίαν
3422 3910 3611 3979 φύσιν,
3639 3911 3742 3963 τοῦ

2155 3997 2336 4062 είδους
2382 3998 2785 4072 γνωριστήριον
2837 3999 3086 4072 φέρουσι.
3122 3999 3310 4054 Ταῦτα
3347 4000 3446 4072 μὲν
3499 3995 3595 4054 οὖν
3640 4000 3743 4052 καὶ

2157 4092 2286 4163 περὶ
2328 4091 2389 4145 τὸ
2425 4091 2576 4146 ὅλον
2607 4091 2894 4147 δεικνύντα
2913 4132 2930 4158 ,
2971 4093 3049 4158 ὡς
3078 4094 3174 4148 καὶ
3199 4093 3324 4147 ὅλον
3352 4093 3459 4164 ὅλῳ
3489 4091 3740 4146 συντίθε-

2161 4180 2286 4235 σθαί
2313 4199 2368 4235 τι
2397 4181 2642 4250 δυνατὸν,
2677 4183 2773 4238 καὶ
2808 4183 2909 4237 οὐκ
2953 4183 3197 4256 ὲμμερί-,ς
3226 4180 3367 4240 εἶναι
3399 4183 3460 4239 τὸ
3491 4182 3734 4254 λεγόμεο

2169 4290 2260 4327 νον
2289 4273 2462 4342 ὅλον,
2499 4276 2564 4330 ὲκ
2593 4275 2693 4347 τῆς
2723 4274 3049 4342 συνθέσεως,
3071 4276 3309 4348 ἁνᾴγκη.

465 4375 640 4427 totum
659 4368 868 4424 dictum
891 4369 1140 4440 partibus
1169 4368 1241 4424 sit
1259 4367 1600 4434 distinctum,
1632 4383 1700 4422 ex
1741 4365 2009 4439 synthesi,
2063 4378 2288 4422 necesse
2315 4376 2420 4425 est.

538 4460 812 4518 Similiter
839 4477 908 4517 ex
957 4461 1292 4533 supradictis
1342 4459 1413 4516 de
1455 4459 1827 4530 simplicitate,
1886 4467 2054 4513 totum

473 4570 696 4627 quoque
725 4555 1005 4612 inﬁnitum
1027 4572 1152 4613 esse
1192 4556 1414 4627 dicique
1434 4563 1691 4625 oportet;
1717 4569 1856 4611 voce
1903 4554 2051 4610 enim

2245 4469 2480 4538 Ὁμοίως
2497 4469 2556 4525 δὲ
2577 4471 2692 4534 τοῖς
2711 4469 3024 4541 εἰρημένοις
3057 4466 3302 4541 περὶτοῦ
3323 4466 3588 4540 ἀμεροῦς,
3623 4469 3723 4523 καὶ

2158 4559 2220 4614 τὸ
2255 4560 2668 4634 ἁπερίγραπτον
2699 4560 2850 4617 ὅλον
2872 4561 2992 4616 δέον
3018 4556 3161 4615 εἶναι
3203 4561 3301 4616 καὶ
3332 4559 3624 4630 λέγεσθαι·
3650 4560 3734 4630 τῷ

475 4650 635 4704 totius
653 4649 854 4718 inﬁniti
884 4665 1012 4705 cum
1052 4649 1494 4721 pr0prietatibus
1521 4647 1778 4703 omnibus
1805 4647 2048 4702 inﬁnita-

2157 4651 2300 4724 λόγῳ
2314 4652 2425 4727 γὰρ
2447 4653 2542 4708 τοῦ
2562 4652 3008 4724 ἁπεριγφὰπτου
3031 4653 3182 4709 ὅλου
3210 4651 3351 4724 μετὰ
3371 4651 3480 4705 τῶν
3511 4651 3740 4720 ἰδιωμά-

474 4739 568 4805 tis,
601 4739 918 4811 hujusmodi
941 4739 1247 4811 perfectum
1269 4747 1387 4805 est,
1435 4737 1712 4808 siquidem
1749 4739 1910 4795 aliter
1939 4754 2052 4808 non

473 4835 586 4891 erit
614 4835 914 4891 inﬁnitum.
944 4836 1191 4906 Namque
1220 4834 1290 4900 si,
1321 4834 1476 4905 juxta
1509 4841 1748 4888 vestram
1783 4831 2056 4903 hypotbe-

475 4928 674 4994 sim,ex
696 4929 1013 5001 integritate
1035 4926 1274 4999 partium
1299 4926 1477 4981 solum
1503 4924 1828 4996 intelligitur
1856 4933 2053 4989 totum,

475 5035 603 5076 cum
631 5019 872 5090 partium
904 5034 1106 5090 expers
1134 5017 1497 5086 inﬁnitusque
1541 5015 1615 5070 sit
1657 5015 1822 5082 Deus,
1883 5024 2056 5071 totum

476 5126 594 5164 non
630 5109 888 5175 habebit;
921 5109 967 5163 si
997 5118 1184 5164 autem
1212 5116 1388 5163 totum
1434 5121 1548 5161 non
1577 5105 1808 5168 habens,
1852 5106 2058 5161 unione

480 5216 702 5271 quoque
746 5208 1006 5265 exuatur,
1077 5197 1513 5270 imperfectionis
1565 5196 1950 5265 accusabitur;
2012 5198 2059 5254 si

481 5308 616 5348 vero
659 5293 868 5362 aliquid
929 5299 1104 5348 totum
1138 5291 1232 5354 sit,
1278 5290 1428 5346 uniri
1480 5305 1702 5361 quoque
1747 5299 1960 5360 potest;
2011 5291 2059 5347 si

482 5403 617 5459 ergo
645 5388 924 5445 inﬁnitum
949 5404 1171 5460 quoque
1221 5389 1372 5445 illius
1400 5389 1591 5451 habet.
1624 5388 1938 5460 inﬁnitique
1971 5390 2059 5445 in-

487 5482 821 5554 tegritatem,
849 5493 910 5538 ut
937 5483 1135 5538 inﬁniti
1161 5482 1407 5553 quidem,
1461 5490 1720 5552 quantum
1749 5481 1813 5536 in-
1853 5482 1950 5538 illo
1975 5492 2060 5538 at-

486 5589 596 5645 que
615 5573 686 5629 de
714 5573 808 5629 illo
836 5575 1100 5646 possibile
1149 5583 1320 5636 esset,
1347 5583 1413 5629 ut
1441 5574 1564 5629 vult
1597 5588 1791 5629 eorum
1841 5584 2063 5630 senten-

488 5664 587 5728 tia,
611 5665 800 5735 sicque
834 5665 976 5720 uniri
1022 5673 1199 5720 totum
1228 5663 1439 5735 aliquid
1465 5679 1588 5729 ens,
1615 5661 1905 5720 inﬁnitatis
1931 5665 2065 5719 sim-

488 5757 862 5828 plicitatisque
887 5772 1021 5813 voee
1052 5757 1380 5828 perlectum.
1410 5755 1538 5811 Hth
1586 5763 1772 5810 autem
1819 5770 1851 5810 a
1903 5757 2067 5813 nobis

492 5855 721 5918 pensata
758 5857 910 5914 sunt,
946 5861 1014 5903 eo
1047 5847 1194 5918 quod
1225 5862 1337 5902 non
1380 5854 1530 5901 recte
1580 5854 1747 5898 totum
1798 5845 2066 5918 intelliga-

501 5937 593 6002 tis,
627 5936 762 5994 illud
794 5945 1008 5994 tantum
1039 5937 1107 5994 dc
1129 5935 1460 6008 corporibus
1483 5935 1785 5994 subsistere
1816 5952 2066 5993 asseren-

2157 4759 2266 4797 των
2291 4743 2511 4799 πάντων
2532 4745 2632 4818 τῆς
2657 4743 3099 4816 ἁπεριγραψίας,
3124 4743 3334 4798 τέλειον
3350 4742 3552 4797 τοιόνδε
3567 4743 3736 4796 ἐστίν·

2155 4833 2278 4888 ἐπεὶ
2313 4833 2419 4889 οὐκ
2452 4834 2611 4889 ἔσται
2645 4834 2823 4899 ἄλλως
2855 4832 3300 4904 ἁπερίγραπτον.
3331 4833 3394 4888 Εἰ
3436 4832 3548 4904 γὰρ
3595 4831 3740 4886 κατὰ

2153 4925 2254 4998 τὴν
2280 4925 2433 4996 σφῶν
2463 4925 2726 4980 ὑπόθεσιν
2746 4927 2813 4981 ὲκ
2858 4924 2956 4980 τοῦ
2977 4923 3306 4990 ἁνελλιποῦς
3329 4923 3438 4978 τῶν
3469 4923 3656 4996 μερῶν
3679 4922 3741 4975 τὸ

2155 5017 2277 5071 ὅλον
2303 5019 2504 5072 νοεῖται
2537 5017 2736 5089 μόνως,
2769 5019 2894 5072 ἐπεὶ
2924 5017 3144 5089 ἀμερής
3173 5017 3292 5072 ἐστι
3313 5017 3410 5070 καὶ
3433 5015 3738 5087 ἀπερίγρα-

2157 5126 2292 5174 πτος
2320 5110 2348 5163 ὁ
2374 5109 2530 5174 Θεὸς,
2551 5109 2615 5162 τὸ
2628 5109 2751 5163 ὅλον
2789 5109 2888 5179 ούχ
2907 5108 3051 5175 ἔξειο
3079 5107 3156 5180 μὴ
3180 5107 3322 5180 ἔχων
3352 5107 3410 5161 δὲ
3430 5108 3492 5161 τὸ
3512 5107 3658 5171 ὅλον,
3692 5105 3740 5158 εἰ

2159 5202 2255 5255 καὶ
2287 5201 2593 5265 συνθέσεως
2623 5201 3020 5273 ὴλευθέρωται,
3062 5201 3200 5257 ἁλλὰ
3233 5201 3583 5272 ἁτελειότητα
3609 5218 3737 5254 κατ-

2157 5293 2574 5365 ηγορηθήσεται
2593 5309 2608 5324 ο
2627 5294 2677 5347 εἰ
2703 5293 2761 5348 δὲ
2781 5293 2903 5348 ὅλον
2921 5293 2975 5347 τί
2996 5294 3139 5358 ἐστι,
3160 5293 3255 5346 καὶ
3286 5291 3632 5346 συντίθεσθαι
3652 5289 3737 5344 δύο

2159 5399 2315 5437 ναται
2339 5398 2354 5412 '
2373 5385 2424 5437 εἰ
2449 5382 2545 5437 οὖν
2582 5383 2679 5437 καὶ
2707 5383 2770 5437 τὸ
2787 5384 3209 5457 ἀπερίγραπτον
3233 5383 3395 5437 αὐτοῦ
3418 5383 3533 5453 ἔχει
3559 5382 3656 5437 καὶ
3683 5383 3739 5436 τὸ

2159 5473 2254 5527 τοῦ
2287 5473 2706 5547 ἁπεριγρὰπτου
2735 5475 3056 5542 ἁνελλιπῶς,
3078 5476 3154 5539 ὡς
3182 5474 3598 5546 ἁπεριγράπτου
3617 5473 3740 5545 μέν.

2161 5583 2265 5635 τοι,
2285 5565 2498 5622 δύναιτο
2519 5567 2670 5624 ὅσον
2687 5567 2854 5640 τῷγε,
2867 5568 2961 5623 καὶ
2985 5568 3080 5622 ἐπὶ
3095 5567 3250 5641 τῷδε,
3273 5569 3348 5633 ὡς
3363 5569 3516 5622 δοκεῖ
3526 5571 3592 5640 τῇ
3612 5568 3743 5620 ἁπο-

2165 5661 2578 5731 φάνσειαύτῶν·
2610 5663 2708 5716 καὶ
2745 5663 2922 5728 οὕτως
2955 5663 3300 5719 συντίθεσθαι
3322 5661 3444 5716 ὅλον
3479 5680 3532 5717 τι
3561 5661 3642 5723 δν.
3668 5659 3743 5731 τῷ

2165 5754 2265 5823 τῆς
2287 5752 2699 5824 ἁπεριγραψίας
2720 5753 2864 5826 λόγῳ
2896 5757 2992 5810 καὶ
3010 5754 3280 5828 ἀμερείας
3313 5753 3743 5826 ἁπηρτισμένον.

2171 5845 2360 5899 Ταῦτα
2390 5846 2447 5899 δὲ
2475 5847 2609 5916 ἡμῖν
2636 5845 3058 5920 κατεξήτασται,
3081 5848 3171 5902 διὰ
3200 5849 3261 5902 τὸ
3293 5848 3368 5919 μὴ
3404 5847 3579 5920 ὀρθῶς
3611 5845 3744 5900 εἰδέ-

2173 5956 2259 5993 ναι
2293 5938 2436 6008 ὑμᾶς
2463 5936 2522 5991 rb
2557 5935 2725 6005 ὅλον,
2757 5939 2873 5993 ἀλλ’
2897 5939 2991 5994 ἐπὶ
3019 5941 3288 6012 σωμάτων
3321 5940 3503 6012 μόνον,
3542 5937 3744 6012 μᾶλλον
