4032 6534
280 437 417 502 1409

1238 431 1634 494 ADVERSUS
1669 429 2225 494 NESTORIANOS.
2262 457 2329 470 -
2360 434 2508 495 LIB.
2548 435 2599 495 Ι.

3411 430 3551 496 1410

271 563 331 618 δέ
364 560 459 615 ἐπὶ
491 555 737 627 συνεχῶν
782 549 995 608 ποσῶν
1030 550 1209 621 μόνων
1259 548 1566 619 παράθεσιν
1600 545 1859 613 τοπικὴν

1973 552 2064 611 tes,
2097 555 2264 617 atque
2316 546 2591 617 imprimis
2624 545 2693 602 de
2723 546 3007 603 continuis
3039 547 3258 619 quantis
3314 548 3557 618 privatis

279 654 488 726 μορίων
506 650 671 706 τινῶν
694 644 1142 715 συναπτομένων,
1172 641 1267 697 καὶ
1292 641 1441 695 θέσιν
1468 641 1702 710 ἐχόντων
1727 638 1863 710 πρὸς

278 746 505 817 ἄλληλα,
541 742 701 797 τοῦτο
727 737 1098 809 λογιζομένων
1129 733 1474 787 συνεστάναι.
1511 730 1757 785 Ἐοίκατε
1782 728 1863 794 δὲ,

278 833 323 892 ὦ
353 834 632 907 γεννάδαι,
658 834 723 886 ἐκ
744 831 845 901 τῆς
876 829 1017 897 ἀγαν
1047 827 1169 881 κατ’
1193 824 1448 893 αἴσθησιν
1490 820 1867 891 σπουδαζομέ-

279 947 376 999 νης
396 929 525 998 ὑμῖν
557 923 931 997 φυσιολογίας,
964 921 1044 983 εἰς
1069 918 1293 989 τοσήνδε
1323 915 1424 987 τὴν
1450 912 1867 980 ἀναισθησίαν

282 1018 767 1088 κατασπασθῆναι.
797 1014 1025 1085 Ἴδωμεν
1054 1012 1162 1082 γὰρ
1183 1010 1279 1064 καὶ
1301 1008 1694 1080 ἀκριϐέστερον
1714 1006 1865 1076 ὅμως

282 1116 343 1169 τὸ
370 1111 784 1181 ἀπερίγραφον
815 1108 943 1177 ὑμῖν
982 1104 1101 1167 πῶς
1144 1104 1363 1171 λέγεται
1388 1100 1468 1172 τῷ
1512 1100 1753 1170 ἐμμερεῖ
1789 1097 1865 1168 μὴ

281 1206 509 1262 δυνατὸν
540 1200 682 1257 εἶναι
712 1196 1096 1255 συντίθεσθαι·
1130 1195 1347 1266 πρῶτον
1375 1194 1472 1262 μέν
1503 1191 1614 1262 γάρ
1646 1190 1707 1244 τὸ
1730 1191 1867 1245 ἀπε-

288 1295 590 1368 ρίγραπτόν
632 1311 685 1347 τι
774 1286 939 1351 εἶναι,
990 1284 1441 1354 ἐπιπολαιότερον
1507 1284 1573 1337 ἐκ
1611 1280 1867 1349 τοπικῆς

286 1389 522 1460 σχέσεως
556 1386 799 1454 λέγεται·
831 1381 941 1454 ἀρα
965 1379 1059 1434 οὖν
1080 1378 1177 1433 καὶ
1210 1379 1277 1447 τῇ
1304 1376 1447 1431 κατά
1474 1375 1644 1429 τόπον
1673 1374 1866 1427 ὲνώσει

285 1476 651 1552 παρεμποδὼν
687 1475 748 1528 τὸ
790 1471 1235 1543 ἀπερίγραπτονο
1269 1466 1410 1540 αὕτη
1440 1466 1497 1521 δὲ
1533 1465 1869 1536 παράθεσις

287 1573 426 1637 ἐστι,
466 1569 564 1623 καὶ
594 1567 654 1621 οὑ
680 1566 962 1628 σύνθεσις’
987 1564 1035 1616 εί
1068 1562 1168 1633 μὲν
1197 1560 1291 1615 οὖν
1313 1559 1569 1631 τοιαύτην
1602 1556 1742 1613 εἶναι
1772 1558 1869 1612 καὶ

282 1659 381 1732 τὴν
420 1660 615 1712 ἕνωσιν
644 1657 740 1711 τοῦ
786 1655 960 1723 Λόγου
995 1653 1136 1725 πρὸς
1174 1652 1275 1723 τὴν
1312 1651 1494 1724 σάρκα
1531 1650 1711 1705 οίεσθε
1734 1689 1750 1713 ,
1779 1651 1867 1704 ὅτι

284 1750 731 1818 ὑπερεκτείνεται
751 1748 981 1819 θατέρου
1004 1747 1067 1800 τὸ
1091 1746 1283 1818 ἕτερον
1312 1743 1696 1815 συντιθέμενον
1729 1743 1866 1797 τῶν-

282 1847 360 1912 δε,
396 1847 493 1901 καὶ
519 1843 639 1898 δέον
670 1843 746 1907 ὼς
777 1842 847 1896 τά
884 1839 1051 1895 διπλᾶ
1095 1838 1427 1910 καττύματα
1456 1836 1566 1895 τῶν
1606 1835 1862 1900 πεδίλων,

282 1940 353 1994 τὰ
385 1938 562 2003 οὕτως
595 1937 862 2008 ένούμενα
899 1934 1153 2007 ἀλλήλοις
1188 1932 1284 1987 καὶ
1318 1929 1751 2003 παρατιθέμενα,
1788 1928 1864 1999 μὴ
1898 1919 1937 1972 Β

283 2032 510 2102 θάτερον
531 2030 718 2101 ἐξέχον
751 2026 1158 2099 άπαιωρεῖσθαι
1203 2023 1301 2079 καὶ
1333 2020 1680 2093 περιττεύειν
1707 2017 1867 2073 θατέ-

286 2143 381 2197 ρου
409 2122 779 2193 καττύματος,
822 2118 1082 2191 πρόδηλοι
1125 2112 1220 2171 οὖν
1272 2114 1569 2170 κάντεῦθεν
1602 2112 1865 2182 γεγόνατε

283 2218 357 2281 ὡς
388 2216 479 2271 καὶ
527 2216 626 2286 τὴν
658 2216 856 2268 ἕνωσιν
881 2212 979 2273 καὶ
1007 2212 1069 2265 τὸ
1097 2210 1512 2282 ἀπερίγραφον,
1552 2206 1614 2260 ού
1643 2205 1871 2275 θεοπρε-

294 2310 438 2374 πῶς,
466 2306 603 2363 ἀλλά
636 2305 890 2377 σώματος
922 2302 1146 2375 μεγέθει
1179 2297 1865 2372 φαντάζεσθε,μυριόπηχύ

285 2420 339 2455 τι
384 2402 417 2471 ἢ
473 2400 664 2463 ἁπλῶς
700 2399 1070 2470 ἀπειρόποσον
1122 2397 1265 2450 κατά
1305 2394 1512 2466 μορίων
1552 2393 1673 2447 τινὰ
1722 2391 1869 2446 θέσιν

289 2496 423 2566 πρὸς
449 2496 638 2566 ἕτερον
668 2492 893 2546 ἐλαττόν
920 2509 973 2544 τι
994 2490 1158 2560 σῶμα
1181 2486 1555 2542 συνάπτεσθαι
1582 2484 1870 2554 λογιζόμε-

288 2604 389 2640 νοι.
424 2586 573 2654 Ιιλὴν
605 2583 729 2637 οὐδὲ
778 2582 828 2635 εί
856 2581 1019 2635 τοῦτο
1046 2578 1249 2641 οίεσθε,
1281 2576 1553 2631 ἐκωλύετο
1591 2575 1657 2630 ἂν
1688 2573 1869 2627 αὐτῶν

288 2669 426 2729 εἶναι
464 2670 804 2741 παράθεσις
835 2669 960 2725 καθ’
984 2670 1153 2740 ὑμᾶς.
1196 2664 1472 2723 Ἐδώκατε
1504 2667 1613 2736 γὰρ
1642 2665 1740 2719 καὶ
1774 2663 1871 2735 μέ-

288 2784 419 2838 ρους
455 2765 593 2837 πρὸς
629 2764 753 2819 ὅλον
786 2763 842 2817 τί
873 2778 1021 2825 τινος
1070 2760 1335 2831 γενέσθαι
1368 2759 1686 2824 σύνθεσιν,
1726 2758 1870 2812 ὥστε

287 2857 498 2913 καὶτοῦ
530 2856 761 2928 βραχέος
790 2854 930 2926 πρὸς
976 2853 1037 2907 τὸ
1086 2853 1230 2922 μέγα
1280 2853 1401 2905 ἐστὶ
1435 2850 1741 2921 παράθεσις
1765 2868 1779 2881 ·
1821 2851 1870 2903 εί

288 2950 345 3003 δὲ
376 2950 604 3014 εἴποιτε,
628 2950 742 3019 Οὐχ
773 2948 894 3003 ὅλον
920 2946 1062 3018 πρὸς
1093 2946 1262 3017 μέρος
1294 2943 1437 3014 αὓτη
1468 2944 1587 2996 ἐστὶ
1625 2945 1657 3013 ή
1696 2942 1873 3013 παρά-

289 3040 437 3105 θεσις
463 3039 657 3107 ὅντως,
686 3038 801 3092 ἀλλ’
831 3039 895 3090 ἐκ
927 3040 1132 3109 μέρους
1158 3034 1323 3089 αὐτοῦ
1354 3035 1477 3088 ὅλου
1502 3034 1640 3103 πρὸς
1662 3034 1785 3089 ὅλον
1810 3035 1871 3089 τὸ

293 3134 479 3203 μέρος,
519 3131 776 3185 σκοπεῖτε
818 3131 967 3199 ὅμως
1019 3129 1116 3184 καὶ
1152 3127 1356 3193 οὕτως’
1405 3130 1489 3183 ὅτι
1517 3120 1594 3182 ὧν
1620 3127 1688 3180 τὰ
1726 3127 1868 3199 μέρη

1966 635 2125 706 juxta
2163 637 2495 707 positionem
2538 636 2763 691 localem
2815 639 3188 708 portiunculis
3224 640 3557 710 quibusdam

1971 727 2385 793 unitis.Adeo,o
2405 729 2510 783 viri
2531 729 2879 800 generosi,ex
2906 732 3219 787 ratiociniis
3249 733 3557 790 carissimis

1970 820 2173 875 vestris
2209 835 2333 890 qum
2362 820 2530 875 nimis
2549 822 2703 892 juxta
2733 836 2931 877 sensus
2950 833 3101 888 sunt,
3130 824 3185 877 in
3230 825 3436 881 hancce
3468 828 3557 880 in-

1970 911 2371 966 sensibilitate»:
2410 912 2743 983 praecipitati
2780 912 2949 968 estis!
3004 913 3253 984 Namque
3293 926 3556 972 cazterum

1972 1004 2391 1061 accuratissime
2416 1006 2706 1061 videamus
2743 1005 3020 1076 quomodo
3055 1007 3326 1074 inﬁnitum
3379 1010 3558 1077 parti-

1973 1095 2078 1152 bus
2106 1098 2441 1153 coalescenti
2475 1100 2623 1154 uniri
2682 1114 2792 1154 non
2826 1114 2988 1168 posse
3030 1115 3060 1153 a
3106 1100 3264 1153 vobis
3298 1100 3554 1155 dicatur:

1973 1188 2215 1259 primum
2262 1190 2389 1260 quia
2440 1206 2509 1246 ex
2537 1201 2682 1247 statu
2725 1190 2886 1245 locati
2918 1189 3138 1245 tenuius
3190 1204 3312 1245 esse
3353 1190 3558 1245 dicitur

1973 1281 2273 1349 inﬁnitum,
2307 1284 2542 1354 ideoque
2572 1286 2762 1339 unioni
2806 1283 3111 1340 secundum
3158 1284 3341 1338 locum
3384 1284 3558 1353 impe~

1974 1373 2221 1432 dimento
2252 1392 2375 1433 esse
2419 1377 2721 1442 inﬁnitum,
2757 1377 2873 1433 haec
2894 1386 2979 1432 est
3012 1386 3199 1431 autem
3242 1379 3556 1447 juxtaposi-

1975 1465 2068 1533 tio,
2098 1484 2211 1524 non
2246 1485 2378 1525 vero
2411 1472 2572 1538 unio;
2605 1470 2651 1525 si
2685 1485 2818 1539 ergo
2870 1479 3055 1524 autem
3084 1468 3250 1524 Verbi
3296 1468 3558 1524 unionem

1975 1573 2100 1613 cum
2129 1574 2297 1615 carne
2327 1561 2490 1616 talem
2518 1576 2639 1615 esse
2661 1560 2971 1623 senseritis,
3004 1574 3071 1614 eo
3103 1558 3252 1629 quod
3283 1574 3452 1614 unum
3491 1576 3559 1613 ex

1977 1654 2149 1708 unitis
2171 1653 2409 1707 alterum
2439 1661 2685 1722 supcrat,
2728 1666 2831 1706 nec
2862 1665 2930 1705 ex
2963 1650 3181 1705 duabus
3210 1650 3560 1706 calceamen-

1976 1754 2159 1801 torum
2194 1746 2380 1811 soleis,
2415 1745 2521 1800 sibi
2568 1745 2807 1799 inviccm
2849 1743 3021 1798 unitis
3070 1759 3136 1798 ac
3179 1744 3555 1815 justapositis,

1977 1853 2143 1892 unam
2168 1838 2376 1893 soleam
2408 1838 2582 1892 allera
2615 1839 2765 1892 solea
2819 1837 3092 1892 excelsior
3116 1852 3182 1893 ac
3229 1837 3448 1908 longior
3479 1838 3561 1891 vi-

1968 1927 2087 1983 deri
2114 1928 2303 1993 debet,
2333 1937 2486 1999 patet
2544 1943 2697 1999 ergo,
2731 1928 2954 1997 hucque
3007 1928 3336 1993 devcnistis,
3398 1928 3561 1983 unio-

1967 2036 2094 2076 nem
2122 2029 2288 2092 atque
2320 2020 2621 2087 inﬁnitum,
2653 2036 2764 2076 non
2822 2031 2883 2076 ut
2906 2021 3066 2079 decet
3087 2020 3433 2076 divinitatem
3460 2021 3555 2078 sed

1968 2114 2134 2169 modo
2157 2114 2431 2185 corporali
2479 2128 2578 2169 vos
2624 2114 3027 2185 imaginamini,
3078 2114 3291 2184 aliquid
3321 2114 3558 2168 maxime

1969 2204 2332 2276 longinquum
2365 2213 2461 2260 aut
2496 2205 2829 2275 simpliciter
2862 2206 3199 2261 immensum
3248 2206 3404 2275 juxta
3430 2220 3559 2275 par-

1969 2302 2055 2350 tes
2084 2295 2326 2365 aliquam
2354 2296 2687 2365 positionem
2718 2295 2783 2350 ad
2815 2297 3054 2352 alterum
3100 2298 3285 2352 minus
3333 2296 3561 2367 aliquod

1968 2403 2173 2459 corpus
2194 2387 2445 2442 additum
2475 2387 2875 2459 excogitantes.
2904 2390 3184 2456 Attamen,
3208 2389 3256 2444 si
3309 2389 3425 2445 haec
3474 2401 3561 2445 est

1970 2481 2243 2537 sententia
2276 2492 2480 2547 vestra,
2518 2481 2741 2535 illorum
2760 2482 3114 2553 juxtapositio
3158 2497 3323 2552 quam
3348 2483 3559 2547 dicitis,

1971 2588 2084 2629 non
2108 2573 2477 2645 impediretur
2503 2590 2518 2639 ;
2546 2574 2820 2629 docuistis
2854 2576 3002 2629 enim
3030 2585 3216 2645 partes
3236 2576 3402 2632 alicui
3461 2576 3559 2632 toti

1971 2666 2261 2738 adjunctas
2290 2666 2526 2738 alicujus
2559 2666 2819 2721 unionem
2843 2667 2984 2732 ﬁeri,
3017 2666 3093 2721 ita
3110 2668 3415 2738 utalicujus
3440 2668 3563 2723 bre-

1970 2757 2057 2812 vis
2088 2755 2157 2811 ad
2191 2755 2416 2827 aliquod
2475 2773 2734 2828 magnum
2798 2757 2894 2811 ﬁat
2931 2758 3305 2829 juxtapositio.
3345 2758 3403 2814 Si
3429 2775 3563 2814 vero

1970 2849 2225 2904 dixeritis
2279 2864 2389 2903 non
2452 2856 2626 2904 totum
2667 2850 2738 2906 ad
2797 2860 3010 2921 partem
3049 2851 3194 2905 hanc
3248 2865 3371 2906 esse
3428 2866 3562 2907 vere

1964 2943 2463 3015 juxtapositionem,
2498 2944 2595 2999 sed
2619 2960 2688 3000 ex
2738 2954 2895 3017 parte
2919 2945 3038 3015 ipsa
3071 2944 3243 3000 totius
3286 2944 3356 2999 ad
3391 2952 3562 3000 totam

1971 3043 2209 3104 partem,
2259 3049 2435 3089 unum
2479 3043 2537 3091 et
2584 3034 2735 3091 idem
2795 3034 3088 3105 speetatis;
3143 3035 3274 3105 quia
3323 3051 3562 3106 quorum

1972 3137 2103 3182 sunt
2130 3136 2315 3199 partes
2346 3126 2535 3194 ﬁnitae,
2568 3128 2768 3183 horum
2795 3137 2854 3184 et
2883 3136 3090 3195 totum;
3126 3128 3204 3182 ita
3236 3137 3298 3183 ut
3348 3128 3397 3183 si
3433 3129 3563 3185 huic

290 3223 663 3297 περιγραπτά,
695 3222 902 3278 τούτων
949 3223 1045 3277 καὶ
1095 3221 1159 3277 τὸ
1215 3222 1365 3276 ὅλον’
1397 3221 1539 3275 ὥστε
1580 3222 1629 3274 εί
1662 3220 1760 3275 καὶ
1793 3219 1867 3293 μὴ

1973 3220 2266 3291 contigerit
2299 3230 2359 3275 ut
2410 3220 2575 3275 alicui
2632 3221 2953 3292 particulari
2985 3237 3098 3276 non
3138 3222 3562 3293 juxtaponatur,

288 3317 424 3387 τῷδέ
459 3334 566 3372 τινι
602 3316 681 3388 τῷ
709 3318 965 3388 ἐμμερεί,
1013 3315 1131 3372 ἀλλ’
1160 3314 1335 3385 ἐτέρῳ
1381 3313 1611 3385 μείζονι,
1646 3313 1760 3384 ἔχοι
1798 3314 1866 3369 ἂν

1973 3312 2068 3367 sed
2123 3312 2283 3369 alteri
2316 3314 2531 3385 majori,
2565 3322 2740 3369 totum
2794 3329 3017 3385 quoque
3064 3315 3415 3386 juxtapositm
3440 3332 3569 3387 par-

290 3412 452 3481 φύσιν
473 3409 896 3482 παρατίθεσθαι,
930 3410 1027 3463 καὶ
1066 3408 1127 3463 τὸ
1156 3407 1251 3463 τοῦ
1277 3407 1685 3480 παρατεθέντος
1711 3406 1864 3462 θείου

293 3501 494 3573 μέρους
525 3500 666 3567 ὅλον,
717 3499 871 3553 οὐδὲν
909 3498 1018 3567 ἀρα
1051 3499 1115 3552 ἐκ
1143 3498 1245 3569 τῆς
1277 3494 1533 3566 τοπικῆς
1557 3497 1867 3569 ἀπεριγρα-

286 3594 442 3664 φίας,
472 3592 633 3664 φύσει
662 3591 1077 3665 ἀπερίγραπτον
1108 3589 1481 3662 δειχθήσεται.

372 3777 712 3850 Ἐρωτητέον
738 3776 797 3832 δὲ
830 3778 975 3849 ὑμᾶς
1010 3776 1112 3831 ἔτι·
1144 3776 1219 3830 Τὸ
1249 3776 1635 3848 ἀπερίγραφον
1682 3776 1865 3841 τοῦτο,

292 3870 457 3940 Ιίιγουν
485 3871 516 3924 ό
551 3869 707 3935 Θεὸς,
740 3871 1073 3942 περιγράφει
1097 3868 1190 3923 τὸν
1222 3870 1454 3939 κόσμον,
1476 3869 1510 3939 ἢ
1542 3865 1604 3921 οὗ
1628 3886 1642 3935 ;
1666 3867 1731 3922 Ei
1768 3868 1868 3938 μὲν

288 3963 396 4036 γάρ
441 3963 503 4017 οὐ
532 3962 893 4035 περιγράφει,
936 3961 1061 4016 οὗτε
1107 3964 1166 4017 ἐν
1214 3961 1365 4033 αὐτῷ
1417 3963 1447 4016 ό
1499 3962 1703 4032 κόσμος
1734 3962 1865 4034 ἄρα,

288 4056 413 4110 οὔτε
450 4054 619 4119 ὅντως
647 4055 893 4112 ἐλάττων
921 4053 1087 4109 αὐτοῦ
1130 4054 1446 4122 ἀναγκαίως
1476 4054 1866 4125 δειχθήσεται·

291 4149 385 4202 καὶ
412 4152 462 4202 τ’
487 4147 624 4202 ἄλλα
651 4147 711 4202 δὲ
738 4147 1037 4219 βλάσφημα
1062 4146 1310 4217 ἕψονται.
1344 4148 1407 4201 Ei
1426 4146 1482 4201 δέ
1508 4147 1866 4220 περιγράφει,

291 4240 415 4295 ἐπεὶ
438 4242 546 4295 πᾶν
574 4240 838 4312 ἐμμερές,
876 4239 990 4309 εἴγε
1024 4241 1455 4312 περιγράφεται,
1487 4240 1520 4311 ἢ
1558 4239 1725 4312 μέρος
1764 4238 1872 4293 ὑπὸ

294 4332 515 4403 μέρους,
546 4331 580 4403 ἢ
619 4330 695 4396 ὡς
720 4332 841 4386 ὅλον
869 4332 974 4386 ὑπὸ
1002 4332 1149 4395 ὅλου,
1193 4330 1227 4402 ἢ
1264 4330 1341 4395 ὼς
1384 4330 1552 4403 μέρος
1585 4331 1690 4385 ὑπὸ
1721 4331 1868 4393 ὅλου,

290 4424 323 4491 ἢ
354 4423 429 4486 ὡς
458 4423 578 4477 ὅλον
600 4422 704 4476 ὑπὸ
736 4421 957 4493 μέρους,
986 4422 1411 4494 περιγράφεται·
1444 4425 1558 4487 τοῖς
1590 4422 1701 4494 γάρ
1729 4423 1868 4493 ὑμε-

290 4515 471 4585 τέροις
501 4512 855 4586 χρησόμεθα·
889 4513 1007 4568 δέον
1053 4514 1275 4578 πάντως
1323 4515 1545 4585 ἐμμερῆ
1579 4509 1721 4569 εἶναι
1772 4516 1871 4571 καὶ

289 4605 382 4659 τὸν
409 4605 543 4659 Θεὸν
570 4605 662 4658 τὸν
693 4604 1104 4675 περιγράφοντα
1142 4604 1204 4660 τὸ
1246 4606 1724 4677 περιγραφόμενον
1766 4609 1869 4678 ἐμ-

295 4695 482 4768 μερές.
516 4692 705 4747 Ταῦτα
729 4692 785 4746 δέ
811 4693 976 4747 πάλιν
1006 4694 1124 4757 πῶς
1143 4693 1335 4764 λέγετε
1359 4695 1612 4764 γίνεσθαι
1631 4712 1647 4763 ;
1669 4697 1731 4750 Εἰ
1760 4697 1870 4770 γὰρ

291 4790 366 4853 ὡς
403 4787 567 4859 σῶμά
590 4804 643 4841 τι
674 4786 879 4858 μεῖζον,
910 4784 973 4840 τὸ
995 4786 1239 4853 ἔλαττον,
1276 4788 1372 4843 καὶ
1398 4787 1475 4853 ὡς
1500 4790 1551 4843 οί
1581 4791 1711 4853 τοὺς
1739 4808 1871 4845 καν-

293 4884 495 4953 θάρους
552 4882 632 4945 είς
683 4880 782 4945 τὰς
834 4880 1067 4951 κηρίνας
1114 4880 1357 4953 σφαίρας
1418 4882 1871 4949 κατακλείοντες,

292 4973 436 5026 οὕτω
467 4972 805 5044 περιγράφει
827 4970 981 5039 Θεὸς,
1016 4971 1183 5035 τόπος
1211 4972 1328 5026 ἐστὶ⁵
1369 4973 1530 5044 μόνον
1550 4974 1660 5028 τῶν
1688 4977 1746 5028 ἐν
1776 4976 1875 5029 αὺ-

294 5064 391 5135 τῷ,
440 5065 533 5118 καὶ
582 5064 807 5136 συνεχές
833 5082 889 5120 τι
919 5064 1118 5119 ποσὸν
1144 5064 1173 5117 6
1211 5064 1366 5130 Θεὸς,
1398 5064 1562 5136 σῶμά
1590 5084 1651 5120 τε
1684 5069 1873 5136 σωμά-

294 5172 424 5218 των,
458 5156 554 5209 καὶ
584 5156 855 5227 ἐμμερὴς,
879 5157 974 5211 καὶ
1002 5155 1277 5224 σύνθετος,
1312 5158 1409 5211 καὶ
1428 5158 1490 5211 οὐ
1525 5158 1687 5228 μόνον
1722 5160 1877 5214 ἐλευ-

297 5247 628 5316 θερούμενος
656 5248 994 5315 συνθέσεως,
1034 5248 1171 5303 ἀλλά
1207 5249 1302 5303 καὶ
1347 5249 1667 5319 ἀναγκαίως
1699 5269 1878 5321 πεφυο

299 5336 409 5400 κὼς
443 5338 785 5407 ἐπιδέχεσθαι
816 5338 1084 5395 σύνθεσιν.
1118 5342 1181 5395 Εί
1210 5341 1267 5395 δὲ
1293 5342 1469 5397 ταῦτα
1496 5344 1638 5412 μετὰ
1673 5345 1878 5417 πολλῆς

298 5430 398 5498 τῆς
428 5428 715 5501 βδελυρίας
756 5430 982 5501 ἀνόητα,
1020 5431 1222 5503 ἑτέρως
1262 5425 1629 5507 περιγράφειν
1668 5436 1763 5490 τὸν
1787 5437 1873 5491 κό-

304 5539 441 5591 σμον
469 5522 669 5590 λέγοιτ’
694 5521 760 5576 ἂν
795 5523 823 5576 ὁ
863 5523 1018 5589 Θεὸς,
1050 5524 1084 5594 ἢ
1121 5525 1198 5588 ὡς
1235 5525 1307 5580 τὰ
1336 5524 1565 5597 σώματα
1606 5530 1878 5601 περιγρά-

304 5633 487 5687 φουσι.
522 5618 613 5670 Δεῖ
643 5616 752 5687 γὰρ
785 5614 1000 5686 ἀληθῶς
1046 5619 1241 5685 εἰπεῖν,
1282 5618 1366 5672 δτι
1409 5622 1745 5691 περιγράφει
1779 5622 1880 5693 μὲν

302 5710 373 5765 τά
403 5710 583 5765 πάντα
622 5708 854 5780 σώματα
890 5708 985 5763 καὶ
1030 5708 1317 5781 ἀσώματα,
1345 5711 1445 5782 οὐχ
1484 5713 1561 5777 ὡς
1604 5714 1765 5786 σῶμα
1786 5716 1875 5769 δέ·

304 5802 681 5872 ἀπερίγραφός
704 5801 765 5854 τέ
802 5802 970 5865 ἐστιν,
998 5802 1094 5872 οὐχ
1123 5802 1200 5867 ὡς
1230 5802 1391 5874 σῶμα
1416 5804 1492 5877 μὴ
1523 5806 1665 5877 1έχων
1697 5807 1788 5877 ὑφ’
1816 5802 1880 5863 οὗ

306 5893 679 5966 περιγραφείη
711 5892 957 5964 μείζονος
980 5891 1232 5963 σώματος
1250 5909 1264 5926 ο
1292 5896 1386 5949 καὶ
1416 5895 1491 5961 ὡς
1521 5898 1580 5951 ἐν
1607 5898 1747 5972 κενῷ
1776 5918 1879 5953 που

1971 3401 2044 3459 tis
2094 3402 2298 3460 divinae
2353 3404 2699 3477 (neutiquam
2746 3420 2882 3476 ergo
2927 3420 2996 3461 ex
3050 3405 3211 3464 loculi
3270 3406 3565 3477 inﬁnitate)

1971 3496 2301 3554 naturaliter
2351 3497 2627 3555 inﬁnitum
2653 3498 3001 3570 probabitur.

2042 3765 2091 3822 Δ
2123 3765 2279 3823 vobis
2304 3742 2823 3838 exquirendumest
2854 3771 3040 3829 adhuc
3080 3790 3094 3827 :
3129 3772 3273 3829 Num
3306 3774 3414 3832 hoc
3440 3776 3568 3832 inll-

1974 3856 2177 3925 nitum,
2210 3873 2309 3915 seu
2342 3859 2508 3926 Deus,
2534 3861 2803 3918 mundum
2825 3863 3041 3930 deﬁnit,
3065 3880 3249 3921 annon
3273 3868 3296 3923 ?
3326 3867 3383 3923 Si
3409 3871 3564 3926 enim

1974 3967 2088 4007 non
2122 3951 2335 4019 deﬁnit,
2389 3968 2493 4009 nec
2524 3969 2658 4025 ergo
2706 3955 2763 4009 in
2815 3956 2936 4026 ipso
2966 3958 3243 4026 mundus,
3293 3976 3398 4016 nec
3430 3977 3565 4017 vere

1974 4046 2159 4103 minor
2186 4046 2311 4118 ipso
2375 4049 2694 4104 necessario
2751 4049 3271 4121 demonstrabitur,
3326 4056 3565 4125 aliaeque

1975 4138 2337 4211 blasphemiae
2358 4151 2693 4212 coquentur.
2725 4143 2782 4200 Si
2803 4152 2991 4201 autem
3016 4145 3231 4213 deﬁnit,
3251 4164 3378 4204 cum
3412 4159 3570 4208 totus

1975 4233 2227 4303 partibus
2249 4242 2488 4301 constet,
2508 4236 2555 4291 si
2582 4245 2766 4292 tamen
2788 4235 3073 4304 deﬁnitur,
3098 4238 3216 4295 sive
3235 4255 3365 4310 pars
3383 4250 3560 4312 parte,

1976 4326 2093 4381 sive
2129 4326 2290 4397 quasi
2327 4336 2505 4383 totum
2552 4335 2668 4385 toto
2693 4368 2709 4394 ,
2764 4328 2882 4385 sive
2921 4331 3081 4400 quasi
3107 4346 3238 4401 pars
3267 4340 3404 4398 toto,
3443 4333 3562 4389 sive

1979 4416 2137 4486 quasi
2170 4426 2345 4473 totum
2369 4428 2549 4490 parte,
2574 4420 2876 4489 deﬁnitur;
2902 4422 3106 4479 vestris
3124 4423 3273 4478 enim
3302 4432 3555 4493 utemur;

1977 4516 2205 4571 omnino
2250 4516 2505 4587 partibus
2551 4523 2807 4572 constare
2852 4515 3018 4571 debet
3052 4515 3238 4583 Deus,
3290 4515 3562 4575 deﬁniens

1901 4637 1946 4695 η
1981 4608 2131 4678 quod
2156 4608 2409 4679 partibus
2441 4616 2679 4663 constat.
2712 4608 2840 4663 Haec
2884 4622 3023 4663 vero
3053 4607 3334 4676 quomodo
3364 4624 3560 4666 rursus

1979 4700 2169 4757 dicitis
2200 4700 2353 4755 ﬁeri?
2376 4700 2432 4755 Si
2461 4700 2930 4770 quemadmodum
2962 4715 3166 4770 corpus
3196 4700 3422 4771 aliquod
3443 4717 3561 4756 ma.

1977 4806 2168 4863 gnum,
2220 4792 2445 4863 aliquod
2470 4791 2675 4856 minus,
2711 4807 2778 4847 ac
2820 4800 3079 4862 tanquam
3121 4793 3217 4863 qui
3251 4794 3560 4851 scarabaaos

1976 4885 2034 4940 in
2078 4885 2256 4956 globis
2286 4884 2466 4941 cereis
2501 4884 2817 4950 includunt,
2841 4886 2923 4941 sic
2946 4886 3095 4941 Deus
3124 4886 3558 4953 circumscribit,

1974 4977 2133 5033 locus
2158 4965 2371 5034 tantum
2398 4979 2507 5034 erit
2532 4979 2621 5034 his
2639 4993 2762 5048 qua:
2785 4978 2842 5033 in
2882 4978 3005 5050 ipso
3029 4986 3181 5045 sunt,
3223 4994 3289 5035 ac
3329 4980 3558 5052 aliquod

1976 5080 2236 5142 quantum
2280 5073 2606 5128 continuum
2638 5073 2802 5139 Deus,
2820 5087 3020 5143 corpus
3039 5087 3357 5143 corporum,
3385 5074 3558 5144 parti-

1977 5162 2084 5218 bus
2119 5173 2401 5229 constans,
2425 5164 2771 5234 compositus
2793 5202 2809 5228 ,
2841 5177 3022 5231 neque
3064 5162 3243 5217 solum
3284 5163 3559 5234 composi-

1980 5255 2147 5312 tionis
2182 5256 2465 5322 immunis,
2506 5256 2605 5312 sed
2634 5255 2804 5311 etiam
2843 5256 3161 5311 necessario
3195 5256 3557 5327 compositio-

1977 5364 2104 5404 nem
2133 5349 2450 5405 admittens.
2512 5348 2570 5403 Si
2606 5364 2743 5405 vero
2779 5350 2948 5404 stulta
2991 5348 3108 5404 haec
3156 5349 3345 5405 multa:
3369 5349 3557 5420 impu-

1979 5441 2181 5498 dentia:
2217 5443 2408 5515 juncta
2441 5442 2575 5508 sint,
2616 5441 2883 5497 mundum
2906 5443 3069 5498 aliter
3095 5442 3557 5502 circumscribere

1979 5532 2247 5589 dicendus
2293 5542 2382 5589 est
2415 5533 2561 5590 Deus
2590 5548 2756 5603 quam
2788 5532 3254 5589 circumscribunt
3281 5551 3554 5605 corpora;

1978 5640 2109 5680 vere
2135 5624 2284 5678 enim
2316 5622 2619 5678 dicendum
2652 5630 2759 5688 est,
2781 5622 2935 5678 illum
2955 5623 3181 5693 quidem
3204 5623 3558 5681 circumscri-

1981 5715 2113 5771 bere
2141 5716 2328 5771 omnia
2366 5731 2601 5786 corpora
2637 5724 2804 5786 atque
2852 5715 3240 5787 incorporalia,
3272 5733 3384 5773 non
3423 5734 3556 5774 vero

1982 5815 2045 5863 ut
2074 5822 2311 5877 corpus;
2343 5807 2961 5878 incircumscriptusque
2985 5817 3092 5873 est,
3120 5823 3229 5863 non
3253 5810 3407 5879 quasi
3435 5826 3545 5864 cor-

1983 5917 2086 5974 pus
2122 5916 2231 5954 non
2268 5900 2479 5955 habens
2512 5915 2543 5955 a
2565 5915 2674 5971 quo
2706 5901 2911 5971 majore
2937 5916 3171 5971 corpore
3203 5901 3555 5956 circumscri-
