4032 6556
437 464 572 533 Mli

1675 459 1986 522 LEONTII
2023 458 2428 520 BYZANTINI

3563 457 3703 526 1412

437 589 619 652 batur,
641 593 697 641 et
724 593 981 655 tanquam
1003 585 1062 640 in
1091 584 1214 640 loco
1239 582 1478 655 quodam
1506 597 1684 638 vacuo
1710 581 1864 637 orbis
1885 580 2012 635 uni-

2126 580 2264 650 τόπῳ
2295 575 2398 634 τοῦ
2422 577 2648 644 παντὸς,
2691 575 2833 650 μέρη
2864 577 2989 633 τινὰ
3031 577 3144 633 τῶν
3173 577 3342 634 αὑτοῦ
3373 596 3702 653 παραιωρη-

433 679 581 736 versi
616 677 883 747 quasdam
932 678 1172 748 partium
1206 692 1431 732 suarum
1465 691 1764 746 suspensas
1795 685 2010 740 tenens,

435 769 532 825 sed
564 778 824 839 tanquam
849 768 1054 824 virtute
1083 784 1182 824 sua
1203 783 1421 823 omnem
1441 776 1695 822 naturam
1717 781 2012 837 superans,

437 876 768 931 omnemque
789 861 972 916 locum
1000 871 1056 917 et
1083 871 1299 932 tempus
1317 861 1686 927 antecedens;
1715 876 1821 916 nec
1850 859 2017 930 igitur

437 957 664 1027 quidem
694 957 884 1012 unitus
917 957 1076 1027 quasi
1113 973 1315 1028 corpus
1345 958 1432 1012 vel
1480 957 1729 1027 qurcdam
1762 956 2016 1012 divisibi—

436 1041 507 1102 lis
527 1056 726 1102 natura
754 1047 997 1114 unietur,
1030 1049 1105 1102 ita
1143 1057 1203 1102 ut
1231 1047 1388 1118 quasi
1423 1063 1551 1119 pars
1584 1048 1666 1103 vel
1695 1056 1894 1112 totum,
1924 1047 2014 1102 di-

436 1139 675 1196 visibilis
704 1138 988 1209 subjectus
1041 1147 1366 1210 reputetur;
1416 1139 1513 1193 sed
1545 1137 2015 1209 quemadmodum

436 1245 548 1285 non
578 1231 895 1286 necessario
920 1231 1169 1300 corporis
1195 1231 1723 1301 particulariumque
1779 1231 2014 1286 verbum

438 1320 519 1376 illi
546 1320 804 1376 incubuit
827 1320 894 1376 ad
919 1320 1426 1376 Circumscribenda
1450 1337 1572 1393 quae
1601 1321 1852 1393 partibus
1883 1337 2016 1378 con-

441 1421 610 1478 stant,
634 1413 709 1467 ita
741 1412 806 1467 ad
837 1428 895 1468 se
923 1413 1228 1468 uniendum
1260 1429 1385 1468 cum
1412 1414 1658 1480 homine,
1694 1413 2015 1486 hujusmodi

441 1504 833 1575 cogitationem
892 1503 1266 1560 adhaerentem
1311 1505 1417 1560 sibi
1449 1521 1561 1561 non
1607 1506 1794 1562 habet.
1841 1506 2017 1562 Aliter

438 1597 587 1652 enim
623 1613 725 1654 nec
755 1612 1014 1668 magnum
1059 1597 1133 1652 ita
1165 1607 1252 1653 est
1288 1598 1528 1665 inﬁnito,
1562 1599 1608 1655 si
1645 1615 1674 1654 a
1717 1599 1872 1655 ﬁnito
1903 1615 2016 1655 non

438 1688 964 1760 comprehenditur;
987 1689 1094 1744 hoc
1113 1689 1260 1744 cnim
1287 1689 1448 1744 datur
1472 1691 1691 1762 corpori
1721 1691 2018 1748 incircum-

438 1779 668 1849 scripto,
699 1779 913 1835 scilicet
950 1781 1197 1847 caelesti;
1231 1782 1329 1836 sed
1372 1782 1417 1838 si
1457 1783 1514 1837 in
1547 1783 1763 1839 minore
1794 1793 1958 1853 atque
1984 1799 2015 1838 a

438 1886 498 1926 se
541 1871 964 1943 circumscripto
1019 1871 1198 1928 libere
1256 1872 1581 1946 inﬁniteque
1639 1883 1790 1932 totus
1841 1876 2016 1946 possit

437 1961 831 2032 comprehendi
886 1963 942 2017 in
985 1963 1138 2019 nullo
1185 1975 1524 2028 coarctatus.
1573 1966 1630 2022 id
1682 1966 1744 2023 ﬁt
1802 1968 2016 2023 virtute

438 2053 661 2125 quidem
681 2055 1025 2110 connaturali
1064 2057 1214 2111 nulla
1237 2057 1286 2111 vi
1311 2057 1586 2113 inﬁnitum
1614 2057 2018 2114 intercludente

438 2152 535 2198 aut
583 2143 1072 2201 circumscribente
1097 2155 1155 2200 ut
1175 2157 1436 2218 operetur
1455 2147 1603 2218 quod
1622 2149 1880 2204 voluerit.
1904 2147 2019 2204 Hoc

437 2244 524 2292 est
548 2236 696 2291 enim
735 2237 882 2308 quod
908 2237 1232 2292 mirabiliter
1275 2239 1443 2294 nimis
1475 2238 1686 2294 dictum
1715 2247 1801 2294 est
1847 2239 1918 2295 ab
1949 2254 2018 2295 eo

439 2329 538 2398 qui
572 2330 774 2383 asserit
803 2329 872 2384 de
900 2328 1122 2384 Christo
1148 2330 1453 2385 secundum
1487 2347 1711 2386 carnem
1741 2347 1756 2386 :
1787 2329 1924 2397 Quia
1963 2334 2018 2387 in

440 2421 554 2490 ipso
600 2420 864 2475 inhabitat
903 2421 1074 2475 omnis
1108 2421 1384 2492 plenitudo
1431 2423 1724 2480 divinitatis
1762 2441 2017 2496 corpora-

443 2510 566 2565 liter
585 2511 630 2564 ’.

514 2602 652 2657 Male
679 2618 830 2675 ergo,
865 2617 899 2659 o
928 2604 1153 2671 miseri,
1185 2604 1254 2661 de
1293 2604 1412 2676 ipso
1453 2605 1566 2662 Deo
1601 2621 1764 2662 omne
1799 2607 2018 2663 unitum

437 2694 702 2767 judicatis
725 2736 740 2761 ,
799 2697 915 2752 sive
950 2705 1010 2751 ut
1055 2705 1267 2767 partem
1297 2698 1415 2752 sive
1448 2706 1510 2752 ut
1555 2706 1732 2753 totum
1769 2697 2021 2769 partibus

444 2796 708 2842 constans
748 2787 997 2858 profecto
1037 2789 1206 2844 uniri.
1257 2787 1581 2846 Suiliciebat
1627 2790 1797 2845 etiam
1855 2789 2021 2846 unius

445 2887 662 2934 tantum
701 2894 956 2935 errorum
1004 2888 1318 2936 vestrarum
1359 2881 1668 2938 confutatio
1698 2881 1767 2937 ad
1803 2881 2022 2938 destru-

445 2971 683 3027 ctionem
708 2971 955 3026 omnium
979 2981 1288 3028 vestrorum
1317 2973 1712 3040 munitionum,
1744 2972 2019 3044 siquidem

446 3077 556 3116 una
599 3061 725 3117 data
750 3063 1011 3131 stultitia,
1065 3079 1260 3122 omnes
1296 3067 1548 3122 stultitiae
1575 3075 1908 3138 sequuntur.
1961 3065 2020 3122 Si

445 3141 578 3210 vero
611 3154 680 3210 de
705 3154 968 3212 omnibus
989 3157 1192 3212 vestris
1219 3158 1697 3229 propositionibus
1715 3159 2020 3232 longiorem

2119 669 2305 741 μένος,
2335 667 2451 723 ἀλλ’
2479 669 2556 734 ὡς
2585 668 2815 740 δυνάμει
2838 670 3023 725 πᾶσαν
3051 669 3216 741 φύσιν
3247 671 3699 743 ύπερεκπίπτων,

2115 761 2214 816 καὶ
2245 760 2450 826 παντὸς
2491 761 2662 816 τόπου
2721 763 2818 816 καὶ
2864 766 3062 835 χρόνου
3111 764 3700 837 ὑπερεξαπλούμενος’

2115 853 2240 908 οῦτε
2271 854 2404 924 γοῦν
2433 855 2542 926 ἄρα
2581 855 2964 926 συντιθέμενος
2985 857 3064 921 ὡς
3097 856 3259 930 σῶμα
3285 858 3319 930 ἢ
3348 861 3581 930 μεριστή
3614 877 3703 924 τις

2117 946 2285 1016 φύσις
2307 947 2717 1018 συντεθήσεται,
2752 947 2842 1002 ἵνα
2869 948 2946 1013 ὡς
2993 949 3162 1020 μέρος
3201 951 3234 1022 ἢ
3267 950 3411 1018 ὅλον,
3439 953 3702 1024 μεριστδς

2119 1038 2481 1108 συγκείμενος
2510 1037 2897 1110 λογισθήσεται
2916 1055 2930 1070 ·
2948 1039 3066 1093 ἀλλ’
3086 1040 3146 1096 ὅν
3175 1041 3380 1114 τρόπον
3401 1043 3502 1097 οὐκ
3531 1046 3703 1112 ἀναγ-

2118 1130 2290 1194 καίως
2330 1129 2482 1201 αὒτῷ
2511 1130 2736 1200 γέγονεν
2769 1133 2799 1185 ὅ
2838 1130 2938 1185 τοῦ
2971 1131 3228 1204 σώματος
3271 1133 3430 1202 λόγος
3468 1136 3565 1189 καὶ
3595 1136 3701 1206 τῆς

2117 1222 2419 1294 ὲμμερείας
2469 1224 2554 1288 είς
2606 1223 2669 1277 τὸ
2713 1225 3082 1296 περιγράφειν
3126 1224 3198 1280 τὰ
3247 1227 3489 1299 ὲμμερῆ,
3521 1227 3700 1293 οὕτως

2115 1313 2238 1367 οὐδὲ
2273 1315 2353 1378 είς
2400 1315 2501 1386 τὴν
2535 1315 2674 1388 πρὸς
2713 1316 3002 1388 ἄνθρωπον
3043 1316 3315 1384 σύνθεσιν,
3355 1319 3456 1391 τὴν
3484 1321 3700 1375 τοιάνδε

2116 1407 2375 1463 ὑπόνοιαν
2407 1408 2750 1481 ὲπισύρεται.
2783 1409 2992 1475 ’Δλλως
3041 1412 3154 1483 γὰρ
3196 1413 3317 1466 οὐδὲ
3350 1413 3494 1484 μέγα
3521 1413 3701 1479 οὕτως

2115 1500 2194 1573 τῷ
2225 1502 2610 1575 ἀπεριγράφῳ,
2643 1503 2692 1556 εί
2736 1503 2798 1557 οὐ
2845 1507 3108 1578 χωρεϊται
3155 1504 3261 1559 ὑπὸ
3301 1507 3398 1560 τοῦ
3429 1523 3701 1580 περιγρα-

2117 1595 2283 1649 πτοῦο
2319 1596 2416 1650 καὶ
2463 1595 2678 1668 σώματι
2727 1599 2839 1670 γὰρ
2889 1599 3294 1672 ἀπεριγράπτῳ
3321 1599 3502 1655 ἔνεστι
3548 1602 3694 1667 τόδε,

2115 1686 2285 1756 ηγουν
2311 1685 2389 1756 τῷ
2413 1686 2671 1759 οὐρανίῳο
2704 1687 2818 1742 ἀλλ’
2852 1689 2900 1741 εί
2935 1690 3030 1742 καὶ
3075 1691 3134 1744 ὲν
3162 1689 3244 1762 τῷ
3275 1690 3452 1762 μείονι
3481 1692 3578 1746 καὶ
3599 1708 3700 1746 πε-

2118 1776 2411 1848 ριγραπτῷ
2474 1778 2568 1831 ὑπ’
2602 1777 2770 1833 αὐτοῦ
2819 1779 3115 1844 ἀκωλύτως
3145 1781 3267 1846 ὅλος
3306 1799 3367 1836 τε
3425 1783 3521 1837 καὶ
3557 1783 3698 1838 ἀπε-

2119 1869 2441 1943 ριγράπτως
2486 1870 2710 1925 δύναιτο
2773 1874 3025 1944 χωρῆσαι
3089 1875 3149 1929 ὲν
3211 1874 3390 1929 οὐδενὶ
3432 1891 3700 1946 στενοχω-

2123 1959 2406 2033 ρούμενος,
2433 1959 2592 2015 τοῦτο
2625 1961 2840 2034 άληθῶς
2875 1961 3158 2035 δυνάμεως
3188 1968 3430 2037 φυσικῆς
3460 1967 3523 2020 τὸ
3559 1969 3690 2021 ἀπεο

2121 2050 2426 2122 ρίγραπτον
2455 2051 2634 2105 οὐδενὶ
2663 2050 2836 2124 βιαίῳι
2854 2053 3290 2126 ἀποκλειομένης
3313 2055 3410 2112 καὶ
3436 2073 3700 2128 περιγραο

2119 2141 2365 2214 φομένης
2395 2145 2640 2216 ἐνεργεῖν
2665 2143 2695 2197 ὅ
2719 2144 2991 2216 βούλεται.
3021 2145 3194 2200 Τοῦτο
3225 2147 3335 2218 γάρ
3367 2150 3486 2202 ἐστι
3514 2150 3608 2203 καὶ
3633 2150 3701 2204 τὸ

2119 2233 2195 2296 ὼς
2240 2233 2382 2301 ἄγαν
2432 2233 2748 2306 θαυμαστὸν
2806 2236 3099 2309 εἰρημένον
3152 2239 3232 2310 τῷ
3282 2243 3521 2312 φήσαντι
3565 2244 3700 2310 περὶ

2119 2321 2358 2393 Χριστοῦ
2404 2323 2500 2378 τοῦ
2528 2325 2673 2380 κατά
2719 2327 2902 2399 σάρκα
2926 2366 2942 2393 ,
2985 2328 3106 2382 Ὅτι
3135 2329 3206 2383 ἐν
3231 2329 3394 2395 αὐτῷ
3435 2331 3707 2387 κατοικεῖ

2119 2412 2244 2470 πᾶν
2267 2415 2334 2471 τὸ
2362 2415 2655 2490 πλήρωμα
2673 2416 2787 2488 τῆς
2817 2422 3100 2489 θεότητος
3128 2421 3503 2492 σωματικῶς.

2189 2597 2393 2662 Κακῶς
2409 2595 2525 2665 οὖν,
2555 2599 2804 2667 τάλανες,
2843 2601 3060 2669 ἀξιοῦτε
3088 2603 3186 2659 καὶ
3214 2605 3308 2660 ἐπὶ
3339 2605 3475 2660 Θεοῦ
3503 2608 3612 2661 πᾶν
3635 2607 3702 2660 τὸ

2121 2691 2530 2760 συντιθέμενον,
2561 2692 2596 2764 ἢ
2623 2692 2701 2756 ὡς
2737 2693 2902 2766 μέρος
2927 2693 2961 2766 ἡ
2993 2693 3070 2760 ὡς
3097 2696 3219 2751 ὅλον
3251 2697 3508 2768 μεριστὸν
3534 2699 3703 2770 δηλα-

2118 2781 2184 2851 δὴ
2210 2782 2580 2838 συντίθεσθαι.
2611 2785 2811 2856 Ἤρκει
2852 2787 2952 2857 μὲν
2979 2782 3074 2842 οῦν
3103 2788 3200 2842 καὶ
3241 2790 3374 2859 μιᾶς
3402 2789 3565 2860 μόνον
3589 2791 3700 2843 τῶν

2121 2875 2404 2948 ὑμετέρων
2444 2877 2766 2948 προτάσεων
2795 2877 3017 2949 ἔλεγχος
3049 2879 3186 2950 πρὸς
3211 2881 3537 2954 καθαίρεσιν
3561 2898 3700 2937 παν-

2119 2966 2214 3030 τὸς
2243 2967 2401 3038 ὑμῶν
2429 2966 2524 3022 τοῦ
2546 2968 2798 3041 ὲπιχειρή
2807 2986 3000 3042 ματος·
3032 2971 3196 3043 εῐπερ
3227 2971 3348 3038 ἑνὸς
3377 2974 3585 3029 ἀτόπου
3612 2974 3701 3030 δο-

2120 3058 2331 3126 θέντος,
2357 3059 2538 3114 πάντα
2575 3061 2754 3116 άτοπα
2781 3063 3156 3136 ὡμολόγηται.
3202 3064 3333 3120 Ἰδοὺ
3372 3065 3430 3120 δὲ
3455 3067 3526 3121 δι’
3562 3067 3700 3122 ὅλων

2122 3150 2279 3222 ὑμῶν
2315 3149 2426 3205 τῶν
2454 3153 2795 3224 προτάσεων,
2825 3156 2876 3208 ei
2907 3155 3004 3210 καὶ
3029 3157 3373 3229 μακρότερον
3416 3158 3516 3213 τὸν
3547 3159 3701 3228 ἐλεγ-

447 3247 882 3304 conl'utationem
920 3250 1387 3320 protraxerimus,
1439 3251 1566 3308 ideo
1607 3253 1787 3308 omnis
1848 3253 2020 3309 vestri

2126 3260 2219 3316 χον
2265 3245 2668 3318 παρετειναμεν
2687 3285 2702 3311 ,
2756 3247 3121 3318 ψευδέστατον
3171 3251 3328 3321 ὑμῶν
3369 3249 3432 3306 τὸ
3489 3253 3700 3322 συμπέο

448 3340 730 3396 ratiocinii
774 3342 1059 3398 conclusio
1109 3342 1406 3399 falsissima
1454 3344 1941 3401 demonstrabitur.
1965 3346 2025 3402 In

447 3432 627 3502 prima
647 3431 818 3500 enim,
858 3433 1000 3488 male
1027 3433 1386 3490 existimastis
1437 3451 1600 3491 omne
1627 3437 1844 3491 unitum
1875 3439 2026 3494 velut

449 3532 664 3595 partem
701 3531 800 3580 aut
849 3530 1026 3580 totum
1055 3525 1333 3583 divisibile
1375 3529 1560 3596 uniri;
1612 3530 1886 3602 siquidem
1936 3548 2026 3589 res

451 3631 563 3670 non
610 3615 686 3670 ita
711 3630 770 3672 se
803 3615 1010 3672 habere
1041 3618 1340 3687 probatum
1364 3619 1554 3687 fuerit,
1582 3623 1861 3690 omnibus,
1902 3641 2028 3696 qua;

450 3723 482 3765 a
509 3708 622 3764 Deo
657 3707 916 3766 ordinata
945 3719 1094 3776 sunt,
1139 3725 1208 3766 ex
1251 3726 1365 3768 non
1399 3713 1623 3771 entibus
1664 3716 2026 3774 subsistenti-

449 3799 575 3855 bus.
603 3799 712 3856 Sed
740 3809 796 3856 et
821 3816 1051 3873 corpora
1082 3818 1150 3858 ex
1179 3820 1282 3874 quo
1307 3813 1364 3860 et
1394 3815 1597 3875 quanto
1619 3807 1861 3878 perfecta
1899 3817 2028 3865 sunt

448 3895 924 3964 substantialiter,
977 3896 1031 3951 in
1074 3912 1310 3967 quorum
1361 3899 1516 3956 nullo
1566 3908 1743 3956 totum
1776 3903 1863 3958 vel
1896 3918 2028 3973 pars

449 3995 579 4042 ante
633 3986 895 4043 unionem
928 3987 1174 4058 ipsorum
1199 4005 1311 4044 non
1340 3999 1522 4060 potest
1551 3991 1684 4055 dici,
1717 4003 1943 4064 propter
1961 4009 2027 4050 ea

449 4093 572 4148 (ποτε
597 4094 628 4133 a
660 4078 827 4133 nobis
876 4079 1132 4150 superius
1177 4080 1322 4135 dicta
1356 4090 1504 4136 sunt.
1537 4080 1790 4138 Secunda
1839 4095 2027 4140 autem

449 4178 634 4226 vestra
669 4171 978 4241 propositio
1011 4181 1180 4237 errat,
1198 4171 1475 4229 afﬁrmans
1505 4182 1679 4230 totum
1712 4176 1781 4232 de
1815 4177 2028 4250 simpli-

450 4263 608 4318 cibus
640 4264 728 4318 vel
759 4263 994 4320 inﬁnitis
1029 4281 1139 4320 non
1169 4265 1321 4332 dici;
1356 4265 1906 4341 demonstratumque
1943 4279 2029 4327 est

452 4363 745 4426 punctum,
782 4354 1076 4421 unitatem,
1104 4366 1444 4412 momentum
1474 4374 1737 4429 praesens,
1765 4361 2025 4430 animam,

332 4456 336 4460 '
449 4445 637 4501 omnia
663 4446 954 4517 simplicia,
973 4455 1136 4518 atque
1168 4447 1542 4513 divinitatem,
1571 4452 1810 4522 propriis
1832 4453 2031 4510 distin-

461 4537 675 4607 ctisque
708 4537 935 4594 vocibus
959 4538 1238 4594 enuntiari
1282 4540 1466 4595 omnia
1519 4543 1871 4614 partiumque
1905 4561 2028 4602 esse

463 4631 734 4702 expertia,
779 4631 886 4688 etsi
917 4631 1350 4704 uniuscujusque
1380 4647 1491 4688 non
1541 4633 1616 4689 sit
1660 4636 1853 4692 eadem
1893 4637 2026 4694 sim-

462 4723 701 4796 plicitas.

529 4813 586 4869 Si
617 4827 748 4869 vero
770 4829 802 4868 a
833 4812 990 4869 vobis
1021 4827 1343 4870 concessum
1393 4813 1562 4871 fuerit
1601 4817 1785 4874 omnia
1815 4817 2028 4890 simpli-

455 4907 543 4963 eia
571 4906 904 4971 necessario,
932 4907 1207 4977 siquidem
1230 4909 1472 4979 partium
1498 4910 1744 4981 expertia
1767 4909 1898 4975 sint,
1925 4926 2029 4967 nec

457 5012 570 5059 tota
605 5003 715 5058 dici
750 5018 854 5058 nec
881 5019 1127 5074 unquam
1155 5005 1213 5058 in
1237 5005 1500 5061 unionem
1522 5006 1821 5062 convenire
1845 5022 2027 5078 posse,

457 5098 699 5153 libenter
741 5112 773 5151 a
803 5091 964 5152 vobis
1005 5098 1361 5167 exquiremus
1404 5099 1682 5168 quomodo
1712 5099 1880 5169 igitur
1918 5115 2031 5156 non

458 5187 642 5242 omnia
669 5187 818 5241 entia
842 5186 996 5242 unita
1019 5202 1085 5242 ex
1113 5188 1288 5244 unitis
1316 5189 1437 5244 ﬁeri
1471 5205 1794 5245 concessum
1828 5189 2034 5245 fuerit?

459 5279 520 5334 ln
586 5276 865 5333 inﬁnitum
914 5293 1134 5348 quoque
1194 5280 1304 5335 erit
1331 5280 1796 5352 progrediendum
1824 5321 1838 5346 ,
1889 5282 1936 5337 si
1965 5298 2034 5338 ex

460 5368 811 5440 simplicibus
842 5384 955 5424 non
987 5370 1119 5425 ﬁant
1140 5373 1317 5437 unita,
1341 5372 1615 5442 siquidem
1654 5373 1809 5443 juxta
1837 5388 1937 5428 vos
1964 5388 2034 5429 ex

461 5457 551 5512 his
579 5471 704 5526 qua:
735 5457 989 5527 partibus
1017 5469 1210 5515 carent
1237 5474 1349 5515 non
1379 5459 1596 5529 possint
1627 5474 1751 5515 esse
1776 5499 1793 5525 ,
1839 5460 2035 5530 primis

461 5547 657 5612 unitis,
695 5547 840 5603 unde
875 5549 1047 5604 unitis
1077 5551 1290 5616 nescio,
1329 5552 1436 5607 nisi
1468 5551 1714 5607 breviter
1749 5551 1913 5608 nobis
1939 5553 2037 5609 de-

463 5647 776 5695 monstrare
799 5639 1108 5698 volueritis.
1135 5642 1242 5697 Sed
1271 5649 1331 5698 et
1367 5642 1647 5698 inﬁnitum
1668 5657 1802 5699 voce
1834 5643 2038 5699 inﬁniti

465 5737 643 5786 totum
663 5743 808 5798 esse,
833 5731 990 5802 quasi
1019 5732 1236 5789 ﬁnitum
1259 5747 1394 5790 voce
1420 5731 1584 5802 ﬁniti,
1610 5733 1903 5806 probatum
1927 5742 2034 5802 est,

537 5911 563 5946 '
591 5909 802 5970 Coloss.
833 5925 891 5979 η,
919 5910 971 5969 9.

2127 3351 2315 3408 ρασμα
2338 3335 2606 3392 δέδεικται
2638 3337 2736 3394 τοῦ
2759 3338 2883 3394 ὅλου
2917 3339 3304 3413 συλλογισμοῦ.
3345 3342 3435 3396 'Ev
3467 3343 3566 3414 μὲν
3591 3343 3700 3415 γὰρ

2124 3430 2192 3500 τῇ
2236 3427 2471 3502 ’πρώτῃ,
2529 3429 2720 3495 κακῶς
2764 3429 2982 3501 ἠξιοῦτε
3033 3433 3147 3487 πᾶν
3191 3431 3584 3504 συντιθέμενον
3625 3434 3700 3494 ὡς

2127 3523 2293 3595 μέρος
2316 3525 2350 3595 ἢ
2382 3525 2506 3579 ὅλον
2541 3525 2799 3598 μεριστὸν
2829 3527 3178 3584 συντίθεσθαι
3197 3543 3213 3560 ⁶
3235 3529 3562 3601 έλήλεγκται
3593 3530 3701 3601 γὰρ

2125 3617 2224 3688 οὐχ
2260 3615 2434 3682 οὕτως
2461 3616 2655 3688 ἔχοντα
2677 3618 2747 3673 τὰ
2783 3619 3110 3691 πράγματα,
3139 3623 3301 3693 εἴπερ
3331 3622 3396 3676 ἐκ
3423 3622 3498 3694 μὴ
3532 3621 3701 3676 ὅντων

2129 3709 2419 3778 σύγκειται
2450 3710 2570 3764 τόδε
2597 3710 2660 3763 τὸ
2690 3711 2802 3764 πᾶν
2831 3711 2954 3784 θείᾳ
2987 3712 3246 3785 βουλήσει
3282 3714 3663 3786 συναρμοσθέν
3684 3728 3699 3744 °

2125 3800 2264 3855 ἀλλὰ
2299 3802 2397 3855 καὶ
2425 3801 2495 3857 τὰ
2533 3800 2766 3872 σώματα
2798 3803 2864 3858 ἐκ
2896 3803 3076 3858 ποιοῦ
3107 3822 3170 3860 τε
3199 3807 3301 3860 καὶ
3331 3806 3534 3861 ποσοῦ
3569 3823 3703 3860 κατο

2126 3893 2434 3964 ηρτισμένα
2467 3894 2618 3948 ἐστὶν
2659 3894 2955 3960 ούσιωδῶςο
2988 3889 3064 3950 ὧν
3101 3897 3160 3952 έν
3191 3896 3459 3971 οὐδετέρῳ
3488 3897 3550 3951 τὸ
3580 3897 3702 3951 ὅλον

2125 3985 2160 4057 ἢ
2195 3985 2362 4057 μέρος
2390 3983 2502 4057 πρὸ
2524 3986 2623 4056 τῆς
2653 3986 2961 4051 συνθέσεως
2990 3988 3193 4054 αὐτῶν,
3225 3988 3414 4058 λέγειν
3446 3990 3700 4054 δυνατὸν,

2126 4076 2216 4131 διὰ
2246 4076 2317 4130 τὰ
2348 4075 2610 4148 ἀνωτέρω
2637 4077 2772 4149 ήμῐν
2806 4077 3097 4149 εἰρημέναο
3129 4079 3164 4151 ή
3197 4079 3258 4133 δὲ
3283 4078 3518 4152 δευτέρα
3545 4081 3701 4151 ὑμῶν

2129 4169 2391 4242 πρότασις
2429 4169 2637 4225 ἐπλάνα
2679 4169 2968 4240 φάσκουσα
3017 4170 3081 4224 τὸ
3115 4170 3238 4225 ὅλον
3270 4170 3364 4225 ιπὶ
3398 4171 3625 4243 ἀμερῶν
3665 4174 3699 4244 ἢ

2127 4259 2530 4332 ἀπεριγράφων
2563 4259 2638 4332 μὴ
2673 4259 2972 4330 λέγεσθαιο
3021 4261 3119 4316 καλ⁸
3156 4261 3378 4333 ἐδείχθη
3411 4263 3475 4317 τό
3505 4279 3568 4316 τε
3605 4280 3705 4333 ση-

2130 4354 2300 4422 μεῖον,
2334 4352 2429 4407 καὶ
2473 4353 2508 4423 ἠ
2539 4351 2728 4424 μονάς,
2773 4352 2873 4408 καὶ⁸
2918 4353 2980 4407 τὸ
3027 4353 3145 4421 νῦν,
3176 4355 3274 4408 καὶ
3299 4353 3472 4425 ψυχὴ,
3504 4354 3602 4408 καὶ
3632 4355 3706 4408 τὰ

2129 4445 2281 4499 ἀπλᾶ
2309 4444 2512 4510 πάντα,
2544 4445 2642 4499 καὶ
2670 4445 2734 4498 τὸ
2763 4445 2941 4510 Θεϊον,
2977 4445 3076 4500 ὅλα
3103 4462 3164 4500 τε
3203 4445 3465 4515 λέγεσθαι
3499 4449 3558 4500 ὲν
3587 4450 3707 4509 τοῖς

2132 4537 2257 4592 καθ’
2291 4537 2464 4591 ἑαυτά
2513 4535 2714 4607 λόγοις,
2761 4537 2858 4591 καὶ
2902 4537 3084 4609 ἀμερῆ
3147 4531 3331 4606 εἶναι,
3379 4539 3429 4593 εί
3483 4538 3580 4594 καὶ
3628 4538 3708 4610 μὴ

2060 4601 2107 4657 D
2131 4630 2396 4695 ὡσαύτως
2426 4601 2662 4686 ἑκάστου
2693 4601 2844 4685 ἐστὶν
2873 4631 2908 4703 ή
2945 4601 3210 4702 ⁷ἁμέρεια.

2203 4812 2268 4865 Ei
2289 4810 2347 4865 δὲ
2378 4809 2474 4865 καὶ
2501 4807 2660 4880 έδόθη
2683 4810 2814 4880 ὑμῖν
2836 4810 3016 4865 πάντα
3055 4807 3127 4864 τά
3153 4811 3306 4866 ἀπλᾶ
3343 4809 3404 4876 ἐξ
3430 4810 3705 4882 ἀνάγκης,

2133 4905 2260 4959 ἐπεὶ
2293 4903 2480 4974 ἀμερῆ
2514 4905 2654 4968 ἐστι,
2697 4904 2836 4974 μήτε
2871 4902 2970 4957 ὅλα
2997 4903 3280 4973 λέγεσθαι,
3307 4905 3444 4974 μήτε
3466 4905 3548 4967 είς
3580 4903 3710 4957 σύν-

2137 4997 2287 5050 θεσιν
2325 4993 2586 5066 ἔρχεσθαι
2615 4993 2860 5060 πώποτε,
2894 4994 3066 5064 ἡδέως
3105 4995 3174 5048 ἂν
3201 4993 3480 5065 πυθοίμην
3507 4994 3664 5065 ὑμῶν
3692 5011 3706 5022 ·

2136 5087 2262 5150 Πῶς
2296 5083 2392 5140 οὖν
2441 5085 2545 5140 οὑκ
2595 5088 2663 5140 ὲκ
2708 5084 2982 5138 συνθέτων
3017 5085 3278 5153 γενέσθαι
3311 5086 3380 5140 τὰ
3421 5086 3552 5140 ὅντα
3583 5087 3713 5140 σύν-

2137 5179 2270 5234 θετα
2312 5179 2491 5234 πάντα
2528 5178 2749 5250 δοθείη;
2784 5178 2896 5230 Καὶ
2927 5177 3014 5232 ἐπ’
3039 5178 3268 5248 ἄπειρον
3310 5180 3410 5248 τὴν
3442 5179 3714 5233 ἀνάδασιν

2137 5273 2378 5344 ποιήσει,
2411 5271 2570 5343 εἴπερ
2610 5270 2688 5342 μὴ
2730 5270 2792 5336 ἐξ
2824 5269 3011 5324 ἁπλῶν
3035 5271 3152 5324 ἐστι
3194 5271 3262 5324 τὰ
3290 5271 3542 5336 σύνθετα,
3572 5271 3715 5327 διότι

2138 5365 2239 5420 οὐκ
2270 5365 2331 5431 ἐξ
2358 5364 2583 5436 ἀμερῶν
2611 5363 2872 5417 δύνανται
2897 5359 3039 5417 εἶναι
3067 5363 3192 5418 καθ’
3223 5363 3391 5436 ὑμᾶς,
3425 5364 3536 5418 τῶν
3558 5366 3718 5437 πρώ-

2138 5475 2248 5513 των
2295 5456 2590 5523 συνθέτων,
2641 5456 2742 5510 ούκ
2775 5450 2894 5510 οῖδα
2927 5455 3052 5510 ὅθεν
3091 5456 3480 5520 συντεθέντων,
3508 5457 3604 5512 έάν
3638 5459 3716 5528 μὴ

2143 5550 2511 5622 παρελθόντες
2541 5549 2676 5619 ἡμῖν
2702 5545 3045 5618 ὑποδείξητε.
3096 5547 3261 5602 Ἀλλὰ
3293 5546 3389 5602 καὶ
3423 5547 3487 5602 τὺ
3517 5547 3718 5618 ἀπερί-

2141 5659 2348 5715 γραφον
2374 5641 2453 5712 τῷ
2477 5641 2622 5713 λόγῳ
2648 5641 2745 5694 τοῦ
2769 5639 3156 5713 ἀπεριγράφου
3180 5640 3304 5695 ὅλον
3335 5637 3499 5704 εἶναι,
3526 5639 3719 5709 ὥσπερ

2143 5734 2244 5791 καὶ
2269 5734 2332 5788 τὸ
2367 5731 2748 5806 περιγραπτδν
2777 5730 2858 5802 τῷ
2900 5730 3050 5800 λόγῳ
3080 5729 3178 5788 τοῦ
3211 5729 3602 5806 περιγραπτοῦ
3632 5730 3718 5785 δέο
