3916 6558
112 465 290 534 1413

1143 444 1546 524 ᾹῡγΕιιευε
1588 455 2142 522 NESTORIANOS.
2171 482 2241 495 —
2266 459 2416 520 LIB.
2457 458 2509 519 I.

3292 451 3430 520 1414

107 580 372 634 δεικται
392 593 407 609 ⁶
440 576 539 630 καὶ
566 572 915 630 συντίθεσθαι
947 567 1042 626 οὖν
1074 571 1396 641 δυνάμενον,
1438 566 1557 637 εῐγε
1576 565 1741 621 τοῦτο

1864 565 2081 638 deoque
2122 567 2271 623 uniri
2318 581 2522 640 posse,
2572 564 2829 636 quamvis
2888 564 3085 623 unioni
3133 565 3292 624 vobis
3323 568 3433 625 hoc

113 672 283 743 ὑμῖν
326 670 480 723 δοκεῖ
520 668 829 729 συνθέσεως
867 661 1007 717 εῐναι
1049 660 1353 716 κωλυτικόν
1379 676 1392 689 ·
1421 658 1520 712 καὶ
1546 658 1628 711 ὅτι
1662 656 1739 719 ὡς

114 762 530 835 περιγράφειν
571 759 633 813 τὸ
682 756 929 829 ὲμμερές
963 756 1066 808 οὐκ
1123 752 1481 823 ἐμποδίζεται
1509 751 1571 804 τὸ
1599 751 1740 820 ἀμε-

122 859 265 929 ρὲς,
308 855 486 917 οὕτως
526 853 650 907 οὐδὲ
677 850 1049 915 συντίθεσθαι,
1078 848 1222 902 κατά
1251 846 1315 900 τὸ
1341 842 1524 914 ἑαυτῷ
1556 843 1743 915 μέντοι

121 952 382 1015 οἰκεῖον,
413 949 510 1001 καὶ¹
554 948 657 1000 οὐκ
703 943 1000 1016 ἐμμερῶς·
1030 939 1231 995 οὐκοῦν
1282 937 1377 992 καὶ
1428 934 1745 1008 μειρακίοις

127 1041 386 1112 εὔδηλον
419 1040 482 1094 τὸ
514 1039 809 1110 ἀνίσχυρον
836 1037 932 1090 τοῦ
968 1033 1239 1106 ὑμετέρου
1271 1030 1508 1091 ἀσεϐοῦς
1532 1044 1747 1098 συμπε-

135 1135 469 1207 ράσματος,
498 1133 562 1186 τὸ
592 1131 752 1200 λέγον
773 1146 789 1162 ο
829 1129 947 1183 Οὐκ
975 1116 1087 1198 ἀρα
1127 1123 1391 1194 συνετέθη
1416 1125 1444 1177 6
1477 1121 1611 1184 Θεὸς
1640 1119 1748 1207 Λό-

133 1206 248 1295 γος
274 1206 448 1295 ντῷἐξ
467 1222 626 1295 ήμῶν
649 1219 946 1292 ἀνθρώπῳ.
981 1217 1138 1271 Οὖτω
1174 1215 1273 1286 μὲν
1299 1209 1394 1266 οὖν
1431 1210 1563 1264 ὡσεὶ
1587 1206 1748 1279 χνοῦς

137 1313 309 1368 κατά
357 1314 653 1385 πρόσωπον
697 1310 903 1380 ἀνέμου
949 1306 1183 1377 ἐξεχύθη
1216 1305 1311 1357 καὶ
1351 1299 1746 1371 διεσκορπίσθη

143 1404 345 1458 πάντα
376 1403 532 1473 ὑμῶν
564 1402 631 1455 τὰ
672 1400 1011 1470 σοφίσματα,
1048 1395 1140 1451 διά
1176 1396 1314 1447 τὸέν
1344 1391 1576 1463 ἀπιστίᾳ
1604 1408 1748 1461 συμ-

144 1496 414 1567 παγῆναι
446 1496 540 1549 καὶ
570 1497 628 1548 ἐν
656 1491 850 1562 ἀγνοίᾳ
878 1489 981 1559 τῆς
1011 1486 1299 1557 δυνάμεως
1331 1481 1428 1537 τοῦ
1454 1481 1600 1535 θείου
1625 1480 1751 1553 βου-

144 1590 221 1661 λή
231 1605 430 1661 ματος.

241 1679 414 1745 Ἀλλ’,
442 1672 487 1733 ὧ
512 1672 680 1743 οὗτοι,
706 1676 754 1728 εί
783 1671 878 1727 καὶ
909 1672 1100 1743 μηδεὶς
1123 1665 1191 1742 ἦν
1214 1670 1243 1724 6
1268 1668 1424 1736 λόγος
1453 1668 1481 1722 6
1511 1664 1750 1736 ἐλέγχων

152 1774 325 1844 ὑμῶν
352 1772 455 1843 τὴν
483 1769 737 1833 ἀτοπίαν,
763 1768 873 1839 ἄρα
899 1783 964 1835 γε
995 1764 1173 1827 οὕτως
1203 1765 1408 1817 ἐννοεῖν
1438 1761 1501 1814 οὐ
1530 1761 1753 1832 φρίττο-

160 1884 293 1937 μεν,
328 1866 413 1919 ὅτι
442 1865 471 1917 6
504 1863 579 1934 μὴ
623 1862 752 1917 ὄντα
780 1859 910 1913 τάδε
972 1857 1045 1911 τὰ
1100 1857 1231 1910 ὄντα
1266 1857 1447 1910 πάντα
1505 1855 1600 1908 καὶ
1648 1853 1751 1917 τάς

155 1919 388 2010 τοιάσδε
422 1919 605 2007 αὺτίἱίν
646 1950 929 2011 συνθέσεις
963 1947 1202 2017 ἐξευρὼν
1238 1944 1372 2008 Θεὸς
1421 1942 1606 2005 πάσας
1657 1941 1751 1994 καὶ
1781 1919 1824 1975 Β

158 2049 407 2117 ποιήσας
452 2040 593 2100 εἷναί
621 2061 680 2096 τε
713 2041 878 2107 αὐτὰ,
910 2040 1006 2095 καὶ
1032 2037 1257 2094 τοιῶσδε
1296 2032 1463 2102 εἶναι,
1489 2035 1589 2090 οὐκ
1621 2032 1752 2105 ἠδύ-

160 2158 302 2196 νατο
347 2137 674 2208 καινοτέραν
723 2135 845 2189 τινὰ
880 2134 977 2187 καὶ
1021 2128 1460 2200 ἀναγκαιοτέραν
1499 2126 1750 2182 σύνθεσιν

160 2232 325 2306 παρά
364 2230 471 2293 τὰς
514 2226 866 2298 ἐγνωσμένας
892 2225 1025 2296 ἡμῖν
1059 2217 1154 2296 ᾖδε
1195 2219 1624 2291 προϐάλλεσθαι,
1656 2220 1751 2274 καὶ

164 2325 424 2393 ἑφευρεῖν
457 2319 657 2391 ἐαυτῷ,
695 2318 836 2389 ὑπὲρ
865 2317 978 2371 τῶν
1019 2315 1191 2369 δντων
1236 2313 1431 2369 ἑαυτὸν
1466 2312 1747 2367 συνθεῖναι

164 2414 279 2468 τῶν
307 2412 480 2466 ὄντων
510 2410 621 2464 τινὶ
653 2408 997 2480 βουλόμενος,
1025 2405 1122 2460 καὶ
1150 2406 1252 2476 τὴν
1288 2405 1457 2476 μήπω
1483 2406 1750 2473 ἐντεταγ-

172 2503 346 2573 μένην
372 2504 483 2565 τοῖς
509 2495 660 2553 οὖσιν
690 2496 1010 2569 ἐμφανίσαι.
1042 2496 1167 2559 Πῶς
1197 2490 1310 2559 οὗν,
1335 2497 1385 2549 εί
1408 2495 1566 2549 τοῦτο
1590 2496 1751 2565 διαμ-

169 2593 548 2665 φιϐἀλλοιμεν,
580 2592 702 2661 οὐχὶ
735 2591 830 2643 καὶ
874 2588 943 2642 τὰ
996 2588 1162 2643 λοιπά
1194 2588 1373 2642 πάντα
1420 2589 1532 2642 τῶν
1558 2588 1751 2652 ὅντων,

172 2687 238 2742 ἔκ
268 2703 433 2740 τινων
476 2681 895 2756 προγεγονότων
939 2677 1103 2743 εἶναι,
1138 2680 1367 2744 εἰκότως
1414 2678 1750 2751 δοξάσομενς

173 2778 251 2830 Οὐ
276 2775 385 2847 γάρ
412 2770 480 2847 ἦν
527 2774 680 2827 οὔπω
714 2789 800 2836 τις
846 2764 1169 2841 ἐγνωσμένη
1208 2770 1315 2825 τινὶ
1356 2768 1607 2832 σύνθεσις
1643 2768 1753 2822 τῶν

173 2868 370 2921 δντων·
402 2866 489 2919 ὅτε
533 2863 655 2918 κατ’
689 2863 870 2935 ἀρχὰς
913 2861 1035 2933 Θεῷ
1076 2861 1426 2934 ἐμηχανήθη.
1460 2862 1573 2916 Καὶ
1604 2862 1755 2933 ὅμως

174 2954 394 3019 οὐδενὸς
423 2954 606 3009 αὐτῶν
637 2953 830 3025 πρώην
868 2952 1045 3016 ὄντος,
1089 2951 1320 3024 ὕστερον
1366 2954 1617 3024 ποιήσειν
1660 2951 1754 3005 τὸν

177 3045 315 3100 Θεὸν
347 3045 415 3099 τὰ
449 3046 628 3099 πάντα
669 3042 901 3097 σύνθετα
939 3043 1337 3114 ὁμολογοῦμεν.
1376 3043 1517 3097 Πότε
1559 3043 1617 3097 δέ
1661 3044 1755 3097 καὶ

180 3140 273 3191 ποῖ
299 3137 457 3200 ἄλλος
491 3138 687 3205 γέγονε
724 3135 983 3207 κόσμοςῆ
1011 3136 1261 3207 ἐπεφάνη
1289 3135 1497 3189 τοιόσδε
1520 3135 1756 3205 Χριστὸς

1842 659 2066 715 obstare
2094 660 2381 725 videatur,
2426 674 2491 714 ac
2513 700 2529 723 ,
2581 658 3044 729 quemadmodum
3072 658 3213 715 nihil
3245 660 3435 716 obstat

1843 750 1977 820 quin
1999 750 2248 819 partibus
2274 758 2535 805 constans
2556 748 2808 819 partibus
2828 759 3058 805 carente
3086 750 3429 817 terminetur,

1844 841 1921 896 ita
1957 857 2061 898 nec
2093 843 2268 897 ullum
2312 842 2496 898 obstat
2523 842 2659 912 quin
2710 842 2962 912 partibus
2994 858 3191 898 carens
3236 859 3434 900 secun-

1846 933 1978 988 dum
2009 934 2159 1004 quod
2187 935 2472 1004 proprium
2522 940 2607 988 est
2637 932 2786 999 sibi,
2837 948 2944 988 nec
2981 934 3145 988 modo
3178 935 3433 1005 partibus

1848 1025 2223 1079 constantium
2253 1025 2511 1091 uniatur;
2543 1023 2773 1081 evidens
2798 1034 2883 1079 est
2902 1041 3032 1095 ergo
3058 1025 3223 1080 etiam
3248 1027 3433 1098 junio-

1846 1115 2003 1171 ribus
2022 1116 2204 1186 impize
2222 1124 2422 1172 vestrae
2439 1117 2813 1173 conclusionis
2830 1118 3141 1180 inﬁrmitas,
3164 1119 3396 1175 dicentis
3415 1137 3429 1173 :

1846 1208 1966 1264 Non
1996 1223 2128 1279 ergo
2154 1209 2301 1265 Deus
2319 1209 2559 1265 Verbum
2586 1209 2798 1264 homini
2831 1209 2994 1264 alicui
3022 1226 3088 1263 ex
3118 1210 3281 1266 nobis
3313 1209 3435 1265 uni-

1848 1308 1940 1356 tus
1964 1310 2067 1355 est.
2097 1300 2189 1356 Sic
2225 1316 2358 1373 ergo
2384 1311 2447 1356 ut
2479 1300 2663 1371 pulvis
2694 1310 2820 1356 ante
2854 1300 3050 1355 faciem
3081 1301 3227 1355 venti
3270 1301 3434 1356 dissi-

1848 1402 2051 1464 pantur
2082 1408 2147 1449 ac
2177 1392 2568 1465 disperguntur
2596 1392 2781 1447 omnia
2840 1400 3026 1447 vestra
3075 1393 3431 1462 sophismata,

1849 1499 1917 1539 eo
1950 1484 2098 1555 quod
2125 1486 2179 1539 in
2209 1483 2536 1539 inﬁdelitate
2565 1483 2989 1554 ignorantiaque
3014 1483 3235 1539 virtutis
3260 1484 3434 1539 divini

1849 1577 2067 1633 consilii
2106 1576 2410 1646 composita
2444 1586 2594 1630 sunt.

1920 1668 2012 1737 At,
2042 1682 2075 1723 o
2105 1683 2204 1723 vos
2231 1709 2246 1734 ,
2276 1667 2382 1722 etsi
2410 1667 2596 1721 nullus
2623 1674 2771 1722 esset
2801 1681 2983 1722 sermo
3024 1668 3311 1723 stultitiam
3345 1683 3436 1723 ve-

1853 1768 2019 1815 stram
2054 1758 2367 1823 confutans,
2401 1759 2476 1813 ita
2511 1758 2735 1814 credere
2772 1773 2882 1812 non
2916 1758 3255 1825 dubitamus,
3306 1775 3433 1814 cum

1852 1850 2000 1905 Deus
2029 1864 2151 1920 qua:
2188 1864 2300 1903 non
2331 1858 2490 1903 erant
2532 1848 2717 1903 omnia
2765 1849 3085 1925 exsistentia
3130 1865 3435 1919 eorumque

1851 1956 2045 1999 omnes
2096 1940 2412 2012 hujusmodi
2466 1940 2701 1995 uniones
2773 1940 3186 2006 adinvenisset,
3221 1942 3425 2011 illaque

1850 2047 1971 2088 esse
2011 2031 2253 2097 fecisset,
2287 2032 2490 2101 talique
2520 2030 2685 2086 modo
2711 2045 2853 2097 esse,
2893 2032 3073 2102 ipsum
3118 2047 3229 2086 non
3268 2030 3435 2086 fuisse

1851 2123 2213 2193 impotentem
2250 2122 2613 2177 recentiorem
2631 2121 2922 2191 quamdam
2946 2122 3229 2192 magisque
3248 2138 3437 2177 neces-

1852 2216 2051 2269 sariam
2083 2214 2344 2268 unionem
2374 2222 2573 2284 praeter
2602 2227 2695 2268 eas
2728 2228 2849 2282 qua:
2882 2227 2912 2268 a
2942 2213 3104 2267 nobis
3136 2224 3279 2270 notae
3303 2221 3436 2269 sunt

1852 2307 1931 2362 sic
1963 2306 2317 2369 ostendendi.
2350 2304 2570 2377 sibique
2596 2304 2984 2359 adinveniendi
3013 2346 3028 2369 ,
3082 2320 3251 2375 supra
3286 2305 3436 2362 entia

1853 2397 2094 2467 seipsum
2130 2396 2348 2451 cuidam
2391 2395 2603 2449 entium
2635 2394 2782 2449 uniri
2830 2395 3142 2461 volentem,
3181 2396 3435 2465 hancque

1853 2488 2115 2542 unionem
2163 2486 2348 2541 adhuc
2403 2486 2706 2540 inauditam
2765 2484 2911 2540 inter
2965 2486 3116 2541 entia
3162 2487 3432 2543 revelare.

1853 2580 2140 2646 Quomodo
2174 2579 2364 2650 igitur,
2392 2578 2436 2634 si
2470 2578 2527 2633 in
2562 2579 2667 2632 hoc
2697 2577 3078 2641 immoremur,
3113 2592 3223 2632 non
3267 2578 3434 2634 etiam

1854 2670 2040 2725 omnia
2071 2670 2284 2739 reliqua
2327 2670 2577 2733 entium,
2608 2686 2673 2726 ex
2721 2670 3051 2740 quibusdam
3102 2686 3223 2727 esse
3273 2681 3438 2729 antea

1853 2760 2046 2823 factis,
2096 2761 2220 2830 jure
2251 2760 2608 2830 putabimus?
2656 2760 2901 2815 nondum
2944 2760 3093 2817 cnim
3148 2778 3435 2832 qumquam

1856 2859 1978 2906 erat
2011 2852 2143 2905 unio
2187 2851 2398 2905 entium
2423 2851 2587 2905 alicui
2630 2860 2780 2917 nota,
2812 2852 3036 2921 quando
3068 2852 3124 2905 in
3163 2853 3439 2923 principio

1854 2942 2067 2997 creavit
2110 2942 2279 2996 Deus.
2326 2940 2576 3011 Cumque
2630 2951 2812 2998 tamen
2865 2942 3005 2997 nihil
3040 2942 3242 2997 horum
3276 2953 3438 3001 antea

1857 3042 2025 3098 esset,
2058 3041 2248 3102 postea
2276 3033 2459 3087 omnia
2486 3032 2638 3087 unita
2672 3032 2946 3088 facturum
2989 3034 3163 3089 Deum
3202 3033 3437 3090 conﬁte-

1858 3142 2003 3181 mur.
2029 3124 2261 3192 Quando
2284 3135 2467 3181 autem
2495 3134 2658 3195 atque
2684 3124 2779 3179 ubi
2802 3125 2946 3182 alius
2967 3125 3147 3180 factus
3168 3137 3254 3181 est
3278 3143 3440 3181 mun-

180 3228 261 3299 τῷ
294 3228 526 3298 κόσμῳ;
563 3227 733 3298 Δῆλον
770 3220 886 3294 οὖν,
920 3226 1003 3280 ὅτι
1047 3228 1105 3281 ἐν
1154 3226 1300 3298 ἀρχῇ
1348 3243 1408 3279 τε
1461 3226 1557 3281 καὶ
1582 3228 1647 3280 ἐκ
1680 3226 1754 3297 μὴ

1862 3217 1964 3272 dus
1992 3232 2091 3273 seu
2124 3217 2400 3273 revelatus
2434 3224 2520 3272 est
2565 3216 2880 3287 hujusmodl
2909 3217 3165 3272 Christus
3191 3218 3440 3275 mundo?

182 3322 369 3386 δντων,
430 3322 574 3374 κατά
629 3319 729 3391 τὴν
780 3318 893 3373 τῶν
934 3318 1280 3391 Χριστιανῶν
1326 3317 1616 3372 εὐσέϐειαν
1662 3319 1756 3373 καὶ

183 3414 322 3467 κατά
344 3413 445 3483 τὴν
485 3411 783 3483 Ἐϐραῖκὴν
806 3409 990 3477 δόξαν,
1023 3411 1169 3464 ποιεῖ
1190 3409 1219 3462 6
1250 3409 1384 3472 Θεὸς
1401 3408 1437 3463 ἀ
1463 3407 1714 3479 βούλεται
1737 3427 1752 3442 ο

183 3505 275 3557 καὶ
303 3503 518 3572 φύσεως
546 3503 655 3573 γὰρ
698 3501 863 3566 αὐτὸς
891 3500 1129 3572 Ποιητής
1156 3500 1256 3564 ὢν,
1302 3500 1422 3563 πῶς
1449 3501 1511 3555 οὐ
1537 3500 1757 3555 δύναιτο

186 3594 251 3648 ἂν
277 3588 415 3647 εἶναι
439 3592 533 3647 καὶ
562 3592 673 3645 τῶν
697 3590 948 3661 φυσικῶν
984 3589 1274 3661 καινιστὴς
1297 3588 1648 3660 ἀθεώρητοςς

794 3768 1047 3825 ΚΕΦΑΛ.
1080 3770 1155 3824 B'.

255 3865 368 3919 Πᾶν
401 3882 495 3918 ουν
548 3863 932 3934 συντιθέμενον
976 3864 1171 3934 ἑτέρῳ,
1221 3860 1599 3933 πε-ριγραπτόν
1639 3862 1757 3917 ἐστι

189 3957 282 4012 Ital.
306 3956 570 4029 ἐμμερὲς,
596 3954 783 4019 καθὼς
818 3954 1068 4026 ἐδιδάχθη
1097 3955 1355 4025 ἀνωτέρω
1375 3971 1389 3985 ·
1422 3955 1532 4008 πᾶν
1563 3955 1621 4008 δὲ
1655 3973 1756 4009 πε-

193 4050 484 4121 ριγραπτὸν
500 4049 596 4106 καὶ
611 4051 755 4119 ἐμμε
765 4048 875 4120 ρὲς,
893 4049 978 4100 ἐτε
987 4046 1233 4118 ροούσιόν
1253 4049 1369 4100 ἐστι
1384 4045 1463 4117 τῷ
1482 4046 1639 4117 ἀπλῷ
1662 4046 1758 4100 καὶ

191 4142 569 4213 ἀπεριγράφῳ.
602 4141 666 4193 El
693 4140 749 4195 δὲ
783 4138 964 4201 τοῦτο,
990 4138 1052 4191 οὐ
1080 4139 1338 4210 συνετέθη
1372 4141 1400 4192 6
1421 4138 1555 4201 Θεὸς
1577 4140 1755 4207 Λόγος

190 4231 266 4304 τῷ
285 4233 339 4299 ἐξ
368 4232 524 4303 ήμῶν
570 4230 864 4302 ἀνθρώπῳ,
893 4226 1180 4300 ὁμοούσιος
1228 4228 1305 4283 ὢν
1337 4227 1414 4299 τῷ
1443 4227 1604 4299 ἁπλῷ
1659 4228 1755 4281 καὶ

191 4324 545 4395 ἀπεριγράφῳ
566 4320 740 4393 Πατρί
758 4321 819 4392 ’ἢ
849 4319 1147 4385 συντεθεὶς,
1173 4320 1514 4391 έτεροούσιός
1531 4321 1649 4373 ἐστι
1679 4318 1757 4390 τῷ

194 4414 340 4485 ἀπλῷ
356 4415 448 4468 καὶ
467 4416 571 4467 ἀπε
582 4414 834 4484 ριγράφῳ
858 4412 1059 4483 Πατρὶ,
1081 4412 1217 4483 ὅπερ
1235 4411 1456 4476 ἀσεϐές.
1473 4411 1614 4465 Ἀλλ’
1634 4411 1754 4483 οὐχ,

195 4506 268 4570 ὡς
291 4506 575 4576 ἀπεφάνθη
638 4506 769 4576 παρ’
804 4503 979 4575 ὑμῶν,
1021 4507 1130 4557 πᾶν
1159 4505 1340 4558 ὁτιοῦν
1370 4504 1758 4574 συντιθέμενον

1865 3312 2022 3369 Patet
2049 3327 2202 3383 ergo,
2236 3312 2292 3366 in
2323 3311 2593 3383 principio
2614 3327 2790 3381 exque
2821 3327 2930 3366 non
2965 3310 3209 3376 entibus,
3239 3327 3440 3368 secun-

1865 3405 1995 3460 dum
2015 3405 2179 3460 ﬁdem
2202 3404 2644 3461 Christianorum
2662 3406 3081 3476 doctrinamque
3099 3406 3437 3475 hebraicam,

1863 3496 2044 3553 facere
2061 3498 2234 3552 Deum
2258 3498 2405 3567 quod
2425 3498 2711 3553 vult.Cum
2740 3499 2811 3557 sit
2838 3507 3021 3553 autem
3049 3498 3164 3569 ipse
3189 3498 3438 3565 Creator,

1863 3589 2141 3659 quomodo
2177 3605 2399 3658 quoque
2430 3592 2766 3648 naturalium
2806 3602 3098 3650 renovator
3146 3591 3442 3648 invisibilis

1862 3695 1984 3735 esse
2010 3679 2311 3749 nequiret?

2529 3771 2680 3828 CAP.
2713 3773 2779 3827 ll.

1932 3861 2105 3920 Omne
2128 3862 2298 3936 igitur
2314 3862 2463 3935 quod
2498 3863 2654 3919 alteri
2683 3864 2895 3929 unitur,
2922 3863 3133 3919 ﬁnitum
3163 3877 3444 3924 constans-

1862 3971 1971 4027 que
2029 3956 2283 4026 partibus
2309 3965 2437 4019 est,
2495 3956 2649 4025 juxta
2720 3955 2868 4024 quod
2928 3956 3185 4025 superius
3230 3956 3439 4014 dictum

1860 4055 1982 4112 est;
2024 4061 2187 4102 omne
2226 4055 2409 4103 autem
2435 4046 2652 4099 ﬁnitum
2681 4046 3044 4116 partibusque
3072 4058 3338 4103 constans
3364 4050 3443 4105 alv

1865 4137 2039 4192 terius
2066 4144 2153 4192 est
2179 4137 2500 4193 substantia:
2532 4152 2597 4192 ac
2641 4137 2874 4207 simplex
2918 4147 3084 4208 atque
3126 4138 3439 4207 inﬁnitum;

1863 4228 1912 4284 si
1942 4244 2075 4283 vero
2098 4228 2223 4295 hoc,
2253 4244 2366 4284 non
2399 4228 2587 4284 unitus
2614 4236 2699 4284 est
2717 4229 2865 4286 Deus
2891 4231 3134 4285 Verbum
3174 4232 3338 4289 alicui
3375 4250 3443 4289 ex

1864 4324 2045 4389 nobis,
2082 4339 2207 4379 cum
2236 4324 2309 4380 sit
2336 4325 2826 4382 consubstantialis
2850 4326 3085 4396 simplici
3116 4326 3442 4399 inﬁnitaque

1865 4415 2015 4471 Patri
2046 4433 2061 4482 ;
2108 4417 2194 4471 sin
2232 4425 2422 4472 contra
2452 4418 2665 4482 unitus,
2708 4434 2818 4472 non
2853 4428 2938 4473 est
2958 4418 3444 4475 consubstantialis

1865 4506 2106 4580 simplici
2147 4509 2474 4579 inﬁnitoque
2510 4510 2680 4574 Patri,
2706 4509 2850 4579 quod
2877 4519 2963 4565 est
2984 4510 3343 4579 blasphemia.
3374 4511 3444 4566 At

198 4599 360 4668 ἑτέρῳ
388 4596 530 4650 κατά
558 4595 655 4665 τήν
684 4596 900 4649 οίανοῦν
926 4595 1199 4656 σύνθεσιν,
1234 4594 1613 4665 περιγραπτόν
1642 4595 1754 4648 ἐστι

1863 4616 1996 4667 non,
2024 4612 2084 4655 ut
2113 4616 2142 4655 a
2166 4602 2326 4657 nobis
2350 4601 2641 4671 probatum
2678 4610 2763 4656 est
2787 4642 2802 4667 ,
2849 4616 3013 4657 omne
3074 4603 3443 4672 quodcunque

196 4690 285 4744 καὶ
310 4687 574 4759 ἐμμερὲς,
619 4687 694 4751 ώς
729 4685 1026 4756 ἀπεδείχθη
1078 4686 1337 4756 ἀνωτέρω
1366 4684 1587 4755 ἀληθῶς
1625 4686 1756 4756 παρ’

194 4781 362 4853 ἡμῶν,
394 4780 489 4834 καὶ
528 4778 706 4850 μάτην
746 4777 970 4840 ἑαυτοὺς
1003 4776 1133 4847 περὶ
1160 4776 1270 4830 τῶν
1314 4774 1591 4831 ἀϐεϐαίων
1619 4774 1759 4845 πλη-

200 4875 492 4946 ροφορεῖτε.
534 4871 659 4925 Ἐπὶ
685 4870 743 4925 δὲ
776 4872 890 4933 τοῖς
937 4867 1384 4939 ὡμολογημένοις
1408 4866 1760 4923 κατασκευά-

199 4969 304 5032 ζειν
330 4966 495 5038 ἕτερά
536 4982 660 5020 τινα
691 4962 828 5035 πρὸς
878 4962 1154 5028 ἀπόδειξιν
1182 4959 1292 5015 τῶν
1322 4960 1613 5030 ὑμετέρων
1640 4961 1761 5013 ἐπι-

202 5058 545 5130 χειροῦντες,’
577 5059 773 5113 ταυτὸν
820 5055 1132 5110 πεπόνθατε
1176 5056 1294 5118 τοῖς
1342 5053 1652 5123 οἰκοδομεῖν
1702 5053 1763 5105 ἐν

203 5148 338 5221 ἀέρι,
361 5149 396 5220 ἥ
428 5151 666 5220 παπύρῳ
701 5147 1052 5220 στηρίζεσθαι
1083 5145 1452 5218 βουλομένοις.
1495 5144 1646 5219 ’.Επεὶ
1668 5139 1764 5199 οὖν

202 5240 266 5295 τὰ
291 5241 504 5295 ἐναντία
535 5241 735 5310 μᾶλλον
768 5233 844 5293 ὧν
879 5239 1149 5296 ὑπέθεσθε
1192 5235 1573 5293 ἀποδέδεικται
1605 5235 1761 5303 ἡμῖν,

203 5332 352 5403 δῆλον
385 5333 468 5388 ὅτι
505 5333 601 5386 καὶ
624 5332 694 5387 τὰ
720 5332 948 5388 ἐναντία
987 5333 1101 5395 τοῖς
1138 5331 1429 5401 ὑμετέροις
1477 5327 1765 5397 συμπερά-

207 5440 366 5496 σμασι
395 5423 792 5495 συναχθήσεται
813 5440 826 5454 ο
853 5426 902 5478 εί
935 5424 1042 5495 γάρ
1071 5439 1178 5476 τινι
1214 5421 1323 5475 τῶν
1346 5419 1610 5474 ἐναντίων
1632 5419 1764 5475 ἒπε-

205 5536 307 5582 ται,
336 5516 432 5571 καὶ
455 5515 533 5588 τῷ
560 5517 789 5591 ἐναντίῳ
827 5516 981 5573 τοῦδε
1027 5514 1245 5576 πάντως
1276 5511 1339 5566 τὸ
1373 5512 1613 5571 ἐναντίον
1636 5512 1767 5585 ἕψε-

206 5622 305 5664 ται.

804 5806 1055 5862 ΚΕΦΔΛ.
1084 5808 1160 5860 Γ’.

804 5808 850 5859 Κ
944 5807 1055 5862 ΔΛ.
1084 5808 1160 5860 Γ’.

272 5900 383 5955 Πάν
418 5898 599 5954 ὁτιοῦν
648 5807 1032 5969 συντιθέῗιῖνον
1056 5897 1251 5968 ἑτέρῳ,
1285 5894 1624 5966 ἐτεροούσιόν
1650 5896 1768 5950 ἐστι

1867 4693 2029 4747 alteri
2054 4692 2275 4747 unitum
2308 4693 2462 4763 juxta
2514 4693 2953 4762 qualemcunque
2992 4693 3273 4757 unionem,
3314 4692 3442 4747 ﬁni-

1869 4792 1983 4838 tum
2015 4792 2102 4839 est
2137 4792 2505 4852 constansque
2526 4782 2796 4853 partibus,
2829 4790 2889 4837 ut
2907 4781 3194 4838 evidenter
3223 4798 3254 4837 a
3280 4783 3443 4839 nobis

1867 4874 2127 4946 superius
2149 4876 2583 4931 demonstratum
2608 4882 2712 4939 est,
2741 4874 3057 4945 frustraque
3102 4873 3439 4931 incertorum

1868 4969 2236 5037 vosmetipsos
2269 4969 2533 5024 certiores
2570 4970 2751 5023 facere
2787 4967 3088 5023 enitimini.
3124 4966 3444 5036 Semetipsis

1871 5063 2321 5130 comparantibus
2383 5075 2482 5114 vos
2529 5059 2597 5115 ad
2645 5059 2937 5129 opiniones
2974 5066 3186 5115 vestras
3218 5057 3445 5112 demon-

1871 5149 2149 5215 strandas,
2186 5150 2331 5204 idem
2365 5149 2567 5205 accidit
2615 5163 2681 5205 ac
2731 5148 2787 5203 in
2838 5163 2963 5203 aere
3007 5146 3316 5211 aediﬁcare,
3347 5160 3443 5202 seu
3544 5136 3553 5141 ’

1872 5258 2081 5314 papyro
2108 5241 2271 5297 inniti
2300 5240 2635 5296 volentibus.
2663 5239 2799 5295 Cum
2822 5238 2991 5310 igitur
3013 5237 3289 5296 contraria
3328 5254 3445 5293 ma-

1873 5338 1957 5409 gis
1995 5336 2105 5392 illis
2131 5349 2253 5404 quae
2277 5332 2647 5403 supposuistis
2674 5347 2705 5386 a
2728 5330 2891 5387 nobis
2913 5330 3286 5385 demonstrata
3314 5329 3444 5393 sint,

1874 5437 2026 5500 patet
2052 5427 2218 5483 etiam
2262 5424 2540 5482 contraria
2585 5422 2784 5479 vestris
2830 5420 3282 5478 conclusionibus
3325 5436 3448 5475 esse

1874 5519 2219 5593 colligenda;
2253 5518 2300 5574 si
2324 5517 2474 5574 enim
2504 5515 2725 5587 aliquod
2744 5514 3146 5574 contrariorum
3178 5512 3445 5582 sequitur,

1875 5613 2216 5670 contrarium
2243 5625 2463 5683 quoque
2493 5609 2725 5681 hujusce
2776 5605 3081 5664 certissime
3110 5603 3447 5661 contrarium

1875 5712 2159 5775 sequetur.

2543 5791 2698 5850 CAP.
2728 5791 2818 5847 Ill.

1948 5890 2125 5949 Omne
2181 5887 2550 5961 quodcunque
2594 5884 2753 5943 alteri
2797 5883 3014 5941 unitum
3041 5922 3058 5952 ,
3110 5879 3338 5937 alterius
3365 5884 3452 5935 est
