  <div class='ocr_page' id='page_1' title='image "/cluster/home/n/w/nwhite01/storage/ocr_20150623/86:1/hvd.32044019208909/715.png"; bbox 0 0 4032 6542; ppageno 0'>
   <div class='ocr_carea' id='block_1_1' title="bbox 474 450 610 520">
    <p class='ocr_par' dir='ltr' id='par_1_1' title="bbox 474 450 610 520">
     <span class='ocr_line' id='line_1_1' title="bbox 474 450 610 520; baseline -0.044 0"><span class='ocrx_word' id='word_1_1' title='bbox 474 450 610 520; x_wconf 67' lang='grc'><strong>1415</strong></span> 
     </span>
    </p>
   </div>
   <div class='ocr_carea' id='block_1_2' title="bbox 1752 439 2508 504">
    <p class='ocr_par' dir='ltr' id='par_1_2' title="bbox 1752 439 2508 504">
     <span class='ocr_line' id='line_1_2' title="bbox 1752 439 2508 504; baseline -0.005 0"><span class='ocrx_word' id='word_1_2' title='bbox 1752 440 2065 504; x_wconf 89' lang='lat' dir='ltr'><strong>LEONTII</strong></span> <span class='ocrx_word' id='word_1_3' title='bbox 2104 439 2508 503; x_wconf 83' lang='lat' dir='ltr'><strong>BYZANTINI</strong></span> 
     </span>
    </p>
   </div>
   <div class='ocr_carea' id='block_1_3' title="bbox 3605 439 3749 507">
    <p class='ocr_par' dir='ltr' id='par_1_3' title="bbox 3605 439 3749 507">
     <span class='ocr_line' id='line_1_3' title="bbox 3605 439 3749 507; baseline 0.035 -5"><span class='ocrx_word' id='word_1_4' title='bbox 3605 439 3749 507; x_wconf 67' lang='lat'><strong>1416</strong></span> 
     </span>
    </p>
   </div>
   <div class='ocr_carea' id='block_1_4' title="bbox 469 545 2071 625">
    <p class='ocr_par' dir='ltr' id='par_1_4' title="bbox 469 551 2062 625">
     <span class='ocr_line' id='line_1_4' title="bbox 469 551 2062 625; baseline -0.008 -8"><span class='ocrx_word' id='word_1_5' title='bbox 469 556 796 617; x_wconf 65' lang='lat' dir='ltr'><strong>substantiae</strong></span> <span class='ocrx_word' id='word_1_6' title='bbox 844 570 910 612; x_wconf 86' lang='lat' dir='ltr'><strong>ac</strong></span> <span class='ocrx_word' id='word_1_7' title='bbox 961 554 1199 625; x_wconf 80' lang='lat' dir='ltr'><strong>simplex</strong></span> <span class='ocrx_word' id='word_1_8' title='bbox 1253 551 1617 623; x_wconf 89' lang='lat' dir='ltr'><strong>inﬁnitusque</strong></span> <span class='ocrx_word' id='word_1_9' title='bbox 1644 552 1849 618; x_wconf 88' lang='lat' dir='ltr'><strong>Pater;</strong></span> <span class='ocrx_word' id='word_1_10' title='bbox 1899 565 2062 605; x_wconf 84' lang='lat' dir='ltr'><strong>omne</strong></span> 
     </span>
    </p>
   </div>
   <div class='ocr_carea' id='block_1_5' title="bbox 2176 545 3749 625">
    <p class='ocr_par' dir='ltr' id='par_1_5' title="bbox 2176 545 3749 623">
     <span class='ocr_line' id='line_1_5' title="bbox 2176 545 3749 623; baseline 0.004 -23"><span class='ocrx_word' id='word_1_11' title='bbox 2176 549 2244 618; x_wconf 75' lang='grc' dir='ltr'>τῷ</span> <span class='ocrx_word' id='word_1_12' title='bbox 2278 547 2438 618; x_wconf 82' lang='grc' dir='ltr'><strong>ἁπλῷ</strong></span> <span class='ocrx_word' id='word_1_13' title='bbox 2468 545 2566 600; x_wconf 80' lang='grc' dir='ltr'>καὶ</span> <span class='ocrx_word' id='word_1_14' title='bbox 2601 545 2975 619; x_wconf 83' lang='grc' dir='ltr'>ἀπεριγράφῳ</span> <span class='ocrx_word' id='word_1_15' title='bbox 3021 547 3231 620; x_wconf 87' lang='grc' dir='ltr'>Πατρί·</span> <span class='ocrx_word' id='word_1_16' title='bbox 3260 551 3371 604; x_wconf 81' lang='grc' dir='ltr'><strong>πᾶν</strong></span> <span class='ocrx_word' id='word_1_17' title='bbox 3407 549 3467 605; x_wconf 84' lang='grc' dir='ltr'>δὲ</span> <span class='ocrx_word' id='word_1_18' title='bbox 3493 551 3749 623; x_wconf 81' lang='grc' dir='ltr'>έτεροοὺ⁴</span> 
     </span>
    </p>
   </div>
   <div class='ocr_carea' id='block_1_6' title="bbox 470 642 2058 715">
    <p class='ocr_par' dir='ltr' id='par_1_6' title="bbox 470 642 2058 715">
     <span class='ocr_line' id='line_1_6' title="bbox 470 642 2058 715; baseline -0.009 -5"><span class='ocrx_word' id='word_1_19' title='bbox 470 662 656 710; x_wconf 84' lang='lat' dir='ltr'><strong>autem</strong></span> <span class='ocrx_word' id='word_1_20' title='bbox 686 649 918 706; x_wconf 87' lang='lat' dir='ltr'><strong>alterius</strong></span> <span class='ocrx_word' id='word_1_21' title='bbox 955 647 1281 704; x_wconf 80' lang='lat' dir='ltr'><strong>substantiae</strong></span> <span class='ocrx_word' id='word_1_22' title='bbox 1314 661 1380 700; x_wconf 92' lang='lat' dir='ltr'><strong>ac</strong></span> <span class='ocrx_word' id='word_1_23' title='bbox 1407 645 1645 715; x_wconf 79' lang='lat' dir='ltr'><strong>simplex</strong></span> <span class='ocrx_word' id='word_1_24' title='bbox 1694 642 2058 712; x_wconf 89' lang='lat' dir='ltr'><strong>inﬁnitusque</strong></span> 
     </span>
    </p>
   </div>
   <div class='ocr_carea' id='block_1_7' title="bbox 470 736 2062 814">
    <p class='ocr_par' dir='ltr' id='par_1_7' title="bbox 470 736 2062 814">
     <span class='ocr_line' id='line_1_7' title="bbox 470 736 2062 814; baseline -0.009 -9"><span class='ocrx_word' id='word_1_25' title='bbox 470 752 634 804; x_wconf 89' lang='lat' dir='ltr'><strong>Pater</strong></span> <span class='ocrx_word' id='word_1_26' title='bbox 655 787 671 814; x_wconf 90' lang='lat'><strong>,</strong></span> <span class='ocrx_word' id='word_1_27' title='bbox 714 761 827 802; x_wconf 90' lang='lat' dir='ltr'><strong>non</strong></span> <span class='ocrx_word' id='word_1_28' title='bbox 859 753 945 800; x_wconf 89' lang='lat' dir='ltr'><strong>est</strong></span> <span class='ocrx_word' id='word_1_29' title='bbox 985 743 1212 814; x_wconf 84' lang='lat' dir='ltr'><strong>proprie</strong></span> <span class='ocrx_word' id='word_1_30' title='bbox 1240 740 1415 795; x_wconf 85' lang='lat' dir='ltr'><strong>Filius</strong></span> <span class='ocrx_word' id='word_1_31' title='bbox 1444 737 1715 809; x_wconf 88' lang='lat' dir='ltr'><strong>simplicis</strong></span> <span class='ocrx_word' id='word_1_32' title='bbox 1747 736 2062 805; x_wconf 87' lang='lat' dir='ltr'><strong>inﬁnitique</strong></span> 
     </span>
    </p>
   </div>
   <div class='ocr_carea' id='block_1_8' title="bbox 474 828 2062 899">
    <p class='ocr_par' dir='ltr' id='par_1_8' title="bbox 474 828 2062 899">
     <span class='ocr_line' id='line_1_8' title="bbox 474 828 2062 899; baseline -0.008 -3"><span class='ocrx_word' id='word_1_33' title='bbox 474 841 657 896; x_wconf 84' lang='lat' dir='ltr'><strong>Patris</strong></span> <span class='ocrx_word' id='word_1_34' title='bbox 682 857 696 893; x_wconf 89' lang='lat'><strong>:</strong></span> <span class='ocrx_word' id='word_1_35' title='bbox 732 839 780 893; x_wconf 89' lang='lat' dir='ltr'><strong>si</strong></span> <span class='ocrx_word' id='word_1_36' title='bbox 805 853 938 892; x_wconf 90' lang='lat' dir='ltr'><strong>vero</strong></span> <span class='ocrx_word' id='word_1_37' title='bbox 967 850 1132 892; x_wconf 92' lang='lat' dir='ltr'><strong>omne</strong></span> <span class='ocrx_word' id='word_1_38' title='bbox 1154 833 1312 889; x_wconf 81' lang='lat' dir='ltr'><strong>alteri</strong></span> <span class='ocrx_word' id='word_1_39' title='bbox 1345 833 1564 886; x_wconf 89' lang='lat' dir='ltr'><strong>unitum</strong></span> <span class='ocrx_word' id='word_1_40' title='bbox 1591 846 1702 886; x_wconf 90' lang='lat' dir='ltr'><strong>non</strong></span> <span class='ocrx_word' id='word_1_41' title='bbox 1725 838 1813 885; x_wconf 90' lang='lat' dir='ltr'><strong>est</strong></span> <span class='ocrx_word' id='word_1_42' title='bbox 1836 828 2062 899; x_wconf 84' lang='lat' dir='ltr'><strong>proprie</strong></span> 
     </span>
    </p>
   </div>
   <div class='ocr_carea' id='block_1_9' title="bbox 477 921 2065 999">
    <p class='ocr_par' dir='ltr' id='par_1_9' title="bbox 477 921 2065 999">
     <span class='ocr_line' id='line_1_9' title="bbox 477 921 2065 999; baseline -0.007 -14"><span class='ocrx_word' id='word_1_43' title='bbox 477 931 648 986; x_wconf 85' lang='lat' dir='ltr'><strong>Filius</strong></span> <span class='ocrx_word' id='word_1_44' title='bbox 689 928 961 999; x_wconf 90' lang='lat' dir='ltr'><strong>simplicis</strong></span> <span class='ocrx_word' id='word_1_45' title='bbox 1013 941 1079 982; x_wconf 90' lang='lat' dir='ltr'><strong>ac</strong></span> <span class='ocrx_word' id='word_1_46' title='bbox 1121 923 1323 980; x_wconf 87' lang='lat' dir='ltr'><strong>inﬁniti</strong></span> <span class='ocrx_word' id='word_1_47' title='bbox 1368 923 1567 987; x_wconf 86' lang='lat' dir='ltr'><strong>Patris,</strong></span> <span class='ocrx_word' id='word_1_48' title='bbox 1608 937 1719 978; x_wconf 90' lang='lat' dir='ltr'><strong>non</strong></span> <span class='ocrx_word' id='word_1_49' title='bbox 1750 921 1940 976; x_wconf 89' lang='lat' dir='ltr'><strong>unitus</strong></span> <span class='ocrx_word' id='word_1_50' title='bbox 1978 928 2065 975; x_wconf 90' lang='lat' dir='ltr'><strong>est</strong></span> 
     </span>
    </p>
   </div>
   <div class='ocr_carea' id='block_1_10' title="bbox 477 1011 2064 1084">
    <p class='ocr_par' dir='ltr' id='par_1_10' title="bbox 477 1011 2064 1084">
     <span class='ocr_line' id='line_1_10' title="bbox 477 1011 2064 1084; baseline -0.009 -6"><span class='ocrx_word' id='word_1_51' title='bbox 477 1024 622 1078; x_wconf 89' lang='lat' dir='ltr'><strong>Deus</strong></span> <span class='ocrx_word' id='word_1_52' title='bbox 650 1021 893 1077; x_wconf 86' lang='lat' dir='ltr'><strong>Verbum</strong></span> <span class='ocrx_word' id='word_1_53' title='bbox 925 1019 1092 1074; x_wconf 90' lang='lat' dir='ltr'><strong>alicui</strong></span> <span class='ocrx_word' id='word_1_54' title='bbox 1122 1034 1190 1073; x_wconf 87' lang='lat' dir='ltr'><strong>ex</strong></span> <span class='ocrx_word' id='word_1_55' title='bbox 1216 1016 1400 1082; x_wconf 87' lang='lat' dir='ltr'><strong>nobis,</strong></span> <span class='ocrx_word' id='word_1_56' title='bbox 1431 1030 1557 1070; x_wconf 91' lang='lat' dir='ltr'><strong>cum</strong></span> <span class='ocrx_word' id='word_1_57' title='bbox 1595 1014 1670 1070; x_wconf 85' lang='lat' dir='ltr'><strong>sit</strong></span> <span class='ocrx_word' id='word_1_58' title='bbox 1702 1012 1928 1084; x_wconf 87' lang='lat' dir='ltr'><strong>proprie</strong></span> <span class='ocrx_word' id='word_1_59' title='bbox 1971 1011 2064 1064; x_wconf 91' lang='lat' dir='ltr'><strong>Fi-</strong></span> 
     </span>
    </p>
   </div>
   <div class='ocr_carea' id='block_1_11' title="bbox 477 1103 2067 1179">
    <p class='ocr_par' dir='ltr' id='par_1_11' title="bbox 477 1103 2067 1179">
     <span class='ocr_line' id='line_1_11' title="bbox 477 1103 2067 1179; baseline -0.009 -9"><span class='ocrx_word' id='word_1_60' title='bbox 477 1117 586 1170; x_wconf 88' lang='lat' dir='ltr'><strong>lius</strong></span> <span class='ocrx_word' id='word_1_61' title='bbox 620 1115 838 1179; x_wconf 88' lang='lat' dir='ltr'><strong>Patris;</strong></span> <span class='ocrx_word' id='word_1_62' title='bbox 882 1113 969 1168; x_wconf 90' lang='lat' dir='ltr'><strong>sin</strong></span> <span class='ocrx_word' id='word_1_63' title='bbox 997 1119 1191 1168; x_wconf 89' lang='lat' dir='ltr'><strong>contra</strong></span> <span class='ocrx_word' id='word_1_64' title='bbox 1215 1111 1428 1174; x_wconf 90' lang='lat' dir='ltr'><strong>unitus,</strong></span> <span class='ocrx_word' id='word_1_65' title='bbox 1472 1123 1584 1162; x_wconf 89' lang='lat' dir='ltr'><strong>non</strong></span> <span class='ocrx_word' id='word_1_66' title='bbox 1607 1114 1693 1162; x_wconf 92' lang='lat' dir='ltr'><strong>est</strong></span> <span class='ocrx_word' id='word_1_67' title='bbox 1719 1103 1941 1175; x_wconf 88' lang='lat' dir='ltr'><strong>proprie</strong></span> <span class='ocrx_word' id='word_1_68' title='bbox 1965 1103 2067 1156; x_wconf 88' lang='lat' dir='ltr'><strong>Pa-</strong></span> 
     </span>
    </p>
   </div>
   <div class='ocr_carea' id='block_1_12' title="bbox 481 1194 2063 1270">
    <p class='ocr_par' dir='ltr' id='par_1_12' title="bbox 481 1194 2063 1270">
     <span class='ocr_line' id='line_1_12' title="bbox 481 1194 2063 1270; baseline -0.01 -8"><span class='ocrx_word' id='word_1_69' title='bbox 481 1207 582 1262; x_wconf 88' lang='lat' dir='ltr'><strong>tris</strong></span> <span class='ocrx_word' id='word_1_70' title='bbox 635 1206 809 1262; x_wconf 89' lang='lat' dir='ltr'><strong>Filius</strong></span> <span class='ocrx_word' id='word_1_71' title='bbox 861 1205 1008 1260; x_wconf 90' lang='lat' dir='ltr'><strong>Deus</strong></span> <span class='ocrx_word' id='word_1_72' title='bbox 1049 1203 1327 1266; x_wconf 82' lang='lat' dir='ltr'><strong>Verbum,</strong></span> <span class='ocrx_word' id='word_1_73' title='bbox 1386 1199 1534 1270; x_wconf 88' lang='lat' dir='ltr'><strong>quod</strong></span> <span class='ocrx_word' id='word_1_74' title='bbox 1571 1206 1658 1253; x_wconf 92' lang='lat' dir='ltr'><strong>est</strong></span> <span class='ocrx_word' id='word_1_75' title='bbox 1700 1194 2063 1266; x_wconf 86' lang='lat' dir='ltr'><strong>blasphemia.</strong></span> 
     </span>
    </p>
   </div>
   <div class='ocr_carea' id='block_1_13' title="bbox 481 1287 2068 1366">
    <p class='ocr_par' dir='ltr' id='par_1_13' title="bbox 481 1287 2068 1366">
     <span class='ocr_line' id='line_1_13' title="bbox 481 1287 2068 1366; baseline -0.01 -12"><span class='ocrx_word' id='word_1_76' title='bbox 481 1297 817 1354; x_wconf 88' lang='lat' dir='ltr'><strong>Eorumdem</strong></span> <span class='ocrx_word' id='word_1_77' title='bbox 848 1296 1052 1352; x_wconf 83' lang='lat' dir='ltr'><strong>vestris</strong></span> <span class='ocrx_word' id='word_1_78' title='bbox 1074 1293 1505 1366; x_wconf 86' lang='lat' dir='ltr'><strong>repetitionibus</strong></span> <span class='ocrx_word' id='word_1_79' title='bbox 1523 1289 1770 1354; x_wconf 87' lang='lat' dir='ltr'><strong>adducti,</strong></span> <span class='ocrx_word' id='word_1_80' title='bbox 1786 1287 2068 1358; x_wconf 86' lang='lat' dir='ltr'><strong>loquimur</strong></span> 
     </span>
    </p>
   </div>
   <div class='ocr_carea' id='block_1_14' title="bbox 480 1378 2069 1458">
    <p class='ocr_par' dir='ltr' id='par_1_14' title="bbox 480 1378 2069 1458">
     <span class='ocr_line' id='line_1_14' title="bbox 480 1378 2069 1458; baseline -0.008 -12"><span class='ocrx_word' id='word_1_81' title='bbox 480 1401 537 1446; x_wconf 89' lang='lat' dir='ltr'><strong>et</strong></span> <span class='ocrx_word' id='word_1_82' title='bbox 560 1407 705 1446; x_wconf 90' lang='lat' dir='ltr'><strong>nos:</strong></span> <span class='ocrx_word' id='word_1_83' title='bbox 742 1388 840 1444; x_wconf 89' lang='lat' dir='ltr'><strong>sed</strong></span> <span class='ocrx_word' id='word_1_84' title='bbox 871 1403 943 1444; x_wconf 90' lang='lat' dir='ltr'><strong>ne</strong></span> <span class='ocrx_word' id='word_1_85' title='bbox 989 1388 1150 1444; x_wconf 86' lang='lat' dir='ltr'><strong>vobis</strong></span> <span class='ocrx_word' id='word_1_86' title='bbox 1181 1387 1493 1458; x_wconf 88' lang='lat' dir='ltr'><strong>displiceat,</strong></span> <span class='ocrx_word' id='word_1_87' title='bbox 1544 1399 1655 1438; x_wconf 91' lang='lat' dir='ltr'><strong>non</strong></span> <span class='ocrx_word' id='word_1_88' title='bbox 1704 1395 1869 1437; x_wconf 91' lang='lat' dir='ltr'><strong>omne</strong></span> <span class='ocrx_word' id='word_1_89' title='bbox 1906 1378 2069 1434; x_wconf 89' lang='lat' dir='ltr'><strong>alteri</strong></span> 
     </span>
    </p>
   </div>
   <div class='ocr_carea' id='block_1_15' title="bbox 484 1472 2065 1546">
    <p class='ocr_par' dir='ltr' id='par_1_15' title="bbox 484 1472 2065 1546">
     <span class='ocr_line' id='line_1_15' title="bbox 484 1472 2065 1546; baseline -0.008 -8"><span class='ocrx_word' id='word_1_90' title='bbox 484 1483 724 1546; x_wconf 83' lang='lat' dir='ltr'><strong>unitum,</strong></span> <span class='ocrx_word' id='word_1_91' title='bbox 751 1481 982 1537; x_wconf 87' lang='lat' dir='ltr'><strong>alterius</strong></span> <span class='ocrx_word' id='word_1_92' title='bbox 1009 1491 1094 1536; x_wconf 91' lang='lat' dir='ltr'><strong>est</strong></span> <span class='ocrx_word' id='word_1_93' title='bbox 1117 1479 1441 1534; x_wconf 66' lang='lat' dir='ltr'><strong>substantiae</strong></span> <span class='ocrx_word' id='word_1_94' title='bbox 1487 1493 1555 1533; x_wconf 87' lang='lat' dir='ltr'><strong>ac</strong></span> <span class='ocrx_word' id='word_1_95' title='bbox 1599 1475 1835 1546; x_wconf 80' lang='lat' dir='ltr'><strong>simplex</strong></span> <span class='ocrx_word' id='word_1_96' title='bbox 1876 1472 2065 1528; x_wconf 87' lang='lat' dir='ltr'><strong>inﬁni-</strong></span> 
     </span>
    </p>
   </div>
   <div class='ocr_carea' id='block_1_16' title="bbox 484 1567 2068 1645">
    <p class='ocr_par' dir='ltr' id='par_1_16' title="bbox 484 1567 2068 1645">
     <span class='ocr_line' id='line_1_16' title="bbox 484 1567 2068 1645; baseline -0.007 -15"><span class='ocrx_word' id='word_1_97' title='bbox 484 1586 684 1645; x_wconf 91' lang='lat' dir='ltr'><strong>tusque</strong></span> <span class='ocrx_word' id='word_1_98' title='bbox 705 1575 884 1640; x_wconf 87' lang='lat' dir='ltr'><strong>Pater,</strong></span> <span class='ocrx_word' id='word_1_99' title='bbox 911 1588 1186 1643; x_wconf 91' lang='lat' dir='ltr'><strong>omneque</strong></span> <span class='ocrx_word' id='word_1_100' title='bbox 1205 1582 1450 1627; x_wconf 90' lang='lat' dir='ltr'><strong>vestrum</strong></span> <span class='ocrx_word' id='word_1_101' title='bbox 1474 1571 1690 1640; x_wconf 89' lang='lat' dir='ltr'><strong>hocque</strong></span> <span class='ocrx_word' id='word_1_102' title='bbox 1715 1567 2068 1624; x_wconf 88' lang='lat' dir='ltr'><strong>ratiocinium</strong></span> 
     </span>
    </p>
   </div>
   <div class='ocr_carea' id='block_1_17' title="bbox 485 1659 2069 1739">
    <p class='ocr_par' dir='ltr' id='par_1_17' title="bbox 485 1659 2069 1739">
     <span class='ocr_line' id='line_1_17' title="bbox 485 1659 2069 1739; baseline -0.008 -14"><span class='ocrx_word' id='word_1_103' title='bbox 485 1669 716 1731; x_wconf 90' lang='lat' dir='ltr'><strong>tollitur,</strong></span> <span class='ocrx_word' id='word_1_104' title='bbox 737 1667 913 1737; x_wconf 89' lang='lat' dir='ltr'><strong>prima</strong></span> <span class='ocrx_word' id='word_1_105' title='bbox 935 1668 1056 1739; x_wconf 88' lang='lat' dir='ltr'><strong>ejus</strong></span> <span class='ocrx_word' id='word_1_106' title='bbox 1081 1665 1465 1738; x_wconf 83' lang='lat' dir='ltr'><strong>propositione</strong></span> <span class='ocrx_word' id='word_1_107' title='bbox 1484 1663 1734 1729; x_wconf 88' lang='lat' dir='ltr'><strong>sublata;</strong></span> <span class='ocrx_word' id='word_1_108' title='bbox 1761 1661 1901 1716; x_wconf 91' lang='lat' dir='ltr'><strong>nihil</strong></span> <span class='ocrx_word' id='word_1_109' title='bbox 1919 1659 2069 1715; x_wconf 91' lang='lat' dir='ltr'><strong>enim</strong></span> 
     </span>
    </p>
   </div>
   <div class='ocr_carea' id='block_1_18' title="bbox 481 1754 2070 1825">
    <p class='ocr_par' dir='ltr' id='par_1_18' title="bbox 481 1754 2070 1825">
     <span class='ocr_line' id='line_1_18' title="bbox 481 1754 2070 1825; baseline -0.007 -8"><span class='ocrx_word' id='word_1_110' title='bbox 481 1759 704 1817; x_wconf 72' lang='lat' dir='ltr'><strong>aediﬁcii</strong></span> <span class='ocrx_word' id='word_1_111' title='bbox 738 1759 955 1814; x_wconf 91' lang='lat' dir='ltr'><strong>ﬁrmum</strong></span> <span class='ocrx_word' id='word_1_112' title='bbox 984 1767 1192 1825; x_wconf 89' lang='lat' dir='ltr'><strong>manet,</strong></span> <span class='ocrx_word' id='word_1_113' title='bbox 1227 1757 1607 1813; x_wconf 85' lang='lat' dir='ltr'><strong>fundamentis</strong></span> <span class='ocrx_word' id='word_1_114' title='bbox 1638 1754 1888 1810; x_wconf 83' lang='lat' dir='ltr'><strong>funditus</strong></span> <span class='ocrx_word' id='word_1_115' title='bbox 1907 1768 2070 1808; x_wconf 89' lang='lat' dir='ltr'><strong>ever-</strong></span> 
     </span>
    </p>
   </div>
   <div class='ocr_carea' id='block_1_19' title="bbox 485 1845 2068 1920">
    <p class='ocr_par' dir='ltr' id='par_1_19' title="bbox 485 1845 2068 1920">
     <span class='ocr_line' id='line_1_19' title="bbox 485 1845 2068 1920; baseline -0.006 -13"><span class='ocrx_word' id='word_1_116' title='bbox 485 1853 583 1908; x_wconf 87' lang='lat' dir='ltr'><strong>sis.</strong></span> <span class='ocrx_word' id='word_1_117' title='bbox 615 1851 1023 1906; x_wconf 84' lang='lat' dir='ltr'><strong>Tantummodo</strong></span> <span class='ocrx_word' id='word_1_118' title='bbox 1079 1859 1265 1906; x_wconf 90' lang='lat' dir='ltr'><strong>autem</strong></span> <span class='ocrx_word' id='word_1_119' title='bbox 1321 1849 1468 1920; x_wconf 91' lang='lat' dir='ltr'><strong>apud</strong></span> <span class='ocrx_word' id='word_1_120' title='bbox 1507 1848 1720 1918; x_wconf 89' lang='lat' dir='ltr'><strong>seipsos</strong></span> <span class='ocrx_word' id='word_1_121' title='bbox 1771 1845 2068 1916; x_wconf 82' lang='lat' dir='ltr'><strong>sapientes,</strong></span> 
     </span>
    </p>
   </div>
   <div class='ocr_carea' id='block_1_20' title="bbox 486 1934 2070 2012">
    <p class='ocr_par' dir='ltr' id='par_1_20' title="bbox 486 1934 2070 2012">
     <span class='ocr_line' id='line_1_20' title="bbox 486 1934 2070 2012; baseline -0.007 -14"><span class='ocrx_word' id='word_1_122' title='bbox 486 1958 627 2012; x_wconf 65' lang='lat' dir='ltr'><strong>saepe</strong></span> <span class='ocrx_word' id='word_1_123' title='bbox 657 1942 888 1996; x_wconf 88' lang='lat' dir='ltr'><strong>incertis</strong></span> <span class='ocrx_word' id='word_1_124' title='bbox 936 1941 1152 2007; x_wconf 82' lang='lat' dir='ltr'><strong>innixi,</strong></span> <span class='ocrx_word' id='word_1_125' title='bbox 1204 1940 1346 1995; x_wconf 90' lang='lat' dir='ltr'><strong>nihil</strong></span> <span class='ocrx_word' id='word_1_126' title='bbox 1403 1938 1550 1994; x_wconf 90' lang='lat' dir='ltr'><strong>aliud</strong></span> <span class='ocrx_word' id='word_1_127' title='bbox 1600 1951 1765 2008; x_wconf 79' lang='lat' dir='ltr'><strong>agere</strong></span> <span class='ocrx_word' id='word_1_128' title='bbox 1807 1934 2070 1990; x_wconf 87' lang='lat' dir='ltr'><strong>videntur</strong></span> 
     </span>
    </p>
   </div>
   <div class='ocr_carea' id='block_1_21' title="bbox 486 2030 2066 2105">
    <p class='ocr_par' dir='ltr' id='par_1_21' title="bbox 486 2030 2066 2105">
     <span class='ocr_line' id='line_1_21' title="bbox 486 2030 2066 2105; baseline -0.005 -16"><span class='ocrx_word' id='word_1_129' title='bbox 486 2051 652 2105; x_wconf 88' lang='lat' dir='ltr'><strong>quam</strong></span> <span class='ocrx_word' id='word_1_130' title='bbox 685 2036 740 2089; x_wconf 88' lang='lat' dir='ltr'><strong>in</strong></span> <span class='ocrx_word' id='word_1_131' title='bbox 772 2051 911 2105; x_wconf 90' lang='lat' dir='ltr'><strong>aqua</strong></span> <span class='ocrx_word' id='word_1_132' title='bbox 939 2035 1206 2101; x_wconf 88' lang='lat' dir='ltr'><strong>scribere,</strong></span> <span class='ocrx_word' id='word_1_133' title='bbox 1233 2040 1506 2088; x_wconf 87' lang='lat' dir='ltr'><strong>attentare</strong></span> <span class='ocrx_word' id='word_1_134' title='bbox 1541 2030 1745 2102; x_wconf 83' lang='lat' dir='ltr'><strong>ignem,</strong></span> <span class='ocrx_word' id='word_1_135' title='bbox 1770 2040 2066 2098; x_wconf 82' lang='lat' dir='ltr'><strong>acremque</strong></span> 
     </span>
    </p>
   </div>
   <div class='ocr_carea' id='block_1_22' title="bbox 485 2129 802 2183">
    <p class='ocr_par' dir='ltr' id='par_1_22' title="bbox 485 2129 802 2183">
     <span class='ocr_line' id='line_1_22' title="bbox 485 2129 802 2183; baseline 0 -1"><span class='ocrx_word' id='word_1_136' title='bbox 485 2129 802 2183; x_wconf 86' lang='lat' dir='ltr'><strong>verberare.</strong></span> 
     </span>
    </p>
   </div>
   <div class='ocr_carea' id='block_1_23' title="bbox 2163 638 3747 712">
    <p class='ocr_par' dir='ltr' id='par_1_23' title="bbox 2163 638 3747 712">
     <span class='ocr_line' id='line_1_23' title="bbox 2163 638 3747 712; baseline 0.005 -20"><span class='ocrx_word' id='word_1_137' title='bbox 2163 656 2280 693; x_wconf 84' lang='grc' dir='ltr'>σιον</span> <span class='ocrx_word' id='word_1_138' title='bbox 2309 638 2387 708; x_wconf 86' lang='grc' dir='ltr'><strong>τῷ</strong></span> <span class='ocrx_word' id='word_1_139' title='bbox 2412 638 2571 708; x_wconf 78' lang='grc' dir='ltr'>ἁπλῷ</span> <span class='ocrx_word' id='word_1_140' title='bbox 2611 641 2712 692; x_wconf 74' lang='grc' dir='ltr'>καὶ</span> <span class='ocrx_word' id='word_1_141' title='bbox 2749 640 3116 712; x_wconf 81' lang='grc' dir='ltr'>ἀπεριγράφῳ</span> <span class='ocrx_word' id='word_1_142' title='bbox 3146 641 3344 712; x_wconf 70' lang='grc' dir='ltr'>Πατρὶ,</span> <span class='ocrx_word' id='word_1_143' title='bbox 3369 642 3474 698; x_wconf 80' lang='grc' dir='ltr'><strong>οὐκ</strong></span> <span class='ocrx_word' id='word_1_144' title='bbox 3495 644 3612 697; x_wconf 75' lang='grc' dir='ltr'>ἐστι</span> <span class='ocrx_word' id='word_1_145' title='bbox 3641 663 3747 700; x_wconf 79' lang='grc' dir='ltr'>κυ-</span> 
     </span>
    </p>
   </div>
   <div class='ocr_carea' id='block_1_24' title="bbox 2163 731 3756 807">
    <p class='ocr_par' dir='ltr' id='par_1_24' title="bbox 2163 731 3756 807">
     <span class='ocr_line' id='line_1_24' title="bbox 2163 731 3756 807; baseline 0.004 -22"><span class='ocrx_word' id='word_1_146' title='bbox 2163 733 2297 804; x_wconf 88' lang='grc' dir='ltr'>ρίως</span> <span class='ocrx_word' id='word_1_147' title='bbox 2336 731 2466 796; x_wconf 79' lang='grc' dir='ltr'>Υἱὸς</span> <span class='ocrx_word' id='word_1_148' title='bbox 2486 731 2584 786; x_wconf 88' lang='grc' dir='ltr'><strong>τοῦ</strong></span> <span class='ocrx_word' id='word_1_149' title='bbox 2614 731 2790 786; x_wconf 80' lang='grc' dir='ltr'><strong>ἁπλοῦ</strong></span> <span class='ocrx_word' id='word_1_150' title='bbox 2823 734 2920 788; x_wconf 72' lang='grc' dir='ltr'>καὶ</span> <span class='ocrx_word' id='word_1_151' title='bbox 2945 734 3332 806; x_wconf 83' lang='grc' dir='ltr'>ἀπεριγράφου</span> <span class='ocrx_word' id='word_1_152' title='bbox 3359 737 3609 807; x_wconf 86' lang='grc' dir='ltr'>Πατρός·</span> <span class='ocrx_word' id='word_1_153' title='bbox 3638 740 3756 793; x_wconf 73' lang='grc' dir='ltr'><strong>πᾶν</strong></span> 
     </span>
    </p>
   </div>
   <div class='ocr_carea' id='block_1_25' title="bbox 2163 826 3758 901">
    <p class='ocr_par' dir='ltr' id='par_1_25' title="bbox 2163 826 3758 901">
     <span class='ocr_line' id='line_1_25' title="bbox 2163 826 3758 901; baseline 0.003 -21"><span class='ocrx_word' id='word_1_154' title='bbox 2163 826 2272 898; x_wconf 81' lang='grc' dir='ltr'>ἄρα</span> <span class='ocrx_word' id='word_1_155' title='bbox 2313 826 2377 879; x_wconf 81' lang='grc' dir='ltr'>τὸ</span> <span class='ocrx_word' id='word_1_156' title='bbox 2429 826 2814 897; x_wconf 81' lang='grc' dir='ltr'><strong>συντιθέμενον</strong></span> <span class='ocrx_word' id='word_1_157' title='bbox 2845 827 3046 898; x_wconf 78' lang='grc' dir='ltr'>ἑτέρῳ,</span> <span class='ocrx_word' id='word_1_158' title='bbox 3086 829 3188 882; x_wconf 84' lang='grc' dir='ltr'>οὐκ</span> <span class='ocrx_word' id='word_1_159' title='bbox 3235 829 3353 882; x_wconf 74' lang='grc' dir='ltr'>ἐστι</span> <span class='ocrx_word' id='word_1_160' title='bbox 3381 831 3590 901; x_wconf 81' lang='grc' dir='ltr'><strong>κυρίως</strong></span> <span class='ocrx_word' id='word_1_161' title='bbox 3623 832 3758 895; x_wconf 79' lang='grc' dir='ltr'><strong>Υἱὸς</strong></span> 
     </span>
    </p>
   </div>
   <div class='ocr_carea' id='block_1_26' title="bbox 2161 917 3758 995">
    <p class='ocr_par' dir='ltr' id='par_1_26' title="bbox 2161 917 3758 995">
     <span class='ocr_line' id='line_1_26' title="bbox 2161 917 3758 995; baseline 0.004 -23"><span class='ocrx_word' id='word_1_162' title='bbox 2161 917 2258 972; x_wconf 86' lang='grc' dir='ltr'><strong>τοῦ</strong></span> <span class='ocrx_word' id='word_1_163' title='bbox 2306 917 2480 973; x_wconf 82' lang='grc' dir='ltr'><strong>ἁπλοῦ</strong></span> <span class='ocrx_word' id='word_1_164' title='bbox 2530 919 2627 973; x_wconf 66' lang='grc' dir='ltr'>καὶ</span> <span class='ocrx_word' id='word_1_165' title='bbox 2670 921 3059 992; x_wconf 87' lang='grc' dir='ltr'>ἀπεριγράφου</span> <span class='ocrx_word' id='word_1_166' title='bbox 3122 922 3360 995; x_wconf 86' lang='grc' dir='ltr'>Πατρός.</span> <span class='ocrx_word' id='word_1_167' title='bbox 3416 924 3478 977; x_wconf 80' lang='lat' dir='ltr'><strong>Ei</strong></span> <span class='ocrx_word' id='word_1_168' title='bbox 3527 923 3584 976; x_wconf 81' lang='grc' dir='ltr'>δὲ</span> <span class='ocrx_word' id='word_1_169' title='bbox 3641 927 3758 978; x_wconf 79' lang='grc' dir='ltr'>πᾶν</span> 
     </span>
    </p>
   </div>
   <div class='ocr_carea' id='block_1_27' title="bbox 2166 1011 3758 1088">
    <p class='ocr_par' dir='ltr' id='par_1_27' title="bbox 2166 1011 3758 1088">
     <span class='ocr_line' id='line_1_27' title="bbox 2166 1011 3758 1088; baseline 0.003 -24"><span class='ocrx_word' id='word_1_170' title='bbox 2166 1011 2552 1082; x_wconf 79' lang='grc' dir='ltr'><strong>συντιθέμενον</strong></span> <span class='ocrx_word' id='word_1_171' title='bbox 2581 1013 2756 1085; x_wconf 81' lang='grc' dir='ltr'><strong>ἑτέρῳ</strong></span> <span class='ocrx_word' id='word_1_172' title='bbox 2788 1015 2890 1067; x_wconf 82' lang='grc' dir='ltr'>οὐκ</span> <span class='ocrx_word' id='word_1_173' title='bbox 2925 1015 3041 1068; x_wconf 75' lang='grc' dir='ltr'>ἔστι</span> <span class='ocrx_word' id='word_1_174' title='bbox 3067 1016 3277 1088; x_wconf 80' lang='grc' dir='ltr'><strong>κυρίως</strong></span> <span class='ocrx_word' id='word_1_175' title='bbox 3295 1016 3422 1080; x_wconf 73' lang='grc' dir='ltr'>Υἱὸς</span> <span class='ocrx_word' id='word_1_176' title='bbox 3448 1018 3543 1070; x_wconf 86' lang='grc' dir='ltr'><strong>τοῦ</strong></span> <span class='ocrx_word' id='word_1_177' title='bbox 3574 1017 3758 1071; x_wconf 80' lang='grc' dir='ltr'>ἁπλοῦ</span> 
     </span>
    </p>
   </div>
   <div class='ocr_carea' id='block_1_28' title="bbox 2165 1093 3760 1178">
    <p class='ocr_par' dir='ltr' id='par_1_28' title="bbox 2165 1093 3760 1178">
     <span class='ocr_line' id='line_1_28' title="bbox 2165 1093 3760 1178; baseline 0.005 -23"><span class='ocrx_word' id='word_1_178' title='bbox 2165 1103 2262 1156; x_wconf 83' lang='grc' dir='ltr'>καὶ</span> <span class='ocrx_word' id='word_1_179' title='bbox 2295 1105 2678 1175; x_wconf 86' lang='grc' dir='ltr'>ἀπεριγράφου</span> <span class='ocrx_word' id='word_1_180' title='bbox 2714 1093 2948 1176; x_wconf 82' lang='grc' dir='ltr'>Πατρὸς,</span> <span class='ocrx_word' id='word_1_181' title='bbox 2973 1106 3034 1160; x_wconf 87' lang='grc' dir='ltr'><strong>οὺ</strong></span> <span class='ocrx_word' id='word_1_182' title='bbox 3070 1107 3330 1178; x_wconf 79' lang='grc' dir='ltr'><strong>συνετέθη</strong></span> <span class='ocrx_word' id='word_1_183' title='bbox 3362 1111 3392 1162; x_wconf 98' lang='lat'><strong>6</strong></span> <span class='ocrx_word' id='word_1_184' title='bbox 3422 1109 3554 1171; x_wconf 85' lang='grc' dir='ltr'>Θεὸς</span> <span class='ocrx_word' id='word_1_185' title='bbox 3577 1110 3760 1178; x_wconf 81' lang='grc' dir='ltr'><strong>Λόγος</strong></span> 
     </span>
    </p>
   </div>
   <div class='ocr_carea' id='block_1_29' title="bbox 2165 1195 3759 1273">
    <p class='ocr_par' dir='ltr' id='par_1_29' title="bbox 2165 1195 3759 1273">
     <span class='ocr_line' id='line_1_29' title="bbox 2165 1195 3759 1273; baseline 0.006 -25"><span class='ocrx_word' id='word_1_186' title='bbox 2165 1195 2244 1265; x_wconf 82' lang='grc' dir='ltr'><strong>τῷ</strong></span> <span class='ocrx_word' id='word_1_187' title='bbox 2274 1196 2331 1262; x_wconf 78' lang='grc' dir='ltr'><strong>ἐξ</strong></span> <span class='ocrx_word' id='word_1_188' title='bbox 2376 1195 2536 1266; x_wconf 75' lang='grc' dir='ltr'>ἡμῶν</span> <span class='ocrx_word' id='word_1_189' title='bbox 2587 1196 2864 1269; x_wconf 83' lang='grc' dir='ltr'><strong>ἀνθρώπῳ</strong></span> <span class='ocrx_word' id='word_1_190' title='bbox 2917 1199 3127 1270; x_wconf 90' lang='grc' dir='ltr'>κυρίως</span> <span class='ocrx_word' id='word_1_191' title='bbox 3181 1200 3448 1273; x_wconf 83' lang='grc' dir='ltr'><strong>ὑπάρχων</strong></span> <span class='ocrx_word' id='word_1_192' title='bbox 3494 1201 3624 1266; x_wconf 64' lang='grc' dir='ltr'>Υῶς</span> <span class='ocrx_word' id='word_1_193' title='bbox 3656 1202 3759 1256; x_wconf 82' lang='grc' dir='ltr'><strong>τοῦ</strong></span> 
     </span>
    </p>
   </div>
   <div class='ocr_carea' id='block_1_30' title="bbox 2169 1287 3756 1365">
    <p class='ocr_par' dir='ltr' id='par_1_30' title="bbox 2169 1287 3756 1365">
     <span class='ocr_line' id='line_1_30' title="bbox 2169 1287 3756 1365; baseline 0.004 -23"><span class='ocrx_word' id='word_1_194' title='bbox 2169 1287 2414 1359; x_wconf 83' lang='grc' dir='ltr'><strong>Πατρός·</strong></span> <span class='ocrx_word' id='word_1_195' title='bbox 2445 1287 2479 1358; x_wconf 84' lang='grc' dir='ltr'>ἢ</span> <span class='ocrx_word' id='word_1_196' title='bbox 2513 1288 2816 1355; x_wconf 73' lang='grc' dir='ltr'>συντεθεὶς,</span> <span class='ocrx_word' id='word_1_197' title='bbox 2863 1291 2926 1346; x_wconf 81' lang='grc' dir='ltr'>οὐ</span> <span class='ocrx_word' id='word_1_198' title='bbox 2961 1292 3170 1364; x_wconf 82' lang='grc' dir='ltr'>κυρίως</span> <span class='ocrx_word' id='word_1_199' title='bbox 3207 1293 3447 1365; x_wconf 80' lang='grc' dir='ltr'><strong>ὑπάρχει</strong></span> <span class='ocrx_word' id='word_1_200' title='bbox 3493 1293 3589 1348; x_wconf 84' lang='grc' dir='ltr'><strong>τοῦ</strong></span> <span class='ocrx_word' id='word_1_201' title='bbox 3643 1297 3756 1349; x_wconf 84' lang='grc' dir='ltr'><strong>Πα-</strong></span> 
     </span>
    </p>
   </div>
   <div class='ocr_carea' id='block_1_31' title="bbox 2166 1380 3760 1459">
    <p class='ocr_par' dir='ltr' id='par_1_31' title="bbox 2166 1380 3760 1459">
     <span class='ocr_line' id='line_1_31' title="bbox 2166 1380 3760 1459; baseline 0.004 -25"><span class='ocrx_word' id='word_1_202' title='bbox 2166 1380 2296 1452; x_wconf 87' lang='grc' dir='ltr'>τρὸς</span> <span class='ocrx_word' id='word_1_203' title='bbox 2332 1381 2464 1446; x_wconf 81' lang='grc' dir='ltr'>Υἱὸς</span> <span class='ocrx_word' id='word_1_204' title='bbox 2505 1382 2535 1435; x_wconf 86' lang='grc' dir='ltr'><strong>ὁ</strong></span> <span class='ocrx_word' id='word_1_205' title='bbox 2568 1381 2703 1447; x_wconf 78' lang='grc' dir='ltr'><strong>Θεὸς</strong></span> <span class='ocrx_word' id='word_1_206' title='bbox 2730 1384 2928 1452; x_wconf 87' lang='grc' dir='ltr'><strong>Λόγος,</strong></span> <span class='ocrx_word' id='word_1_207' title='bbox 2952 1385 3095 1456; x_wconf 82' lang='grc' dir='ltr'>ὅπερ</span> <span class='ocrx_word' id='word_1_208' title='bbox 3134 1386 3351 1449; x_wconf 83' lang='grc' dir='ltr'>ἀσεϐές.</span> <span class='ocrx_word' id='word_1_209' title='bbox 3388 1387 3524 1450; x_wconf 87' lang='grc' dir='ltr'>Ταῖς</span> <span class='ocrx_word' id='word_1_210' title='bbox 3553 1389 3760 1459; x_wconf 82' lang='grc' dir='ltr'>ὑμετέ-</span> 
     </span>
    </p>
   </div>
   <div class='ocr_carea' id='block_1_32' title="bbox 2173 1472 3761 1548">
    <p class='ocr_par' dir='ltr' id='par_1_32' title="bbox 2173 1472 3761 1548">
     <span class='ocr_line' id='line_1_32' title="bbox 2173 1472 3761 1548; baseline 0.004 -23"><span class='ocrx_word' id='word_1_211' title='bbox 2173 1489 2295 1544; x_wconf 85' lang='grc' dir='ltr'>ραις</span> <span class='ocrx_word' id='word_1_212' title='bbox 2374 1472 2539 1528; x_wconf 85' lang='grc' dir='ltr'>πάλιν</span> <span class='ocrx_word' id='word_1_213' title='bbox 2615 1477 3132 1548; x_wconf 87' lang='grc' dir='ltr'>συμπεριαγόμενοι</span> <span class='ocrx_word' id='word_1_214' title='bbox 3199 1478 3602 1548; x_wconf 78' lang='grc' dir='ltr'><strong>ταυτολογίαις,</strong></span> <span class='ocrx_word' id='word_1_215' title='bbox 3661 1479 3761 1533; x_wconf 78' lang='grc' dir='ltr'>καὶ</span> 
     </span>
    </p>
   </div>
   <div class='ocr_carea' id='block_1_33' title="bbox 2168 1564 3761 1644">
    <p class='ocr_par' dir='ltr' id='par_1_33' title="bbox 2168 1564 3761 1644">
     <span class='ocr_line' id='line_1_33' title="bbox 2168 1564 3761 1644; baseline 0.004 -25"><span class='ocrx_word' id='word_1_216' title='bbox 2168 1568 2334 1637; x_wconf 80' lang='grc' dir='ltr'>ἡμεῖς</span> <span class='ocrx_word' id='word_1_217' title='bbox 2375 1583 2588 1638; x_wconf 85' lang='grc' dir='ltr'>φαμεν·</span> <span class='ocrx_word' id='word_1_218' title='bbox 2630 1569 2796 1636; x_wconf 82' lang='grc' dir='ltr'>Ἀλλ’,</span> <span class='ocrx_word' id='word_1_219' title='bbox 2843 1564 2889 1625; x_wconf 82' lang='grc' dir='ltr'>ὧ</span> <span class='ocrx_word' id='word_1_220' title='bbox 2935 1565 3106 1635; x_wconf 75' lang='grc' dir='ltr'>οὗτοι,</span> <span class='ocrx_word' id='word_1_221' title='bbox 3137 1573 3200 1625; x_wconf 82' lang='grc' dir='ltr'>οὐ</span> <span class='ocrx_word' id='word_1_222' title='bbox 3229 1573 3338 1625; x_wconf 85' lang='grc' dir='ltr'><strong>πᾶν</strong></span> <span class='ocrx_word' id='word_1_223' title='bbox 3368 1573 3761 1644; x_wconf 83' lang='grc' dir='ltr'>συντιθέμενον</span> 
     </span>
    </p>
   </div>
   <div class='ocr_carea' id='block_1_34' title="bbox 2171 1657 3761 1732">
    <p class='ocr_par' dir='ltr' id='par_1_34' title="bbox 2171 1657 3761 1732">
     <span class='ocr_line' id='line_1_34' title="bbox 2171 1657 3761 1732; baseline 0.003 -22"><span class='ocrx_word' id='word_1_224' title='bbox 2171 1657 2368 1728; x_wconf 80' lang='grc' dir='ltr'><strong>ἑτέρῳ,</strong></span> <span class='ocrx_word' id='word_1_225' title='bbox 2412 1658 2754 1730; x_wconf 85' lang='grc' dir='ltr'>έτεροούσιόν</span> <span class='ocrx_word' id='word_1_226' title='bbox 2784 1661 2905 1714; x_wconf 72' lang='grc' dir='ltr'>ἐστι</span> <span class='ocrx_word' id='word_1_227' title='bbox 2943 1659 3023 1732; x_wconf 82' lang='grc' dir='ltr'><strong>τῷ</strong></span> <span class='ocrx_word' id='word_1_228' title='bbox 3062 1660 3219 1732; x_wconf 82' lang='grc' dir='ltr'><strong>ἁπλῷ</strong></span> <span class='ocrx_word' id='word_1_229' title='bbox 3257 1660 3352 1715; x_wconf 80' lang='grc' dir='ltr'>καὶ</span> <span class='ocrx_word' id='word_1_230' title='bbox 3383 1661 3761 1732; x_wconf 63' lang='grc' dir='ltr'>ἀπριγράφῳ</span> 
     </span>
    </p>
   </div>
   <div class='ocr_carea' id='block_1_35' title="bbox 2173 1751 3760 1826">
    <p class='ocr_par' dir='ltr' id='par_1_35' title="bbox 2173 1751 3760 1826">
     <span class='ocr_line' id='line_1_35' title="bbox 2173 1751 3760 1826; baseline 0.002 -23"><span class='ocrx_word' id='word_1_231' title='bbox 2173 1751 2352 1820; x_wconf 85' lang='grc' dir='ltr'>Πατρί</span> <span class='ocrx_word' id='word_1_232' title='bbox 2371 1767 2386 1783; x_wconf 89' lang='grc'><strong>·</strong></span> <span class='ocrx_word' id='word_1_233' title='bbox 2411 1751 2508 1805; x_wconf 79' lang='grc' dir='ltr'>καὶ</span> <span class='ocrx_word' id='word_1_234' title='bbox 2537 1753 2648 1816; x_wconf 78' lang='grc' dir='ltr'>πᾶς</span> <span class='ocrx_word' id='word_1_235' title='bbox 2678 1752 2837 1824; x_wconf 78' lang='grc' dir='ltr'>ὑμῶν</span> <span class='ocrx_word' id='word_1_236' title='bbox 2869 1754 2967 1807; x_wconf 78' lang='grc' dir='ltr'>καὶ</span> <span class='ocrx_word' id='word_1_237' title='bbox 2999 1755 3028 1808; x_wconf 92' lang='lat'><strong>6</strong></span> <span class='ocrx_word' id='word_1_238' title='bbox 3060 1753 3252 1826; x_wconf 87' lang='grc' dir='ltr'>παρὼν</span> <span class='ocrx_word' id='word_1_239' title='bbox 3287 1755 3599 1824; x_wconf 86' lang='grc' dir='ltr'>ἀναιρεῖται</span> <span class='ocrx_word' id='word_1_240' title='bbox 3629 1754 3760 1807; x_wconf 76' lang='grc' dir='ltr'>συλ‹</span> 
     </span>
    </p>
   </div>
   <div class='ocr_carea' id='block_1_36' title="bbox 2172 1841 3763 1915">
    <p class='ocr_par' dir='ltr' id='par_1_36' title="bbox 2172 1841 3763 1915">
     <span class='ocr_line' id='line_1_36' title="bbox 2172 1841 3763 1915; baseline 0.002 -20"><span class='ocrx_word' id='word_1_241' title='bbox 2172 1841 2458 1913; x_wconf 80' lang='grc' dir='ltr'>λογισμὸς,</span> <span class='ocrx_word' id='word_1_242' title='bbox 2496 1844 2596 1915; x_wconf 85' lang='grc' dir='ltr'>τῆς</span> <span class='ocrx_word' id='word_1_243' title='bbox 2623 1843 2853 1915; x_wconf 80' lang='grc' dir='ltr'>πρώτης</span> <span class='ocrx_word' id='word_1_244' title='bbox 2880 1845 3047 1900; x_wconf 83' lang='grc' dir='ltr'>αὐτοῦ</span> <span class='ocrx_word' id='word_1_245' title='bbox 3081 1846 3402 1915; x_wconf 82' lang='grc' dir='ltr'>προτάσεως</span> <span class='ocrx_word' id='word_1_246' title='bbox 3426 1845 3763 1913; x_wconf 85' lang='grc' dir='ltr'>ἀνατραπεί-</span> 
     </span>
    </p>
   </div>
   <div class='ocr_carea' id='block_1_37' title="bbox 2175 1937 3728 2012">
    <p class='ocr_par' dir='ltr' id='par_1_37' title="bbox 2175 1937 3728 2012">
     <span class='ocr_line' id='line_1_37' title="bbox 2175 1937 3728 2012; baseline 0 -20"><span class='ocrx_word' id='word_1_247' title='bbox 2175 1953 2305 2006; x_wconf 85' lang='grc' dir='ltr'>σης·</span> <span class='ocrx_word' id='word_1_248' title='bbox 2335 1937 2493 1991; x_wconf 76' lang='grc' dir='ltr'>οὐδὲν</span> <span class='ocrx_word' id='word_1_249' title='bbox 2539 1937 2650 2010; x_wconf 88' lang='grc' dir='ltr'><strong>γάρ</strong></span> <span class='ocrx_word' id='word_1_250' title='bbox 2683 1939 3080 1994; x_wconf 85' lang='grc' dir='ltr'>ἀκατάπτωτον</span> <span class='ocrx_word' id='word_1_251' title='bbox 3127 1939 3280 2012; x_wconf 88' lang='grc' dir='ltr'>μένει</span> <span class='ocrx_word' id='word_1_252' title='bbox 3331 1939 3426 1994; x_wconf 86' lang='grc' dir='ltr'><strong>τοῦ</strong></span> <span class='ocrx_word' id='word_1_253' title='bbox 3467 1939 3728 2010; x_wconf 73' lang='grc' dir='ltr'>οίκοδομὴ</span> 
     </span>
    </p>
   </div>
   <div class='ocr_carea' id='block_1_38' title="bbox 2177 2029 3763 2102">
    <p class='ocr_par' dir='ltr' id='par_1_38' title="bbox 2177 2029 3763 2102">
     <span class='ocr_line' id='line_1_38' title="bbox 2177 2029 3763 2102; baseline 0 -20"><span class='ocrx_word' id='word_1_254' title='bbox 2177 2045 2372 2099; x_wconf 83' lang='grc' dir='ltr'>ματος,</span> <span class='ocrx_word' id='word_1_255' title='bbox 2428 2029 2541 2083; x_wconf 87' lang='grc' dir='ltr'><strong>τῶν</strong></span> <span class='ocrx_word' id='word_1_256' title='bbox 2585 2029 2858 2101; x_wconf 82' lang='grc' dir='ltr'>θεμελίων</span> <span class='ocrx_word' id='word_1_257' title='bbox 2910 2032 2976 2085; x_wconf 78' lang='grc' dir='ltr'>ὲκ</span> <span class='ocrx_word' id='word_1_258' title='bbox 3028 2030 3251 2102; x_wconf 79' lang='grc' dir='ltr'><strong>βάθρων</strong></span> <span class='ocrx_word' id='word_1_259' title='bbox 3299 2045 3763 2101; x_wconf 62' lang='grc' dir='ltr'>προανατετρπμ-</span> 
     </span>
    </p>
   </div>
   <div class='ocr_carea' id='block_1_39' title="bbox 2174 2120 3764 2194">
    <p class='ocr_par' dir='ltr' id='par_1_39' title="bbox 2174 2120 3764 2194">
     <span class='ocr_line' id='line_1_39' title="bbox 2174 2120 3764 2194; baseline -0.001 -20"><span class='ocrx_word' id='word_1_260' title='bbox 2174 2121 2373 2190; x_wconf 88' lang='grc' dir='ltr'>μένων.</span> <span class='ocrx_word' id='word_1_261' title='bbox 2409 2122 2472 2175; x_wconf 81' lang='lat' dir='ltr'><strong>Oi</strong></span> <span class='ocrx_word' id='word_1_262' title='bbox 2502 2121 2560 2175; x_wconf 74' lang='grc' dir='ltr'>δὲ</span> <span class='ocrx_word' id='word_1_263' title='bbox 2596 2121 2730 2194; x_wconf 82' lang='grc' dir='ltr'>παρ’</span> <span class='ocrx_word' id='word_1_264' title='bbox 2759 2123 2976 2188; x_wconf 77' lang='grc' dir='ltr'>ἑαυτοῖς</span> <span class='ocrx_word' id='word_1_265' title='bbox 3004 2123 3102 2177; x_wconf 73' lang='grc' dir='ltr'>καὶ</span> <span class='ocrx_word' id='word_1_266' title='bbox 3132 2122 3294 2194; x_wconf 81' lang='grc' dir='ltr'>μόνον</span> <span class='ocrx_word' id='word_1_267' title='bbox 3323 2123 3600 2193; x_wconf 83' lang='grc' dir='ltr'>φρόνιμοι,</span> <span class='ocrx_word' id='word_1_268' title='bbox 3630 2120 3764 2174; x_wconf 78' lang='grc' dir='ltr'>πολ-</span> 
     </span>
    </p>
   </div>
   <div class='ocr_carea' id='block_1_40' title="bbox 486 2212 3764 2290">
    <p class='ocr_par' dir='ltr' id='par_1_40' title="bbox 486 2212 3764 2290">
     <span class='ocr_line' id='line_1_40' title="bbox 486 2212 3764 2290; baseline -0.002 -14"><span class='ocrx_word' id='word_1_269' title='bbox 486 2223 643 2288; x_wconf 80' lang='grc' dir='ltr'>λάκις</span> <span class='ocrx_word' id='word_1_270' title='bbox 671 2226 784 2285; x_wconf 85' lang='grc' dir='ltr'>τοῖς</span> <span class='ocrx_word' id='word_1_271' title='bbox 815 2219 1096 2281; x_wconf 90' lang='grc' dir='ltr'>ἀϐεϐαίοις</span> <span class='ocrx_word' id='word_1_272' title='bbox 1144 2217 1638 2290; x_wconf 77' lang='grc' dir='ltr'>ὲνισχυριζὸμενοι,</span> <span class='ocrx_word' id='word_1_273' title='bbox 1670 2215 1826 2273; x_wconf 80' lang='grc' dir='ltr'>οὐδὲν</span> <span class='ocrx_word' id='word_1_274' title='bbox 1871 2212 2062 2286; x_wconf 66' lang='grc' dir='ltr'>ἕτερον</span> <span class='ocrx_word' id='word_1_275' title='bbox 2098 2213 2321 2271; x_wconf 84' lang='grc' dir='ltr'>δοκοῦσι</span> <span class='ocrx_word' id='word_1_276' title='bbox 2353 2218 2553 2285; x_wconf 81' lang='grc' dir='ltr'>ποιεῖν,</span> <span class='ocrx_word' id='word_1_277' title='bbox 2580 2217 2616 2290; x_wconf 74' lang='grc' dir='ltr'>ἢ</span> <span class='ocrx_word' id='word_1_278' title='bbox 2645 2218 2733 2289; x_wconf 74' lang='grc' dir='ltr'><strong>ἐφ’</strong></span> <span class='ocrx_word' id='word_1_279' title='bbox 2792 2217 2988 2284; x_wconf 83' lang='grc' dir='ltr'>ὕδατος</span> <span class='ocrx_word' id='word_1_280' title='bbox 3056 2219 3313 2290; x_wconf 79' lang='grc' dir='ltr'>γράφειν,</span> <span class='ocrx_word' id='word_1_281' title='bbox 3347 2219 3442 2272; x_wconf 73' lang='grc' dir='ltr'><strong>καὶ</strong></span> <span class='ocrx_word' id='word_1_282' title='bbox 3478 2220 3622 2272; x_wconf 89' lang='grc' dir='ltr'><strong>κατά</strong></span> <span class='ocrx_word' id='word_1_283' title='bbox 3648 2233 3764 2269; x_wconf 85' lang='grc' dir='ltr'>πυ-</span> 
     </span>
    </p>
   </div>
   <div class='ocr_carea' id='block_1_41' title="bbox 489 2311 1482 2387">
    <p class='ocr_par' dir='ltr' id='par_1_41' title="bbox 489 2311 1482 2387">
     <span class='ocr_line' id='line_1_41' title="bbox 489 2311 1482 2387; baseline -0.004 -17"><span class='ocrx_word' id='word_1_284' title='bbox 489 2317 581 2387; x_wconf 79' lang='grc' dir='ltr'>ρὸς</span> <span class='ocrx_word' id='word_1_285' title='bbox 611 2315 833 2382; x_wconf 80' lang='grc' dir='ltr'>ξαίνειν,</span> <span class='ocrx_word' id='word_1_286' title='bbox 861 2316 953 2368; x_wconf 75' lang='grc' dir='ltr'>καὶ</span> <span class='ocrx_word' id='word_1_287' title='bbox 981 2315 1061 2378; x_wconf 80' lang='grc' dir='ltr'><strong>είς</strong></span> <span class='ocrx_word' id='word_1_288' title='bbox 1087 2313 1226 2385; x_wconf 82' lang='grc' dir='ltr'>ἀέρα</span> <span class='ocrx_word' id='word_1_289' title='bbox 1251 2311 1482 2382; x_wconf 88' lang='grc' dir='ltr'>δαίρειν.</span> 
     </span>
    </p>
   </div>
   <div class='ocr_carea' id='block_1_42' title="bbox 1135 2445 1431 2504">
    <p class='ocr_par' dir='ltr' id='par_1_42' title="bbox 1135 2445 1431 2504">
     <span class='ocr_line' id='line_1_42' title="bbox 1135 2445 1431 2504; baseline -0.003 0"><span class='ocrx_word' id='word_1_290' title='bbox 1135 2447 1292 2504; x_wconf 86' lang='lat' dir='ltr'><strong>CAP.</strong></span> <span class='ocrx_word' id='word_1_291' title='bbox 1340 2445 1431 2503; x_wconf 87' lang='lat' dir='ltr'><strong>IV.</strong></span> 
     </span>
    </p>
   </div>
   <div class='ocr_carea' id='block_1_43' title="bbox 558 2561 2073 2636">
    <p class='ocr_par' dir='ltr' id='par_1_43' title="bbox 558 2561 2073 2636">
     <span class='ocr_line' id='line_1_43' title="bbox 558 2561 2073 2636; baseline -0.005 -12"><span class='ocrx_word' id='word_1_292' title='bbox 558 2567 734 2624; x_wconf 90' lang='lat' dir='ltr'><strong>Omne</strong></span> <span class='ocrx_word' id='word_1_293' title='bbox 779 2564 1151 2636; x_wconf 88' lang='lat' dir='ltr'><strong>quodcunque</strong></span> <span class='ocrx_word' id='word_1_294' title='bbox 1198 2565 1361 2619; x_wconf 89' lang='lat' dir='ltr'><strong>alteri</strong></span> <span class='ocrx_word' id='word_1_295' title='bbox 1391 2563 1650 2626; x_wconf 89' lang='lat' dir='ltr'><strong>unitum,</strong></span> <span class='ocrx_word' id='word_1_296' title='bbox 1705 2561 1871 2616; x_wconf 89' lang='lat' dir='ltr'><strong>modo</strong></span> <span class='ocrx_word' id='word_1_297' title='bbox 1924 2569 2073 2617; x_wconf 90' lang='lat' dir='ltr'><strong>cata-</strong></span> 
     </span>
    </p>
   </div>
   <div class='ocr_carea' id='block_1_44' title="bbox 488 2652 2072 2725">
    <p class='ocr_par' dir='ltr' id='par_1_44' title="bbox 488 2652 2072 2725">
     <span class='ocr_line' id='line_1_44' title="bbox 488 2652 2072 2725; baseline -0.006 -10"><span class='ocrx_word' id='word_1_298' title='bbox 488 2661 705 2715; x_wconf 89' lang='lat' dir='ltr'><strong>chresis</strong></span> <span class='ocrx_word' id='word_1_299' title='bbox 737 2658 944 2712; x_wconf 90' lang='lat' dir='ltr'><strong>dicitur</strong></span> <span class='ocrx_word' id='word_1_300' title='bbox 968 2696 983 2718; x_wconf 91' lang='lat'><strong>,</strong></span> <span class='ocrx_word' id='word_1_301' title='bbox 1045 2655 1318 2725; x_wconf 88' lang='lat' dir='ltr'><strong>siquidem</strong></span> <span class='ocrx_word' id='word_1_302' title='bbox 1348 2655 1557 2710; x_wconf 88' lang='lat' dir='ltr'><strong>dicitur</strong></span> <span class='ocrx_word' id='word_1_303' title='bbox 1581 2653 1756 2708; x_wconf 89' lang='lat' dir='ltr'><strong>Filius</strong></span> <span class='ocrx_word' id='word_1_304' title='bbox 1804 2652 2072 2722; x_wconf 89' lang='lat' dir='ltr'><strong>simplicis</strong></span> 
     </span>
    </p>
   </div>
   <div class='ocr_carea' id='block_1_45' title="bbox 491 2743 2073 2820">
    <p class='ocr_par' dir='ltr' id='par_1_45' title="bbox 491 2743 2073 2820">
     <span class='ocr_line' id='line_1_45' title="bbox 491 2743 2073 2820; baseline -0.004 -13"><span class='ocrx_word' id='word_1_305' title='bbox 491 2750 806 2820; x_wconf 89' lang='lat' dir='ltr'><strong>inllnitique</strong></span> <span class='ocrx_word' id='word_1_306' title='bbox 828 2749 1044 2815; x_wconf 85' lang='lat' dir='ltr'><strong>Patris;</strong></span> <span class='ocrx_word' id='word_1_307' title='bbox 1080 2763 1244 2802; x_wconf 90' lang='lat' dir='ltr'><strong>omne</strong></span> <span class='ocrx_word' id='word_1_308' title='bbox 1292 2756 1477 2801; x_wconf 88' lang='lat' dir='ltr'><strong>autem</strong></span> <span class='ocrx_word' id='word_1_309' title='bbox 1521 2746 1686 2819; x_wconf 82' lang='lat' dir='ltr'><strong>modo</strong></span> <span class='ocrx_word' id='word_1_310' title='bbox 1735 2743 2073 2800; x_wconf 83' lang='lat' dir='ltr'><strong>catachresis</strong></span> 
     </span>
    </p>
   </div>
   <div class='ocr_carea' id='block_1_46' title="bbox 489 2836 2072 2910">
    <p class='ocr_par' dir='ltr' id='par_1_46' title="bbox 489 2836 2072 2910">
     <span class='ocr_line' id='line_1_46' title="bbox 489 2836 2072 2910; baseline -0.003 -14"><span class='ocrx_word' id='word_1_311' title='bbox 489 2844 700 2898; x_wconf 88' lang='lat' dir='ltr'><strong>dictum</strong></span> <span class='ocrx_word' id='word_1_312' title='bbox 725 2841 896 2896; x_wconf 88' lang='lat' dir='ltr'><strong>Filius</strong></span> <span class='ocrx_word' id='word_1_313' title='bbox 918 2840 1189 2910; x_wconf 89' lang='lat' dir='ltr'><strong>simplicis</strong></span> <span class='ocrx_word' id='word_1_314' title='bbox 1221 2839 1535 2909; x_wconf 90' lang='lat' dir='ltr'><strong>inﬁnitique</strong></span> <span class='ocrx_word' id='word_1_315' title='bbox 1567 2837 1768 2898; x_wconf 87' lang='lat' dir='ltr'><strong>Patris.</strong></span> <span class='ocrx_word' id='word_1_316' title='bbox 1803 2836 2072 2907; x_wconf 86' lang='lat' dir='ltr'><strong>simplicis</strong></span> 
     </span>
    </p>
   </div>
   <div class='ocr_carea' id='block_1_47' title="bbox 492 2927 2074 3004">
    <p class='ocr_par' dir='ltr' id='par_1_47' title="bbox 492 2927 2074 3004">
     <span class='ocr_line' id='line_1_47' title="bbox 492 2927 2074 3004; baseline -0.004 -14"><span class='ocrx_word' id='word_1_317' title='bbox 492 2933 804 3004; x_wconf 84' lang='lat' dir='ltr'><strong>inﬁnitique</strong></span> <span class='ocrx_word' id='word_1_318' title='bbox 826 2933 1004 2988; x_wconf 85' lang='lat' dir='ltr'><strong>Patris</strong></span> <span class='ocrx_word' id='word_1_319' title='bbox 1031 2932 1254 3002; x_wconf 84' lang='lat' dir='ltr'><strong>preprie</strong></span> <span class='ocrx_word' id='word_1_320' title='bbox 1276 2941 1535 2987; x_wconf 86' lang='lat' dir='ltr'><strong>creatura</strong></span> <span class='ocrx_word' id='word_1_321' title='bbox 1581 2938 1688 2985; x_wconf 91' lang='lat' dir='ltr'><strong>est.</strong></span> <span class='ocrx_word' id='word_1_322' title='bbox 1731 2927 1906 2985; x_wconf 90' lang='lat' dir='ltr'><strong>Omne</strong></span> <span class='ocrx_word' id='word_1_323' title='bbox 1940 2942 2074 2999; x_wconf 80' lang='lat' dir='ltr'><strong>ergo</strong></span> 
     </span>
    </p>
   </div>
   <div class='ocr_carea' id='block_1_48' title="bbox 490 3020 2075 3096">
    <p class='ocr_par' dir='ltr' id='par_1_48' title="bbox 490 3020 2075 3096">
     <span class='ocr_line' id='line_1_48' title="bbox 490 3020 2075 3096; baseline -0.005 -13"><span class='ocrx_word' id='word_1_324' title='bbox 490 3028 649 3084; x_wconf 84' lang='lat' dir='ltr'><strong>alteri</strong></span> <span class='ocrx_word' id='word_1_325' title='bbox 676 3028 914 3089; x_wconf 88' lang='lat' dir='ltr'><strong>unitum,</strong></span> <span class='ocrx_word' id='word_1_326' title='bbox 950 3025 1174 3096; x_wconf 89' lang='lat' dir='ltr'><strong>proprie</strong></span> <span class='ocrx_word' id='word_1_327' title='bbox 1201 3033 1455 3080; x_wconf 85' lang='lat' dir='ltr'><strong>creatura</strong></span> <span class='ocrx_word' id='word_1_328' title='bbox 1497 3032 1583 3080; x_wconf 89' lang='lat' dir='ltr'><strong>est</strong></span> <span class='ocrx_word' id='word_1_329' title='bbox 1607 3022 1874 3093; x_wconf 88' lang='lat' dir='ltr'><strong>simplicis</strong></span> <span class='ocrx_word' id='word_1_330' title='bbox 1896 3020 2075 3076; x_wconf 88' lang='lat' dir='ltr'><strong>inﬁni-</strong></span> 
     </span>
    </p>
   </div>
   <div class='ocr_carea' id='block_1_49' title="bbox 492 3115 2078 3193">
    <p class='ocr_par' dir='ltr' id='par_1_49' title="bbox 492 3115 2078 3193">
     <span class='ocr_line' id='line_1_49' title="bbox 492 3115 2078 3193; baseline -0.004 -16"><span class='ocrx_word' id='word_1_331' title='bbox 492 3123 646 3193; x_wconf 90' lang='lat' dir='ltr'><strong>tique</strong></span> <span class='ocrx_word' id='word_1_332' title='bbox 677 3119 891 3187; x_wconf 83' lang='lat' dir='ltr'><strong>Patris;</strong></span> <span class='ocrx_word' id='word_1_333' title='bbox 921 3119 967 3173; x_wconf 89' lang='lat' dir='ltr'><strong>si</strong></span> <span class='ocrx_word' id='word_1_334' title='bbox 1012 3129 1197 3174; x_wconf 91' lang='lat' dir='ltr'><strong>autem</strong></span> <span class='ocrx_word' id='word_1_335' title='bbox 1229 3118 1336 3172; x_wconf 88' lang='lat' dir='ltr'><strong>hoc</strong></span> <span class='ocrx_word' id='word_1_336' title='bbox 1371 3117 1448 3172; x_wconf 90' lang='lat' dir='ltr'><strong>ita</strong></span> <span class='ocrx_word' id='word_1_337' title='bbox 1493 3117 1586 3181; x_wconf 89' lang='lat' dir='ltr'><strong>sit,</strong></span> <span class='ocrx_word' id='word_1_338' title='bbox 1622 3130 1735 3170; x_wconf 89' lang='lat' dir='ltr'><strong>non</strong></span> <span class='ocrx_word' id='word_1_339' title='bbox 1771 3115 1964 3170; x_wconf 91' lang='lat' dir='ltr'><strong>unitus</strong></span> <span class='ocrx_word' id='word_1_340' title='bbox 1990 3123 2078 3170; x_wconf 87' lang='lat' dir='ltr'><strong>est</strong></span> 
     </span>
    </p>
   </div>
   <div class='ocr_carea' id='block_1_50' title="bbox 2793 2446 3184 2504">
    <p class='ocr_par' dir='ltr' id='par_1_50' title="bbox 2793 2446 3184 2504">
     <span class='ocr_line' id='line_1_50' title="bbox 2793 2446 3184 2504; baseline 0.003 0"><span class='ocrx_word' id='word_1_341' title='bbox 2793 2447 3054 2504; x_wconf 78' lang='grc' dir='ltr'><strong>ΚΕΦΑΔ.</strong></span> <span class='ocrx_word' id='word_1_342' title='bbox 3106 2446 3184 2504; x_wconf 84' lang='grc' dir='ltr'><strong>Δ’.</strong></span> 
     </span>
    </p>
   </div>
   <div class='ocr_carea' id='block_1_51' title="bbox 2247 2556 3764 2637">
    <p class='ocr_par' dir='ltr' id='par_1_51' title="bbox 2247 2556 3764 2637">
     <span class='ocr_line' id='line_1_51' title="bbox 2247 2556 3764 2637; baseline 0.005 -26"><span class='ocrx_word' id='word_1_343' title='bbox 2247 2556 2365 2612; x_wconf 78' lang='grc' dir='ltr'><strong>Πᾶν</strong></span> <span class='ocrx_word' id='word_1_344' title='bbox 2396 2559 2579 2615; x_wconf 78' lang='grc' dir='ltr'>ὁτιοῦν</span> <span class='ocrx_word' id='word_1_345' title='bbox 2623 2560 3012 2632; x_wconf 79' lang='grc' dir='ltr'><strong>συντιθέμενον</strong></span> <span class='ocrx_word' id='word_1_346' title='bbox 3054 2563 3252 2637; x_wconf 80' lang='grc' dir='ltr'>ἑτέρῳ,</span> <span class='ocrx_word' id='word_1_347' title='bbox 3297 2564 3764 2637; x_wconf 84' lang='grc' dir='ltr'>καταχρηστικῶς</span> 
     </span>
    </p>
   </div>
   <div class='ocr_carea' id='block_1_52' title="bbox 2177 2647 3764 2725">
    <p class='ocr_par' dir='ltr' id='par_1_52' title="bbox 2177 2647 3764 2725">
     <span class='ocr_line' id='line_1_52' title="bbox 2177 2647 3764 2725; baseline 0.006 -25"><span class='ocrx_word' id='word_1_348' title='bbox 2177 2663 2296 2711; x_wconf 85' lang='grc' dir='ltr'><strong>πως</strong></span> <span class='ocrx_word' id='word_1_349' title='bbox 2321 2647 2565 2717; x_wconf 90' lang='grc' dir='ltr'>λέγεται,</span> <span class='ocrx_word' id='word_1_350' title='bbox 2602 2651 2762 2725; x_wconf 80' lang='grc' dir='ltr'>είπερ</span> <span class='ocrx_word' id='word_1_351' title='bbox 2796 2654 2892 2708; x_wconf 80' lang='grc' dir='ltr'>καὶ</span> <span class='ocrx_word' id='word_1_352' title='bbox 2922 2652 3142 2724; x_wconf 90' lang='grc' dir='ltr'>λέγεται</span> <span class='ocrx_word' id='word_1_353' title='bbox 3168 2655 3297 2720; x_wconf 86' lang='grc' dir='ltr'>Υίδς</span> <span class='ocrx_word' id='word_1_354' title='bbox 3331 2657 3427 2710; x_wconf 88' lang='grc' dir='ltr'><strong>τοῦ</strong></span> <span class='ocrx_word' id='word_1_355' title='bbox 3457 2656 3632 2710; x_wconf 76' lang='grc' dir='ltr'>ἁπλοῦ</span> <span class='ocrx_word' id='word_1_356' title='bbox 3661 2657 3764 2710; x_wconf 82' lang='grc' dir='ltr'>καὶ</span> 
     </span>
    </p>
   </div>
   <div class='ocr_carea' id='block_1_53' title="bbox 2176 2738 3764 2820">
    <p class='ocr_par' dir='ltr' id='par_1_53' title="bbox 2176 2738 3764 2820">
     <span class='ocr_line' id='line_1_53' title="bbox 2176 2738 3764 2820; baseline 0.008 -29"><span class='ocrx_word' id='word_1_357' title='bbox 2176 2738 2566 2813; x_wconf 88' lang='grc' dir='ltr'>ἀπεριγράφου</span> <span class='ocrx_word' id='word_1_358' title='bbox 2622 2745 2871 2815; x_wconf 86' lang='grc' dir='ltr'>Πατρός·</span> <span class='ocrx_word' id='word_1_359' title='bbox 2905 2746 3014 2799; x_wconf 79' lang='grc' dir='ltr'>πᾶν</span> <span class='ocrx_word' id='word_1_360' title='bbox 3068 2746 3128 2800; x_wconf 82' lang='grc' dir='ltr'>δὲ</span> <span class='ocrx_word' id='word_1_361' title='bbox 3183 2747 3246 2801; x_wconf 84' lang='grc' dir='ltr'>τὸ</span> <span class='ocrx_word' id='word_1_362' title='bbox 3298 2748 3764 2820; x_wconf 75' lang='grc' dir='ltr'>καταχρηστικῶς</span> 
     </span>
    </p>
   </div>
   <div class='ocr_carea' id='block_1_54' title="bbox 2178 2833 3763 2912">
    <p class='ocr_par' dir='ltr' id='par_1_54' title="bbox 2178 2833 3763 2912">
     <span class='ocr_line' id='line_1_54' title="bbox 2178 2833 3763 2912; baseline 0.005 -26"><span class='ocrx_word' id='word_1_363' title='bbox 2178 2849 2298 2896; x_wconf 89' lang='grc' dir='ltr'><strong>πως</strong></span> <span class='ocrx_word' id='word_1_364' title='bbox 2335 2833 2633 2906; x_wconf 86' lang='grc' dir='ltr'>λεγόμενον</span> <span class='ocrx_word' id='word_1_365' title='bbox 2669 2837 2798 2900; x_wconf 83' lang='grc' dir='ltr'>Υίὸς</span> <span class='ocrx_word' id='word_1_366' title='bbox 2848 2835 2946 2890; x_wconf 89' lang='grc' dir='ltr'><strong>τοῦ</strong></span> <span class='ocrx_word' id='word_1_367' title='bbox 3004 2838 3178 2892; x_wconf 85' lang='grc' dir='ltr'>ἁπλοῦ</span> <span class='ocrx_word' id='word_1_368' title='bbox 3239 2841 3334 2894; x_wconf 70' lang='grc' dir='ltr'>καὶ</span> <span class='ocrx_word' id='word_1_369' title='bbox 3377 2841 3763 2912; x_wconf 85' lang='grc' dir='ltr'>ἀπεριγράφου</span> 
     </span>
    </p>
   </div>
   <div class='ocr_carea' id='block_1_55' title="bbox 2179 2925 3764 3005">
    <p class='ocr_par' dir='ltr' id='par_1_55' title="bbox 2179 2925 3764 3005">
     <span class='ocr_line' id='line_1_55' title="bbox 2179 2925 3764 3005; baseline 0.006 -27"><span class='ocrx_word' id='word_1_370' title='bbox 2179 2925 2415 2997; x_wconf 82' lang='grc' dir='ltr'>Πατρὺς,</span> <span class='ocrx_word' id='word_1_371' title='bbox 2447 2929 2657 2999; x_wconf 85' lang='grc' dir='ltr'>κυρίως</span> <span class='ocrx_word' id='word_1_372' title='bbox 2688 2927 2897 3000; x_wconf 84' lang='grc' dir='ltr'>κτίσμα</span> <span class='ocrx_word' id='word_1_373' title='bbox 2919 2928 3016 2983; x_wconf 88' lang='grc' dir='ltr'><strong>τοῦ</strong></span> <span class='ocrx_word' id='word_1_374' title='bbox 3048 2930 3219 2984; x_wconf 82' lang='grc' dir='ltr'>ἁπλοῦ</span> <span class='ocrx_word' id='word_1_375' title='bbox 3259 2933 3356 2986; x_wconf 77' lang='grc' dir='ltr'>καὶ</span> <span class='ocrx_word' id='word_1_376' title='bbox 3376 2933 3764 3005; x_wconf 86' lang='grc' dir='ltr'>ἀπεριγράφου</span> 
     </span>
    </p>
   </div>
   <div class='ocr_carea' id='block_1_56' title="bbox 2180 3018 3762 3099">
    <p class='ocr_par' dir='ltr' id='par_1_56' title="bbox 2180 3018 3762 3099">
     <span class='ocr_line' id='line_1_56' title="bbox 2180 3018 3762 3099; baseline 0.006 -27"><span class='ocrx_word' id='word_1_377' title='bbox 2180 3019 2394 3092; x_wconf 81' lang='grc' dir='ltr'>Πατρδς</span> <span class='ocrx_word' id='word_1_378' title='bbox 2423 3020 2684 3093; x_wconf 82' lang='grc' dir='ltr'><strong>ὑπάρχει.</strong></span> <span class='ocrx_word' id='word_1_379' title='bbox 2716 3023 2834 3078; x_wconf 79' lang='grc' dir='ltr'><strong>Πᾶν</strong></span> <span class='ocrx_word' id='word_1_380' title='bbox 2877 3018 2971 3078; x_wconf 85' lang='grc' dir='ltr'><strong>οῦν</strong></span> <span class='ocrx_word' id='word_1_381' title='bbox 3009 3024 3121 3094; x_wconf 85' lang='grc' dir='ltr'><strong>ἀρα</strong></span> <span class='ocrx_word' id='word_1_382' title='bbox 3151 3025 3537 3096; x_wconf 81' lang='grc' dir='ltr'>συντιθέμενον</span> <span class='ocrx_word' id='word_1_383' title='bbox 3563 3027 3762 3099; x_wconf 72' lang='grc' dir='ltr'>ἑτέρῳ,</span> 
     </span>
    </p>
   </div>
   <div class='ocr_carea' id='block_1_57' title="bbox 2180 3112 3765 3189">
    <p class='ocr_par' dir='ltr' id='par_1_57' title="bbox 2180 3112 3765 3189">
     <span class='ocr_line' id='line_1_57' title="bbox 2180 3112 3765 3189; baseline 0.004 -24"><span class='ocrx_word' id='word_1_384' title='bbox 2180 3112 2392 3184; x_wconf 89' lang='grc' dir='ltr'>κυρίως</span> <span class='ocrx_word' id='word_1_385' title='bbox 2419 3113 2633 3185; x_wconf 88' lang='grc' dir='ltr'>κτίσμα</span> <span class='ocrx_word' id='word_1_386' title='bbox 2662 3115 2759 3168; x_wconf 86' lang='grc' dir='ltr'><strong>τοῦ</strong></span> <span class='ocrx_word' id='word_1_387' title='bbox 2791 3115 2964 3170; x_wconf 82' lang='grc' dir='ltr'>ἁπλοῦ</span> <span class='ocrx_word' id='word_1_388' title='bbox 2997 3117 3092 3172; x_wconf 71' lang='grc' dir='ltr'>καὶ</span> <span class='ocrx_word' id='word_1_389' title='bbox 3123 3117 3510 3189; x_wconf 88' lang='grc' dir='ltr'>ἀπεριγράφου</span> <span class='ocrx_word' id='word_1_390' title='bbox 3547 3119 3765 3189; x_wconf 82' lang='grc' dir='ltr'>Πατρδς</span> 
     </span>
    </p>
   </div>
   <div class='ocr_carea' id='block_1_58' title="bbox 491 3204 2071 3283">
    <p class='ocr_par' dir='ltr' id='par_1_58' title="bbox 491 3207 2071 3278">
     <span class='ocr_line' id='line_1_58' title="bbox 491 3207 2071 3278; baseline -0.006 -6"><span class='ocrx_word' id='word_1_391' title='bbox 491 3217 639 3272; x_wconf 87' lang='lat' dir='ltr'><strong>Deus</strong></span> <span class='ocrx_word' id='word_1_392' title='bbox 663 3214 830 3270; x_wconf 91' lang='lat' dir='ltr'><strong>alicui</strong></span> <span class='ocrx_word' id='word_1_393' title='bbox 860 3229 928 3269; x_wconf 88' lang='lat' dir='ltr'><strong>ex</strong></span> <span class='ocrx_word' id='word_1_394' title='bbox 956 3213 1140 3278; x_wconf 92' lang='lat' dir='ltr'><strong>nobis,</strong></span> <span class='ocrx_word' id='word_1_395' title='bbox 1163 3227 1289 3266; x_wconf 88' lang='lat' dir='ltr'><strong>cum</strong></span> <span class='ocrx_word' id='word_1_396' title='bbox 1311 3211 1384 3266; x_wconf 87' lang='lat' dir='ltr'><strong>sit</strong></span> <span class='ocrx_word' id='word_1_397' title='bbox 1416 3209 1664 3264; x_wconf 90' lang='lat' dir='ltr'><strong>omnium</strong></span> <span class='ocrx_word' id='word_1_398' title='bbox 1703 3207 1935 3264; x_wconf 87' lang='lat' dir='ltr'><strong>Creator</strong></span> <span class='ocrx_word' id='word_1_399' title='bbox 1974 3222 2071 3263; x_wconf 87' lang='lat' dir='ltr'><strong>nec</strong></span> 
     </span>
    </p>
   </div>
   <div class='ocr_carea' id='block_1_59' title="bbox 2176 3204 3769 3283">
    <p class='ocr_par' dir='ltr' id='par_1_59' title="bbox 2179 3204 3769 3283">
     <span class='ocr_line' id='line_1_59' title="bbox 2179 3204 3769 3283; baseline 0.004 -25"><span class='ocrx_word' id='word_1_400' title='bbox 2179 3204 2437 3275; x_wconf 76' lang='grc' dir='ltr'>ὑπάρχει.</span> <span class='ocrx_word' id='word_1_401' title='bbox 2474 3206 2539 3260; x_wconf 82' lang='lat' dir='ltr'><strong>El</strong></span> <span class='ocrx_word' id='word_1_402' title='bbox 2585 3206 2644 3262; x_wconf 82' lang='grc' dir='ltr'>δὲ</span> <span class='ocrx_word' id='word_1_403' title='bbox 2673 3208 2836 3262; x_wconf 85' lang='grc' dir='ltr'>τοῦτο</span> <span class='ocrx_word' id='word_1_404' title='bbox 2885 3206 2943 3283; x_wconf 76' lang='grc' dir='ltr'>ᾖ,</span> <span class='ocrx_word' id='word_1_405' title='bbox 2969 3209 3031 3262; x_wconf 83' lang='grc' dir='ltr'>οὐ</span> <span class='ocrx_word' id='word_1_406' title='bbox 3069 3209 3336 3280; x_wconf 78' lang='grc' dir='ltr'><strong>συνετέθη</strong></span> <span class='ocrx_word' id='word_1_407' title='bbox 3367 3212 3396 3265; x_wconf 87' lang='grc' dir='ltr'>ὁ</span> <span class='ocrx_word' id='word_1_408' title='bbox 3435 3211 3567 3275; x_wconf 81' lang='grc' dir='ltr'><strong>Θεὸς</strong></span> <span class='ocrx_word' id='word_1_409' title='bbox 3594 3209 3674 3281; x_wconf 84' lang='grc' dir='ltr'>τῷ</span> <span class='ocrx_word' id='word_1_410' title='bbox 3702 3210 3769 3275; x_wconf 70' lang='grc' dir='ltr'><strong>ἐξ</strong></span> 
     </span>
    </p>
   </div>
   <div class='ocr_carea' id='block_1_60' title="bbox 490 3302 2077 3371">
    <p class='ocr_par' dir='ltr' id='par_1_60' title="bbox 490 3302 2077 3371">
     <span class='ocr_line' id='line_1_60' title="bbox 490 3302 2077 3371; baseline -0.006 -5"><span class='ocrx_word' id='word_1_411' title='bbox 490 3320 746 3366; x_wconf 86' lang='lat' dir='ltr'><strong>creatura</strong></span> <span class='ocrx_word' id='word_1_412' title='bbox 764 3307 974 3371; x_wconf 87' lang='lat' dir='ltr'><strong>Patris;</strong></span> <span class='ocrx_word' id='word_1_413' title='bbox 1001 3307 1084 3361; x_wconf 91' lang='lat' dir='ltr'><strong>sin</strong></span> <span class='ocrx_word' id='word_1_414' title='bbox 1109 3314 1302 3363; x_wconf 89' lang='lat' dir='ltr'><strong>contra</strong></span> <span class='ocrx_word' id='word_1_415' title='bbox 1328 3304 1538 3364; x_wconf 83' lang='lat' dir='ltr'><strong>unitus.</strong></span> <span class='ocrx_word' id='word_1_416' title='bbox 1564 3309 1817 3358; x_wconf 87' lang='lat' dir='ltr'><strong>creatura</strong></span> <span class='ocrx_word' id='word_1_417' title='bbox 1841 3311 1926 3358; x_wconf 92' lang='lat' dir='ltr'><strong>est</strong></span> <span class='ocrx_word' id='word_1_418' title='bbox 1952 3302 2077 3357; x_wconf 87' lang='lat' dir='ltr'><strong>sim-</strong></span> 
     </span>
    </p>
   </div>
   <div class='ocr_carea' id='block_1_61' title="bbox 491 3395 2074 3474">
    <p class='ocr_par' dir='ltr' id='par_1_61' title="bbox 491 3395 2074 3474">
     <span class='ocr_line' id='line_1_61' title="bbox 491 3395 2074 3474; baseline -0.006 -16"><span class='ocrx_word' id='word_1_419' title='bbox 491 3403 653 3474; x_wconf 90' lang='lat' dir='ltr'><strong>plicis</strong></span> <span class='ocrx_word' id='word_1_420' title='bbox 691 3419 755 3458; x_wconf 89' lang='lat' dir='ltr'><strong>ac</strong></span> <span class='ocrx_word' id='word_1_421' title='bbox 789 3401 1012 3464; x_wconf 89' lang='lat' dir='ltr'><strong>inﬁniti,</strong></span> <span class='ocrx_word' id='word_1_422' title='bbox 1037 3416 1141 3455; x_wconf 89' lang='lat' dir='ltr'><strong>nec</strong></span> <span class='ocrx_word' id='word_1_423' title='bbox 1161 3398 1384 3469; x_wconf 88' lang='lat' dir='ltr'><strong>proprie</strong></span> <span class='ocrx_word' id='word_1_424' title='bbox 1410 3397 1600 3462; x_wconf 87' lang='lat' dir='ltr'><strong>Filius,</strong></span> <span class='ocrx_word' id='word_1_425' title='bbox 1635 3395 1784 3466; x_wconf 92' lang='lat' dir='ltr'><strong>quod</strong></span> <span class='ocrx_word' id='word_1_426' title='bbox 1807 3404 1892 3450; x_wconf 85' lang='lat' dir='ltr'><strong>est</strong></span> <span class='ocrx_word' id='word_1_427' title='bbox 1921 3395 2074 3450; x_wconf 72' lang='lat' dir='ltr'><strong>blas~</strong></span> 
     </span>
    </p>
   </div>
   <div class='ocr_carea' id='block_1_62' title="bbox 490 3485 2076 3566">
    <p class='ocr_par' dir='ltr' id='par_1_62' title="bbox 490 3485 2076 3566">
     <span class='ocr_line' id='line_1_62' title="bbox 490 3485 2076 3566; baseline -0.008 -16"><span class='ocrx_word' id='word_1_428' title='bbox 490 3495 731 3566; x_wconf 88' lang='lat' dir='ltr'><strong>phemia.</strong></span> <span class='ocrx_word' id='word_1_429' title='bbox 763 3493 882 3548; x_wconf 83' lang='lat' dir='ltr'><strong>Non</strong></span> <span class='ocrx_word' id='word_1_430' title='bbox 913 3490 1308 3547; x_wconf 89' lang='lat' dir='ltr'><strong>demonstratis</strong></span> <span class='ocrx_word' id='word_1_431' title='bbox 1371 3487 1573 3542; x_wconf 89' lang='lat' dir='ltr'><strong>vestris</strong></span> <span class='ocrx_word' id='word_1_432' title='bbox 1601 3485 1834 3541; x_wconf 77' lang='lat' dir='ltr'><strong>axiomis</strong></span> <span class='ocrx_word' id='word_1_433' title='bbox 1861 3499 2076 3554; x_wconf 87' lang='lat' dir='ltr'><strong>semper</strong></span> 
     </span>
    </p>
   </div>
   <div class='ocr_carea' id='block_1_63' title="bbox 491 3571 2078 3657">
    <p class='ocr_par' dir='ltr' id='par_1_63' title="bbox 491 3571 2078 3657">
     <span class='ocr_line' id='line_1_63' title="bbox 491 3571 2078 3657; baseline -0.011 -15"><span class='ocrx_word' id='word_1_434' title='bbox 491 3600 773 3657; x_wconf 89' lang='lat' dir='ltr'><strong>opponere</strong></span> <span class='ocrx_word' id='word_1_435' title='bbox 803 3583 1080 3638; x_wconf 84' lang='lat' dir='ltr'><strong>aﬁirmant</strong></span> <span class='ocrx_word' id='word_1_436' title='bbox 1106 3580 1435 3652; x_wconf 88' lang='lat' dir='ltr'><strong>simpliciter</strong></span> <span class='ocrx_word' id='word_1_437' title='bbox 1461 3578 1706 3648; x_wconf 89' lang='lat' dir='ltr'><strong>aliquam</strong></span> <span class='ocrx_word' id='word_1_438' title='bbox 1744 3571 2078 3646; x_wconf 91' lang='lat' dir='ltr'><strong>propositio-</strong></span> 
     </span>
    </p>
   </div>
   <div class='ocr_carea' id='block_1_64' title="bbox 492 3662 2078 3746">
    <p class='ocr_par' dir='ltr' id='par_1_64' title="bbox 492 3662 2078 3746">
     <span class='ocr_line' id='line_1_64' title="bbox 492 3662 2078 3746; baseline -0.01 -14"><span class='ocrx_word' id='word_1_439' title='bbox 492 3693 620 3734; x_wconf 72' lang='lat' dir='ltr'><strong>nem</strong></span> <span class='ocrx_word' id='word_1_440' title='bbox 653 3677 922 3746; x_wconf 88' lang='lat' dir='ltr'><strong>ipsorum.</strong></span> <span class='ocrx_word' id='word_1_441' title='bbox 957 3673 1227 3729; x_wconf 81' lang='lat' dir='ltr'><strong>Asserunt</strong></span> <span class='ocrx_word' id='word_1_442' title='bbox 1253 3680 1440 3726; x_wconf 90' lang='lat' dir='ltr'><strong>autem</strong></span> <span class='ocrx_word' id='word_1_443' title='bbox 1483 3666 1925 3727; x_wconf 82' lang='lat' dir='ltr'><strong>allirmationem,</strong></span> <span class='ocrx_word' id='word_1_444' title='bbox 1954 3662 2078 3717; x_wconf 88' lang='lat' dir='ltr'><strong>nul-</strong></span> 
     </span>
    </p>
   </div>
   <div class='ocr_carea' id='block_1_65' title="bbox 491 3761 2079 3840">
    <p class='ocr_par' dir='ltr' id='par_1_65' title="bbox 491 3761 2079 3840">
     <span class='ocr_line' id='line_1_65' title="bbox 491 3761 2079 3840; baseline -0.01 -14"><span class='ocrx_word' id='word_1_445' title='bbox 491 3772 579 3826; x_wconf 92' lang='lat' dir='ltr'><strong>lus</strong></span> <span class='ocrx_word' id='word_1_446' title='bbox 602 3785 735 3840; x_wconf 82' lang='lat' dir='ltr'><strong>ergo</strong></span> <span class='ocrx_word' id='word_1_447' title='bbox 767 3769 926 3824; x_wconf 89' lang='lat' dir='ltr'><strong>labor</strong></span> <span class='ocrx_word' id='word_1_448' title='bbox 952 3775 1038 3821; x_wconf 91' lang='lat' dir='ltr'><strong>est</strong></span> <span class='ocrx_word' id='word_1_449' title='bbox 1068 3762 1493 3821; x_wconf 86' lang='lat' dir='ltr'><strong>contradicenti.</strong></span> <span class='ocrx_word' id='word_1_450' title='bbox 1526 3761 1708 3818; x_wconf 86' lang='lat' dir='ltr'><strong>Prima</strong></span> <span class='ocrx_word' id='word_1_451' title='bbox 1729 3766 1887 3815; x_wconf 88' lang='lat' dir='ltr'><strong>erant</strong></span> <span class='ocrx_word' id='word_1_452' title='bbox 1913 3771 2079 3827; x_wconf 81' lang='lat' dir='ltr'><strong>gene-</strong></span> 
     </span>
    </p>
   </div>
   <div class='ocr_carea' id='block_1_66' title="bbox 490 3849 2073 3932">
    <p class='ocr_par' dir='ltr' id='par_1_66' title="bbox 490 3849 2073 3932">
     <span class='ocr_line' id='line_1_66' title="bbox 490 3849 2073 3932; baseline -0.009 -15"><span class='ocrx_word' id='word_1_453' title='bbox 490 3878 614 3917; x_wconf 88' lang='lat' dir='ltr'><strong>rose</strong></span> <span class='ocrx_word' id='word_1_454' title='bbox 631 3859 957 3932; x_wconf 82' lang='lat' dir='ltr'><strong>proferenda</strong></span> <span class='ocrx_word' id='word_1_455' title='bbox 974 3857 1152 3923; x_wconf 87' lang='lat' dir='ltr'><strong>vobis,</strong></span> <span class='ocrx_word' id='word_1_456' title='bbox 1170 3872 1239 3912; x_wconf 91' lang='lat' dir='ltr'><strong>ne</strong></span> <span class='ocrx_word' id='word_1_457' title='bbox 1251 3855 1495 3912; x_wconf 89' lang='lat' dir='ltr'><strong>secunda</strong></span> <span class='ocrx_word' id='word_1_458' title='bbox 1511 3853 1749 3924; x_wconf 87' lang='lat' dir='ltr'><strong>turpiter</strong></span> <span class='ocrx_word' id='word_1_459' title='bbox 1765 3849 2073 3914; x_wconf 80' lang='lat' dir='ltr'><strong>inferretis;</strong></span> 
     </span>
    </p>
   </div>
   <div class='ocr_carea' id='block_1_67' title="bbox 489 3945 2077 4022">
    <p class='ocr_par' dir='ltr' id='par_1_67' title="bbox 489 3945 2077 4022">
     <span class='ocr_line' id='line_1_67' title="bbox 489 3945 2077 4022; baseline -0.008 -12"><span class='ocrx_word' id='word_1_460' title='bbox 489 3971 618 4010; x_wconf 89' lang='lat' dir='ltr'><strong>cum</strong></span> <span class='ocrx_word' id='word_1_461' title='bbox 635 3956 780 4010; x_wconf 90' lang='lat' dir='ltr'><strong>enim</strong></span> <span class='ocrx_word' id='word_1_462' title='bbox 800 3953 854 4007; x_wconf 95' lang='lat' dir='ltr'><strong>in</strong></span> <span class='ocrx_word' id='word_1_463' title='bbox 871 3951 1064 4022; x_wconf 90' lang='lat' dir='ltr'><strong>primis</strong></span> <span class='ocrx_word' id='word_1_464' title='bbox 1079 3950 1364 4007; x_wconf 68' lang='lat' dir='ltr'><strong>sententia:</strong></span> <span class='ocrx_word' id='word_1_465' title='bbox 1373 3957 1571 4004; x_wconf 73' lang='lat' dir='ltr'><strong>vestrae</strong></span> <span class='ocrx_word' id='word_1_466' title='bbox 1591 3945 1855 4002; x_wconf 82' lang='lat' dir='ltr'><strong>radicitus</strong></span> <span class='ocrx_word' id='word_1_467' title='bbox 1868 3956 2077 4000; x_wconf 69' lang='lat' dir='ltr'><strong>eversa:</strong></span> 
     </span>
    </p>
   </div>
   <div class='ocr_carea' id='block_1_68' title="bbox 490 4037 2075 4112">
    <p class='ocr_par' dir='ltr' id='par_1_68' title="bbox 490 4037 2075 4112">
     <span class='ocr_line' id='line_1_68' title="bbox 490 4037 2075 4112; baseline -0.009 -10"><span class='ocrx_word' id='word_1_468' title='bbox 490 4048 696 4112; x_wconf 81' lang='lat' dir='ltr'><strong>forent,</strong></span> <span class='ocrx_word' id='word_1_469' title='bbox 747 4047 977 4101; x_wconf 89' lang='lat' dir='ltr'><strong>stultum</strong></span> <span class='ocrx_word' id='word_1_470' title='bbox 1025 4043 1312 4099; x_wconf 88' lang='lat' dir='ltr'><strong>videretur</strong></span> <span class='ocrx_word' id='word_1_471' title='bbox 1345 4041 1413 4096; x_wconf 92' lang='lat' dir='ltr'><strong>de</strong></span> <span class='ocrx_word' id='word_1_472' title='bbox 1457 4037 1716 4094; x_wconf 89' lang='lat' dir='ltr'><strong>secundis</strong></span> <span class='ocrx_word' id='word_1_473' title='bbox 1750 4037 2075 4106; x_wconf 89' lang='lat' dir='ltr'><strong>plerumque</strong></span> 
     </span>
    </p>
   </div>
   <div class='ocr_carea' id='block_1_69' title="bbox 489 4125 2074 4208">
    <p class='ocr_par' dir='ltr' id='par_1_69' title="bbox 489 4125 2074 4208">
     <span class='ocr_line' id='line_1_69' title="bbox 489 4125 2074 4208; baseline -0.01 -14"><span class='ocrx_word' id='word_1_474' title='bbox 489 4140 651 4195; x_wconf 80' lang='lat' dir='ltr'><strong>vobis</strong></span> <span class='ocrx_word' id='word_1_475' title='bbox 703 4136 1064 4208; x_wconf 90' lang='lat' dir='ltr'><strong>respondere,</strong></span> <span class='ocrx_word' id='word_1_476' title='bbox 1109 4133 1385 4204; x_wconf 90' lang='lat' dir='ltr'><strong>siquidem</strong></span> <span class='ocrx_word' id='word_1_477' title='bbox 1432 4131 1618 4187; x_wconf 89' lang='lat' dir='ltr'><strong>omnia</strong></span> <span class='ocrx_word' id='word_1_478' title='bbox 1658 4138 1861 4191; x_wconf 90' lang='lat' dir='ltr'><strong>vestra,</strong></span> <span class='ocrx_word' id='word_1_479' title='bbox 1903 4125 2074 4180; x_wconf 90' lang='lat' dir='ltr'><strong>etiam</strong></span> 
     </span>
    </p>
   </div>
   <div class='ocr_carea' id='block_1_70' title="bbox 492 4221 2070 4297">
    <p class='ocr_par' dir='ltr' id='par_1_70' title="bbox 492 4221 2070 4297">
     <span class='ocr_line' id='line_1_70' title="bbox 492 4221 2070 4297; baseline -0.011 -9"><span class='ocrx_word' id='word_1_480' title='bbox 492 4235 686 4297; x_wconf 83' lang='lat' dir='ltr'><strong>hocce,</strong></span> <span class='ocrx_word' id='word_1_481' title='bbox 709 4229 1002 4285; x_wconf 85' lang='lat' dir='ltr'><strong>ratiocinia</strong></span> <span class='ocrx_word' id='word_1_482' title='bbox 1031 4227 1085 4282; x_wconf 89' lang='lat' dir='ltr'><strong>vi</strong></span> <span class='ocrx_word' id='word_1_483' title='bbox 1116 4226 1306 4297; x_wconf 63' lang='lat' dir='ltr'><strong>primae</strong></span> <span class='ocrx_word' id='word_1_484' title='bbox 1325 4232 1522 4279; x_wconf 67' lang='lat' dir='ltr'><strong>vestra:</strong></span> <span class='ocrx_word' id='word_1_485' title='bbox 1545 4221 1773 4278; x_wconf 89' lang='lat' dir='ltr'><strong>rationis</strong></span> <span class='ocrx_word' id='word_1_486' title='bbox 1792 4221 2070 4276; x_wconf 90' lang='lat' dir='ltr'><strong>nituntur.</strong></span> 
     </span>
    </p>
   </div>
   <div class='ocr_carea' id='block_1_71' title="bbox 484 4312 2074 4384">
    <p class='ocr_par' dir='ltr' id='par_1_71' title="bbox 484 4312 2074 4384">
     <span class='ocr_line' id='line_1_71' title="bbox 484 4312 2074 4384; baseline -0.011 -1"><span class='ocrx_word' id='word_1_487' title='bbox 484 4327 765 4384; x_wconf 75' lang='lat' dir='ltr'><strong>Caeterum</strong></span> <span class='ocrx_word' id='word_1_488' title='bbox 793 4329 978 4376; x_wconf 89' lang='lat' dir='ltr'><strong>autem</strong></span> <span class='ocrx_word' id='word_1_489' title='bbox 1011 4335 1136 4374; x_wconf 90' lang='lat' dir='ltr'><strong>cum</strong></span> <span class='ocrx_word' id='word_1_490' title='bbox 1173 4333 1318 4373; x_wconf 91' lang='lat' dir='ltr'><strong>unus</strong></span> <span class='ocrx_word' id='word_1_491' title='bbox 1350 4324 1562 4371; x_wconf 88' lang='lat' dir='ltr'><strong>tantum</strong></span> <span class='ocrx_word' id='word_1_492' title='bbox 1609 4315 1680 4370; x_wconf 88' lang='lat' dir='ltr'><strong>sit</strong></span> <span class='ocrx_word' id='word_1_493' title='bbox 1715 4328 1883 4368; x_wconf 91' lang='lat' dir='ltr'><strong>verus</strong></span> <span class='ocrx_word' id='word_1_494' title='bbox 1901 4312 2074 4367; x_wconf 84' lang='lat' dir='ltr'><strong>Filius</strong></span> 
     </span>
    </p>
   </div>
   <div class='ocr_carea' id='block_1_72' title="bbox 490 4404 2077 4482">
    <p class='ocr_par' dir='ltr' id='par_1_72' title="bbox 490 4404 2077 4482">
     <span class='ocr_line' id='line_1_72' title="bbox 490 4404 2077 4482; baseline -0.01 -9"><span class='ocrx_word' id='word_1_495' title='bbox 490 4417 712 4474; x_wconf 84' lang='lat' dir='ltr'><strong>inﬁnito</strong></span> <span class='ocrx_word' id='word_1_496' title='bbox 743 4414 895 4470; x_wconf 90' lang='lat' dir='ltr'><strong>Patri</strong></span> <span class='ocrx_word' id='word_1_497' title='bbox 954 4412 1185 4482; x_wconf 87' lang='lat' dir='ltr'><strong>ipseque</strong></span> <span class='ocrx_word' id='word_1_498' title='bbox 1227 4411 1299 4465; x_wconf 90' lang='lat' dir='ltr'><strong>sit</strong></span> <span class='ocrx_word' id='word_1_499' title='bbox 1331 4408 1544 4474; x_wconf 87' lang='lat' dir='ltr'><strong>unitus,</strong></span> <span class='ocrx_word' id='word_1_500' title='bbox 1575 4405 1852 4478; x_wconf 88' lang='lat' dir='ltr'><strong>quomodo</strong></span> <span class='ocrx_word' id='word_1_501' title='bbox 1883 4404 2077 4460; x_wconf 89' lang='lat' dir='ltr'><strong>catho-</strong></span> 
     </span>
    </p>
   </div>
   <div class='ocr_carea' id='block_1_73' title="bbox 491 4493 2072 4568">
    <p class='ocr_par' dir='ltr' id='par_1_73' title="bbox 491 4493 2072 4568">
     <span class='ocr_line' id='line_1_73' title="bbox 491 4493 2072 4568; baseline -0.012 -1"><span class='ocrx_word' id='word_1_502' title='bbox 491 4512 614 4568; x_wconf 71' lang='lat' dir='ltr'><strong>lica:</strong></span> <span class='ocrx_word' id='word_1_503' title='bbox 635 4507 901 4563; x_wconf 63' lang='lat' dir='ltr'><strong>doctrinae</strong></span> <span class='ocrx_word' id='word_1_504' title='bbox 919 4501 1409 4559; x_wconf 89' lang='lat' dir='ltr'><strong>demonstrandum</strong></span> <span class='ocrx_word' id='word_1_505' title='bbox 1436 4506 1603 4563; x_wconf 88' lang='lat' dir='ltr'><strong>esset,</strong></span> <span class='ocrx_word' id='word_1_506' title='bbox 1628 4511 1741 4552; x_wconf 90' lang='lat' dir='ltr'><strong>non</strong></span> <span class='ocrx_word' id='word_1_507' title='bbox 1767 4494 1912 4550; x_wconf 93' lang='lat' dir='ltr'><strong>uniri</strong></span> <span class='ocrx_word' id='word_1_508' title='bbox 1930 4493 2072 4548; x_wconf 89' lang='lat' dir='ltr'><strong>ﬁlios</strong></span> 
     </span>
    </p>
   </div>
   <div class='ocr_carea' id='block_1_74' title="bbox 491 4586 2074 4676">
    <p class='ocr_par' dir='ltr' id='par_1_74' title="bbox 491 4586 2074 4676">
     <span class='ocr_line' id='line_1_74' title="bbox 491 4586 2074 4676; baseline -0.012 -17"><span class='ocrx_word' id='word_1_509' title='bbox 491 4601 715 4676; x_wconf 89' lang='lat' dir='ltr'><strong>proprie</strong></span> <span class='ocrx_word' id='word_1_510' title='bbox 747 4599 927 4654; x_wconf 88' lang='lat' dir='ltr'><strong>dictos</strong></span> <span class='ocrx_word' id='word_1_511' title='bbox 955 4595 1178 4662; x_wconf 77' lang='lat' dir='ltr'><strong>infiniti,</strong></span> <span class='ocrx_word' id='word_1_512' title='bbox 1221 4609 1318 4650; x_wconf 90' lang='lat' dir='ltr'><strong>seu</strong></span> <span class='ocrx_word' id='word_1_513' title='bbox 1352 4591 1499 4655; x_wconf 89' lang='lat' dir='ltr'><strong>ﬁdei,</strong></span> <span class='ocrx_word' id='word_1_514' title='bbox 1523 4604 1740 4646; x_wconf 90' lang='lat' dir='ltr'><strong>omnem</strong></span> <span class='ocrx_word' id='word_1_515' title='bbox 1769 4587 1968 4643; x_wconf 84' lang='lat' dir='ltr'><strong>Filium</strong></span> <span class='ocrx_word' id='word_1_516' title='bbox 1994 4586 2074 4641; x_wconf 86' lang='lat' dir='ltr'><strong>in-</strong></span> 
     </span>
    </p>
   </div>
   <div class='ocr_carea' id='block_1_75' title="bbox 493 4681 2072 4761">
    <p class='ocr_par' dir='ltr' id='par_1_75' title="bbox 493 4681 2072 4761">
     <span class='ocr_line' id='line_1_75' title="bbox 493 4681 2072 4761; baseline -0.011 -10"><span class='ocrx_word' id='word_1_517' title='bbox 493 4694 656 4760; x_wconf 92' lang='lat' dir='ltr'><strong>ﬁniti,</strong></span> <span class='ocrx_word' id='word_1_518' title='bbox 681 4707 808 4749; x_wconf 91' lang='lat' dir='ltr'><strong>cum</strong></span> <span class='ocrx_word' id='word_1_519' title='bbox 832 4692 902 4747; x_wconf 89' lang='lat' dir='ltr'><strong>sit</strong></span> <span class='ocrx_word' id='word_1_520' title='bbox 932 4689 1176 4761; x_wconf 89' lang='lat' dir='ltr'><strong>proprie,</strong></span> <span class='ocrx_word' id='word_1_521' title='bbox 1205 4702 1317 4742; x_wconf 91' lang='lat' dir='ltr'><strong>non</strong></span> <span class='ocrx_word' id='word_1_522' title='bbox 1357 4699 1478 4740; x_wconf 89' lang='lat' dir='ltr'><strong>esse</strong></span> <span class='ocrx_word' id='word_1_523' title='bbox 1511 4682 1767 4738; x_wconf 81' lang='lat' dir='ltr'><strong>unitum?</strong></span> <span class='ocrx_word' id='word_1_524' title='bbox 1797 4681 1912 4736; x_wconf 89' lang='lat' dir='ltr'><strong>Etsi</strong></span> <span class='ocrx_word' id='word_1_525' title='bbox 1942 4694 2072 4750; x_wconf 90' lang='lat' dir='ltr'><strong>spe-</strong></span> 
     </span>
    </p>
   </div>
   <div class='ocr_carea' id='block_1_76' title="bbox 493 4774 2074 4855">
    <p class='ocr_par' dir='ltr' id='par_1_76' title="bbox 493 4774 2074 4855">
     <span class='ocr_line' id='line_1_76' title="bbox 493 4774 2074 4855; baseline -0.011 -12"><span class='ocrx_word' id='word_1_526' title='bbox 493 4787 675 4851; x_wconf 86' lang='lat' dir='ltr'><strong>cialia,</strong></span> <span class='ocrx_word' id='word_1_527' title='bbox 701 4785 770 4841; x_wconf 91' lang='lat' dir='ltr'><strong>de</strong></span> <span class='ocrx_word' id='word_1_528' title='bbox 800 4784 1003 4855; x_wconf 88' lang='lat' dir='ltr'><strong>quibus</strong></span> <span class='ocrx_word' id='word_1_529' title='bbox 1032 4797 1135 4836; x_wconf 89' lang='lat' dir='ltr'><strong>nec</strong></span> <span class='ocrx_word' id='word_1_530' title='bbox 1163 4779 1379 4850; x_wconf 88' lang='lat' dir='ltr'><strong>species</strong></span> <span class='ocrx_word' id='word_1_531' title='bbox 1405 4793 1511 4832; x_wconf 90' lang='lat' dir='ltr'><strong>nec</strong></span> <span class='ocrx_word' id='word_1_532' title='bbox 1535 4790 1710 4848; x_wconf 80' lang='lat' dir='ltr'><strong>genus</strong></span> <span class='ocrx_word' id='word_1_533' title='bbox 1752 4781 1858 4839; x_wconf 92' lang='lat' dir='ltr'><strong>est,</strong></span> <span class='ocrx_word' id='word_1_534' title='bbox 1893 4774 2074 4828; x_wconf 81' lang='lat' dir='ltr'><strong>catho-</strong></span> 
     </span>
    </p>
   </div>
   <div class='ocr_carea' id='block_1_77' title="bbox 492 4865 2072 4941">
    <p class='ocr_par' dir='ltr' id='par_1_77' title="bbox 492 4865 2072 4941">
     <span class='ocr_line' id='line_1_77' title="bbox 492 4865 2072 4941; baseline -0.011 -5"><span class='ocrx_word' id='word_1_535' title='bbox 492 4881 592 4937; x_wconf 71' lang='lat' dir='ltr'><strong>lica</strong></span> <span class='ocrx_word' id='word_1_536' title='bbox 630 4875 1060 4935; x_wconf 87' lang='lat' dir='ltr'><strong>demonstranda</strong></span> <span class='ocrx_word' id='word_1_537' title='bbox 1085 4874 1236 4939; x_wconf 88' lang='lat' dir='ltr'><strong>sint;</strong></span> <span class='ocrx_word' id='word_1_538' title='bbox 1285 4869 1559 4941; x_wconf 89' lang='lat' dir='ltr'><strong>siquidem</strong></span> <span class='ocrx_word' id='word_1_539' title='bbox 1593 4882 1755 4923; x_wconf 91' lang='lat' dir='ltr'><strong>omne</strong></span> <span class='ocrx_word' id='word_1_540' title='bbox 1782 4881 1988 4937; x_wconf 88' lang='lat' dir='ltr'><strong>corpus</strong></span> <span class='ocrx_word' id='word_1_541' title='bbox 2015 4865 2072 4920; x_wconf 90' lang='lat' dir='ltr'><strong>in</strong></span> 
     </span>
    </p>
   </div>
   <div class='ocr_carea' id='block_1_78' title="bbox 493 4958 2074 5036">
    <p class='ocr_par' dir='ltr' id='par_1_78' title="bbox 493 4958 2074 5036">
     <span class='ocr_line' id='line_1_78' title="bbox 493 4958 2074 5036; baseline -0.009 -8"><span class='ocrx_word' id='word_1_542' title='bbox 493 4974 614 5028; x_wconf 88' lang='lat' dir='ltr'><strong>loco</strong></span> <span class='ocrx_word' id='word_1_543' title='bbox 643 4979 748 5034; x_wconf 88' lang='lat' dir='ltr'><strong>est,</strong></span> <span class='ocrx_word' id='word_1_544' title='bbox 781 4969 982 5025; x_wconf 68' lang='lat' dir='ltr'><strong>caelum</strong></span> <span class='ocrx_word' id='word_1_545' title='bbox 1019 4979 1240 5036; x_wconf 91' lang='lat' dir='ltr'><strong>quoque</strong></span> <span class='ocrx_word' id='word_1_546' title='bbox 1281 4964 1450 5035; x_wconf 82' lang='lat' dir='ltr'><strong>igitur</strong></span> <span class='ocrx_word' id='word_1_547' title='bbox 1475 4968 1561 5018; x_wconf 91' lang='lat' dir='ltr'><strong>est</strong></span> <span class='ocrx_word' id='word_1_548' title='bbox 1600 4961 1658 5016; x_wconf 91' lang='lat' dir='ltr'><strong>in</strong></span> <span class='ocrx_word' id='word_1_549' title='bbox 1690 4961 1834 5027; x_wconf 92' lang='lat' dir='ltr'><strong>loco,</strong></span> <span class='ocrx_word' id='word_1_550' title='bbox 1867 4966 1925 5014; x_wconf 92' lang='lat' dir='ltr'><strong>et</strong></span> <span class='ocrx_word' id='word_1_551' title='bbox 1965 4958 2074 5014; x_wconf 91' lang='lat' dir='ltr'><strong>hoc</strong></span> 
     </span>
    </p>
   </div>
   <div class='ocr_carea' id='block_1_79' title="bbox 496 5049 2070 5120">
    <p class='ocr_par' dir='ltr' id='par_1_79' title="bbox 496 5049 2070 5120">
     <span class='ocr_line' id='line_1_79' title="bbox 496 5049 2070 5120; baseline -0.008 -2"><span class='ocrx_word' id='word_1_552' title='bbox 496 5067 552 5120; x_wconf 89' lang='lat' dir='ltr'><strong>in</strong></span> <span class='ocrx_word' id='word_1_553' title='bbox 581 5063 877 5119; x_wconf 89' lang='lat' dir='ltr'><strong>inﬁnitum.</strong></span> <span class='ocrx_word' id='word_1_554' title='bbox 911 5059 1049 5115; x_wconf 91' lang='lat' dir='ltr'><strong>Cum</strong></span> <span class='ocrx_word' id='word_1_555' title='bbox 1078 5057 1248 5113; x_wconf 89' lang='lat' dir='ltr'><strong>etiam</strong></span> <span class='ocrx_word' id='word_1_556' title='bbox 1299 5055 1514 5110; x_wconf 89' lang='lat' dir='ltr'><strong>nullum</strong></span> <span class='ocrx_word' id='word_1_557' title='bbox 1559 5063 1769 5109; x_wconf 90' lang='lat' dir='ltr'><strong>astrum</strong></span> <span class='ocrx_word' id='word_1_558' title='bbox 1827 5049 2070 5107; x_wconf 86' lang='lat' dir='ltr'><strong>interdiu</strong></span> 
     </span>
    </p>
   </div>
   <div class='ocr_carea' id='block_1_80' title="bbox 494 5144 2068 5218">
    <p class='ocr_par' dir='ltr' id='par_1_80' title="bbox 494 5144 2068 5218">
     <span class='ocr_line' id='line_1_80' title="bbox 494 5144 2068 5218; baseline -0.013 -5"><span class='ocrx_word' id='word_1_559' title='bbox 494 5157 586 5218; x_wconf 87' lang='lat' dir='ltr'><strong>sit.</strong></span> <span class='ocrx_word' id='word_1_560' title='bbox 631 5170 735 5213; x_wconf 87' lang='lat' dir='ltr'><strong>nec</strong></span> <span class='ocrx_word' id='word_1_561' title='bbox 765 5151 996 5211; x_wconf 82' lang='lat' dir='ltr'><strong>lucifer,</strong></span> <span class='ocrx_word' id='word_1_562' title='bbox 1031 5150 1165 5204; x_wconf 90' lang='lat' dir='ltr'><strong>licet</strong></span> <span class='ocrx_word' id='word_1_563' title='bbox 1204 5147 1370 5203; x_wconf 88' lang='lat' dir='ltr'><strong>certis</strong></span> <span class='ocrx_word' id='word_1_564' title='bbox 1405 5144 1746 5216; x_wconf 89' lang='lat' dir='ltr'><strong>temporibus</strong></span> <span class='ocrx_word' id='word_1_565' title='bbox 1783 5147 2068 5212; x_wconf 86' lang='lat' dir='ltr'><strong>appareat.</strong></span> 
     </span>
    </p>
   </div>
   <div class='ocr_carea' id='block_1_81' title="bbox 491 5233 2072 5312">
    <p class='ocr_par' dir='ltr' id='par_1_81' title="bbox 491 5233 2072 5312">
     <span class='ocr_line' id='line_1_81' title="bbox 491 5233 2072 5312; baseline -0.011 -7"><span class='ocrx_word' id='word_1_566' title='bbox 491 5249 632 5305; x_wconf 86' lang='lat' dir='ltr'><strong>Cum</strong></span> <span class='ocrx_word' id='word_1_567' title='bbox 655 5247 821 5302; x_wconf 87' lang='lat' dir='ltr'><strong>etiam</strong></span> <span class='ocrx_word' id='word_1_568' title='bbox 848 5243 1061 5298; x_wconf 86' lang='lat' dir='ltr'><strong>nullum</strong></span> <span class='ocrx_word' id='word_1_569' title='bbox 1097 5250 1363 5312; x_wconf 91' lang='lat' dir='ltr'><strong>punctum</strong></span> <span class='ocrx_word' id='word_1_570' title='bbox 1396 5251 1628 5308; x_wconf 89' lang='lat' dir='ltr'><strong>usquam</strong></span> <span class='ocrx_word' id='word_1_571' title='bbox 1680 5235 1752 5290; x_wconf 88' lang='lat' dir='ltr'><strong>sit</strong></span> <span class='ocrx_word' id='word_1_572' title='bbox 1782 5234 1838 5288; x_wconf 92' lang='lat' dir='ltr'><strong>in</strong></span> <span class='ocrx_word' id='word_1_573' title='bbox 1887 5233 2072 5288; x_wconf 91' lang='lat' dir='ltr'><strong>medio</strong></span> 
     </span>
    </p>
   </div>
   <div class='ocr_carea' id='block_1_82' title="bbox 495 5329 2071 5405">
    <p class='ocr_par' dir='ltr' id='par_1_82' title="bbox 495 5329 2071 5405">
     <span class='ocr_line' id='line_1_82' title="bbox 495 5329 2071 5405; baseline -0.011 -11"><span class='ocrx_word' id='word_1_574' title='bbox 495 5339 724 5401; x_wconf 89' lang='lat' dir='ltr'><strong>circulo,</strong></span> <span class='ocrx_word' id='word_1_575' title='bbox 765 5352 867 5391; x_wconf 88' lang='lat' dir='ltr'><strong>nec</strong></span> <span class='ocrx_word' id='word_1_576' title='bbox 908 5351 1040 5405; x_wconf 80' lang='lat' dir='ltr'><strong>ergo</strong></span> <span class='ocrx_word' id='word_1_577' title='bbox 1070 5339 1342 5389; x_wconf 89' lang='lat' dir='ltr'><strong>centrum.</strong></span> <span class='ocrx_word' id='word_1_578' title='bbox 1379 5329 1666 5398; x_wconf 86' lang='lat' dir='ltr'><strong>Quomodo</strong></span> <span class='ocrx_word' id='word_1_579' title='bbox 1717 5340 1938 5398; x_wconf 91' lang='lat' dir='ltr'><strong>quoque</strong></span> <span class='ocrx_word' id='word_1_580' title='bbox 1972 5339 2071 5394; x_wconf 87' lang='lat' dir='ltr'><strong>ap-</strong></span> 
     </span>
    </p>
   </div>
   <div class='ocr_carea' id='block_1_83' title="bbox 493 5412 2070 5500">
    <p class='ocr_par' dir='ltr' id='par_1_83' title="bbox 493 5412 2070 5500">
     <span class='ocr_line' id='line_1_83' title="bbox 493 5412 2070 5500; baseline -0.011 -17"><span class='ocrx_word' id='word_1_581' title='bbox 493 5428 690 5500; x_wconf 86' lang='lat' dir='ltr'><strong>pellari</strong></span> <span class='ocrx_word' id='word_1_582' title='bbox 719 5427 926 5483; x_wconf 85' lang='lat' dir='ltr'><strong>vellent</strong></span> <span class='ocrx_word' id='word_1_583' title='bbox 951 5424 1209 5480; x_wconf 86' lang='lat' dir='ltr'><strong>unionem</strong></span> <span class='ocrx_word' id='word_1_584' title='bbox 1234 5437 1358 5478; x_wconf 90' lang='lat' dir='ltr'><strong>cum</strong></span> <span class='ocrx_word' id='word_1_585' title='bbox 1381 5419 1645 5475; x_wconf 89' lang='lat' dir='ltr'><strong>ﬁliatione</strong></span> <span class='ocrx_word' id='word_1_586' title='bbox 1679 5427 1787 5472; x_wconf 91' lang='lat' dir='ltr'><strong>tam</strong></span> <span class='ocrx_word' id='word_1_587' title='bbox 1807 5412 2070 5476; x_wconf 88' lang='lat' dir='ltr'><strong>mirabili,</strong></span> 
     </span>
    </p>
   </div>
   <div class='ocr_carea' id='block_1_84' title="bbox 494 5507 2072 5592">
    <p class='ocr_par' dir='ltr' id='par_1_84' title="bbox 494 5507 2072 5592">
     <span class='ocr_line' id='line_1_84' title="bbox 494 5507 2072 5592; baseline -0.01 -15"><span class='ocrx_word' id='word_1_588' title='bbox 494 5523 612 5577; x_wconf 85' lang='lat' dir='ltr'><strong>sive</strong></span> <span class='ocrx_word' id='word_1_589' title='bbox 646 5520 870 5592; x_wconf 89' lang='lat' dir='ltr'><strong>proprie</strong></span> <span class='ocrx_word' id='word_1_590' title='bbox 908 5519 1077 5584; x_wconf 87' lang='lat' dir='ltr'><strong>dicta,</strong></span> <span class='ocrx_word' id='word_1_591' title='bbox 1107 5518 1222 5572; x_wconf 90' lang='lat' dir='ltr'><strong>sive</strong></span> <span class='ocrx_word' id='word_1_592' title='bbox 1265 5514 1430 5571; x_wconf 92' lang='lat' dir='ltr'><strong>modo</strong></span> <span class='ocrx_word' id='word_1_593' title='bbox 1462 5510 1797 5570; x_wconf 88' lang='lat' dir='ltr'><strong>catachresis</strong></span> <span class='ocrx_word' id='word_1_594' title='bbox 1825 5507 2072 5575; x_wconf 81' lang='lat' dir='ltr'><strong>?Quales</strong></span> 
     </span>
    </p>
   </div>
   <div class='ocr_carea' id='block_1_85' title="bbox 495 5597 2070 5682">
    <p class='ocr_par' dir='ltr' id='par_1_85' title="bbox 495 5597 2070 5682">
     <span class='ocr_line' id='line_1_85' title="bbox 495 5597 2070 5682; baseline -0.011 -13"><span class='ocrx_word' id='word_1_595' title='bbox 495 5613 646 5670; x_wconf 89' lang='lat' dir='ltr'><strong>enim</strong></span> <span class='ocrx_word' id='word_1_596' title='bbox 665 5611 836 5682; x_wconf 92' lang='lat' dir='ltr'><strong>quali,</strong></span> <span class='ocrx_word' id='word_1_597' title='bbox 861 5619 920 5666; x_wconf 88' lang='lat' dir='ltr'><strong>et</strong></span> <span class='ocrx_word' id='word_1_598' title='bbox 934 5618 1199 5681; x_wconf 87' lang='lat' dir='ltr'><strong>quantum</strong></span> <span class='ocrx_word' id='word_1_599' title='bbox 1219 5615 1448 5679; x_wconf 88' lang='lat' dir='ltr'><strong>quanto,</strong></span> <span class='ocrx_word' id='word_1_600' title='bbox 1467 5613 1706 5677; x_wconf 90' lang='lat' dir='ltr'><strong>quantus</strong></span> <span class='ocrx_word' id='word_1_601' title='bbox 1720 5609 1905 5656; x_wconf 91' lang='lat' dir='ltr'><strong>autem</strong></span> <span class='ocrx_word' id='word_1_602' title='bbox 1929 5597 2070 5669; x_wconf 79' lang='lat' dir='ltr'><strong>Cyro</strong></span> 
     </span>
    </p>
   </div>
   <div class='ocr_carea' id='block_1_86' title="bbox 498 5693 2070 5773">
    <p class='ocr_par' dir='ltr' id='par_1_86' title="bbox 498 5693 2070 5773">
     <span class='ocr_line' id='line_1_86' title="bbox 498 5693 2070 5773; baseline -0.01 -14"><span class='ocrx_word' id='word_1_603' title='bbox 498 5705 708 5769; x_wconf 88' lang='lat' dir='ltr'><strong>unitus,</strong></span> <span class='ocrx_word' id='word_1_604' title='bbox 741 5703 989 5773; x_wconf 91' lang='lat' dir='ltr'><strong>lapisque</strong></span> <span class='ocrx_word' id='word_1_605' title='bbox 1014 5703 1184 5773; x_wconf 79' lang='lat' dir='ltr'><strong>ligno.</strong></span> <span class='ocrx_word' id='word_1_606' title='bbox 1223 5701 1366 5755; x_wconf 88' lang='lat' dir='ltr'><strong>Num</strong></span> <span class='ocrx_word' id='word_1_607' title='bbox 1397 5697 1658 5769; x_wconf 88' lang='lat' dir='ltr'><strong>quoniam</strong></span> <span class='ocrx_word' id='word_1_608' title='bbox 1701 5693 1869 5749; x_wconf 86' lang='lat' dir='ltr'><strong>modo</strong></span> <span class='ocrx_word' id='word_1_609' title='bbox 1916 5698 2070 5746; x_wconf 89' lang='lat' dir='ltr'><strong>cata-</strong></span> 
     </span>
    </p>
   </div>
   <div class='ocr_carea' id='block_1_87' title="bbox 495 5783 2069 5860">
    <p class='ocr_par' dir='ltr' id='par_1_87' title="bbox 495 5783 2069 5860">
     <span class='ocr_line' id='line_1_87' title="bbox 495 5783 2069 5860; baseline -0.01 -7"><span class='ocrx_word' id='word_1_610' title='bbox 495 5795 707 5853; x_wconf 79' lang='lat' dir='ltr'><strong>chresis</strong></span> <span class='ocrx_word' id='word_1_611' title='bbox 732 5793 907 5851; x_wconf 80' lang='lat' dir='ltr'><strong>Filius</strong></span> <span class='ocrx_word' id='word_1_612' title='bbox 945 5803 1050 5860; x_wconf 92' lang='lat' dir='ltr'><strong>est,</strong></span> <span class='ocrx_word' id='word_1_613' title='bbox 1075 5793 1273 5849; x_wconf 88' lang='lat' dir='ltr'><strong>inﬁniti</strong></span> <span class='ocrx_word' id='word_1_614' title='bbox 1302 5800 1388 5846; x_wconf 91' lang='lat' dir='ltr'><strong>est</strong></span> <span class='ocrx_word' id='word_1_615' title='bbox 1413 5790 1606 5844; x_wconf 92' lang='lat' dir='ltr'><strong>unitus</strong></span> <span class='ocrx_word' id='word_1_616' title='bbox 1629 5827 1644 5851; x_wconf 93' lang='lat'><strong>,</strong></span> <span class='ocrx_word' id='word_1_617' title='bbox 1685 5787 1770 5840; x_wconf 90' lang='lat' dir='ltr'><strong>vel</strong></span> <span class='ocrx_word' id='word_1_618' title='bbox 1810 5783 2069 5854; x_wconf 83' lang='lat' dir='ltr'><strong>quoniam</strong></span> 
     </span>
    </p>
   </div>
   <div class='ocr_carea' id='block_1_88' title="bbox 497 5875 2069 5956">
    <p class='ocr_par' dir='ltr' id='par_1_88' title="bbox 497 5875 2069 5956">
     <span class='ocr_line' id='line_1_88' title="bbox 497 5875 2069 5956; baseline -0.013 -9"><span class='ocrx_word' id='word_1_619' title='bbox 497 5903 601 5947; x_wconf 84' lang='lat' dir='ltr'><strong>nec</strong></span> <span class='ocrx_word' id='word_1_620' title='bbox 639 5887 805 5946; x_wconf 87' lang='lat' dir='ltr'><strong>modo</strong></span> <span class='ocrx_word' id='word_1_621' title='bbox 837 5888 1192 5953; x_wconf 87' lang='lat' dir='ltr'><strong>catachresis,</strong></span> <span class='ocrx_word' id='word_1_622' title='bbox 1220 5901 1323 5942; x_wconf 84' lang='lat' dir='ltr'><strong>nec</strong></span> <span class='ocrx_word' id='word_1_623' title='bbox 1356 5882 1579 5956; x_wconf 89' lang='lat' dir='ltr'><strong>proprio</strong></span> <span class='ocrx_word' id='word_1_624' title='bbox 1633 5877 1835 5934; x_wconf 81' lang='lat' dir='ltr'><strong>modo?</strong></span> <span class='ocrx_word' id='word_1_625' title='bbox 1879 5875 1934 5930; x_wconf 88' lang='lat' dir='ltr'><strong>Si</strong></span> <span class='ocrx_word' id='word_1_626' title='bbox 1966 5891 2069 5929; x_wconf 84' lang='lat' dir='ltr'><strong>au-</strong></span> 
     </span>
    </p>
   </div>
   <div class='ocr_carea' id='block_1_89' title="bbox 2182 3296 3767 3373">
    <p class='ocr_par' dir='ltr' id='par_1_89' title="bbox 2182 3296 3767 3373">
     <span class='ocr_line' id='line_1_89' title="bbox 2182 3296 3767 3373; baseline 0.003 -23"><span class='ocrx_word' id='word_1_627' title='bbox 2182 3296 2343 3368; x_wconf 81' lang='grc' dir='ltr'>ήμῶν</span> <span class='ocrx_word' id='word_1_628' title='bbox 2383 3296 2680 3370; x_wconf 84' lang='grc' dir='ltr'>ἀνθρώπῳ,</span> <span class='ocrx_word' id='word_1_629' title='bbox 2701 3300 2942 3369; x_wconf 83' lang='grc' dir='ltr'>Κτίστης</span> <span class='ocrx_word' id='word_1_630' title='bbox 2970 3301 3236 3373; x_wconf 83' lang='grc' dir='ltr'>ὑπάρχων</span> <span class='ocrx_word' id='word_1_631' title='bbox 3265 3301 3361 3356; x_wconf 90' lang='grc' dir='ltr'><strong>τοῦ</strong></span> <span class='ocrx_word' id='word_1_632' title='bbox 3409 3302 3636 3368; x_wconf 80' lang='grc' dir='ltr'>παντὸς,</span> <span class='ocrx_word' id='word_1_633' title='bbox 3665 3305 3767 3356; x_wconf 73' lang='grc' dir='ltr'>καὶ</span> 
     </span>
    </p>
   </div>
   <div class='ocr_carea' id='block_1_90' title="bbox 2180 3386 3769 3464">
    <p class='ocr_par' dir='ltr' id='par_1_90' title="bbox 2180 3386 3769 3464">
     <span class='ocr_line' id='line_1_90' title="bbox 2180 3386 3769 3464; baseline 0.004 -25"><span class='ocrx_word' id='word_1_634' title='bbox 2180 3386 2245 3440; x_wconf 81' lang='grc' dir='ltr'>οὐ</span> <span class='ocrx_word' id='word_1_635' title='bbox 2290 3387 2498 3459; x_wconf 85' lang='grc' dir='ltr'>κτίσμα</span> <span class='ocrx_word' id='word_1_636' title='bbox 2533 3388 2629 3443; x_wconf 90' lang='grc' dir='ltr'><strong>τοῦ</strong></span> <span class='ocrx_word' id='word_1_637' title='bbox 2675 3390 2926 3463; x_wconf 83' lang='grc' dir='ltr'>Πατρός·</span> <span class='ocrx_word' id='word_1_638' title='bbox 2969 3392 3004 3464; x_wconf 79' lang='grc' dir='ltr'>ἦ</span> <span class='ocrx_word' id='word_1_639' title='bbox 3045 3392 3344 3458; x_wconf 75' lang='grc' dir='ltr'>συντεθεὶς,</span> <span class='ocrx_word' id='word_1_640' title='bbox 3391 3395 3600 3464; x_wconf 87' lang='grc' dir='ltr'>κτίσμα</span> <span class='ocrx_word' id='word_1_641' title='bbox 3645 3395 3769 3447; x_wconf 74' lang='grc' dir='ltr'><strong>ἐστὶ</strong></span> 
     </span>
    </p>
   </div>
   <div class='ocr_carea' id='block_1_91' title="bbox 2181 3478 3765 3558">
    <p class='ocr_par' dir='ltr' id='par_1_91' title="bbox 2181 3478 3765 3558">
     <span class='ocr_line' id='line_1_91' title="bbox 2181 3478 3765 3558; baseline 0.007 -27"><span class='ocrx_word' id='word_1_642' title='bbox 2181 3478 2278 3533; x_wconf 79' lang='grc' dir='ltr'><strong>τοῦ</strong></span> <span class='ocrx_word' id='word_1_643' title='bbox 2305 3479 2484 3534; x_wconf 88' lang='grc' dir='ltr'>ἀπλοῦ</span> <span class='ocrx_word' id='word_1_644' title='bbox 2530 3481 2629 3536; x_wconf 83' lang='grc' dir='ltr'>καὶ</span> <span class='ocrx_word' id='word_1_645' title='bbox 2669 3483 3083 3555; x_wconf 85' lang='grc' dir='ltr'>ἀπεριγράφου,</span> <span class='ocrx_word' id='word_1_646' title='bbox 3119 3486 3217 3540; x_wconf 77' lang='grc' dir='ltr'>καὶ</span> <span class='ocrx_word' id='word_1_647' title='bbox 3243 3487 3343 3558; x_wconf 85' lang='grc' dir='ltr'>οὐχ</span> <span class='ocrx_word' id='word_1_648' title='bbox 3372 3487 3504 3550; x_wconf 83' lang='grc' dir='ltr'>Υίδς</span> <span class='ocrx_word' id='word_1_649' title='bbox 3531 3487 3765 3558; x_wconf 86' lang='grc' dir='ltr'>κυρίως,</span> 
     </span>
    </p>
   </div>
   <div class='ocr_carea' id='block_1_92' title="bbox 2181 3571 3768 3650">
    <p class='ocr_par' dir='ltr' id='par_1_92' title="bbox 2181 3571 3768 3650">
     <span class='ocr_line' id='line_1_92' title="bbox 2181 3571 3768 3650; baseline 0.006 -27"><span class='ocrx_word' id='word_1_650' title='bbox 2181 3571 2316 3643; x_wconf 85' lang='grc' dir='ltr'>ὅπερ</span> <span class='ocrx_word' id='word_1_651' title='bbox 2361 3571 2580 3636; x_wconf 87' lang='grc' dir='ltr'>ἀσεϐές.</span> <span class='ocrx_word' id='word_1_652' title='bbox 2632 3573 2759 3639; x_wconf 82' lang='grc' dir='ltr'>Τοῖς</span> <span class='ocrx_word' id='word_1_653' title='bbox 2808 3575 3224 3642; x_wconf 85' lang='grc' dir='ltr'>ἀναποδείκτοις</span> <span class='ocrx_word' id='word_1_654' title='bbox 3265 3578 3419 3649; x_wconf 83' lang='grc' dir='ltr'>ὑμῶν</span> <span class='ocrx_word' id='word_1_655' title='bbox 3455 3580 3768 3650; x_wconf 79' lang='grc' dir='ltr'>ἀξιώμασιν</span> 
     </span>
    </p>
   </div>
   <div class='ocr_carea' id='block_1_93' title="bbox 2181 3664 3766 3745">
    <p class='ocr_par' dir='ltr' id='par_1_93' title="bbox 2181 3664 3766 3745">
     <span class='ocr_line' id='line_1_93' title="bbox 2181 3664 3766 3745; baseline 0.004 -27"><span class='ocrx_word' id='word_1_656' title='bbox 2181 3664 2271 3718; x_wconf 77' lang='grc' dir='ltr'>ἀεὶ</span> <span class='ocrx_word' id='word_1_657' title='bbox 2321 3664 2655 3719; x_wconf 81' lang='grc' dir='ltr'>ἀντιτιθέναι</span> <span class='ocrx_word' id='word_1_658' title='bbox 2700 3669 3118 3736; x_wconf 84' lang='grc' dir='ltr'>καταφάσκουσι</span> <span class='ocrx_word' id='word_1_659' title='bbox 3157 3671 3256 3741; x_wconf 80' lang='grc' dir='ltr'><strong>μὲν</strong></span> <span class='ocrx_word' id='word_1_660' title='bbox 3285 3671 3476 3736; x_wconf 84' lang='grc' dir='ltr'>ἁπλῶς</span> <span class='ocrx_word' id='word_1_661' title='bbox 3509 3691 3632 3727; x_wconf 91' lang='grc' dir='ltr'>τινα</span> <span class='ocrx_word' id='word_1_662' title='bbox 3662 3673 3766 3745; x_wconf 79' lang='grc' dir='ltr'>τὴν</span> 
     </span>
    </p>
   </div>
   <div class='ocr_carea' id='block_1_94' title="bbox 2181 3755 3762 3836">
    <p class='ocr_par' dir='ltr' id='par_1_94' title="bbox 2181 3755 3762 3836">
     <span class='ocr_line' id='line_1_94' title="bbox 2181 3755 3762 3836; baseline 0.007 -29"><span class='ocrx_word' id='word_1_663' title='bbox 2181 3755 2459 3826; x_wconf 86' lang='grc' dir='ltr'>ἀπόφασιν</span> <span class='ocrx_word' id='word_1_664' title='bbox 2503 3757 2712 3810; x_wconf 80' lang='grc' dir='ltr'>αὐτῶν·</span> <span class='ocrx_word' id='word_1_665' title='bbox 2764 3759 3150 3830; x_wconf 83' lang='grc' dir='ltr'>ἀποφάσκουσι</span> <span class='ocrx_word' id='word_1_666' title='bbox 3182 3763 3240 3817; x_wconf 80' lang='grc' dir='ltr'>δὲ</span> <span class='ocrx_word' id='word_1_667' title='bbox 3275 3763 3375 3835; x_wconf 82' lang='grc' dir='ltr'><strong>τὴν</strong></span> <span class='ocrx_word' id='word_1_668' title='bbox 3423 3767 3762 3836; x_wconf 82' lang='grc' dir='ltr'>κατάφασιν.</span> 
     </span>
    </p>
   </div>
   <div class='ocr_carea' id='block_1_95' title="bbox 2183 3847 3763 3930">
    <p class='ocr_par' dir='ltr' id='par_1_95' title="bbox 2183 3847 3763 3930">
     <span class='ocr_line' id='line_1_95' title="bbox 2183 3847 3763 3930; baseline 0.008 -29"><span class='ocrx_word' id='word_1_669' title='bbox 2183 3848 2354 3912; x_wconf 86' lang='grc' dir='ltr'>κόπος</span> <span class='ocrx_word' id='word_1_670' title='bbox 2391 3847 2490 3919; x_wconf 76' lang='grc' dir='ltr'><strong>μὲν</strong></span> <span class='ocrx_word' id='word_1_671' title='bbox 2521 3850 2700 3915; x_wconf 76' lang='grc' dir='ltr'>οὐδεὶς</span> <span class='ocrx_word' id='word_1_672' title='bbox 2744 3850 2824 3924; x_wconf 84' lang='grc' dir='ltr'><strong>τῷ</strong></span> <span class='ocrx_word' id='word_1_673' title='bbox 2852 3852 3210 3926; x_wconf 88' lang='grc' dir='ltr'>ἀντιλέγοντι.</span> <span class='ocrx_word' id='word_1_674' title='bbox 3243 3857 3376 3910; x_wconf 83' lang='grc' dir='ltr'>Δέον</span> <span class='ocrx_word' id='word_1_675' title='bbox 3407 3857 3465 3912; x_wconf 83' lang='grc' dir='ltr'>δὲ</span> <span class='ocrx_word' id='word_1_676' title='bbox 3499 3854 3570 3930; x_wconf 81' lang='grc' dir='ltr'><strong>ἦν</strong></span> <span class='ocrx_word' id='word_1_677' title='bbox 3592 3860 3763 3930; x_wconf 80' lang='grc' dir='ltr'>ὑμᾶς,</span> 
     </span>
    </p>
   </div>
   <div class='ocr_carea' id='block_1_96' title="bbox 2178 3940 3767 4022">
    <p class='ocr_par' dir='ltr' id='par_1_96' title="bbox 2178 3940 3767 4022">
     <span class='ocr_line' id='line_1_96' title="bbox 2178 3940 3767 4022; baseline 0.008 -28"><span class='ocrx_word' id='word_1_678' title='bbox 2178 3940 2251 3994; x_wconf 81' lang='grc' dir='ltr'>τὰ</span> <span class='ocrx_word' id='word_1_679' title='bbox 2291 3940 2488 4012; x_wconf 85' lang='grc' dir='ltr'>πρῶτα</span> <span class='ocrx_word' id='word_1_680' title='bbox 2533 3942 2805 4011; x_wconf 89' lang='grc' dir='ltr'>γενναίως</span> <span class='ocrx_word' id='word_1_681' title='bbox 2846 3945 3274 4018; x_wconf 84' lang='grc' dir='ltr'>προϐάλλεσθαι,</span> <span class='ocrx_word' id='word_1_682' title='bbox 3305 3948 3394 4004; x_wconf 76' lang='grc' dir='ltr'>ἵνα</span> <span class='ocrx_word' id='word_1_683' title='bbox 3423 3951 3499 4022; x_wconf 82' lang='grc' dir='ltr'>μὴ</span> <span class='ocrx_word' id='word_1_684' title='bbox 3535 3950 3608 4006; x_wconf 88' lang='grc' dir='ltr'><strong>τά</strong></span> <span class='ocrx_word' id='word_1_685' title='bbox 3648 3951 3767 4006; x_wconf 78' lang='grc' dir='ltr'><strong>δεύ-</strong></span> 
     </span>
    </p>
   </div>
   <div class='ocr_carea' id='block_1_97' title="bbox 2180 4033 3766 4115">
    <p class='ocr_par' dir='ltr' id='par_1_97' title="bbox 2180 4033 3766 4115">
     <span class='ocr_line' id='line_1_97' title="bbox 2180 4033 3766 4115; baseline 0.006 -28"><span class='ocrx_word' id='word_1_686' title='bbox 2180 4051 2317 4106; x_wconf 89' lang='grc' dir='ltr'>τερα</span> <span class='ocrx_word' id='word_1_687' title='bbox 2352 4033 2566 4107; x_wconf 84' lang='grc' dir='ltr'>σαθρῶς</span> <span class='ocrx_word' id='word_1_688' title='bbox 2601 4037 2900 4110; x_wconf 84' lang='grc' dir='ltr'>ὲπιφέρητε</span> <span class='ocrx_word' id='word_1_689' title='bbox 2921 4054 2936 4070; x_wconf 87' lang='grc'><strong>·</strong></span> <span class='ocrx_word' id='word_1_690' title='bbox 2964 4040 3090 4094; x_wconf 75' lang='grc' dir='ltr'>ἐπεὶ</span> <span class='ocrx_word' id='word_1_691' title='bbox 3124 4039 3234 4113; x_wconf 86' lang='grc' dir='ltr'><strong>γάρ</strong></span> <span class='ocrx_word' id='word_1_692' title='bbox 3263 4042 3322 4096; x_wconf 80' lang='grc' dir='ltr'>ἐν</span> <span class='ocrx_word' id='word_1_693' title='bbox 3368 4045 3484 4107; x_wconf 80' lang='grc' dir='ltr'>τοῖς</span> <span class='ocrx_word' id='word_1_694' title='bbox 3522 4043 3766 4115; x_wconf 89' lang='grc' dir='ltr'>πρώτοις</span> 
     </span>
    </p>
   </div>
   <div class='ocr_carea' id='block_1_98' title="bbox 2178 4126 3762 4206">
    <p class='ocr_par' dir='ltr' id='par_1_98' title="bbox 2178 4126 3762 4206">
     <span class='ocr_line' id='line_1_98' title="bbox 2178 4126 3762 4206; baseline 0.007 -26"><span class='ocrx_word' id='word_1_695' title='bbox 2178 4127 2247 4181; x_wconf 73' lang='grc' dir='ltr'>ἐκ</span> <span class='ocrx_word' id='word_1_696' title='bbox 2269 4126 2438 4198; x_wconf 78' lang='grc' dir='ltr'>ῥιζῶν</span> <span class='ocrx_word' id='word_1_697' title='bbox 2469 4128 2969 4201; x_wconf 86' lang='grc' dir='ltr'>ἀνατέτραπταιτά</span> <span class='ocrx_word' id='word_1_698' title='bbox 2999 4133 3264 4205; x_wconf 82' lang='grc' dir='ltr'>ὑμέτερα,</span> <span class='ocrx_word' id='word_1_699' title='bbox 3291 4133 3460 4206; x_wconf 85' lang='grc' dir='ltr'>λῆρος</span> <span class='ocrx_word' id='word_1_700' title='bbox 3491 4136 3558 4190; x_wconf 80' lang='grc' dir='ltr'><strong>ἂν</strong></span> <span class='ocrx_word' id='word_1_701' title='bbox 3589 4137 3762 4202; x_wconf 81' lang='grc' dir='ltr'>δόξειε</span> 
     </span>
    </p>
   </div>
   <div class='ocr_carea' id='block_1_99' title="bbox 2180 4218 3763 4299">
    <p class='ocr_par' dir='ltr' id='par_1_99' title="bbox 2180 4218 3763 4299">
     <span class='ocr_line' id='line_1_99' title="bbox 2180 4218 3763 4299; baseline 0.007 -29"><span class='ocrx_word' id='word_1_702' title='bbox 2180 4218 2313 4289; x_wconf 81' lang='grc' dir='ltr'>περὶ</span> <span class='ocrx_word' id='word_1_703' title='bbox 2354 4218 2464 4272; x_wconf 85' lang='grc' dir='ltr'><strong>τῶν</strong></span> <span class='ocrx_word' id='word_1_704' title='bbox 2509 4218 2783 4292; x_wconf 87' lang='grc' dir='ltr'>δευτέρων</span> <span class='ocrx_word' id='word_1_705' title='bbox 2827 4224 2924 4276; x_wconf 72' lang='grc' dir='ltr'><strong>ἐπὶ</strong></span> <span class='ocrx_word' id='word_1_706' title='bbox 2967 4224 3226 4279; x_wconf 85' lang='grc' dir='ltr'>πλεῖστον</span> <span class='ocrx_word' id='word_1_707' title='bbox 3273 4226 3405 4296; x_wconf 80' lang='grc' dir='ltr'>ὑμῖν</span> <span class='ocrx_word' id='word_1_708' title='bbox 3451 4227 3763 4299; x_wconf 88' lang='grc' dir='ltr'>ἀποκρίνα-</span> 
     </span>
    </p>
   </div>
   <div class='ocr_carea' id='block_1_100' title="bbox 2179 4311 3766 4390">
    <p class='ocr_par' dir='ltr' id='par_1_100' title="bbox 2179 4311 3766 4390">
     <span class='ocr_line' id='line_1_100' title="bbox 2179 4311 3766 4390; baseline 0.006 -27"><span class='ocrx_word' id='word_1_709' title='bbox 2179 4311 2326 4372; x_wconf 88' lang='grc' dir='ltr'>σθαι,</span> <span class='ocrx_word' id='word_1_710' title='bbox 2364 4313 2584 4367; x_wconf 81' lang='grc' dir='ltr'>πάντων</span> <span class='ocrx_word' id='word_1_711' title='bbox 2624 4314 2782 4384; x_wconf 84' lang='grc' dir='ltr'>ὑμῶν</span> <span class='ocrx_word' id='word_1_712' title='bbox 2813 4316 2926 4370; x_wconf 89' lang='grc' dir='ltr'><strong>τῶν</strong></span> <span class='ocrx_word' id='word_1_713' title='bbox 2957 4317 3122 4387; x_wconf 85' lang='grc' dir='ltr'>μέχρι</span> <span class='ocrx_word' id='word_1_714' title='bbox 3145 4318 3243 4373; x_wconf 90' lang='grc' dir='ltr'><strong>τοῦ</strong></span> <span class='ocrx_word' id='word_1_715' title='bbox 3278 4320 3546 4390; x_wconf 84' lang='grc' dir='ltr'>παρόντος</span> <span class='ocrx_word' id='word_1_716' title='bbox 3572 4319 3766 4373; x_wconf 89' lang='grc' dir='ltr'>συλλο-</span> 
     </span>
    </p>
   </div>
   <div class='ocr_carea' id='block_1_101' title="bbox 2178 4404 3761 4485">
    <p class='ocr_par' dir='ltr' id='par_1_101' title="bbox 2178 4404 3761 4485">
     <span class='ocr_line' id='line_1_101' title="bbox 2178 4404 3761 4485; baseline 0.009 -29"><span class='ocrx_word' id='word_1_717' title='bbox 2178 4404 2418 4474; x_wconf 86' lang='grc' dir='ltr'>γισμῶν,</span> <span class='ocrx_word' id='word_1_718' title='bbox 2451 4408 2518 4478; x_wconf 81' lang='grc' dir='ltr'>τῇ</span> <span class='ocrx_word' id='word_1_719' title='bbox 2561 4407 2658 4461; x_wconf 89' lang='grc' dir='ltr'><strong>τοῦ</strong></span> <span class='ocrx_word' id='word_1_720' title='bbox 2689 4407 2913 4478; x_wconf 86' lang='grc' dir='ltr'>πρώτου</span> <span class='ocrx_word' id='word_1_721' title='bbox 2951 4411 3105 4481; x_wconf 79' lang='grc' dir='ltr'>ὑμῶν</span> <span class='ocrx_word' id='word_1_722' title='bbox 3134 4413 3566 4485; x_wconf 70' lang='grc' dir='ltr'>ἐπιχειρήματος</span> <span class='ocrx_word' id='word_1_723' title='bbox 3590 4415 3761 4470; x_wconf 83' lang='grc' dir='ltr'>δυνά·</span> 
     </span>
    </p>
   </div>
   <div class='ocr_carea' id='block_1_102' title="bbox 2182 4494 3761 4576">
    <p class='ocr_par' dir='ltr' id='par_1_102' title="bbox 2182 4494 3761 4576">
     <span class='ocr_line' id='line_1_102' title="bbox 2182 4494 3761 4576; baseline 0.009 -30"><span class='ocrx_word' id='word_1_724' title='bbox 2182 4511 2273 4564; x_wconf 87' lang='grc' dir='ltr'><strong>μει</strong></span> <span class='ocrx_word' id='word_1_725' title='bbox 2312 4494 2844 4570; x_wconf 81' lang='grc' dir='ltr'>ὲπιστηριζομένων.</span> <span class='ocrx_word' id='word_1_726' title='bbox 2882 4501 3095 4566; x_wconf 80' lang='grc' dir='ltr'>’Δλλως</span> <span class='ocrx_word' id='word_1_727' title='bbox 3138 4502 3196 4556; x_wconf 79' lang='grc' dir='ltr'>δὲ</span> <span class='ocrx_word' id='word_1_728' title='bbox 3241 4504 3360 4568; x_wconf 78' lang='grc' dir='ltr'>ἐνὸς</span> <span class='ocrx_word' id='word_1_729' title='bbox 3393 4505 3546 4568; x_wconf 79' lang='grc' dir='ltr'>ὄντος</span> <span class='ocrx_word' id='word_1_730' title='bbox 3593 4507 3761 4576; x_wconf 87' lang='grc' dir='ltr'>μόνον</span> 
     </span>
    </p>
   </div>
   <div class='ocr_carea' id='block_1_103' title="bbox 2175 4585 3760 4669">
    <p class='ocr_par' dir='ltr' id='par_1_103' title="bbox 2175 4585 3760 4669">
     <span class='ocr_line' id='line_1_103' title="bbox 2175 4585 3760 4669; baseline 0.008 -29"><span class='ocrx_word' id='word_1_731' title='bbox 2175 4585 2310 4640; x_wconf 86' lang='grc' dir='ltr'>Υίοῦ</span> <span class='ocrx_word' id='word_1_732' title='bbox 2359 4587 2598 4659; x_wconf 84' lang='grc' dir='ltr'>ἀληθοῦς</span> <span class='ocrx_word' id='word_1_733' title='bbox 2629 4591 2708 4661; x_wconf 83' lang='grc' dir='ltr'>τῷ</span> <span class='ocrx_word' id='word_1_734' title='bbox 2745 4591 3112 4666; x_wconf 87' lang='grc' dir='ltr'>ἀπεριγράφῳ</span> <span class='ocrx_word' id='word_1_735' title='bbox 3144 4595 3322 4669; x_wconf 66' lang='grc' dir='ltr'><strong>Πατρῖ⁵</strong></span> <span class='ocrx_word' id='word_1_736' title='bbox 3355 4596 3452 4651; x_wconf 81' lang='grc' dir='ltr'><strong>τοῦ</strong></span> <span class='ocrx_word' id='word_1_737' title='bbox 3493 4599 3591 4652; x_wconf 80' lang='grc' dir='ltr'><strong>καὶ</strong></span> <span class='ocrx_word' id='word_1_738' title='bbox 3629 4614 3760 4653; x_wconf 83' lang='grc' dir='ltr'>συν-</span> 
     </span>
    </p>
   </div>
   <div class='ocr_carea' id='block_1_104' title="bbox 2173 4678 3761 4757">
    <p class='ocr_par' dir='ltr' id='par_1_104' title="bbox 2173 4678 3761 4757">
     <span class='ocr_line' id='line_1_104' title="bbox 2173 4678 3761 4757; baseline 0.008 -26"><span class='ocrx_word' id='word_1_739' title='bbox 2173 4678 2446 4743; x_wconf 86' lang='grc' dir='ltr'>τεθέντος,</span> <span class='ocrx_word' id='word_1_740' title='bbox 2483 4680 2603 4744; x_wconf 86' lang='grc' dir='ltr'><strong>πῶς</strong></span> <span class='ocrx_word' id='word_1_741' title='bbox 2640 4681 2760 4736; x_wconf 73' lang='grc' dir='ltr'>ἔστι</span> <span class='ocrx_word' id='word_1_742' title='bbox 2797 4682 2887 4739; x_wconf 88' lang='grc' dir='ltr'><strong>διά</strong></span> <span class='ocrx_word' id='word_1_743' title='bbox 2935 4685 3238 4757; x_wconf 80' lang='grc' dir='ltr'>καθολικῆς</span> <span class='ocrx_word' id='word_1_744' title='bbox 3278 4688 3610 4757; x_wconf 82' lang='grc' dir='ltr'>ἀποφάσεως</span> <span class='ocrx_word' id='word_1_745' title='bbox 3649 4689 3761 4743; x_wconf 81' lang='grc' dir='ltr'>δει-</span> 
     </span>
    </p>
   </div>
   <div class='ocr_carea' id='block_1_105' title="bbox 2173 4769 3760 4853">
    <p class='ocr_par' dir='ltr' id='par_1_105' title="bbox 2173 4769 3760 4853">
     <span class='ocr_line' id='line_1_105' title="bbox 2173 4769 3760 4853; baseline 0.006 -28"><span class='ocrx_word' id='word_1_746' title='bbox 2173 4769 2378 4836; x_wconf 79' lang='grc' dir='ltr'>κνύειν,</span> <span class='ocrx_word' id='word_1_747' title='bbox 2400 4773 2482 4826; x_wconf 78' lang='grc' dir='ltr'>ὅτι</span> <span class='ocrx_word' id='word_1_748' title='bbox 2508 4773 2570 4827; x_wconf 83' lang='grc' dir='ltr'>οὐ</span> <span class='ocrx_word' id='word_1_749' title='bbox 2607 4775 2948 4832; x_wconf 89' lang='grc' dir='ltr'>συντίθενται</span> <span class='ocrx_word' id='word_1_750' title='bbox 2980 4778 3031 4832; x_wconf 82' lang='grc' dir='ltr'>οί</span> <span class='ocrx_word' id='word_1_751' title='bbox 3056 4779 3264 4851; x_wconf 91' lang='grc' dir='ltr'>κυρίως</span> <span class='ocrx_word' id='word_1_752' title='bbox 3297 4780 3404 4834; x_wconf 76' lang='grc' dir='ltr'>υίοὶ</span> <span class='ocrx_word' id='word_1_753' title='bbox 3432 4779 3529 4834; x_wconf 88' lang='grc' dir='ltr'><strong>τοῦ</strong></span> <span class='ocrx_word' id='word_1_754' title='bbox 3561 4782 3760 4853; x_wconf 84' lang='grc' dir='ltr'>ἀπερι-</span> 
     </span>
    </p>
   </div>
   <div class='ocr_carea' id='block_1_106' title="bbox 2173 4863 3757 4945">
    <p class='ocr_par' dir='ltr' id='par_1_106' title="bbox 2173 4863 3757 4945">
     <span class='ocr_line' id='line_1_106' title="bbox 2173 4863 3757 4945; baseline 0.007 -29"><span class='ocrx_word' id='word_1_755' title='bbox 2173 4863 2415 4934; x_wconf 82' lang='grc' dir='ltr'>γράφου,</span> <span class='ocrx_word' id='word_1_756' title='bbox 2444 4865 2480 4938; x_wconf 79' lang='grc' dir='ltr'>ἦ</span> <span class='ocrx_word' id='word_1_757' title='bbox 2510 4864 2600 4920; x_wconf 87' lang='grc' dir='ltr'><strong>διά</strong></span> <span class='ocrx_word' id='word_1_758' title='bbox 2631 4867 2996 4938; x_wconf 86' lang='grc' dir='ltr'>καταφάσεως</span> <span class='ocrx_word' id='word_1_759' title='bbox 3023 4871 3108 4925; x_wconf 80' lang='grc' dir='ltr'><strong>ὅτι</strong></span> <span class='ocrx_word' id='word_1_760' title='bbox 3139 4873 3249 4935; x_wconf 81' lang='grc' dir='ltr'>πᾶς</span> <span class='ocrx_word' id='word_1_761' title='bbox 3278 4872 3406 4936; x_wconf 83' lang='grc' dir='ltr'>Υίδς</span> <span class='ocrx_word' id='word_1_762' title='bbox 3431 4873 3526 4927; x_wconf 85' lang='grc' dir='ltr'><strong>τοῦ</strong></span> <span class='ocrx_word' id='word_1_763' title='bbox 3555 4875 3757 4945; x_wconf 86' lang='grc' dir='ltr'>ἀπερι-</span> 
     </span>
    </p>
   </div>
   <div class='ocr_carea' id='block_1_107' title="bbox 2172 4953 3758 5034">
    <p class='ocr_par' dir='ltr' id='par_1_107' title="bbox 2172 4953 3758 5034">
     <span class='ocr_line' id='line_1_107' title="bbox 2172 4953 3758 5034; baseline 0.004 -25"><span class='ocrx_word' id='word_1_764' title='bbox 2172 4953 2414 5026; x_wconf 84' lang='grc' dir='ltr'>γράφου,</span> <span class='ocrx_word' id='word_1_765' title='bbox 2464 4955 2671 5028; x_wconf 85' lang='grc' dir='ltr'>κυρίως</span> <span class='ocrx_word' id='word_1_766' title='bbox 2718 4956 2816 5025; x_wconf 85' lang='grc' dir='ltr'><strong>ὣν,</strong></span> <span class='ocrx_word' id='word_1_767' title='bbox 2863 4959 2962 5014; x_wconf 76' lang='grc' dir='ltr'>καὶ</span> <span class='ocrx_word' id='word_1_768' title='bbox 2998 4961 3296 5028; x_wconf 73' lang='grc' dir='ltr'>ἀσύνθετός</span> <span class='ocrx_word' id='word_1_769' title='bbox 3337 4964 3522 5029; x_wconf 62' lang='lat' dir='ltr'><strong>tactv;</strong></span> <span class='ocrx_word' id='word_1_770' title='bbox 3551 4963 3616 5016; x_wconf 78' lang='lat' dir='ltr'><strong>El</strong></span> <span class='ocrx_word' id='word_1_771' title='bbox 3645 4964 3758 5034; x_wconf 82' lang='grc' dir='ltr'>γὰρ</span> 
     </span>
    </p>
   </div>
   <div class='ocr_carea' id='block_1_108' title="bbox 2175 5046 3754 5127">
    <p class='ocr_par' dir='ltr' id='par_1_108' title="bbox 2175 5046 3754 5127">
     <span class='ocr_line' id='line_1_108' title="bbox 2175 5046 3754 5127; baseline 0.006 -26"><span class='ocrx_word' id='word_1_772' title='bbox 2175 5048 2274 5102; x_wconf 76' lang='grc' dir='ltr'>καὶ</span> <span class='ocrx_word' id='word_1_773' title='bbox 2299 5047 2369 5102; x_wconf 83' lang='grc' dir='ltr'><strong>τά</strong></span> <span class='ocrx_word' id='word_1_774' title='bbox 2408 5047 2592 5114; x_wconf 86' lang='grc' dir='ltr'>ίδικῶς</span> <span class='ocrx_word' id='word_1_775' title='bbox 2621 5049 2772 5118; x_wconf 76' lang='grc' dir='ltr'>ὄντα,</span> <span class='ocrx_word' id='word_1_776' title='bbox 2799 5053 2886 5123; x_wconf 74' lang='grc' dir='ltr'><strong>ἐφ’</strong></span> <span class='ocrx_word' id='word_1_777' title='bbox 2918 5046 2994 5109; x_wconf 81' lang='grc' dir='ltr'>ὧν</span> <span class='ocrx_word' id='word_1_778' title='bbox 3023 5054 3125 5108; x_wconf 80' lang='grc' dir='ltr'>οὐκ</span> <span class='ocrx_word' id='word_1_779' title='bbox 3155 5054 3308 5109; x_wconf 78' lang='grc' dir='ltr'>ἔστιν</span> <span class='ocrx_word' id='word_1_780' title='bbox 3340 5051 3479 5120; x_wconf 75' lang='grc' dir='ltr'>εἶδος</span> <span class='ocrx_word' id='word_1_781' title='bbox 3509 5055 3543 5127; x_wconf 78' lang='grc' dir='ltr'>ἦ</span> <span class='ocrx_word' id='word_1_782' title='bbox 3573 5056 3754 5124; x_wconf 82' lang='grc' dir='ltr'>γένος,</span> 
     </span>
    </p>
   </div>
   <div class='ocr_carea' id='block_1_109' title="bbox 2175 5138 3755 5218">
    <p class='ocr_par' dir='ltr' id='par_1_109' title="bbox 2175 5138 3755 5218">
     <span class='ocr_line' id='line_1_109' title="bbox 2175 5138 3755 5218; baseline 0.004 -24"><span class='ocrx_word' id='word_1_783' title='bbox 2175 5138 2264 5194; x_wconf 91' lang='grc' dir='ltr'><strong>διά</strong></span> <span class='ocrx_word' id='word_1_784' title='bbox 2279 5139 2390 5193; x_wconf 90' lang='grc' dir='ltr'>τῶν</span> <span class='ocrx_word' id='word_1_785' title='bbox 2419 5142 2685 5198; x_wconf 71' lang='grc' dir='ltr'>καθόλου</span> <span class='ocrx_word' id='word_1_786' title='bbox 2717 5143 2986 5198; x_wconf 84' lang='grc' dir='ltr'>δεικτέον·</span> <span class='ocrx_word' id='word_1_787' title='bbox 3019 5147 3143 5200; x_wconf 69' lang='grc' dir='ltr'>ἐπεὶ</span> <span class='ocrx_word' id='word_1_788' title='bbox 3171 5150 3282 5202; x_wconf 84' lang='grc' dir='ltr'><strong>πᾶν</strong></span> <span class='ocrx_word' id='word_1_789' title='bbox 3307 5148 3466 5218; x_wconf 85' lang='grc' dir='ltr'>σῶμα</span> <span class='ocrx_word' id='word_1_790' title='bbox 3494 5150 3551 5201; x_wconf 81' lang='grc' dir='ltr'><strong>ἐν</strong></span> <span class='ocrx_word' id='word_1_791' title='bbox 3579 5148 3755 5217; x_wconf 84' lang='grc' dir='ltr'>τόπῳ,</span> 
     </span>
    </p>
   </div>
   <div class='ocr_carea' id='block_1_110' title="bbox 2177 5233 3752 5310">
    <p class='ocr_par' dir='ltr' id='par_1_110' title="bbox 2177 5233 3752 5310">
     <span class='ocr_line' id='line_1_110' title="bbox 2177 5233 3752 5310; baseline 0.004 -23"><span class='ocrx_word' id='word_1_792' title='bbox 2177 5233 2274 5288; x_wconf 70' lang='grc' dir='ltr'><strong>καὶ</strong></span> <span class='ocrx_word' id='word_1_793' title='bbox 2297 5233 2327 5286; x_wconf 88' lang='lat'><strong>6</strong></span> <span class='ocrx_word' id='word_1_794' title='bbox 2355 5234 2588 5306; x_wconf 79' lang='grc' dir='ltr'>οὐρανὸς</span> <span class='ocrx_word' id='word_1_795' title='bbox 2631 5235 2740 5306; x_wconf 85' lang='grc' dir='ltr'><strong>ἀρα</strong></span> <span class='ocrx_word' id='word_1_796' title='bbox 2782 5239 2842 5291; x_wconf 85' lang='grc' dir='ltr'>ὲν</span> <span class='ocrx_word' id='word_1_797' title='bbox 2885 5236 3062 5309; x_wconf 86' lang='grc' dir='ltr'>τόπῳ,</span> <span class='ocrx_word' id='word_1_798' title='bbox 3088 5240 3185 5293; x_wconf 74' lang='grc' dir='ltr'><strong>καὶ</strong></span> <span class='ocrx_word' id='word_1_799' title='bbox 3229 5240 3351 5294; x_wconf 88' lang='grc' dir='ltr'>τόδε</span> <span class='ocrx_word' id='word_1_800' title='bbox 3383 5241 3474 5293; x_wconf 76' lang='grc' dir='ltr'><strong>ἐπ’</strong></span> <span class='ocrx_word' id='word_1_801' title='bbox 3498 5241 3752 5310; x_wconf 83' lang='grc' dir='ltr'>ἄπειρον.</span> 
     </span>
    </p>
   </div>
   <div class='ocr_carea' id='block_1_111' title="bbox 2179 5323 3758 5400">
    <p class='ocr_par' dir='ltr' id='par_1_111' title="bbox 2179 5323 3758 5400">
     <span class='ocr_line' id='line_1_111' title="bbox 2179 5323 3758 5400; baseline 0.005 -24"><span class='ocrx_word' id='word_1_802' title='bbox 2179 5323 2291 5377; x_wconf 75' lang='grc' dir='ltr'><strong>Καὶ</strong></span> <span class='ocrx_word' id='word_1_803' title='bbox 2322 5324 2446 5377; x_wconf 74' lang='grc' dir='ltr'>ἐπεὶ</span> <span class='ocrx_word' id='word_1_804' title='bbox 2489 5325 2645 5379; x_wconf 85' lang='grc' dir='ltr'>οὐδὲν</span> <span class='ocrx_word' id='word_1_805' title='bbox 2673 5327 2872 5398; x_wconf 79' lang='grc' dir='ltr'>ἄστρον</span> <span class='ocrx_word' id='word_1_806' title='bbox 2899 5329 3273 5400; x_wconf 80' lang='grc' dir='ltr'>ἡμεροφανὲς,</span> <span class='ocrx_word' id='word_1_807' title='bbox 3297 5329 3420 5383; x_wconf 75' lang='grc' dir='ltr'>οὐδὲ</span> <span class='ocrx_word' id='word_1_808' title='bbox 3458 5332 3487 5384; x_wconf 89' lang='lat'><strong>6</strong></span> <span class='ocrx_word' id='word_1_809' title='bbox 3530 5331 3758 5399; x_wconf 80' lang='grc' dir='ltr'>φωσφό-</span> 
     </span>
    </p>
   </div>
   <div class='ocr_carea' id='block_1_112' title="bbox 2179 5414 3756 5492">
    <p class='ocr_par' dir='ltr' id='par_1_112' title="bbox 2179 5414 3756 5492">
     <span class='ocr_line' id='line_1_112' title="bbox 2179 5414 3756 5492; baseline 0.004 -25"><span class='ocrx_word' id='word_1_810' title='bbox 2179 5431 2294 5483; x_wconf 88' lang='grc' dir='ltr'>ρος,</span> <span class='ocrx_word' id='word_1_811' title='bbox 2327 5414 2508 5468; x_wconf 76' lang='grc' dir='ltr'>καίτοι</span> <span class='ocrx_word' id='word_1_812' title='bbox 2535 5414 2681 5469; x_wconf 87' lang='grc' dir='ltr'><strong>κατά</strong></span> <span class='ocrx_word' id='word_1_813' title='bbox 2707 5416 2930 5483; x_wconf 90' lang='grc' dir='ltr'>πλείους</span> <span class='ocrx_word' id='word_1_814' title='bbox 2956 5418 3112 5492; x_wconf 79' lang='grc' dir='ltr'>ὤφθη</span> <span class='ocrx_word' id='word_1_815' title='bbox 3161 5420 3408 5492; x_wconf 79' lang='grc' dir='ltr'>καιρούς.</span> <span class='ocrx_word' id='word_1_816' title='bbox 3461 5422 3574 5476; x_wconf 82' lang='grc' dir='ltr'><strong>Καὶ</strong></span> <span class='ocrx_word' id='word_1_817' title='bbox 3629 5423 3756 5476; x_wconf 75' lang='grc' dir='ltr'>ἐπεὶ</span> 
     </span>
    </p>
   </div>
   <div class='ocr_carea' id='block_1_113' title="bbox 2175 5503 3754 5583">
    <p class='ocr_par' dir='ltr' id='par_1_113' title="bbox 2175 5503 3754 5583">
     <span class='ocr_line' id='line_1_113' title="bbox 2175 5503 3754 5583; baseline 0.006 -26"><span class='ocrx_word' id='word_1_818' title='bbox 2175 5503 2406 5574; x_wconf 78' lang='grc' dir='ltr'>οὐδεμία</span> <span class='ocrx_word' id='word_1_819' title='bbox 2432 5506 2636 5577; x_wconf 78' lang='grc' dir='ltr'>στιγμὴ</span> <span class='ocrx_word' id='word_1_820' title='bbox 2672 5508 2732 5562; x_wconf 74' lang='grc' dir='ltr'>ἐν</span> <span class='ocrx_word' id='word_1_821' title='bbox 2769 5507 2849 5578; x_wconf 81' lang='grc' dir='ltr'>τῷ</span> <span class='ocrx_word' id='word_1_822' title='bbox 2874 5513 3162 5583; x_wconf 83' lang='grc' dir='ltr'>μεσετάτῳ</span> <span class='ocrx_word' id='word_1_823' title='bbox 3191 5512 3372 5582; x_wconf 89' lang='grc' dir='ltr'>πάντη</span> <span class='ocrx_word' id='word_1_824' title='bbox 3394 5511 3489 5565; x_wconf 88' lang='grc' dir='ltr'><strong>τοῦ</strong></span> <span class='ocrx_word' id='word_1_825' title='bbox 3523 5511 3754 5579; x_wconf 79' lang='grc' dir='ltr'>κύκλου,</span> 
     </span>
    </p>
   </div>
   <div class='ocr_carea' id='block_1_114' title="bbox 2175 5597 3757 5676">
    <p class='ocr_par' dir='ltr' id='par_1_114' title="bbox 2175 5597 3757 5676">
     <span class='ocr_line' id='line_1_114' title="bbox 2175 5597 3757 5676; baseline 0.006 -27"><span class='ocrx_word' id='word_1_826' title='bbox 2175 5597 2286 5650; x_wconf 82' lang='grc' dir='ltr'>οὐδ’</span> <span class='ocrx_word' id='word_1_827' title='bbox 2309 5597 2420 5666; x_wconf 86' lang='grc' dir='ltr'><strong>ἀρα</strong></span> <span class='ocrx_word' id='word_1_828' title='bbox 2446 5597 2507 5650; x_wconf 80' lang='grc' dir='ltr'>τὸ</span> <span class='ocrx_word' id='word_1_829' title='bbox 2526 5597 2751 5669; x_wconf 89' lang='grc' dir='ltr'>κέντρον</span> <span class='ocrx_word' id='word_1_830' title='bbox 2769 5615 2786 5631; x_wconf 92' lang='grc'><strong>·</strong></span> <span class='ocrx_word' id='word_1_831' title='bbox 2818 5601 2943 5654; x_wconf 90' lang='grc' dir='ltr'>τίνα</span> <span class='ocrx_word' id='word_1_832' title='bbox 2983 5602 3042 5657; x_wconf 77' lang='grc' dir='ltr'>δὲ</span> <span class='ocrx_word' id='word_1_833' title='bbox 3067 5604 3161 5658; x_wconf 68' lang='grc' dir='ltr'><strong>κα)⁸</strong></span> <span class='ocrx_word' id='word_1_834' title='bbox 3191 5603 3398 5658; x_wconf 86' lang='grc' dir='ltr'>θέλοιεν</span> <span class='ocrx_word' id='word_1_835' title='bbox 3425 5605 3571 5676; x_wconf 76' lang='grc' dir='ltr'>ἔχειν</span> <span class='ocrx_word' id='word_1_836' title='bbox 3593 5605 3757 5674; x_wconf 87' lang='grc' dir='ltr'>λόγον</span> 
     </span>
    </p>
   </div>
   <div class='ocr_carea' id='block_1_115' title="bbox 2179 5687 3754 5768">
    <p class='ocr_par' dir='ltr' id='par_1_115' title="bbox 2179 5687 3754 5768">
     <span class='ocr_line' id='line_1_115' title="bbox 2179 5687 3754 5768; baseline 0.006 -28"><span class='ocrx_word' id='word_1_837' title='bbox 2179 5687 2432 5751; x_wconf 87' lang='grc' dir='ltr'>σύνθεσις</span> <span class='ocrx_word' id='word_1_838' title='bbox 2475 5687 2617 5759; x_wconf 86' lang='grc' dir='ltr'><strong>μετά</strong></span> <span class='ocrx_word' id='word_1_839' title='bbox 2664 5690 2915 5761; x_wconf 87' lang='grc' dir='ltr'>υἱότητος</span> <span class='ocrx_word' id='word_1_840' title='bbox 2939 5693 3390 5765; x_wconf 86' lang='grc' dir='ltr'>ἀγχινουστάτου,</span> <span class='ocrx_word' id='word_1_841' title='bbox 3423 5697 3536 5750; x_wconf 77' lang='grc' dir='ltr'>εἴτε</span> <span class='ocrx_word' id='word_1_842' title='bbox 3561 5696 3754 5768; x_wconf 90' lang='grc' dir='ltr'>κυρία,</span> 
     </span>
    </p>
   </div>
   <div class='ocr_carea' id='block_1_116' title="bbox 2175 5781 3757 5860">
    <p class='ocr_par' dir='ltr' id='par_1_116' title="bbox 2175 5781 3757 5860">
     <span class='ocr_line' id='line_1_116' title="bbox 2175 5781 3757 5860; baseline 0.006 -28"><span class='ocrx_word' id='word_1_843' title='bbox 2175 5781 2284 5834; x_wconf 71' lang='grc' dir='ltr'>εἴτε</span> <span class='ocrx_word' id='word_1_844' title='bbox 2321 5784 2771 5851; x_wconf 66' lang='grc' dir='ltr'>καταχρηστικῄ</span> <span class='ocrx_word' id='word_1_845' title='bbox 2803 5783 2957 5840; x_wconf 81' lang='grc' dir='ltr'>ποιὸν</span> <span class='ocrx_word' id='word_1_846' title='bbox 2989 5787 3098 5859; x_wconf 83' lang='grc' dir='ltr'><strong>γὰρ</strong></span> <span class='ocrx_word' id='word_1_847' title='bbox 3130 5789 3291 5860; x_wconf 86' lang='grc' dir='ltr'>ποιῷ,</span> <span class='ocrx_word' id='word_1_848' title='bbox 3325 5790 3420 5843; x_wconf 86' lang='grc' dir='ltr'>καὶ</span> <span class='ocrx_word' id='word_1_849' title='bbox 3454 5789 3626 5842; x_wconf 81' lang='grc' dir='ltr'>ποσὸν</span> <span class='ocrx_word' id='word_1_850' title='bbox 3655 5805 3757 5841; x_wconf 84' lang='grc' dir='ltr'><strong>πο-</strong></span> 
     </span>
    </p>
   </div>
   <div class='ocr_carea' id='block_1_117' title="bbox 2181 5874 3754 5957">
    <p class='ocr_par' dir='ltr' id='par_1_117' title="bbox 2181 5874 3754 5957">
     <span class='ocr_line' id='line_1_117' title="bbox 2181 5874 3754 5957; baseline 0.008 -29"><span class='ocrx_word' id='word_1_851' title='bbox 2181 5874 2280 5946; x_wconf 82' lang='grc' dir='ltr'>σῷ,</span> <span class='ocrx_word' id='word_1_852' title='bbox 2320 5877 2414 5930; x_wconf 81' lang='grc' dir='ltr'>καὶ</span> <span class='ocrx_word' id='word_1_853' title='bbox 2446 5878 2475 5929; x_wconf 92' lang='lat'><strong>6</strong></span> <span class='ocrx_word' id='word_1_854' title='bbox 2513 5878 2676 5943; x_wconf 81' lang='grc' dir='ltr'>ποσδς</span> <span class='ocrx_word' id='word_1_855' title='bbox 2692 5881 2866 5953; x_wconf 77' lang='grc' dir='ltr'>κυρῷ,</span> <span class='ocrx_word' id='word_1_856' title='bbox 2899 5886 2994 5939; x_wconf 71' lang='grc' dir='ltr'>καὶ</span> <span class='ocrx_word' id='word_1_857' title='bbox 3028 5885 3175 5954; x_wconf 86' lang='grc' dir='ltr'>λίθος</span> <span class='ocrx_word' id='word_1_858' title='bbox 3223 5887 3367 5953; x_wconf 78' lang='grc' dir='ltr'>ξύλω</span> <span class='ocrx_word' id='word_1_859' title='bbox 3420 5886 3754 5957; x_wconf 66' lang='grc' dir='ltr'>συντιθέμεε</span> 
     </span>
    </p>
   </div>
  </div>
