4032 6528
272 434 407 498 ΗΠ

1214 429 1614 491 ADVERSUS
1652 427 2203 492 NESTORIANOS.
2242 458 2311 469 —
2346 433 2491 494 LIB.
2524 436 2571 493 ῐ.

3393 433 3536 501 Mlti

263 562 376 609 νος.
414 538 567 614 *Δρα
619 541 711 597 διὰ
756 541 818 594 τὸ
872 540 1333 611 καταχρηστικῶς
1385 537 1529 594 εἶναι
1578 542 1704 605 Υἱὸς
1750 542 1844 595 τοῦ

1968 558 2057 597 em
2082 543 2236 597 nullo
2284 559 2349 599 ex
2377 544 2465 599 his
2490 544 2669 600 modis
2692 547 2937 616 quadam
2977 547 3267 609 uniuntur,
3292 562 3394 603 nec
3420 548 3536 605 ullo

263 636 649 709 ἁπεριγράφου
698 632 982 700 συνετέθη,
1017 630 1050 701 ἢ
1095 631 1217 686 οὐδὲ
1262 630 1352 685 διὰ
1382 632 1445 687 τὸ
1470 650 1845 704 καταχρηστιο

264 728 398 792 κῶς,
427 725 549 780 οὐδὲ
597 724 688 778 διὰ
732 723 795 777 τὸ
844 722 1085 793 κυρίω;;
1150 722 1201 775 εἰ
1260 720 1319 776 δὲ
1347 721 1416 776 δι’
1452 723 1606 775 οὐδὲν
1636 722 1844 777 τούτων

1949 649 2017 688 ex
2048 634 2137 689 his
2162 650 2273 689 non
2313 635 2466 691 unita
2499 638 2923 707 permanebunt,
2968 638 3063 693 sed
3114 639 3238 694 aliis
3288 640 3534 710 propriis

1951 728 2390 798 necessariisque
2433 730 2627 784 unioni
2668 732 2922 788 vocibus.

267 816 578 872 συντίθεται
610 833 754 881 τινα,
784 814 913 894 οὐδὲ
978 813 1068 868 διά
1113 830 1165 869 τι
1202 812 1411 870 τούτων
1460 814 1732 872 ἀσύνθετα
1799 818 2046 887 μείναιεν
2120 821 2168 875 τ’
2220 821 2309 887 ἂν,
2365 820 2503 877 ἀλλά
2563 823 2633 876 δι’
2682 824 2906 894 ἑτέρους
2958 827 3197 892 οἰκείους
3267 828 3363 883 καὶ
3410 826 3539 881 ἁνα-

264 908 494 980 γκαίους
522 909 590 979 τῇ
621 888 871 961 συνθέσει
899 903 1113 972 λόγους.

865 1041 1117 1097 ΚΕΦᾹΛ.
1163 1041 1238 1096 E'.

339 1182 497 1236 Πᾶσα
529 1178 686 1235 οὐσία
735 1176 1114 1249 ἀπερίγραφος
1146 1176 1446 1247 πανταχοῦ,
1478 1177 1575 1232 καὶ
1627 1178 1685 1232 ὲν
1720 1178 1852 1231 ἑκά-

269 1289 380 1344 στῳ
405 1272 499 1327 καὶ
530 1270 615 1340 ἐφ’
634 1271 799 1340 ἑαυτῇ
832 1269 974 1323 κατὰ
1002 1269 1062 1321 τὸ
1093 1269 1228 1322 αὐτὸ
1262 1270 1359 1323 καὶ
1380 1269 1644 1334 ὡσαύτως
1672 1272 1852 1342 ὑπάρ-

268 1383 355 1437 χει
402 1365 779 1435 ἀπερινοήτως
825 1361 963 1416 καθὸ
1001 1361 1180 1426 οὐσία,
1217 1364 1337 1417 ἐπεὶ
1368 1361 1526 1417 τοῦτο
1558 1364 1689 1417 ἴδιον
1718 1366 1854 1417 ἀπε-

272 1458 573 1532 ριγράφου’
615 1458 726 1511 πᾶν
761 1456 819 1510 δὲ
882 1456 1023 1509 κατά
1056 1455 1118 1510 τὸ
1150 1456 1286 1510 αὐτὸ
1337 1456 1431 1509 καὶ
1477 1455 1743 1518 ὡσαύτως
1792 1456 1850 1508 ἑν

272 1553 439 1605 πᾶσιν
489 1550 757 1620 ὑπάρχον,
820 1548 1052 1613 ἀλλοίως
1101 1549 1197 1601 καὶ
1238 1547 1467 1613 ἀλλοίως
1508 1548 1569 1601 ού
1624 1548 1849 1602 δύναται

273 1640 419 1698 εἶναι
471 1642 530 1697 ἑν
579 1660 687 1696 τινι
722 1641 867 1695 καθά
900 1641 1089 1695 ούσία⁹
1129 1640 1191 1693 τὸ
1217 1640 1326 1710 γὰρ
1357 1641 1643 1707 ὡσαύτως
1690 1641 1850 1696 avai-

275 1732 491 1803 ρετικὸν
523 1732 637 1785 ἑστι
668 1728 759 1783 τοῦ
787 1728 1054 1795 ἀλλοίως
1092 1729 1187 1782 καὶ
1221 1728 1504 1795 ἀλλοίως.
1546 1729 1705 1783 Πᾶσα
1741 1728 1852 1799 ἄρα

273 1823 433 1877 οὐσία
461 1822 839 1892 ἀπερίγραφος
873 1820 934 1872 ού
970 1818 1195 1873 δύναται
1233 1818 1463 1883 ἀλλοίως
1504 1821 1597 1874 καὶ
1624 1819 1853 1884 ἀλλοίως

2578 1016 2767 1103 ὀΑρ.
2807 1048 2871 1103 v.

2023 1178 2219 1237 Omnis
2239 1182 2479 1237 essentia
2504 1192 2589 1237 est
2612 1182 2826 1238 inﬁnita
2854 1184 3080 1254 ubique,
3110 1184 3166 1241 in
3199 1201 3535 1258 unoquoque

1957 1281 2124 1342 atque
2173 1273 2227 1327 in
2278 1275 2574 1344 semetipsa
2627 1275 2931 1331 secundum
2980 1277 3123 1332 idem
3175 1288 3231 1332 et
3280 1279 3538 1336 similiter

1959 1365 2124 1421 modo
2154 1366 2705 1437 incompreliensibili
2740 1378 2802 1423 ut
2838 1370 3098 1435 essentia,
3125 1370 3399 1441 siquidem
3433 1372 3539 1428 hoc

1958 1458 2244 1528 proprium
2284 1469 2367 1513 est
2398 1458 2622 1513 inﬁniti.
2655 1460 2830 1516 Omne
2854 1468 3036 1516 autem
3059 1463 3361 1517 secundum
3392 1464 3537 1519 idem

1957 1564 2021 1605 ac
2051 1548 2307 1605 similiter
2338 1550 2391 1604 in
2418 1550 2679 1606 omnibus
2711 1551 3001 1615 cxsistens,
3053 1552 3216 1607 aliter
3270 1564 3327 1609 et
3378 1555 3539 1610 aliter

1952 1651 2075 1692 esse
2111 1638 2304 1708 nequit
2350 1638 2407 1692 in
2442 1639 2628 1709 aliquo
2673 1648 2734 1695 ut
2778 1640 3061 1707 essentia;
3096 1642 3343 1697 similiter
3389 1644 3538 1699 enim

1957 1728 2204 1783 excludit
2229 1728 2387 1784 aliter
2408 1738 2457 1785 et
2492 1730 2670 1786 aliter.
2704 1729 2896 1786 Omnis
2918 1746 3049 1801 ergo
3066 1736 3306 1789 essentia
3326 1734 3538 1789 inﬁnita

1959 1834 2070 1874 non
2100 1828 2282 1889 potest
2312 1821 2474 1876 aliter
2499 1831 2555 1876 et
2578 1824 2741 1877 aliter
2760 1838 2879 1877 esse
2908 1824 2963 1877 in
2982 1824 3167 1894 aliquo
3189 1834 3251 1879 ut
3274 1827 3536 1881 essentia.

275 1912 413 1967 εἶναι
440 1913 496 1966 ἑν
527 1884 797 1965 sttit-itali?)
830 1910 1013 1964 οὐσία.
1036 1910 1098 1963 Εί
1116 1910 1170 1962 δὲ
1192 1909 1375 1977 τοῦτο,
1403 1907 1856 1983 ζητητέον,⁷Αρα

1965 1911 2017 1966 Si
2046 1927 2176 1966 vero
2210 1912 2314 1966 hoc
2345 1921 2511 1978 esset,
2556 1922 2704 1968 esset
2749 1913 3105 1984 quaerendum
3146 1932 3214 1969 an
3243 1918 3539 1971 essentiam

276 2007 377 2075 τὴν
405 2004 594 2058 οὐσίαν
620 1999 715 2056 τοῦ
755 2001 892 2056 Θεοῦ
926 2001 1102 2070 Λόγου
1143 2003 1528 2074 περιγραπτὴν
1566 1998 1708 2056 εἷναί
1754 2020 1861 2073 φα-

278 2115 404 2169 μεν,
434 2096 469 2168 ἢ
526 2095 939 2167 ἀπερίγραφον;
994 2096 1104 2149 Kal
1135 2096 1184 2147 εί
1216 2094 1316 2164 μὲν
1358 2095 1746 2167 περιγραπτὴν
1779 2094 1858 2148 εί-

278 2206 500 2261 ποιμεν,
525 2188 794 2260 πρόδηλον
818 2187 880 2241 τὸ
909 2186 1248 2259 βλάσφημον.
1280 2187 1343 2238 El
1363 2186 1421 2239 δὲ
1453 2186 1856 2257 ἀπερίγραφον,

278 2282 311 2352 ἢ
346 2283 480 2335 πᾶσι
517 2280 800 2350 σύγκειται
837 2279 1057 2351 ήούσία
1084 2277 1178 2331 τοῦ
1227 2276 1362 2331 Θεοῦ
1394 2277 1652 2348 Λόγου,ἢ
1686 2278 1860 2331 οὐδενὶ

283 2373 570 2442 σύγκειται
622 2374 656 2446 ἡ
715 2371 873 2427 οὐσία
916 2369 1012 2424 τοῦ
1058 2367 1196 2423 Θεοῦ
1246 2371 1459 2438 Λόγου’
1491 2368 1721 2432 ἀλλοίως
1748 2367 1860 2438 γὰρ

280 2467 376 2519 καὶ
405 2464 633 2528 ἀλλοίως
649 2462 707 2517 ἔν
734 2479 843 2516 τινι
874 2463 935 2516 ού
966 2460 1188 2515 δύναται
1208 2459 1347 2517 εἶναι
1370 2460 1507 2513 καθὸ
1532 2459 1713 2523 οὐσία,
1733 2460 1860 2512 ἐπεὶ

281 2560 378 2612 καὶ
403 2557 604 2628 ἀπερίγ
616 2538 814 2627 ραφοςο
844 2553 1194 2626 ὡμολόγηται
1228 2554 1285 2607 δὲ
1306 2555 1390 2607 ὅτι
1418 2555 1585 2607 πᾶσιν
1631 2553 1693 2607 οὑ
1726 2552 1860 2622 σδύγ-

282 2663 494 2705 κειται’
521 2648 643 2702 οὐδὲ
682 2646 791 2718 ἄρα
840 2646 948 2700 τινὶ
993 2644 1310 2714 σύγκειταιο
1344 2646 1439 2698 καὶ
1490 2643 1782 2698 ἀσεϐοῦσιν
1812 2644 1861 2696 οἱ

282 2743 534 2810 λέγοντες
567 2738 891 2808 συγκεῖσθαι
920 2737 1019 2809 τὴν
1066 2737 1257 2791 οὐσίαν
1288 2735 1382 2789 τοῦ
1413 2735 1546 2789 Θεοῦ
1573 2735 1748 2801 Λόγου
1793 2736 1859 2806 τῇ

279 2832 341 2897 ἑξ
396 2831 555 2903 ἡμῶν
596 2833 677 2893 είς
721 2829 929 2884 οἰκείαν
993 2825 1159 2881 αὐτοῦ
1233 2826 1542 2898 φανέρωσιν
1593 2825 1861 2898 ληφθείσῃ

283 2924 469 2995 σαρκί.
502 2924 709 2985 Ὄντως
738 2924 795 2975 ὲν
826 2920 1008 2992 ἔργοις
1034 2918 1141 2974 τῶν
1185 2920 1387 2991 χειρῶν
1431 2917 1600 2972 αὐτοῦ
1637 2917 1863 2988 συνελή-

284 3015 393 3087 φθη
422 3016 451 3067 ὁ
479 3013 825 3085 ἁμαρτωλὸς,
861 3011 955 3065 καὶ
995 3010 1317 3080 ἐπιστρέφει
1347 3012 1374 3064 ὁ
1400 3012 1559 3072 πόνος
1592 3008 1756 3064 αὑτοῦ
1785 3010 1864 3070 εἰς

285 3105 528 3177 κεφαλὴν
562 3102 728 3158 αὐτοῦ
749 3120 763 3133 ·
792 3101 934 3156 κατὰ
962 3099 1071 3171 γὰρ
1102 3100 1170 3154 τὰ
1199 3100 1294 3153 νῦν
1322 3099 1453 3170 παρ’
1508 3099 1662 3171 ὑμῶν
1712 3100 1865 3172 είρη-

288 3198 446 3268 μὲνα,
476 3191 525 3250 εί
571 3193 849 3265 πανταχοῦ
879 3195 973 3247 καὶ
1020 3195 1077 3246 ἐν
1122 3194 1357 3264 ἑκάστῳ,
1384 3193 1551 3265 ἤγουν
1574 3195 1630 3245 ἑν
1659 3192 1741 3245 ἑνὶ
1770 3192 1863 3246 καὶ

285 3288 453 3341 παντὶ
503 3284 889 3357 περιγραπτῷ,
941 3284 1037 3339 καὶ
1093 3283 1178 3353 ἐφ’
1232 3286 1400 3355 ἑαυτῇ
1456 3285 1624 3356 ἤγουν
1679 3285 1737 3337 ἑν
1787 3283 1866 3356 τῷ

285 3379 688 3449 ἀπεριγράπτῳ
733 3376 876 3430 κατά
906 3376 964 3430 τὸ
990 3375 1125 3431 αὐτὸ
1152 3377 1247 3428 καὶ
1270 3375 1534 3439 ὡσαύτως
1561 3375 1799 3446 ὑπάρχει
1831 3377 1865 3447 ὴ

288 3473 393 3524 ἀπε
402 3470 668 3542 ρίγραιρος
685 3468 841 3522 οὐσία
865 3484 879 3499 ’
904 3467 1177 3521 καὶτοῦτο
1206 3467 1356 3533 ἴδιον,
1386 3467 1460 3531 ὦς
1484 3486 1642 3537 φατε,
1674 3469 1869 3539 ἀπερι-

290 3562 505 3633 γράφου
534 3562 745 3625 οὐσίας,
784 3560 860 3631 μὴ
899 3560 1104 3630 ἑτέρως
1133 3555 1272 3613 εἶναι
1298 3560 1355 3611 ἑν
1382 3557 1460 3628 τῷ
1506 3556 1866 3629 περιγραπτῷ

290 3656 385 3708 καὶ
415 3654 615 3727 ἑτέρως
668 3654 728 3707 ἐν
771 3653 961 3724 ἑαυτῇ,
994 3653 1163 3723 ἤγουν
1209 3654 1267 3703 ἐν
1300 3648 1377 3720 τῷ
1425 3650 1863 3721 ἁπεριγράπτῳ’

290 3748 386 3802 καὶ
434 3748 494 3801 οῦ
526 3732 768 3801 ’δύναται
812 3745 1041 3809 ἀλλοίως
1071 3741 1212 3799 εἶναι
1253 3745 1312 3797 ἑν
1356 3738 1440 3806 οἷς
1486 3745 1655 3807 ἐστιν,
1685 3745 1734 3797 εί
1772 3743 1868 3797 καὶ

291 3838 483 3892 ἁλλοἰά
505 3838 644 3889 εἰσιν
676 3837 880 3900 ἐκεῖνα,
911 3834 1093 3899 καθὼς
1112 3835 1214 3906 ἤδη
1242 3831 1512 3886 ὑπέθεσθε
1534 3847 1548 3862 ·
1581 3830 1639 3884 ἑν
1667 3850 1727 3884 τε
1758 3833 1866 3904 γὰρ

291 3932 403 3993 τοῖς
442 3929 843 3999 περιγραπτοῖς
888 3926 984 3978 καὶ
1013 3926 1070 3978 ἑν
1100 3925 1273 3996 ἑαυτῇ
1299 3922 1704 3994 ἀπεριγρὰπτῳ
1731 3922 1866 3994 οῦσῃ

290 4020 491 4091 ὁμοίως
523 4021 658 4084 ἐστὶ,
689 4018 806 4081 πῶς
831 4018 919 4070 διὰ
949 4017 1008 4070 τὸ
1040 4016 1454 4088 ἀπερίγραπτον
1493 4010 1653 4083 εἶναι,
1678 4014 1739 4068 ού
1776 4014 1868 4067 δυο

289 4112 449 4166 νατὸν
487 4107 625 4166 εἶναι
649 4112 819 4180 αὐτὴν
847 4110 903 4166 ἑν
936 4127 1042 4164 τινι
1068 4107 1431 4180 περιγραπτῴ
1462 4108 1655 4179 πρώην
1689 4124 1749 4160 τε
1774 4107 1869 4162 καὶ

290 4205 418 4269 νῦν;
453 4205 645 4257 Ἔσται
680 4204 789 4275 γὰρ
814 4202 955 4257 κατά
981 4203 1043 4255 τὸ
1081 4200 1377 4255 ἀκόλουθον
1410 4202 1523 4264 τοῖς
1554 4199 1865 4271 ὑμετέροις,

288 4296 409 4350 οὐδὲ
446 4297 504 4350 ὲν
558 4297 725 4366 ἑαυτῇ
777 4294 1051 4366 δυναμένη
1103 4289 1267 4359 εἶναι,
1304 4293 1462 4364 εἴπερ
1488 4292 1691 4363 ὁμοίως
1721 4291 1779 4344 ἑν
1806 4308 1866 4343 τε

289 4390 456 4460 ἑαυτῇ
490 4389 584 4444 καὶ
627 4390 685 4442 ὲν
728 4389 843 4451 τοῖς
882 4388 1013 4458 παρ’
1044 4386 1215 4456 αὐτήν
1246 4387 1393 4438 ἐστιν
1414 4401 1430 4417 ο
1463 4385 1685 4455 ἀνάγκη
1716 4383 1772 4436 δὲ
1798 4379 1866 4455 ἧν

291 4481 518 4552 μᾶλλον,
556 4479 672 4549 εἴγε
697 4468 896 4552 ὁμοίως
928 4480 1074 4533 ἐστὶν
1101 4479 1161 4532 ἑν
1184 4478 1374 4541 πᾶσιν,
1409 4475 1485 4541 ὡς
1515 4475 1613 4529 καὶ
1648 4478 1707 4529 ἑν
1737 4477 1868 4529 ἑαυ-

287 4576 375 4645 τῇ,
414 4573 583 4645 μηδὲν
622 4571 1014 4643 ἐμποδίζεσθαι
1050 4569 1146 4624 τοῦ
1188 4567 1327 4624 εἶναι
1373 4568 1545 4640 αὐτὴν
1596 4570 1659 4622 ἑν
1707 4585 1867 4638 περι-

1959 2002 2054 2056 Dei
2091 2002 2256 2057 Verbi
2285 2001 2494 2057 ﬁnitam
2520 2004 2604 2057 vel
2638 2004 2907 2058 inﬁnitam
2938 2020 3058 2059 esse
3093 2004 3383 2059 dicamus?
3409 2021 3470 2060 ac
3495 2006 3541 2060 si

1962 2092 2171 2146 ﬁnitam
2212 2092 2479 2160 dicimus,
2523 2094 2752 2149 evidens
2778 2103 2864 2149 est
2908 2096 3269 2165 blasphemia.
3321 2095 3377 2149 Si
3407 2112 3542 2151 vero

1960 2182 2271 2249 inﬁnitam,
2324 2184 2441 2239 sive
2492 2184 2750 2239 omnibus
2794 2186 3121 2257 subjiciatur
3172 2205 3288 2244 essr
3339 2188 3413 2243 tia
3442 2190 3540 2244 Dei

1960 2275 2164 2340 Verbi,
2212 2275 2329 2330 sive
2382 2277 2518 2331 nulli
2558 2277 2887 2348 subjiciatur
2920 2280 3160 2334 essentia
3202 2279 3299 2334 Dei
3335 2281 3540 2346 Verbi;

1960 2367 2122 2421 aliter
2146 2366 2295 2422 enim
2324 2376 2381 2422 et
2413 2368 2573 2422 aliter
2595 2368 2650 2421 in
2683 2368 2870 2438 aliquo
2898 2369 3091 2439 nequit
3113 2385 3234 2424 esse
3266 2378 3329 2424 ut
3354 2385 3544 2426 essen-

1960 2457 2075 2523 tia,
2120 2457 2231 2512 imo
2278 2467 2334 2513 et
2378 2458 2632 2525 inﬁnita;
2680 2459 2922 2516 fatentur
2972 2470 3155 2515 autem
3208 2477 3400 2517 omnes
3432 2478 3545 2519 non

1961 2550 2222 2605 omnibus
2240 2551 2435 2622 subjici
2456 2569 2471 2616 ;
2494 2568 2603 2606 non
2621 2567 2755 2623 ergo
2773 2553 2937 2608 alicui
2954 2554 3272 2624 subjicitur,
3291 2555 3547 2626 blasphe-

1960 2651 2223 2713 mantque
2276 2642 2369 2714 qui
2421 2643 2615 2698 dicunt
2649 2646 2947 2700 essentiam
2986 2646 3083 2701 Dei
3132 2647 3297 2703 Verbi
3344 2658 3547 2704 nostra:

1963 2734 2119 2788 carni
2178 2733 2249 2787 ad
2297 2734 2384 2789 sui
2420 2734 2920 2792 manifestationem
2978 2750 3270 2808 assumpta:
3324 2740 3543 2810 subjici.

1964 2826 2103 2880 Vere
2138 2825 2403 2895 operibus
2432 2825 2581 2881 illius
2604 2828 2865 2883 man‘uum
2885 2829 3151 2884 allevatus
3171 2839 3255 2885 est
3284 2842 3547 2902 peccator

1964 2933 2237 2988 pmnaque
2272 2917 2447 2988 ipsius
2478 2918 2534 2972 in
2570 2917 2745 2990 ipsius
2769 2929 2934 2992 caput
2963 2937 3228 2979 conversa
3253 2932 3337 2979 est
3356 2941 3370 2991 ;
3389 2924 3546 2995 juxta

1961 3009 2110 3063 enim
2140 3025 2261 3080 qua:
2290 3026 2391 3065 vos
2419 3027 2567 3066 nunc
2598 3012 2804 3076 dicitis,
2861 3013 2906 3068 si
2939 3013 3145 3084 ubique
3192 3030 3257 3069 ac
3313 3014 3368 3069 in
3410 3032 3548 3071 uno-

1964 3117 2208 3171 quoque,
2252 3102 2367 3157 sive
2400 3101 2455 3155 in
2487 3119 2599 3157 uno
2646 3101 2910 3176 omnique
2942 3104 3127 3173 ﬁnito,
3167 3117 3335 3178 atque
3369 3109 3423 3163 in
3457 3125 3549 3165 se~

1890 3228 1936 3285 c
1968 3192 2201 3261 metipsa
2228 3192 2345 3247 sive
2374 3192 2430 3246 in
2462 3191 2681 3247 inﬁnito
2711 3194 3015 3249 scentulum
3041 3195 3184 3250 idem
3209 3206 3265 3252 et
3295 3197 3549 3252 similiter

1967 3284 2186 3339 exsistit
2217 3284 2428 3339 inﬁnita
2461 3285 2700 3340 essentia
2728 3302 2742 3351 ;
2772 3286 2988 3357 hocque
3021 3288 3329 3358 proprium,
3370 3298 3432 3344 ut
3460 3290 3548 3344 di-

1965 3372 2112 3437 citis,
2134 3373 2360 3429 inﬁnita:
2387 3374 2661 3440 essentize,
2688 3390 2798 3430 non
2818 3376 2979 3431 aliter
2995 3392 3115 3433 esse
3133 3378 3185 3432 in
3207 3379 3362 3433 ﬁnito
3380 3389 3547 3449 atque

1966 3465 2129 3520 aliter
2165 3465 2221 3519 in
2258 3467 2556 3537 semetipso
2583 3507 2597 3532 ,
2652 3467 2771 3523 sive
2819 3468 2873 3522 in
2922 3468 3178 3537 inﬁnito;
3235 3486 3336 3526 nec
3366 3481 3549 3541 potest

1966 3558 2128 3613 aliter
2151 3574 2273 3613 esse
2308 3558 2363 3613 in
2391 3559 2594 3629 quibus
2622 3568 2727 3625 est,
2764 3560 2870 3615 etsi
2900 3561 3076 3616 altera
3111 3563 3184 3616 sit
3208 3563 3321 3626 illa,
3356 3564 3551 3633 utjam

1966 3640 2373 3719 supposuistisj
2405 3648 2461 3704 in
2486 3650 2657 3705 [initis
2674 3651 2819 3707 enim
2847 3666 2911 3704 ac
2934 3651 2989 3705 in
3012 3652 3308 3722 semetipsa
3335 3653 3549 3708 inﬁnita

1968 3742 2226 3797 similiter
2256 3742 2497 3797 essentia
2527 3752 2644 3807 est,
2685 3744 2965 3814 quomodo
2989 3743 3060 3798 ob
3094 3759 3215 3799 esse
3250 3745 3547 3812 inlinitum,

1967 3850 2079 3889 non
2111 3844 2197 3889 est
2216 3834 2480 3905 possibile
2515 3833 2634 3889 lteri
2660 3844 2719 3890 et
2748 3835 2913 3893 hodie
2943 3850 3062 3890 eam
3108 3851 3229 3891 esse
3268 3836 3329 3891 in
3364 3838 3551 3907 aliquo

1970 3926 2163 3983 ﬁnito?
2218 3925 2381 3981 Juxta
2430 3927 2578 3981 enim
2636 3927 3086 3998 consequentiam
3144 3928 3547 3999 principiorum

1969 4025 2278 4073 vestrorum
2318 4016 2446 4080 erit,
2474 4030 2579 4071 nec
2617 4015 2674 4073 in
2709 4016 3004 4087 semetipsa
3033 4032 3157 4073 esse
3185 4034 3368 4090 posse,
3396 4020 3441 4075 si
3469 4031 3553 4077 est

1969 4106 2228 4161 similiter
2260 4113 2317 4161 et
2355 4107 2412 4161 in
2434 4107 2730 4177 semetipsa
2770 4115 2826 4162 et
2862 4107 2917 4161 in
2951 4108 3039 4162 liis
3063 4125 3187 4179 qua:
3226 4111 3370 4179 apud
3403 4111 3548 4165 illam

1968 4209 2117 4254 sunt.
2150 4198 2387 4255 Necesse
2405 4210 2591 4253 autem
2620 4208 2739 4254 erat
2761 4199 2969 4270 potius,
2998 4200 3271 4271 siquidem
3297 4202 3553 4259 similiter

1968 4297 2055 4345 est
2088 4289 2142 4343 in
2174 4289 2453 4355 omnibus,
2485 4290 2628 4344 sicut
2660 4297 2718 4344 et
2753 4290 2808 4343 in
2858 4290 3176 4361 semetipsa,
3227 4292 3550 4362 neutiquam

1968 4383 2222 4456 impediri
2269 4384 2405 4455 quin
2476 4392 2624 4440 esset
2656 4386 2711 4439 in
2754 4384 2933 4453 ﬁnito,
2967 4386 3063 4441 sed
3118 4388 3259 4441 utin
3310 4387 3549 4453 inﬁnito,

1970 4477 2115 4533 sicut
2148 4485 2203 4532 et
2240 4478 2294 4532 in
2324 4478 2619 4548 semetipsa
2642 4478 2992 4549 simpliciter,
3017 4478 3090 4533 ita
3123 4479 3549 4551 quidem,juxta

1967 4576 2209 4623 vestram
2279 4570 2654 4635 sententiam,
2740 4569 2797 4623 in
2886 4568 3042 4624 ﬁnito
3108 4570 3329 4639 quoque
3380 4578 3550 4624 esset.

285 4631 539 4736 γὲἐιτὲτέῖ),
568 4631 685 4718 ἀλλ’
718 4664 793 4727 ὡς
830 4631 888 4716 ἑν
937 4661 1362 4734 ἀπεριγράπτῳ,
1390 4659 1481 4713 καὶ
1500 4631 1580 4723 ὡς
1608 4661 1667 4713 ὲν
1692 4631 1860 4731 ἑαυτῇ

1970 4660 2136 4715 Aliud
2169 4674 2301 4731 ergo
2331 4676 2361 4715 a
2387 4659 2547 4715 vobis
2581 4675 2745 4731 quam
2782 4660 2951 4716 vultis
2978 4631 3416 4716 demonstratum
3443 4670 3550 4727 est,

288 4757 497 4822 ἁπλῶς,
525 4757 669 4812 οῦτω
710 4773 773 4826 γε
806 4756 948 4810 κατὰ
978 4755 1047 4808 τὰ
1093 4753 1355 4825 ὑμέτερα,
1391 4752 1486 4804 καὶ
1519 4752 1576 4803 ἑν
1599 4751 1677 4821 τῷ
1705 4768 1861 4821 περιο

286 4847 519 4920 γραπτῷ
550 4843 709 4902 εἶναι.
738 4848 847 4900 Καὶ
872 4844 1184 4901 τούναντίον
1224 4844 1352 4914 ύμῖν
1388 4841 1684 4912 ἀπεδείχθη
1718 4842 1861 4913 ἤπερ

1968 4750 2026 4805 in
2060 4750 2169 4806 hoc
2190 4760 2357 4820 atque
2389 4752 2444 4805 in
2469 4750 2918 4821 prtecedentibus
2947 4751 3252 4807 ratiociniis
3275 4792 3290 4818 ,
3340 4752 3553 4806 scilicet

1968 4842 2312 4914 impossibile
2343 4859 2464 4899 esse
2491 4843 2647 4898 ﬁnito
2673 4844 2954 4900 inﬁnitum
2987 4846 3159 4899 uniri.

289 4939 569 5009 βούλεσθε,
598 4940 658 4992 ἑν
694 4939 868 5007 τούτῳ
894 4956 955 4991 τε
1012 4938 1107 4993 καὶ
1170 4940 1284 5002 τοῖς
1357 4935 1723 5007 προλαϐοῦσιν
1788 4939 2203 5020 ἐπιχειρήμασι.
2260 4938 2356 4992 τοῦ
2406 4938 2484 4993 uit
2525 4939 2750 4995 δυνατὸν
2792 4936 2934 4995 εἶναι
2993 4940 3340 4995 συντίθεσθαι
3396 4957 3552 5011 περι-

288 5032 521 5104 γραπτῷ
557 5033 618 5085 τὸ
654 5031 1096 5103 ἀπερίγραπτον.

359 5126 421 5181 Εἰ
448 5126 491 5180 δ’
527 5125 620 5180 οῦν
659 5125 749 5179 διὰ
780 5125 840 5178 τὸ
881 5125 956 5197 μὴ
1003 5124 1233 5188 ἀλλοίως
1265 5124 1361 5179 καὶ
1388 5123 1617 5189 ἀλλοίως
1657 5124 1858 5177 ἐνεῖναί

283 5237 396 5273 τισι
428 5218 690 5273 δύνασθαι
718 5218 779 5271 τὸ
810 5217 1251 5288 ἀπερίγραπτον,
1295 5215 1469 5279 οὕτως
1510 5217 1568 5268 ὲν
1613 5214 1856 5286 Χριστῷ,

283 5312 362 5374 ὡς
404 5311 496 5364 καὶ
535 5311 592 5363 ἑν
634 5312 801 5365 πᾶσιν
837 5306 974 5363 εἶναι
1002 5309 1172 5379 αὐτὴν
1195 5306 1450 5377 βιάζεσθε
1471 5324 1486 5338 ο
1518 5307 1625 5377 ἄρα
1653 5302 1745 5360 οὖν
1774 5306 1864 5361 διὰ

285 5403 346 5458 τὺ
379 5404 663 5468 ὡσαύτως
694 5402 1080 5472 ἐμφαίνεσθαι,
1113 5400 1207 5454 καὶ
1226 5400 1317 5467 ἐφ’
1348 5397 1559 5465 ἑαυτῇ,
1591 5398 1667 5461 ὡς
1701 5415 1862 5466 φατε,

286 5498 361 5561 ὡς
405 5498 501 5552 καὶ
540 5498 599 5551 ὲν
642 5498 832 5561 πᾶσιν,
872 5496 1047 5558 οῦτως
1090 5494 1246 5547 ἔσται
1276 5494 1335 5544 ἐν
1371 5491 1549 5554 ῦδατι,
1586 5492 1679 5545 καὶ
1705 5489 1861 5561 λίθῳ,

288 5592 384 5645 καὶ
432 5588 605 5661 φυτῷ,
640 5589 731 5642 καὶ
773 5587 1047 5659 μύρμηκι,
1094 5587 1187 5639 καὶ
1241 5584 1405 5654 ίχθύῖ,
1434 5584 1527 5636 καὶ
1564 5583 1736 5652 ἵππῳ,
1770 5583 1865 5637 καὶ

286 5681 584 5755 ἀνθρώπῳ,
616 5684 709 5734 καὶ
742 5679 982 5750 ἀγγέλῳ,
1026 5680 1118 5731 καὶ
1161 5678 1217 5730 ἑν
1245 5678 1412 5729 πᾶσιν
1439 5676 1513 5739 ὡς
1551 5676 1636 5743 ἐφ’
1672 5676 1859 5747 ἑαυτῇ.

287 5779 350 5830 El
385 5777 441 5831 δὲ
471 5776 584 5847 οὐχ’
616 5775 819 5847 ὁμοίως
848 5772 933 5843 ἐφ’
966 5774 1131 5842 ἑαυτῇ
1170 5770 1263 5823 καὶ
1318 5772 1376 5822 ἐν
1425 5769 1674 5841 μύρμηκί
1722 5770 1860 5832 ἐστι,

283 5868 505 5922 ὶέλυται
556 5867 615 5921 τὸ
658 5867 965 5933 ὡσαύτως,
1014 5865 1105 5919 καὶ
1138 5864 1292 5916 ἔσται
1336 5864 1394 5914 ἐν
1449 5862 1671 5934 Χριστῷ
1712 5862 1862 5934 παρὰ

653 5961 925 6021 Parnm“
958 5960 1073 6019 Gn.
1116 5955 1445 6018 LXXXVI.

2037 5123 2095 5179 Si
2127 5123 2292 5193 igitur
2318 5137 2383 5178 eo
2407 5122 2553 5192 quod
2580 5137 2690 5176 non
2713 5122 2874 5177 aliter
2895 5122 3125 5177 etaliter
3144 5122 3196 5176 in
3220 5123 3549 5192 quibusdam

1969 5216 2150 5271 inesse
2178 5230 2289 5269 non
2336 5222 2517 5284 potest
2550 5214 2852 5279 inﬁnitum,
2885 5214 2959 5267 ita
3009 5214 3064 5268 in
3108 5213 3354 5277 Christo,
3404 5214 3554 5272 sicut

1967 5318 2026 5363 et
2055 5309 2110 5362 in
2139 5309 2398 5363 omnibus
2431 5323 2552 5362 eam
2583 5322 2706 5363 esse
2730 5306 3107 5371 contenditis;
3140 5320 3273 5377 ergo
3307 5316 3370 5361 ut
3398 5309 3551 5363 simi-
3632 5348 3636 5352 η

1971 5402 2091 5454 liter
2122 5409 2382 5470 appareat
2411 5410 2573 5471 atque
2606 5402 2661 5453 in
2690 5400 2989 5470 semetipsa,
3025 5408 3088 5455 ut
3115 5399 3321 5465 dicitis,
3356 5415 3551 5471 quem-

1970 5493 2264 5551 admodum
2338 5505 2403 5565 et.
2434 5493 2490 5548 in
2531 5492 2809 5555 omnibus,
2870 5493 2951 5547 sic
3002 5491 3111 5547 erit
3168 5491 3224 5545 in
3274 5507 3438 5560 aqua.
3494 5493 3553 5548 in

1972 5585 2178 5655 planta,
2230 5583 2286 5638 in
2328 5583 2577 5649 formica,
2609 5584 2665 5637 in
2699 5582 2869 5653 pisce,
2907 5582 2963 5636 in
2997 5597 3162 5651 equo,
3213 5581 3270 5636 in
3303 5580 3551 5644 herniae.

1972 5678 2029 5732 in
2077 5679 2294 5749 angelo,
2334 5688 2499 5748 atque
2535 5677 2592 5732 in
2628 5676 2888 5732 omnibus
2925 5683 2985 5729 ut
3035 5674 3090 5729 in
3139 5673 3458 5743 semetipsa.
3491 5672 3552 5731 Si

1968 5785 2101 5825 vero
2130 5787 2240 5825 non
2271 5770 2532 5826 similiter
2580 5780 2663 5826 est
2695 5771 2752 5826 in
2785 5769 3082 5839 semetipsa
3114 5776 3169 5821 et
3206 5766 3262 5821 in
3291 5765 3550 5828 formica,

1970 5861 2203 5917 solvitur
2222 5862 2485 5929 similiter,
2508 5862 2724 5931 eritque
2742 5861 2798 5916 in
2818 5858 3039 5917 Christo
3052 5872 3218 5924 supra
3242 5854 3425 5910 omnia
3443 5854 3551 5909 alia

3110 5948 3188 6007 hi5
