4032 6572
518 453 656 518 1419

1742 442 2050 504 LEONTII
2101 439 2532 501 BYZANTINI.

3631 426 3768 490 1420

515 568 744 627 omium.
795 565 1025 634 Quando
1049 563 1234 620 dicitis
1266 579 1375 619 non
1404 563 1456 618 in
1483 560 1743 617 omnibus
1769 577 1889 617 esse
1914 561 2087 622 credi,

2192 560 2321 622 τοὺς
2361 558 2558 618 ἄλλους
2607 553 2715 608 τῶν
2760 553 2931 606 δντων
2971 551 3200 614 πάντας.
3235 549 3378 620 Πρὸς
3407 547 3465 602 δὲ
3493 547 3556 600 τὸ
3582 547 3769 615 λέγειν

512 677 618 718 nec
636 675 768 730 ergo
804 659 858 713 in
883 657 1067 727 aliquo
1097 671 1218 712 esse
1251 655 1657 725 respondetur;
1691 653 1913 723 quando
1950 666 2084 706 vero

512 751 699 808 dicitis
748 750 804 804 in
834 748 1096 804 omnibus
1125 761 1247 803 esse
1275 747 1494 801 sicutet
1525 746 1580 799 in
1608 744 1926 813 semetipsa,
1955 757 2087 797 con-

513 844 744 900 trarium
795 840 1068 904 audietis,
1107 853 1175 894 eo
1221 837 1369 908 quod
1407 838 1594 908 potius
1645 851 1840 890 omnes
1881 850 2086 889 conve-

512 936 676 990 niunt
756 933 811 988 in
879 930 1175 1000 semetipsa
1240 944 1404 994 esse,
1473 927 1704 984 evidens
1768 926 1938 997 igitur
2003 932 2089 979 est

511 1027 679 1082 etiam
710 1025 765 1080 in
797 1023 1056 1079 omnibus
1100 1036 1220 1076 esse
1259 1035 1432 1086 vere;
1481 1012 1653 1074 verba
1703 1017 1851 1073 enim
1902 1023 2086 1071 vestra

405 1103 410 1108 ’
512 1120 707 1174 dicunt
737 1118 793 1171 in
822 1115 1079 1171 omnibus
1099 1113 1352 1168 similiter
1378 1127 1520 1178 esse,
1543 1111 1687 1167 sicut
1718 1119 1776 1166 et
1801 1109 1856 1163 in
1887 1117 2089 1162 semet-

513 1208 651 1278 ipsa.
680 1208 777 1262 Vel
803 1205 968 1276 igitur
994 1219 1097 1258 nec
1133 1203 1186 1258 in
1219 1203 1512 1272 semetipsa
1542 1211 1647 1266 est,
1680 1201 1776 1256 sed
1803 1200 1860 1255 in
1888 1207 2089 1254 semet-

511 1301 631 1370 ipsa
659 1307 824 1368 atque
862 1313 892 1350 a
923 1293 1223 1364 semetipsa
1254 1293 1646 1362 distinguitur;
1667 1291 1754 1345 vel
1786 1291 1841 1345 in
1877 1298 2086 1344 semet-

514 1392 631 1461 ipsa
673 1400 792 1455 est,
822 1397 986 1459 atque
1044 1388 1098 1442 in
1130 1388 1315 1456 aliquo
1363 1392 1419 1441 et
1461 1386 1518 1439 in
1552 1384 1809 1438 omnibus
1849 1391 1954 1438 est.
2006 1382 2086 1436 Ita

511 1499 648 1540 vero
693 1498 762 1539 ne
799 1498 907 1536 una
936 1481 1007 1536 sit
1045 1481 1195 1543 unio,
1228 1486 1324 1534 aut
1373 1478 1572 1532 unicus
1621 1475 1819 1530 modus
1861 1473 2086 1528 unionis

511 1577 847 1639 inveniatur,
884 1573 980 1629 sed
1011 1581 1072 1628 ut
1106 1571 1320 1626 infinito
1348 1585 1567 1624 omnem
1615 1567 1843 1623 modum
1891 1567 2084 1637 hujus-

513 1667 661 1722 modi
691 1666 996 1738 agnoscatis
1024 1680 1124 1721 vos
1156 1665 1250 1735 qui
1275 1676 1533 1718 amovere
1561 1661 1732 1716 vultis
1757 1658 1924 1744 Verbi
1957 1672 2083 1714 cum

511 1775 676 1816 carne
704 1774 891 1815 veram
923 1767 980 1814 et
1022 1757 1479 1829 gloriosissimam
1514 1753 1802 1810 unionem.

1159 1910 1312 1967 CAP.
1343 1909 1434 1965 VI.

581 2045 755 2101 Omne
781 2043 1153 2114 quodcunque
1167 2041 1328 2097 alteri
1355 2041 1574 2096 unitum
1599 2039 1665 2095 ad
1692 2038 2085 2110 perficiendam

510 2152 678 2192 unam
715 2145 968 2191 naturam
1024 2135 1139 2189 sive
1185 2144 1242 2190 et
1281 2133 1625 2205 bypostasim
1647 2132 1926 2186 viventem
1953 2170 1968 2196 ,
2027 2131 2089 2184 fit

510 2245 638 2300 pars
677 2229 840 2299 hujus
861 2236 1070 2283 naturae
1093 2243 1186 2282 seu
1217 2226 1562 2298 hypostasis;
1590 2224 1772 2280 omnis
1802 2237 1937 2278 vero
1962 2237 2088 2292 pars

511 2320 677 2375 unius
705 2327 915 2374 naturae
941 2317 1383 2389 seu'hypostasis
1414 2318 1651 2372 viventis
1671 2359 1685 2384 ,
1717 2317 1956 2371 naturali
1991 2331 2088 2371 ne-

511 2411 768 2468 cessitate
784 2411 1112 2481 compatitur
1131 2426 1255 2465 cum
1274 2418 1427 2480 parte
1444 2425 1680 2480 quacum
1702 2409 2084 2479 hujuscemodi

512 2513 766 2559 naturam
796 2519 894 2559 seu
917 2503 1083 2558 etiam
1113 2503 1452 2575 hypostasim
1483 2503 1736 2574 perfecit.
1762 2504 1875 2560 Nec
1895 2505 2087 2559 volens

513 2594 716 2661 anima,
751 2595 1082 2666 compatitur
1118 2610 1243 2649 eum
1301 2610 1555 2666 corpore.
1612 2595 2086 2662 Quemadmodum

512 2695 690 2745 cessat
740 2687 993 2757 proprias
1041 2687 1400 2756 operationes
1472 2695 1606 2742 tunc
1649 2702 1777 2742 cum
1837 2687 2086 2742 membra

509 2779 782 2850 corporis,
817 2779 1147 2850 quibuscum
1197 2787 1461 2850 operatur
1492 2779 1620 2834 laesa
1657 2779 1885 2845 fuerint,
1919 2779 1994 2834 ita
2031 2787 2087 2833 et

508 2885 712 2940 corpus
743 2869 979 2924 naturali
1023 2869 1353 2924 necessitate
1393 2868 1573 2939 pmnis
1605 2869 1980 2940 :erumnisque
2028 2883 2087 2923 a-

511 2960 676 3015 nima:
727 2961 979 3015 tabescit.
1023 2961 1196 3016 Deum
1253 2969 1438 3015 autem
1486 2959 1727 3016 Verbum
1772 2961 2086 3015 necessario

512 3049 747 3118 compati
778 3065 900 3104 cum
928 3058 1122 3104 nostra
1154 3049 1395 3104 animata
1418 3064 1586 3104 carne
1610 3049 1826 3116 dicere,
1863 3064 1973 3103 non
2001 3059 2086 3104 est

506 3141 749 3211 justum;
791 3155 900 3194 non
931 3155 1062 3211 ergo
1092 3140 1282 3195 unitus
1314 3147 1399 3196 est
1431 3141 1576 3195 Deus
1606 3140 1850 3196 Verbum
1915 3141 2081 3196 alicui

2195 648 2362 718 ὑμᾶς,
2399 648 2522 700 ἐπεὶ
2550 645 2902 717 ὡμολόγηται
2927 645 3010 698 ὅτι
3053 647 3113 698 ὲν
3138 645 3305 698 πᾶσιν
3332 642 3431 695 οὑκ
3462 641 3631 704 ἐστιν,
3655 641 3766 693 οὐδ’

2194 739 2304 808 ἄρα
2333 737 2392 792 ἔν
2425 737 2532 791 τινί
2581 737 2721 800 ἐστι,
2749 737 2878 800 τοὺς
2919 736 3176 798 εἰπόντας
3214 734 3300 786 ὅτι
3331 733 3390 784 ὲν
3421 734 3587 786 πᾶσιν
3615 731 3771 784 ἐστὶν

2194 831 2272 894 ὡς
2313 832 2410 884 καὶ
2451 831 2537 899 ἐφ’
2586 831 2780 900 ἑαυτῇ,
2812 828 3126 882 τούναντίον
3165 824 3496 904 ἀκούσεσθε,
3530 827 3614 880 ὅτι
3645 825 3772 876 ἐπεὶ

2198 924 2400 995 μᾶλλον
2426 923 2580 978 τοῦδε
2630 923 2980 992 ὡμολόγηται
3008 923 3176 974 πᾶσιν
3202 921 3282 973 ὅτι
3317 920 3376 972 ὲν
3417 919 3584 987 ἑαυτῇ
3626 917 3770 978 ἐστι,

2198 1016 2369 1084 σαφὲς
2397 1015 2462 1070 ἂν
2486 1015 2599 1086 εἰη,
2615 1016 2698 1070 ὅτι
2721 1015 2931 1069 Οὐκοῦν
2960 1013 3057 1067 καὶ
3080 1014 3138 1066 ὲν
3161 1014 3326 1066 πᾶσιν
3348 1010 3514 1074 ὅντως
3537 1010 3680 1064 ἐστί’
3707 1011 3775 1061 τὰ

2193 1105 2303 1175 γὰρ
2347 1104 2408 1170 ἐξ
2445 1105 2601 1177 ὑμῶν
2641 1123 2804 1174 φασιν
2840 1105 2923 1158 ὅτι
2963 1105 3022 1157 ὲν
3062 1106 3230 1158 πᾶσιν
3259 1102 3457 1173 ὁμοίως
3488 1102 3661 1164 ἐστὶν,
3696 1101 3776 1162 ὡς

2195 1197 2290 1250 καὶ
2315 1198 2374 1249 ὲν
2405 1198 2593 1268 ἑαυτῇ.
2634 1200 2704 1250 Ἢ
2731 1193 2826 1251 οὖν
2849 1197 2972 1250 οὑδὲ
2995 1197 3052 1250 έν
3081 1197 3244 1266 ἑαυτῇ
3272 1197 3438 1258 ἐστιν,
3471 1193 3606 1246 ἀλλά
3637 1192 3776 1262 παρ’

2195 1289 2398 1362 ἑαυτήν
2438 1307 2497 1343 τε
2544 1290 2640 1343 καὶ
2682 1290 2883 1361 ἑαυτῆς
2935 1288 3371 1360 διακεκριμένη,
3417 1285 3450 1356 ἢ
3495 1287 3554 1338 ὲν
3595 1285 3773 1354 ἑαυτῇ

2193 1381 2312 1434 ἐστι
2358 1381 2455 1434 καὶ
2486 1380 2543 1434 έν
2586 1399 2692 1434 τινι
2732 1381 2831 1435 καὶ
2865 1383 2925 1435 ὲν
2955 1381 3121 1436 πᾶσίν
3152 1382 3299 1434 ἐστιν
3320 1395 3333 1409 ο
3387 1378 3462 1442 ὡς
3496 1377 3777 1448 μηδεμίαν

2193 1469 2335 1527 εἶναι
2370 1473 2403 1543 ἢ
2435 1473 2772 1529 ἐπινοεῖσθαι
2803 1473 2990 1528 λοιπὸν
3042 1474 3235 1544 μόνην,
3272 1471 3412 1526 ἀλλά
3454 1473 3636 1525 πᾶσαν
3694 1468 3777 1539 τῷ

2192 1565 2562 1636 ἀπεριγράφῳ
2593 1567 2990 1638 μαρτυρεῖσθαι
3026 1565 3276 1619 σύνθεσιν
3305 1564 3436 1636 παρ’
3472 1563 3628 1633 ὑμῶν
3660 1563 3775 1614 τῶν

2195 1654 2540 1726 βουλομένων
2578 1658 2842 1728 ἀθετῆσαι
2873 1658 2972 1730 τὴν
3015 1656 3234 1729 ἀληθῶς
3273 1657 3368 1711 τοῦ
3407 1656 3584 1726 Λόγου
3631 1653 3775 1724 πρὸς

2192 1747 2290 1818 τὴν
2317 1749 2518 1819 σάρκα,
2543 1735 3143 1821 ὑπερένδοξον”ἒνωσιν.

2777 1907 3030 1963 ΚΕΦΔΛ.
3085 1909 3173 1975 σι.

2261 2039 2380 2092 Πᾶν
2402 2037 2583 2092 ὁτιοῦν
2615 2040 3000 2111 συντιθέμενον
3030 2040 3205 2111 ἑτέρῳ
3237 2040 3319 2104 εἰς
3348 2039 3410 2094 τὺ
3443 2037 3773 2094 ἀποτελέσαι

2194 2129 2324 2199 μίαν
2352 2129 2517 2198 φύσιν
2545 2130 2578 2200 ἢ
2611 2131 2706 2184 καὶ
2735 2131 3035 2185 ὑπόστασιν
3081 2131 3281 2197 ζῶσαν,
3317 2131 3484 2204 μέρος
3525 2132 3774 2203 εὑρίσκε-

2188 2237 2279 2274 ται
2335 2221 2539 2293 ταύτης
2593 2221 2693 2292 τῆς
2749 2225 2965 2291 φύσεως
3011 2225 3045 2295 ἢ
3094 2225 3189 2279 καὶ
3230 2225 3621 2289 ὑποστάσεωςο
3658 2228 3777 2279 πᾶν

2189 2310 2247 2365 δὲ
2279 2311 2446 2382 μέρος
2470 2314 2600 2383 μιᾶς
2639 2314 2857 2382 φύσεως
2902 2315 2935 2386 ἢ
2999 2315 3096 2369 καὶ
3151 2316 3506 2379 ὑποστάσεως
3565 2316 3772 2387 ζώσης,

2190 2403 2396 2472 φυσικῇ
2432 2402 2649 2476 ἀνάγκῃ
2699 2405 3012 2475 συμπάσχει
3062 2405 3138 2477 τῷ
3198 2407 3355 2477 μέρει
3405 2405 3526 2476 μεθ’
3573 2401 3636 2460 οὗ
3669 2408 3779 2478 τὴν

2187 2494 2396 2548 τοιάνδε
2453 2495 2615 2566 φύσιν
2667 2496 2699 2568 ἢ
2765 2498 2860 2550 καὶ¹
2896 2497 3192 2552 ὑπόστασιν
3237 2499 3420 2564 ζῶσαν
3448 2499 3775 2555 ἀπετέλεσε.

2188 2585 2281 2656 Μὴ
2305 2585 2543 2643 θέλουσα
2587 2588 2644 2642 δὲ
2695 2590 2729 2660 ἡ
2767 2588 2933 2660 ψυχὴ.
2999 2591 3311 2663 συμπάσχει
3369 2591 3446 2664 τῷ
3506 2593 3726 2664 σώματι
3758 2609 3775 2623 ’

2187 2677 2263 2741 ὡς
2315 2679 2412 2732 καὶ
2473 2680 2746 2735 παύεσθαι
2811 2683 2920 2736 τῶν
3002 2683 3220 2738 οἰκείων
3276 2684 3570 2756 ἐνεργειῶν
3615 2703 3775 2752 ποτε,

2187 2769 2298 2824 τῶν
2323 2771 2418 2825 τοῦ
2445 2771 2702 2844 σώματος
2735 2772 2935 2844 μελῶν,
2979 2774 3099 2845 μεθ’
3128 2769 3202 2830 ὧν
3244 2776 3482 2847 ἐνεργεῖ,
3531 2776 3777 2848 βλαπτοο

2193 2865 2371 2936 μένων
2405 2882 2421 2899 ·
2453 2867 2655 2937 ὁμοίως
2689 2867 2874 2922 καὶτὸ
2936 2870 3094 2940 σῶμα
3145 2873 3350 2942 φυσικῇ
3391 2871 3604 2942 ἀνάγκῃ
3648 2889 3780 2924 συν-

2186 2958 2409 3028 τήκεται
2439 2961 2559 3022 ταῖς
2583 2949 2782 3023 λύπαις
2815 2959 2914 3030 τῆς
2946 2960 3124 3032 ψυχῆς
3147 2964 3243 3015 καὶ
3289 2964 3412 3025 ταῖς
3456 2964 3776 3034 μερίμναις.
3839 2965 3842 2968 ’

2186 3049 2293 3102 Τὸν
2321 3049 2378 3102 δὲ
2420 3049 2553 3104 Θεὸν
2599 3051 2772 3119 Λόγον
2821 3053 3040 3127 ἀνάγκῃ
3093 3054 3274 3122 λέγειν
3326 3055 3776 3125 συμπεπονθέναι

2185 3142 2250 3212 τῇ
2286 3141 2345 3208 ἐξ
2369 3141 2526 3212 ἡμῶν
2560 3142 2794 3214 ἐμψύχῳ
2827 3135 3016 3215 σαρκὶ,
3045 3145 3104 3199 οὑ
3139 3146 3300 3216 θέμις
3331 3161 3346 3177 ·
3374 3147 3475 3200 οὐκ
3503 3146 3610 3218 ἀρα
3641 3163 3777 3199 συν.

511 3249 543 3287 e
569 3233 730 3288 nobis
755 3233 811 3287 in
839 3234 1005 3288 unius
1032 3243 1244 3288 naturae
1293 3248 1388 3288 seu
1447 3232 1753 3305 hypOstasis
1779 3233 2084 3290 subsisten-

2192 3230 2350 3302 ετέθη
2379 3233 2407 3284 ό
2432 3230 2565 3296 Θεὸς
2587 3234 2761 3304 Λόγος
2782 3235 2861 3306 τῷ
2885 3235 2946 3301 ἐξ
2984 3237 3142 3308 ἡμῶν
3174 3235 3448 3306 ἀνθρώπῳ
3500 3239 3578 3301 εἰς
3636 3239 3779 3307 μιᾶς

512 3325 644 3379 tiam
671 3341 686 3391 ;
717 3323 762 3378 si
792 3339 925 3378 vero
961 3324 1150 3379 unitus
1177 3332 1282 3389 est,
1321 3333 1378 3379 et
1408 3325 1722 3380 necessario
1756 3341 1951 3396 passus
1977 3335 2085 3389 est.

510 3414 660 3486 quod
690 3421 778 3469 est
804 3413 1166 3484 blasphemia.
1201 3413 1362 3470 Libet
1392 3423 1519 3471 ante
1551 3419 1736 3472 omnia
1773 3432 1872 3472 vos
1910 3417 2086 3472 inter-

511 3520 707 3577 rogare
739 3519 811 3560 an
845 3505 989 3560 idem
1019 3514 1268 3561 naturam
1298 3516 1353 3562 et
1383 3507 1718 3579 hypostasim
1761 3511 2088 3565 existimetis

510 3599 677 3654 etiam
713 3613 831 3660 vos,
865 3598 1020 3667 quasi
1067 3607 1275 3654 naturae
1323 3599 1489 3674 unius
1535 3611 1989 3672 propugnatores.
2026 3601 2087 3656 Si

511 3688 661 3741 enim
687 3687 791 3743 hoc
817 3703 1036 3758 quoque
1069 3703 1166 3743 vos
1191 3688 1398 3755 dicitis,
1426 3706 1494 3745 en
1523 3707 1554 3746 a
1579 3691 1736 3747 vobis
1762 3693 1880 3748 sine
1907 3709 2087 3763 pugna

512 3788 764 3834 errantes
801 3777 1318 3850 deprehendimini,
1349 3783 1684 3853 nominaque
1717 3784 1823 3839 alia
1845 3785 2089 3857 aliasque

512 3885 677 3926 voces
707 3867 949 3941 plurium
973 3873 1403 3942 appellationum
1425 3876 1783 3945 usurpatione
1824 3877 2091 3932 dissimu-

512 3963 720 4029 lantes;
756 3978 787 4018 a
840 3964 1000 4020 nobis
1045 3965 1192 4019 enim
1227 3966 1338 4021 cito
1387 3967 1443 4022 in
1497 3967 1604 4022 hoc
1645 3967 2088 4024 confutabimini.

513 4055 701 4110 Primo
733 4064 916 4110 autem
947 4057 1015 4112 de
1040 4073 1175 4113 voce
1203 4058 1515 4127 Trinitatis;
1551 4061 1596 4114 si
1643 4061 1789 4117 enim
1824 4061 1962 4114 idem
1993 4061 2089 4115 ad-

513 4147 735 4204 mittitis
783 4150 892 4204 Iuec
929 4165 1074 4216 esse,
1113 4151 1199 4206 vel
1244 4160 1356 4207 tres
1398 4153 1756 4219 substantias,
1793 4153 1880 4208 vel
1924 4168 2090 4207 unam

511 4238 834 4295 existimatis
855 4239 1095 4296 divinam
1120 4242 1476 4314 hypostasim.
1504 4244 1758 4300 Secundo
1780 4260 1932 4308 vero,
1963 4246 2092 4315 quia

511 4329 649 4385 duas
677 4342 901 4388 naturas
930 4348 1032 4389 nos
1058 4333 1315 4401 dicimus,
1333 4336 1470 4392 duas
1495 4353 1715 4408 quoque
1771 4338 2094 4410 hypostases

510 4423 729 4478 Domini
756 4437 866 4480 nos
895 4426 1062 4481 vultis
1095 4427 1322 4494 dicere;
1364 4429 1522 4498 quasi
1555 4445 1664 4484 non
1706 4429 1838 4485 satis
1880 4430 2090 4486 dictum

509 4515 708 4572 fuisset
745 4533 843 4587 pro
875 4527 1058 4574 vestra
1090 4519 1341 4576 doctrina
1367 4520 1436 4575 de
1470 4529 1666 4576 natura
1715 4521 1945 4592 duplici,
1983 4523 2090 4579 nisi

2193 3319 2406 3388 φύσεως
2438 3319 2470 3392 ἥ
2501 3321 2597 3375 καὶ
2620 3323 2973 3388 ὑποστάσεως
3002 3326 3282 3380 σύστασιν.
3309 3327 3372 3380 Εἰ
3400 3327 3456 3380 δὲ
3484 3329 3775 3399 συνετέθη,

2191 3411 2286 3465 καὶ
2305 3412 2572 3467 πέπονθεν
2602 3415 2842 3489 ἀνάγκῃ,
2871 3418 3008 3487 ὅπερ
3032 3418 3230 3482 ἀσεϐές
3254 3435 3270 3451 ο
3310 3419 3484 3490 ἡδέως
3521 3421 3586 3474 ἀν
3615 3421 3777 3490 ὑμῶν

2191 3503 2468 3575 πυθοίμην
2506 3505 2614 3576 πρό
2669 3523 2733 3576 γε
2785 3508 3065 3576 ἁπάντων,
3111 3511 3160 3563 εἰ
3217 3509 3416 3564 ταυτὸν
3459 3511 3623 3580 φύσιν
3672 3525 3779 3568 και

2191 3593 2488 3648 ὑπόστασιν
2509 3597 2689 3651 οίεσθε
2712 3599 2805 3652 καὶ
2834 3601 3012 3668 ὑμεῖς,
3073 3601 3264 3673 ὥσπερ
3314 3604 3410 3656 καὶ
3458 3603 3508 3656 οἰ
3554 3603 3778 3673 φύσεως

2194 3687 2325 3755 μιᾶς
2371 3687 2847 3758 ὑπερμαχοῦντες.
2893 3691 2956 3743 Εἰ
2986 3691 3096 3762 γὰρ
3123 3691 3282 3745 τοῦτο
3308 3693 3403 3746 καὶ
3431 3693 3586 3763 ὑμεῖς
3609 3711 3775 3766 φατε,

2193 3777 2268 3830 [δε
2319 3778 2546 3850 ἀκονητὶ
2608 3782 2741 3850 ἡμῖν
2799 3783 3192 3853 φωραθήσεσθε
3253 3783 3623 3854 σοφιζόμενοι,
3675 3788 3776 3839 καὶ

2190 3868 2258 3922 τὰ
2303 3870 2622 3942 ἑτερὼνυμα
2669 3874 2762 3926 καὶ
2810 3873 3119 3945 ἐτερόσημα
3171 3875 3260 3930 διὰ
3311 3878 3635 3949 προλήψεως
3661 3879 3778 3932 τῶν

2192 3961 2568 4034 πολυωνύμων
2605 3964 2992 4031 συσκιάζοντες
3017 3983 3033 3997 ·
3073 3967 3466 4039 ἐλεγχθήσεσθε
3497 3971 3606 4040 γὰρ
3634 3971 3775 4034 τέως

2191 4051 2324 4121 ἡμῖν
2371 4052 2431 4104 ἐν
2473 4051 2670 4124 τούτῳ.
2721 4054 2944 4126 Πρῶτον
3003 4057 3103 4126 μὲν
3146 4059 3286 4112 κατά
3327 4058 3419 4113 τὸν
3470 4059 3778 4128 τριαδικὸγ

2191 4143 2350 4212 λόγον
2380 4159 2394 4174 ο
2449 4145 2499 4197 εἰ
2547 4146 2656 4218 γὰρ
2715 4147 2774 4200 τὸ
2811 4147 2944 4202 αὑτὸ
2998 4148 3285 4220 ἐκδέχεσθε
3345 4151 3472 4206 τάδε
3523 4147 3681 4216 εἴναι,
3733 4152 3773 4224 ἢ

2191 4237 2342 4305 τρεῖς
2371 4234 2473 4298 τὰς
2502 4235 2710 4304 οὐσίας,
2743 4237 2776 4306 ἢ
2819 4237 2952 4307 μίαν
2998 4238 3172 4291 οἴεσθε
3215 4239 3313 4312 τὴν
3348 4241 3500 4295 θείαν
3537 4243 3776 4295 ὑπόστα-

2195 4345 2301 4383 σιν.
2333 4328 2596 4400 Δεύτερον
2621 4329 2700 4395 δὲ,
2726 4331 2807 4384 ὃτι
2832 4332 2926 4384 καὶ
2951 4332 3044 4386 δύο
3078 4333 3269 4401 φύσεις
3304 4335 3461 4404 ἡμῶν
3483 4335 3774 4404 λεγόντων,

2193 4419 2553 4489 εἰσπράττετε
2580 4423 2728 4492 ἡμᾶς
2776 4422 2870 4476 δύο
2920 4423 3101 4492 λέγειν
3151 4428 3246 4480 καὶ
3298 4428 3628 4493 ὑποστάσεις
3678 4430 3777 4484 τοῦ

2196 4511 2404 4583 Κυρίου
2433 4527 2451 4544 ο
2477 4513 2552 4574 ὡς
2581 4515 2680 4568 οὑκ
2722 4516 2949 4580 ἐντελῶς
2977 4518 3268 4587 εἰρημένον
3310 4521 3447 4591 πρὸς
3501 4521 3599 4592 τὴν
3639 4523 3776 4592 ὑμε-

507 4607 672 4662 etiam
701 4609 1002 4666 adderetur
1032 4610 1236 4682 duplex
1263 4613 1591 4683 hypostasis.
1612 4613 1730 4669 Alia
1751 4629 1969 4684 quoque
1991 4631 2087 4671 vos

2192 4605 2358 4675 τέραν
2381 4604 2539 4670 δόξαν
2560 4606 2654 4660 τοῦ
2678 4606 2858 4662 διττοῦ
2888 4608 2992 4679 τῆς
3021 4609 3260 4678 φύσεως,
3286 4611 3380 4665 ὲάν
3408 4615 3483 4684 μὴ
3513 4614 3778 4685 πρόσεστι

505 4690 777 4754 extollunt
797 4701 865 4756 de
895 4702 1002 4757 hoc
1023 4701 1172 4757 dicto
1197 4703 1252 4757 in
1281 4704 1507 4772 proprio
1529 4703 1672 4769 loco,
1703 4704 1758 4758 in
1783 4719 1893 4774 quo
1925 4705 2090 4761 simul
2120 4778 2126 4783 ι

506 4805 606 4845 vos
634 4799 689 4845 et
716 4791 810 4861 qui
842 4807 909 4847 ex
933 4800 1088 4862 parte
1127 4803 1254 4847 sunt
1291 4792 1575 4863 Eutychis,
1603 4793 1708 4849 hoc
1732 4793 1891 4850 nobis
1912 4795 2090 4849 medi-

509 4881 700 4936 tamini
729 4881 998 4947 dicentes,
1019 4892 1281 4944 naturam
1308 4891 1363 4940 et
1390 4885 1727 4955 bypostasim
1756 4885 1900 4941 idem
1923 4887 2089 4959 signi-

508 4972 708 5029 ficare:
741 4973 846 5028 Aut
890 4975 1052 5044 igitur
1088 4974 1220 5028 duas
1269 4959 1472 5045 quoque
1508 4977 1843 5047 hypostases,
1887 4986 1982 5032 aut
2023 4995 2088 5032 ne

507 5072 732 5118 naturas
764 5065 974 5135 quidem
1020 5065 1195 5119 dicite.
1231 5065 1339 5122 Sed
1393 5066 1523 5121 alibi
1552 5067 1621 5123 de
1652 5067 1740 5124 his
1767 5084 1864 5125 vos
1900 5077 1956 5125 et
2003 5070 2083 5125 illi

507 5154 774 5210 confutati
805 5154 961 5210 estis.

575 5419 632 5475 Si
661 5435 793 5476 vero
823 5420 957 5478 illud
983 5440 1133 5481 nunc
1157 5429 1486 5487 erubescitis
1519 5433 1727 5498 dicere,
1754 5444 1922 5506 utque
1948 5437 2082 5506 alie-_

505 5527 638 5566 num
670 5520 967 5586 utrumque
995 5521 1292 5590 usurpatis,
1323 5523 1429 5579 hoc
1462 5527 1610 5580 enim
1646 5527 1832 5584 dicere
1862 5507 2084 5584 videtur

505 5607 840 5678 coniunctio;
871 5609 1056 5666 dicitis
1068 5614 1624 5686 enimz‘perﬁciendam
1647 5637 1811 5674 unam
1828 5632 2079 5676 naturam

503 5700 608 5755 sive
624 5707 672 5754 et
702 5702 1021 5774 hypostasim
1053 5707 1339 5764 viventem:
1364 5726 1487 5765 cum
1508 5729 1618 5767 non
1641 5713 1893 5770 dixeritis
1914 5733 2078 5771 imam

507 5802 780 5864 naturam,
813 5799 919 5854 sive
958 5801 1299 5871 Ιιῃροδιαδῐηι,
1339 5804 1434 5859 sed
1470 5806 1686 5861 cuidam
1732 5807 2076 5879 disjunctivzn

506 5889 880 5962 conjunctioni
934 5892 1299 5964 copulativam
1331 5905 1379 5951 et
1407 5897 1749 5968 addideritis,
1781 5899 1943 5959 nobis
1974 5916 2073 5959 vo-

2198 4697 2376 4750 καὶτὸ
2405 4697 2625 4752 διπλοῦν
2682 4699 2781 4771 τῆς
2827 4699 3198 4768 ὑποστάσεως.
3262 4707 3373 4760 Καὶ
3420 4707 3490 4760 τὰ
3530 4708 3672 4762 ἄλλα
3721 4709 3777 4762 δὲ

2197 4789 2344 4860 ὑμᾶς
2365 4788 2725 4860 θριαμὸεύσει
2754 4792 2824 4845 τά
2871 4795 3002 4866 περὶ
3049 4799 3242 4850 τούτου
3291 4799 3349 4852 ὲν
3402 4798 3482 4870 τῷ
3539 4799 3656 4867 ἰδίῳ
3697 4802 3776 4854 εἰ-

2200 4883 2409 4952 ρημένα
2433 4883 2758 4954 κεφαλαίῳο
2811 4885 2872 4939 ὲν
2915 4882 2960 4954 ᾧ
3006 4889 3199 4952 κοινῶς
3259 4890 3414 4961 ὑμεῖς
3468 4909 3526 4945 τε
3575 4893 3671 4944 καὶ
3726 4894 3773 4945 οἰ

2195 4975 2302 5036 ἀπὸ
2325 4976 2621 5047 Εὑτυχοῦς,
2655 4977 2813 5031 τοῦτο
2851 4981 2984 5050 ἡμῖν
3030 4983 3446 5055 ὲσκαιωρήσατε
3499 4985 3770 5054 λέγοντες,

2193 5066 2276 5119 ὅτι
2309 5065 2476 5136 φύσις
2510 5069 2605 5121 καὶ
2634 5068 2935 5134 ὑπόστασις
2977 5073 3174 5126 ταυτὸν
3205 5076 3458 5144 σημαίνει
3492 5093 3506 5108 ·
3550 5077 3629 5131 ’Ἡ
3660 5073 3774 5133 οὖν

2192 5157 2301 5212 δύο
2358 5157 2457 5212 καὶ
2500 5160 2606 5226 τὰς
2643 5160 3034 5228 ὑποστάσεις,
3096 5165 3136 5233 ἢ
3189 5165 3352 5236 μὴδη
3403 5168 3509 5234 τὰς
3555 5169 3775 5240 φύσεις

2190 5250 2439 5320 λέγοιτε.
2486 5251 2627 5304 Ἀλλ’
2650 5253 2885 5324 ἑτέρωσε
2927 5256 3025 5326 μὲν
3053 5257 3179 5311 τάδε
3228 5259 3359 5329 ὑμῖν
3396 5278 3456 5314 τε
3502 5265 3774 5326 κάκείνοις

2189 5343 2526 5415 διήλεγκται.

2260 5435 2325 5490 Εἰ
2368 5437 2425 5490 δὲ
2447 5437 2606 5491 τοῦτο
2636 5438 2730 5494 νῦν
2775 5440 3012 5494 αἰδεῖσθε
3063 5442 3266 5513 λέγειν,
3322 5447 3416 5500 καὶ
3469 5447 3546 5511 ὡς
3585 5449 3771 5519 ἕτερον

2187 5527 2494 5598 λαμϐάνετε
2563 5530 2860 5604 ἑκάτερονο
2891 5536 3070 5610 ,τοῦτο
3117 5537 3226 5608 γὰρ
3280 5537 3429 5591 δοκεῖ
3469 5545 3769 5611 μαρτυρεῖν

2187 5625 2316 5695 ὑμῖν
2341 5627 2369 5678 ό
2397 5627 2491 5678 καὶ
2517 5625 2834 5698 σύνδεσμος,
2876 5633 3219 5698 φασκόντων,
3277 5633 3381 5700 Εἰς
3432 5635 3503 5688 τὸ
3557 5637 3769 5690 ἀποτε-

2185 5717 2361 5772 λέσαι
2390 5718 2542 5789 ’μίαν
2567 5721 2760 5788 φύσιν
2797 5720 2834 5791 ἢ
2867 5723 2964 5777 καὶ
2993 5727 3341 5780 ὑπόστασιν
3363 5727 3561 5786 ζῶσαι·
3587 5745 3602 5758 ⁸
3642 5731 3766 5783 ἐπεὶ

2184 5811 2283 5863 οὑκ
2337 5811 2596 5882 εἰρήκατε
2649 5813 2801 5881 μίαν
2851 5817 3077 5883 φύσιν,
3143 5817 3345 5872 εἵτουν
3395 5821 3762 5885 ὑπόστασιν,

2183 5899 2320 5956 ἀλλά
2345 5899 2685 5986 προσθετικῷ
2717 5920 2820 5959 τινι
2853 5906 3135 5979 συνδέσμῳ
3157 5910 3253 5965 καί
3283 5910 3344 5968 τὸ
3383 5910 3571 5983 ἕτερον
3624 5913 3764 5983 επη-
