4032 6554
277 455 407 525 1421

1214 453 1613 515 ADVERSUS
1651 452 2202 518 NESTORIANOS.
2236 481 2306 494 --
2339 458 2484 518 LIB.
2567 460 2618 520 Ι.

3412 462 3548 529 1422

273 573 498 643 γάγετε,
562 567 724 623 τοῦτο
752 565 934 636 λέγειν
991 562 1212 634 ἔχοιμεν
1263 564 1400 634 πρὸς
1457 564 1625 634 ὑμᾶς,
1688 565 1764 628 ὡς
1815 565 1862 616 εἰ

1988 566 2179 621 iiscum
2221 569 2645 638 eolloqucndum
2675 577 2841 635 esset,
2871 570 3028 640 quasi
3073 571 3163 629 hic
3207 573 3408 630 solum.
3443 577 3550 632 Vos

275 663 412 738 πρὸς
442 662 571 726 τοὺς
596 661 859 730 λέγοντας
895 657 1026 729 μίαν
1055 657 1220 728 φύσιν
1275 658 1340 710 ἐκ
1379 657 1480 725 τῆς
1515 657 1864 724 συνθέσεως

274 755 657 813 ἀποτελεῖσθαι
683 751 1041 807 ἀπετείνεσθε
1077 751 1239 820 μόνον
1271 750 1359 802 διᾶι
1386 749 1577 816 τῶνδε,
1605 744 1752 820 εἶχεν
1798 750 1864 804 ἀν

274 867 329 901 τι
369 847 499 917 ὑμῖν
545 845 607 899 τὸ
647 842 1008 914 ἐπιχείρημα.
1060 839 1286 909 Ἐπειδὴ
1331 839 1388 893 δὲ
1419 839 1557 912 πρὸς
1580 841 1707 904 τοὺς
1738 839 1865 911 μίαν

274 941 372 1011 τὴν
402 939 726 1003 ὑπόστασιν,
767 937 864 991 καὶ
901 935 964 988 οὑ
994 935 1093 1005 τὴν
1122 932 1306 1004 φύσιν,
1334 933 1399 986 ὲκ
1422 933 1520 1004 τῆς
1565 932 1866 995 συνθέσεως

273 1035 422 1103 ἡμᾶς
440 1030 867 1101 ὁμολογοῦντας,
893 1027 952 1080 τὸ
969 1027 1102 1082 αὑτὸ
1120 1026 1372 1100 ἐγκαλεῖν
1391 1024 1609 1095 ἀπηρυο
1617 1025 1864 1094 ριὰσατε,

278 1123 495 1196 πρῶτον
519 1122 638 1192 μὲν,
665 1119 783 1182 πῶς
810 1118 977 1190 μέρος
1017 1117 1155 1188 φατὲ
1184 1117 1284 1186 τῆς
1321 1117 1570 1170 ὲνουσίου
1624 1114 1867 1169 ὑποστά-

278 1232 417 1277 σεως
452 1214 563 1266 πᾶν
590 1210 652 1264 τὺ
683 1209 1068 1279 συντιθέμενον
1103 1208 1186 1266 εἰς
1220 1207 1282 1260 τὸ
1306 1204 1637 1260 ἀποτελέσαι
1671 1205 1864 1276 αὐτὴν,

276 1306 622 1378 ἀκούσωμεν*
643 1306 745 1375 τῆς
765 1303 875 1372 γὰρ
898 1301 1251 1363 ὑποστάσεως
1265 1301 1299 1368 ἡ
1315 1298 1632 1370 ὑπογραφὴ,
1653 1297 1712 1364 ἐξ
1741 1299 1869 1352 ἰδιο-

274 1399 456 1469 τήτων
497 1395 660 1448 τινῶν
708 1392 864 1464 ποιρά
907 1392 977 1444 τὰ
1020 1391 1283 1461 ὁμοουσία
1303 1389 1361 1443 ἐν
1384 1404 1492 1442 τινι
1519 1387 1869 1441 ἐπουσιωδῶν

278 1491 312 1564 ἣ
360 1486 728 1542 ὲπιουσιωδῶν
760 1485 855 1538 καὶ
882 1482 1306 1555 συμϐεϐηκότων
1335 1481 1518 1547 τινῶν,
1547 1479 1870 1550 ἁχωρίστως

278 1581 506 1654 ὅντωνῆ
538 1578 969 1648 ἐπιγενομένων,
997 1574 1340 1629 συνίσταται.
1373 1573 1513 1627 Οὑτε
1561 1573 1618 1625 δὲ
1671 1572 1730 1626 αἰ
1773 1572 1869 1626 οὑ-

285 1674 397 1729 σίαι
425 1672 536 1727 τῶν
570 1671 848 1726 συνθέτων
877 1668 1020 1741 μέρη
1041 1668 1151 1722 τῶν
1180 1665 1536 1721 ὑποστάσεὼν
1573 1667 1680 1720 εἰσι
1710 1681 1727 1697 ⁶
1759 1665 1870 1719 τῶν

283 1766 394 1836 γὰρ
422 1763 646 1826 οὐσιῶν,
675 1760 858 1815 οὑσίαι
885 1758 955 1812 τὰ
978 1758 1120 1830 μέρη
1149 1757 1418 1827 γίνονται,
1465 1757 1527 1810 οὑ
1565 1755 1676 1809 τῶν
1733 1756 1870 1809 ὑπο-

260 1859 553 1922 -στάσεων,
591 1854 714 1909 οὑδὲ
747 1853 855 1925 μὴν
892 1850 1003 1905 τῶν
1032 1850 1459 1922 συμϐεϐηκότων
1487 1867 1542 1903 τι
1580 1847 1690 1903 τῶν
1719 1866 1870 1918 γινο-

1966 667 2159 714 contra
2190 675 2285 714 eos
2319 662 2414 730 qui
2449 661 2641 716 dicunt
2664 677 2828 717 unam
2855 674 3110 720 naturam
3137 667 3334 720 unione
3358 668 3547 738 perﬁci

1966 752 2385 818 eontenderitis,
2419 753 2501 808 sic
2533 755 2873 824 aliquantum
2917 758 3268 813 ratiocinium
3303 770 3550 816 vestrum

1966 845 2192 900 valeret.
2208 845 2345 900 Cum
2367 854 2550 901 autem
2573 846 2866 902 adversum
2890 864 2991 902 nos
3007 865 3172 904 unam
3191 851 3548 922 liypostasim,

1967 952 2078 992 non
2111 945 2295 993 autem
2341 954 2506 992 unam
2558 947 2814 993 naturam
2869 955 2935 994 ex
2996 943 3188 996 unione
3230 943 3554 999 conﬁtentes

1968 1025 2283 1095 agatis,hoc
2312 1026 2475 1081 nobis
2502 1026 2722 1080 crimini
2755 1035 2970 1081 vertere
3000 1044 3108 1083 non
3136 1030 3551 1097 erubescentes,

1968 1117 2246 1188 quomodo
2271 1135 2490 1174 omnem
2520 1123 2730 1190 partem
2760 1136 2884 1175 cum
2919 1122 3084 1174 unius
3107 1123 3428 1178 substantia:
3459 1125 3557 1196 by-
3621 1103 3629 1114 λ

1968 1213 2176 1281 postasi
2215 1214 2427 1267 unitam
2457 1228 2579 1268 esse
2607 1213 2678 1267 ad
2715 1213 2862 1268 illam
2894 1213 3288 1283 perﬁciendam
3337 1216 3554 1282 dicatis,

1969 1303 2207 1372 primum
2246 1303 2568 1357 audiamus:
2597 1312 2796 1359 natura
2824 1304 2971 1360 enim
3011 1305 3318 1376 hypostasis
3345 1316 3561 1362 constat

1969 1409 2039 1450 ex
2076 1395 2510 1464 proprietatibus
2540 1388 2874 1466 quibuSdam
2905 1397 3466 1453 consubstantialium
3503 1401 3560 1454 in

1970 1487 2154 1557 aliquo
2188 1487 2566 1559 essentialium
2598 1497 2694 1544 aut
2723 1489 2882 1560 quasi
2913 1489 3294 1545 essentialium
3344 1506 3408 1544 ac
3435 1492 3562 1561 qui-

1969 1577 2202 1633 busdam
2239 1578 2623 1634 accidentibus
2653 1579 3119 1648 inseparabilibus
3165 1580 3252 1634 vel
3298 1595 3565 1650 superve-

1971 1671 2275 1726 nientibus.
2325 1672 2439 1727 Nec
2475 1686 2610 1727 vero
2658 1671 2984 1728 substantia:
3036 1673 3322 1728 unitorum
3377 1659 3565 1744 partes

1971 1771 2102 1818 sunt
2140 1763 2550 1835 hypostaseon;
2593 1765 3028 1820 substantiarum
3060 1767 3208 1820 enim
3244 1766 3567 1822 substantia:

1971 1861 2156 1922 partes
2173 1853 2331 1919 ﬁunt,
2347 1869 2459 1909 non
2477 1854 2864 1925 bypostaseon,
2881 1869 2987 1910 nec
2999 1855 3165 1910 etiam
3183 1855 3404 1926 aliquod
3425 1856 3569 1911 acci-

287 1952 488 2023 μένων,
540 1949 710 2021 χωρὶς
753 1948 852 2019 τῆς
884 1945 975 2001 τοῦ
1012 1944 1378 2015 ὑποκειμένου
1411 1942 1765 2015 ἀναιρέσεως,
1792 1941 1869 2005 ὡς

1988 1944 2221 2000 lentium
2242 1961 2364 2016 qua:
2385 1944 2545 2012 ﬁunt,
2576 1947 2727 2001 salvo
2755 1946 3024 2016 subjecto,
3049 1955 3110 2000 ut
3137 1962 3266 2016 pars
3298 1948 3350 2002 in
3382 1948 3568 2018 aliqua

286 2046 452 2116 μέρος
502 2043 560 2098 ἐν
614 2059 722 2097 τινι
750 2040 1050 2096 ὑποστάσει
1091 2038 1332 2110 ὑπάρχει
1361 2055 1376 2069 ·
1407 2037 1526 2091 ἀλλ’
1555 2035 1679 2091 οὐδὲ
1713 2036 1878 2091 αὑταὶ

283 2140 339 2192 αἰ
368 2136 600 2206 φυσικαὶ
657 2135 944 2204 ἰδιότητες,
997 2131 1073 2190 ὡς
1121 2131 1290 2202 μέρος
1324 2129 1431 2183 εἰσί
1486 2129 1598 2183 τῶν
1642 2129 1880 2183 ὑποστά-

286 2247 424 2284 σεων
483 2221 558 2282 ὧν
609 2228 752 2280 εἰσιν
809 2224 1050 2291 οὐσιῶν,
1108 2223 1248 2278 ἀλλά
1293 2224 1388 2278 καὶ
1434 2224 1658 2296 μερικοὶ
1705 2222 1876 2292 λόγοι.

288 2325 350 2377 Et
380 2322 490 2394 γὰρ
520 2321 663 2392 μέρη
687 2320 746 2374 αἰ
795 2317 1059 2388 ἰδιότητές
1093 2318 1201 2370 εἰσι
1251 2319 1352 2387 τῆς
1393 2315 1770 2380 ὑποστάσεως,
1819 2314 1881 2386 τὸ

285 2415 342 2469 δὲ
370 2415 491 2468 ὅλον
524 2410 791 2480 συγγενὲς
847 2413 962 2474 τοῖς
1012 2407 1206 2463 ἑαυτοῦ
1259 2409 1450 2480 μέρεσι
1505 2407 1604 2462 καὶ
1661 2407 1878 2472 ταυτὸν,

287 2507 381 2559 καὶ
406 2505 560 2558 οὐδὲν
589 2503 746 2572 γένος
771 2501 1125 2571 παρὰ-πάντα
1153 2499 1318 2554 αὑτοῦ
1372 2499 1442 2552 τὰ
1503 2499 1669 2568 μέρη,
1727 2497 1881 2550 ἔσται

289 2599 473 2654 καὶτὸ
505 2597 626 2651 ὅ)ον
649 2596 751 2667 τῆς
781 2595 1159 2658 ὑποστάσεως,
1206 2593 1406 2664 ἰδιότης
1448 2593 1681 2646 καθόλου
1722 2591 1882 2663 μόνον

289 2689 558 2753 ἀνοὺσιος.
617 2687 692 2741 Οὑ
745 2686 906 2758 μόνον
953 2685 1010 2739 δὲ
1059 2683 1240 2751 τοῦτο,
1269 2683 1407 2738 ἀλλά
1446 2685 1542 2737 καὶ
1574 2684 1698 2738 ἐπεὶ
1730 2684 1884 2737 πᾶσα.

292 2783 494 2852 ἰδιότης
535 2779 654 2834 ἐστὶ
694 2779 758 2833 τὸ
792 2778 913 2832 ὅλον
945 2777 1048 2848 τῆς
1083 2775 1460 2839 ὑποστάσεως,
1491 2774 1652 2844 εἴπερ
1684 2773 1884 2844 ἰδιότης

290 2876 324 2946 ἥ
387 2874 578 2946 ἐτέρου
639 2870 786 2936 τινὸς
851 2869 1005 2924 ἔσται
1060 2867 1263 2938 ἰδιότης
1293 2884 1308 2898 ’
1362 2868 1457 2921 καὶ
1513 2865 1673 2920 τοῦτο
1720 2865 1884 2920 πάλιν

292 2969 380 3022 ἐπ’
430 2969 658 3040 ἄπειρον
709 2963 1012 3036 ζητητέον·
1054 2962 1088 3033 ἢ
1147 2963 1249 3034 οὑχ
1303 2960 1494 3033 ἐτέρου
1546 2955 1704 3024 οὖσα,
1760 2959 1884 3013 οὐδὲ

296 3062 498 3134 ἰδιότης
537 3061 719 3124 ἔσται,
760 3056 881 3110 οὑδὲ
929 3055 1232 3118 ὑπόστασις
1282 3054 1412 3125 ἄρα.
1464 3053 1579 3107 υὺκ
1637 3053 1745 3124 ἄρα
1791 3048 1886 3106 οὖν

293 3160 415 3214 οὑδὲ
438 3160 495 3212 αἰ
524 3156 728 3220 οὑσίαι,
751 3153 872 3208 οὑδὲ
899 3151 972 3205 τά
1012 3149 1425 3221 συμϐεϐηκότα,
1478 3147 1601 3202 οὑδὲ
1642 3149 1697 3201 αἱ
1757 3146 1885 3200 ἰδιό-

295 3267 458 3322 τητες
506 3251 564 3303 αἱ
609 3247 894 3310 οὑσιώδεις
925 3245 1004 3308 ὡς
1037 3244 1180 3315 μέρη
1209 3242 1319 3296 εἰσὶ
1347 3242 1448 3313 τῆς
1475 3241 1718 3295 ὲνουσίου
1748 3241 1885 3294 ὑπο-

298 3344 542 3406 στάσεως
577 3358 590 3372 ·
623 3340 740 3395 ἀλλ’
769 3342 835 3392 ὲκ
865 3338 968 3409 τῆς
997 3335 1208 3400 οὑσίας,
1262 3335 1394 3405 περὶ
1451 3334 1550 3405 τὴν
1604 3333 1796 3387 οὑσίαν
1850 3333 1883 3402 ἢ

296 3437 393 3491 καὶ
429 3433 724 3504 ἀλλαχόθεν
753 3434 811 3485 ὲν
841 3431 980 3500 αὑτῇ
1021 3429 1115 3483 καὶ
1162 3429 1293 3499 περὶ
1347 3413 1538 3497 αὑτὴν,
1596 3425 1722 3479 τινά
1769 3425 1887 3478 ἐστι

294 3530 421 3584 τάδε
451 3528 596 3590 ἰδίως
629 3527 686 3578 ὲν
716 3522 856 3595 τῷδέ
895 3539 1004 3576 τινι
1065 3520 1439 3593 θεωρούμενα.
1491 3518 1640 3589 Πλὴν
1693 3519 1742 3571 εἰ
1795 3516 1890 3572 καὶ

295 3621 458 3676 τοῦτο
481 3619 612 3689 ὑμῖν
655 3614 1088 3684 συγχωρήσομεν
1122 3612 1204 3681 (οὑ
1257 3611 1366 3681 γάρ
1421 3609 1710 3662 σπουδαῖον
1763 3607 1890 3678 περὶ

294 3713 488 3769 τούτου
512 3709 609 3765 νῦν
639 3705 1080 3768 ἀντιτάσσεσθαι,
1113 3704 1210 3758 καὶ
1247 3703 1322 3767 ὡς
1353 3702 1524 3774 μέρος
1568 3701 1653 3770 εἴη
1714 3701 1772 3752 ὲν
1819 3700 1886 3770 τῇ

297 3805 596 3863 ὑποστάσει
655 3799 858 3856 ἑαυτοῦ
893 3800 921 3852 ό
961 3797 1096 3861 Θεὸς
1128 3795 1350 3864 Λόγος),
1379 3793 1677 3848 ἀκόλουθον
1711 3791 1888 3855 ἔσται,

300 3898 526 3970 μείζονα
577 3895 677 3965 τῆς
730 3892 923 3954 οὑσίας
975 3890 1076 3960 τῆς
1107 3888 1378 3957 Θεότητος
1443 3885 1625 3957 πάσης
1657 3884 1889 3938 ἕκαστον

297 3989 408 4044 τῶν
434 3987 601 4060 τριῶν
628 3985 804 4054 ἁγίων
829 3980 1144 4054 προσώπων
1165 3980 1242 4044 ὡς
1275 3979 1396 4033 ὅλον
1435 3979 1531 4032 καὶ
1570 3977 1705 4033 αὑτὸ
1756 3978 1891 4029 νοεῖ-

301 4082 450 4137 σθαι.
478 4083 589 4136 Καὶ
614 4079 761 4134 οὕτω
785 4077 884 4150 μὲν
915 4075 1057 4130 τόδε.

386 4173 450 4226 Ἠ
483 4171 714 4241 δευτέρα
750 4168 812 4221 δὲ
843 4167 1002 4239 ὑμῶν
1033 4164 1298 4236 πρότασις
1326 4162 1514 4227 πάλιν,
1545 4160 1662 4226 πῶς
1691 4159 1805 4232 ἔχει
1831 4159 1893 4212 τὸ

299 4266 564 4340 βέϐαιονς
601 4264 728 4318 Ὅτι
788 4261 898 4316 πᾶν
953 4259 1116 4333 μέρος
1171 4256 1523 4318 ὑποστάσεως
1575 4253 1888 4326 λεγόμενον,

305 4356 652 4432 συμπάσχειν
699 4354 775 4425 τῷ
825 4354 1000 4425 ἑτέρῳ
1038 4353 1255 4420 ἀνάγκη
1284 4365 1300 4381 ⁸
1362 4349 1457 4402 καὶ
1498 4347 1658 4402 τοῦτο
1681 4346 1769 4402 ἀεὶ
1798 4346 1894 4399 καὶ

303 4453 447 4508 κατά
478 4452 656 4507 πάντα
679 4447 1022 4520 ἀδιορίστως.
1057 4444 1170 4515 Τῆς
1203 4444 1314 4514 γάρ
1363 4440 1457 4496 τοῦ
1511 4442 1719 4513 κόσμου
1761 4441 1893 4495 ὑπο-

305 4545 554 4607 στάσεως
601 4543 699 4596 καὶ
730 4540 967 4608 φύσεως,
1003 4536 1193 4600 ἵππος,
1219 4535 1315 4588 καὶ
1340 4532 1452 4602 γύψ
1479 4549 1493 4562 ·
1519 4531 1615 4586 καὶ
1636 4533 1696 4585 οὑ
1729 4531 1890 4602 μόνον

1980 2037 2258 2108 hypostasi
2289 2037 2541 2105 exsistit;
2583 2037 2677 2093 sed
2711 2052 2811 2092 nec
2843 2038 2949 2093 illa:
3001 2039 3282 2094 naturales
3315 2041 3568 2111 proprie-

1980 2130 2309 2198 tates,quasi
2331 2145 2458 2199 pars
2481 2138 2611 2184 sunt
2629 2129 2994 2198 liypostaseon
3011 2145 3135 2200 quae
3157 2140 3288 2186 sunt
3309 2133 3571 2189 substan-

1981 2221 2091 2286 tiae,
2127 2221 2224 2276 sed
2250 2229 2308 2275 et
2337 2221 2693 2291 particularia
2724 2221 2892 2276 verba
2921 2238 2936 2287 ;
2972 2223 3018 2276 si
3053 2223 3201 2278 enim
3233 2234 3418 2294 partes
3445 2241 3572 2296 pro-

1985 2315 2252 2384 prietates
2271 2323 2400 2368 sunt
2421 2315 2797 2385 hypostaseos,
2817 2323 2992 2370 totum
3009 2326 3194 2370 autem
3211 2320 3570 2375 connaturale

1985 2407 2160 2475 ipsius
2212 2408 2462 2478 partibus
2507 2417 2565 2463 et
2620 2407 2789 2472 idem,
2823 2422 2888 2463 ac
2934 2408 3146 2462 nullum
3201 2424 3377 2477 genus
3425 2410 3573 2479 apud

1982 2516 2176 2555 omnes
2205 2501 2378 2571 ipsius
2403 2511 2611 2571 partes,
2636 2501 2744 2556 erit
2773 2515 2997 2572 quoque
3035 2510 3209 2557 totum
3243 2503 3572 2574 liypostasis,

1986 2594 2298 2663 proprietas
2334 2594 2390 2648 in
2415 2610 2618 2664 genere
2645 2602 2859 2648 tantum
2886 2609 2997 2648 non
3033 2595 3428 2650 substantialis.
3454 2597 3576 2651 Non

1987 2684 2165 2738 solum
2227 2694 2412 2739 autem
2442 2685 2569 2750 hoc,
2603 2685 2700 2740 sed
2722 2695 2778 2740 et
2804 2702 2930 2741 cum
2956 2687 3138 2742 omnis
3166 2689 3477 2757 pr0prietas
3504 2689 3578 2745 sit

1989 2785 2166 2832 totum
2218 2777 2548 2848 liypostasis,
2588 2793 2722 2848 ergo
2755 2779 3066 2849 proprietas
3113 2779 3199 2834 vel
3232 2781 3392 2848 cujus
3437 2781 3578 2836 alte-

1986 2869 2104 2924 rius
2138 2869 2246 2924 erit
2289 2871 2620 2941 proprietas,
2650 2870 2866 2940 hocque
2916 2886 3136 2926 rursum
3195 2872 3249 2925 in
3300 2872 3577 2927 inﬁnitum

1985 2964 2096 3019 erit
2143 2962 2525 3034 quaerendum,
2570 2965 2658 3018 vel
2690 2979 2798 3018 non
2839 2964 3091 3028 alterius,
3127 2979 3230 3019 nec
3275 2974 3408 3020 tunc
3445 2980 3579 3036 pro-

1985 3060 2192 3131 prietas
2219 3060 2344 3125 erit,
2376 3075 2480 3115 nec
2506 3058 2634 3114 ideo
2663 3059 2990 3130 bypostasis.
3015 3058 3134 3113 Non
3159 3075 3293 3130 ergo
3322 3075 3424 3114 nec
3449 3059 3583 3116 sub-

1987 3153 2222 3219 stantiae,
2262 3169 2367 3208 nec
2387 3153 2714 3218 accidentia,
2744 3168 2849 3208 nec
2872 3153 3238 3224 pmprietates
3259 3155 3580 3211 essentialcs
3609 3186 3613 3189 -

1987 3241 2145 3311 quasi
2197 3250 2381 3313 partes
2426 3249 2557 3296 sunt
2594 3242 2972 3298 substantialis
3022 3244 3349 3315 bypostasis,
3381 3247 3478 3302 sed
3510 3263 3580 3303 ex

1988 3335 2316 3399 substantia,
2349 3334 2418 3390 de
2450 3334 2758 3391 substantia
2786 3336 2870 3390 vel
2918 3344 2974 3391 et
3003 3337 3228 3393 aliunde
3279 3339 3335 3393 in
3367 3339 3486 3410 ipsa
3515 3357 3580 3397 ac

1989 3426 2058 3481 de
2133 3426 2259 3490 illa,
2313 3426 2563 3496 quaedmn
2608 3435 2737 3481 sunt
2780 3427 3188 3497 particulariter
3233 3429 3289 3484 in
3339 3433 3580 3502 quodam

1988 3517 2360 3574 considerata.
2391 3517 2500 3574 Sed
2524 3518 2630 3574 etsi
2658 3519 2765 3574 hoc
2792 3520 2952 3575 vobis
2981 3523 3438 3588 concesserimus,
3468 3541 3579 3582 non

1990 3618 2176 3664 tamen
2216 3609 2592 3665 festinandum
2640 3620 2725 3666 est
2763 3619 2824 3666 ut
2871 3628 3023 3667 nunc
3074 3613 3143 3669 de
3199 3615 3304 3671 hoc
3347 3627 3577 3674 conten-

1991 3702 2177 3769 datur,
2209 3717 2335 3758 cum
2362 3702 2419 3758 in
2452 3703 2736 3774 hypostasi
2767 3697 2944 3775 ipsius
2975 3715 3124 3761 esset
3155 3716 3413 3779 tanquam
3449 3727 3579 3781 pars

1992 3798 2164 3855 Deum
2195 3799 2464 3856 Verbum.
2488 3799 2898 3870 Consequentia
2949 3803 3088 3868 erit,
3117 3805 3382 3876 majorem
3427 3809 3578 3863 omni

1992 3890 2300 3946 substantia
2375 3891 2696 3948 Divinitatis
2742 3909 3192 3965 unamquamque
3239 3897 3406 3952 trium
3455 3915 3580 3970 per-

1993 4001 2248 4040 sonarum
2278 3994 2594 4040 sanctarum
2617 3984 2677 4040 ut
2698 3995 2874 4042 totum
2902 3996 2958 4044 et
2977 3987 3155 4059 ipsum
3179 3990 3429 4064 intelligi.
3455 3992 3580 4048 Haec

1993 4086 2178 4133 autem
2213 4077 2508 4134 sufﬁciant.

2064 4168 2316 4225 Secunda
2337 4177 2522 4226 autem
2545 4180 2724 4226 vestra
2743 4172 3070 4243 propositio,
3097 4166 3374 4245 quomodo
3399 4178 3539 4233 valet
3566 4220 3579 4237 .

1993 4262 2239 4330 scilicet,
2277 4277 2497 4319 omnem
2533 4274 2770 4335 partem,
2818 4281 2942 4336 qum
2994 4266 3198 4322 dicitur
3249 4269 3579 4341 hypostasis,

1995 4355 2312 4412 necessario
2371 4357 2612 4428 compati
2640 4373 2764 4413 eum
2792 4359 2985 4426 altera,
3015 4360 3231 4431 hocque
3270 4378 3490 4433 semper
3529 4373 3587 4418 et

1997 4448 2052 4503 in
2097 4448 2355 4503 omnibus
2391 4449 2716 4504 indeﬁnite?
2749 4449 2937 4505 Mundi
2981 4466 3112 4506 vero
3147 4452 3456 4523 hypostasis
3479 4469 3586 4525 .na-

1997 4547 2245 4610 turzeq‘ue
2275 4541 2405 4594 sunt
2436 4555 2616 4610 equus
2649 4550 2704 4596 et
2732 4541 3058 4605 vultur,nec
3089 4543 3267 4597 solum
3288 4558 3414 4597 cum
3447 4559 3585 4598 una-

302 4638 364 4692 οὑ
391 4635 705 4708 συμπάσχει
735 4632 950 4701 θατέρῳ
969 4629 1199 4700 θάτερον
1226 4623 1387 4690 εΐδος,
1416 4624 1552 4681 ἀλλά
1585 4624 1681 4678 καὶ
1705 4622 1883 4676 εὐσθε-

1999 4647 2218 4702 quaque
2267 4647 2613 4701 unaquaeque
2649 4633 2864 4702 species
2917 4647 3028 4686 non
3075 4633 3412 4702 compatitur
3440 4675 3454 4699 ,
3487 4635 3584 4691 sed

303 4733 384 4788 νεῖ
405 4731 466 4784 τὸ
485 4728 737 4800 γὺπτιον,
792 4725 976 4779 ἵππων
1033 4721 1486 4794 ἀναιρουμένων·
1529 4718 1591 4772 τὸ
1630 4719 1687 4772 δὲ
1743 4718 1894 4772 λεόν-

302 4842 448 4880 τειον
478 4821 708 4878 αὑτόθεν
731 4818 853 4874 οὑδὲ
877 4817 991 4889 ἔχει
1018 4817 1078 4871 τὸ
1104 4810 1266 4880 εἶναι,
1291 4816 1340 4869 εἰ
1387 4815 1463 4886 μὴ
1515 4813 1602 4868 διὰ
1645 4815 1743 4886 τῆς
1799 4811 1892 4865 τοῦ

307 4917 484 4990 βοείου
518 4914 684 4987 τυχὸν
732 4913 830 4968 καὶ
869 4911 981 4966 τῶν
1031 4908 1290 4963 τοιούτων
1344 4905 1640 4976 ἐπιϐουλῆς
1683 4947 1698 4973 ,
1759 4903 1893 4969 ζωο-

306 5010 505 5082 φθόρον
519 5025 574 5062 τι
596 5007 657 5062 ὃν
685 5007 781 5062 καὶ
809 4999 1266 5074 σαρκοφάγον.Τί
1293 5000 1348 5053 δὲ
1381 5000 1448 5054 ἂν
1462 5001 1606 5054 εἴποι
1635 5016 1720 5063 τις
1748 5000 1893 5069 ὄρνι-

307 5103 407 5167 θας
429 5101 779 5165 πεπονθέναι,
799 5099 848 5151 εἰ
885 5098 1093 5151 νοσοῖεν
1127 5095 1181 5147 αἰ
1204 5091 1408 5146 τούτων
1437 5091 1715 5146 ἐπίϐουλοι
1748 5090 1893 5144 ἀλώ-

306 5210 517 5260 πεκες;
574 5189 898 5246 Τοὺναντίον
979 5187 1086 5258 γὰρ
1167 5173 1317 5239 ἐστιν
1374 5187 1523 5249 ἰδεῖν,
1573 5185 1650 5248 ὡς
1701 5185 1892 5255 ἐτέρου

308 5289 610 5358 πάσχοντος
641 5284 842 5355 μέρους
864 5281 975 5334 τῶν
1005 5282 1062 5333 ὲν
1082 5279 1162 5348 τῷ
1193 5279 1404 5349 κόσμῳ,
1427 5277 1616 5347 ἕτερον
1646 5277 1858 5330 εὑεκτεῖ
1877 5293 1890 5308 ⁸

309 5381 406 5434 καὶ
431 5380 620 5449 ἐτέρου
679 5375 1058 5440 εὑθαλοὺντος,
1119 5372 1308 5442 ἕτερον
1358 5371 1687 5442 δυσπραγεῖ.
1732 5368 1898 5423 Ἀλλὰ

311 5453 531 5529 καὶτοῦ
560 5469 676 5532 ἑνός
709 5485 856 5530 τινος
911 5463 1204 5537 ἀνθρώπου
1251 5462 1395 5516 κατά
1437 5478 1560 5521 τινα
1607 5459 1898 5526 διδάξαντα

312 5565 482 5637 ἡμᾶς,
517 5559 742 5616 κατὰτὸ
767 5558 872 5624 ἔξω
903 5556 1377 5629 διαφθειρομένου.
1423 5555 1452 5605 ὁ
1498 5553 1604 5606 ἔσω
1649 5553 1899 5608 ἀνακαι-

311 5657 524 5713 νοῦται
551 5653 743 5724 ’ἡμέρᾳ
765 5653 864 5705 καὶ
898 5651 1109 5721 ἡμέρῃ.
1140 5650 1250 5704 Καὶ
1301 5648 1409 5717 γὰρ
1435 5645 1529 5700 τοῦ
1560 5647 1728 5701 αὑτοῦ
1776 5647 1898 5700 κατ’

313 5749 546 5822 ἀριθμὸν
599 5747 739 5813 ἑνὸς,
793 5746 854 5799 τὸ
916 5746 1014 5816 μὲν
1054 5745 1297 5814 πνεῦμα,
1350 5741 1498 5798 κατὰ
1542 5743 1640 5811 τῆς
1697 5739 1899 5812 σαρκὸς

312 5842 620 5912 ἐπιθυμεῖ·
659 5841 692 5911 ἡ
738 5839 796 5892 δὲ
827 5839 986 5910 σὰρξ,
1041 5837 1184 5892 κατά
1230 5837 1324 5891 τοῦ
1384 5837 1693 5908 πνεύματος
1731 5853 1743 5865 ·
1805 5836 1900 5889 καὶ

313 5937 382 5990 τά
410 5933 505 5988 τοῦ
527 5934 646 5999 ἑνὸς
665 5933 885 6006 ὁμοφυῆ
919 5932 1096 6003 πάντη
1128 5932 1357 5987 πλεῖστα
1397 5931 1527 5984 ὅντα
1585 5929 1748 6000 μέρη,
1802 5929 1898 5984 ἀν-

2001 4724 2167 4778 etiam
2221 4724 2368 4779 valet
2418 4722 2721 4788 vulturino,
2763 4722 2925 4791 equis
2976 4723 3286 4779 interfectis
3320 4741 3332 4779 :
3364 4724 3587 4781 leonina

1999 4825 2134 4867 vero
2169 4817 2317 4868 unde
2347 4813 2569 4868 exsistit
2596 4811 2701 4867 nisi
2726 4827 2794 4868 ex
2819 4811 3038 4867 bovina)
3063 4821 3230 4883 atque
3265 4814 3584 4887 hujusmodi

2001 4904 2315 4970 venatione,
2338 4919 2463 4960 eum
2491 4905 2563 4960 sit
2585 4904 2844 4960 immanis
2868 4919 2932 4959 ac
2959 4905 3266 4960 carnivora.
3289 4907 3431 4974 Quid
3456 4926 3588 4965 vero

2001 5001 2260 5058 dicentur
2292 5002 2404 5072 pati
2433 5002 2706 5066 volucres,
2736 5001 2802 5067 si,
2833 5001 3028 5072 vulpes
3051 5001 3293 5071 ipsarum
3323 5019 3586 5075 aucupes,

2001 5096 2420 5168 mgrotaverint?
2440 5095 2792 5150 Contrarium
2819 5097 2965 5152 enim
2995 5095 3294 5154 videndum
3326 5108 3410 5155 est
3441 5120 3452 5156 :
3480 5119 3587 5157 una

2005 5189 2171 5260 hujus
2200 5189 2389 5242 mundi
2413 5195 2567 5258 parte
2602 5189 2910 5251 laborante,
2944 5189 3118 5244 altera
3149 5191 3296 5244 valet
3323 5207 3336 5257 ;
3368 5207 3589 5262 unaque

2005 5282 2260 5345 ﬂorente,
2310 5281 2481 5335 altera
2525 5287 2755 5334 marcet.
2825 5281 2895 5335 At
2947 5297 3281 5352 unoquoque
3339 5284 3585 5348 homine,

2007 5370 2316 5426 secundum
2362 5369 2508 5439 quod
2555 5384 2657 5424 nos
2702 5371 3044 5440 experimur,
3074 5387 3141 5427 ex
3184 5373 3272 5428 his
3302 5391 3423 5445 qua:
3455 5377 3591 5432 foris

2008 5471 2139 5518 sunt
2179 5471 2466 5532 corrupta,
2499 5461 2597 5531 qui
2647 5461 2802 5518 intus
2850 5471 2937 5518 est
2986 5472 3273 5519 renovatur
3307 5467 3372 5520 de
3402 5468 3487 5522 die
3533 5469 3592 5522 in

2007 5557 2166 5610 diem.
2201 5555 2292 5611 Sic
2316 5555 2466 5611 enim
2499 5555 2747 5627 ejusdem
2786 5556 2952 5611 unius
2983 5573 3215 5622 numero
3242 5559 3472 5628 spiritus
3505 5575 3594 5616 se-

2008 5648 2248 5704 cundum
2279 5633 2499 5703 carnem
2526 5647 2891 5718 concupiscit,
2918 5665 3045 5704 caro
3065 5659 3250 5706 autem
3285 5651 3589 5706 secundum

2009 5743 2297 5813 spiritum;
2341 5757 2405 5796 ac
2449 5743 2725 5813 pleraeque
2760 5751 2944 5813 partes
2989 5744 3154 5799 unius
3187 5760 3308 5814 qua:
3340 5744 3590 5814 ejusdem

2010 5845 2223 5892 natura:
2243 5837 2468 5891 omnino
2483 5845 2632 5901 sunt,
2647 5836 2753 5891 sibi
2779 5837 3018 5893 invicem
3042 5839 3433 5904 adversantur;
3465 5854 3590 5909 per-

2011 5946 2118 6001 que
2152 5929 2478 5988 alterutrius
2504 5930 2742 6002 partium
2784 5931 3191 6003 tribulationcs,
3226 5933 3397 5988 altera
3448 5932 3591 5990 bene
