4032 6552
453 478 590 543 1423

1732 472 2042 536 LEONTII
2079 469 2486 532 BYZANTINI
2526 502 2529 503 ν

3578 459 3717 525 1424

448 597 634 661 valet;
668 608 794 650 cum
839 605 1004 663 super
1051 587 1308 647 dextrum
1337 588 1485 646 latus
1526 588 1922 654 recumbimus,
1955 589 2029 644 si-

2143 587 2398 641 είκεινται
2421 580 2674 654 ἀλλήλοις
2697 595 2711 610 ·
2748 577 2843 634 καὶ
2867 575 2955 632 διὰ
2979 575 3078 648 τῆς
3110 572 3340 647 θατέρου
3375 571 3486 630 τῶν
3534 578 3718 649 μερῶν

448 687 690 741 nistrum
750 682 1091 746 allevamus,
1142 680 1474 748 sinistraque
1522 694 1688 733 manu
1741 678 2030 732 laborante

452 777 679 832 dextera
697 773 951 845 quiescit.
970 774 1027 828 In
1053 787 1162 828 una
1186 787 1404 843 quoque
1421 769 1723 843 hypostasi,
1736 769 2032 840 liquefacta

451 867 806 940 pinguedine,
834 865 1124 921 ﬁrmantur
1145 879 1340 919 carnes
1364 861 1878 918 exercitationibus.
1897 861 2032 916 Ossa

451 975 585 1016 vero
619 969 783 1029 atque
825 957 1195 1027 cartilagines,
1226 970 1363 1011 caesa
1395 955 1555 1025 pelle,
1593 952 1730 1008 nihil
1761 953 2030 1016 sentiunt,

453 1053 584 1108 licet
617 1051 673 1104 in
706 1050 900 1106 eodem
933 1050 1043 1104 sint
1075 1063 1306 1118 corpore
1339 1047 1666 1116 composito,
1691 1059 1754 1099 ac
1782 1045 2031 1114 quatdam

455 1143 707 1212 corporis
737 1150 939 1210 partes,
965 1155 1086 1209 qua:
1115 1147 1273 1193 antea
1303 1136 1522 1192 fuerant
1551 1150 1730 1206 passa,
1760 1135 1882 1189 aliis
1911 1149 2034 1189 cor-

456 1233 608 1306 poris
632 1232 970 1302 patientibus
990 1229 1262 1301 partibus,
1283 1244 1388 1282 non
1408 1228 1584 1282 solum
1597 1242 1707 1281 non
1723 1227 2033 1296 patiuntur,

457 1325 554 1382 sed
588 1324 752 1380 etiam
786 1323 958 1394 prima
995 1321 1252 1393 passione
1281 1320 1610 1384 liberantur,
1637 1327 1699 1373 ut
1729 1317 1917 1372 videre
1951 1325 2036 1372 est

458 1415 518 1470 in
547 1413 726 1484 capite
752 1413 838 1467 vel
870 1412 1044 1467 oculis
1079 1410 1492 1482 aagrotantibus,
1523 1411 1567 1464 si
1602 1408 1839 1479 pedibus
1869 1423 2038 1479 aegro-

457 1506 680 1570 taverit,
725 1505 854 1559 item
892 1503 948 1556 in
986 1501 1341 1558 calefaciente
1393 1515 1614 1555 manum
1645 1515 1744 1570 per
1773 1499 1886 1554 oris
1909 1514 2037 1569 pase-

457 1597 665 1662 siones,
719 1597 960 1666 itemque
1001 1595 1266 1650 verticem
1293 1593 1512 1648 aurium
1541 1591 1818 1664 passionis
1849 1607 2035 1647 causa.

458 1688 518 1744 Si
567 1702 696 1743 vero
735 1685 852 1741 haec
897 1683 1212 1757 huiusmodi
1259 1684 1497 1756 quadam
1547 1683 1856 1756 sympathia
1905 1698 2034 1737 eve-

457 1780 635 1844 niant,
689 1777 920 1833 alterius
958 1785 1141 1833 autem
1197 1777 1503 1848 perniciosa
1555 1776 1756 1846 passio,
1809 1775 2039 1830 alterius

459 1871 679 1926 videtur
709 1870 878 1939 salus,
911 1861 1378 1941 quemadmodum
1405 1869 1574 1924 etiam
1606 1868 1674 1924 de
1705 1868 2040 1923 animalibus

459 1964 770 2022 carnivoris
794 1964 960 2020 modo
1002 1962 1213 2018 dictum
1283 1973 1388 2018 est.
1453 1963 1604 2034 Ignis
1652 1963 1821 2018 etiam
1877 1978 2035 2032 aquae

461 2060 651 2114 unitus
682 2058 740 2112 in
789 2071 957 2112 unam
987 2057 1238 2126 corporis
1272 2064 1526 2110 naturam
1562 2069 1629 2111 ac
1672 2055 2034 2127 hypostasim,

460 2152 806 2222 compatiens
840 2147 999 2220 quasi
1028 2163 1175 2218 pars,
1212 2147 1466 2202 mirabile
1496 2155 1611 2214 est;
1652 2161 1762 2202 non
1806 2161 1938 2217 ergo
1975 2161 2039 2200 a-

463 2244 805 2302 bundantius
847 2240 1047 2299 disseri
1076 2238 1382 2319 adversarii
1431 2239 1744 2295 debilitatio
1793 2241 2040 2309 unioque

353 2346 358 2351 '
462 2335 661 2391 sciant.

2134 677 2390 747 θλίψεως,
2461 675 2524 728 τὸ
2581 672 2768 743 ἕτερον
2827 670 3042 725 εὐεκτεῖ
3071 685 3084 700 ·
3140 667 3562 732 κατακλιθέντες
3607 668 3717 741 γάρ

2133 771 2224 823 ἐπὶ
2247 767 2427 834 δεξιάν
2458 763 2725 837 πλευρὰν,
2773 763 2871 834 τὴν
2925 761 3084 817 λαιάν
3133 759 3528 830 άνεπαύσαμεν
3559 773 3575 788 ⁶
3621 759 3720 814 καὶ

2136 859 2452 932 καμνούσης
2485 859 2587 928 τῆς
2611 859 2770 921 λαιᾶς
2807 855 3009 928 χειρὸς,
3040 855 3074 926 ἠ
3115 851 3267 918 δεξιά
3309 850 3716 907 διαναπαύεται.

2147 953 2308 1009 Ἀλλὰ
2332 953 2427 1007 καὶ
2449 954 2515 1006 ἐκ
2544 951 2675 1022 μιᾶς
2715 949 3068 1012 ὑποστάσεως
3122 945 3282 1001 τοῦδέ
3333 961 3500 1010 τινος,
3550 961 3720 1016 τηκο-

2138 1045 2307 1118 μένης
2346 1043 2602 1115 πιμελῆς,
2662 1042 2979 1114 άδρύνονται
3027 1041 3085 1094 αἰ
3146 1039 3350 1110 σάρκες
3398 1039 3456 1091 ἐν
3506 1053 3724 1108 γυμνα-

2137 1138 2294 1201 σίοις.
2348 1137 2512 1190 Ὀστᾶ
2565 1135 2622 1188 δὲ
2674 1135 2769 1189 καὶ
2796 1134 3007 1205 χόνδροι
3041 1130 3443 1204 μαστιζομένου
3471 1129 3566 1184 τοῦ
3593 1129 3723 1201 δέρ-

2139 1247 2332 1300 ματος,
2370 1228 2525 1282 οὐδέν
2557 1228 2927 1293 αἰσθάνονται,
2973 1226 3153 1280 καίτοι
3184 1227 3244 1279 ὲν
3299 1224 3378 1294 τῷ
3417 1223 3564 1293 αὐτῷ
3593 1221 3726 1277 ὄντα

2137 1322 2218 1376 ἐνὶ
2245 1320 2487 1391 συνθέτῳ
2513 1319 2727 1392 σώματι
2766 1336 2782 1352 ⁸
2817 1318 2942 1372 τινά
2990 1317 3048 1372 δέ
3109 1317 3274 1388 μόρια
3327 1315 3422 1370 τοῦ
3473 1314 3726 1386 σώματος

2139 1415 2334 1489 πρώην
2364 1415 2461 1469 καὶ
2490 1412 2845 1478 ἀσθενοῦντα,
2868 1411 3072 1483 ἐτέρων
3099 1410 3194 1464 τοῦ
3249 1408 3414 1463 αὐτοῦ
3469 1405 3727 1479 σώματος

2141 1507 2345 1579 μορίων
2380 1506 2684 1571 παθόντων,
2713 1505 2773 1558 οῦ
2825 1505 2988 1577 μόνον
3028 1504 3088 1557 οὐ
3135 1499 3541 1571 συνεπάθησαν,
3588 1498 3727 1552 ἀλλά

2138 1598 2235 1653 καὶ
2262 1597 2659 1669 ἀπηλλάγησαν
2692 1595 2786 1650 τοῦ
2819 1595 3012 1668 πρώην
3044 1594 3254 1658 ἐνόντος
3287 1591 3468 1655 αὐτοῖς
3495 1588 3723 1652 πάθους·

2138 1691 2214 1755 ὡς
2247 1691 2362 1744 ἐστι
2389 1689 2484 1744 ἐπὶ
2511 1689 2620 1742 τῶν
2665 1686 3155 1758 κεφαλαλγούντων
3183 1685 3216 1756 ἦ
3271 1681 3721 1755 ὀφθαλμιώντων,

2139 1784 2189 1837 εἰ
2240 1782 2656 1855 ποδαλγήσαιεν,
2706 1781 2834 1835 ἰδεῖν
2863 1796 2880 1812 θ
2912 1780 3008 1834 καὶ
3041 1778 3134 1832 ἐπὶ
3160 1776 3268 1832 τῶν
3297 1775 3605 1848 καιομένων
3625 1774 3724 1844 τὴν

2072 1911 2114 1968 Β
2139 1879 2302 1947 χεῖρα
2321 1875 2410 1929 διὰ
2431 1876 2510 1968 τά
2531 1875 2790 1946 ἐνστόμια
2821 1871 2972 1943 πάθη
3000 1887 3016 1904 '
3056 1871 3152 1925 καὶ
3184 1870 3244 1924 τδ
3277 1869 3517 1968 βρέγμα,
3543 1867 3724 1968 λώβης

2138 1969 2320 2040 χάριν.
2364 1968 2427 2020 Εἰ
2456 1967 2565 2039 γάρ
2623 1967 2718 2021 καὶ
2785 1963 3101 2035 συμπαθείᾳ
3153 1963 3270 2016 τινὶ·
3311 1961 3522 2031 γίνεται
3573 1960 3721 2023 τάδε,

2139 2059 2274 2113 ἀλλὰ
2295 2059 2356 2114 τὸ
2382 2060 2568 2131 ἐτέρου
2609 2057 2909 2129 φθαρτικὸν
2967 2055 3175 2121 πάθος,
3225 2054 3417 2122 ἐτέρου
3462 2050 3727 2106 σωστικδν

2140 2153 2392 2220 φαίνεται
2426 2167 2439 2180 ⁸
2496 2150 2686 2223 ὥσπερ
2715 2150 2808 2204 καὶ
2857 2149 2951 2202 ἐπὶ
2981 2149 3090 2202 τῶν
3120 2147 3276 2212 ζώων
3303 2145 3414 2200 τῶν
3445 2146 3724 2217 σαρκοφά-

2143 2261 2256 2313 γων
2290 2245 2477 2315 εἴρητο
2506 2243 2732 2314 ἀρτίως.
2771 2243 2890 2314 Πῦρ
2924 2241 2980 2295 δὲ
3008 2239 3163 2294 ὓδατι
3205 2237 3462 2291 συντεθὲν
3484 2237 3564 2300 εἰς
3594 2233 3730 2307 μίαν

2145 2335 2399 2407 σώματος
2426 2336 2586 2406 φύσιν
2627 2337 2722 2389 καὶ
2753 2336 3074 2398 ὑπόστασιν,
3111 2330 3431 2402 θαυμαστὸν
3480 2330 3530 2382 εἰ
3589 2347 3733 2398 συμ-

461 2433 662 2504 πάσχει
692 2431 768 2495 ὡς
799 2428 962 2501 μέρος
991 2443 1006 2460 ⁸
1033 2427 1127 2481 καὶ
1147 2427 1207 2480 οὑ
1257 2422 1458 2498 μᾶλλον
1486 2425 1806 2490 πλεονάζειν
1844 2442 1906 2478 τε
1951 2427 2044 2481 καὶ
2080 2432 2451 2488 ἐπιτείνεσθαι
2513 2433 2731 2503 λέγεται
2780 2434 2848 2506 τῇ
2905 2430 3002 2485 τοῦ
3070 2427 3365 2511 ἀντιπάλου
3419 2425 3732 2499 ἀμϐλύτητι

463 2527 557 2584 καὶ
587 2523 798 2579 ἐνώσει.

535 2620 596 2676 Si
625 2626 811 2674 autem
870 2630 983 2672 non
1031 2614 1371 2671 substantias
1424 2614 1593 2685 ipsas,
1643 2613 1730 2669 vel
1779 2613 2043 2670 harumce

463 2719 669 2784 partes,
684 2711 1046 2782 hypostaseon
1059 2722 1180 2762 esse
1201 2714 1388 2777 partes
1413 2706 1616 2771 dicitis,
1637 2705 1732 2761 sed
1754 2721 1875 2776 quae
1897 2706 2042 2761 circa

467 2802 831 2860 substantiam
863 2809 1013 2865 sunt,
1042 2797 1320 2869 quomodo
1350 2796 1636 2853 declivitas
1657 2812 1782 2852 cum
1806 2798 2042 2854 caeruleo
2082 2832 2086 2835 -

463 2895 653 2956 colore
693 2893 778 2948 vel
834 2891 1088 2949 calvities
1125 2906 1251 2947 cum
1301 2889 1476 2945 macie
1509 2890 1748 2960 compati
1802 2889 2043 2961 poterit?

464 2986 726 3056 Quamvis
738 3001 849 3040 non
869 2984 1210 3050 cavillemur,
1227 2982 1322 3039 sed
1340 2983 1681 3050 studeamus,
1699 2983 1857 3039 valde
1880 2983 2041 3039 nobis

465 3081 642 3136 risum
674 3076 929 3134 excitatis
963 3075 1058 3146 qui
1094 3085 1203 3129 tam
1239 3074 1516 3131 terribiles
1548 3075 1682 3130 estis
1714 3075 1772 3129 in
1804 3073 2040 3136 dicendo

414 3174 416 3176 ’
466 3171 671 3243 quique
713 3184 805 3225 res
845 3167 1099 3238 physicas
1144 3174 1254 3220 tam
1290 3165 1723 3237 prosequimini;
1763 3165 2042 3236 quomodo

467 3262 638 3332 igitur
671 3272 896 3328 omnem
929 3264 1142 3327 partem
1181 3256 1493 3326 hypostasis
1517 3271 1643 3319 cum
1676 3257 1848 3310 altera
1885 3271 2038 3310 com—

467 3354 764 3424 patientem
789 3349 1113 3420 simpliciter
1134 3347 1432 3403 inducitis?
1459 3356 1518 3402 ut
1547 3348 1703 3402 nobis
1729 3347 2045 3404 dicentibus

467 3447 523 3498 in
557 3457 722 3497 unam
757 3439 1095 3513 hypostasim
1121 3439 1273 3493 carni
1311 3439 1526 3494 unitum
1555 3438 1725 3494 fuisse
1778 3439 2040 3502 Verbum,

466 3551 592 3593 eum
642 3533 734 3588 ilia
761 3531 998 3602 compati
1024 3531 1326 3586 secundum
1356 3539 1609 3586 naturam
1641 3529 1788 3585 idem
1817 3530 2046 3586 demon-

468 3625 678 3684 stretis.
726 3623 823 3679 llis
854 3638 986 3677 vere
1025 3621 1447 3693 intelligendum
1482 3630 1604 3677 erat
1653 3622 1941 3692 passiones
1975 3637 2044 3679 ex

467 3715 702 3773 diversis
731 3713 1036 3784 composito
1063 3714 1536 3785 supervenientes,
1563 3713 1718 3786 juxta
1745 3713 1892 3784 quod
1921 3730 2046 3785 per-

469 3809 721 3867 miserint
751 3807 1050 3878 unicuique
1072 3808 1216 3878 parti
1237 3807 1432 3862 itorum
1454 3806 1654 3877 quibus
1674 3807 2042 3878 componitur,

467 3906 730 3972 evenire;
761 3919 872 3960 non
923 3903 1072 3958 enim
1108 3913 1169 3958 ut
1200 3903 1344 3973 ignis
1370 3918 1577 3975 carnes
1617 3910 1845 3968 cremat,
1881 3903 1961 3958 sic
1989 3913 2045 3959 et

469 3999 730 4054 animam.
760 3995 817 4052 Si
847 4010 978 4066 ergo
998 3994 1222 4064 aliquod
1247 3985 1528 4049 unitorum
1565 3994 1718 4050 nullo
1756 3995 1921 4050 modo
1950 3995 2046 4049 ad-

470 4091 718 4146 mitteret
762 4087 1078 4164 passionem
1111 4085 1166 4156 i‘n
1203 4084 1509 4155 composito
1544 4093 1843 4154 receptam,
1893 4092 2046 4153 patet

471 4180 755 4238 subditum
801 4179 978 4249 ipsum
1011 4177 1257 4249 passibili
1287 4193 1398 4232 non
1428 4192 1548 4234 esse
1580 4191 1895 4246 passurum.
1922 4175 2046 4231 Non

468 4272 616 4329 enim
650 4271 924 4326 amiantus
953 4268 1082 4324 feno
1109 4267 1304 4322 mistus
1355 4265 1714 4333 cremabitur,
1751 4280 1856 4320 nec
1903 4265 2046 4336 ignis

471 4379 596 4421 cum
642 4362 790 4418 ferro
831 4361 1192 4432 percutiatur.
1223 4357 1574 4428 Quaecunque
1609 4372 1708 4427 per
1759 4371 1954 4412 sensus
1987 4364 2045 4411 et

473 4459 530 4514 in
554 4454 911 4513 sensibilibus
927 4453 1332 4524 percipiuntur.
1365 4449 1506 4516 Quid
1529 4449 1696 4520 igitur
1711 4448 1779 4503 de
1797 4449 2043 4504 materiae

473 4548 782 4621 expertium
807 4545 1029 4618 apathia
1048 4552 1431 4616 post'pugnam
1452 4525 1747 4598 evidenter.
1762 4550 2044 4596 reservata

474 4649 622 4699 recte
652 4639 976 4702 dixerimus,
1004 4636 1268 4708 iudicate.
1300 4634 1500 4704 Sicque
1533 4631 1872 4704 huiusmodi.

537 4733 701 4790 Aliud
739 4741 924 4788 autem
967 4745 1068 4784 vos
1103 4727 1253 4784 omni
1314 4727 1443 4782 dolo
1483 4725 1677 4797 plenos
1723 4739 1834 4780 non
1860 4724 2042 4780 latuit.

469 4827 864 4886 Nesciebamus
895 4823 1041 4880 enim
1091 4821 1238 4876 unde
1271 4819 1641 4891 paravissetis,
1677 4819 1784 4874 nisi
1824 4833 2045 4874 omnem

473 4922 697 4978 invitam
757 4933 879 4974 esse
905 4913 1268 4988 sympathiam
1305 4913 1630 4969 alterutrius
1659 4911 1830 4982 partis
1863 4911 1930 4966 ad
1962 4911 2045 4966 ai-

473 5020 746 5068 terutrum
794 5007 1081 5063 unitorum
1131 5004 1432 5070 dixissetis,
1473 5001 1624 5073 quod
1667 5017 1736 5057 ex
1782 5011 2044 5058 contextu

471 5100 903 5174 praecedentium
944 5097 1382 5169 propositionum
1411 5105 1728 5152 nostrarum
1779 5096 2046 5152 mentitur

471 5193 744 5259 catholico
792 5190 986 5246 verbo.
1018 5189 1267 5259 Namque
1304 5205 1534 5258 corpore
1561 5189 1776 5244 deliciis
1809 5189 2047 5244 sensibi-

472 5287 609 5341 lium
638 5283 854 5354 passive
880 5282 1152 5353 subjecto,
1181 5281 1364 5335 anima
1391 5280 1702 5336 voluntarie
1725 5281 2044 5352 hujusmodi

473 5375 758 5447 passiones
788 5389 914 5429 cum
942 5387 1174 5443 corpore
1225 5373 1452 5442 patitur.
1488 5371 1641 5429 Unde
1680 5372 2043 5443 concupiscit,

473 5465 1014 5534 festinatomniaque
1045 5464 1157 5535 agit
1185 5463 1251 5518 ad
1274 5463 1380 5519 sibi
1409 5464 1810 5534 comparandas
1843 5466 2043 5534 volup-

477 5556 605 5613 tatis
643 5571 808 5611 causa
838 5553 1154 5609 iasciviores
1189 5553 1493 5625 passiones.
1528 5553 1707 5621 Quare
1733 5569 1866 5626 ergo
1895 5564 2047 5626 post-

475 5664 642 5720 quam
687 5648 1087 5714 necessarium,
1123 5646 1208 5702 vel
1245 5646 1426 5713 facile,
1463 5647 1546 5701 vel
1592 5662 1742 5702 mere
1778 5647 2044 5717 possibile

472 5760 541 5801 ex
570 5744 898 5799 necessitate
927 5741 1140 5796 solvere
1167 5740 1568 5806 conciuseritis,
1600 5741 1774 5796 Deum
1805 5741 2044 5798 Verbum

479 5853 604 5892 eum
630 5851 793 5892 carne
819 5843 1008 5891 nostra
1039 5835 1278 5890 animata
1307 5847 1655 5904 compassum
1677 5833 1848 5889 fuisse
1883 5835 2046 5891 nobis

476 5928 945 5995 demonstrabitis,
989 5927 1135 5998 quod
1160 5926 1494 5983 concludere
1519 5926 1620 5982 visi
1650 5926 1870 5984 fuistis?
1892 5927 2045 5984 Licet

2219 2617 2282 2670 Εἰ
2315 2617 2462 2672 δὲού
2492 2617 2589 2683 τὰς
2639 2615 2829 2681 οὐσίας
2877 2614 3070 2682 αὐτάς,
3125 2613 3160 2686 ἢ
3222 2613 3292 2669 τά
3342 2613 3488 2686 μέρη
3534 2611 3734 2680 τῶνδε,

2147 2709 2338 2779 λέγετε
2371 2709 2512 2782 μέρη
2548 2709 2656 2764 τῶν
2709 2709 3082 2774 ὑποστάσεων,
3135 2707 3274 2762 ἀλλὰ
3325 2705 3395 2761 τά
3443 2705 3575 2777 περὶ
3628 2705 3733 2776 τὴν

2146 2799 2356 2868 οὐσίαν,
2413 2799 2533 2864 πῶς
2579 2795 2691 2853 οἷον
2743 2799 2826 2853 ὅτι
2863 2799 3094 2870 σιμότης
3125 2796 3457 2868 γλαυκότητι
3493 2795 3526 2867 ἢ
3558 2794 3735 2865 φαλα·

2147 2891 2351 2963 κρότης
2386 2890 2662 2963 ἰσχνότητι
2716 2889 3072 2962 συμπέπονθε
3100 2905 3116 2955 ;
3167 2889 3416 2943 πλεῖστον
3443 2890 3577 2960 ἡμῖν
3609 2887 3736 2943 καί-

2146 3002 2229 3038 τοι
2278 2983 2339 3037 οὐ
2385 2983 2697 3049 παίζουσιν,
2723 2983 2858 3037 ἀλλὰ
2888 2979 3284 3045 σπουδάζουσιν
3303 2978 3610 3050 ἐξεγερεῖτε
3638 2979 3738 3049 γέ-

2147 3074 2293 3130 λωτα
2327 3075 2379 3130 οἰ
2429 3075 2593 3130 δεινοὶ
2627 3075 2759 3146 περὶ
2795 3073 2856 3128 τὸ
2895 3073 3076 3142 λέγειν
3105 3072 3336 3136 καὶτοῖς
3363 3075 3612 3142 φυσικοῖς
3641 3072 3739 3126 ἀεὶ

2147 3167 2469 3238 πράγμασιν
2531 3166 2791 3238 ἑπόμενοι
2821 3182 2833 3196 ·
2897 3165 3014 3229 πῶς
3079 3159 3175 3219 οῦν
3229 3163 3574 3235 συμπάσχειν
3619 3165 3736 3218 πᾶν

2071 3290 2114 3350 c
2151 3259 2316 3332 μέρος
2346 3257 2704 3350 ὑποστάσεως
2744 3257 2822 3329 τῷ
2865 3257 3038 3329 ἑτέρῳ
3099 3256 3450 3325 συνεισάγετε
3501 3253 3733 3331 ἀπλῷςς

2147 3351 2266 3405 Ἵνα
2299 3349 2748 3421 λεγόντωνὴμῶν
2779 3351 2860 3414 εἰς
2909 3349 3040 3421 μίαν
3100 3349 3402 3404 ὑπόστασιν
3443 3350 3736 3421 συνεληλυ-

2147 3443 2300 3498 θέναι
2351 3442 2444 3496 τὸν
2487 3443 2662 3512 Λόγον
2711 3432 2786 3514 τῇ
2827 3444 3013 3515 σαρκὶ,
3068 3443 3164 3497 καὶ
3214 3442 3562 3515 συμπάσχειν
3591 3445 3735 3514 αὐτῇ

2145 3534 2334 3589 τοῦτον
2367 3534 2512 3588 κατὰ
2544 3535 2707 3606 φύσιν
2730 3535 3075 3604 ἀποδείξητε.
3125 3534 3237 3599 Οὓς
3293 3531 3461 3608 ἐχρῆν
3516 3537 3738 3607 ἀληθῶς

2148 3629 2313 3693 νοεῖν,
2355 3626 2431 3692 ώς
2484 3627 2553 3681 τά
2603 3628 2963 3699 ἐπιγινόμενα
3011 3627 3161 3698 πάθη
3217 3627 3296 3700 τῷ
3355 3631 3420 3684 ἐκ
3460 3629 3739 3702 διαφόρων

2148 3719 2408 3792 συνθέτῳ,
2463 3719 2538 3783 ώς
2587 3718 2790 3789 ἀνῆκεν
2844 3719 3064 3790 ἑκάστῳ
3122 3720 3278 3793 μέρει
3319 3721 3428 3775 τῶν
3465 3722 3524 3775 ἐν
3562 3723 3736 3795 αὐτῷ,

2148 3811 2422 3883 ἐγγίνεται
2451 3827 2467 3844 ο
2503 3811 2565 3866 οὐ
2595 3812 2706 3884 γὰρ
2733 3812 2809 3876 ὡς
2836 3812 2993 3884 τήκει
3037 3812 3098 3866 τὸ
3145 3803 3268 3882 πῦρ’
3305 3814 3537 3886 σάρκας,
3591 3813 3740 3869 οὓτω

2148 3903 2242 3956 καὶ
2274 3901 2472 3974 ψυχήν.
2506 3903 2570 3956 Εἰ
2611 3899 2704 3956 οὖν
2764 3902 2852 3973 εἴη
2911 3902 3022 3956 τῶν
3081 3902 3444 3959 συντεθέντων
3507 3922 3583 3971 τι,
3639 3907 3738 3961 καὶ

2147 3992 2324 4065 πάντη
2357 3993 2740 4066 ἀπαράδεκτον
2769 3991 2864 4047 τοῦ
2896 3995 3037 4048 κατὰ
3069 3993 3162 4048 τοῦ
3195 3996 3452 4050 συνθέτου
3506 3999 3738 4070 φερομέ-

2147 4103 2240 4139 νου
2271 4085 2497 4150 πάθους,
2532 4086 2690 4156 δῆλον
2731 4085 2808 4150 ὡς
2845 4087 2942 4141 καὶ
2969 4088 3334 4159 συγκείμενον
3361 4088 3440 4160 τῷ
3475 4090 3732 4162 παθητῷ.

2145 4181 2206 4233 οὐ
2261 4179 2640 4251 συμπείσεται.
2706 4180 2782 4234 Οὐ
2832 4181 2939 4253 γὰρ
2992 4181 3087 4237 καὶ
3137 4181 3198 4235 τὸ
3233 4180 3516 4253 ἀμίαντον·
3551 4183 3742 4254 χόρτῳ

2124 4271 2457 4343 ’συμφυρέν,
2497 4272 2593 4327 καὶ
2618 4271 2958 4344 καυθήσεται
2993 4287 3008 4304 ⁸
3037 4273 3240 4329 οὐδὲτὸ
3269 4275 3384 4348 πῦρ
3415 4274 3496 4347 τῷ
3529 4275 3736 4348 σιδήρῳ

2149 4361 2606 4433 συντυπτήσεται.
2653 4361 2834 4434 "Amp
2878 4362 2973 4416 καὶ
3026 4361 3094 4418 δι’
3144 4364 3468 4436 αἰσθήσεως,
3521 4365 3614 4420 καὶ
3670 4367 3741 4422 ἐν

2147 4455 2428 4526 αἰσθητοῖς
2471 4456 2690 4528 ὁρᾶται.
2727 4457 2793 4509 Τί
2827 4452 2921 4512 οὖν
2947 4458 3202 4530 εἴποιμεν
3229 4461 3456 4524 εἰκότως
3483 4461 3739 4532 περὶτῆς

2145 4548 2254 4602 τῶν
2281 4547 2587 4620 άῦλοτέρων
2625 4550 2718 4604 καί
2749 4551 2889 4621 μετὰ
2944 4546 3266 4622 συμπλοκὴν
3319 4551 3739 4624 φυλαττομένης

2069 4632 2116 4690 D
2145 4640 2348 4710 σαφοῦς
2377 4641 2666 4708 ἀπαθείας,
2697 4641 2983 4711 λογίσασθε
3012 4659 3027 4676 δ
3047 4645 3139 4698 καί
3168 4643 3309 4698 οὕτω
3341 4645 3440 4714 μὲν
3465 4645 3615 4700 τάδε.

2223 4731 2297 4785 Τὸ
2344 4731 2400 4785 δὲ
2431 4731 2642 4804 ἕτερον,
2689 4735 3168 4807 πανουργήοαντες
3200 4737 3299 4790 οὐκ
3331 4737 3551 4792 ἐλάθετε
3583 4755 3600 4768 ⁸
3631 4739 3740 4795 οῦκ

2151 4821 2376 4894 οἴδαμεν
2416 4825 2526 4896 γάρ
2564 4824 2688 4878 ὅθεν
2725 4825 2843 4878 τόδε
2891 4828 3419 4894 κατασκευάσαντες,
3451 4829 3594 4902 πλὴν
3626 4829 3739 4886 πᾶα

2153 4916 2254 4970 σαν
2283 4915 2536 4970 ἀκούσιον
2571 4912 2718 4971 εῖναι
2746 4917 2846 4990 τὴν
2875 4921 3219 4990 συμπάθειαν
3247 4921 3475 4993 θατέρου
3527 4924 3739 4996 μέρους

2152 5008 2288 5080 πρὸς
2334 5007 2561 5081 θάτερον
2597 5010 2707 5064 τῶν
2748 5011 3147 5085 συντιθεμένων
3182 5014 3348 5085 ἔφητε
3381 5029 3395 5046 ⁸
3436 5017 3572 5088 ὅπερ
3606 5018 3742 5072 καθ’

2152 5101 2346 5173 εἱρμὸν
2401 5105 2523 5167 ταῖς
2565 5103 2966 5174 προλαϐοῦσαις
3019 5105 3136 5178 ἅμα
3196 5109 3524 5178 προτάσεσιν
3573 5105 3740 5180 ὑμῶν

2154 5193 2506 5262 συνψεύδεται
2557 5194 2862 5275 καθολικῶς
2891 5194 3208 5268 λεγόμενον.
3253 5197 3383 5252 Ἰδοὺ
3407 5200 3516 5272 γάρ
3550 5202 3738 5274 παθη-

2151 5285 2318 5348 τικῶς
2349 5284 2440 5338 τοῦ
2471 5284 2720 5355 σώματος
2749 5287 2862 5348 τοῖς
2893 5285 3080 5356 ἦδουσι
3116 5287 3225 5339 τῶν
3279 5288 3557 5359 αἰσθητῶν
3598 5291 3738 5348 ὑπο-

2153 5375 2430 5446 κειμένου,
2492 5375 2525 5445 ἡ
2582 5374 2729 5446 ψυχὴ
2765 5375 3030 5439 ἑκουσίως
3068 5377 3380 5448 συμπάσχει
3406 5380 3474 5432 τὰ
3504 5371 3737 5441 τοιαῦτα

2154 5468 2298 5540 πάθη
2329 5467 2406 5538 τῷ
2437 5465 2649 5539 σώματι
2683 5483 2696 5499 ·
2727 5467 2850 5521 ὅθεν
2895 5469 2989 5522 καὶ
3034 5470 3243 5538 ἐφίεται
3297 5472 3389 5524 καὶ
3445 5474 3736 5546 ἐπιτρέχει

2154 5559 2248 5613 καὶ
2276 5560 2454 5614 πάντα
2485 5563 2632 5613 ποιεῖ
2660 5559 2796 5631 πρὸς
2821 5558 3000 5624 τεῦξιν
3030 5561 3140 5614 τῶν
3167 5563 3286 5616 καθ’
3319 5563 3512 5634 ἡδονὴν
3533 5564 3734 5620 παθῶν

2153 5652 2210 5706 ἐν
2231 5655 2345 5716 τοῖς
2374 5651 2808 5721 ἀσελγεστέροις.
2844 5651 2909 5704 Τί
2944 5647 3038 5706 οῦν
3070 5654 3366 5722 ἀναγκαῖον
3413 5654 3447 5724 ἢ
3497 5654 3732 5710 πιθανὸν

2152 5745 2186 5817 ἢ
2215 5746 2386 5816 ψιλῶς
2411 5746 2760 5817 ἐνδεχόμενον
2783 5749 3180 5818 συναγαγόντες
3204 5749 3264 5816 ἐξ
3285 5749 3531 5821 ἀνάγκης
3553 5750 3728 5819 λύειν,

2155 5836 2594 5908 συμπεπονθέναι
2636 5837 2730 5893 τὸν
2783 5838 2918 5895 Θεὸν
2961 5840 3136 5910 Λόγον
3186 5844 3257 5913 τῇ
3307 5841 3367 5907 ἐξ
3405 5842 3566 5912 ἡμῶν
3624 5846 3735 5915 ἐμ-

2152 5928 2308 6001 ψύχῳ
2351 5929 2514 6002 σαρκὶ
2562 5931 2709 6002 ἡμᾶς
2752 5931 3088 6002 ἀποδείξατε,
3139 5935 3277 6005 ὅπερ
3315 5935 3568 6004 συνάγειν
3612 5936 3734 5990 ἐδόε
