4032 6546
337 466 361 530 1
374 467 475 531 425

1310 457 1711 522 ADVERSUS
1746 453 2294 520 NESTORIANOS.
2321 484 2391 495 -
2428 459 2575 523 LIB.
2617 460 2667 520 Ι.

3465 465 3605 531 1426

334 582 488 650 gata;
515 576 731 643 Ἔξεστι
754 572 861 645 γάρ
889 573 1017 644 ὑμῖν
1044 572 1158 636 τοῖς
1181 570 1473 642 ὑμετέροις
1500 569 1915 633 ὲπισκέπτουσι,

2030 569 2170 625 enim
2202 570 2361 626 vobis
2402 572 2608 627 vestris
2635 572 3056 642 providentibus
3100 586 3400 649 nostraque
3451 578 3609 636 dicta

333 671 430 726 καὶ
460 668 626 733 εἰςτά
658 664 755 720 νῦν
778 663 909 735 παρ’
942 662 1100 735 ἡμῶν
1143 661 1413 734 εἰρημένα
1443 660 1726 731 βλέπουσι,
1789 675 1917 712 συν-

331 760 690 817 αισθάνεσθαι
718 760 818 828 τῆς
861 754 1144 827 ἀληθείας,
1202 754 1300 808 καὶ
1347 753 1546 807 είδέναι
1601 753 1685 807 ὅτι
1735 752 1919 820 πάσης

337 853 437 925 μὲν
494 849 850 910 ὑποστάσεως
900 845 961 898 οὐ
1023 844 1457 914 περιττευούσης
1510 842 1727 913 φύσεσι,
1780 842 1919 896 ἀλλά

330 944 476 1001 κατά
529 944 660 1012 μίαν
715 940 839 994 τινά
894 937 1149 992 σύνθετον
1214 937 1380 1007 φύσιν
1437 936 1790 1009 ὑπαρχούσης
1854 937 1919 988 ὲκ

330 1036 605 1107 διαφόρων
632 1032 939 1103 δυνάμεων,
974 1030 1239 1102 ἡφυσικὴ
1288 1027 1540 1093 σύνθεσις
1583 1024 1721 1082 οὖσα
1778 1028 1919 1081 κατά

332 1132 532 1193 πάντα,
570 1125 966 1196 συμπάσχοντα
1012 1123 1082 1177 τά
1125 1122 1331 1193 φυσικά
1383 1121 1554 1191 αὐτῆς
1608 1120 1749 1191 μέρη
1814 1119 1922 1173 δεί-

333 1237 523 1277 κνυσιν
546 1238 558 1251 ο
592 1218 720 1272 εἰδὲ
750 1220 815 1270 ὲκ
839 1215 1100 1269 πλειόνων
1129 1214 1215 1285 εἴη
1246 1213 1459 1283 φύσεων
1483 1215 1517 1284 ἢ
1545 1212 1919 1277 ὑποστάσεων,

335 1312 479 1368 κατά
510 1310 806 1379 ἀναλογίαν
841 1308 942 1379 τῆς
972 1308 1290 1379 ὁμοιότητος
1320 1306 1500 1361 αὐτῶν
1526 1304 1663 1377 πρὸς
1685 1304 1922 1372 ἀλλήλας

335 1403 475 1461 εἶναι
501 1404 718 1473 ἀνάγκη
773 1390 868 1455 καὶ
912 1400 1012 1464 τὰς
1067 1398 1416 1471 συμπαθείας
1463 1398 1629 1452 τῶνδε
1680 1398 1738 1451 ὲν
1785 1397 1921 1467 αὐτῇ

338 1497 500 1570 μόνον
533 1510 549 1526 ⁸
581 1494 808 1564 καὶγὰρ
839 1490 981 1546 οὕτω
1031 1492 1125 1545 καὶ
1169 1491 1269 1553 τάς
1317 1488 1542 1553 ἑνώσεις
1594 1488 1776 1542 αὐτῶν
1825 1486 1925 1549 τάς

339 1590 578 1663 φυσικάς
626 1588 739 1658 ἔχει
767 1603 783 1619 ·
841 1585 997 1639 οὐδὲν
1022 1584 1133 1654 γάρ
1166 1583 1347 1655 πάντη
1380 1582 1508 1637 ἀνευ
1538 1580 1683 1645 τινὸς
1709 1582 1924 1649 tamd—

337 1697 519 1749 τητος
539 1678 637 1733 καὶ
653 1675 1032 1747 συγγενείας,
1053 1673 1386 1728 συνάπτεται
1414 1672 1609 1744 ἑτέρῳ,
1636 1670 1756 1725 οὐδὲ
1785 1687 1926 1741 συμ-

340 1772 544 1843 πάσχει
571 1769 701 1842 ἀρα,
734 1768 859 1823 οὐδὲ
895 1767 990 1822 snt
1035 1766 1146 1822 τῶν
1198 1766 1445 1837 ἀψύχων.
1472 1764 1694 1836 Ἀμέλει
1745 1763 1927 1818 τοίνυν

339 1863 412 1918 τὰ
438 1862 592 1919 ἁπλᾶ
612 1863 854 1931 στοιχεῖα
882 1859 1179 1930 λεγόμενα,
1220 1859 1399 1912 εττουν
1432 1858 1487 1911 αί
1523 1856 1741 1928 πρῶται
1774 1853 1926 1909 ποιό-

338 1974 505 2031 τητες
555 1954 645 2009 διὰ
693 1922 857 2007 τοῦτο
917 1922 1030 2007 οὐκ.
1074 1922 1213 2005 είσλν
1243 1951 1302 2003 ὲν
1343 1922 1598 2021 ὑπάρξει,
1627 1947 1751 2003 καθ’
1787 1946 1925 2002 αὑτά
1956 1922 1999 1978 Β

339 2045 629 2119 ὑφεστῶτα
662 2061 678 2079 ·
733 2044 816 2097 ὅτι
865 2042 961 2097 καὶ
1016 2043 1064 2096 εί
1111 2036 1275 2113 ἦσαν,
1341 2040 1590 2110 ἄχρηστα
1640 2037 1706 2091 ἀν
1742 2031 1811 2108 ἦν
1843 2039 1925 2102 εἰς

335 2138 436 2209 τὴν
466 2134 740 2207 κοσμικὴν
771 2133 883 2187 τῶν
914 2131 1188 2202 σωμάτων
1250 2126 1501 2184 σύνθεσιν
1535 2146 1549 2160 ·
1587 2128 1648 2184 οὐ
1698 2124 1809 2199 γάρ
1855 2124 1925 2200 ἦν

338 2232 522 2294 αὐτοῖς
546 2229 724 2299 πάντη
752 2225 1101 2296 διαφέρουσιν
1125 2222 1373 2294 ἀλλήλων
1392 2222 1509 2286 πῶς
1532 2220 1921 2277 συνάπτεσθαι·

338 2322 593 2393 καθάπερ
616 2319 695 2391 τῷ
717 2319 851 2390 πυρὶ
879 2318 973 2371 καὶ
994 2316 1166 2382 ῦδατι,
1194 2316 1289 2369 καὶ
1308 2318 1379 2386 γῇ
1414 2314 1509 2369 καὶ
1530 2313 1774 2385 ἀέρι,διά
1794 2314 1925 2384 μιᾶς

336 2411 449 2465 τῶν
484 2413 543 2465 ἐν
572 2412 757 2474 αὐτοῖς
790 2409 1095 2479 ποιοτήτων
1128 2406 1381 2477 ἀλληλοις
1424 2405 1792 2476 κιρναμένων,
1836 2405 1923 2458 ὅτε

337 2506 468 2571 δέοι,
488 2505 582 2557 καὶ
604 2504 691 2557 διά
710 2502 811 2572 τῆς
826 2501 1043 2570 ἑτέρας,
1063 2500 1113 2551 εί
1136 2498 1267 2563 δέοι,
1287 2496 1741 2568 διακρινομένων.
1758 2496 1924 2549 Ὅθεν

337 2597 461 2651 οὐδὲ
514 2594 628 2665 πῦρ
680 2593 857 2657 ῦδατι,
890 2592 1009 2645 οὐδὲ
1037 2591 1107 2661 γῆ
1134 2588 1280 2657 ἀέρι,
1308 2588 1529 2658 ἀμέσως
1592 2587 1920 2642 συντίθεται.

416 2687 658 2758 Ὀμοίως
699 2686 885 2739 δὲκαὶ
933 2682 1115 2754 ψυχῆς
1168 2683 1265 2735 καὶ
1311 2681 1565 2750 σώματος
1611 2678 1758 2731 ἔστιν
1798 2678 1926 2731 ἰδεῖν

340 2781 439 2835 καὶ
466 2779 686 2833 πάντων
714 2776 811 2841 τὰς
840 2775 1085 2841 ένώσεις,
1115 2774 1221 2827 ὑπὸ
1246 2772 1343 2826 τοῦ
1374 2770 1710 2844 δημιουργοῦ
1749 2771 1924 2840 Λόγου

340 2869 685 2940 τεταγμένας
715 2886 730 2901 ο
766 2868 884 2921 ἐστι
910 2866 1020 2937 γάρ
1068 2884 1155 2930 τις
1202 2864 1353 2937 αὐτῷ
1404 2865 1626 2925 πάντως
1683 2864 1922 2935 γνωστὴ,

342 2964 493 3036 ἡμᾶς
514 2962 570 3017 δὲ
600 2961 863 3025 πολλάκις
887 2959 1251 3023 λανθάνουσα,
1282 2960 1338 3013 έν
1363 2958 1497 3011 πᾶσι
1520 2959 1635 3020 τοῖς
1664 2958 1924 3025 κτιοτοῖς,

332 3053 607 3126 ’ὁμοίωσίς
640 3070 701 3105 τε
741 3053 835 3106 καὶ
864 3052 1120 3122 διαφορά.
1150 3050 1305 3103 Ἐπεὶ
1356 3048 1451 3102 οὖν
1476 3096 1482 3101 .
1507 3048 1608 3101 οὐκ
1635 3048 1693 3115 ἐξ
1723 3046 1926 3119 ὁμοιώ-

344 3167 481 3213 σεως
510 3148 606 3203 καλ⁸
650 3145 977 3216 συγγενείας
1004 3145 1257 3214 φυσικῆς,
1301 3142 1435 3206 θεὸς
1466 3142 1634 3213 σαρκὶ
1679 3141 1926 3212 φυσικῶς

343 3242 591 3313 ἥνωται,
656 3237 777 3293 οὐδὲ
838 3236 1155 3309 συμπάσχει
1206 3235 1443 3307 ἀνάγκῃ,
1496 3236 1560 3288 ἐκ
1618 3234 1928 3305 βουλήσεως
1955 3263 2002 3324 C

344 3334 402 3388 δὲ
426 3333 637 3403 ἀγαθῆς
666 3332 759 3386 καὶ
786 3328 1165 3401 εὐεργετικῆς,
1212 3328 1333 3381 κατ’
1387 3325 1634 3380 εὐδοκίαν
1692 3325 1930 3397 προσλα-

346 3426 577 3498 ϐόμενος
633 3425 826 3495 αὐτην.
873 3424 991 3475 Ἵνα
1030 3438 1089 3474 τε
1125 3420 1210 3492 είη
1235 3418 1323 3472 διά
1345 3419 1445 3489 τῆς
1467 3418 1801 3490 ὁμοιώσεως,
1838 3417 1929 3488 βε-

348 3518 477 3571 ϐαία
507 3518 540 3587 ἡ
570 3515 765 3577 ἓνωσις
815 3508 983 3566 αὐτοῦ
1032 3511 1170 3583 πρὸς
1213 3510 1404 3580 αὐτὴν,
1462 3512 1555 3562 καὶ
1611 3512 1645 3580 η
1694 3510 1782 3562 διὰ
1828 3509 1930 3579 τῆς

347 3610 594 3670 ἐνὼσεως
617 3608 748 3677 ἡμῖν
776 3605 1085 3674 εὐεργεσία,
1118 3603 1310 3655 ἑαυτὸν
1350 3600 1548 3673 τρέψαι
1592 3602 1711 3654 κατ’
1760 3600 1930 3672 αὐτὴν

346 3704 407 3756 οὐ
435 3701 734 3770 δυνάμενος
767 3714 782 3730 ⁸
812 3698 935 3750 οὐδὲ
988 3696 1096 3767 μὴν
1146 3695 1286 3765 πρὸς
1341 3693 1433 3745 τὸν
1480 3692 1674 3746 ἑαυτοῦ
1728 3692 1931 3745 σκοπὸν

346 3796 552 3849 οὑτωσὶ
577 3790 1030 3865 χρησιμουργῶν,
1072 3787 1383 3841 τούναντίον
1426 3784 1785 3849 συναπαθίζει
1828 3786 1929 3838 αὐ-

346 3887 449 3961 τὴν
471 3886 670 3955 ἐαυτῷ,
697 3883 793 3937 καὶ
816 3880 1050 3954 τρεπτὸν
1078 3880 1239 3949 φύσει
1290 3878 1435 3932 κατά
1490 3876 1588 3947 τὴν
1644 3876 1932 3947 κρείττονα

347 3978 559 4051 τροπὴν
586 3978 684 4030 καὶ
715 3975 877 4043 φύσιν
903 3972 1143 4041 ἐφάπαξ,
1183 3971 1353 4041 ἦγουν
1375 3970 1455 4033 είς
1476 3969 1575 4038 τὴν
1606 3966 1743 4020 ἰδίαν
1764 3964 1929 4018 αὐτοῦ

348 4069 635 4141 ἀτρεψίαν.
692 4067 772 4121 Οὐ
826 4064 1164 4137 τρεπόμενος
1224 4065 1251 4116 ὁ
1306 4062 1575 4132 ἄτρεπτος
1628 4061 1695 4130 τῇ
1747 4058 1931 4127 φύσει,

348 4165 429 4227 είς
459 4163 559 4232 τὴν
583 4160 803 4232 χείρονα
826 4157 986 4227 φύσιν
1012 4153 1332 4227 έξωμοιώθη
1356 4154 1493 4224 αὐτῇ
1519 4169 1532 4183 ·
1558 4153 1652 4206 καὶ
1681 4150 1929 4204 σύνθεσιν

350 4256 588 4327 φυσικὴν
642 4252 827 4316 ἀϊδίως
882 4250 1060 4320 ἑαυτῷ
1120 4247 1529 4319 μεμηχάνηται,
1592 4243 1771 4315 ἀρχῆς
1832 4243 1932 4313 μὲν

348 4344 512 4421 τῆσδε
549 4345 852 4415 γενομένης
885 4343 982 4415 τῆς
1019 4340 1264 4403 ὲνώσεως
1301 4339 1400 4410 τῆς
1438 4337 1532 4391 τοῦ
1565 4334 1770 4405 ἀγαθοῦ
1806 4334 1930 4405 βου-

348 4443 446 4512 λῆς
478 4441 573 4495 καὶ⁴
603 4438 851 4501 εὐδοκίας
881 4454 895 4468 ο
933 4435 1168 4507 πέρατος
1211 4433 1269 4486 δὲ
1317 4431 1411 4486 καὶ
1466 4427 1928 4499 ἀποτελέσματος,

348 4535 445 4590 καὶ
471 4531 813 4605 βεϐαιώσεως
834 4529 935 4599 τῆς
971 4525 1363 4597 ἀφομοιώσεως
1413 4523 1513 4593 τῆς
1557 4520 1693 4594 πρὸς
1743 4518 1926 4583 αὐτὸν,

2020 663 2469 735 inspicientibus,
2517 665 2793 721 assentire
2852 667 3109 735 veritati,
3149 670 3405 741 scireque
3452 673 3604 729 omni

2021 756 2243 829 quidem
2269 756 2550 829 hypostasi
2569 773 2680 812 non
2709 759 2924 814 naturis
2946 760 3313 827 redundante,
3334 762 3605 834 sed,juxta

2018 849 2320 921 quamdam
2370 865 2536 904 unam
2582 859 2838 905 naturam
2880 851 3096 907 unitam
3145 854 3483 910 subsistente
3536 871 3605 910 ex

2021 942 2326 997 virtutibus
2356 941 2617 1007 diversis,
2643 944 2950 999 naturalem
2981 946 3266 1012 unionem,
3299 964 3421 1018 quae
3448 949 3603 1020 juxta

2022 1035 2208 1091 omnia
2245 1044 2350 1103 est,
2384 1050 2581 1090 omnes
2622 1036 2902 1092 naturales
2939 1037 3115 1108 ipsius
3149 1049 3336 1108 partes
3376 1056 3604 1111 compa-

2024 1128 2227 1183 tientes
2276 1127 2573 1194 exhibere;
2609 1127 2655 1182 si
2685 1143 2819 1183 vero
2848 1144 2914 1184 ex
2946 1130 3200 1199 pluribus
3228 1132 3442 1187 naturis
3471 1148 3605 1187 con-

2025 1227 2197 1275 staret
2230 1219 2314 1273 vel
2360 1219 2775 1290 hypostasihus,
2805 1236 2904 1290 pro
2936 1221 3189 1293 analogia
3220 1222 3607 1279 similitudinis

2023 1326 2217 1366 carum
2253 1310 2398 1365 inter
2430 1326 2509 1375 se,
2542 1312 2882 1383 sympathias
2904 1328 3104 1367 .earum
3148 1313 3207 1367 in
3239 1313 3356 1384 ipsa
3392 1323 3607 1369 tantum

2026 1403 2373 1459 necessarias
2424 1418 2587 1469 esse;
2640 1403 2847 1457 etenim
2895 1405 2977 1459 sic
3021 1412 3077 1460 et
3129 1407 3364 1463 uniones
3415 1423 3609 1464 earum

2027 1498 2311 1553 naturales
2350 1497 2537 1553 habet.
2572 1496 2719 1552 Nihil
2759 1498 2907 1553 enim
2939 1498 3051 1554 ullo
3088 1499 3253 1553 modo
3288 1500 3405 1555 sine
3455 1501 3609 1554 iden-

2026 1590 2193 1644 ditate
2223 1604 2288 1645 ac
2314 1588 2765 1644 connaturalitate
2791 1589 2953 1644 alteri
2987 1598 3204 1659 aptatur
3231 1607 3333 1647 nec
3361 1606 3487 1646 cum
3515 1591 3610 1646 illo

2028 1682 2385 1751 compatitur,
2409 1698 2513 1736 nec
2541 1697 2666 1737 cum
2692 1682 2759 1737 de
2785 1682 3105 1738 inanimatis
3126 1685 3327 1753 agitur.
3356 1684 3611 1739 Profecto

2029 1774 2198 1846 igitur
2224 1772 2498 1844 simplicia
2526 1773 2752 1830 nomine
2790 1774 3068 1830 elementa
3097 1775 3213 1830 sive
3248 1776 3441 1846 prima:
3469 1790 3610 1845 qua-

2028 1866 2214 1922 litates
2244 1865 2367 1921 ideo
2406 1881 2519 1921 non
2548 1875 2677 1921 sunt
2708 1866 2761 1921 in
2794 1867 3035 1922 essentia
3076 1868 3233 1938 juxta
3263 1868 3379 1937 ipsa
3403 1882 3609 1939 suppo-

2028 1954 2156 2021 sita,
2185 1954 2333 2026 quod
2375 1954 2420 2010 si
2460 1963 2665 2021 essent,
2699 1955 2839 2010 nihil
2874 1956 3210 2012 inservirent
3256 1957 3448 2011 mundi
3483 1972 3609 2012 cor-

2027 2063 2225 2118 porum
2256 2047 2487 2114 unioni;
2522 2046 2660 2102 nihil
2692 2047 2839 2102 enim
2871 2047 2953 2103 eis
2986 2056 3133 2104 esset
3170 2048 3314 2103 inter
3357 2064 3415 2103 se
3451 2049 3610 2105 diﬁ‘e-

2027 2141 2301 2206 rentibus,
2341 2138 2488 2194 unde
2514 2140 2890 2195 coalescerent
2922 2159 2936 2195 ;
2974 2141 3437 2210 quemadmodum
3473 2142 3607 2212 igni,

2025 2247 2203 2303 aquae,
2240 2241 2400 2288 terrae
2427 2230 2674 2302 aerique,
2709 2230 2782 2286 ob
2812 2247 2980 2286 unam
3006 2232 3253 2302 ipsorum
3286 2234 3609 2304 qualitatem

2027 2326 2073 2381 si
2095 2325 2399 2397 jungenda,
2432 2325 2613 2395 obque
2651 2325 2892 2380 alterum
2929 2326 2975 2380 si
3006 2325 3372 2398 disjungenda
3404 2327 3607 2385 forent.

2026 2418 2183 2475 Unde
2246 2434 2349 2474 nec
2404 2418 2547 2490 ignis
2577 2432 2755 2489 aquae,
2799 2430 2901 2474 nec
2942 2418 3057 2475 aeri
3092 2430 3240 2475 terra
3295 2420 3612 2477 immediate

2028 2510 2317 2565 uniantur.

2099 2678 2252 2733 Idem
2296 2686 2482 2734 autem
2537 2678 2833 2734 dicendum
2872 2680 2941 2735 de
2994 2682 3213 2747 animat,
3258 2682 3327 2737 de
3365 2684 3617 2754 corporis

2027 2769 2207 2840 deque
2223 2770 2470 2825 omnium
2491 2770 2788 2826 unionibus
2804 2788 2833 2824 a
2858 2772 3037 2827 Verbo
3054 2782 3305 2828 creatore
3322 2774 3611 2842 ordinatis;

2029 2863 2136 2933 ipsi
2164 2862 2314 2916 enim
2342 2872 2429 2918 est
2458 2863 2704 2934 perfecte
2730 2863 3036 2934 cognitum,
3062 2865 3211 2934 quod
3241 2880 3344 2920 nos
3366 2866 3613 2936 plerum-

2026 2970 2134 3025 que
2164 2954 2316 3021 latet,
2349 2956 2579 3020 scilicet,
2611 2957 2667 3011 in
2697 2956 2956 3011 omnibus
2986 2957 3277 3022 creaturis,
3309 2958 3614 3013 similitudo

2028 3047 2192 3101 simul
2216 3062 2280 3102 ac
2299 3046 2636 3103 diﬁerentia.
2663 3047 2989 3120 Cumigitur
3014 3064 3123 3103 non
3150 3064 3217 3104 ex
3245 3049 3612 3106 similitudine

2029 3141 2497 3211 generationeque
2549 3141 2825 3207 naturali,
2874 3142 3019 3197 Deus
3069 3142 3222 3197 carni
3278 3143 3611 3199 naturaliter

2033 3234 2222 3289 unitus
2252 3234 2344 3301 sit,
2376 3250 2479 3290 nec
2506 3236 2821 3292 necessario
2852 3238 3209 3307 compatitur,
3236 3238 3510 3309 siquidem
3545 3255 3615 3294 ex

2032 3324 2175 3379 bona
2192 3325 2549 3397 beneﬁcaque
2568 3328 2849 3382 voluntate
2877 3328 3179 3383 secundum
3203 3329 3614 3399 beneplacitum

2033 3430 2156 3471 eam
2188 3416 2586 3486 ,assumpserit.
2618 3416 2799 3487 thue
2845 3433 2944 3488 per
2996 3419 3442 3485 similitudinem,
3485 3436 3612 3476 cum

2034 3507 2127 3561 illa
2159 3507 2293 3562 unio
2338 3509 2513 3579 ipsius
2540 3509 2697 3564 ﬁrma
2730 3508 2890 3575 foret,
2927 3526 3135 3581 perque
3166 3513 3312 3568 illam
3349 3514 3614 3570 unionem

2033 3599 2195 3655 nobis
2240 3600 2636 3667 beneﬁcentia;
2669 3618 2794 3657 cum
2823 3604 2978 3674 juxta
3008 3605 3183 3674 ipsam
3210 3608 3452 3678 seipsum
3482 3625 3615 3664 con-

2032 3696 2252 3744 vertere
2296 3686 2572 3760 nequ‘iret,
2610 3707 2715 3747 nec
2768 3693 2849 3748 sic
2891 3694 3116 3763 quidem
3169 3712 3400 3768 scopum
3450 3715 3613 3754 suum

2032 3782 2331 3838 efﬁcaciter
2362 3784 2678 3855 attingeret,
2710 3800 2741 3839 e
2776 3787 3058 3841 contrario
3089 3787 3238 3843 illam
3268 3789 3337 3844 ad
3368 3792 3615 3861 seipsum

2032 3876 2265 3929 assumit
2302 3874 2507 3945 (littera
2554 3894 2567 3928 :
2609 3890 2795 3931 secum
2850 3892 2971 3932 eam
3034 3877 3166 3934 fecit
3196 3880 3614 3951 impassibilem,

2033 3967 2238 4022 oblatus
2266 3976 2338 4021 est
2373 3970 2499 4039 quia
2526 3969 2636 4039 ipse
2667 3968 2828 4023 voluit
2852 3971 2917 4039 ³),
2947 3971 3386 4043 mutabilemque
3415 3986 3613 4033 natura

2028 4059 2184 4131 juxta
2213 4060 2501 4116 meliorem
2538 4061 2763 4116 modum
2801 4070 2857 4118 et
2889 4070 3141 4121 naturam
3190 4066 3359 4120 semel
3413 4074 3469 4121 et
3512 4084 3619 4137 pro

2036 4166 2274 4222 semper,
2306 4166 2403 4207 seu
2446 4150 2502 4205 in
2548 4152 2829 4222 propriam
2873 4152 3045 4222 ipsius
3078 4152 3611 4212 immutabilitatem.

2033 4245 2154 4300 Non
2202 4260 2542 4310 conversus,
2578 4254 2774 4301 natura
2824 4246 3208 4313 immutabilis,
3264 4248 3318 4302 in
3367 4251 3614 4321 pejorem

2033 4346 2287 4393 naturam
2313 4336 2415 4407 ipsi
2444 4336 3283 4409 assimilatusest,unionemque
3306 4343 3613 4396 naturalem

2033 4430 2364 4499 sibimetipsi
2399 4428 2455 4483 in
2486 4438 2815 4500 perpetuum
2846 4430 3148 4494 adinvenit,
3184 4432 3460 4502 principio
3492 4434 3615 4503 qni-

2034 4521 2159 4577 dem
2187 4521 2501 4593 hujusmodi
2520 4520 2742 4575 unionis
2764 4531 3154 4577 consummata:
3184 4522 3415 4577 consilio
3446 4523 3617 4578 benc—

350 4630 449 4698 τῆς
494 4621 844 4691 συντεθείσης
888 4618 1106 4687 φύσεως
1160 4618 1257 4669 σὺν
1291 4614 1460 4684 αὐτῷ.
1490 4614 1568 4683 Τῇ
1598 4612 1707 4684 γάρ
1731 4612 1794 4664 ὲκ
1828 4627 1928 4679 φυ-

2030 4615 2338 4685 placitoque
2387 4613 2518 4667 boni
2569 4612 2749 4683 (Dei);
2783 4612 2889 4667 ﬁne
2941 4622 3124 4667 autem
3179 4629 3241 4669 ac
3266 4630 3614 4669 consumma-

354 4716 513 4786 σικῆς
547 4713 886 4782 ἀγαθότητος
914 4708 1130 4778 εὐδοκία
1166 4708 1262 4760 καὶ
1312 4707 1426 4768 τοῖς
1472 4704 1572 4774 τὴν
1610 4702 1774 4768 φύσιν
1834 4702 1932 4753 άν-

351 4809 559 4881 ομοίοις
588 4806 708 4859 ὃλον
731 4801 922 4857 ἑαυτὸν
951 4803 1097 4871 ἀκρᾳ
1124 4801 1192 4869 τῇ
1227 4798 1525 4866 ἀγαθότητι
1552 4794 1930 4881 χαριζόμενος,

352 4880 569 4957 ἑνοῦται
599 4897 695 4953 νῦν
742 4896 771 4949 ὁ
811 4893 933 4948 κατ’
982 4892 1156 4963 ἀρχάς
1204 4891 1304 4960 τῆς
1359 4889 1591 4949 κτίσεως
1640 4886 1733 4939 καὶ
1783 4880 1933 4955 αὐτῷ

348 4995 428 5065 τῷ
483 4994 659 5061 πάντη
721 4984 1121 5054 ἀντικειμένως
1176 4981 1354 5052 ἔχοντι
1421 4979 1558 5049 πρὸς
1608 4977 1791 5041 αὐτὸν,
1839 4975 1932 5028 τὸν

349 5087 479 5142 ὅντα
503 5082 582 5155 τῷ
607 5082 685 5155 μὴ
704 5082 822 5135 δντι
843 5078 1037 5134 έαυτόν
1064 5092 1201 5141 πως,
1222 5074 1300 5138 ὡς
1319 5072 1479 5135 αὐτὸς
1499 5067 1630 5135 οἶδε,
1662 5069 1926 5139 συνάψας.

351 5178 461 5232 Καὶ
482 5177 549 5231 τά
580 5173 699 5237 πῶς
735 5173 889 5236 ὄντα,
932 5168 1027 5225 καὶ
1051 5170 1181 5222 ποτε
1215 5169 1393 5221 πάντα
1424 5163 1606 5234 ἑαυτῷ
1646 5162 1930 5234 παραστή-

352 5287 474 5336 σας,
498 5267 591 5321 νῦν
617 5266 674 5321 δὲ
701 5262 1042 5336 προϐιϐάσας
1076 5261 1177 5332 ἤδη
1209 5260 1291 5323 είς
1327 5260 1388 5312 τὸ
1414 5255 1574 5319 εἶναι,
1606 5254 1700 5308 καὶ
1753 5255 1834 5318 εἰς
1872 5253 1932 5307 τὸ

349 5361 680 5433 ὑψηλότερον
731 5354 871 5410 εἶναι
918 5355 1058 5409 αὐτά
1106 5352 1280 5423 ἀγων,
1326 5348 1503 5419 ἑαυτῷ
1549 5347 1882 5415 ὲνυπέστησε
1914 5362 1929 5377 ·

350 5456 534 5509 πάντα
563 5448 1033 5519 ὲγκολπισάμενος
1062 5446 1158 5500 καὶ
1188 5442 1535 5515 περιπράξας
1565 5441 1594 5493 ὁ
1619 5438 1694 5493 ὢν
1725 5436 1924 5508 ἑαυτῷ,

350 5547 440 5602 ἵνα
465 5544 628 5616 μηδὲν
680 5541 762 5595 ἔτι
794 5540 902 5594 τῶν
951 5539 1097 5592 ἰδίων
1150 5536 1237 5590 διά
1281 5536 1383 5605 τῆς
1434 5534 1659 5604 φθορᾶς,
1718 5526 1805 5594 εἰς
1866 5530 1928 5583 τὸ

354 5638 430 5710 μὴ
462 5637 523 5689 ὃν
555 5633 719 5687 πάλιν
753 5628 1058 5701 ἀνακάμψῃ
1084 5643 1097 5657 ·
1147 5627 1297 5699 μένοι
1326 5625 1382 5679 δὲ
1439 5626 1508 5677 τά
1554 5623 1653 5677 ὅλα
1699 5621 1797 5674 σὺν
1847 5619 1928 5690 τῷ

350 5727 623 5801 ἀφθάρτῳ
663 5723 942 5795 ἄφθαρτα,
970 5720 1175 5790 πάσης
1216 5718 1327 5789 τῆς
1385 5717 1636 5783 κτίσεως
1689 5714 1928 5769 ἐλευθε-

426 5906 444 5935 ³
475 5902 576 5958 lsa.
614 5917 726 5967 un,
762 5902 813 5955 7.

2030 4714 2180 4762 tione
2203 4704 2733 4774 conﬁrmationeque
2756 4704 3169 4760 assimilationis
3187 4706 3307 4776 ejus
3322 4707 3389 4761 ad
3409 4707 3608 4777 ipsum,

2031 4795 2187 4851 unita
2219 4804 2416 4849 natura
2447 4809 2574 4848 cum
2621 4793 2760 4863 ipso.
2794 4794 3217 4865 Beneplaeentia
3264 4796 3413 4850 enim
3447 4806 3612 4853 natu-

2030 4888 2160 4942 ralis
2205 4885 2469 4941 bonitatis
2519 4884 2949 4955 diversitateque
2999 4886 3302 4942 secundum
3355 4896 3611 4942 naturam

2031 4980 2271 5047 seipsum
2329 4985 2504 5030 totum
2552 4992 2764 5031 summa
2812 4977 3056 5033 bonitate
3103 4977 3340 5041 donans,
3385 4978 3480 5048 qui
3528 4989 3615 5035 est

2038 5071 2371 5143 principium
2404 5078 2693 5135 creaturae,
2724 5070 2780 5125 in
2812 5078 3059 5141 tempore
3090 5072 3280 5125 unitur
3307 5073 3473 5127 etiam
3506 5073 3610 5143 ipsi

2038 5162 2133 5233 qui
2180 5161 2341 5231 plane
2386 5160 2715 5231 sibimetipsi
2747 5161 3092 5227 adversatur,
3124 5164 3481 5233 semetipsum
3514 5165 3610 5234 qui

2038 5263 2123 5309 est
2152 5268 2277 5308 eum
2311 5267 2377 5307 eo
2412 5252 2507 5323 qui
2537 5268 2648 5307 non
2691 5261 2777 5308 est
2819 5251 2983 5307 modo
3013 5268 3123 5322 quo
3170 5252 3287 5323 ipse
3334 5254 3436 5309 scit
3474 5269 3609 5309 con-

2034 5347 2291 5417 jungens.
2335 5344 2468 5411 Quae
2492 5353 2674 5399 autem
2716 5343 2903 5413 aliquo
2948 5344 3111 5398 modo
3156 5355 3315 5401 sunt.
3358 5345 3610 5415 aliquan-

2006 5436 2214 5507 ‘doque
2245 5435 2429 5491 omnia
2458 5435 2524 5489 ad
2550 5451 2609 5489 se
2642 5434 2935 5499 advocans,
2962 5450 3111 5489 nunc
3158 5435 3377 5490 tandem
3414 5435 3471 5489 in
3502 5451 3612 5489 esse

2034 5544 2364 5603 prom‘ovens
2394 5537 2559 5598 atque
2590 5528 2658 5582 ad
2688 5527 2853 5583 altius
2878 5542 2987 5582 esse
3012 5527 3302 5594 extollens,
3328 5528 3442 5597 ipsa
3476 5527 3610 5583 sibi-

2034 5621 2255 5692 metipsi
2293 5618 2640 5691 suppositum
2688 5619 2837 5675 fecit.
2871 5619 2973 5686 Qui
3024 5636 3052 5675 a
3092 5635 3151 5676 se
3179 5623 3396 5677 exsistit
3424 5622 3609 5677 omnia

2037 5714 2093 5767 in
2123 5712 2246 5768 sinu
2274 5727 2375 5768 suo
2406 5711 2603 5783 recipit
2633 5718 2799 5783 atque
2835 5712 3186 5783 amplectitur
3210 5730 3279 5770 ne
3306 5713 3607 5785 quidquam
