4032 6542
507 447 641 514 1227

1760 439 2071 504 LEONTII
2112 435 2518 499 BYZANTINI

3634 430 3782 497 1428

504 554 789 628 proprium
837 552 1211 624 corruptionis
1259 566 1427 608 causa
1474 550 1656 605 adhuc
1708 548 1766 602 in
1818 564 1931 605 non
1982 558 2084 602 ens

2188 544 2476 612 ρωθείσης
2501 540 2621 596 ἀπὸ
2645 540 2756 610 τῆς
2784 539 3068 607 δουλείας
3096 540 3209 608 τῆς
3254 539 3481 611 φθορᾶς
3519 540 3598 595 ἐν
3638 544 3788 610 Χρι-

504 661 700 701 rursus
727 653 1056 710 revertatur,
1086 652 1147 698 ιιι
1181 658 1315 697 vero
1350 641 1537 696 omnia
1575 654 1703 694 cum
1752 638 2079 707 incorrupto

503 740 824 813 incorrupta
865 746 1141 801 maneant,
1173 735 1318 789 omni
1348 742 1599 788 creatura
1648 732 1873 786 liberata
1904 750 1938 786 α
1964 747 2082 785 ser-

501 830 665 883 vitute
681 828 1032 897 corruptionis
1050 827 1105 880 in
1130 824 1336 881 Christo
1361 824 1403 878 ⁸.
1440 822 1657 878 Etenim
1684 838 1717 878 a
1738 821 2079 892 principio...

502 936 626 990 quae
645 919 939 990 speciebus
954 917 1157 973 similia
1177 925 1338 973 erant
1354 915 1653 988 principio,
1674 913 1804 969 dein
1829 928 1950 983 quae
1974 912 2086 967 illis

408 1003 414 1009 ’
502 1013 688 1069 omnia
737 1010 1118 1067 connaturalia
1170 1019 1329 1065 erant
1383 1007 1703 1078 speciesque
1781 1005 1940 1061 facte
2013 1004 2082 1061 ad

496 1106 707 1176 justam
739 1100 986 1158 laetitiam
1029 1100 1085 1156 in
1127 1100 1323 1173 primis
1352 1100 1737 1163 liberatarum,
1774 1097 1887 1153 Deo
1930 1096 2080 1152 locu-

502 1196 670 1267 pletia
707 1201 862 1260 sunt,
892 1194 1096 1263 eritque
1128 1191 1269 1246 Deus
1306 1193 1485 1247 omnia
1515 1192 1573 1246 in
1606 1190 1869 1245 omnibus.

574 1377 750 1435 Omne
787 1282 1177 1447 quodcunque1
1180 1283 1629 1428 Aﬁteizltnitum
1664 1370 1735 1426 ad
1781 1369 1950 1425 unius
1989 1384 2086 1425 na-

506 1483 645 1528 tura:
667 1478 834 1540 atque
864 1467 1177 1539 hypostasis
1201 1463 1440 1520 viventis
1463 1462 1940 1526 constitutionem,
1960 1476 2087 1531 pars

505 1575 593 1621 est
643 1562 931 1636 evidenter
976 1558 1234 1631 perfecta:
1267 1564 1479 1611 naturae
1516 1555 1602 1612 vel
1632 1562 1691 1610 et
1738 1554 2081 1626 hypostasis;

505 1655 693 1712 omnia
750 1662 934 1708 autem
977 1648 1124 1721 parti
1166 1657 1380 1703 natura:
1428 1647 1516 1702 vel
1558 1656 1615 1702 et
1655 1647 1968 1719 hypostasis
2001 1646 2086 1700 vi-

505 1747 712 1812 ventis,
746 1759 888 1815 opus
935 1752 1020 1798 est
1063 1741 1289 1797 omnino
1335 1748 1494 1811 parte
1543 1739 1637 1795 cui
1683 1739 1838 1797 unita
1873 1738 1981 1804 est,
2016 1736 2085 1793 ad

503 1838 784 1911 propriam
818 1835 1196 1907 operationem
1231 1830 1648 1903 perﬁciendam.
1695 1829 1907 1885 Anima:
1935 1828 2085 1885 enim

503 1945 755 2001 corpore,
796 1925 1129 1997 corporiquc
1160 1922 1346 1978 anima
1377 1936 1520 1993 opus
1562 1931 1649 1977 est
1695 1919 1763 1975 ad
1806 1919 2086 1990 propriam

504 2021 942 2092 uniuscujusque
1001 2015 1379 2087 operationem
1452 2012 1845 2084 perﬁciendam
1899 2029 1914 2079 ;
1968 2012 2088 2068 hch

503 2115 729 2185 quidem
767 2112 836 2168 ad
878 2109 1136 2166 mandata
1188 2108 1377 2164 divina
1424 2104 1809 2178 cognoscenda
1865 2106 2087 2175 Deoque

504 2203 980 2275 complacendum,
1002 2199 1137 2255 illud
1162 2214 1314 2259 vero.
1333 2205 1396 2252 ut
1418 2198 1528 2252 vita
1547 2197 1808 2268 eumipsa
1835 2209 2088 2253 servetur

504 2296 870 2364 omniumque
895 2292 1201 2348 visibilium
1229 2290 1516 2345 meliorem
1542 2289 1963 2345 aestimationem
1989 2288 2089 2343 ha-

505 2390 657 2453 bent,
700 2385 1077 2444 necessarium
1121 2392 1227 2439 est.
1285 2383 1400 2438 Deo
1440 2391 1627 2437 autem
1673 2381 1855 2437 Verbo
1900 2381 2088 2451 aliquo

508 2482 579 2537 ad
631 2479 913 2552 propriam
961 2478 1338 2549 operationem
1391 2483 1537 2545 opus“
1578 2490 1702 2530 esse
1746 2473 2085 2540 existimare,

507 2573 623 2627 non
657 2578 870 2626 rectum
924 2577 1048 2634 est;
1100 2567 1248 2622 haud
1298 2582 1431 2637 ergo
1464 2565 1654 2621 unitus
1694 2574 1780 2621 est
1812 2565 1979 2620 alicui
2019 2581 2090 2621 ex

506 2665 675 2720 nobis
729 2663 789 2718 in
845 2661 1010 2717 unius
1055 2672 1269 2716 natura:
1320 2659 1407 2713 vel
1464 2656 1776 2729 hypostasis
1850 2657 2090 2712 viventis

508 2755 989 2814 constitutionem.
1036 2750 1095 2805 Si
1129 2765 1262 2806 vero
1316 2748 1505 2804 unitus
1552 2757 1639 2804 est
1674 2787 1690 2813 ,
1735 2746 1927 2817 illique
1969 2746 2089 2817 ipso

507 2850 579 2906 ad
644 2847 928 2920 prepriam
981 2842 1363 2914 operationem
1422 2856 1564 2912 opus
1613 2848 1737 2905 est,
1798 2838 1959 2910 quod
2004 2844 2090 2894 est

506 2935 871 3007 blasphemia.
903 2932 1041 2988 Cum
1094 2932 1269 3002 ipsius
1321 2929 1603 3001 potentiae,
1654 2928 1841 2999 potius
1903 2937 2088 2984 autem

508 3028 866 3101 impotentiae,
889 3024 1137 3097 prm'dicti
1163 3040 1193 3078 a
1219 3023 1380 3078 vobis
1410 3020 1686 3077 ratiocinii
1710 3021 1922 3091 ,potius
1959 3035 2091 3075 vero

509 3119 866 3185 irratiocinii,
897 3113 1154 3188 [praesens
1200 3114 1273 3172 sit
1309 3126 1716 3185 argumentum,
1757 3119 1908 3181 patet
1953 3108 2090 3164 illud

507 3213 764 3271 similiter
795 3226 919 3267 esse
963 3209 1240 3264 ruiturum
1276 3225 1291 3279 ;
1322 3207 1428 3262 etsi
1453 3204 1674 3261 selectis
1699 3204 1912 3273 aliquot
1938 3203 2091 3257 locu-
2116 3236 2159 3295 ο

507 3307 755 3364 tionibus
785 3321 855 3360 ex
900 3303 989 3358 his
1031 3317 1154 3371 quae
1198 3300 1378 3371 prima
1410 3297 1806 3367 sequebantur,
1842 3293 2085 3350 secunda

507 3395 860 3459 induxeritis,
894 3391 1312 3449 multitudinem
1344 3388 1509 3444 nobis
1536 3387 1969 3455 facilitatemque
1998 3399 2088 3439 ar-

506 3495 895 3559 gumentorum
946 3483 1344 3548 ostendentes;
1408 3478 1557 3549 quod
1623 3476 1771 3531 enim
1830 3476 2089 3531 omnibus

506 3578 807 3636 fatentibus
825 3592 953 3633 cum
983 3577 1162 3632 altero
1188 3573 1544 3644 compatitur,
1566 3586 1694 3625 cum
1725 3570 1846 3641 ipso
1868 3584 2089 3640 quoque

507 3670 820 3729 secundum
845 3668 983 3740 quid
1028 3667 1260 3724 omnino
1301 3664 1654 3736 congaudet:
1706 3665 1786 3720 illi
1815 3681 1948 3737 ergo
1982 3665 2089 3720 hoc

506 3777 654 3832 opus
684 3771 773 3817 est
801 3760 873 3816 ob
910 3757 1175 3829 gaudium
1217 3755 1528 3826 proprium.
1572 3756 1630 3813 Si
1674 3755 1843 3827 igitur
1889 3756 2088 3827 hujus-

506 3854 659 3910 modi
684 3852 946 3924 gaudium
977 3858 1240 3918 tanquam
1276 3847 1464 3917 aliqua
1492 3849 1751 3917 operatio
1784 3846 2083 3919 gaudentis

507 3947 764 4010 habetur,
802 3942 948 3998 idem
978 3940 1143 3996 nobis
1185 3947 1243 3995 et
1271 3954 1341 3995 ex
1379 3940 1688 4011 sympathia
1717 3940 2083 4010 praecedente,

484 4052 766 4113 vnuncque
780 4051 850 4090 ex
866 4031 1188 4104 operatione
1200 4029 1472 4087 ambobus
1486 4029 1790 4087 ratiociniis
1813 4030 2087 4087 incertum

506 4127 734 4183 fecistis.
752 4122 860 4180 Sed
883 4123 937 4176 in
954 4119 1389 4191 pnecedentibus
1404 4135 1507 4175 ncc
1523 4128 1709 4190 partes
1723 4135 1843 4175 esse
1860 4119 2089 4175 omnino

506 4216 790 4275 naturales
828 4227 953 4283 quae
993 4220 1124 4267 sunt
1163 4211 1333 4266 unita:
1376 4210 1434 4265 in
1472 4209 1814 4282 hypostasim
1853 4210 2087 4266 demon-

507 4318 747 4365 stratum
787 4312 893 4370 est,
944 4318 1049 4358 nec
1102 4301 1286 4358 unitas
1322 4302 1552 4357 omnino
1604 4301 1773 4357 etiam
1816 4304 2085 4378 compati;

509 4415 614 4456 nec
640 4398 1063 4467 compatientes,
1086 4394 1315 4450 omnino
1342 4407 1563 4464 quoque
1592 4395 1906 4450 necessario
1934 4410 2088 4449 com-

509 4489 643 4561 pati.
666 4487 863 4557 Aliquo
880 4486 1049 4557 igitur
1086 4493 1408 4541 remanente
1438 4498 1540 4538 nec
1566 4483 1810 4538 resoluto
1829 4483 1885 4538 in
1908 4484 2089 4554 primo

506 4590 1059 4654 vestroargumento,
1081 4579 1149 4635 ad
1167 4581 1495 4635 alterutrum
1520 4576 1709 4634 venire
1733 4576 1853 4633 ausi
1882 4575 2085 4669 fuistis,
2118 4572 2164 4628 D

507 4678 715 4735 clarum
748 4690 861 4730 non
893 4682 999 4730 est.

575 4766 866 4837 Quomodo
885 4763 1199 4834 exemplum
1223 4762 1290 4815 ad
1315 4756 1693 4831 cognoscenda
1713 4765 1984 4828 praecepta
2007 4756 2090 4813 di-

507 4863 637 4919 vina
663 4861 885 4928 Deoque
907 4852 1365 4925 complaeendum
1394 4850 1590 4905 animm
1627 4864 1768 4919 opus
1811 4864 1933 4904 esse
1962 4864 2089 4903 cor-

508 4968 643 5024 pore
677 4966 709 5007 a
737 4948 897 5004 vobis
930 4946 1157 5001 allatum
1197 4942 1319 4997 est?
1361 4940 1475 4995 lloc
1515 4938 1685 5005 enim,
1719 4938 1850 4994 licet
1877 4939 2090 5008 aliquo-

508 5041 674 5100 modo
715 5038 825 5093 dici
874 5035 1067 5107 possit,
1138 5032 1376 5087 feliciter
1424 5029 1574 5085 haud
1619 5030 1921 5095 attulistis;
1976 5046 2089 5084 non

509 5134 689 5190 solum
716 5130 864 5185 enim
886 5127 953 5183 ad
986 5141 1116 5181 vera
1137 5124 1436 5193 divinaque
1470 5122 1920 5191 cognoscendum
1952 5121 2089 5175 illud

510 5233 597 5280 cst
619 5223 732 5277 dux
756 5229 922 5291 atque
950 5218 1334 5288 adjumentum
1366 5214 1585 5278 animae,
1617 5213 1712 5269 sed
1764 5213 1930 5268 etiam
1959 5228 2088 5268 cum

511 5313 746 5371 maxime
794 5319 959 5366 uocet
1007 5308 1380 5380 spiritualium
1434 5307 1778 5379 spiritualem
1840 5316 2092 5361 contem-

511 5406 812 5480 plationem
841 5404 1192 5460 sensibilium
1218 5401 1610 5472 imaginatione
1628 5399 1989 5467 obnubilans;
2019 5416 2085 5454 ex

510 5516 619 5573 qua
640 5499 891 5569 passione
921 5496 1120 5567 saepius
1140 5509 1362 5565 quoque
1387 5492 1716 5557 otl'endistis,
1745 5491 1993 5561 quaedam
2016 5505 2084 5545 ex

512 5589 789 5664 mysteriis
832 5587 1034 5644 divinis
1066 5593 1514 5657 perscrutantes;
1557 5600 1626 5640 eo
1658 5583 1808 5653 quod
1844 5582 2085 5647 rudium,

512 5682 880 5753 corporalium
912 5691 1078 5750 atque
1103 5676 1420 5750 hujusmodi
1457 5676 1805 5734 sensibilium
1828 5676 2089 5732 scientia-

589 5868 611 5899 “
640 5867 795 5921 Rcui.
840 5878 949 5917 vui.
984 5861 1072 5916 9.1.

2183 636 2330 702 στῷ.
2363 637 2463 690 Διά
2487 634 2596 706 γὰρ
2622 634 2719 705 τῆς
2744 635 2836 689 ἀπ’
2858 635 3033 706 ἀρχῆς
3077 634 3208 688 εὑθυ
3249 673 3267 689 .
3307 674 3325 692 .
3367 674 3385 689 .
3423 636 3492 690 τᾶ
3544 635 3787 707 ὁμοειδῆ

2180 731 2248 800 τῇ
2273 729 2523 798 ἀπαρχῇ,
2582 721 2706 779 εἶτα
2756 725 2851 779 καὶ
2906 723 2976 779 τά
3031 725 3272 794 συγγενῆ
3328 725 3542 789 τούτοις
3592 726 3789 778 πάντα

2183 821 2281 875 καὶ
2305 820 2445 891 πρὸς
2492 819 2593 891 τὴν
2637 819 2828 891 χρείαν
2872 821 2974 889 τῆς
3030 816 3372 890 καταλλήλου
3425 818 3791 889 εὐφροσύνης

2180 911 2292 966 τῶν
2317 910 2798 982 ἐλευθερωθέντων
2826 910 3061 981 πρώτως
3082 910 3353 981 γενόμενα
3382 912 3523 983 εἴδη,
3546 912 3793 967 πλουτεῖ

2181 1003 2335 1071 Θεὸν,
2348 1003 2446 1058 καὶ
2473 1002 2641 1058 ἔσται
2660 1004 2694 1057 ό
2724 1001 2869 1068 Θεὸς
2891 1002 2965 1057 τὰ
2990 1001 3186 1057 πάντα
3214 1001 3284 1057 ἐν
3313 1000 3487 1060 πᾶσι.

2781 1274 3036 1331 ΚΕΦΑΛ.
3082 1276 3158 1332 Ζ’.

2256 1370 2371 1425 Πᾶν
2392 1368 2571 1425 ὁτιοῦν
2594 1368 2979 1441 συντιθέμενον
3006 1358 3181 1441 ἑτέρῳ
3208 1368 3343 1441 πρὸς
3390 1369 3521 1441 μιᾶς
3550 1370 3792 1438 φύσεως

2185 1463 2281 1518 καὶ
2319 1462 2673 1527 ὑποστάσεως
2726 1461 2910 1535 ζώσης
2964 1460 3249 1528 σύστασιν,
3290 1461 3457 1533 μέρος
3493 1460 3789 1515 δείκνυται

2186 1555 2286 1639 τῆς
2313 1554 2775 1626 ἀποτελεσθείσης
2802 1554 3021 1624 φύσεως
3053 1554 3087 1626 ἢ
3124 1554 3220 1608 καὶ
3244 1554 3632 1619 ὑποστάσεως·
3664 1557 3790 1608 πᾶν

2184 1647 2243 1702 δὲ
2274 1647 2443 1719 μέρος
2476 1646 2692 1717 φύσεως
2723 1646 2756 1717 ἧ
2800 1646 2896 1700 καὶ
2946 1645 3301 1709 ὑποστάσεως
3350 1644 3554 1716 ζώσης,
3588 1645 3785 1699 δέεται

2188 1739 2411 1803 πάντως
2459 1736 2556 1792 τοῦ
2593 1730 2640 1807 ᾧ
2684 1735 2943 1808 συνετέθη
2998 1736 3223 1809 μέρους,
3254 1737 3392 1809 πρὸς
3443 1737 3784 1810 εὐεργεσίαν

2190 1830 2348 1887 ἰδίαν.
2372 1830 2568 1886 Δέεται
2597 1829 2764 1903 γάρή
2791 1829 2939 1903 ψυχὴ
2962 1829 3058 1885 τοῦ
3098 1829 3374 1902 σώματος,
3400 1831 3498 1885 καὶ
3524 1831 3588 1885 τὸ
3611 1832 3785 1903 σῶμα

2119 1903 2159 1958 Β
2186 1925 2288 1995 τῆς
2320 1923 2497 1995 ψυχῆς
2521 1964 2536 1990 ,
2563 1922 2789 1994 θάτερον
2821 1922 3052 1995 θατέρου
3083 1921 3293 1977 οἰκείαν
3327 1923 3654 1994 εὐεργεσίαν
3686 1940 3701 1954 ·
3741 1925 3782 1993 ἡ

2189 2015 2289 2087 μὲν
2315 2015 2454 2085 πρὸς
2485 2013 2724 2086 μάθησιν
2749 2012 2857 2068 τῶν
2889 2011 3053 2068 θείων
3089 2012 3319 2067 ἐντολῶν
3348 2014 3444 2068 καὶ
3469 2014 3783 2086 εὐαρέστη-

2188 2126 2275 2163 σιν
2307 2108 2494 2171 θείαν,
2524 2106 2586 2161 τὸ
2614 2106 2670 2161 δὲ
2698 2106 2836 2178 πρὸς
2864 2105 2963 2179 τήν
2990 2104 3138 2179 ζωὴν
3172 2108 3291 2178 μετ’
3318 2107 3495 2179 αὑτῆς
3533 2109 3638 2179 τῆς
3678 2109 3783 2162 καὶ

2184 2198 2295 2252 τῶν
2321 2197 2618 2270 ὁρωμένων
2657 2196 2918 2252 ἁπάντων
2956 2197 3244 2270 κρείττονα
3274 2199 3441 2271 τιμὴν
3471 2199 3644 2271 ἐχειν.
3669 2201 3783 2256 Τίον

2186 2292 2245 2345 δὲ
2274 2291 2407 2345 Θεὸν
2437 2289 2612 2359 Λόγον
2644 2288 3055 2361 ὑπολαμϐάνειν
3098 2289 3319 2344 δέεσθαί
3348 2308 3496 2353 τινος
3525 2291 3671 2362 πρὸς
3696 2295 3779 2347 οἱ-

2187 2383 2345 2438 κείαν
2374 2383 2717 2453 εὐεργεσίαν,
2752 2381 2813 2436 οὑ
2846 2380 3007 2452 θέμις
3033 2397 3049 2413 ·
3082 2381 3185 2436 οὐκ
3228 2382 3338 2451 ἄρα
3385 2382 3652 2453 συνετέθη
3696 2384 3781 2454 τῷ

2187 2472 2247 2539 ἐξ
2289 2471 2449 2543 ήμῶν
2476 2471 2750 2543 ἀνθρώπῳ
2795 2471 2878 2535 είς
2920 2472 3053 2543 μιᾶς
3097 2470 3315 2540 φύσεως
3348 2472 3383 2543 ἢ
3418 2473 3783 2539 ὑποστάσεως

2189 2561 2371 2634 ζώσης
2402 2563 2690 2619 σύστασιν.
2715 2562 2781 2618 Ei
2816 2562 2874 2616 δὲ
2918 2562 3213 2634 συνετέθη,
3244 2562 3344 2617 καὶ
3391 2563 3573 2618 δέεται
3602 2565 3778 2619 αὑτοῦ

2188 2656 2327 2726 πρὸς
2376 2657 2585 2711 οἰκείαν
2636 2655 2982 2725 εὐεργεσίαν,
3014 2655 3155 2726 ὅπερ
3204 2656 3422 2720 ἀσεϐές.
3468 2656 3622 2710 Ἐπεὶ
3672 2658 3779 2727 τῆς

2189 2748 2363 2818 αὐτῆς
2405 2748 2712 2816 δυνάμεως,
2747 2747 2951 2819 μᾶλλον
2988 2747 3047 2801 δὲ
3078 2748 3415 2819 ἀδυναμίας,
3443 2748 3541 2803 τοῦ
3581 2766 3777 2822 προει-

2190 2859 2261 2914 ρη
2269 2840 2433 2913 μένου
2458 2842 2585 2912 ὑμῖν
2609 2839 2999 2911 συλλογισμοῦ,
3018 2840 3219 2912 μᾶλλον
3246 2840 3305 2894 δὲ
3327 2841 3772 2913 παραλογισμῷ,
3852 2848 3859 2855 ’

2189 2927 2374 2983 καὶτὸ
2407 2932 2582 3002 παρὸν
2634 2927 2976 3000 ἐπιχείρημά
3027 2932 3165 2993 ἐστι,
3196 2928 3358 3001 δῆλον
3407 2932 3492 2985 ὅτι
3538 2932 3636 2985 καὶ
3668 2932 3774 3003 τῆς

2190 3022 2384 3091 ὁμοίας
2422 3021 2583 3092 ἔλαχε
2610 3021 3026 3091 ,καταπτώσεως
3044 3038 3059 3054 ·
3093 3022 3143 3076 εί
3175 3023 3268 3077 καὶ
3292 3022 3449 3093 μετά
3474 3041 3621 3088 τινος
3641 3025 3774 3077 ἀντ-

2192 3113 2428 3184 εκλογῆς
2482 3113 2703 3181 λέξεων,
2727 3116 2791 3169 ἐκ
2818 3113 2925 3169 τῶν
2951 3114 3236 3186 ἑπομένων
3265 3118 3381 3180 τοῖς
3409 3096 3669 3188 πρώτοις,
3702 3118 3774 3171 τὰ

2191 3204 2424 3276 δεύτερα
2480 3206 2829 3275 είσηγάγετε,
2893 3205 3097 3277 πλῆθος
3153 3208 3287 3278 ἡμῖν
3345 3208 3441 3262 καὶ
3502 3209 3773 3281 εὐπορίαν

2192 3298 2642 3370 ἐπιχειρημάτων
2693 3298 3111 3370 ἐμφανίζοντες.
3156 3300 3231 3354 Τὸ
3282 3302 3394 3375 γὰρ
3442 3303 3775 3376 συμπάσχον

2189 3392 2297 3445 τινὶ
2360 3390 2834 3463 ὁμολογουμένως,
2870 3392 3046 3463 τούτῳ
3101 3393 3245 3447 κατά
3303 3412 3356 3449 τι
3407 3395 3628 3461 πάντως
3668 3397 3773 3452 καὶ

2144 3510 2147 3513 ν
2191 3482 2478 3555 συνήδεται
2506 3498 2521 3515 ·
2558 3482 2720 3537 τοῦτο
2779 3484 2887 3554 ἄρα
2936 3484 3030 3539 καὶ
3071 3484 3245 3539 δεῖται
3309 3486 3479 3542 αὐτοῦ
3534 3488 3624 3543 διὰ
3667 3489 3772 3560 τὴν

2189 3576 2400 3631 οἰκείαν
2427 3576 2642 3646 ἡδονήν.
2667 3577 2839 3649 Είπερ
2875 3572 2969 3632 οὖν
2996 3579 3030 3649 ή
3063 3577 3246 3644 τεῦξις
3269 3579 3373 3650 τῆς
3400 3580 3613 3636 τοιάσδε
3642 3582 3770 3653 ἠδο-

2189 3667 2288 3737 νῆς
2325 3666 2618 3739 εὐεργεσία
2650 3684 2737 3731 τις
2776 3666 3136 3747 τῷ-ήδομένῳ
3176 3667 3513 3738 λελόγισται,
3544 3670 3608 3724 τὸ
3637 3672 3774 3724 αὐτὸ

2190 3760 2322 3831 ήμϊν
2350 3758 2414 3812 ἔκ
2437 3777 2500 3813 τε
2536 3758 2640 3829 τῆς
2670 3758 3019 3831 συμπαθείας
3051 3759 3264 3832 πρώην,
3289 3760 3387 3814 καὶ
3411 3761 3511 3815 νῦν
3555 3762 3623 3815 ὲκ
3667 3762 3771 3833 τῆς

2162 3849 2513 3921 ἐὐεργεσίας
2542 3849 2614 3903 δι’
2645 3849 2977 3923 ἀμφοτέρων
2999 3851 3110 3904 τῶν
3135 3853 3587 3924 ἐπιχειρημάτων
3627 3854 3770 3924 ήπο·

2193 3941 2414 4013 ρήσατε.
2456 3940 2600 3995 Ἀλλ’
2626 3942 2685 3996 ἐν
2718 3941 2816 4013 μὲν
2848 3943 2961 4005 τοῖς
2998 3940 3294 4012 φθάσασιν,
3331 3943 3440 3998 ίδοὺ
3466 3942 3593 3997 οὔτε
3625 3945 3767 4016 μέρη

2188 4029 2332 4089 εἶναι
2379 4032 2597 4098 πάντως
2626 4032 2832 4104 φυσικά
2858 4033 2927 4088 τὰ
2961 4034 3322 4105 συντιθέμενα
3356 4037 3439 4100 είς
3467 4037 3769 4091 ὑπόστασιν

2189 4125 2484 4192 ἐδείκνυτο,
2505 4124 2630 4181 οὔτε
2661 4126 2990 4181 συντεθέντα
3021 4126 3242 4192 πάντως
3272 4128 3367 4182 καὶ
3396 4128 3761 4198 συμπάσχειν·

2190 4215 2315 4271 οὔτε
2370 4218 2785 4289 συμπάσχοντα,
2815 4219 3034 4283 πάντως
3080 4219 3174 4273 καὶ
3206 4219 3486 4284 ἀκουσίως
3546 4221 3764 4292 συμπά-

2193 4326 2366 4380 σχειν.
2401 4311 2559 4373 Τίνος
2613 4309 2709 4365 οὖν
2759 4311 3102 4365 ἀκαταλύτου
3153 4312 3521 4384 φυλαχθέντος
3576 4316 3636 4368 ἐν
3687 4313 3767 4382 τῷ

2193 4401 2400 4472 πρώτῳ
2422 4402 2578 4473 ὑμῶν
2606 4403 3028 4474 ἐπιχειρήματι,
3057 4402 3196 4476 πρὸς
3236 4404 3296 4459 τὸ
3323 4404 3552 4476 θάτερον
3590 4405 3765 4459 ἐλθεῖν

2193 4492 2553 4565 ἐτολμήσατε,
2575 4493 2635 4547 οὑ
2659 4494 2915 4565 φανερόν.

2262 4756 2337 4810 Τὸ
2375 4755 2432 4810 δὲ
2483 4738 2841 4828 παράδειγμα
2885 4754 3005 4809 τόδε
3050 4756 3111 4810 τὺ
3156 4755 3289 4828 παρ’
3314 4753 3470 4826 ὑμῶν
3506 4754 3588 4809 ὅτι
3630 4753 3763 4825 πρὸς

2193 4849 2433 4920 μάθησιν
2465 4847 2575 4902 τῶν
2606 4847 2768 4903 θείων
2794 4847 3027 4903 ἐντολῶν
3063 4850 3159 4903 καὶ
3194 4840 3554 4919 εὐαρέστησιν
3597 4847 3762 4900 δεῖται

2190 4940 2286 4999 τοῦ
2321 4940 2575 5011 σώματος
2608 4941 2643 5011 ἡ
2671 4938 2816 5011 ψυχὴ
2838 4981 2853 5005 ,
2884 4940 3003 5005 πῶς
3037 4941 3145 5011 ἄρα
3174 4940 3304 5012 ὑμῖν
3337 4942 3551 5011 εἴρηται
3579 4957 3594 5006 ;
3631 4939 3764 4993 υΰδὲ

2193 5034 2303 5105 γὰρ
2341 5032 2524 5101 τοῦτο,
2582 5032 2762 5087 καίτοι
2803 5050 2922 5097 πως
2946 5032 3205 5102 λέγεσθαι
3238 5032 3556 5103 δυνάμενον,
3588 5033 3762 5095 καλῶς

2194 5125 2353 5192 ὑμεῖς
2401 5124 2749 5195 προηγάγετε
2779 5138 2791 5153 ·
2826 5126 2922 5177 καὶ
2972 5125 3083 5195 γὰρ
3137 5124 3199 5176 οὑ
3254 5123 3389 5195 πρὸς
3437 5125 3538 5194 τὴν
3591 5123 3763 5194 μάθη-

2196 5234 2279 5270 σιν
2326 5215 2437 5269 τῶν
2478 5215 2696 5287 ἀληθῶν
2733 5217 2829 5269 καὶ
2878 5216 3059 5281 θείων,
3090 5214 3251 5271 τοῦτό
3299 5219 3418 5269 ἐστι
3455 5215 3517 5268 τὸ
3541 5215 3767 5286 ὀδηγοῦν

2196 5306 2290 5361 κα)¹
2347 5306 2736 5376 συναιρόμενον
2783 5307 2848 5376 τῇ
2890 5305 3038 5376 ψυχῇ
3066 5320 3081 5338 ο
3112 5305 3229 5360 ἀλλ’
3260 5304 3408 5358 ἔστιν
3450 5304 3540 5358 ὅτε
3581 5307 3676 5358 καὶ
3702 5307 3767 5359 τὰ

2200 5399 2435 5467 μέγιστα
2463 5397 2867 5467 παραελάπτει,
2896 5398 2994 5468 τὴν
3021 5397 3127 5451 τῶν
3157 5395 3364 5465 νοητῶν
3399 5397 3600 5465 νοητὴν
3645 5397 3767 5448 ἐπι-

2200 5488 2424 5552 σκιάζον
2453 5488 2688 5558 θεωρίαν
2718 5487 2806 5541 διὰ
2832 5489 2930 5559 τῆς
2970 5489 3078 5543 τῶν
3108 5487 3385 5559 αἰσθητῶν
3423 5486 3729 5556 φαντασίας
3755 5503 3767 5517 ·

2196 5576 2349 5652 ᾧπερ
2380 5581 2474 5636 καὶ
2503 5580 2841 5654 συχνοτέρως
2869 5586 3237 5652 προσπταίετε
3272 5580 3437 5634 πάθει
3488 5578 3620 5649 περὶ
3663 5579 3773 5632 τῶν

2199 5675 2519 5747 θεοπρεπῶν
2540 5675 2869 5748 ἐρευνῶντες
2888 5692 3011 5731 τινα
3038 5674 3355 5747 μυστηρίων
3372 5688 3388 5703 °
3418 5672 3502 5725 ὅτι
3528 5669 3639 5743 γὰρ
3664 5669 3772 5726 τῶν
