3916 6556
127 453 160 519 1
183 455 303 520 ἱ29

1112 460 1509 522 ADVERSUS
1547 459 2183 521 NESTORIANOS.-
2213 463 2362 523 LIB.
2405 463 2454 522 Ι.

3290 455 3430 520 1430

125 571 372 625 ὑλικῶν
411 571 505 624 καὶ
556 588 887 642 σωματικων
914 571 1009 626 καὶ
1035 573 1142 626 τῶν
1169 577 1290 629 κατ’
1321 574 1577 644 αῐσθησιν
1631 591 1738 645 μα-

1877 591 1966 628 um
2017 577 2266 647 lapides,
2303 579 2488 648 ligna,
2527 577 2785 632 animalia
2811 576 3072 642 (calum,
3123 574 3242 643 sol,
3291 590 3432 645 aqua

127 666 382 736 οήσεων
429 665 569 718 λίθοι
627 666 721 718 καὶ
775 665 908 733 ξύλα
950 667 1044 720 καὶ
1078 666 1194 732 ζῶα
1240 668 1336 721 καὶ⁵
1375 668 1605 740 οὐρανὸς
1651 668 1746 722 καὶ

126 756 317 828 ἣλιος
347 756 442 810 καὶ
477 755 620 827 ὕδωρ
646 757 742 810 καὶ
775 756 887 828 πῦρ
917 757 1087 823 ἐστιν,
1111 759 1169 811 ἐν
1191 756 1273 822 οἷς
1306 759 1334 811 ὁ
1377 758 1592 824 ὅλισθος
1635 759 1745 812 τῶν

129 848 384 902 ἀσεϐῶν
439 850 535 902 καὶ
584 849 1019 920 εἰδωλολατρῶν,
1044 849 1152 902 τῶν
1202 850 1370 921 μηδὲν
1424 850 1587 906 πλέον
1636 851 1748 905 τῶν

129 942 464 1012 ὁρωμένων
490 940 831 1007 δοξασάντων
863 943 945 1006 είς
971 941 1310 1008 θεοσέϐειαν,
1341 942 1569 1011 γέγονεν
1589 941 1748 1009 εὑδη-

129 1036 244 1088 λον
275 1035 459 1089 ἅπασι
492 1051 508 1068 ⁶
531 1035 632 1090 ’καὶ
665 1036 748 1090 ὄτι
771 1038 805 1107 ή
833 1035 982 1106 ψυχὴ
1005 1034 1066 1088 οὑ
1098 1034 1397 1106 πειθομένη
1436 1038 1504 1106 τῇ
1533 1035 1622 1089 διὰ
1653 1034 1748 1089 τοῦ

135 1126 428 1198 σώματος
454 1128 704 1199 αἰσθήσει
725 1129 861 1199 μόνῃ
884 1127 1029 1200 λόγῳ
1057 1121 1210 1202 εὗρε,
1228 1128 1323 1182 καὶ
1352 1128 1412 1180 οὑ
1445 1127 1516 1181 δι’
1539 1115 1750 1194 αἰσθή-

138 1237 327 1286 σεως
370 1221 462 1274 τὸν
511 1219 742 1291 άὸρατον
798 1221 956 1274 τοῦδε
1000 1219 1097 1273 τοῦ
1147 1217 1349 1282 παντὸς
1378 1221 1748 1290 Δημιουργὸν.

141 1312 351 1367 καίτοι
402 1313 476 1384 μὴ
509 1311 744 1382 ὀφθέντα
788 1313 1044 1384 αἰσθήσει
1074 1314 1380 1387 πώποτε,ἢ
1418 1313 1751 1384 σωματικῶς

140 1407 319 1469 ὄντα,
348 1404 487 1468 ὅλως
519 1406 784 1474 γνωστὸν,
817 1407 940 1461 οὑδὲ
958 1408 1108 1478 ὑμᾶς
1142 1405 1297 1479 οἶμαι
1316 1404 1748 1478 διαμφιϐἁλλειν.

140 1497 291 1559 Πῶς
355 1496 410 1548 δὲ
461 1496 558 1548 καὶ
608 1497 670 1549 τὸ
709 1496 1016 1569 ἐπιθυμοῦν
1071 1499 1215 1552 κατὰ
1268 1496 1367 1552 τοῦ
1415 1495 1749 1566 πνεύματος,

142 1592 304 1660 πρὸς
337 1589 576 1662 μάθησιν
604 1590 714 1643 τῶν
755 1590 921 1645 θείων
961 1592 1194 1646 ἐντολῶν
1241 1593 1335 1646 καὶ
1365 1591 1750 1662 εὐαρέστησιν,

145 1683 583 1754 συμϐάλλεσθαι
617 1683 766 1755 αὑτῷ
787 1684 992 1737 εἴποιτε
1019 1683 1084 1737 ἂν
1114 1682 1311 1753 ὀρθῶς,
1338 1684 1386 1738 εί
1437 1683 1512 1753 μή
1546 1699 1601 1735 τι
1645 1681 1754 1751 ἄρα

144 1781 278 1841 τοῖς
314 1777 524 1832 τούτων
550 1778 815 1841 ἐναντίοις
854 1778 914 1830 τὸ
945 1777 1170 1846 Πνεῦμα
1204 1774 1560 1845 συναίρεσθαι
1591 1773 1754 1844 νομίο

149 1871 316 1937 ζετε,
351 1871 572 1942 ἄδηλον.
614 1872 672 1925 'O
700 1871 757 1924 δὲ
795 1870 994 1940 λέγων,
1035 1871 1129 1936 Τίς
1157 1887 1232 1940 με
1257 1869 1511 1937 ῥύσεται
1539 1867 1610 1922 ἐκ
1647 1864 1754 1919 τοῦ

149 1963 452 2033 σώματος
477 1962 586 2017 τοῦ
613 1967 874 2020 θανάτου
913 1963 1150 2028 τούτου,
1185 1957 1296 2033 ἆρα
1338 1959 1436 2014 τοῦ
1475 1959 1611 2031 πρὸς
1652 1959 1758 2028 μά-

153 2056 334 2127 θησιν
354 2055 465 2109 τῶν
495 2055 658 2110 θείων
690 2055 919 2109 ἐντολῶν
943 2055 1039 2108 καὶ
1065 2054 1433 2126 εὐαρέστησιν
1461 2051 1756 2126 χρειὼδους

157 2147 444 2220 ρυσθῆναι
470 2148 751 2217 δυσωπεῑ;
787 2149 900 2204 Καὶ
937 2147 1057 2210 πῶς
1085 2147 1144 2199 ἐν
1172 2145 1344 2209 ὁσίοις
1381 2143 1477 2197 καὶ
1516 2142 1757 2197 θεοδιδά-

158 2255 328 2303 κτοις
362 2239 456 2292 καὶ
492 2238 763 2307 φιλοθέοις
784 2233 940 2302 οὗτος
961 2237 1267 2308 ἐπίσημος;
1301 2235 1366 2289 Τί
1395 2234 1453 2288 δὲ
1491 2233 1558 2287 ἂν
1587 2233 1760 2285 εἴποι-

164 2347 277 2402 μεν
306 2332 372 2385 ἐκ
407 2331 516 2384 τῶν
547 2320 875 2402 καθημέραν
901 2331 1030 2400 περὶ
1063 2330 1164 2392 τὰς
1211 2325 1531 2399 σωματικάς
1561 2326 1758 2393 ἐπιμε-

162 2423 330 2488 λείας
378 2423 538 2495 ήμῶν
581 2422 973 2493 πνευματικῶν
1020 2421 1314 2492 μαθήσεων
1360 2420 1453 2474 καὶ
1503 2416 1760 2488 πράξεων

165 2519 311 2588 ἡμῖν
367 2516 837 2588 ἀμϐλυνομένωνς
878 2515 1022 2569 Ἀλλ’
1050 2515 1199 2568 ἐστιν
1263 2510 1482 2584 ἀληθῶς
1533 2510 1661 2564 ίδεῖν
1694 2508 1759 2562 τδ

165 2609 441 2664 ἐναντίον.
481 2610 552 2662 Ἢ
591 2606 851 2679 βούλεσθε
880 2607 1051 2672 δεῖξαι
1086 2605 1489 2676 κερδαίνουσαν
1517 2603 1617 2673 τὴν
1658 2589 1762 2671 ψυ-

167 2705 278 2774 χὴν
314 2703 401 2756 διὰ
438 2702 726 2772 σώματος;
756 2701 834 2772 Τῇ
861 2700 972 2772 γάρ
1005 2698 1143 2770 πρὸς
1173 2698 1334 2753 τοῦτο
1366 2697 1516 2768 μάχῃ
1537 2696 1651 2749 ’καὶ
1692 2696 1760 2765 τῇ

169 2795 372 2849 τούτου
427 2795 670 2866 παιδείᾳ,
708 2792 903 2865 μισθὸν
946 2793 1118 2862 ἑαυτῇ
1172 2791 1560 2861 περιποιεῖται,
1597 2787 1763 2858 μέχρι

177 2890 343 2960 μόνον
371 2887 527 2942 τοῦδε
554 2891 654 2958 τῆς
679 2887 803 2942 κατ’
830 2887 963 2940 αὑτὸ
993 2884 1274 2957 φροντίδος
1301 2880 1634 2952 ἀντεχομένη
1668 2877 1763 2932 τοῦ

179 2983 258 3054 μὴ
285 2981 507 3036 ὀδυνοῦν
536 2982 730 3052 αὑτὴν,
767 2979 876 3033 τῶν
917 2979 1063 3032 ἰδίων
1095 2975 1390 3048 ἐνεργειῶν
1421 2972 1760 3044 ἐμποδίζειν.

181 3077 255 3130 Ἢ
296 3076 534 3146 θνῆσκον
579 3074 669 3128 διὰ
711 3073 772 3128 τὸ
810 3072 900 3128 ὑπ’
926 3073 1096 3142 αὑτῆς
1145 3067 1509 3140 ἀπρονόητον,
1543 3066 1765 3119 αὑτονο-

184 3167 317 3238 μίαν
344 3168 444 3238 τῆς
470 3165 679 3230 λύσεως
711 3165 807 3219 τοῦ
839 3164 982 3236 πρὸς
1010 3165 1142 3218 αὑτο
1171 3158 1373 3232 δεσμοῦ
1409 3159 1761 3230 κατηγορεῖν.

1851 668 2102 738 ignisque
2135 677 2239 734 est,
2263 670 2328 724 in
2362 669 2566 739 quibus
2595 684 2758 724 casus
2785 669 3082 739 impiorum
3114 682 3180 722 ac
3208 666 3436 721 idelola~

1854 768 2087 824 trarum,
2126 759 2266 814 nihil
2302 761 2482 831 majus
2523 776 2688 831 quam
2719 760 3005 817 sensibilia
3043 759 3435 831 arbitrantium

1853 850 1920 906 ad
1951 853 2237 922 pietatem,
2261 854 2522 908 omnibus
2548 853 2780 909 evidens
2799 854 2978 909 factus
3021 862 3140 920 est;
3174 852 3436 923 quodque

1852 945 2034 999 anima
2085 945 2300 1001 ratione
2348 947 2562 1001 invenit
2618 962 2730 1001 non
2784 947 2900 1002 sola
2944 945 3214 1016 corporali
3247 959 3438 1016 peree-

1851 1025 2062 1107 ptione,
2089 1053 2194 1094 nec
2232 1055 2333 1110 per
2353 1040 2712 1094 sensationem
2754 1037 3094 1094 invisibilem
3130 1036 3296 1108 hujus
3323 1034 3440 1089 uni-

1852 1131 1996 1186 versi
2047 1130 2408 1198 Creatorem,
2461 1131 2592 1186 licet
2637 1145 2751 1185 non
2808 1137 3130 1200 perceptum
3194 1141 3438 1197 unquam

1853 1222 2130 1288 sensibus,
2177 1232 2274 1278 aut
2304 1222 2670 1293 corporaliter
2715 1221 2968 1285 exsistat,
3002 1217 3442 1287 omnino'cogni-

1855 1325 1995 1382 tum,
2032 1331 2134 1371 nec
2183 1331 2283 1371 vos
2321 1315 2794 1386 comprehendere
2837 1313 3113 1370 existimo.
3154 1310 3442 1377 Quomodo

1853 1420 2038 1465 autem
2063 1410 2468 1479 concupiscere
2490 1408 2795 1463 secundum
2830 1407 3110 1476 spiritum,
3143 1401 3212 1456 ad
3235 1415 3440 1470 cogno-

1855 1500 2058 1556 scenda
2103 1500 2290 1556 divina
2320 1500 2578 1556 mandata
2611 1498 3176 1569 eomplacendumque
3213 1494 3348 1559 Deo,
3373 1492 3443 1546 ad

1857 1592 2037 1662 ipsum
2085 1592 2280 1647 referri
2328 1602 2477 1648 recte
2520 1591 2739 1657 dicetis,
2775 1592 2881 1647 nisi
2926 1591 3068 1647 forte
3122 1592 3178 1646 in
3218 1590 3442 1645 illorum

1857 1685 2154 1740 contrariis
2172 1685 2430 1756 spiritum
2454 1684 2716 1756 adjuvare
2767 1683 3117 1750 existimetis,
3139 1698 3249 1737 non
3269 1688 3438 1751 patet.

1857 1773 1962 1841 Qui
1996 1789 2134 1830 vero
2160 1774 2297 1830 dicit
2327 1793 2340 1828 :
2367 1773 2494 1840 Quis
2521 1790 2604 1828 me
2639 1772 2881 1827 liberabit
2912 1773 2976 1826 de
3019 1786 3238 1842 corpore
3259 1770 3444 1824 mortis

1860 1868 2016 1938 hujus
2058 1867 2114 1922 ’ί
2167 1883 2301 1922 num
2332 1883 2408 1923 ne
2454 1866 2523 1922 de
2580 1866 2703 1921 utili
2759 1864 3141 1936 cognoscendo
3187 1862 3446 1918 mandata

1862 1957 2049 2014 divina
2080 1959 2303 2029 Deoque
2343 1957 2738 2029 complacendo
2768 1956 3041 2012 liberetur
3069 1955 3271 2011 timet?
3297 1955 3448 2022 Quo-

1861 2050 2139 2120 modoque
2187 2050 2242 2104 in
2281 2050 2491 2104 sanctis
2541 2049 2640 2105 Dei
2673 2048 3005 2104 docibilibus
3033 2056 3198 2117 atque
3234 2046 3450 2102 devotis

1815 2181 1817 2183 ι
1862 2143 1971 2198 hoc
2003 2143 2344 2214 praecipuum
2369 2141 2514 2197 fuit?
2561 2141 2704 2207 Quid
2734 2141 3058 2211 nosmetipsi
3103 2140 3352 2196 dicemus
3381 2139 3452 2194 de

1862 2235 2206 2307 quotidianis
2249 2235 2458 2291 nostris
2505 2235 2653 2289 circa
2702 2234 3022 2304 corporales
3071 2249 3236 2289 curas
3287 2231 3450 2302 spiri-

1863 2326 2106 2382 tualibus
2145 2327 2496 2382 documentis
2530 2325 2954 2396 actionibusque
3004 2341 3035 2380 a
3076 2325 3241 2380 nobis
3270 2324 3450 2396 negli-

1863 2425 2057 2489 genter
2087 2418 2295 2489 gestis?
2325 2417 2433 2473 Sed
2459 2417 2806 2472 contrarium
2847 2431 2980 2473 vere
3006 2417 3308 2472 videndum
3342 2424 3449 2472 est.
3512 2431 3518 2437 '

1863 2508 1974 2562 Aut
2005 2507 2174 2562 vultis
2196 2506 2576 2579 proficientem
2601 2522 2670 2562 ex
2687 2521 2923 2577 corpore
2959 2506 3198 2560 animam
3224 2506 3453 2560 demon-

1865 2594 2080 2652 strare?
2119 2594 2404 2650 Adversus
2459 2595 2608 2652 enim
2660 2594 2798 2650 illud
2843 2594 3144 2666 pugnando
3204 2593 3454 2662 illudque

1865 2686 2186 2758 castigando
2223 2687 2539 2742 mercedem
2586 2687 2694 2741 sibi
2721 2695 3024 2757 comparat,
3050 2668 3242 2741 contra
3272 2685 3454 2756 ipsum

1869 2777 2248 2833 tantummodo
2287 2777 2559 2833 meditans
2597 2794 2667 2833 ne
2717 2778 2834 2848 ipsa
2889 2777 2983 2832 det
3037 2793 3249 2849 pinnas,
3285 2787 3460 2848 utque

1866 2870 2283 2941 operationibus
2328 2870 2478 2926 illius
2512 2870 2800 2925 obstacula
2845 2869 3062 2924 all‘erat.
3097 2869 3256 2937 Quod
3289 2869 3458 2924 etiam

1865 2972 2098 3018 vocatur
2135 2961 2380 3018 moriens
2421 2977 2491 3018 eo
2533 2963 2682 3032 quod
2714 2962 2808 3017 illa
2839 2977 2950 3017 non
2977 2961 3318 3033 praeviderit,
3350 2976 3456 3016 no-

1867 3073 1994 3111 men
2044 3056 2337 3112 solutionis
2388 3055 2680 3110 a'vinculo
2729 3056 2984 3125 corporis
3035 3054 3296 3109 obtinuit.
3325 3053 3460 3108 Ideo

1868 3149 2094 3219 quidem
2143 3156 2198 3204 et
2237 3164 2340 3204 nos
2391 3147 2445 3203 in
2496 3163 2665 3203 carne
2709 3147 2982 3215 viventes,
3010 3163 3122 3203 non
3151 3145 3466 3203 secundum

183 3259 276 3313 Διὸ
302 3259 366 3331 δὴ
395 3260 490 3313 καὶ
532 3259 591 3312 ἐν
631 3259 798 3330 σαρκὶ
825 3257 1050 3323 ζῶντες,
1085 3255 1162 3328 μὴ
1205 3253 1368 3337 κατὰ.
1391 3251 1568 3324 σάρκα
1609 3267 1765 3323 περι-

1871 3258 2094 3298 carnem
2140 3241 2422 3298 ambulare
2465 3239 2705 3297 ordinati
2749 3255 2961 3295 sumus.

186 3356 376 3409 πατεῖν
413 3351 904 3424 προστετάγμεθα.

780 3491 1033 3547 ΚΕΦΑΛ.
1090 3493 1170 3546 η’.

259 3629 375 3682 Πᾶν
395 3627 573 3684 ὁτιοῦν
595 3628 978 3699 συντιθέμενον
1005 3627 1176 3698 ἑτέρῳ
1199 3625 1526 3698 έτεροουσίῳ
1541 3627 1622 3689 είς
1641 3624 1770 3696 μίαν

193 3717 401 3788 φύσεως
433 3719 464 3789 ἢ
502 3719 856 3782 ὑποστάσεως
880 3718 1165 3782 σύστασιν,
1189 3718 1354 3790 μέρος
1377 3718 1477 3787 τῆς
1506 3719 1770 3771 ἀποτελε-

199 3809 420 3879 σθείσης
461 3807 520 3875 ἐξ
555 3809 739 3862 αὑτῶν
771 3809 986 3877 φύσεως
1023 3807 1336 3862 δείκνυται·
1373 3807 1482 3860 πᾶν
1512 3805 1569 3859 δὲ
1603 3807 1774 3877 μέρος

197 3901 530 3972 ἐτεροοὺσιον
556 3903 688 3973 μιᾶς
715 3900 932 3972 φύσεως
960 3901 993 3971 ἢ
1021 3901 1396 3966 ὑποστάσεως,
1427 3899 1489 3953 οὑ
1522 3899 1774 3954 καλεῖται

197 3993 272 4065 τῷ
316 3994 542 4064 ὀνόματι
590 3993 804 4048 ἐκείνου
855 3985 1007 4063 ᾧπερ
1057 3990 1384 4060 σύγκειταιο
1416 3991 1516 4045 καὶ
1543 3990 1637 4043 ἐπὶ
1677 3989 1773 4044 τοῦ

201 4085 480 4157 ἀνθρώπου
509 4085 641 4154 γὰρ,
673 4086 722 4139 εἰ
751 4085 848 4139 καὶ
878 4085 945 4139 τά
999 4083 1144 4155 μέρη
1187 4081 1354 4137 αὑτοῦ
1400 4082 1649 4136 καλεῖται
1697 4080 1776 4152 τῷ

202 4179 291 4234 τοῦ
316 4181 434 4234 ὅλου
463 4180 692 4251 ὀνόματι
727 4179 867 4248 μετὰ.
902 4177 1220 4250 προσθήκης
1247 4175 1391 4240 τινὸς
1417 4175 1510 4228 τοῦ
1537 4174 1646 4228 ἔσω
1680 4175 1777 4228 καὶ

205 4273 321 4339 ἔξω,
364 4273 392 4343 ἢ
425 4273 528 4326 οὑκ
575 4271 706 4327 ἄνευ
745 4271 1062 4344 προσθήκης
1104 4270 1320 4324 τοιᾶσδε
1343 4285 1357 4300 °
1389 4269 1439 4323 εί
1477 4269 1534 4322 δὲ
1580 4268 1676 4322 καὶ
1714 4269 1778 4321 τὺ

206 4363 318 4418 ὅλον
359 4364 469 4418 άπὸ
523 4363 721 4434 μέρους
761 4362 894 4416 ποτέ
933 4360 1285 4434 σημαίνεται,
1319 4360 1434 4414 ἀλλ’
1458 4355 1551 4414 οῦν
1592 4377 1657 4428 γε
1704 4360 1778 4414 τὰ

214 4454 344 4525 μέρη
371 4451 480 4506 τῶν
502 4452 706 4522 ἐτέρων
734 4469 798 4522 με
810 4450 918 4522 ρῶν
946 4451 1049 4504 οὑκ
1064 4449 1294 4521 ἠξίωται
1321 4449 1432 4502 τῶν
1465 4447 1770 4520 ὀνομάτωνο

2507 3469 2658 3526 CAP.
2694 3467 2832 3523 vm.
2917 3437 2920 3440 ’

1942 3608 2116 3663 Omne
2137 3605 2510 3677 quodcunque
2533 3604 2750 3660 unitum
2775 3601 2935 3660 alteri
2953 3601 3184 3656 alterius
3200 3598 3461 3654 substan-

1874 3704 1962 3759 tim
1993 3703 2050 3757 in
2073 3717 2241 3757 unam
2262 3707 2477 3755 natura:
2502 3697 2591 3752 vel
2627 3693 2938 3767 hypostasis
2971 3688 3460 3752 constitutionem,

1874 3793 2133 3866 perfectae
2154 3808 2222 3848 ex
2244 3791 2380 3862 ipsis
2402 3796 2618 3844 natura:
2639 3802 2769 3857 pars
2788 3785 3030 3839 videtur.
3053 3779 3248 3837 Omnis
3274 3786 3469 3834 autem.

1874 3901 2002 3957 pars
2048 3883 2281 3940 alterius
2320 3879 2648 3938 substantia:
2683 3886 2893 3932 natura:
2933 3873 3100 3929 unius
3139 3872 3228 3928 vel
3257 3878 3315 3935 et
3363 3870 3465 3942 hy-

1874 3976 2135 4050 postasis,
2182 3991 2293 4030 non
2331 3973 2557 4028 nomine
2613 3977 2848 4024 vocatur
2910 3966 3061 4021 illius
3108 3964 3198 4019 cui
3241 3963 3462 4028 unitur;

1867 4072 2056 4143 deque
2094 4069 2244 4125 enim
2300 4065 2546 4130 homine,
2613 4062 2717 4118 etsi
2761 4069 2950 4132 partes
3002 4058 3153 4113 illius
3194 4062 3466 4112 vocentur

1877 4165 2101 4220 nomine
2137 4163 2310 4218 totius
2348 4169 2474 4233 post
2503 4160 2941 4216 additamentum
2979 4154 3256 4226 quoddam
3292 4153 3466 4207 inter-

1867 4273 2009 4330 pum
2052 4266 2217 4327 atque
2247 4264 2565 4319 externum,
2595 4251 2683 4308 vel
2711 4251 2830 4306 sine
2865 4249 2982 4304 ullo
3015 4244 3332 4318 huiusmodi
3369 4242 3469 4297 ad—

1878 4352 2207 4414 ditamento,
2264 4347 2370 4403 etsi
2422 4361 2557 4416 vero
2608 4352 2786 4399 totum
2839 4358 2908 4398 ex
2949 4347 3110 4411 parte
3169 4333 3467 4406 aliquando

1878 4444 2244 4516 signiﬁcetur,
2290 4442 2387 4498 sed
2439 4440 2687 4512 profecto
2722 4448 2909 4509 partes
2940 4435 3182 4506 partium
3232 4431 3467 4484 aliarum

209 4523 461 4615 οὔτεγὰρ
491 4543 638 4614 ψυχὴ
669 4542 809 4613 σάρξ
836 4541 1106 4609 καλεῖται,
1138 4540 1261 4594 οὑτε
1293 4540 1432 4612 σὰρξ
1458 4540 1625 4612 ψυχή.
1659 4541 1765 4594 Πᾶν

1880 4553 1993 4592 non
2028 4535 2350 4590 nominibus
2375 4533 2555 4603 dignae
2581 4531 2936 4603 judicantur;
2964 4542 3076 4583 non
3106 4525 3253 4580 enim
3282 4523 3466 4577 anima

212 4639 308 4710 ἄρα
335 4603 718 4706 συντιθέμενον
839 4652 915 4704 ρῳ
940 4603 1268 4704 ἐτερσουσίῳ
1294 4603 1379 4696 είς
1407 4603 1765 4702 μιάςηιρύσεως

1884 4643 2015 4684 caro
2055 4634 2287 4681 vocatur
2342 4639 2448 4679 nec
2494 4637 2621 4678 caro
2661 4621 2865 4675 anima.
2914 4617 3088 4672 Omne
3139 4628 3269 4684 ergo
3304 4611 3469 4667 alteri

213 4732 243 4802 ἢ
275 4729 362 4784 καὶ
393 4727 745 4787 ὑποστάσεως
774 4724 1062 4790 σύστασιν,
1093 4724 1194 4778 οὑκ
1216 4722 1446 4793 ἠξίωται
1471 4722 1564 4775 τοῦ
1589 4723 1779 4792 ἐτέρου

220 4824 402 4896 μέρους
439 4821 535 4875 τοῦ
568 4820 854 4903 ονοματος.
889 4817 952 4869 Εἰ
985 4817 1041 4869 δὲ
1080 4815 1238 4869 τοῦτο
1259 4857 1273 4882 ,
1301 4815 1334 4885 ἢ
1367 4815 1427 4869 οὑ
1465 4813 1721 4902 συνετέθη
1753 4814 1781 4866 ὁ

217 4916 534 4985 ΘεὺςΛόγος
583 4912 662 4984 τῷ
711 4909 771 4975 ἐξ
818 4910 976 4981 ήμῶν
1003 4905 1300 4979 ἀνθρώπῳ,
1327 4906 1457 4968 Υἱὸς
1487 4904 1779 4974 ἀνθρώπου

217 5007 588 5081 λεγόμενο;,ἢ
649 5002 948 5072 συντεθεὶς,
979 5001 1105 5055 οὑτε
1147 4999 1325 5063 ,αὑτὸς
1379 4997 1594 5067 λέγεται
1653 4997 1783 5061 Υἱὸς
1819 5039 1822 5043 .

221 5100 528 5171 ἀνθρώπου,
581 5097 703 5152 οὑδὲ
758 5095 822 5149 τὸ
878 5095 938 5160 ἐξ
998 5093 1189 5165 ήμῶν,
1246 5091 1373 5154 Υἱὸς
1425 5089 1586 5159 θεοῦ,
1645 5090 1782 5161 ὅπερ

223 5192 418 5256 ἀσεϐές.

285 5374 390 5428 Νῦν
449 5375 637 5444 ὥσπερ
679 5375 1057 5447 ἀμελήσαντες
1119 5371 1252 5442 περὶ
1288 5370 1398 5424 τῶν
1433 5371 1778 5441 πραγμάτων

229 5466 412 5536 ζητεῖν,
443 5467 521 5528 είς
550 5466 650 5534 τὴν
689 5465 951 5536 περὶτῶν
982 5463 1232 5534 κλήσεων
1276 5460 1502 5531 ἔρευναν
1539 5476 1781 5530 μετεχω-

231 5556 436 5630 ρήσατε,
467 5559 560 5611 καὶ
584 5558 896 5627 θαυμαστόν
935 5575 985 5611 τι
1013 5556 1160 5627 ἡμᾶς
1201 5552 1482 5634 ἐᾷιδάξατε
1529 5552 1618 5606 διὰ
1648 5569 1784 5606 παν-

228 5652 304 5715 τὸς
348 5651 501 5704 τοῦδε
542 5651 636 5704 τοῦ
686 5652 1117 5723 ἐπιχειρήματος
1147 5647 1325 5719 ὑμῶν,
1356 5646 1432 5710 ὡς
1484 5645 1686 5715 μᾶλλον
1719 5645 1786 5698 ἂν

229 5746 422 5813 λέγοιτο
458 5742 538 5814 τῷ
583 5743 678 5796 τοῦ
715 5745 902 5814 ἐτέρου
933 5744 1159 5814 ὀνόματι
1191 5740 1251 5795 τὸ
1282 5737 1458 5809 πάντη
1500 5737 1664 5793 αὑτοῦ
1695 5755 1780 5792 κε-

293 5929 310 5958 ⁸
342 5928 495 5982 Rom.
533 5942 623 5990 vn,
659 5926 748 5978 "li.

1883 4720 2114 4775 alterius
2172 4717 2498 4773 substanti:e
2543 4713 2762 4769 unitum
2806 4712 2861 4767 in
2923 4709 3090 4764 unius
3124 4714 3334 4762 natum
3372 4704 3469 4758 .vel

1885 4823 1941 4868 et
1992 4808 2303 4882 hypostasis
2342 4805 2822 4868 constitutionem,
2854 4816 2963 4856 non
2989 4800 3213 4869 dignum
3242 4794 3474 4850 alterius

1885 4903 2062 4975 partis
2117 4901 2341 4956 nomine
2367 4897 2672 4969 iudicatur.
2706 4893 2764 4949 Si
2795 4899 2978 4947 autem
3020 4890 3094 4943 ita
3123 4888 3216 4950 sit,
3241 4886 3327 4940 vel
3357 4900 3468 4938 non

1889 4999 2078 5052 unitus
2113 5003 2198 5050 est
2242 4991 2409 5048 alicui
2443 5007 2513 5046 ex
2559 4987 2720 5043 nobis
2760 4987 2908 5039 Deus
2939 4981 3205 5044 Verbum,
3247 4977 3342 5048 qui
3380 4977 3470 5031 Fi-

1884 5090 1995 5146 lius
2034 5086 2276 5141 hominis
2309 5083 2536 5147 dicitur,
2577 5079 2667 5134 vel
2713 5076 2904 5132 unitus
2949 5081 3055 5137 est,
3090 5087 3192 5127 nec
3235 5071 3348 5140 ipse
3380 5069 3468 5124 di-

1887 5181 2032 5236 citur
2061 5176 2238 5232 Filius
2260 5172 2524 5238 hominis,
2550 5185 2656 5226 nec
2673 5167 2830 5240 quod.
2866 5181 2934 5222 ex
2969 5161 3131 5219 nobis
3159 5168 3264 5226 est,
3299 5159 3470 5214 Filius

1885 5273 2004 5336 Dei,
2036 5268 2185 5342 quod
2213 5277 2301 5324 est
2339 5266 2571 5337 impium
2604 5281 2618 5319 :

1955 5365 2115 5420 Nune
2139 5360 2296 5432 quasi
2319 5361 2386 5415 de
2411 5358 2581 5414 rebus
2601 5352 2948 5425 inquirendis
2969 5364 3164 5422 parum
3191 5353 3469 5410 curantes,

1892 5458 1948 5512 in
1976 5454 2408 5528 appellationum
2454 5449 2873 5520 inquisitionem
2913 5440 3210 5504 transistis,
3257 5439 3474 5508 hocque

1893 5549 2042 5606 omni
2074 5557 2259 5603 vestro
2298 5553 2623 5616 argumento
2653 5540 2929 5613 quoddam
2962 5535 3213 5592 mirabile
3236 5547 3340 5588 nos
3372 5529 3474 5585 do-

1893 5641 2111 5709 euistis,
2140 5640 2299 5712 quasi
2345 5637 2554 5708 aliquid
2596 5635 2770 5707 magis
2814 5633 3095 5688 diceretur
3135 5627 3358 5683 nomine
3392 5623 3474 5678 al-

1894 5734 2068 5793 terius
2099 5750 2129 5790 a
2154 5750 2264 5792 auo
2296 5732 2522 5791 omnino
2553 5729 2794 5786 alienum
2821 5735 2925 5796 est,
2951 5738 3116 5797 quam
3145 5720 3290 5793 quod
3317 5719 3473 5789 inata
