4032 6532
518 415 648 482 M31
1758 418 2070 482 LEONTII
2104 419 2110 479 ζ

2185 418 2506 480 ΓΖΑΝΤΙΝΙ
2639 482 2648 492 ,
3631 416 3777 482 1432

514 527 818 598 quidquam
867 524 1030 581 alteri
1079 524 1297 581 unitum
1339 534 1444 581 est.
1489 525 1751 593 Quamvis
1799 542 1900 582 nos
1947 527 2093 582 haud

2197 527 2560 606 χωρισμένον,
2584 526 2617 597 ἢ
2646 524 2705 578 τὸ
2737 524 2879 578 κατά
2903 543 2954 578 τι
2985 523 3137 597 αὑτῷ
3168 543 3548 598 συγκειμενον.
3577 528 3773 585 Καίτοι

515 620 763 674 dicamus
786 617 979 673 eodem
1021 617 1184 672 modo
1219 617 1424 683 vocari,
1473 618 1713 688 licetque
1758 619 1972 674 dicatur
2013 619 2093 673 al-

2196 617 2356 688 ἡμῶν
2410 617 2546 690 μηδὲ
2598 615 2760 671 τοῦτο
2811 617 3099 685 λεγόντων,
3165 618 3241 682 ὡς
3284 618 3488 689 ὁμοίως
3527 619 3773 690 λέγεται,

517 725 728 770 terutra
760 731 886 784 pars
923 715 1213 784 compositi
1248 715 1480 769 alterius
1521 715 1770 784 nomine,
1804 731 2096 786 argumen-

2197 711 2247 764 si
2304 710 2397 764 καὶ
2440 709 2650 780 λέγοιτο
2680 709 2908 782 θάτερον
2949 710 3117 782 μέρος
3145 709 3239 763 τοῦ
3274 711 3532 765 συνθέτου
3562 712 3640 783 τῷ
3672 712 3775 766 τοῦ

519 809 781 862 tationem
798 793 1036 861 vestram
1073 805 1368 862 ordinatim
1388 807 1690 862 videamus.
1710 807 1901 862 Dicitis
1916 806 2090 862 enim:

2197 803 2386 876 ἐτέρου
2432 804 2656 874 ὀνόματι
2682 820 2698 835 ο
2732 803 2932 873 ἴδωμεν
2967 801 3027 856 δὲ
3078 801 3313 873 καθεξῆς
3357 801 3456 873 τὴν
3498 802 3775 875 ὑμετέραν

516 898 682 954 Omne
719 899 1066 970 quodcunque
1106 901 1316 953 unitum
1341 899 1500 953 alteri
1533 899 1754 954 alterius
1785 900 2094 954 substantia:

2196 895 2571 966 κατασκευήν.
2603 894 2809 964 Λέγετε
2840 893 2950 965 γάρ
2969 910 2983 924 ο
3015 891 3148 950 Πᾶν
3174 893 3384 948 ὁτιοῦν
3413 895 3742 963 in:me
3761 928 3773 936 -

515 991 571 1044 in
612 1008 776 1044 unam
827 1000 1036 1046 natura
1089 990 1172 1046 vel
1213 1000 1261 1045 et
1314 992 1608 1063 hypostasis
1645 993 2092 1056 constitutionem,

2193 1004 2306 1042 νον
2367 987 2550 1056 ἑτέρῳ
2598 987 2957 1062 ἐτεροουσζῳ
3009 987 3098 1052 εις
3135 987 3286 1056 μίαν
3330 986 3574 1055 φύσεως
3599 986 3637 1053 ἦ
3668 989 3770 1040 καὶ

517 1082 745 1152 perfecto
769 1097 833 1134 ea:
861 1083 988 1152 ipsis
1009 1090 1219 1136 natura:
1245 1099 1371 1150 pars
1395 1082 1620 1136 videtur.
1652 1079 1700 1136 A
1727 1081 1886 1136 nobis
1909 1089 2092 1136 autem

2193 1078 2590 1144 ὑποστάσεως
2615 1079 2945 1141 σύστασιν,
2971 1075 3154 1144 μέρος
3197 1073 3309 1144 τῆς
3340 1076 3775 1130 ἀποτελεσθεί-

512 1174 625 1244 jam
669 1172 878 1228 dictum
911 1183 996 1230 est
1033 1174 1088 1229 in
1133 1156 1534 1245 superioribus,
1582 1188 1745 1244 quam
1780 1181 1929 1228 recte
1971 1188 2093 1242 qua:

2194 1180 2312 1234 σης
2340 1167 2412 1230 ἐξ
2443 1167 2644 1222 αὐτῶν
2667 1167 2910 1236 φύσεως
2934 1165 3257 1220 δείκνυται.
3285 1164 3513 1236 Εἴρηται
3545 1167 3647 1236 μὲν
3675 1166 3775 1220 οὖν

517 1282 586 1321 ex
615 1267 818 1321 unione
865 1283 1027 1322 unam
1068 1277 1324 1322 naturam
1367 1266 1598 1332 faciunt,
1642 1281 1752 1320 non
1784 1264 1966 1326 nobis.
1997 1264 2093 1320 sed

2193 1259 2325 1326 ἡμῖν
2380 1257 2481 1330 ἤδη
2530 1260 2587 1314 ἐν
2644 1260 2758 1322 τοῖς
2802 1256 3112 1328 ἔμπροσθεν
3141 1256 3216 1320 ὠς
3247 1255 3316 1310 τὰ
3359 1257 3425 1333 ἐκ
3467 1257 3775 1320 συνθέσεως

519 1356 608 1411 bis
630 1356 724 1426 qui
755 1365 1008 1411 naturam
1029 1356 1243 1411 Domini
1270 1371 1436 1411 unam
1462 1370 1583 1410 esse
1622 1355 1836 1419 dicunt,
1862 1354 2088 1410 aﬂ‘ertis.

2197 1349 2326 1420 μίαν
2354 1350 2515 1419 φύσιν
2547 1349 2825 1414 ποιοῦντα,
2855 1347 2953 1420 οὐχ
2997 1349 3150 1419 ἡμῖν,
3180 1350 3293 1412 τοῖς
3333 1346 3391 1400 δὲ
3444 1347 3574 1418 μίαν
3607 1347 3773 1417 φύσιν

517 1446 650 1514 Quae
675 1456 860 1503 autem
881 1464 945 1504 ex
981 1448 1206 1511 unione,
1233 1463 1396 1502 unam
1424 1463 1545 1503 esse
1569 1447 1903 1520 hypostasim
1932 1447 2092 1502 unice

2193 1443 2288 1498 τοῦ
2333 1445 2542 1514 Κυρίου
2580 1442 2825 1512 λέγουσι,
2857 1439 3267 1512 προσαγάγοιτε
3296 1439 3363 1494 ἂν
3406 1439 3653 1503 εἰκότως.
3687 1442 3774 1495 Τὰ

517 1539 906 1594 subsistentem
938 1538 1316 1594 demonstrata
1350 1546 1501 1604 sunt,
1529 1539 1684 1609 quasi
1723 1554 1835 1593 non
1869 1536 2092 1609 proprie

2192 1536 2248 1590 δὲ
2279 1536 2346 1589 ὲκ
2402 1535 2726 1598 συνθέσεως,
2765 1534 2894 1605 μίαν
2931 1527 3072 1588 εἶναι
3115 1534 3215 1602 τὴν
3268 1533 3571 1588 ὑπόστασιν
3607 1533 3772 1604 μόνον

515 1630 718 1700 aliquis
763 1630 974 1684 diceret
996 1639 1180 1699 partes
1206 1630 1516 1701 hypostasis
1543 1630 1805 1700 quasdam
1837 1627 2090 1698 proprie-

2193 1626 2597 1697 παριστάνοντα
2634 1625 2924 1688 δέδεικται,
2949 1623 3023 1688 ὡς
3055 1624 3117 1678 οὑ
3146 1624 3352 1694 κυρίως
3399 1623 3463 1678 ἄν
3497 1641 3582 1687 τις
3621 1623 3768 1677 εἴποι

516 1727 658 1775 tates
685 1721 1139 1784 substantiarum,
1161 1719 1266 1774 etsi
1299 1735 1407 1773 non
1430 1719 1546 1774 sine
1573 1718 1808 1788 propriis
1833 1717 2091 1772 substan-

2194 1717 2338 1788 μέρη
2363 1715 2714 1781 ὑποστάσεως
2747 1717 3016 1785 ἰδιώματά
3049 1733 3172 1770 τινα
3199 1715 3397 1770 οὐσιῶν
3418 1759 3432 1781 ,
3472 1716 3522 1769 ei
3555 1715 3652 1769 καὶ
3690 1715 3769 1788 μὴ

515 1812 608 1867 tiis
626 1812 742 1867 hac
754 1812 1212 1878 considerentur;
1232 1812 1450 1867 illarum
1474 1811 1621 1865 enim
1649 1808 1900 1865 collectio
1927 1823 2088 1862 unam

2192 1809 2321 1864 ἄνευ
2367 1808 2475 1863 τῶν
2533 1809 2676 1862 ἰδίων
2723 1807 2921 1862 οὐσιῶν
2970 1805 3144 1861 ταὺτα
3185 1807 3520 1878 θεωρεῖται·
3557 1805 3768 1861 τούτων

512 1901 854 1972 bypostasim
885 1872 1209 1962 constituit,
1228 1917 1350 1970 quae
1375 1916 1472 1970 per
1514 1901 1662 1970 ipsas
1690 1901 1898 1971 absque
1928 1907 2088 1953 natu-

2191 1901 2299 1973 γὰρ
2347 1903 2382 1972 ή
2437 1899 2703 1972 ἇθροισις,
2738 1899 2866 1970 μίαν
2913 1897 3230 1969 παρέστησε
3440 1897 3763 1958 ὑπόστασιν,

511 1990 613 2056 ris,
663 2005 768 2046 nec
811 2006 935 2046 esse
973 2007 1076 2046 nec
1121 1991 1227 2046 sibi
1271 1991 1508 2045 invicem
1551 1991 1806 2061 conjungi
1855 1999 2086 2060 queunt.

2191 1991 2314 2047 καθ’
2343 1992 2486 2046 αὐτὰ
2544 1990 2714 2062 χωρὶς
2761 1991 2871 2043 τῶν
2926 1989 3163 2058 φύσεων,
3233 1987 3359 2040 οὔτε
3412 1983 3576 2054 εἶναι,
3637 1986 3765 2040 οὔτε

508 2078 753 2148 Quarum
773 2088 956 2136 autem
985 2081 1225 2136 essentia
1250 2081 1335 2135 vel
1359 2082 1671 2152 eonjunctio
1697 2080 1950 2151 specialis
1976 2095 2086 2134 non

2188 2081 2442 2152 ἀλλήλοις
2499 2080 2771 2134 συνελθεῖν
2830 2079 3164 2150 δυναμένων.
3192 2071 3295 2132 Ὧν
3349 2078 3406 2132 δὲ
3449 2077 3701 2149 --ὑπαρξις
3727 2077 3762 2147 ἢ

506 2179 613 2233 est,
652 2179 712 2224 ut
758 2185 817 2225 se
848 2170 1080 2226 invicem
1114 2171 1518 2234 comitantium,
1562 2171 1836 2240 quomodo
1867 2170 2086 2224 illarum

2189 2173 2504 2236 συνέλευσις
2539 2171 2680 2244 ξδικὴ
2705 2171 2805 2225 οὐκ
2842 2170 2988 2224 ἔστιν
3007 2210 3022 2234 ,
3052 2170 3148 2224 ἆτε
3177 2169 3357 2232 ἄλλοις
3385 2186 3765 2238 παραπεμπο-

508 2262 736 2332 propria
781 2261 1021 2316 totalitas
1060 2261 1444 2333 intelligetur?
1482 2261 1804 2331 Quibusque
1837 2261 2082 2320 mntatis.

2189 2265 2387 2336 μένων,
2417 2261 2535 2328 πῶς
2584 2263 2650 2317 ἂν
2701 2262 2909 2316 τούτων
2951 2262 3056 2316 ἰδία
3103 2261 3291 2333 ὁλότης
3328 2264 3622 2330 ὲπινοοῖτο;
3659 2255 3765 2313 Ὧν

411 2403 414 2406 .
507 2368 618 2407 non
671 2361 856 2406 autem
911 2352 1170 2408 omnibus
1221 2353 1384 2408 simul
1441 2353 1495 2406 in
1572 2353 1812 2418 atomis,
1889 2353 2003 2407 eadt

2186 2357 2278 2409 καὶ
2323 2353 2723 2424 ἀμειϐομένων,
2755 2355 2852 2425 οὐχ
2889 2353 3006 2424 ἅμα
3048 2351 3107 2406 δὲ
3156 2353 3374 2407 πάντων
3407 2354 3465 2406 ἐν
3493 2355 3605 2412 τοῖς
3630 2353 3763 2406 ἀτόο

504 2442 664 2513 juxta
697 2459 992 2498 numerum
1018 2444 1230 2498 dicetur
1281 2459 1401 2500 esse
1425 2444 1761 2516 bypostasis;
1800 2460 2081 2513 nunquam

2188 2463 2329 2518 μοις,
2361 2447 2395 2517 ἡ
2423 2446 2561 2516 αὐτὴ
2585 2447 2706 2499 κατ’
2734 2444 2968 2516 ἀριθμὸν
2989 2443 3210 2513 λέγεται
3245 2439 3386 2498 εἶναι
3418 2444 3721 2508 ὑπόστασις
3745 2461 3762 2478 ο

505 2550 638 2590 vero
669 2535 814 2589 idem
833 2536 986 2606 juxta
1020 2552 1332 2602 numerum,
1367 2545 1577 2592 mutato
1593 2537 1775 2607 aliquo
1801 2537 1885 2592 sui
1911 2536 2082 2607 ipsius

2182 2538 2438 2592 οὐδέποτε
2469 2537 2525 2590 δὲ
2566 2537 2629 2591 τὸ
2663 2537 2795 2590 αὐτὸ
2825 2537 2946 2590 κατ’
2975 2534 3212 2606 ἀριθμὸν
3244 2536 3366 2589 ὅλον
3392 2535 3764 2607 ἀμειφθέντος

504 2626 592 2681 vel
644 2627 857 2695 aliquot
902 2626 1173 2696 partibus,
1210 2637 1386 2682 totum
1429 2628 1795 2697 reputabitur.

2183 2629 2327 2693 τινὸς
2357 2628 2523 2682 αὑτοῦ
2560 2629 2593 2699 ἦ
2624 2647 2787 2682 τινων
2825 2629 3006 2699 μερῶν
3041 2627 3398 2702 ὑποληπτέον,

575 2716 630 2772 Si
665 2725 846 2772 autem
882 2727 1068 2786 partes
1096 2718 1404 2789 hypostasis
1424 2729 1651 2775 naturas
1681 2719 2077 2790 proprietatum

2252 2721 2314 2774 Ei
2344 2721 2401 2774 δὲ
2451 2719 2592 2792 μέρη
2642 2721 2743 2790 τῆς
2777 2720 3128 2782 ὑποστάσεως
3151 2720 3251 2783 τὰς
3287 2718 3394 2771 τῶν
3431 2717 3554 2772 κατ’
3581 2717 3759 2786 αὐτὴν

503 2806 680 2878 ipsius
725 2807 929 2872 dicitis,
981 2807 1065 2862 vel
1097 2818 1154 2863 et
1189 2818 1442 2864 naturam
1473 2825 1594 2880 quae
1629 2811 1700 2864 sit
1753 2801 1925 2865 totum
1964 2825 2080 2863 om-

2183 2813 2488 2883 ῑδιωμάτων
2519 2812 2714 2882 φὺσεις
2753 2811 2966 2880 λέγετε,
2995 2812 3026 2882 ἢ
3061 2812 3240 2865 καὶτὸ
3265 2812 3387 2864 ὅλον
3407 2811 3608 2882 ὁμοίως
3642 2811 3758 2873 τοῖς

502 2898 670 2954 uibus
703 2899 954 2968 partibus
983 2907 1244 2954 constans
1287 2901 1530 2956 scientes
1559 2916 1681 2956 esse
1713 2915 1934 2956 omnem
1973 2899 2074 2971 by-

2182 2904 2375 2976 μέρεσι
2423 2903 2583 2973 φύσιν
2625 2904 2826 2968 εἰδότες
2852 2905 3033 2957 πᾶσαν
3077 2903 3399 2966 ὑπόστασιν,
3425 2901 3588 2970 φύσιν
3633 2901 3761 2954 τινὰ

503 2990 792 3060 postasim,
845 2998 1098 3046 naturam
1133 2991 1430 3062 quamdam
1480 2990 1690 3064 (dicite)
1725 2993 1882 3064 juxta
1930 3007 2078 3046 com-

2179 2995 2321 3050 κατὰ
2356 2995 2620 3066 σύγχυσιν
2649 2995 2757 3049 τῶν
2791 2993 3208 3066 συν[τε]θεισῶν
3233 2994 3348 3047 ῐστε
3380 2993 3617 3060 φύσεων,
3662 2993 3760 3046 καὶ

502 3082 819 3138 mistioncm
862 3084 1146 3138 unitorum
1187 3084 1404 3140 scilicet
1462 3093 1811 3149 naturarum,
1857 3085 2077 3154 imoque

2179 3087 2302 3140 ἐπεὶ
2351 3088 2607 3157 γέννησιν
2649 3085 2841 3154 ἐτέρας
2892 3086 3042 3157 παρὰ
3094 3086 3192 3149 τὰς
3238 3087 3296 3138 ὲν
3343 3087 3408 3155 τῇ
3455 3084 3758 3137 ὑποστάσει

493 3175 869 3232 accessionem
892 3175 1122 3231 alterius
1149 3192 1271 3230 eum
1322 3175 1408 3231 his
1429 3192 1550 3246 qua:
1573 3175 1905 3246 hypostasim
1930 3191 2080 3230 com-

2183 3175 2578 3239 συνελθοὺσαςο
2615 3175 2647 3247 ἢ
2678 3175 2777 3228 οὐκ
2811 3176 3013 3245 ὁμοίως
3039 3176 3154 3236 τοῖς
3191 3173 3416 3243 μέρεσιν
3438 3169 3659 3233 ἑαυτοῦ,
3695 3171 3763 3223 τὸ

499 3273 749 3338 ponunt;
796 3267 883 3321 vel
927 3267 1237 3338 bypostasis
1273 3276 1447 3322 totum
1488 3283 1596 3321 non
1631 3283 1752 3322 esse
1805 3283 1929 3322 cum
1962 3268 2076 3322 suis

2179 3268 2297 3322 ὅλον
2327 3268 2427 3338 τῆς
2458 3268 2812 3331 ὑποστάσεως
2841 3262 2981 3320 εἷναι
3019 3265 3229 3334 λέγετε,
3257 3266 3418 3336 εἴπερ
3449 3264 3641 3327 οὐσίας
3685 3264 3760 3317 τὰ

499 3357 756 3428 partibus
782 3357 970 3424 dicite,
1007 3359 1277 3430 siquidem
1321 3359 1641 3414 substantia:
1677 3369 1880 3430 partes,
1912 3361 2074 3430 quid-

2181 3361 2348 3430 μέρη,
2386 3359 2634 3413 ἀνοὺσιον
2663 3360 2780 3412 τόδε
2822 3376 2875 3412 τι
2902 3354 3040 3412 εἶναι
3075 3358 3347 3429 νομίζετε,
3385 3357 3481 3412 καὶ
3533 3358 3596 3410 ἐκ
3627 3373 3758 3409 συν-

501 3448 626 3503 dam
657 3465 776 3504 esse
805 3450 1128 3505 substantim
1153 3466 1350 3520 expers
1384 3451 1630 3516 creditis,
1671 3467 1847 3521 exque
1872 3452 2075 3506 unione

2177 3450 2380 3514 θέσεως
2400 3449 2512 3504 τῶν
2553 3450 2916 3521 ὲνυπάρκτων
2965 3451 3228 3520 συνάγετέ
3271 3468 3324 3502 τι
3355 3449 3711 3520 ἀνύπαρκτον
3739 3465 3755 3480 ο

499 3541 917 3596 subsistentium
942 3542 1203 3612 quiddam
1234 3559 1343 3597 non
1373 3543 1683 3598 subsistens
1707 3542 2074 3610 concluditis;

2179 3542 2344 3614 μέσον
2379 3543 2488 3614 γάρ
2523 3561 2574 3597 τι
2603 3543 2803 3597 οὐσιῶν
2832 3545 2928 3597 καὶ
2961 3543 3230 3596 ἀνουσίων
3285 3543 3385 3595 οὐκ
3423 3541 3564 3595 ἔστι.
3602 3539 3667 3593 Ei
3696 3540 3754 3593 δὲ

497 3632 646 3688 inter
677 3632 1012 3688 substantias
1047 3633 1192 3688 enim
1231 3641 1289 3689 et
1321 3633 1800 3690 non-substantias
1833 3635 2073 3690 medium

2179 3635 2318 3706 μέρη
2353 3634 2457 3704 τῆς
2481 3635 2850 3700 ὑποστάσεως,
2882 3633 2982 3698 τάς
3019 3652 3077 3688 τε
3113 3634 3301 3698 οὐσίας
3323 3635 3419 3687 καὶ
3447 3633 3516 3686 τὰ
3532 3632 3755 3686 ὲνούσια

497 3739 610 3778 non
649 3730 752 3779 est.
776 3723 832 3780 Si
870 3740 1004 3779 vero
1053 3724 1236 3778 dicitis
1271 3733 1452 3795 partes
1484 3725 1792 3795 hypostasis
1820 3725 2073 3780 substan-

2177 3725 2446 3796 ἰδιώματα
2475 3726 2646 3796 αὐτῆς
2676 3725 2890 3795 λέγετε,
2937 3725 3030 3780 καὶ
3076 3724 3220 3779 οὑτω
3254 3725 3415 3780 πάλιν
3457 3724 3582 3778 ἐπεὶ
3632 3723 3754 3791 ἃμα

499 3815 606 3870 tias
633 3815 1108 3885 preprietatesque
1133 3816 1253 3886 ejus
1280 3831 1400 3871 esse
1436 3816 1845 3882 substantiales,
1884 3817 2072 3888 sicque

2172 3818 2265 3870 καὶ
2295 3819 2352 3870 ὲν
2385 3817 2569 3889 ταυτῷ
2599 3818 2832 3888 οὐσιώδη
2870 3835 2929 3872 τε
2977 3813 3114 3871 εἶναι
3165 3816 3336 3889 αὐτὴν
3365 3816 3461 3871 καὶ
3491 3814 3757 3870 -ἁνοὺσιον

499 3922 695 3962 rursus
725 3907 836 3962 imo
868 3907 1031 3961 simul
1059 3919 1114 3962 et
1145 3908 1199 3962 in
1229 3907 1424 3963 eodem
1455 3907 1627 3979 ipsam
1664 3923 1785 3963 esse
1815 3909 2071 3964 substan-

2170 3909 2268 3962 οὐκ
2314 3909 2449 3976 ἐστι,
2484 3909 2701 3982 θατέρῳ
2731 3909 2842 3963 τῶν
2873 3909 3058 3983 μερῶν
3097 3910 3292 3964 ἑαυτοῦ
3325 3909 3486 3979 μόνον
3516 3908 3578 3961 τὸ
3625 3908 3757 3961 ὅλον

502 3995 706 4060 tialem,
750 4012 859 4052 non
907 4006 993 4052 est
1041 4014 1171 4068 ergo
1216 3999 1450 4054 dicenda
1509 4015 1620 4055 non
1671 4000 2068 4066 substantialis,

2171 4001 2342 4072 αὐτῆς
2369 4001 2769 4073 ὁμοιωθήσεται
2819 4001 3068 4068 εἰκότως,
3099 4002 3192 4054 καὶ
3235 3999 3314 4070 τῷ
3363 3999 3539 4070 ἑτέρῳ
3574 3999 3753 4052 διενέ-

498 4086 750 4142 alterutri
793 4088 1030 4156 partium
1089 4087 1262 4158 ipsius
1310 4089 1656 4144 solummodo
1711 4099 1885 4144 totum
1951 4091 2071 4160 ejus

2169 4091 2343 4158 ξεται,
2374 4094 2468 4147 καὶ
2493 4093 2647 4147 ἔσται
2672 4091 2847 4157 οὑτως
2876 4093 3068 4164 πρῶτα
3098 4094 3199 4165 μὲν
3221 4093 3409 4164 ἕτερον
3442 4091 3751 4162 ἀριθμητὸν

497 4185 647 4230 recte
679 4177 1107 4250 comparabitur,
1137 4185 1302 4248 atque
1329 4169 1397 4234 ab
1423 4181 1596 4236 altera
1617 4179 1856 4244 differet,
1881 4182 2069 4251 sicque

2169 4185 2229 4250 ἐξ
2282 4187 2470 4250 οὐσίας
2513 4203 2572 4240 τε
2610 4187 2719 4240 ἀπὸ
2784 4187 2983 4256 μέρους
3036 4185 3116 4250 ὃν,
3155 4184 3275 4247 πῶς
3329 4183 3584 4238 ἀνοὺσιον
3632 4183 3750 4253 εἴη,

496 4265 734 4337 primum
772 4266 882 4322 erit
928 4268 1186 4338 equidem
1223 4270 1455 4324 alterum
1511 4271 1855 4327 numerabile
1902 4281 1957 4327 et
1998 4289 2067 4328 ex

2167 4279 2406 4348 ἄπορονο
2440 4277 2473 4348 ἢ
2514 4275 2576 4330 ὲκ
2628 4277 3039 4347 συμϐεϐηκότος
3090 4275 3200 4330 ἀπὸ
3251 4276 3451 4346 μέρους
3489 4273 3549 4328 δν
3577 4313 3593 4337 ,
3625 4273 3750 4339 πῶς

494 4355 801 4414 substantia
828 4359 1076 4428 partibus
1105 4370 1384 4425 constans,
1415 4362 1691 4430 quomodo
1720 4363 1927 4433 aliquid
1955 4380 2066 4420 non

2166 4367 2321 4421 οὐσία
2354 4385 2438 4432 τις
2469 4369 2576 4438 εἴη.
2611 4369 2826 4438 ἄδηλον.
2863 4369 3006 4439 Πρὸς
3039 4367 3119 4436 τῷ
3149 4367 3266 4430 καὶ,
3306 4368 3355 4419 ει
3401 4366 3468 4419 τὰ
3497 4367 3752 4429 ἐνούσια,

492 4448 856 4504 substantiale
903 4457 1072 4514 esset,
1118 4452 1490 4521 impossibile;
1539 4453 1623 4507 vel
1658 4469 1724 4508 ex
1781 4454 2064 4511 accidente

2167 4461 2356 4532 ὥσπερ
2385 4462 2480 4514 καὶ
2511 4462 2567 4514 αἱ
2589 4462 2788 4525 οὐσίαι,
2830 4461 2971 4532 μέρη
3007 4463 3101 4513 καὶ
3134 4460 3272 4514 αὐτὰ
3295 4459 3391 4513 τοὺ
3426 4459 3549 4513 ὅλου
3593 4461 3749 4514 ἐστὶν

491 4549 753 4597 constans
778 4541 1045 4612 partibus,
1071 4542 1346 4612 quomodo
1365 4545 1546 4614 aliqua
1570 4553 1716 4600 esset
1733 4546 2060 4614 substantia,

2169 4552 2230 4604 ἐν
2258 4554 2380 4616 ταῖς
2404 4552 2634 4616 οὐσίαις,
2663 4553 2732 4607 τὰ
2762 4553 2904 4623 μέρη
2935 4553 3028 4606 τοὺ
3053 4552 3175 4606 ὅλου
3203 4553 3262 4606 ὲν
3305 4554 3527 4625 μέρεσιν
3575 4551 3751 4607 αὐτοῦ

488 4645 600 4686 non
629 4640 796 4702 patet.
826 4632 1098 4687 Praeterea
1131 4632 1177 4687 si
1206 4648 1426 4703 quoque
1469 4635 1846 4690 subslantialia
1872 4653 2065 4708 quem-

2167 4643 2436 4715 ὑπάρχειν
2487 4645 2577 4698 ἐπ’
2601 4645 2852 4716 ἄπειρον,
2878 4645 2973 4698 καὶ
3021 4647 3120 4699 οὐκ
3174 4647 3234 4699 ὲν
3275 4645 3355 4718 τῷ
3399 4646 3507 4717 ὅλῳ
3553 4645 3747 4708 ἁπλῶς

487 4719 783 4778 admodum
804 4723 1124 4779 substantiae
1149 4732 1279 4779 Sunt
1305 4734 1360 4779 et
1382 4725 1497 4794 ipsa
1529 4727 1698 4781 totius
1731 4726 1784 4781 in
1814 4729 2065 4784 substan-

2168 4733 2644 4806 θεωρεῖσθαι·ἐτι
2705 4735 2813 4808 μὴν
2870 4735 2966 4789 καὶ
3025 4736 3260 4808 θατέρου
3316 4737 3539 4808 μέρους,
3572 4737 3745 4808 ἠγουν

490 4813 582 4868 tiis
613 4824 817 4885 partes,
859 4823 1043 4884 partes
1084 4815 1256 4869 totius
1289 4816 1344 4870 in
1372 4817 1621 4886 partibus
1649 4817 1822 4888 ipsius
1851 4820 1904 4875 in
1933 4820 2062 4876 inil-

2165 4824 2264 4894 τῆς
2317 4825 2508 4889 οὐσίας
2547 4826 2866 4898 φθαρέντος,
2913 4827 2973 4880 ὲν
3011 4827 3089 4898 τῷ
3138 4828 3245 4899 ὅλῳ
3302 4827 3745 4899 συμφθείρεσθαι

486 4907 690 4973 nitum,
715 4924 816 4963 nec
841 4907 893 4961 in
929 4917 1044 4963 toto
1061 4907 1386 4977 simpliciter
1406 4910 1672 4964 exsistere
1697 4911 2056 4980 videbuntur;

2164 4916 2347 4970 καὶτὰ
2367 4917 2529 4988 ἕτερα
2557 4920 2792 4987 ἀνάγκη,
2811 4920 2980 4989 ἧγουν
3001 4920 3070 4974 τὰ
3087 4920 3304 4974 ὲνούσια
3331 4921 3472 4990 μέρη
3503 4917 3569 4974 τὰ
3598 4937 3744 4988 συμ-

485 4999 754 5054 alterutra
802 4999 966 5052 etiam
994 5008 1169 5068 parte,
1197 5000 1314 5054 sive
1345 5001 1650 5056 substantia
1683 5015 1974 5073 pereunte,
2004 5006 2062 5061 in

2166 5007 2435 5080 ϐεϐηκότα
2474 5009 2671 5063 πάνταο
2691 5009 2884 5064 οὐκοῦν
2920 4999 3014 5065 καὶ
3056 5011 3116 5064 τὸ
3144 5011 3264 5065 ὅλον
3299 5013 3743 5084 συναναιρεῖσθαι

487 5097 605 5145 toto
635 5098 831 5144 caetera
870 5104 1089 5160 quoque
1112 5090 1292 5159 perire
1323 5107 1548 5148 necesse
1575 5093 1701 5158 erit,
1732 5097 1846 5150 sive
1878 5105 2063 5165 partes

2161 5099 2294 5170 τῷδε
2315 5099 2392 5170 τῷ
2414 5099 2494 5152 ἑνὶ
2515 5100 2624 5154 τῶν
2648 5103 2792 5155 ἰδίων
2818 5105 3020 5176 μερῶν.
3038 5105 3133 5169 Τίς
3164 5105 3230 5159 ἂν
3255 5106 3492 5174 εὐλόγως
3514 5110 3660 5161 εἴποι
3682 5108 3743 5160 τὸ

485 5180 810 5236 cssentialcs
846 5195 967 5248 qua:
1007 5179 1314 5236 accidentia
1352 5197 1542 5238 omnes
1563 5192 1758 5251 erunt;
1784 5185 1858 5240 ita
1882 5195 1942 5241 ut
1971 5195 2058 5242 to-

2163 5189 2380 5244 πάντων
2394 5191 2754 5263 ἁτοπότερον;
2784 5192 2954 5265 Εἴπερ
2973 5195 3080 5268 γὰρ
3104 5197 3138 5266 ἡ
3163 5196 3320 5250 οὐσία
3341 5197 3528 5268 μέρος,
3553 5198 3740 5251 καὶτὰ

486 5280 603 5327 tum
651 5288 867 5342 quoque
896 5272 1291 5342 disperiturum
1315 5283 1462 5329 esset
1491 5275 1653 5330 simul
1685 5291 1808 5332 cum
1842 5295 1950 5334 una
1990 5294 2059 5335 ex

2163 5279 2552 5351 συμϐεϐηκότα
2583 5282 2749 5352 μέρος
2769 5298 2789 5316 ι
2819 5283 3030 5338 τούτων
3057 5285 3115 5338 δὲ
3135 5286 3287 5341 οὐδὲν
3313 5287 3497 5341 πλεῖόν
3520 5288 3641 5343 ἐστι
3659 5288 3739 5360 τῷ

483 5363 738 5435 partibus
793 5364 928 5419 suis.
982 5364 1118 5432 Quis
1162 5366 1268 5421 hoc
1306 5367 1550 5421 omnium
1598 5369 2056 5426 absurdissimum

2157 5372 2284 5440 ὅλῳ,
2308 5371 2526 5426 ὲνοὺσια
2543 5373 2601 5426 δὲ
2635 5374 3023 5447 συμϐεϐηκότα
3047 5417 3062 5442 ,
3085 5379 3482 5450 ἀναιρουμένης
3517 5380 3626 5451 τῆς
3649 5383 3731 5436 οὑ-

482 5473 730 5513 asserere
753 5459 968 5527 posset?
991 5458 1274 5528 Siquidem
1301 5458 1447 5513 enim
1475 5460 1780 5516 substantia
1806 5477 1932 5531 pars
1949 5471 2052 5527 est,

2158 5461 2282 5524 σίας
2307 5502 2320 5525 ,
2343 5461 2511 5531 ἤγουν
2568 5461 2663 5515 τοῦ
2693 5463 2812 5526 ἑνὸς
2849 5465 3052 5536 μέρους
3108 5467 3204 5520 τοῦ
3226 5467 3368 5533 ὅλου,
3397 5467 3575 5522 πάντα
3602 5485 3735 5524 συν-

481 5546 897 5618 accidentiaque
929 5563 1074 5619 pars.
1111 5549 1257 5604 Nihil
1287 5559 1469 5605 autem
1515 5552 1621 5608 illis
1666 5555 1903 5624 amplius
1951 5556 2052 5611 toti

2157 5556 2464 5624 αναιρεῖται
2497 5554 2565 5609 τὰ
2601 5555 2736 5618 ἄλλα
2779 5561 2942 5630 μέρη,
2982 5561 3077 5614 καὶ
3123 5561 3185 5613 τὸ
3215 5561 3337 5616 ὅλον
3371 5562 3479 5634 ἄρα
3510 5561 3571 5627 ἐξ
3614 5564 3737 5628 ἑνὸς

481 5649 756 5709 superest,
782 5641 1276 5712 substantialiaquc
1318 5652 1447 5697 sunt
1467 5645 1803 5710 accidentia;
1835 5646 2049 5701 sublata

2157 5646 2354 5718 μέρους
2383 5647 2489 5700 τῶν
2519 5647 2712 5701 ἑαυτοῦ
2744 5650 3059 5706 ἀπόλλυται.
3096 5653 3232 5706 Ποῖα
3265 5649 3358 5707 οὑν
3382 5653 3553 5706 ταῦτα
3586 5657 3729 5727 μέρη

479 5729 648 5803 igitur
669 5730 997 5797 substantia,
1030 5733 1146 5787 sive
1170 5749 1275 5787 una
1308 5741 1462 5804 parte
1489 5735 1676 5798 totius,
1711 5751 1902 5790 omnes
1931 5737 2051 5790 aliae

2154 5737 2342 5790 καλεῖν
2376 5737 2643 5807 ἠξιώσατε
2670 5741 3024 5807 ὑποστάσεως
3054 5745 3190 5814 πρὸς
3223 5745 3392 5815 ἡμᾶς,
3419 5746 3580 5816 εῐττερ
3621 5765 3732 5818 μη-

479 5833 662 5893 partes
694 5822 1040 5888 auferuntur,
1091 5832 1376 5895 totumque
1405 5841 1535 5896 ergo
1574 5841 1639 5883 ex
1671 5844 1778 5883 una
1809 5829 2048 5898 partium

2154 5830 2208 5882 δὲ
2239 5830 2292 5883 αἱ
2323 5831 2522 5899 οὐσίαι,
2562 5833 2695 5904 μηδὲ
2729 5834 2797 5887 τὰ
2837 5837 3042 5904 φυσικὰ
3091 5836 3352 5908 ἰδιώματα
3380 5837 3412 5909 ἦ
3443 5839 3730 5912 συμϐεβη-
