3916 6562
74 462 263 530 1433

1116 468 1514 531 ADVERSUS
1553 468 2101 533 NESTORIANOS.
2124 497 2191 507 —
2220 474 2368 535 LIB.
2409 476 2460 538 Ι.

3277 476 3414 542 1131.

75 580 256 633 κάτα.
308 578 389 643 ὡς
422 577 566 650 μέρη
596 578 736 631 εἰσὶν
768 576 828 629 ὲν
870 580 935 650 τῇ
969 577 1271 632 ὑποστάσει
1297 597 1312 646 ;
1341 580 1401 633 οὑ
1436 577 1543 650 γὰρ
1571 578 1630 631 τὺ
1665 578 1722 632 ἔν

1841 581 2004 650 Lpsius
2042 581 2299 652 disperit.
2332 584 2477 650 Quas
2518 600 2651 655 ergo
2681 556 2863 656 partes
2906 586 3101 659 dignas
3134 588 3414 660 hypostasi

71 687 248 733 τινι,
293 670 521 733 πάντως
559 670 655 723 καὶ
685 669 761 732 ὡς
805 668 974 741 μέρος
1015 670 1165 725 ἐστὶν
1202 673 1259 725 ὲν
1299 669 1447 740 αὑτῷ
1470 686 1485 701 ο
1524 670 1722 723 πολλα-

78 762 226 831 χῶς
256 761 383 832 γὰρ
421 761 490 814 τὰ
518 759 575 814 ἐν
595 777 725 815 τινι.

1829 673 1973 740 apud
2003 690 2099 728 vos
2119 675 2449 744 judicastis?
2485 679 2540 733 Si
2582 696 2684 734 nec
2715 682 3058 746 substantim,
3102 698 3207 737 nec
3249 690 3415 736 natu-

1832 765 1981 821 rales
2024 769 2395 839 proprietates
2432 773 2516 827 vel
2547 774 2856 830 accidentia
2889 777 3045 844 quasi
3075 786 3258 847 partes
3306 774 3417 828 sint

82 857 157 910 in
211 854 554 928 hypostasi;
606 870 717 910 non
760 852 909 908 enim
940 868 1103 910 omne
1130 854 1277 911 auod
1312 864 1397 911 est
1428 854 1483 910 in
1517 854 1722 925 aliquo,
1762 860 1987 916 omnino
2010 877 2231 933 quoque
2287 872 2372 919 est
2402 867 2559 935 quasi
2588 882 2717 936 pars
2776 870 2831 922 in
2859 869 2986 935 illo;
3024 869 3240 923 diverse
3267 867 3416 922 enim

83 958 254 1005 sunt
306 964 434 1020 qua:
464 949 521 1003 in
555 949 741 1019 aliquo
773 957 927 1003 sunt.

185 1042 336 1103 Ἐτι
367 1041 474 1113 μὴν
509 1043 559 1095 εί
591 1041 727 1113 πρὸς
754 1041 905 1112 ἡμᾶς
940 1040 1069 1103 τοὺς
1110 1042 1193 1105 είς
1228 1042 1356 1111 μιᾶς
1378 1041 1731 1104 ὑποστάσεως

88 1135 332 1188 ἕνωσιν
382 1133 545 1206 μόνον
584 1133 944 1197 πιστεύοντας
994 1129 1137 1188 εἷναι
1196 1135 1296 1206 τὴν
1343 1133 1594 1188 σύνθεσιν
1622 1133 1731 1186 τῶν

95 1225 359 1295 φύσεων
402 1225 787 1297 ἀντειρήκατε,
816 1224 957 1289 πῶς,
977 1224 1052 1288 ὡς
1077 1225 1281 1291 οἴεσθε,
1319 1226 1537 1296 εὐφυῶς
1583 1227 1731 1296 ἡμᾶς

98 1317 662 1389 παρακρουόμενοι,
698 1316 917 1386 φύσεως
953 1316 1093 1372 εἶναι
1132 1318 1274 1390 μέρη
1308 1319 1377 1372 τά
1403 1318 1731 1372 συντεθέντα

99 1412 201 1472 εἰς
240 1410 554 1464 ὑπόστασιν
610 1411 999 1481 ἀπεφήνασθε;
1032 1412 1094 1465 El
1131 1411 1230 1482 μὲν
1278 1414 1387 1483 γὰρ
1413 1411 1489 1475 ὡς
1529 1413 1729 1465 ταυτὸν

99 1500 342 1563 εἰδότες
370 1498 533 1568 φύσιν
562 1516 620 1552 τε
653 1500 750 1552 καὶ
776 1499 1079 1553 ὑπόστασιν
1109 1498 1269 1551 τοῦτό
1299 1516 1463 1567 φατε,
1489 1498 1590 1568 ἤδη
1638 1496 1730 1551 διά

103 1592 240 1645 τῶν
295 1594 521 1655 οἰκείως
570 1592 707 1664 πρὸς
767 1591 929 1647 τοῦτο
986 1593 1319 1664 εἰρημένων,
1350 1592 1521 1664 ἤγουν
1558 1594 1618 1647 τὸ
1654 1592 1729 1665 μὴ

103 1684 341 1738 ταυτὸν
381 1686 511 1739 τάδε
544 1681 704 1752 εἶναι,
734 1685 1173 1755 καταϐἐὸλησθε.
1199 1687 1263 1739 Ei
1292 1686 1349 1739 δὲ
1393 1685 1583 1756 ἕτερον
1624 1686 1732 1739 0M-

115 1794 301 1847 μενοι
359 1776 544 1847 φύσιν,
580 1777 676 1830 καὶ
728 1778 916 1848 ἓτερον
954 1777 1275 1841 ὑπόστασιν,
1308 1778 1459 1847 ὅμως
1512 1778 1620 1830 πᾶν
1670 1775 1730 1829 τδ

116 1872 533 1943 συντιθέμενον
564 1874 674 1927 εῐτε
707 1875 786 1938 εἰς
808 1873 1025 1943 φύσεως
1049 1874 1302 1945 όλότητα,
1342 1875 1451 1928 εἴτε
1482 1875 1564 1936 είς
1594 1874 1728 1927 ὑπο-

115 1965 394 2030 στάσεως
432 1968 609 2035 Λόγου
634 1966 895 2021 σὺστασιν
930 1968 1010 2039 (οὐ
1036 1968 1146 2038 γὰρ
1173 1969 1323 2022 πᾶσα
1353 1966 1603 2030 σύνθεσις
1630 1966 1728 2019 κα)⁸

116 2061 439 2131 σδναγωγὴ
469 2061 708 2130 φυσικῆς
754 2060 1006 2131 όλότητός
1038 2061 1178 2124 ἐστι,
1212 2058 1377 2131 μέρος
1414 2057 1729 2113 δείκνυσθαι

116 2153 363 2224 φύσεώς
400 2154 585 2223 φατε),
609 2153 769 2221 δῆλον
796 2154 878 2207 ότι
917 2154 1057 2225 μέρη
1085 2153 1298 2221 φύσεως
1330 2151 1491 2223 τυχδν
1523 2150 1729 2219 ἀνθρω-

118 2247 303 2309 πείας
334 2244 449 2299 ἴστε
477 2247 573 2300 καὶ⁵
600 2245 901 2317 ξανθότητα
938 2246 1036 2299 καὶ
1074 2246 1380 2317 λευκότητα
1425 2246 1519 2298 καὶ
1564 2244 1730 2313 γλαυ-

119 2341 389 2410 κότητα·
422 2338 520 2392 καὶ
565 2337 736 2393 ταῦτα
778 2338 889 2408 γὰρ
928 2338 1301 2401 ὑποστάσεως,
1336 2339 1385 2390 εἰ
1434 2336 1530 2391 καὶ
1585 2334 1727 2405 μέρη

122 2431 372 2502 φυσικὰ,
408 2431 545 2485 ἀλλὰ
573 2431 792 2502 μερικοὶ
820 2431 969 2499 λόγοι
998 2431 1105 2485 τῶν
1138 2431 1196 2482 ὲν
1232 2431 1368 2499 αὖτῇ
1398 2444 1412 2458 ⁸
1448 2428 1602 2481 ἔσται
1634 2422 1728 2481 οὖν

123 2524 285 2578 κατὰ
330 2524 495 2591 φύσιν
544 2523 838 2595 συγγενὴς,
865 2524 899 2594 ἦ
928 2540 987 2576 τε
1024 2522 1199 2591 γύψος
1248 2523 1343 2574 καὶ
1396 2520 1596 2590 χρυσὸς
1635 2520 1731 2574 καὶ

128 2618 394 2672 θάλασσα
421 2615 498 2687 τῷ
532 2615 859 2687 ἀνθρωπείῳ
888 2615 1019 2668 εῖδει
1048 2613 1168 2667 κατ’
1194 2612 1404 2677 οὐσίαν,
1434 2613 1499 2664 ἐκ
1528 2611 1730 2681 μέρους

128 2711 341 2783 ἔχοντα
391 2709 529 2781 πρὸς
573 2709 736 2763 αὑτὸν
785 2708 886 2779 τὴν
927 2708 1187 2778 τοιαύτην
1217 2709 1276 2759 ἐν
1316 2708 1427 2770 τοῖς
1471 2704 1728 2767 τοιούτοις

128 2800 378 2873 οὑσιὼδη
401 2799 718 2872 ὁμοιότητα.
753 2801 904 2871 Πλὴν
929 2801 1029 2853 οὑκ
1064 2802 1121 2854 ἐν
1146 2799 1361 2861 τούτοις
1412 2798 1572 2868 μόνον
1602 2797 1731 2866 ὑμῖν

128 2892 200 2947 τὸ
248 2891 471 2957 ἄτοπον,
532 2892 648 2945 ἀλλ’
681 2892 764 2945 ὅτι
812 2892 909 2945 καὶ
955 2891 1155 2945 εῐπατε
1202 2889 1425 2953 ἁπλῶς,
1457 2888 1526 2942 τὰ
1586 2888 1731 2960 μέρη

132 2983 239 3038 τοῦ
279 2985 429 3049 ὅλου,
454 2987 564 3037 τῶν
595 2983 798 3055 ἐτέρων
834 2983 1019 3055 μερῶν
1054 2984 1162 3036 τῶν
1202 2984 1301 3037 σὺν
1334 2983 1516 3043 αὑτοῖς
1549 2981 1606 3033 ὲν
1652 2978 1732 3050 τῷ

136 3078 254 3149 ὅλῳ
293 3076 367 3149 μὴ
399 3076 653 3142 ἀξιοῦσθε
697 3076 804 3130 τῶν
833 3075 1117 3146 ὀνομάτων
1142 3092 1158 3105 ·
1205 3073 1328 3127 οὔτε
1374 3073 1482 3144 γὰρ
1519 3071 1731 3142 ψυχὴὴ

143 3167 289 3241 σὰρξ
312 3169 582 3230 καλεῖται,
612 3166 737 3221 οὔτε
768 3170 802 3238 ὴ
837 3167 983 3238 ψυχὴ
1014 3166 1171 3238 σάρξ.
1200 3168 1311 3221 Καὶ
1368 3165 1475 3237 μὴν
1503 3165 1567 3218 τὸ
1609 3165 1731 3219 ὅλον

142 3267 181 3333 ἡ
211 3263 345 3332 ἁγία
373 3261 564 3334 Γραφὴ
597 3260 823 3315 ἐκάλεσε
862 3260 1041 3331 σάρκα
1079 3260 1319 3329 λέγουσα
1350 3276 1363 3290 ο
1395 3261 1477 3313 Οὐ
1503 3258 1589 3328 μὴ
1627 3275 1728 3311 κα-

143 3357 395 3426 ταμείνῃ
420 3356 485 3408 τὸ
512 3352 749 3423 πνεῦμὰ
767 3370 889 3422 μου
914 3352 983 3406 ἐν
1008 3352 1132 3419 τοῖς
1167 3351 1503 3420 ἀνθρώποις
1530 3394 1546 3418 ,
1577 3350 1729 3405 διότι

148 3450 265 3504 εισι
301 3447 551 3516 σάρκες.
594 3447 683 3500 Ἐν
728 3446 785 3500 δὲ
825 3445 903 3516 τῷ
935 3447 1061 3517 ὅλῳ,
1104 3447 1271 3517 ἧγουν
1314 3444 1392 3515 τῷ
1436 3444 1731 3517 ἀνθρώπῳ,

153 3544 229 3608 ὡς
273 3543 438 3614 μέρος
482 3540 724 3611 δηλονότι
760 3540 794 3610 ἠ
839 3538 983 3611 ψυχή
1016 3541 1157 3603 ἐστι,
1204 3537 1442 3607 μάλιστά
1488 3554 1549 3589 τε
1594 3535 1733 3606 αὑτὴ

154 3636 249 3688 νῦν
280 3636 663 3705 κατηγορεῖται
686 3632 947 3701 γενέσθαι
990 3631 1146 3700 σάρξ.
1187 3632 1249 3683 'll
1281 3630 1388 3700 γὰρ
1421 3619 1556 3701 σάρξ
1610 3628 1733 3683 οὑδὲ

157 3731 221 3783 ὲκ
268 3726 565 3789 κακώσεως
598 3725 801 3796 ἑαυτῆς
847 3724 1043 3793 γέγονε
1097 3722 1257 3793 σὰρξ,
1288 3723 1406 3777 οὐδὲ
1450 3723 1736 3791 ὲγκαλοῖτο

160 3824 225 3879 ἂν
250 3824 351 3878 ὑπὸ
382 3821 518 3877 Θεοῦ
549 3823 632 3877 ὅτι
657 3822 854 3893 γέγονε
881 3820 1020 3892 σὰρξ
1054 3820 1229 3885 οὕτως
1264 3820 1355 3874 ὑπ’
1384 3819 1550 3874 αὑτοῦ
1585 3837 1737 3889 γενο-

166 3915 316 3984 μένη.

230 4085 349 4149 Πῶς
376 4082 470 4140 οὖν
498 4085 600 4140 οὐκ
638 4084 866 4157 ἠξίωται
894 4086 989 4140 τοῦ
1017 4086 1210 4158 ἐτέρου
1244 4085 1447 4157 μέρους
1485 4086 1579 4141 τοῦ
1618 4087 1740 4142 όνό-

171 4196 347 4249 ματος,
374 4181 433 4233 τὸ
480 4180 671 4252 ἕτερον
702 4197 718 4247 ;
749 4180 847 4233 καὶ
897 4179 1057 4233 τοῦτο
1086 4179 1222 4233 Θεοῦ
1255 4179 1444 4233 καλεῖν
1484 4180 1739 4245 εἰωθότος

168 4273 305 4327 τάδε.
334 4274 441 4326 Καὶ
467 4267 536 4344 ἦν
571 4272 676 4344 μὲν
710 4274 887 4326 εἰπεῖν
921 4272 1003 4326 ὅτι
1050 4272 1147 4343 οὑχ
1187 4272 1390 4343 ὁμοίως
1428 4272 1549 4326 οὑδὲ
1580 4272 1742 4343 φύσει

172 4362 394 4430 λέγεται,
420 4360 535 4430 εἴγε
560 4361 734 4434 ὀρθῶς
751 4361 1027 4427 ἐξετάζειν
1049 4361 1363 4431 ὴὸούλεσθε·
1389 4364 1484 4416 καὶ
1506 4365 1742 4435 συνεφή-

175 4472 329 4525 σαμεν
347 4453 411 4508 ἂν
434 4455 530 4508 καὶ
552 4456 713 4523 ἡμεῖς
726 4454 885 4509 τοῦτο
900 4455 1049 4525 ὑμῖν·
1065 4454 1186 4518 οὑδὲ
1206 4456 1316 4526 γάρ
1342 4472 1523 4526 φαμεν
1546 4456 1746 4527 ὁμοίως

174 4547 380 4618 Πατέρα
415 4546 509 4601 τοῦ
544 4546 723 4616 Λόγου
772 4548 868 4601 καὶ
894 4548 995 4616 τῆς
1032 4548 1235 4617 σαρκὸς
1267 4548 1410 4602 κατὰ
1440 4548 1603 4616 φύσιν
1637 4548 1732 4602 τὸν

176 4640 321 4694 αὐτόν
345 4657 359 4672 ο
394 4640 428 4710 ἦ
466 4640 668 4709 ὁμοίως
701 4638 912 4709 μητέρα
950 4638 1042 4692 τοῦ
1071 4639 1247 4707 Λόγου
1278 4641 1373 4693 καὶ
1402 4640 1501 4710 τῆς
1532 4640 1738 4711 σαρκὸς

178 4733 301 4787 κατὰ
355 4731 514 4801 φύσιν
551 4725 693 4784 εἶναι
744 4731 845 4801 τὴν
896 4730 1089 4799 αὑτὴν.
1120 4730 1243 4784 ὅσον
1303 4732 1446 4784 κατὰ
1495 4732 1587 4786 τὸν
1637 4733 1738 4803 τῆς

179 4824 371 4896 φύσεως
399 4824 603 4896 τρόπον
636 4823 730 4876 καὶ
761 4821 939 4891 λόγον.
984 4821 1124 4875 Ἀλλ’
1161 4822 1320 4893 ἴσμεν
1370 4823 1453 4876 ὅτι
1497 4823 1592 4877 τοῦ
1641 4824 1739 4894 μὲν

178 4916 273 4968 τῶν
306 4916 503 4987 μερῶν,
545 4914 622 4978 ὡς
652 4914 851 4976 εἰπεῖν,
886 4914 945 4965 ὲν
978 4912 1227 4983 Χριστῷ,
1263 4913 1405 4966 κατά
1436 4914 1623 4983 φύσιν·
1645 4914 1739 4968 τοῦ

184 5008 233 5061 δὲ
255 5009 381 5062 κατὰ
404 5009 565 5079 χάριν
590 5010 688 5077 τὴν
708 5006 795 5060 διὰ
821 5009 921 5075 τῆς
952 5005 1201 5070 ὲνὼσεως
1224 5006 1324 5075 τῆς
1352 5008 1485 5079 πρὸς
1507 5008 1568 5061 τὸ
1594 5009 1738 5062 κατὰ

188 5100 344 5170 φύσιν,
376 5102 404 5153 ό
432 5101 591 5165 αὑτὸς
628 5097 709 5166 εἷς
735 5102 925 5173 Πατήρ
949 5102 1066 5154 ἐστι
1093 5116 1108 5131 α
1139 5102 1235 5155 καὶ
1273 5103 1478 5172 ἑτέρως
1510 5102 1605 5155 τοῦ
1640 5103 1738 5173 μὲν

189 5192 310 5246 κατὰ
340 5192 516 5261 φύσιν,
543 5194 637 5247 τοῦ
672 5194 729 5248 δὲ
760 5193 903 5249 κατὰ
926 5194 1085 5265 χάριν
1114 5193 1204 5247 διὰ
1229 5193 1329 5264 τῆς
1357 5194 1492 5264 πρὸς
1515 5194 1577 5247 τὸ
1600 5194 1744 5249 κατὰ

190 5282 327 5351 φύσιν
377 5284 654 5353 ὲνώσεως,
688 5289 721 5358 ὴ
753 5286 893 5358 αὑτὴ
951 5287 1050 5357 μία
1098 5288 1283 5358 μήτηρ
1331 5286 1467 5341 ἐστί.
1499 5287 1643 5359 Πλὴν
1683 5288 1745 5342 τὸ

192 5374 534 5448 συμπέρασμα
553 5378 613 5431 τὸ
630 5379 900 5452 ὑμέτερον
930 5379 1160 5448 φάσκον,
1191 5380 1274 5432 ὃτι
1317 5380 1387 5433 Ἢ
1407 5376 1502 5433 οὖν
1530 5380 1591 5433 οὑ
1622 5396 1746 5433 συν-

191 5468 329 5538 ετέθη
360 5470 387 5521 ὁ
420 5468 550 5533 Θεὸς
596 5470 770 5540 Λόγος
799 5471 878 5543 τῷ
922 5470 983 5537 ἐξ
1025 5472 1204 5542 ἡμῶν,
1242 5473 1374 5539 Υἱὸς
1423 5473 1741 5541 ἀνθρώπου

192 5559 449 5630 λεγόμενος
476 5561 549 5625 ὡς
579 5563 676 5632 τῆς
708 5550 1007 5629 συνθέσεως
1037 5582 1313 5635 καταργου
1323 5563 1490 5636 μένης
1512 5564 1619 5618 ὑπὸ
1642 5564 1743 5635 τῆς

194 5653 406 5723 κλήσεως
424 5672 438 5687 ο
470 5654 503 5725 ἢ
531 5657 803 5721 συντεθείς
823 5697 837 5721 ,
866 5657 990 5712 οὔτε
1019 5659 1182 5723 αὐτὸς
1213 5660 1431 5729 λέγεται
1470 5658 1601 5725 υἱὸς
1634 5658 1741 5713 ἀν-

198 5745 420 5815 θρώπου,
448 5747 660 5801 οὐδὲτὸ
712 5748 770 5815 ἐξ
810 5740 965 5821 ὑμῶν
1010 5750 1362 5819 Ποῖ-Θεοῦ,
1399 5750 1636 5823 μάλιστά
1678 5767 1743 5819 γε

261 5931 276 5961 ⁸
295 5932 417 5986 (ian.
463 5948 536 5999 Vl,
565 5933 619 5988 5.

1905 1040 2203 1107 Praeterea,
2236 1044 2283 1098 si
2328 1045 2491 1101 nobis
2532 1047 2587 1101 in
2620 1047 2785 1103 unius
2814 1048 3123 1119 bypostasis
3151 1049 3415 1105 unitatem

1836 1142 2049 1189 tantum
2078 1137 2435 1193 credentibus
2469 1139 2730 1195 unionem
2761 1156 2881 1196 esse
2915 1150 3235 1197 naturarum
3260 1144 3417 1198 dixe-
3456 1168 3457 1171 η

1832 1225 1981 1291 ritis,
2011 1227 2312 1298 quomodo,
2346 1231 2439 1299 qui
2474 1239 2581 1284 tam
2605 1232 2843 1287 solerter
2866 1248 2968 1287 nos
2993 1232 3277 1303 decepisse
3305 1250 3422 1303 spe-

1835 1318 1996 1379 ratis,
2030 1327 2241 1373 naturae
2277 1329 2460 1388 partes
2486 1335 2607 1383 esse
2633 1322 2817 1377 unitas
2842 1323 2897 1377 in
2926 1323 3262 1393 hypostasim
3290 1339 3421 1393 pro-

1838 1408 2056 1465 bastis?
2092 1410 2149 1466 Si
2177 1411 2350 1477 enim,
2385 1413 2538 1467 velut
2578 1413 2723 1468 idem
2752 1414 3021 1468 habentes
3048 1422 3303 1467 naturam
3333 1425 3421 1470 at-

1835 1519 1943 1572 que
1979 1504 2337 1575 hypostasim,
2366 1506 2470 1560 hoc
2493 1506 2763 1571 dixeritis,
2785 1508 2895 1577 jam
2924 1523 3046 1576 qua":
3075 1508 3145 1562 de
3176 1509 3280 1563 hoc
3318 1523 3421 1578 op-

1837 1597 2014 1667 posite
2042 1597 2187 1653 dicta
2237 1609 2387 1663 sunt,
2442 1600 2655 1654 scilicet
2682 1616 2790 1654 non
2823 1600 2968 1655 idem
3002 1616 3124 1655 esse
3171 1601 3286 1656 hac
3320 1602 3425 1656 hu-

1833 1689 2096 1761 iusmodi,
2147 1707 2249 1746 vos
2297 1692 2703 1763 eonfregerunt.
2743 1692 2799 1748 Si
2831 1709 2963 1747 vero
2990 1694 3219 1747 alteram
3260 1701 3422 1747 natu-
3506 1680 3516 1691 ’

1839 1798 1978 1847 ram,
2002 1784 2235 1853 alteram
2259 1785 2595 1855 hypostasim
2620 1785 3018 1850 existimantes,
3044 1802 3207 1839 omne
3236 1794 3421 1840 tamen

1764 1858 1805 1913 Β
1838 1874 2077 1939 unitum,
2109 1876 2225 1930 sive
2253 1876 2309 1930 in
2367 1885 2579 1930 natura:
2612 1877 2960 1941 totalitatem,
3007 1878 3122 1931 sive
3162 1878 3215 1930 in
3244 1878 3423 1949 hypo-

1827 1966 1992 2022 stasis
2040 1967 2206 2023 Verbi
2237 1969 2715 2032 constitutionem,
2744 1985 2855 2022 non
2889 1969 3038 2023 enim
3076 1968 3257 2022 omnis
3289 1969 3422 2021 unio

1827 2068 1997 2129 atque
2049 2062 2404 2131 congregatio
2453 2061 2724 2117 naturalis
2768 2071 2854 2116 est
2888 2061 3176 2116 totalitatis
3206 2069 3422 2131 partem

1829 2163 2041 2206 natum:
2070 2152 2506 2207 demonstratum
2543 2153 2711 2208 fuisse
2734 2153 3008 2216 dixeritis,
3056 2153 3285 2207 evidens
3338 2160 3424 2208 est

1829 2256 2015 2315 partes
2043 2255 2275 2308 natum,
2316 2247 2545 2301 forsitan
2604 2247 2893 2309 humanas,
2945 2247 3158 2300 futuras
3211 2246 3423 2300 scilicet

1830 2339 2176 2403 tlavissinias,
2214 2339 2636 2394 candidissimas
2710 2340 3057 2409 maximeque
3121 2338 3418 2401 caeruleas;

1829 2432 2034 2485 etenim
2086 2433 2202 2487 haec
2247 2448 2370 2502 quae.
2427 2443 2557 2486 sunt
2598 2434 2943 2504 hypostasis,
2981 2431 3086 2487 etsi
3137 2432 3425 2486 naturales

1830 2537 2035 2595 partes,
2064 2528 2425 2596 particulares
2451 2544 2578 2583 vero
2602 2543 2763 2584 voces
2788 2540 2917 2583 sunt
2941 2529 2993 2581 in
3021 2529 3137 2601 ipsa
3155 2527 3425 2582 exsisten-

1834 2617 2011 2682 tium;
2053 2618 2159 2673 erit
2208 2619 2356 2672 enim
2386 2629 2583 2673 natura
2612 2619 2813 2681 aﬂinis,
2844 2620 2959 2673 sive
3002 2635 3254 2689 gypsum,
3307 2618 3423 2671 sive

1832 2722 2050 2770 aurum,
2094 2709 2210 2764 sive
2257 2725 2407 2764 mare
2458 2711 2549 2774 sit,
2583 2710 2838 2765 humanae
2868 2713 3073 2779 speciei
3100 2714 3253 2780 juxta
3288 2710 3423 2764 sub-

1833 2796 2089 2850 stantiam
2123 2812 2245 2866 qua:
2274 2813 2343 2851 ex
2387 2808 2543 2867 parte
2596 2814 2722 2853 cum
2756 2800 2874 2867 ipsa
2910 2799 3073 2853 talem
3128 2799 3182 2852 in
3221 2798 3422 2851 talibus

1834 2888 2257 2943 substantialem
2292 2888 2714 2943 similitudinem
2756 2889 3003 2943 habebit.
3028 2891 3283 2942 Attamen
3312 2902 3421 2940 non

1833 2998 1899 3037 ex
1935 2983 2042 3037 hoc
2091 2982 2269 3037 solum
2332 2982 2645 3037 absurditas
2689 2981 2851 3035 vobis
2892 2970 3297 3051 exprobratur,
3324 2976 3421 3032 sed

1836 3079 2003 3136 etiam
2051 3078 2201 3149 quod
2251 3077 2578 3147 simpliciter
2633 3075 2951 3131 asseruistis
3003 3075 3176 3129 totius
3216 3080 3423 3142 partes,

1761 3196 1805 3254 ο
1837 3170 2069 3224 aliarum
2112 3169 2377 3239 partium,
2411 3183 2533 3237 qua:
2574 3181 2701 3220 cum
2737 3166 2872 3236 ipsis
2906 3172 3034 3219 sunt
3058 3165 3114 3218 in
3151 3172 3288 3225 toto,
3322 3176 3424 3215 n0-

1839 3260 1987 3315 mina
2018 3275 2127 3314 non
2177 3258 2553 3313 admittentes.
2607 3258 2728 3313 Non
2776 3256 2925 3312 enim
2974 3255 3155 3311 anima
3195 3263 3428 3308 vocatur

1831 3367 1983 3415 caro,
2021 3367 2123 3406 nec
2168 3365 2299 3404 caro
2347 3349 2549 3403 anima.
2593 3348 2661 3403 At
2694 3347 2941 3417 profecto
2993 3355 3160 3401 totum
3209 3346 3428 3401 vocavit

1833 3459 2055 3499 carnem
2106 3443 2391 3512 Scriptura
2436 3457 2590 3496 sacra
2629 3441 2821 3495 dicens
2865 3459 2877 3493 :
2936 3440 3055 3495 Non
3105 3440 3430 3511 permanebit

1833 3536 2051 3604 spiritus
2085 3551 2229 3589 meus
2278 3536 2333 3589 in
2377 3534 2696 3596 hominibus,
2738 3535 2865 3602 quia
2895 3549 3083 3586 carnes
3117 3518 3238 3585 sunt
3269 3532 3311 3587 ⁸.
3368 3532 3426 3585 In

1838 3635 1946 3681 toto
1980 3634 2164 3681 autent
2220 3627 2340 3682 sive
2394 3626 2450 3679 in
2501 3626 2726 3680 homine
2754 3624 2937 3678 anima
2983 3632 3240 3692 tanquam
3297 3638 3428 3693 pars

1836 3719 2123 3775 evidenter
2171 3728 2275 3782 est,
2326 3718 2672 3788 maximeque
2716 3716 2805 3771 hic
2844 3717 2961 3786 ipsa
3005 3717 3254 3785 arguitur
3298 3730 3434 3769 caro

1839 3810 1956 3865 ﬁeri
1986 3828 1999 3863 :
2034 3826 2164 3865 caro
2193 3810 2342 3865 enim
2375 3825 2483 3863 non
2515 3825 2583 3864 ex
2618 3807 2826 3862 malitia
2879 3807 3052 3877 ipsius
3103 3822 3231 3861 caro
3285 3807 3431 3861 facta

1838 3911 1943 3965 est,
1985 3917 2085 3956 nec
2119 3901 2189 3956 ita
2223 3909 2453 3955 vocatur
2478 3916 2509 3955 a
2534 3900 2647 3954 Deo
2677 3898 2939 3968 quoniam
2984 3912 3113 3951 caro
3148 3896 3291 3951 facta
3318 3905 3431 3962 est,

1840 4007 1965 4046 cum
2000 3991 2068 4046 ab
2105 3992 2223 4061 ipso
2247 3991 2321 4045 ita
2355 3990 2497 4046 facta
2526 3990 2617 4045 sit.

1912 4085 2199 4152 Quomodo
2224 4086 2391 4157 igitur
2420 4085 2644 4140 nomine
2675 4083 2902 4139 alterius
2931 4082 3105 4153 partis
3128 4097 3238 4137 non
3265 4080 3433 4151 digna

1838 4177 2082 4248 judicata
2112 4178 2430 4233 estaltera?
2460 4178 2606 4233 Deus
2649 4185 2734 4232 est
2778 4176 2874 4246 qui
2915 4177 2987 4230 ita
3017 4190 3215 4230 vocare
3266 4174 3433 4229 solet.

1844 4269 2257 4340 Dicendumque
2297 4270 2521 4341 quidem
2570 4280 2717 4326 esset
2750 4287 2853 4327 nec
2898 4270 3154 4325 similiter
3183 4282 3286 4323 nec
3325 4284 3431 4322 na-

1848 4363 2103 4419 turaliter
2132 4364 2339 4429 vocari,
2378 4363 2425 4418 si
2454 4372 2637 4418 tamen
2679 4364 2918 4419 ﬁdeliter
2951 4360 3272 4431 perquirere
3302 4359 3426 4412 nol-

1847 4457 2009 4523 letis;
2034 4457 2251 4526 hocque
2280 4456 2439 4512 vobis
2465 4472 2566 4511 nos
2598 4444 3085 4512 concessissemus.
3128 4452 3247 4506 Non
3278 4451 3435 4505 enim

1772 4542 1815 4595 υ
1844 4550 2101 4607 similiter
2130 4550 2367 4603 dicimus
2392 4549 2609 4604 Patrem
2636 4548 2825 4612 Verbi,
2849 4546 3217 4614 eumdemqne
3244 4541 3435 4596 carnis

1843 4645 2146 4701 secundum
2178 4655 2471 4709 naturam;
2518 4651 2613 4697 aut
2653 4643 2907 4697 similiter
2954 4648 3183 4694 matrem
3239 4636 3429 4698 Verbi,

1844 4736 2205 4804 eamdemque
2263 4749 2388 4788 esse
2436 4732 2620 4788 carnis
2676 4730 2980 4787 secundum
3020 4736 3307 4789 naturam;
3360 4724 3435 4777 ad

1846 4837 2060 4884 natura
2081 4827 2305 4882 modum
2338 4826 2479 4880 sicut
2506 4834 2562 4880 et
2587 4823 2655 4878 ad
2678 4838 2865 4878 vocem
2900 4819 3295 4877 attendendum
3323 4824 3433 4871 est.

1847 4918 1955 4974 Sed
2006 4918 2213 4973 scimus
2244 4916 2500 4972 eumdem
2533 4931 2702 4969 unum
2737 4929 2859 4969 esse
2894 4914 3111 4968 Patrem
3169 4910 3333 4964 unius
3361 4923 3433 4963 ex.

1850 5009 1938 5064 his
1962 5010 2234 5079 partibus,
2266 5024 2388 5079 quae
2424 5008 2479 5061 in
2505 5006 2726 5062 Christo
2756 5015 2905 5069 sunt,
2938 5003 3239 5059 secundum
3274 5009 3435 5055 natu-

1847 5121 1989 5170 ram,
2016 5113 2182 5174 atque
2209 5102 2442 5158 alterius
2478 5099 2785 5157 secundum
2812 5097 3043 5168 gratiam
3069 5110 3137 5148 ex
3160 5109 3267 5163 qua
3298 5091 3436 5145 uuio

1846 5195 1917 5252 ad
1950 5195 2123 5261 illam,
2158 5210 2281 5264 qua:
2317 5201 2402 5247 est
2421 5193 2577 5263 juxta
2607 5197 2879 5253 naturam,
2917 5186 3058 5241 facta
3106 5193 3223 5252 est;
3262 5183 3431 5239 vicis-

1846 5289 2062 5359 simque
2086 5287 2283 5342 eadem
2316 5301 2425 5340 una
2464 5292 2549 5339 est
2575 5294 2751 5338 mater
2780 5281 2930 5336 illius
2959 5295 3083 5349 quae
3124 5276 3431 5333 secundum

1848 5390 2107 5437 naturam
2136 5388 2240 5445 est,
2273 5387 2330 5434 et
2357 5378 2504 5432 illius
2529 5390 2651 5445 quae
2680 5371 2983 5428 secundum
3016 5368 3269 5440 gratiam,
3310 5381 3433 5435 quae

1849 5474 2084 5537 adeam,
2115 5488 2237 5543 quae
2274 5479 2360 5526 est
2383 5468 2688 5525 secundum
2711 5473 2985 5528 naturam,
3014 5461 3274 5516 unionem
3304 5472 3435 5528 ope-

1849 5575 1967 5621 rata
1998 5572 2103 5620 est.
2139 5563 2394 5619 Attamen
2418 5568 2601 5615 vestra
2625 5556 2907 5615 conclusio
2934 5556 3122 5610 dicens
3148 5552 3233 5608 vel
3266 5551 3435 5621 igitur

1850 5659 2024 5714 Deum
2060 5658 2300 5711 Verbum
2342 5655 2559 5709 unitum
2594 5668 2706 5707 non
2739 5650 2908 5705 fuisse
2962 5646 3127 5702 alicui
3154 5660 3220 5699 ex
3250 5642 3432 5705 nobis,

1851 5750 2061 5806 dictum
2086 5747 2122 5818 ﬁ
2133 5748 2261 5802 lium
2292 5746 2539 5812 hominis,
2571 5743 2729 5816 quasi
2755 5740 3121 5814 appellatione
3148 5736 3282 5793 unio
3302 5747 3436 5790 cva-
