4032 6534
565 409 704 477 1ιῖὶὸ

1803 413 2115 475 LEONTII
2155 415 2564 481 BYZANTINI

3716 423 3849 492 lii-6

564 536 856 593 nosceret;
892 527 977 582 vel
1006 528 1247 592 unitum,
1276 541 1381 582 nec
1412 525 1522 583 dici
1553 525 1751 581 Filium
1793 528 2023 583 hominis
2048 543 2151 584 nec

2258 530 2405 600 ὑμᾶς
2435 529 2667 603 πλείστῃ
2702 531 3105 603 περιπεσόντας
3145 534 3448 608 ἀπροσεξίᾳ
3482 537 3591 594 τῶν
3625 539 3847 596 οἰκείων

563 621 872 676 secundum
903 620 1113 690 aliquid
1135 635 1203 674 ex
1230 620 1393 674 nobis
1424 619 1619 674 Filium
1649 619 1767 685 Dei,
1808 620 1865 674 in
1906 620 2145 676 maxima

563 722 878 768 vestrorum
906 712 1118 767 incuria
1148 727 1247 767 vos
1271 712 1585 767 miserrime
1613 711 1921 769 constituit.
1949 712 2144 767 Mirum

563 814 651 860 est
674 805 825 860 enim
864 805 910 860 si
960 820 1063 861 vos
1089 803 1283 859 Filium
1315 806 1539 859 hominis
1583 804 1840 860 eumdem
1871 820 1937 861 ac
1975 805 2147 861 Deum

575 896 791 951 Verbum
820 898 1038 962 dicatis,
1087 898 1345 968 quodque
1385 898 1588 954 iterum
1621 913 1689 953 ex
1714 898 1878 954 nobis
1905 899 2144 965 exsistit,

564 988 762 1044 Filium
805 989 899 1045 Dei
927 990 1097 1060 (quod
1126 1006 1196 1046 ne
1223 989 1434 1061 opinari
1470 989 1692 1060 quidem
1724 991 1957 1061 impium
1996 1006 2148 1046 nunc

565 1081 964 1151 praedicaretis,
1006 1082 1051 1137 si
1096 1082 1400 1137 commodis
1426 1080 1671 1152 propriis
1710 1081 2000 1138 consulere
2028 1081 2147 1137 vel-

565 1174 735 1245 letis),
773 1190 1216 1245 unamquamque
1250 1189 1316 1230 ac
1361 1175 1614 1230 eamdem
1663 1174 1963 1246 unicuique
2017 1191 2146 1247 par-

568 1266 704 1321 tium
739 1267 1159 1337 appellationem
1195 1266 1501 1323 tribuentes
1529 1282 1658 1323 cum
1689 1282 1919 1324 summa:
1951 1284 2147 1338 super-

568 1361 673 1417 biae
709 1361 932 1426 astutia,
980 1376 1091 1414 non
1126 1375 1261 1415 vero
1293 1375 1422 1415 cum
1457 1358 1605 1415 ﬁdeli
1659 1359 1992 1430 prudentia;
2048 1359 2145 1415 sed

567 1463 630 1509 nt
658 1452 868 1508 scilicet
886 1467 953 1507 ex
980 1451 1086 1507 hac
1112 1450 1473 1505 attributione
1490 1450 1733 1506 nominis
1761 1450 2011 1521 probetis
2034 1466 2147 1508 non

569 1545 625 1597 in
652 1542 910 1597 unionem
944 1549 1205 1611 tanquam
1244 1540 1418 1596 totius
1444 1541 1747 1598 convenire
1784 1558 1908 1613 qua:
1928 1551 1990 1597 ut
2014 1558 2146 1613 par-

568 1640 650 1685 tes
681 1630 1018 1686 conveniunt
1061 1630 1216 1701 juxta
1242 1630 1645 1700 praecedentem
1674 1640 1915 1687 vestram
1945 1632 2147 1687 absur-

564 1722 848 1779 dissimam
894 1720 1335 1791 propositionem
1383 1738 1399 1776 :
1438 1719 1796 1793 Quodcunque
1844 1724 2056 1791 unitum
2088 1724 2147 1777 in

565 1831 728 1869 unam
754 1814 1101 1885 Itypmtasim,
1136 1829 1241 1866 non
1268 1813 1549 1867 admittere
1575 1813 1990 1885 appellationem
2028 1830 2148 1886 qua:

2254 622 2573 693 παρίστησι.
2592 623 2916 693 Θαυμαστὸν
2939 625 3051 698 γὰρ
3078 627 3127 680 εί
3159 626 3340 698 ὑμεῖς,
3372 630 3511 684 Υἱὸν
3522 630 3847 700 ἀνθρώπου

2252 714 2345 768 τὸν
2394 715 2560 769 αὐτὸν
2608 716 2705 770 καὶ
2738 717 2892 771 Θεὸν
2932 718 3130 788 Λόγον
3165 720 3303 789 φατέ
3328 736 3343 751 ο
3373 722 3465 774 καὶ
3490 721 3555 775 τὸ
3598 721 3669 787 ἐξ
3696 725 3847 795 ἡμῶν

2254 804 2420 860 πάλιν
2470 807 2736 879 ὑπάρχον,
2760 809 2897 861 Υἱὸν
2923 808 3074 864 Θεοῦ
3108 810 3269 882 (ὅπερ
3324 811 3421 864 καὶ
3459 811 3535 884 μὴ
3568 812 3843 879 δοξάζειν,

2254 897 2452 962 ἀσεϐὲς
2497 897 2594 953 νῦν
2642 900 2972 972 ὲκηρύξατε,
3026 902 3075 956 εί
3122 903 3236 956 τῶν
3290 904 3576 975 ὑμετέρων
3633 906 3846 960 ἐπαΐειν

2254 988 2537 1059 ἐθέλοιτε),
2564 989 2663 1062 τὴν
2709 990 2881 1064 αὐτὴν
2935 993 3205 1065 ἑκατέραν
3257 995 3561 1066 ὀνομασίαν
3596 997 3848 1068 ἑκατέρῳ

2253 1082 2362 1138 τῶν
2389 1083 2574 1154 μερῶν
2603 1083 3007 1155 προσάψαντες,
3026 1086 3125 1138 σὺν
3154 1085 3433 1157 ἀκροτάτῃ
3471 1087 3694 1157 ματαίᾳ
3723 1104 3845 1141 παν-

2253 1176 2454 1248 ουργίᾳ
2502 1177 2594 1230 καὶ
2632 1177 2733 1230 οὐκ
2763 1177 2899 1248 ὀρθῇ
2937 1179 3007 1248 τῇ
3047 1178 3292 1250 διανοίᾳ·
3324 1179 3441 1233 ἀλλ’
3469 1180 3561 1232 ἵνα
3608 1181 3755 1249 φησὶ
3790 1182 3846 1233 ἐκ

2253 1268 2353 1339 τῆς
2382 1266 2705 1332 ἀντιδόσεως
2725 1267 2819 1321 τοῦ
2850 1267 3116 1338 ὀνόματος
3150 1268 3365 1340 δείξητε
3411 1269 3487 1341 μὴ
3524 1272 3611 1346 εἰς
3663 1270 3845 1324 σύνθεο

2257 1378 2341 1415 σιν
2364 1359 2439 1424 ὡς
2471 1360 2594 1415 ὅλου
2617 1362 2775 1432 ἥκειν
2808 1361 2937 1415 τάδε
2967 1362 3038 1416 τὰ
3066 1361 3142 1426 ὡς
3175 1365 3319 1436 μέρη
3351 1364 3687 1420 συνελθόντα
3712 1368 3845 1419 nati

2251 1453 2353 1525 τὴν
2412 1452 2835 1525 προεκτεθεῖσαν
2894 1454 3024 1525 ὑμῖν
3074 1454 3360 1524 ἀλόγιστον
3405 1456 3719 1526 ἀπόφασιν,
3772 1456 3842 1509 ὅτι

2258 1547 2331 1601 Τὸ
2360 1546 2798 1617 συντιθέμενον
2824 1548 2912 1613 εις
2941 1548 3093 1616 μίαν
3119 1548 3488 1611 ὑπόστασιν,
3515 1551 3635 1604 οὐκ
3668 1548 3842 1616 ἠξίω-

2252 1656 2348 1694 ται
2377 1639 2489 1709 τῆς
2539 1640 2822 1709 κλήσεως
2879 1641 2989 1695 τοῦ
3031 1641 3336 1707 συνόντος
3376 1641 3539 1707 αὐτῷ
3566 1641 3801 1712 μέρους
3826 1659 3840 1673 ·

2253 1733 2501 1800 ἠξίωται
2534 1733 2604 1787 δὲ
2645 1732 2758 1801 τῆς
2794 1724 2871 1787 τε
2901 1733 3010 1788 τοῦ
3058 1734 3257 1803 Λόγου
3304 1734 3344 1801 ἡ
3390 1734 3568 1802 σὰρξ,
3593 1733 3702 1788 καὶ
3745 1734 3841 1787 τοῦ

2253 1823 2390 1877 Υἱοῦ
2420 1824 2528 1878 τοῦ
2559 1824 2710 1877 Θεοῦ
2756 1826 2791 1878 ό
2825 1823 2963 1891 Υἱὸς
2989 1823 3096 1878 τοῦ
3124 1824 3461 1891 ἀνθρώπου.
3497 1825 3560 1878 El
3597 1825 3710 1894 μὲν
3738 1825 3839 1894 γὰρ

565 1922 686 1959 cum
712 1905 823 1975 ipso
850 1906 1038 1958 unitur
1075 1904 1282 1975 partis;
1324 1902 1475 1958 Verbi
1512 1912 1692 1959 autem
1734 1903 2151 1976 appellationem

2256 1913 2493 1985 ἀληθῶς,
2523 1909 2569 1969 ὦ
2600 1912 2770 1977 οὗτοι,
2797 1915 3028 1985 ἠξίωται
3052 1914 3146 1968 τοῦ
3175 1915 3440 1985 ὀνόματος
3460 1955 3475 1980 ,
3503 1914 3633 1968 οὐδὲ
3663 1914 3835 1984 ζητεῖν

566 1998 849 2051 admittere
901 2013 1138 2060 carnem,
1166 1995 1395 2067 Filiique
1424 1996 1523 2051 Dei
1566 1995 1764 2052 Filium
1787 1998 2033 2054 hominis.
2083 2000 2154 2053 At

564 2091 612 2146 si
641 2105 792 2157 vere,
839 2106 873 2146 o
915 2105 1032 2150 vos,
1060 2104 1263 2145 nomen
1299 2088 1632 2155 admittitur,
1680 2088 2052 2160 nequidquam
2084 2090 2154 2145 de

567 2181 772 2236 unione
799 2179 1163 2250 quaerendum
1185 2187 1304 2246 est;
1341 2195 1439 2250 per
1459 2180 1608 2235 illam
1630 2180 1780 2235 enim
1809 2196 2153 2251 unaquaeque

568 2276 744 2345 (pars)
804 2272 1109 2329 secundum
1169 2282 1425 2328 naturam
1467 2289 1597 2330 cum
1647 2274 1823 2330 altera
1881 2276 2154 2331 naturalia

566 2363 791 2419 nomina
824 2363 1016 2419 intime
1053 2364 1385 2434 participat;
1431 2363 1479 2418 si
1517 2373 1700 2418 autem
1730 2380 1844 2419 non
1876 2380 2012 2421 vere
2047 2382 2151 2422 no-

566 2457 833 2519 minatur,
850 2471 956 2511 nec
976 2471 1107 2511 vere
1134 2457 1293 2528 juxta
1321 2471 1420 2513 vos
1437 2455 1572 2526 quin
1595 2455 1662 2512 ad
1688 2456 1928 2513 invicem
1951 2458 2154 2514 unian-

459 2627 463 2631 ‘
567 2556 660 2603 tur
694 2546 955 2618 impedita
996 2557 1143 2604 sunt.

637 2639 695 2695 Si
752 2639 828 2695 ita
878 2648 986 2694 tam
1035 2639 1279 2710 perfecte
1320 2648 1720 2711 compungeret
1759 2656 1859 2697 vos
1905 2642 2051 2699 Dens
2093 2651 2155 2699 ut

567 2732 975 2790 conﬁteremini
1002 2731 1258 2788 eumdem
1292 2732 1490 2787 Filium
1517 2732 1613 2787 Dei
1645 2741 1704 2788 et
1728 2732 1928 2788 Filium
1970 2734 2155 2790 homi-

566 2826 655 2882 nis
694 2826 904 2888 vocari,
954 2841 1066 2881 non
1115 2826 1229 2897 jam
1260 2825 1419 2881 vobis
1452 2825 1894 2891 adversabimur,
1948 2828 2044 2883 sed
2093 2838 2156 2886 ut

564 2918 772 2975 amicos
797 2928 854 2975 et
899 2918 1095 2974 fratres
1127 2934 1226 2974 vos
1258 2919 1730 2988 complectemur;
1777 2919 1824 2975 si
1865 2929 2061 2976 contra
2087 2936 2156 2976 co

566 3013 714 3084 quod
750 3013 897 3068 Dens
924 3012 1167 3068 Verbum
1197 3027 1310 3066 non
1341 3011 1551 3067 homini
1592 3012 1865 3077 uniretur,
1903 3011 2029 3067 ideo
2073 3011 2157 3067 di-

568 3104 697 3159 citis
724 3118 823 3158 vos
848 3090 1049 3158 libere
1093 3117 1253 3173 posse
1293 3102 1614 3158 alterutram
1670 3111 1881 3173 partem
1933 3103 2157 3159 nmnine

566 3194 892 3250 alter-utrius
924 3209 1144 3261 vocare,
1196 3194 1343 3264 quod
1388 3210 1500 3250 non
1545 3194 1807 3250 mliantur
1842 3209 1906 3250 ac
1953 3195 2155 3249 distin-

565 3296 840 3359 guantur;
886 3287 929 3341 si
987 3287 1135 3343 enim
1169 3287 1339 3342 unite
1387 3296 1595 3351 essent,
1630 3298 1689 3341 ut
1722 3286 1900 3342 ambae
1937 3302 2145 3343 convc.

568 3381 790 3435 nientes
815 3379 1133 3450 hujusmodi
1164 3379 1667 3436 communicatione
1718 3380 2155 3452 appellationum

569 3473 943 3536 ﬁrmarentur,
971 3470 1202 3528 evidens
1221 3478 1370 3527 esset
1389 3470 1537 3542 quod
1558 3472 1913 3537 concluditis,
1940 3473 2156 3529 scilicet

567 3564 754 3619 omnia
788 3579 911 3634 quae
967 3563 1332 3620 totalitatibus
1388 3563 1635 3635 ipsorum
1680 3564 1944 3622 distincta
2000 3575 2151 3631 sum,

564 3658 686 3714 fore
721 3665 782 3713 ut
810 3673 922 3728 quo
948 3657 1073 3728 plus
1090 3657 1160 3713 ab
1191 3656 1429 3715 invicem
1461 3658 1750 3725 distarent,
1774 3673 1842 3714 eo
1861 3659 1986 3727 plus
2012 3660 2153 3715 suis

568 3750 890 3806 nominibus
935 3750 1172 3806 invicem
1200 3749 1465 3821 appellari
1492 3759 1755 3821 possent;
1797 3766 1921 3822 qua:
1966 3759 2153 3808 autem

566 3844 906 3900 conveniunt
980 3852 1145 3914 atque
1228 3842 1501 3902 uniuntur
1573 3844 1790 3900 naturis
1851 3844 1908 3900 in
1984 3860 2150 3899 unam

565 3936 930 4001 totalitatem,
973 3936 1294 3992 nominibus
1340 3952 1450 3992 non
1485 3936 1743 4008 conjungi
1775 3937 2150 3992 necessarium

563 4041 708 4083 esse.
758 4027 899 4094 Quid
941 4028 1046 4084 hoc
1092 4027 1209 4083 risu
1238 4028 1459 4099 dignius
1487 4038 1674 4095 esset,
1727 4029 1773 4083 si
1803 4028 1929 4098 quis
1961 4043 2150 4084 rerum

564 4121 907 4175 existimaret
934 4120 1197 4177 unionem
1228 4120 1349 4177 ﬁeri
1374 4122 1681 4177 secundum
1709 4136 1939 4177 suorum
1971 4121 2150 4177 nomi-

566 4229 697 4269 num
727 4213 1164 4278 distinctionem,
1210 4213 1624 4270 distinctionem
1674 4230 1809 4271 vero
1842 4231 2029 4270 rerum
2058 4231 2148 4271 se-

541 4305 811 4362 cundum
841 4306 1127 4362 nominum
1150 4321 1380 4387 suorum
1404 4305 1699 4362 unionem?
1716 4305 1993 4371 Attamen,
2017 4321 2149 4361 con-

566 4398 738 4455 traria
793 4397 1212 4455 consideremus
1251 4415 1266 4453 :
1319 4414 1445 4455 cum
1492 4398 1639 4454 enim
1672 4397 1826 4454 sidus
1853 4413 2146 4454 accensum

564 4492 675 4563 igni
716 4491 926 4556 unitur,
964 4501 1094 4547 tunc
1123 4507 1344 4562 quoque
1402 4491 1545 4563 ignis
1592 4497 1861 4558 vocatur;
1918 4506 2044 4546 cum
2078 4508 2145 4548 ex

2253 2005 2336 2060 δεῖ
2363 2024 2415 2060 τι
2441 2006 2568 2077 περὶ
2604 2007 2705 2078 τῆς
2734 2006 3040 2071 συνθέσεως
3062 2024 3078 2038 ο
3111 2007 3396 2061 οἰκειωθὲν
3428 2008 3542 2078 γὰρ
3575 2008 3654 2061 δι’
3678 2008 3836 2078 αὐτῆς

2255 2097 2485 2167 θάτερον
2515 2098 2729 2172 θατέρῳ
2761 2099 2905 2153 κατὰ
2934 2099 3120 2168 φύσιν,
3147 2099 3382 2169 μετέσχε
3413 2101 3508 2153 καὶ
3541 2100 3660 2153 τῶν
3689 2118 3835 2169 φυσι-

2254 2189 2367 2242 κῶν
2403 2189 2721 2261 ὀνομάτων*
2756 2191 2805 2243 εἰ
2831 2191 2891 2243 δὲ
2935 2192 3037 2243 ούκ
3072 2190 3292 2260 ἀληθῶς
3338 2191 3701 2261 ὀνομάζεται,
3728 2192 3836 2245 οὐδὲ

2253 2281 2496 2352 ἀληθῶς,
2523 2283 2668 2337 κατὰ
2684 2299 2748 2353 γε
2768 2283 2936 2354 ὑμᾶς,
2956 2280 3267 2337 κεκώλυται
3286 2284 3388 2353 τῆς
3416 2282 3729 2347 συνθέσεως
3747 2283 3833 2353 τῆς

2253 2376 2393 2448 πρὸς
2418 2375 2650 2447 ἄλληλα.
2817 2376 2825 2384 ’

2325 2642 2501 2699 Τοῦτο
2545 2642 2682 2713 γοῦν
2716 2644 2853 2699 almo
2893 2643 2942 2697 εί
2972 2643 3111 2707 ὅλως
3140 2644 3288 2715 ὑμᾶς
3325 2644 3356 2698 ὁ
3383 2643 3520 2708 Θεὸς
3559 2642 3836 2712 ὁμολογεῖν

2254 2738 2639 2804 κατανύξειεν.
2674 2737 2751 2801 ὡς
2786 2738 2815 2789 ό
2848 2736 3013 2800 αὐτὸς
3042 2736 3169 2800 Υἱός
3203 2754 3264 2789 τε
3289 2736 3428 2790 Θεοῦ
3450 2736 3549 2791 καὶ
3583 2735 3718 2793 Υἱὸς
3749 2735 3833 2788 ἁν-

2256 2829 2479 2901 θρώπου
2529 2829 2746 2900 ἀληθῶς
2808 2828 3166 2900 ὀνομάζεται,
3236 2829 3497 2900 οὐδεμίαν
3558 2828 3646 2883 ἔτι
3705 2828 3832 2900 πρὸς

2254 2922 2401 2993 ὑμᾶς
2451 2923 2772 2977 ἀντίστασιν
2829 2922 3159 2992 ποιούμεθα.
3223 2922 3342 2977 ἀλλ’
3377 2921 3453 2984 ώς
3506 2921 3707 2992 φίλους
3753 2922 3839 2975 xci.

2255 3017 2522 3086 ἀδελφοὺς
2547 3015 2933 3087 ἁσπασόμεθα’
2964 3018 3013 3069 εἰ
3049 3016 3150 3087 μὲν
3186 3033 3268 3069 τοι
3296 3017 3358 3070 ὲν
3390 3015 3469 3085 τῷ
3511 3015 3592 3087 μὴ
3627 3014 3837 3081 συγκεῖ-

2258 3111 2379 3166 σθαι
2418 3109 2512 3165 τὸν
2547 3110 2681 3165 Θεὸν
2713 3111 2889 3178 Λόγον
2920 3108 3002 3180 τῷ
3047 3107 3344 3179 ἀνθρώπῳ,
3382 3110 3447 3162 ἐκ
3481 3109 3679 3163 τούτου
3705 3108 3838 3178 ὑμᾶς

2259 3202 2403 3273 ἔχειν
2432 3200 2729 3262 ἀκωλύτως
2777 3199 2915 3269 φατὲ
2961 3199 3023 3252 τὸ
3057 3200 3290 3268 θάτερον
3336 3198 3646 3270 ὀνομάζειν
3681 3198 3839 3269 μέρος

2260 3294 2338 3363 τῷ
2366 3293 2593 3362 θατέρου
2637 3290 2888 3359 ὀνόματι,
2927 3291 3039 3345 τῶν
3080 3290 3394 3346 ἀσυνθέτων
3433 3290 3532 3345 καὶ
3560 3290 3837 3358 διακεκρι-

2261 3385 2439 3455 μένων
2459 3400 2472 3413 °
2504 3384 2555 3436 εἰ
2583 3383 2896 3438 συν-τεθεῖεν
2918 3383 3052 3453 γὰρ,
3083 3382 3183 3450 τῆς
3204 3382 3465 3453 τοιαύτής
3498 3381 3836 3452 μεταδόσεως

2254 3474 2366 3529 τῶν
2408 3474 2694 3544 όνομάτων
2742 3475 2913 3543 ἄμφω
2962 3479 3031 3528 τά
3084 3473 3412 3528 συνελθόντα
3455 3471 3837 3543 στηρίζεσθαι,

2252 3564 2416 3634 δῆλον
2448 3555 2527 3629 ὧς
2566 3563 2735 3618 τοῦτο
2771 3564 3078 3633 συνάγσιτε,
3115 3564 3200 3619 ὅτι
3245 3564 3315 3618 τὰ
3350 3563 3532 3617 πάντα
3557 3562 3834 3631 διακεκρι-

2257 3660 2395 3729 μένα
2442 3660 2560 3721 ταῖς
2602 3658 2855 3726 ὁλοτησιν
2888 3655 3094 3719 αὐτῶν,
3145 3656 3268 3709 καθ’
3315 3656 3440 3708 ὅσον
3489 3655 3559 3708 ἂν
3595 3652 3830 3723 ἀλλήλων

2252 3752 2614 3820 ἀφίστανται,
2647 3749 2905 3804 τοσοῦτον
2937 3749 3140 3821 μᾶλλον
3169 3747 3406 3802 δύναιντ’
3442 3747 3510 3802 ἂν
3544 3744 3835 3819 συνονομάο

2253 3846 2444 3928 ζεσθαι
2465 3846 2582 3908 τοῖς
2604 3842 2855 3916 ἀλλήλων
2880 3842 3110 3912 ὀνόμασι
3130 3858 3145 3874 °
3187 3841 3255 3895 τὰ
3276 3842 3335 3896 δὲ
3369 3840 3707 3894 συνελθόντα
3746 3838 3832 3891 καὶ

2252 3940 2591 4011 συγκείμενα
2622 3941 2746 4003 ταῖς
2773 3938 3005 4010 φύσεσιν
3031 3939 3112 4001 εἰς
3140 3937 3270 4008 μίαν
3303 3937 3539 4006 όλότητα
3573 3936 3695 3997 τοῖς
3720 3931 3825 3984 ὀνό-

2254 4050 2424 4104 μασιν
2459 4033 2763 4102 ἀναγκαῖον
2793 4030 2868 4102 μὴ
2911 4029 3305 4086 συνάπτεσθαι.
3354 4025 3430 4084 Οὗ
3455 4029 3510 4083 τι
3541 4028 3611 4083 ἂν
3641 4028 3728 4096 εἴη
3755 4041 3831 4093 γε·

2248 4124 2565 4197 λοιότερον;
2596 4123 2665 4178 Εἴ
2687 4141 2775 4189 τις
2804 4123 2914 4177 τῶν
2939 4122 3284 4195 πραγμάτων
3336 4122 3550 4191 νομίζοι
3584 4120 3693 4189 τὴν
3721 4134 3830 4170 cur

2249 4216 2462 4272 έλευσιν
2496 4215 2777 4272 ποιεῖσθαι
2809 4214 2911 4286 τὴν
2934 4215 3045 4269 τῶν
3074 4217 3198 4269 κατ’
3226 4213 3368 4268 αὐτὰ
3405 4212 3697 4282 ὀνομάτων
3723 4210 3825 4263 διὰ·

2249 4325 2466 4380 κρισιν’
2493 4311 2594 4382 τὴν
2626 4309 2683 4364 δὲ
2721 4308 2999 4379 διάκρισιν
3024 4303 3137 4362 τῶν
3187 4306 3565 4380 πραγμάτων,
3600 4305 3705 4377 τὴν
3732 4303 3829 4356 τῶν

2247 4403 2370 4459 κατ’
2401 4402 2542 4458 αὐτὰ
2582 4403 2865 4474 ὀνομάτων
2888 4400 3224 4455 συνέλευσιν.
3268 4400 3465 4453 Καίτοι
3521 4396 3590 4451 τὰ
3623 4394 3831 4450 ἐναντία

2246 4495 2488 4567 ὁρῶμεν.
2534 4495 2668 4548 Ὅτε
2703 4493 2814 4564 γὰρ
2842 4492 2980 4560 πυρὶ
3013 4490 3291 4563 πυρωθεὶς
3322 4491 3352 4542 ὁ
3392 4489 3613 4561 σίδηρος
3644 4484 3830 4552 emes.

565 4600 704 4641 auro
730 4598 858 4640 arca
886 4584 1029 4640 facta
1051 4593 1155 4647 est,
1189 4600 1358 4640 aurea
1378 4592 1499 4649 est;
1553 4582 1633 4638 sic
1666 4582 1724 4637 in
1757 4583 1970 4639 caeteris
1992 4582 2147 4639 vide-

2254 4589 2373 4643 τότε
2408 4587 2503 4641 καὶ
2536 4585 2648 4657 πῦρ
2676 4584 3043 4654 ὀνομάζεται·
3078 4583 3176 4637 καὶ
3199 4583 3291 4637 ὅτε
3320 4579 3512 4653 χρυσῷ
3540 4581 3574 4652 ὴ
3609 4573 3830 4637 κιᾶωτδς

566 4693 711 4743 mus,
746 4677 841 4747 qui
874 4677 929 4732 in
960 4677 1086 4732 albo
1119 4676 1278 4733 albus
1305 4684 1411 4732 est.
1441 4675 1603 4731 Juxta
1639 4689 1759 4742 vos,
1792 4690 1919 4730 cum
1945 4676 2155 4747 aliquid

564 4780 864 4835 crematur,
917 4785 1057 4839 aqua
1095 4770 1267 4841 magis
1298 4767 1439 4824 foret
1466 4770 1801 4832 vocandum,
1856 4783 1983 4824 cum
2011 4770 2155 4840 sapit

563 4865 813 4935 quidam,
858 4862 1126 4934 insipiens
1168 4862 1471 4929 dicendus;
1503 4876 1741 4932 cumque
1788 4861 1977 4933 inique
2020 4862 2185 4934 agit,

558 4960 775 5029 justus;
805 4966 937 5013 tunc
964 4957 1113 5012 enim
1143 4956 1261 5011 hac
1288 4955 1670 5027 hujuscemodi
1696 4956 1934 5010 multum
1961 4971 1992 5012 a
2018 4970 2155 5011 con-

566 5049 749 5105 trariis
787 5048 906 5104 suis
934 5048 1175 5112 distant;
1211 5046 1315 5102 etsi
1355 5061 1519 5102 omne
1549 5045 1861 5102 derivatum
1881 5086 1896 5112 ,
1940 5062 2008 5102 ex
2038 5061 2155 5101 me-

565 5142 761 5211 talepsi
789 5151 955 5211 atque
1004 5139 1209 5195 unione
1247 5139 1329 5194 rei
1372 5139 1574 5194 habeat
1599 5138 1765 5195 etiam
1810 5153 2034 5194 nomen.
2084 5138 2155 5193 At

561 5247 694 5288 vere
724 5231 961 5286 maxime
996 5230 1384 5302 aegrotandum
1419 5230 1674 5285 delirium
1718 5230 1828 5301 pati
1864 5229 2151 5295 videmini,

563 5337 692 5378 cum
755 5322 1057 5393 smpissime
1123 5322 1594 5393 vehementerque
1644 5320 1980 5393 ﬂagellantcs
2023 5337 2154 5378 vos-

563 5413 828 5485 metipsos
849 5428 960 5469 non
981 5411 1256 5470 sentiatis.

1211 5662 1365 5719 CAP.
1406 5659 1501 5716 IX.

634 5796 810 5854 Omne
843 5797 1213 5869 quodcunque
1259 5794 1476 5850 unitum
1522 5792 1682 5847 alteri
1741 5789 1809 5845 ad
1859 5789 2153 5860 perlicien-

571 5892 703 5949 dum
734 5907 897 5948 uuam
951 5901 1203 5947 naturam
1238 5890 1322 5949 vel
1350 5898 1407 5943 ct
1458 5884 1817 5956 hypostasim,
1866 5898 1995 5954 pars
2053 5884 2151 5939 dc-

2259 4679 2643 4753 προσπλασθῇ,
2678 4678 2857 4750 χρυσῆ
2878 4693 2896 4711 ο
2930 4677 3023 4733 καὶ
3050 4678 3109 4731 ὲν
3138 4679 3252 4739 τοῖς
3282 4676 3497 4738 λοιποῖς
3531 4674 3588 4727 δὲ
3622 4670 3827 4743 ὁρῶμεν

2256 4775 2339 4829 ὅτι
2388 4777 2417 4829 ὁ
2452 4775 2512 4828 ὲν
2560 4772 2641 4844 τῷ
2668 4772 2848 4843 λευκῷ
2884 4771 3103 4836 λευκός.
3142 4768 3283 4824 Καθ’
3315 4769 3461 4838 ὑμᾶς
3501 4766 3561 4820 δὲ
3584 4765 3711 4830 ἔδει,
3748 4761 3825 4815 ὅτε

2256 4866 2530 4937 πυροῦταί
2579 4882 2652 4929 τι,
2703 4864 2849 4936 ὕδωρ
2904 4863 3105 4935 μᾶλλον
3146 4860 3428 4916 καλεῖσθαι
3457 4877 3471 4891 ο
3504 4857 3601 4912 καὶ
3635 4858 3724 4912 ὅτε
3753 4868 3824 4914 τις

2260 4960 2551 5030 σωφρονεῖ,
2582 4957 2704 5012 τότε
2725 4957 3025 5021 ἀκόλαστος
3058 4953 3359 5023 λέγεσθαι·
3390 4951 3486 5005 καὶ
3512 4951 3603 5003 ὅτε
3642 4947 3819 5006 ἀδικεῖ,

2257 5053 2466 5117 δίκαιος
2491 5068 2506 5084 ο
2545 5051 2669 5106 τότε
2713 5050 2827 5122 γὰρ
2860 5049 3063 5121 μᾶλλον
3093 5047 3348 5117 διέστηκε
3387 5044 3515 5098 τάδε
3547 5042 3659 5096 τῶν
3688 5041 3821 5094 ἐναν-

2255 5146 2388 5200 τίων
2437 5144 2619 5209 αὐτοῖς
2643 5161 2659 5177 ο
2711 5143 2890 5198 καίτοι
2928 5143 3039 5198 πᾶν
3097 5139 3454 5210 παρώνυμον,
3486 5139 3550 5191 ἐκ
3602 5131 3821 5206 μεταλή·

2254 5238 2402 5311 ψεως
2425 5238 2522 5292 καὶ
2547 5235 2794 5301 ἑνώσεως
2818 5237 2913 5291 τοῦ
2936 5235 3285 5309 πράγματος,
3314 5233 3442 5303 ἔσχε
3465 5231 3562 5285 καὶ
3581 5228 3819 5296 τοῦνομα.

2269 5332 2413 5385 Ἀλλ’
2445 5331 2616 5395 ὄντως
2648 5331 2869 5386 ἐοίκατε
2899 5330 2962 5383 τὸ
2987 5330 3100 5384 τῶν
3126 5327 3373 5398 ἐσχάτως
3406 5323 3710 5379 νοσούντων
3736 5318 3821 5386 τὴν

2258 5424 2691 5497 παραφροσύνην
2717 5422 3083 5486 πεπονθέναι,
3106 5420 3155 5473 οἳ
3187 5419 3453 5484 πολλάκις
3489 5416 3715 5478 ἑαυτοὺς
3743 5409 3817 5465 καὶ

2258 5519 2508 5590 σφοδρῶς
2540 5518 2797 5582 παίοντες
2818 5518 2919 5572 οὐκ
2943 5517 3316 5571 αίσθάνονται.

2856 5654 3114 5708 xeo“.
3144 5637 3225 5706 ου.

2328 5793 2443 5847 Πᾶν
2475 5789 2653 5845 ὁτιοῦν
2699 5789 3079 5860 συντιθέμενον
3103 5788 3278 5861 ἑτέρῳ
3313 5791 3394 5852 είς
3418 5786 3479 5841 τὸ
3504 5781 3808 5841 ἀποτελέσει

2264 5886 2389 5958 μίαν
2416 5885 2575 5953 φύσιν
2614 5884 2647 5957 ἢ
2685 5885 2775 5939 καὶ
2832 5883 3134 5939 ὑπόστασιν
3159 5925 3175 5952 ,
3218 5882 3383 5954 μέρος
3431 5880 3702 5935 δείκνυται
3728 5873 3811 5942 τῆς
