  <div class='ocr_page' id='page_1' title='image "/cluster/home/n/w/nwhite01/storage/ocr_20150623/86:1/hvd.32044019208909/726.png"; bbox 0 0 3916 6550; ppageno 0'>
   <div class='ocr_carea' id='block_1_1' title="bbox 136 480 306 545">
    <p class='ocr_par' dir='ltr' id='par_1_1' title="bbox 136 480 306 545">
     <span class='ocr_line' id='line_1_1' title="bbox 136 480 306 545; baseline -0.006 -1"><span class='ocrx_word' id='word_1_1' title='bbox 136 480 306 545; x_wconf 66' lang='lat'><strong>1-137</strong></span> 
     </span>
    </p>
   </div>
   <div class='ocr_carea' id='block_1_2' title="bbox 1171 485 2520 548">
    <p class='ocr_par' dir='ltr' id='par_1_2' title="bbox 1171 485 2520 548">
     <span class='ocr_line' id='line_1_2' title="bbox 1171 485 2520 548; baseline 0.004 -6"><span class='ocrx_word' id='word_1_2' title='bbox 1171 485 1567 546; x_wconf 82' lang='lat' dir='ltr'><strong>ADVERSUS</strong></span> <span class='ocrx_word' id='word_1_3' title='bbox 1604 485 2152 545; x_wconf 81' lang='lat' dir='ltr'><strong>NESTORIANOS.</strong></span> <span class='ocrx_word' id='word_1_4' title='bbox 2194 510 2262 521; x_wconf 89' lang='lat'><em>—</em></span> <span class='ocrx_word' id='word_1_5' title='bbox 2286 487 2431 547; x_wconf 85' lang='lat' dir='ltr'><strong>LIB.</strong></span> <span class='ocrx_word' id='word_1_6' title='bbox 2475 488 2520 548; x_wconf 93' lang='grc' dir='ltr'>Ι.</span> 
     </span>
    </p>
   </div>
   <div class='ocr_carea' id='block_1_3' title="bbox 3287 487 3423 552">
    <p class='ocr_par' dir='ltr' id='par_1_3' title="bbox 3287 487 3423 552">
     <span class='ocr_line' id='line_1_3' title="bbox 3287 487 3423 552; baseline -0.007 0"><span class='ocrx_word' id='word_1_7' title='bbox 3287 487 3306 552; x_wconf 84' lang='lat' dir='ltr'><strong>l</strong></span> <span class='ocrx_word' id='word_1_8' title='bbox 3325 490 3423 552; x_wconf 66' lang='lat'><strong>138</strong></span> 
     </span>
    </p>
   </div>
   <div class='ocr_carea' id='block_1_4' title="bbox 130 593 1740 666">
    <p class='ocr_par' dir='ltr' id='par_1_4' title="bbox 130 593 1738 666">
     <span class='ocr_line' id='line_1_4' title="bbox 130 593 1738 666; baseline 0.001 -19"><span class='ocrx_word' id='word_1_9' title='bbox 130 597 201 647; x_wconf 82' lang='grc' dir='ltr'><strong>ἐν</strong></span> <span class='ocrx_word' id='word_1_10' title='bbox 241 593 410 664; x_wconf 86' lang='grc' dir='ltr'>αὑτῷ</span> <span class='ocrx_word' id='word_1_11' title='bbox 441 593 889 664; x_wconf 75' lang='grc' dir='ltr'>ἀποτελουμένης</span> <span class='ocrx_word' id='word_1_12' title='bbox 923 596 1051 663; x_wconf 80' lang='grc' dir='ltr'>μιᾶς</span> <span class='ocrx_word' id='word_1_13' title='bbox 1082 595 1348 666; x_wconf 84' lang='grc' dir='ltr'>φύσεωςῆ</span> <span class='ocrx_word' id='word_1_14' title='bbox 1379 597 1473 649; x_wconf 72' lang='grc' dir='ltr'>καὶ</span> <span class='ocrx_word' id='word_1_15' title='bbox 1504 597 1738 649; x_wconf 69' lang='grc' dir='ltr'>ὑποστάς</span> 
     </span>
    </p>
   </div>
   <div class='ocr_carea' id='block_1_5' title="bbox 1843 593 3426 666">
    <p class='ocr_par' dir='ltr' id='par_1_5' title="bbox 1846 595 3426 665">
     <span class='ocr_line' id='line_1_5' title="bbox 1846 595 3426 665; baseline 0.006 -17"><span class='ocrx_word' id='word_1_16' title='bbox 1846 603 2183 649; x_wconf 90' lang='lat' dir='ltr'><strong>monstratur</strong></span> <span class='ocrx_word' id='word_1_17' title='bbox 2233 597 2489 664; x_wconf 74' lang='lat' dir='ltr'><strong>perfecta:</strong></span> <span class='ocrx_word' id='word_1_18' title='bbox 2540 596 2594 648; x_wconf 92' lang='lat' dir='ltr'><strong>in</strong></span> <span class='ocrx_word' id='word_1_19' title='bbox 2640 596 2760 665; x_wconf 90' lang='lat' dir='ltr'><strong>ipso</strong></span> <span class='ocrx_word' id='word_1_20' title='bbox 2807 595 2970 651; x_wconf 88' lang='lat' dir='ltr'><strong>unius</strong></span> <span class='ocrx_word' id='word_1_21' title='bbox 3018 607 3229 654; x_wconf 76' lang='lat' dir='ltr'><strong>natura:</strong></span> <span class='ocrx_word' id='word_1_22' title='bbox 3261 603 3342 654; x_wconf 81' lang='lat' dir='ltr'><strong>vel</strong></span> <span class='ocrx_word' id='word_1_23' title='bbox 3372 616 3426 657; x_wconf 77' lang='lat' dir='ltr'><strong>ct</strong></span> 
     </span>
    </p>
   </div>
   <div class='ocr_carea' id='block_1_6' title="bbox 135 685 1741 758">
    <p class='ocr_par' dir='ltr' id='par_1_6' title="bbox 135 685 1741 758">
     <span class='ocr_line' id='line_1_6' title="bbox 135 685 1741 758; baseline 0.001 -19"><span class='ocrx_word' id='word_1_24' title='bbox 135 705 302 747; x_wconf 84' lang='grc' dir='ltr'>σεως</span> <span class='ocrx_word' id='word_1_25' title='bbox 331 703 346 717; x_wconf 78' lang='grc'><strong><em>⁸</em></strong></span> <span class='ocrx_word' id='word_1_26' title='bbox 375 688 484 739; x_wconf 81' lang='grc' dir='ltr'>πᾶν</span> <span class='ocrx_word' id='word_1_27' title='bbox 507 687 564 740; x_wconf 84' lang='grc' dir='ltr'><strong>δὲ</strong></span> <span class='ocrx_word' id='word_1_28' title='bbox 590 687 754 756; x_wconf 81' lang='grc' dir='ltr'><strong>μέρος</strong></span> <span class='ocrx_word' id='word_1_29' title='bbox 787 689 916 756; x_wconf 72' lang='grc' dir='ltr'>μιᾶς</span> <span class='ocrx_word' id='word_1_30' title='bbox 946 685 1214 758; x_wconf 79' lang='grc' dir='ltr'>φύσεωςῆ</span> <span class='ocrx_word' id='word_1_31' title='bbox 1247 691 1340 741; x_wconf 86' lang='grc' dir='ltr'><strong>καί</strong></span> <span class='ocrx_word' id='word_1_32' title='bbox 1372 689 1741 751; x_wconf 82' lang='grc' dir='ltr'><strong>ὑποστάσεως,</strong></span> 
     </span>
    </p>
   </div>
   <div class='ocr_carea' id='block_1_7' title="bbox 134 773 1748 850">
    <p class='ocr_par' dir='ltr' id='par_1_7' title="bbox 134 773 1748 850">
     <span class='ocr_line' id='line_1_7' title="bbox 134 773 1748 850; baseline -0.001 -17"><span class='ocrx_word' id='word_1_33' title='bbox 134 780 254 833; x_wconf 83' lang='grc' dir='ltr'><strong>οὑκ</strong></span> <span class='ocrx_word' id='word_1_34' title='bbox 292 775 409 832; x_wconf 83' lang='grc' dir='ltr'>οἶδε</span> <span class='ocrx_word' id='word_1_35' title='bbox 444 779 581 843; x_wconf 79' lang='grc' dir='ltr'>πῶς,</span> <span class='ocrx_word' id='word_1_36' title='bbox 614 779 649 849; x_wconf 83' lang='grc' dir='ltr'>ἢ</span> <span class='ocrx_word' id='word_1_37' title='bbox 681 779 809 843; x_wconf 81' lang='grc' dir='ltr'>ποῦ,</span> <span class='ocrx_word' id='word_1_38' title='bbox 841 779 872 849; x_wconf 82' lang='grc' dir='ltr'>ἢ</span> <span class='ocrx_word' id='word_1_39' title='bbox 901 779 1032 832; x_wconf 85' lang='grc' dir='ltr'>πότε</span> <span class='ocrx_word' id='word_1_40' title='bbox 1063 781 1321 849; x_wconf 82' lang='grc' dir='ltr'><strong>συνετέθη</strong></span> <span class='ocrx_word' id='word_1_41' title='bbox 1350 780 1425 850; x_wconf 78' lang='grc' dir='ltr'><strong>τῷ</strong></span> <span class='ocrx_word' id='word_1_42' title='bbox 1447 773 1600 850; x_wconf 82' lang='grc' dir='ltr'>ᾧπερ</span> <span class='ocrx_word' id='word_1_43' title='bbox 1624 797 1748 832; x_wconf 84' lang='grc' dir='ltr'>συν·</span> 
     </span>
    </p>
   </div>
   <div class='ocr_carea' id='block_1_8' title="bbox 138 871 1744 943">
    <p class='ocr_par' dir='ltr' id='par_1_8' title="bbox 138 871 1744 943">
     <span class='ocr_line' id='line_1_8' title="bbox 138 871 1744 943; baseline 0.001 -20"><span class='ocrx_word' id='word_1_44' title='bbox 138 871 350 939; x_wconf 87' lang='grc' dir='ltr'>ετέθη,</span> <span class='ocrx_word' id='word_1_45' title='bbox 405 872 534 940; x_wconf 88' lang='grc' dir='ltr'><strong>μήτι</strong></span> <span class='ocrx_word' id='word_1_46' title='bbox 577 887 641 939; x_wconf 89' lang='grc' dir='ltr'><strong>γε</strong></span> <span class='ocrx_word' id='word_1_47' title='bbox 695 871 836 941; x_wconf 81' lang='grc' dir='ltr'><strong>μετά</strong></span> <span class='ocrx_word' id='word_1_48' title='bbox 883 871 1059 926; x_wconf 77' lang='grc' dir='ltr'>ταῦτα</span> <span class='ocrx_word' id='word_1_49' title='bbox 1097 873 1357 943; x_wconf 78' lang='grc' dir='ltr'><strong>ἀμυδρῶς</strong></span> <span class='ocrx_word' id='word_1_50' title='bbox 1402 889 1519 936; x_wconf 85' lang='grc' dir='ltr'><strong>πως</strong></span> <span class='ocrx_word' id='word_1_51' title='bbox 1562 872 1744 942; x_wconf 85' lang='grc' dir='ltr'>μάθοι.</span> 
     </span>
    </p>
   </div>
   <div class='ocr_carea' id='block_1_9' title="bbox 141 963 1746 1035">
    <p class='ocr_par' dir='ltr' id='par_1_9' title="bbox 141 963 1746 1035">
     <span class='ocr_line' id='line_1_9' title="bbox 141 963 1746 1035; baseline 0.002 -20"><span class='ocrx_word' id='word_1_52' title='bbox 141 963 276 1015; x_wconf 72' lang='grc' dir='ltr'><strong>Πᾶν</strong></span> <span class='ocrx_word' id='word_1_53' title='bbox 310 963 424 1033; x_wconf 84' lang='grc' dir='ltr'>ἄρα</span> <span class='ocrx_word' id='word_1_54' title='bbox 449 963 831 1035; x_wconf 83' lang='grc' dir='ltr'><strong>συντιθέμενον</strong></span> <span class='ocrx_word' id='word_1_55' title='bbox 848 963 1038 1034; x_wconf 81' lang='grc' dir='ltr'>ἑτέρῳ,</span> <span class='ocrx_word' id='word_1_56' title='bbox 1062 966 1141 1027; x_wconf 89' lang='grc' dir='ltr'><strong>εἰς</strong></span> <span class='ocrx_word' id='word_1_57' title='bbox 1163 965 1225 1017; x_wconf 88' lang='grc' dir='ltr'><strong>τὸ</strong></span> <span class='ocrx_word' id='word_1_58' title='bbox 1258 965 1583 1017; x_wconf 80' lang='grc' dir='ltr'><strong>ἀποτελέσαι</strong></span> <span class='ocrx_word' id='word_1_59' title='bbox 1618 965 1746 1035; x_wconf 83' lang='grc' dir='ltr'>μίαν</span> 
     </span>
    </p>
   </div>
   <div class='ocr_carea' id='block_1_10' title="bbox 144 1052 1743 1128">
    <p class='ocr_par' dir='ltr' id='par_1_10' title="bbox 144 1052 1743 1128">
     <span class='ocr_line' id='line_1_10' title="bbox 144 1052 1743 1128; baseline 0.003 -23"><span class='ocrx_word' id='word_1_60' title='bbox 144 1053 330 1122; x_wconf 84' lang='grc' dir='ltr'>φύσιν</span> <span class='ocrx_word' id='word_1_61' title='bbox 367 1055 400 1124; x_wconf 84' lang='grc' dir='ltr'>ἢ</span> <span class='ocrx_word' id='word_1_62' title='bbox 435 1058 531 1108; x_wconf 74' lang='grc' dir='ltr'><strong>καὶ</strong></span> <span class='ocrx_word' id='word_1_63' title='bbox 559 1056 892 1123; x_wconf 82' lang='grc' dir='ltr'>ὑπόστασιν,</span> <span class='ocrx_word' id='word_1_64' title='bbox 927 1058 1028 1110; x_wconf 87' lang='grc' dir='ltr'><strong>οὑκ</strong></span> <span class='ocrx_word' id='word_1_65' title='bbox 1054 1052 1162 1111; x_wconf 77' lang='grc' dir='ltr'>οἶδε</span> <span class='ocrx_word' id='word_1_66' title='bbox 1191 1057 1309 1120; x_wconf 84' lang='grc' dir='ltr'><strong>πῶς</strong></span> <span class='ocrx_word' id='word_1_67' title='bbox 1343 1057 1374 1127; x_wconf 84' lang='grc' dir='ltr'>ἦ</span> <span class='ocrx_word' id='word_1_68' title='bbox 1408 1057 1510 1110; x_wconf 79' lang='grc' dir='ltr'><strong>ποῦ</strong></span> <span class='ocrx_word' id='word_1_69' title='bbox 1547 1058 1578 1128; x_wconf 80' lang='grc' dir='ltr'>ἦ</span> <span class='ocrx_word' id='word_1_70' title='bbox 1612 1058 1743 1110; x_wconf 89' lang='grc' dir='ltr'>πότε</span> 
     </span>
    </p>
   </div>
   <div class='ocr_carea' id='block_1_11' title="bbox 147 1142 1744 1221">
    <p class='ocr_par' dir='ltr' id='par_1_11' title="bbox 147 1142 1744 1221">
     <span class='ocr_line' id='line_1_11' title="bbox 147 1142 1744 1221; baseline 0.001 -20"><span class='ocrx_word' id='word_1_71' title='bbox 147 1148 432 1218; x_wconf 76' lang='grc' dir='ltr'>συνετέθη</span> <span class='ocrx_word' id='word_1_72' title='bbox 470 1150 546 1220; x_wconf 84' lang='grc' dir='ltr'><strong>τῷ</strong></span> <span class='ocrx_word' id='word_1_73' title='bbox 591 1142 744 1220; x_wconf 81' lang='grc' dir='ltr'>ᾧπερ</span> <span class='ocrx_word' id='word_1_74' title='bbox 795 1149 1055 1221; x_wconf 83' lang='grc' dir='ltr'>συνετέθη</span> <span class='ocrx_word' id='word_1_75' title='bbox 1081 1191 1097 1216; x_wconf 95' lang='grc'><strong>,</strong></span> <span class='ocrx_word' id='word_1_76' title='bbox 1135 1153 1264 1221; x_wconf 78' lang='grc' dir='ltr'>μήτι</span> <span class='ocrx_word' id='word_1_77' title='bbox 1295 1167 1358 1218; x_wconf 91' lang='grc' dir='ltr'><strong>γε</strong></span> <span class='ocrx_word' id='word_1_78' title='bbox 1395 1150 1536 1220; x_wconf 83' lang='grc' dir='ltr'>μετὰ</span> <span class='ocrx_word' id='word_1_79' title='bbox 1570 1148 1744 1202; x_wconf 77' lang='grc' dir='ltr'>ταῦτα</span> 
     </span>
    </p>
   </div>
   <div class='ocr_carea' id='block_1_12' title="bbox 150 1240 1743 1312">
    <p class='ocr_par' dir='ltr' id='par_1_12' title="bbox 150 1240 1743 1312">
     <span class='ocr_line' id='line_1_12' title="bbox 150 1240 1743 1312; baseline -0.001 -18"><span class='ocrx_word' id='word_1_80' title='bbox 150 1240 433 1311; x_wconf 82' lang='grc' dir='ltr'><strong>ἀμυδρῶς</strong></span> <span class='ocrx_word' id='word_1_81' title='bbox 475 1259 591 1304; x_wconf 90' lang='grc' dir='ltr'><strong>πως</strong></span> <span class='ocrx_word' id='word_1_82' title='bbox 623 1241 787 1312; x_wconf 84' lang='grc' dir='ltr'><strong>μάθοι</strong></span> <span class='ocrx_word' id='word_1_83' title='bbox 808 1257 822 1271; x_wconf 76' lang='grc'><strong><em>⁸</em></strong></span> <span class='ocrx_word' id='word_1_84' title='bbox 854 1242 904 1294; x_wconf 90' lang='grc' dir='ltr'><strong>εἰ</strong></span> <span class='ocrx_word' id='word_1_85' title='bbox 942 1241 999 1294; x_wconf 83' lang='grc' dir='ltr'><strong>δὲ</strong></span> <span class='ocrx_word' id='word_1_86' title='bbox 1028 1240 1213 1306; x_wconf 82' lang='grc' dir='ltr'>τοῦτο,</span> <span class='ocrx_word' id='word_1_87' title='bbox 1242 1240 1277 1311; x_wconf 73' lang='grc' dir='ltr'>ἢ</span> <span class='ocrx_word' id='word_1_88' title='bbox 1317 1242 1378 1293; x_wconf 85' lang='grc' dir='ltr'><strong>οὑ</strong></span> <span class='ocrx_word' id='word_1_89' title='bbox 1423 1241 1685 1308; x_wconf 83' lang='grc' dir='ltr'>συνετέθη</span> <span class='ocrx_word' id='word_1_90' title='bbox 1715 1241 1743 1292; x_wconf 95' lang='lat'><strong>6</strong></span> 
     </span>
    </p>
   </div>
   <div class='ocr_carea' id='block_1_13' title="bbox 150 1330 1742 1402">
    <p class='ocr_par' dir='ltr' id='par_1_13' title="bbox 150 1330 1742 1402">
     <span class='ocr_line' id='line_1_13' title="bbox 150 1330 1742 1402; baseline 0.001 -19"><span class='ocrx_word' id='word_1_91' title='bbox 150 1330 299 1394; x_wconf 85' lang='grc' dir='ltr'>Θεὸς</span> <span class='ocrx_word' id='word_1_92' title='bbox 327 1331 503 1399; x_wconf 83' lang='grc' dir='ltr'><strong>Λόγος</strong></span> <span class='ocrx_word' id='word_1_93' title='bbox 529 1331 606 1401; x_wconf 83' lang='grc' dir='ltr'>τῷ</span> <span class='ocrx_word' id='word_1_94' title='bbox 656 1333 715 1398; x_wconf 90' lang='grc' dir='ltr'><strong>ἐξ</strong></span> <span class='ocrx_word' id='word_1_95' title='bbox 749 1332 905 1401; x_wconf 78' lang='grc' dir='ltr'>ἡμῶν</span> <span class='ocrx_word' id='word_1_96' title='bbox 939 1332 1209 1402; x_wconf 82' lang='grc' dir='ltr'>ἀνθρώπῳ</span> <span class='ocrx_word' id='word_1_97' title='bbox 1243 1331 1416 1385; x_wconf 87' lang='grc' dir='ltr'>πάντα</span> <span class='ocrx_word' id='word_1_98' title='bbox 1441 1333 1742 1401; x_wconf 88' lang='grc' dir='ltr'>ἐπιστάμε-</span> 
     </span>
    </p>
   </div>
   <div class='ocr_carea' id='block_1_14' title="bbox 153 1423 1740 1495">
    <p class='ocr_par' dir='ltr' id='par_1_14' title="bbox 153 1423 1740 1495">
     <span class='ocr_line' id='line_1_14' title="bbox 153 1423 1740 1495; baseline -0.001 -18"><span class='ocrx_word' id='word_1_99' title='bbox 153 1441 274 1487; x_wconf 86' lang='grc' dir='ltr'>νος,</span> <span class='ocrx_word' id='word_1_100' title='bbox 325 1426 424 1477; x_wconf 70' lang='grc' dir='ltr'><strong>καὶ</strong></span> <span class='ocrx_word' id='word_1_101' title='bbox 468 1425 738 1495; x_wconf 86' lang='grc' dir='ltr'>μηδέποτε</span> <span class='ocrx_word' id='word_1_102' title='bbox 787 1425 954 1495; x_wconf 81' lang='grc' dir='ltr'>μηδὲν</span> <span class='ocrx_word' id='word_1_103' title='bbox 1013 1424 1320 1494; x_wconf 83' lang='grc' dir='ltr'>μανθάνων,</span> <span class='ocrx_word' id='word_1_104' title='bbox 1368 1424 1402 1494; x_wconf 81' lang='grc' dir='ltr'><strong>ἢ</strong></span> <span class='ocrx_word' id='word_1_105' title='bbox 1443 1423 1740 1489; x_wconf 79' lang='grc' dir='ltr'>συντεθεὶς,</span> 
     </span>
    </p>
   </div>
   <div class='ocr_carea' id='block_1_15' title="bbox 152 1513 1744 1588">
    <p class='ocr_par' dir='ltr' id='par_1_15' title="bbox 152 1513 1744 1588">
     <span class='ocr_line' id='line_1_15' title="bbox 152 1513 1744 1588; baseline 0 -19"><span class='ocrx_word' id='word_1_106' title='bbox 152 1517 262 1569; x_wconf 82' lang='grc' dir='ltr'><strong>οὐκ</strong></span> <span class='ocrx_word' id='word_1_107' title='bbox 288 1513 401 1570; x_wconf 74' lang='grc' dir='ltr'>οἶδε</span> <span class='ocrx_word' id='word_1_108' title='bbox 440 1516 559 1581; x_wconf 84' lang='grc' dir='ltr'><strong>πῶς</strong></span> <span class='ocrx_word' id='word_1_109' title='bbox 599 1515 782 1587; x_wconf 78' lang='grc' dir='ltr'>ἡνώθη</span> <span class='ocrx_word' id='word_1_110' title='bbox 807 1516 884 1586; x_wconf 82' lang='grc' dir='ltr'>τῷ</span> <span class='ocrx_word' id='word_1_111' title='bbox 911 1517 1070 1588; x_wconf 77' lang='grc' dir='ltr'>ἡμῶν</span> <span class='ocrx_word' id='word_1_112' title='bbox 1099 1516 1372 1588; x_wconf 82' lang='grc' dir='ltr'>ἀνθρώπῳ</span> <span class='ocrx_word' id='word_1_113' title='bbox 1391 1557 1404 1581; x_wconf 92' lang='grc'><strong>,</strong></span> <span class='ocrx_word' id='word_1_114' title='bbox 1436 1517 1574 1587; x_wconf 90' lang='grc' dir='ltr'>ὅπερ</span> <span class='ocrx_word' id='word_1_115' title='bbox 1616 1517 1744 1570; x_wconf 85' lang='grc' dir='ltr'>ἀσε-</span> 
     </span>
    </p>
   </div>
   <div class='ocr_carea' id='block_1_16' title="bbox 153 1607 1743 1683">
    <p class='ocr_par' dir='ltr' id='par_1_16' title="bbox 153 1607 1743 1683">
     <span class='ocr_line' id='line_1_16' title="bbox 153 1607 1743 1683; baseline -0.001 -22"><span class='ocrx_word' id='word_1_116' title='bbox 153 1607 281 1671; x_wconf 69' lang='grc' dir='ltr'>ϐές.</span> <span class='ocrx_word' id='word_1_117' title='bbox 329 1609 396 1661; x_wconf 82' lang='grc' dir='ltr'>Ἦ</span> <span class='ocrx_word' id='word_1_118' title='bbox 445 1607 774 1683; x_wconf 53' lang='grc' dir='ltr'>μὲνπρώτη</span> <span class='ocrx_word' id='word_1_119' title='bbox 825 1609 979 1678; x_wconf 85' lang='grc' dir='ltr'>ὑμῶν</span> <span class='ocrx_word' id='word_1_120' title='bbox 1010 1610 1111 1662; x_wconf 80' lang='grc' dir='ltr'><strong>κάν</strong></span> <span class='ocrx_word' id='word_1_121' title='bbox 1136 1609 1310 1680; x_wconf 80' lang='grc' dir='ltr'>τούτῳ</span> <span class='ocrx_word' id='word_1_122' title='bbox 1347 1608 1425 1679; x_wconf 83' lang='grc' dir='ltr'><strong>τῷ</strong></span> <span class='ocrx_word' id='word_1_123' title='bbox 1458 1609 1743 1680; x_wconf 77' lang='grc' dir='ltr'>ἐπιχειρή-</span> 
     </span>
    </p>
   </div>
   <div class='ocr_carea' id='block_1_17' title="bbox 158 1694 1742 1770">
    <p class='ocr_par' dir='ltr' id='par_1_17' title="bbox 158 1694 1742 1770">
     <span class='ocr_line' id='line_1_17' title="bbox 158 1694 1742 1770; baseline 0.002 -21"><span class='ocrx_word' id='word_1_124' title='bbox 158 1715 302 1765; x_wconf 87' lang='grc' dir='ltr'>ματι</span> <span class='ocrx_word' id='word_1_125' title='bbox 337 1698 606 1770; x_wconf 87' lang='grc' dir='ltr'>πρότασις</span> <span class='ocrx_word' id='word_1_126' title='bbox 632 1739 646 1763; x_wconf 95' lang='grc'><strong>,</strong></span> <span class='ocrx_word' id='word_1_127' title='bbox 672 1694 762 1753; x_wconf 75' lang='grc' dir='ltr'>οἷά</span> <span class='ocrx_word' id='word_1_128' title='bbox 793 1717 876 1762; x_wconf 89' lang='grc' dir='ltr'><strong>τις</strong></span> <span class='ocrx_word' id='word_1_129' title='bbox 901 1696 1034 1754; x_wconf 84' lang='grc' dir='ltr'>οὖσα</span> <span class='ocrx_word' id='word_1_130' title='bbox 1072 1700 1263 1770; x_wconf 79' lang='grc' dir='ltr'><strong>τρόπις</strong></span> <span class='ocrx_word' id='word_1_131' title='bbox 1296 1701 1392 1754; x_wconf 70' lang='grc' dir='ltr'>καὶ</span> <span class='ocrx_word' id='word_1_132' title='bbox 1419 1700 1514 1754; x_wconf 80' lang='grc' dir='ltr'><strong>τοῦ</strong></span> <span class='ocrx_word' id='word_1_133' title='bbox 1552 1699 1742 1770; x_wconf 85' lang='grc' dir='ltr'>πρώην</span> 
     </span>
    </p>
   </div>
   <div class='ocr_carea' id='block_1_18' title="bbox 156 1789 1741 1862">
    <p class='ocr_par' dir='ltr' id='par_1_18' title="bbox 156 1789 1741 1862">
     <span class='ocr_line' id='line_1_18' title="bbox 156 1789 1741 1862; baseline 0.001 -20"><span class='ocrx_word' id='word_1_134' title='bbox 156 1790 260 1843; x_wconf 72' lang='grc' dir='ltr'><strong>καὶ</strong></span> <span class='ocrx_word' id='word_1_135' title='bbox 287 1789 387 1842; x_wconf 79' lang='grc' dir='ltr'>τοῦ</span> <span class='ocrx_word' id='word_1_136' title='bbox 413 1790 684 1861; x_wconf 73' lang='grc' dir='ltr'><strong>παρόντος</strong></span> <span class='ocrx_word' id='word_1_137' title='bbox 726 1789 1085 1860; x_wconf 78' lang='grc' dir='ltr'>συλλογισμοῦ</span> <span class='ocrx_word' id='word_1_138' title='bbox 1116 1792 1216 1862; x_wconf 67' lang='grc' dir='ltr'>ἤδη</span> <span class='ocrx_word' id='word_1_139' title='bbox 1250 1791 1657 1862; x_wconf 80' lang='grc' dir='ltr'>προκατέακται</span> <span class='ocrx_word' id='word_1_140' title='bbox 1684 1792 1741 1843; x_wconf 92' lang='grc' dir='ltr'><strong>ἐν</strong></span> 
     </span>
    </p>
   </div>
   <div class='ocr_carea' id='block_1_19' title="bbox 157 1881 1744 1953">
    <p class='ocr_par' dir='ltr' id='par_1_19' title="bbox 157 1881 1744 1953">
     <span class='ocr_line' id='line_1_19' title="bbox 157 1881 1744 1953; baseline 0 -19"><span class='ocrx_word' id='word_1_141' title='bbox 157 1883 285 1944; x_wconf 85' lang='grc' dir='ltr'>ταῖς</span> <span class='ocrx_word' id='word_1_142' title='bbox 319 1881 719 1952; x_wconf 70' lang='grc' dir='ltr'>προλαϐοῦσαις</span> <span class='ocrx_word' id='word_1_143' title='bbox 761 1882 918 1952; x_wconf 81' lang='grc' dir='ltr'>ἡμῶν</span> <span class='ocrx_word' id='word_1_144' title='bbox 950 1883 1305 1953; x_wconf 77' lang='grc' dir='ltr'>ὑπαντήσεσι.</span> <span class='ocrx_word' id='word_1_145' title='bbox 1339 1881 1485 1953; x_wconf 79' lang='grc' dir='ltr'>Πλὴν</span> <span class='ocrx_word' id='word_1_146' title='bbox 1511 1881 1744 1935; x_wconf 80' lang='grc' dir='ltr'>δεδόσθω</span> 
     </span>
    </p>
   </div>
   <div class='ocr_carea' id='block_1_20' title="bbox 159 1972 1741 2045">
    <p class='ocr_par' dir='ltr' id='par_1_20' title="bbox 159 1972 1741 2045">
     <span class='ocr_line' id='line_1_20' title="bbox 159 1972 1741 2045; baseline 0.001 -21"><span class='ocrx_word' id='word_1_147' title='bbox 159 1972 260 2026; x_wconf 79' lang='grc' dir='ltr'>καὶ</span> <span class='ocrx_word' id='word_1_148' title='bbox 288 1972 464 2035; x_wconf 73' lang='grc' dir='ltr'>οὕτως</span> <span class='ocrx_word' id='word_1_149' title='bbox 500 1972 643 2043; x_wconf 84' lang='grc' dir='ltr'>ἐχειν</span> <span class='ocrx_word' id='word_1_150' title='bbox 670 1972 794 2026; x_wconf 83' lang='grc' dir='ltr'>καθ’</span> <span class='ocrx_word' id='word_1_151' title='bbox 826 1974 1103 2038; x_wconf 87' lang='grc' dir='ltr'>ὑπόθεσιν,</span> <span class='ocrx_word' id='word_1_152' title='bbox 1129 1975 1211 2027; x_wconf 89' lang='grc' dir='ltr'><strong>ὅτι</strong></span> <span class='ocrx_word' id='word_1_153' title='bbox 1237 1975 1328 2027; x_wconf 68' lang='grc' dir='ltr'>καὶ</span> <span class='ocrx_word' id='word_1_154' title='bbox 1360 1975 1500 2045; x_wconf 88' lang='grc' dir='ltr'>μέρη</span> <span class='ocrx_word' id='word_1_155' title='bbox 1523 1974 1632 2026; x_wconf 77' lang='grc' dir='ltr'>εἰσὶ</span> <span class='ocrx_word' id='word_1_156' title='bbox 1669 1973 1741 2026; x_wconf 78' lang='grc' dir='ltr'>τὰ</span> 
     </span>
    </p>
   </div>
   <div class='ocr_carea' id='block_1_21' title="bbox 157 2064 1736 2138">
    <p class='ocr_par' dir='ltr' id='par_1_21' title="bbox 157 2064 1736 2138">
     <span class='ocr_line' id='line_1_21' title="bbox 157 2064 1736 2138; baseline 0.001 -21"><span class='ocrx_word' id='word_1_157' title='bbox 157 2064 264 2135; x_wconf 81' lang='grc' dir='ltr'>τῆς</span> <span class='ocrx_word' id='word_1_158' title='bbox 323 2065 676 2129; x_wconf 85' lang='grc' dir='ltr'>ὑποστάσεως</span> <span class='ocrx_word' id='word_1_159' title='bbox 725 2066 1046 2131; x_wconf 77' lang='grc' dir='ltr'>συστατικὰ,</span> <span class='ocrx_word' id='word_1_160' title='bbox 1093 2067 1189 2120; x_wconf 70' lang='grc' dir='ltr'>καὶ</span> <span class='ocrx_word' id='word_1_161' title='bbox 1229 2067 1330 2120; x_wconf 76' lang='grc' dir='ltr'><strong>οὑκ</strong></span> <span class='ocrx_word' id='word_1_162' title='bbox 1372 2069 1518 2122; x_wconf 85' lang='grc' dir='ltr'>ῐσασι</span> <span class='ocrx_word' id='word_1_163' title='bbox 1562 2067 1736 2138; x_wconf 76' lang='grc' dir='ltr'>πῶςῆ</span> 
     </span>
    </p>
   </div>
   <div class='ocr_carea' id='block_1_22' title="bbox 162 2152 1740 2228">
    <p class='ocr_par' dir='ltr' id='par_1_22' title="bbox 162 2152 1740 2228">
     <span class='ocr_line' id='line_1_22' title="bbox 162 2152 1740 2228; baseline 0.002 -20"><span class='ocrx_word' id='word_1_164' title='bbox 162 2155 272 2208; x_wconf 81' lang='grc' dir='ltr'>ποῦ</span> <span class='ocrx_word' id='word_1_165' title='bbox 314 2155 347 2225; x_wconf 78' lang='grc' dir='ltr'>ἢ</span> <span class='ocrx_word' id='word_1_166' title='bbox 378 2157 507 2209; x_wconf 85' lang='grc' dir='ltr'>πότε</span> <span class='ocrx_word' id='word_1_167' title='bbox 552 2157 946 2228; x_wconf 77' lang='grc' dir='ltr'><strong>συνετέθησαν⁹</strong></span> <span class='ocrx_word' id='word_1_168' title='bbox 977 2158 1094 2213; x_wconf 84' lang='grc' dir='ltr'>ἀλλ’</span> <span class='ocrx_word' id='word_1_169' title='bbox 1122 2152 1167 2212; x_wconf 79' lang='grc' dir='ltr'><strong>ὦ</strong></span> <span class='ocrx_word' id='word_1_170' title='bbox 1199 2153 1371 2220; x_wconf 73' lang='grc' dir='ltr'>οὗτοι,</span> <span class='ocrx_word' id='word_1_171' title='bbox 1423 2159 1542 2213; x_wconf 85' lang='grc' dir='ltr'>ὅλον</span> <span class='ocrx_word' id='word_1_172' title='bbox 1581 2159 1740 2213; x_wconf 79' lang='grc' dir='ltr'>τοῦτο</span> 
     </span>
    </p>
   </div>
   <div class='ocr_carea' id='block_1_23' title="bbox 161 2249 1740 2325">
    <p class='ocr_par' dir='ltr' id='par_1_23' title="bbox 161 2249 1740 2325">
     <span class='ocr_line' id='line_1_23' title="bbox 161 2249 1740 2325; baseline 0.003 -24"><span class='ocrx_word' id='word_1_173' title='bbox 161 2249 226 2302; x_wconf 87' lang='grc' dir='ltr'><strong>οὑ</strong></span> <span class='ocrx_word' id='word_1_174' title='bbox 288 2249 501 2320; x_wconf 86' lang='grc' dir='ltr'>νοήσειέ</span> <span class='ocrx_word' id='word_1_175' title='bbox 549 2265 634 2314; x_wconf 89' lang='grc' dir='ltr'><strong>τις</strong></span> <span class='ocrx_word' id='word_1_176' title='bbox 686 2249 775 2316; x_wconf 85' lang='grc' dir='ltr'><strong>ἀν,</strong></span> <span class='ocrx_word' id='word_1_177' title='bbox 820 2253 925 2306; x_wconf 78' lang='grc' dir='ltr'>κᾶν</span> <span class='ocrx_word' id='word_1_178' title='bbox 959 2253 1007 2304; x_wconf 86' lang='grc' dir='ltr'><strong>εἰ</strong></span> <span class='ocrx_word' id='word_1_179' title='bbox 1039 2253 1235 2325; x_wconf 88' lang='grc' dir='ltr'>μικρὸν</span> <span class='ocrx_word' id='word_1_180' title='bbox 1261 2253 1480 2323; x_wconf 79' lang='grc' dir='ltr'>μετέχοι</span> <span class='ocrx_word' id='word_1_181' title='bbox 1514 2252 1740 2322; x_wconf 83' lang='grc' dir='ltr'>λογικῆς</span> 
     </span>
    </p>
   </div>
   <div class='ocr_carea' id='block_1_24' title="bbox 165 2338 1741 2413">
    <p class='ocr_par' dir='ltr' id='par_1_24' title="bbox 165 2338 1741 2413">
     <span class='ocr_line' id='line_1_24' title="bbox 165 2338 1741 2413; baseline 0.003 -21"><span class='ocrx_word' id='word_1_182' title='bbox 165 2338 384 2408; x_wconf 81' lang='grc' dir='ltr'>φύσεως</span> <span class='ocrx_word' id='word_1_183' title='bbox 436 2339 808 2410; x_wconf 80' lang='grc' dir='ltr'>ἐμπὺρευμα,</span> <span class='ocrx_word' id='word_1_184' title='bbox 865 2343 947 2396; x_wconf 85' lang='grc' dir='ltr'><strong>ὅτι</strong></span> <span class='ocrx_word' id='word_1_185' title='bbox 1011 2344 1186 2397; x_wconf 82' lang='grc' dir='ltr'>ταῦτα</span> <span class='ocrx_word' id='word_1_186' title='bbox 1240 2345 1362 2396; x_wconf 88' lang='grc' dir='ltr'>τότε</span> <span class='ocrx_word' id='word_1_187' title='bbox 1420 2343 1741 2413; x_wconf 76' lang='grc' dir='ltr'>συμϐαίνειν</span> 
     </span>
    </p>
   </div>
   <div class='ocr_carea' id='block_1_25' title="bbox 163 2431 1739 2505">
    <p class='ocr_par' dir='ltr' id='par_1_25' title="bbox 163 2431 1739 2505">
     <span class='ocr_line' id='line_1_25' title="bbox 163 2431 1739 2505; baseline 0.003 -22"><span class='ocrx_word' id='word_1_188' title='bbox 163 2431 401 2500; x_wconf 82' lang='grc' dir='ltr'>ἀνάγκη.</span> <span class='ocrx_word' id='word_1_189' title='bbox 442 2432 633 2486; x_wconf 85' lang='grc' dir='ltr'>Ἦνίκα</span> <span class='ocrx_word' id='word_1_190' title='bbox 665 2432 722 2485; x_wconf 83' lang='grc' dir='ltr'>δὲ</span> <span class='ocrx_word' id='word_1_191' title='bbox 752 2432 1098 2504; x_wconf 81' lang='grc' dir='ltr'>ὡμολόγηται</span> <span class='ocrx_word' id='word_1_192' title='bbox 1139 2436 1221 2489; x_wconf 90' lang='grc' dir='ltr'><strong>ὅτι</strong></span> <span class='ocrx_word' id='word_1_193' title='bbox 1253 2437 1280 2488; x_wconf 89' lang='grc' dir='ltr'><strong>ό</strong></span> <span class='ocrx_word' id='word_1_194' title='bbox 1309 2437 1468 2498; x_wconf 85' lang='grc' dir='ltr'>αὑτός</span> <span class='ocrx_word' id='word_1_195' title='bbox 1499 2437 1614 2490; x_wconf 83' lang='grc' dir='ltr'>ἐστι</span> <span class='ocrx_word' id='word_1_196' title='bbox 1639 2438 1739 2505; x_wconf 83' lang='grc' dir='ltr'><strong>τῆς</strong></span> 
     </span>
    </p>
   </div>
   <div class='ocr_carea' id='block_1_26' title="bbox 167 2522 1738 2600">
    <p class='ocr_par' dir='ltr' id='par_1_26' title="bbox 167 2522 1738 2600">
     <span class='ocr_line' id='line_1_26' title="bbox 167 2522 1738 2600; baseline 0.006 -27"><span class='ocrx_word' id='word_1_197' title='bbox 167 2522 472 2586; x_wconf 80' lang='grc' dir='ltr'>συνθέσεως</span> <span class='ocrx_word' id='word_1_198' title='bbox 497 2525 728 2596; x_wconf 80' lang='grc' dir='ltr'>ποιητὴς</span> <span class='ocrx_word' id='word_1_199' title='bbox 750 2527 777 2579; x_wconf 87' lang='lat'><strong>6</strong></span> <span class='ocrx_word' id='word_1_200' title='bbox 807 2527 1183 2596; x_wconf 79' lang='grc' dir='ltr'>συγκείμενος,</span> <span class='ocrx_word' id='word_1_201' title='bbox 1217 2528 1333 2590; x_wconf 84' lang='grc' dir='ltr'><strong>πῶς</strong></span> <span class='ocrx_word' id='word_1_202' title='bbox 1358 2528 1425 2582; x_wconf 81' lang='grc' dir='ltr'>ἂν</span> <span class='ocrx_word' id='word_1_203' title='bbox 1450 2529 1738 2600; x_wconf 70' lang='grc' dir='ltr'>ἀγνοήσεις</span> 
     </span>
    </p>
   </div>
   <div class='ocr_carea' id='block_1_27' title="bbox 165 2612 1737 2688">
    <p class='ocr_par' dir='ltr' id='par_1_27' title="bbox 165 2612 1737 2688">
     <span class='ocr_line' id='line_1_27' title="bbox 165 2612 1737 2688; baseline 0.005 -24"><span class='ocrx_word' id='word_1_204' title='bbox 165 2612 270 2684; x_wconf 80' lang='grc' dir='ltr'>τὴν</span> <span class='ocrx_word' id='word_1_205' title='bbox 302 2613 497 2666; x_wconf 87' lang='grc' dir='ltr'>ἐαυτοῦ</span> <span class='ocrx_word' id='word_1_206' title='bbox 564 2614 812 2668; x_wconf 81' lang='grc' dir='ltr'>σύνθεσιν</span> <span class='ocrx_word' id='word_1_207' title='bbox 831 2656 845 2679; x_wconf 97' lang='grc'><strong>,</strong></span> <span class='ocrx_word' id='word_1_208' title='bbox 873 2616 932 2679; x_wconf 85' lang='grc' dir='ltr'><strong>ὅς</strong></span> <span class='ocrx_word' id='word_1_209' title='bbox 959 2618 1053 2670; x_wconf 76' lang='grc' dir='ltr'>καὶ</span> <span class='ocrx_word' id='word_1_210' title='bbox 1083 2619 1263 2688; x_wconf 86' lang='grc' dir='ltr'>πάσης</span> <span class='ocrx_word' id='word_1_211' title='bbox 1288 2618 1588 2682; x_wconf 85' lang='grc' dir='ltr'>συνθέσεώς</span> <span class='ocrx_word' id='word_1_212' title='bbox 1622 2622 1737 2672; x_wconf 86' lang='grc' dir='ltr'>ἐστι</span> 
     </span>
    </p>
   </div>
   <div class='ocr_carea' id='block_1_28' title="bbox 168 2706 1738 2782">
    <p class='ocr_par' dir='ltr' id='par_1_28' title="bbox 168 2706 1738 2782">
     <span class='ocr_line' id='line_1_28' title="bbox 168 2706 1738 2782; baseline 0.005 -26"><span class='ocrx_word' id='word_1_213' title='bbox 168 2706 438 2776; x_wconf 87' lang='grc' dir='ltr'>ποιητής;</span> <span class='ocrx_word' id='word_1_214' title='bbox 494 2706 703 2770; x_wconf 82' lang='grc' dir='ltr'>’Λλλως</span> <span class='ocrx_word' id='word_1_215' title='bbox 739 2708 794 2760; x_wconf 79' lang='grc' dir='ltr'>δὲ</span> <span class='ocrx_word' id='word_1_216' title='bbox 826 2708 988 2762; x_wconf 88' lang='grc' dir='ltr'>πάλιν</span> <span class='ocrx_word' id='word_1_217' title='bbox 1031 2711 1203 2764; x_wconf 85' lang='grc' dir='ltr'>εἰπεῖν</span> <span class='ocrx_word' id='word_1_218' title='bbox 1236 2713 1345 2764; x_wconf 82' lang='grc' dir='ltr'>πᾶν</span> <span class='ocrx_word' id='word_1_219' title='bbox 1379 2711 1544 2782; x_wconf 87' lang='grc' dir='ltr'>μέρος</span> <span class='ocrx_word' id='word_1_220' title='bbox 1585 2713 1614 2764; x_wconf 87' lang='grc' dir='ltr'><strong>ὅ</strong></span> <span class='ocrx_word' id='word_1_221' title='bbox 1647 2712 1738 2764; x_wconf 86' lang='grc' dir='ltr'>τέ-</span> 
     </span>
    </p>
   </div>
   <div class='ocr_carea' id='block_1_29' title="bbox 165 2796 1740 2876">
    <p class='ocr_par' dir='ltr' id='par_1_29' title="bbox 165 2796 1740 2876">
     <span class='ocr_line' id='line_1_29' title="bbox 165 2796 1740 2876; baseline 0.006 -26"><span class='ocrx_word' id='word_1_222' title='bbox 165 2796 310 2850; x_wconf 82' lang='grc' dir='ltr'>λειον</span> <span class='ocrx_word' id='word_1_223' title='bbox 337 2797 571 2868; x_wconf 82' lang='grc' dir='ltr'>ὑπάρχει</span> <span class='ocrx_word' id='word_1_224' title='bbox 607 2799 747 2853; x_wconf 85' lang='grc' dir='ltr'><strong>κατά</strong></span> <span class='ocrx_word' id='word_1_225' title='bbox 787 2801 1010 2868; x_wconf 86' lang='grc' dir='ltr'>γνῶσιν,</span> <span class='ocrx_word' id='word_1_226' title='bbox 1047 2805 1395 2874; x_wconf 80' lang='grc' dir='ltr'>προῦπάρχει</span> <span class='ocrx_word' id='word_1_227' title='bbox 1433 2822 1494 2858; x_wconf 90' lang='grc' dir='ltr'><strong>τε</strong></span> <span class='ocrx_word' id='word_1_228' title='bbox 1523 2805 1626 2876; x_wconf 85' lang='grc' dir='ltr'><strong>τῆς</strong></span> <span class='ocrx_word' id='word_1_229' title='bbox 1659 2809 1740 2860; x_wconf 90' lang='grc' dir='ltr'>οἰ-</span> 
     </span>
    </p>
   </div>
   <div class='ocr_carea' id='block_1_30' title="bbox 169 2887 1740 2964">
    <p class='ocr_par' dir='ltr' id='par_1_30' title="bbox 169 2887 1740 2964">
     <span class='ocr_line' id='line_1_30' title="bbox 169 2887 1740 2964; baseline 0.006 -23"><span class='ocrx_word' id='word_1_230' title='bbox 169 2887 322 2952; x_wconf 87' lang='grc' dir='ltr'>κείας</span> <span class='ocrx_word' id='word_1_231' title='bbox 353 2891 653 2953; x_wconf 79' lang='grc' dir='ltr'>συνθέσεως</span> <span class='ocrx_word' id='word_1_232' title='bbox 675 2933 690 2956; x_wconf 95' lang='grc'><strong>,</strong></span> <span class='ocrx_word' id='word_1_233' title='bbox 725 2890 829 2944; x_wconf 76' lang='grc' dir='ltr'>κᾶν</span> <span class='ocrx_word' id='word_1_234' title='bbox 859 2894 908 2946; x_wconf 84' lang='grc' dir='ltr'><strong>εἰ</strong></span> <span class='ocrx_word' id='word_1_235' title='bbox 939 2893 1030 2962; x_wconf 78' lang='grc' dir='ltr'><strong>ὑφ’</strong></span> <span class='ocrx_word' id='word_1_236' title='bbox 1059 2893 1253 2964; x_wconf 84' lang='grc' dir='ltr'>ἐτέρου</span> <span class='ocrx_word' id='word_1_237' title='bbox 1281 2895 1626 2950; x_wconf 89' lang='grc' dir='ltr'>συντίθεσθαι</span> <span class='ocrx_word' id='word_1_238' title='bbox 1649 2897 1740 2950; x_wconf 85' lang='grc' dir='ltr'>λέ-</span> 
     </span>
    </p>
   </div>
   <div class='ocr_carea' id='block_1_31' title="bbox 169 2981 1737 3052">
    <p class='ocr_par' dir='ltr' id='par_1_31' title="bbox 169 2981 1737 3052">
     <span class='ocr_line' id='line_1_31' title="bbox 169 2981 1737 3052; baseline 0.007 -20"><span class='ocrx_word' id='word_1_239' title='bbox 169 2998 338 3048; x_wconf 88' lang='grc' dir='ltr'>γοιτο,</span> <span class='ocrx_word' id='word_1_240' title='bbox 385 2981 506 3034; x_wconf 91' lang='grc' dir='ltr'>δέον</span> <span class='ocrx_word' id='word_1_241' title='bbox 555 2982 652 3036; x_wconf 72' lang='grc' dir='ltr'><strong>καὶ</strong></span> <span class='ocrx_word' id='word_1_242' title='bbox 709 2983 839 3036; x_wconf 88' lang='grc' dir='ltr'>αὑτὸ</span> <span class='ocrx_word' id='word_1_243' title='bbox 886 2984 1104 3048; x_wconf 86' lang='grc' dir='ltr'>πάντως</span> <span class='ocrx_word' id='word_1_244' title='bbox 1154 2986 1373 3052; x_wconf 80' lang='grc' dir='ltr'>ειδέναι,</span> <span class='ocrx_word' id='word_1_245' title='bbox 1409 2987 1512 3042; x_wconf 82' lang='grc' dir='ltr'><strong>ποῦ</strong></span> <span class='ocrx_word' id='word_1_246' title='bbox 1544 3005 1603 3042; x_wconf 86' lang='grc' dir='ltr'><strong>τε</strong></span> <span class='ocrx_word' id='word_1_247' title='bbox 1644 2992 1737 3044; x_wconf 72' lang='grc' dir='ltr'><strong>καί</strong></span> 
     </span>
    </p>
   </div>
   <div class='ocr_carea' id='block_1_32' title="bbox 171 3073 1739 3148">
    <p class='ocr_par' dir='ltr' id='par_1_32' title="bbox 171 3073 1739 3148">
     <span class='ocr_line' id='line_1_32' title="bbox 171 3073 1739 3148; baseline 0.007 -24"><span class='ocrx_word' id='word_1_248' title='bbox 171 3073 310 3137; x_wconf 83' lang='grc' dir='ltr'>πῶς,</span> <span class='ocrx_word' id='word_1_249' title='bbox 332 3074 426 3127; x_wconf 75' lang='grc' dir='ltr'>καὶ</span> <span class='ocrx_word' id='word_1_250' title='bbox 457 3074 584 3127; x_wconf 88' lang='grc' dir='ltr'>πότε</span> <span class='ocrx_word' id='word_1_251' title='bbox 612 3076 894 3145; x_wconf 85' lang='grc' dir='ltr'>συνετέθη,</span> <span class='ocrx_word' id='word_1_252' title='bbox 925 3079 1040 3146; x_wconf 83' lang='grc' dir='ltr'>εῐγε</span> <span class='ocrx_word' id='word_1_253' title='bbox 1067 3077 1141 3148; x_wconf 80' lang='grc' dir='ltr'><strong>μὴ</strong></span> <span class='ocrx_word' id='word_1_254' title='bbox 1170 3079 1270 3148; x_wconf 83' lang='grc' dir='ltr'>τῆς</span> <span class='ocrx_word' id='word_1_255' title='bbox 1296 3080 1505 3144; x_wconf 89' lang='grc' dir='ltr'>οἰκείας</span> <span class='ocrx_word' id='word_1_256' title='bbox 1527 3081 1739 3146; x_wconf 85' lang='grc' dir='ltr'>τελείας</span> 
     </span>
    </p>
   </div>
   <div class='ocr_carea' id='block_1_33' title="bbox 170 3165 1737 3244">
    <p class='ocr_par' dir='ltr' id='par_1_33' title="bbox 170 3165 1737 3244">
     <span class='ocr_line' id='line_1_33' title="bbox 170 3165 1737 3244; baseline 0.007 -27"><span class='ocrx_word' id='word_1_257' title='bbox 170 3165 442 3234; x_wconf 85' lang='grc' dir='ltr'>γνώσεως,</span> <span class='ocrx_word' id='word_1_258' title='bbox 475 3165 506 3237; x_wconf 78' lang='grc' dir='ltr'>ἢ</span> <span class='ocrx_word' id='word_1_259' title='bbox 537 3167 678 3236; x_wconf 85' lang='grc' dir='ltr'><strong>μετά</strong></span> <span class='ocrx_word' id='word_1_260' title='bbox 710 3167 809 3238; x_wconf 80' lang='grc' dir='ltr'><strong>τὴν</strong></span> <span class='ocrx_word' id='word_1_261' title='bbox 853 3167 1102 3224; x_wconf 83' lang='grc' dir='ltr'>σύνθεσιν</span> <span class='ocrx_word' id='word_1_262' title='bbox 1135 3170 1350 3240; x_wconf 87' lang='grc' dir='ltr'>ἐξέστη,</span> <span class='ocrx_word' id='word_1_263' title='bbox 1383 3173 1416 3244; x_wconf 70' lang='grc' dir='ltr'>ἢ</span> <span class='ocrx_word' id='word_1_264' title='bbox 1455 3173 1564 3242; x_wconf 85' lang='grc' dir='ltr'><strong>πρὸ</strong></span> <span class='ocrx_word' id='word_1_265' title='bbox 1609 3192 1737 3228; x_wconf 88' lang='grc' dir='ltr'>συν-</span> 
     </span>
    </p>
   </div>
   <div class='ocr_carea' id='block_1_34' title="bbox 173 3255 1806 3342">
    <p class='ocr_par' dir='ltr' id='par_1_34' title="bbox 173 3255 1806 3342">
     <span class='ocr_line' id='line_1_34' title="bbox 173 3255 1806 3342; baseline 0.006 -32"><span class='ocrx_word' id='word_1_266' title='bbox 173 3255 373 3320; x_wconf 89' lang='grc' dir='ltr'>θέσεως</span> <span class='ocrx_word' id='word_1_267' title='bbox 399 3257 806 3312; x_wconf 84' lang='grc' dir='ltr'>ἀπολέλειπται.</span> <span class='ocrx_word' id='word_1_268' title='bbox 849 3261 918 3312; x_wconf 87' lang='grc' dir='ltr'><em>Ἢ</em></span> <span class='ocrx_word' id='word_1_269' title='bbox 947 3255 1041 3314; x_wconf 84' lang='grc' dir='ltr'>οὖν</span> <span class='ocrx_word' id='word_1_270' title='bbox 1070 3262 1131 3315; x_wconf 85' lang='grc' dir='ltr'><strong>οὐ</strong></span> <span class='ocrx_word' id='word_1_271' title='bbox 1172 3262 1376 3326; x_wconf 85' lang='grc' dir='ltr'>τέλειος</span> <span class='ocrx_word' id='word_1_272' title='bbox 1399 3266 1499 3334; x_wconf 84' lang='grc' dir='ltr'>τὴν</span> <span class='ocrx_word' id='word_1_273' title='bbox 1532 3266 1735 3333; x_wconf 83' lang='grc' dir='ltr'>γνῶσιν</span> <span class='ocrx_word' id='word_1_274' title='bbox 1764 3285 1806 3342; x_wconf 77' lang='lat' dir='ltr'><strong>C</strong></span> 
     </span>
    </p>
   </div>
   <div class='ocr_carea' id='block_1_35' title="bbox 173 3347 1738 3424">
    <p class='ocr_par' dir='ltr' id='par_1_35' title="bbox 173 3347 1738 3424">
     <span class='ocr_line' id='line_1_35' title="bbox 173 3347 1738 3424; baseline 0.006 -24"><span class='ocrx_word' id='word_1_275' title='bbox 173 3349 202 3400; x_wconf 88' lang='lat'><strong>6</strong></span> <span class='ocrx_word' id='word_1_276' title='bbox 227 3347 350 3410; x_wconf 88' lang='grc' dir='ltr'>Θεὸς</span> <span class='ocrx_word' id='word_1_277' title='bbox 377 3348 567 3416; x_wconf 84' lang='grc' dir='ltr'>Λόγος,</span> <span class='ocrx_word' id='word_1_278' title='bbox 599 3349 632 3420; x_wconf 84' lang='grc' dir='ltr'>ἢ</span> <span class='ocrx_word' id='word_1_279' title='bbox 658 3349 716 3401; x_wconf 87' lang='grc' dir='ltr'><strong>οὑ</strong></span> <span class='ocrx_word' id='word_1_280' title='bbox 749 3351 1120 3422; x_wconf 81' lang='grc' dir='ltr'>προῦπάρχων</span> <span class='ocrx_word' id='word_1_281' title='bbox 1154 3356 1254 3424; x_wconf 76' lang='grc' dir='ltr'>τῆς</span> <span class='ocrx_word' id='word_1_282' title='bbox 1282 3355 1584 3420; x_wconf 86' lang='grc' dir='ltr'>συνθέσεως</span> <span class='ocrx_word' id='word_1_283' title='bbox 1614 3360 1738 3412; x_wconf 82' lang='grc' dir='ltr'>ἐαυ-</span> 
     </span>
    </p>
   </div>
   <div class='ocr_carea' id='block_1_36' title="bbox 171 3439 1739 3516">
    <p class='ocr_par' dir='ltr' id='par_1_36' title="bbox 171 3439 1739 3516">
     <span class='ocr_line' id='line_1_36' title="bbox 171 3439 1739 3516; baseline 0.008 -25"><span class='ocrx_word' id='word_1_284' title='bbox 171 3439 264 3492; x_wconf 82' lang='grc' dir='ltr'>τοῦ</span> <span class='ocrx_word' id='word_1_285' title='bbox 314 3441 441 3493; x_wconf 83' lang='grc' dir='ltr'>καθ’</span> <span class='ocrx_word' id='word_1_286' title='bbox 475 3441 622 3509; x_wconf 82' lang='grc' dir='ltr'>ὑμᾶς</span> <span class='ocrx_word' id='word_1_287' title='bbox 679 3441 851 3506; x_wconf 82' lang='grc' dir='ltr'>ἐσται,</span> <span class='ocrx_word' id='word_1_288' title='bbox 881 3444 914 3514; x_wconf 78' lang='grc' dir='ltr'>ἢ</span> <span class='ocrx_word' id='word_1_289' title='bbox 945 3444 1163 3508; x_wconf 86' lang='grc' dir='ltr'>πάντως</span> <span class='ocrx_word' id='word_1_290' title='bbox 1195 3445 1295 3516; x_wconf 84' lang='grc' dir='ltr'>τὴν</span> <span class='ocrx_word' id='word_1_291' title='bbox 1322 3448 1459 3501; x_wconf 85' lang='grc' dir='ltr'>ἰδίαν</span> <span class='ocrx_word' id='word_1_292' title='bbox 1492 3449 1739 3504; x_wconf 82' lang='grc' dir='ltr'>σύνθεσιν</span> 
     </span>
    </p>
   </div>
   <div class='ocr_carea' id='block_1_37' title="bbox 173 3524 1739 3609">
    <p class='ocr_par' dir='ltr' id='par_1_37' title="bbox 173 3524 1739 3609">
     <span class='ocr_line' id='line_1_37' title="bbox 173 3524 1739 3609; baseline 0.007 -28"><span class='ocrx_word' id='word_1_293' title='bbox 173 3529 393 3582; x_wconf 79' lang='grc' dir='ltr'>εἴσεται.</span> <span class='ocrx_word' id='word_1_294' title='bbox 446 3529 510 3582; x_wconf 91' lang='grc' dir='ltr'>Τί</span> <span class='ocrx_word' id='word_1_295' title='bbox 573 3524 666 3583; x_wconf 78' lang='grc' dir='ltr'>οὖν</span> <span class='ocrx_word' id='word_1_296' title='bbox 728 3532 935 3602; x_wconf 83' lang='grc' dir='ltr'>ἠμῖνή</span> <span class='ocrx_word' id='word_1_297' title='bbox 988 3535 1237 3604; x_wconf 88' lang='grc' dir='ltr'>ἀχυρμιά</span> <span class='ocrx_word' id='word_1_298' title='bbox 1281 3536 1388 3589; x_wconf 85' lang='grc' dir='ltr'>τῶν</span> <span class='ocrx_word' id='word_1_299' title='bbox 1434 3541 1739 3609; x_wconf 72' lang='grc' dir='ltr'>εἰρημένων</span> 
     </span>
    </p>
   </div>
   <div class='ocr_carea' id='block_1_38' title="bbox 175 3620 1738 3698">
    <p class='ocr_par' dir='ltr' id='par_1_38' title="bbox 175 3620 1738 3698">
     <span class='ocr_line' id='line_1_38' title="bbox 175 3620 1738 3698; baseline 0.004 -24"><span class='ocrx_word' id='word_1_300' title='bbox 175 3620 464 3688; x_wconf 85' lang='grc' dir='ltr'>ἀναγκαῖον</span> <span class='ocrx_word' id='word_1_301' title='bbox 517 3620 820 3688; x_wconf 85' lang='grc' dir='ltr'>ἐπάγεται,</span> <span class='ocrx_word' id='word_1_302' title='bbox 862 3623 944 3685; x_wconf 91' lang='grc' dir='ltr'><strong>εἰς</strong></span> <span class='ocrx_word' id='word_1_303' title='bbox 974 3623 1137 3688; x_wconf 79' lang='grc' dir='ltr'>δεῖξιν</span> <span class='ocrx_word' id='word_1_304' title='bbox 1169 3626 1384 3696; x_wconf 75' lang='grc' dir='ltr'>ἀσφαλῆ</span> <span class='ocrx_word' id='word_1_305' title='bbox 1422 3628 1514 3681; x_wconf 82' lang='grc' dir='ltr'>τοῦ</span> <span class='ocrx_word' id='word_1_306' title='bbox 1539 3629 1738 3698; x_wconf 78' lang='grc' dir='ltr'>λέγειν,</span> 
     </span>
    </p>
   </div>
   <div class='ocr_carea' id='block_1_39' title="bbox 175 3711 1740 3792">
    <p class='ocr_par' dir='ltr' id='par_1_39' title="bbox 175 3711 1740 3792">
     <span class='ocr_line' id='line_1_39' title="bbox 175 3711 1740 3792; baseline 0.008 -29"><span class='ocrx_word' id='word_1_307' title='bbox 175 3711 249 3773; x_wconf 88' lang='grc' dir='ltr'><strong>ώς</strong></span> <span class='ocrx_word' id='word_1_308' title='bbox 290 3712 339 3764; x_wconf 86' lang='grc' dir='ltr'><strong>εἰ</strong></span> <span class='ocrx_word' id='word_1_309' title='bbox 382 3712 638 3783; x_wconf 85' lang='grc' dir='ltr'>συνετέθη</span> <span class='ocrx_word' id='word_1_310' title='bbox 677 3714 704 3766; x_wconf 93' lang='lat'><strong>6</strong></span> <span class='ocrx_word' id='word_1_311' title='bbox 742 3713 876 3776; x_wconf 82' lang='grc' dir='ltr'>Θεὸς</span> <span class='ocrx_word' id='word_1_312' title='bbox 906 3716 1077 3782; x_wconf 87' lang='grc' dir='ltr'>Λόγος</span> <span class='ocrx_word' id='word_1_313' title='bbox 1099 3758 1114 3782; x_wconf 93' lang='grc'><strong>,</strong></span> <span class='ocrx_word' id='word_1_314' title='bbox 1145 3717 1246 3772; x_wconf 84' lang='grc' dir='ltr'><strong>οὑκ</strong></span> <span class='ocrx_word' id='word_1_315' title='bbox 1283 3716 1390 3773; x_wconf 72' lang='grc' dir='ltr'>οἶδε</span> <span class='ocrx_word' id='word_1_316' title='bbox 1427 3721 1600 3792; x_wconf 82' lang='grc' dir='ltr'><strong>πῶςῆ</strong></span> <span class='ocrx_word' id='word_1_317' title='bbox 1636 3723 1740 3776; x_wconf 80' lang='grc' dir='ltr'><strong>ποῦ</strong></span> 
     </span>
    </p>
   </div>
   <div class='ocr_carea' id='block_1_40' title="bbox 175 3803 1070 3880">
    <p class='ocr_par' dir='ltr' id='par_1_40' title="bbox 175 3803 1070 3880">
     <span class='ocr_line' id='line_1_40' title="bbox 175 3803 1070 3880; baseline 0.004 -23"><span class='ocrx_word' id='word_1_318' title='bbox 175 3803 349 3877; x_wconf 80' lang='grc' dir='ltr'>ἠνώθη</span> <span class='ocrx_word' id='word_1_319' title='bbox 376 3805 453 3877; x_wconf 79' lang='grc' dir='ltr'><strong>τῷ</strong></span> <span class='ocrx_word' id='word_1_320' title='bbox 480 3805 538 3874; x_wconf 82' lang='grc' dir='ltr'><strong>ἐξ</strong></span> <span class='ocrx_word' id='word_1_321' title='bbox 570 3807 601 3876; x_wconf 84' lang='grc' dir='ltr'><strong>ἡ</strong></span> <span class='ocrx_word' id='word_1_322' title='bbox 611 3805 726 3876; x_wconf 84' lang='grc' dir='ltr'><strong>μῶν</strong></span> <span class='ocrx_word' id='word_1_323' title='bbox 755 3806 1030 3880; x_wconf 82' lang='grc' dir='ltr'>ἀνθρώπῳ</span> <span class='ocrx_word' id='word_1_324' title='bbox 1054 3826 1070 3874; x_wconf 88' lang='grc'><strong>;</strong></span> 
     </span>
    </p>
   </div>
   <div class='ocr_carea' id='block_1_41' title="bbox 763 4029 1133 4084">
    <p class='ocr_par' dir='ltr' id='par_1_41' title="bbox 763 4029 1133 4084">
     <span class='ocr_line' id='line_1_41' title="bbox 763 4029 1133 4084; baseline 0.005 -2"><span class='ocrx_word' id='word_1_325' title='bbox 763 4029 1015 4082; x_wconf 77' lang='grc' dir='ltr'>ΚΕΦΑΛ.</span> <span class='ocrx_word' id='word_1_326' title='bbox 1073 4031 1133 4084; x_wconf 76' lang='grc' dir='ltr'>ιν.</span> 
     </span>
    </p>
   </div>
   <div class='ocr_carea' id='block_1_42' title="bbox 247 4159 1742 4236">
    <p class='ocr_par' dir='ltr' id='par_1_42' title="bbox 247 4159 1742 4236">
     <span class='ocr_line' id='line_1_42' title="bbox 247 4159 1742 4236; baseline 0.003 -22"><span class='ocrx_word' id='word_1_327' title='bbox 247 4161 307 4214; x_wconf 86' lang='lat' dir='ltr'><strong>El</strong></span> <span class='ocrx_word' id='word_1_328' title='bbox 337 4159 590 4224; x_wconf 86' lang='grc' dir='ltr'>σύνθετος</span> <span class='ocrx_word' id='word_1_329' title='bbox 618 4161 646 4213; x_wconf 92' lang='lat'><strong>6</strong></span> <span class='ocrx_word' id='word_1_330' title='bbox 673 4162 952 4231; x_wconf 86' lang='grc' dir='ltr'>Δεσπότης</span> <span class='ocrx_word' id='word_1_331' title='bbox 1000 4163 1252 4234; x_wconf 89' lang='grc' dir='ltr'>Χριστὸς,</span> <span class='ocrx_word' id='word_1_332' title='bbox 1285 4163 1431 4218; x_wconf 88' lang='grc' dir='ltr'>καθά</span> <span class='ocrx_word' id='word_1_333' title='bbox 1460 4181 1614 4234; x_wconf 77' lang='grc' dir='ltr'>φασι,</span> <span class='ocrx_word' id='word_1_334' title='bbox 1645 4165 1742 4236; x_wconf 84' lang='grc' dir='ltr'>μέ-</span> 
     </span>
    </p>
   </div>
   <div class='ocr_carea' id='block_1_43' title="bbox 183 4253 1742 4324">
    <p class='ocr_par' dir='ltr' id='par_1_43' title="bbox 183 4253 1742 4324">
     <span class='ocr_line' id='line_1_43' title="bbox 183 4253 1742 4324; baseline 0.004 -19"><span class='ocrx_word' id='word_1_335' title='bbox 183 4270 267 4322; x_wconf 87' lang='grc' dir='ltr'><strong>ρος</strong></span> <span class='ocrx_word' id='word_1_336' title='bbox 284 4256 311 4306; x_wconf 90' lang='lat'><strong>6</strong></span> <span class='ocrx_word' id='word_1_337' title='bbox 337 4253 473 4314; x_wconf 78' lang='grc' dir='ltr'>Θεὸς</span> <span class='ocrx_word' id='word_1_338' title='bbox 509 4254 680 4321; x_wconf 82' lang='grc' dir='ltr'>Λόγος</span> <span class='ocrx_word' id='word_1_339' title='bbox 718 4253 859 4307; x_wconf 79' lang='grc' dir='ltr'>καθὰ</span> <span class='ocrx_word' id='word_1_340' title='bbox 894 4253 1144 4324; x_wconf 85' lang='grc' dir='ltr'>βούλεται</span> <span class='ocrx_word' id='word_1_341' title='bbox 1167 4256 1573 4311; x_wconf 83' lang='grc' dir='ltr'>τῶνσυνθέτων</span> <span class='ocrx_word' id='word_1_342' title='bbox 1600 4260 1628 4312; x_wconf 97' lang='lat'><strong>6</strong></span> <span class='ocrx_word' id='word_1_343' title='bbox 1655 4259 1742 4311; x_wconf 83' lang='grc' dir='ltr'>νό-</span> 
     </span>
    </p>
   </div>
   <div class='ocr_carea' id='block_1_44' title="bbox 183 4345 1740 4421">
    <p class='ocr_par' dir='ltr' id='par_1_44' title="bbox 183 4345 1740 4421">
     <span class='ocr_line' id='line_1_44' title="bbox 183 4345 1740 4421; baseline 0.004 -23"><span class='ocrx_word' id='word_1_344' title='bbox 183 4361 296 4414; x_wconf 89' lang='grc' dir='ltr'>μος·</span> <span class='ocrx_word' id='word_1_345' title='bbox 327 4347 431 4397; x_wconf 81' lang='grc' dir='ltr'>πᾶν</span> <span class='ocrx_word' id='word_1_346' title='bbox 459 4346 516 4398; x_wconf 81' lang='grc' dir='ltr'>δὲ</span> <span class='ocrx_word' id='word_1_347' title='bbox 560 4345 729 4415; x_wconf 82' lang='grc' dir='ltr'>μέρος</span> <span class='ocrx_word' id='word_1_348' title='bbox 752 4385 766 4409; x_wconf 93' lang='grc'><strong>,</strong></span> <span class='ocrx_word' id='word_1_349' title='bbox 806 4345 1025 4399; x_wconf 78' lang='grc' dir='ltr'>ἔλαττον</span> <span class='ocrx_word' id='word_1_350' title='bbox 1055 4348 1196 4402; x_wconf 88' lang='grc' dir='ltr'>κατά</span> <span class='ocrx_word' id='word_1_351' title='bbox 1224 4366 1276 4400; x_wconf 89' lang='grc' dir='ltr'>τι</span> <span class='ocrx_word' id='word_1_352' title='bbox 1308 4349 1616 4421; x_wconf 86' lang='grc' dir='ltr'>καθέστηκε</span> <span class='ocrx_word' id='word_1_353' title='bbox 1644 4351 1740 4404; x_wconf 79' lang='grc' dir='ltr'><strong>τοῦ</strong></span> 
     </span>
    </p>
   </div>
   <div class='ocr_carea' id='block_1_45' title="bbox 186 4433 1738 4508">
    <p class='ocr_par' dir='ltr' id='par_1_45' title="bbox 186 4433 1738 4508">
     <span class='ocr_line' id='line_1_45' title="bbox 186 4433 1738 4508; baseline 0.005 -22"><span class='ocrx_word' id='word_1_354' title='bbox 186 4433 307 4486; x_wconf 91' lang='grc' dir='ltr'>ἰδίου</span> <span class='ocrx_word' id='word_1_355' title='bbox 330 4433 454 4486; x_wconf 81' lang='grc' dir='ltr'>ὅλου</span> <span class='ocrx_word' id='word_1_356' title='bbox 475 4449 488 4462; x_wconf 79' lang='grc' dir='ltr'><strong>ο</strong></span> <span class='ocrx_word' id='word_1_357' title='bbox 515 4434 750 4487; x_wconf 80' lang='grc' dir='ltr'>ἐλάττων</span> <span class='ocrx_word' id='word_1_358' title='bbox 779 4435 890 4503; x_wconf 81' lang='grc' dir='ltr'>ἄρα</span> <span class='ocrx_word' id='word_1_359' title='bbox 910 4436 1050 4500; x_wconf 89' lang='grc' dir='ltr'>τινὸς</span> <span class='ocrx_word' id='word_1_360' title='bbox 1069 4439 1209 4491; x_wconf 88' lang='grc' dir='ltr'>κατά</span> <span class='ocrx_word' id='word_1_361' title='bbox 1241 4456 1294 4490; x_wconf 89' lang='grc' dir='ltr'><strong>τι</strong></span> <span class='ocrx_word' id='word_1_362' title='bbox 1324 4441 1352 4491; x_wconf 91' lang='grc' dir='ltr'><strong>ό</strong></span> <span class='ocrx_word' id='word_1_363' title='bbox 1373 4439 1503 4502; x_wconf 83' lang='grc' dir='ltr'>Θεὸς</span> <span class='ocrx_word' id='word_1_364' title='bbox 1533 4442 1702 4508; x_wconf 86' lang='grc' dir='ltr'>Λόγος</span> <span class='ocrx_word' id='word_1_365' title='bbox 1723 4458 1738 4472; x_wconf 76' lang='grc' dir='ltr'><strong><em>ο</em></strong></span> 
     </span>
    </p>
   </div>
   <div class='ocr_carea' id='block_1_46' title="bbox 179 4523 1739 4595">
    <p class='ocr_par' dir='ltr' id='par_1_46' title="bbox 179 4523 1739 4595">
     <span class='ocr_line' id='line_1_46' title="bbox 179 4523 1739 4595; baseline 0.006 -20"><span class='ocrx_word' id='word_1_366' title='bbox 179 4523 275 4576; x_wconf 88' lang='grc' dir='ltr'><strong>οὑκ</strong></span> <span class='ocrx_word' id='word_1_367' title='bbox 292 4523 355 4575; x_wconf 83' lang='grc' dir='ltr'><strong>ἂν</strong></span> <span class='ocrx_word' id='word_1_368' title='bbox 378 4524 489 4592; x_wconf 82' lang='grc' dir='ltr'>γὰρ</span> <span class='ocrx_word' id='word_1_369' title='bbox 517 4524 601 4590; x_wconf 74' lang='grc' dir='ltr'><strong>εἴη</strong></span> <span class='ocrx_word' id='word_1_370' title='bbox 636 4524 825 4592; x_wconf 86' lang='grc' dir='ltr'>μέρος,</span> <span class='ocrx_word' id='word_1_371' title='bbox 850 4526 924 4595; x_wconf 81' lang='grc' dir='ltr'>μὴ</span> <span class='ocrx_word' id='word_1_372' title='bbox 957 4527 1192 4580; x_wconf 78' lang='grc' dir='ltr'>ἐλάττων</span> <span class='ocrx_word' id='word_1_373' title='bbox 1217 4525 1290 4580; x_wconf 81' lang='grc' dir='ltr'>ὢν</span> <span class='ocrx_word' id='word_1_374' title='bbox 1306 4527 1398 4582; x_wconf 81' lang='grc' dir='ltr'>τοῦ</span> <span class='ocrx_word' id='word_1_375' title='bbox 1431 4529 1574 4583; x_wconf 85' lang='grc' dir='ltr'>ὅλου.</span> <span class='ocrx_word' id='word_1_376' title='bbox 1603 4531 1665 4582; x_wconf 83' lang='grc' dir='ltr'>Εἰ</span> <span class='ocrx_word' id='word_1_377' title='bbox 1684 4532 1739 4584; x_wconf 85' lang='grc' dir='ltr'>δὲ</span> 
     </span>
    </p>
   </div>
   <div class='ocr_carea' id='block_1_47' title="bbox 1851 687 3426 756">
    <p class='ocr_par' dir='ltr' id='par_1_47' title="bbox 1851 687 3426 756">
     <span class='ocr_line' id='line_1_47' title="bbox 1851 687 3426 756; baseline 0.004 -17"><span class='ocrx_word' id='word_1_378' title='bbox 1851 687 2198 756; x_wconf 81' lang='lat' dir='ltr'><strong>hypostasis;</strong></span> <span class='ocrx_word' id='word_1_379' title='bbox 2228 688 2408 741; x_wconf 90' lang='lat' dir='ltr'><strong>omnis</strong></span> <span class='ocrx_word' id='word_1_380' title='bbox 2451 697 2634 741; x_wconf 89' lang='lat' dir='ltr'><strong>autem</strong></span> <span class='ocrx_word' id='word_1_381' title='bbox 2665 703 2792 756; x_wconf 89' lang='lat' dir='ltr'><strong>pars</strong></span> <span class='ocrx_word' id='word_1_382' title='bbox 2829 697 3036 743; x_wconf 72' lang='lat' dir='ltr'><strong>natura:</strong></span> <span class='ocrx_word' id='word_1_383' title='bbox 3060 691 3223 745; x_wconf 90' lang='lat' dir='ltr'><strong>unius</strong></span> <span class='ocrx_word' id='word_1_384' title='bbox 3259 693 3341 746; x_wconf 92' lang='lat' dir='ltr'><strong>vel</strong></span> <span class='ocrx_word' id='word_1_385' title='bbox 3371 703 3426 747; x_wconf 88' lang='lat' dir='ltr'><strong>et</strong></span> 
     </span>
    </p>
   </div>
   <div class='ocr_carea' id='block_1_48' title="bbox 1849 783 3426 855">
    <p class='ocr_par' dir='ltr' id='par_1_48' title="bbox 1849 783 3426 855">
     <span class='ocr_line' id='line_1_48' title="bbox 1849 783 3426 855; baseline 0.002 -20"><span class='ocrx_word' id='word_1_386' title='bbox 1849 783 2175 852; x_wconf 80' lang='lat' dir='ltr'><strong>hypostasis,</strong></span> <span class='ocrx_word' id='word_1_387' title='bbox 2224 784 2399 836; x_wconf 78' lang='lat' dir='ltr'><strong>nescit</strong></span> <span class='ocrx_word' id='word_1_388' title='bbox 2443 783 2739 852; x_wconf 90' lang='lat' dir='ltr'><strong>quomodo,</strong></span> <span class='ocrx_word' id='word_1_389' title='bbox 2796 786 2880 838; x_wconf 96' lang='lat' dir='ltr'><strong>vel</strong></span> <span class='ocrx_word' id='word_1_390' title='bbox 2919 786 3032 848; x_wconf 93' lang='lat' dir='ltr'><strong>ubi,</strong></span> <span class='ocrx_word' id='word_1_391' title='bbox 3090 787 3174 839; x_wconf 86' lang='lat' dir='ltr'><strong>vel</strong></span> <span class='ocrx_word' id='word_1_392' title='bbox 3206 786 3426 855; x_wconf 85' lang='lat' dir='ltr'><strong>quando</strong></span> 
     </span>
    </p>
   </div>
   <div class='ocr_carea' id='block_1_49' title="bbox 1849 875 3424 948">
    <p class='ocr_par' dir='ltr' id='par_1_49' title="bbox 1849 875 3424 948">
     <span class='ocr_line' id='line_1_49' title="bbox 1849 875 3424 948; baseline 0.003 -21"><span class='ocrx_word' id='word_1_393' title='bbox 1849 875 2000 927; x_wconf 91' lang='lat' dir='ltr'><strong>unita</strong></span> <span class='ocrx_word' id='word_1_394' title='bbox 2018 875 2088 928; x_wconf 91' lang='lat' dir='ltr'><strong>sit</strong></span> <span class='ocrx_word' id='word_1_395' title='bbox 2118 875 2431 944; x_wconf 81' lang='lat' dir='ltr'><strong>cuicunque</strong></span> <span class='ocrx_word' id='word_1_396' title='bbox 2456 875 2608 928; x_wconf 97' lang='lat' dir='ltr'><strong>unita</strong></span> <span class='ocrx_word' id='word_1_397' title='bbox 2631 885 2745 941; x_wconf 90' lang='lat' dir='ltr'><strong>est;</strong></span> <span class='ocrx_word' id='word_1_398' title='bbox 2780 877 3060 946; x_wconf 90' lang='lat' dir='ltr'><strong>multoque</strong></span> <span class='ocrx_word' id='word_1_399' title='bbox 3079 878 3262 932; x_wconf 90' lang='lat' dir='ltr'><strong>minus</strong></span> <span class='ocrx_word' id='word_1_400' title='bbox 3284 895 3424 948; x_wconf 92' lang='lat' dir='ltr'><strong>quo-</strong></span> 
     </span>
    </p>
   </div>
   <div class='ocr_carea' id='block_1_50' title="bbox 1846 967 3422 1038">
    <p class='ocr_par' dir='ltr' id='par_1_50' title="bbox 1846 967 3422 1038">
     <span class='ocr_line' id='line_1_50' title="bbox 1846 967 3422 1038; baseline 0.002 -18"><span class='ocrx_word' id='word_1_401' title='bbox 1846 967 2009 1021; x_wconf 88' lang='lat' dir='ltr'><strong>modo</strong></span> <span class='ocrx_word' id='word_1_402' title='bbox 2041 977 2228 1037; x_wconf 90' lang='lat' dir='ltr'><strong>postea</strong></span> <span class='ocrx_word' id='word_1_403' title='bbox 2259 967 2536 1021; x_wconf 77' lang='lat' dir='ltr'><strong>disceret?</strong></span> <span class='ocrx_word' id='word_1_404' title='bbox 2564 967 2738 1022; x_wconf 85' lang='lat' dir='ltr'><strong>Omne</strong></span> <span class='ocrx_word' id='word_1_405' title='bbox 2762 983 2892 1038; x_wconf 82' lang='lat' dir='ltr'><strong>ergo</strong></span> <span class='ocrx_word' id='word_1_406' title='bbox 2926 970 3083 1022; x_wconf 90' lang='lat' dir='ltr'><strong>alteri</strong></span> <span class='ocrx_word' id='word_1_407' title='bbox 3113 971 3328 1023; x_wconf 89' lang='lat' dir='ltr'><strong>unitum</strong></span> <span class='ocrx_word' id='word_1_408' title='bbox 3355 969 3422 1023; x_wconf 90' lang='lat' dir='ltr'><strong>ad</strong></span> 
     </span>
    </p>
   </div>
   <div class='ocr_carea' id='block_1_51' title="bbox 1845 1059 3425 1128">
    <p class='ocr_par' dir='ltr' id='par_1_51' title="bbox 1845 1059 3425 1128">
     <span class='ocr_line' id='line_1_51' title="bbox 1845 1059 3425 1128; baseline 0.001 -16"><span class='ocrx_word' id='word_1_409' title='bbox 1845 1059 2243 1128; x_wconf 86' lang='lat' dir='ltr'><strong>perliciendum</strong></span> <span class='ocrx_word' id='word_1_410' title='bbox 2269 1074 2430 1112; x_wconf 90' lang='lat' dir='ltr'><strong>unam</strong></span> <span class='ocrx_word' id='word_1_411' title='bbox 2449 1067 2700 1113; x_wconf 91' lang='lat' dir='ltr'><strong>naturam</strong></span> <span class='ocrx_word' id='word_1_412' title='bbox 2726 1059 2810 1112; x_wconf 89' lang='lat' dir='ltr'><strong>vel</strong></span> <span class='ocrx_word' id='word_1_413' title='bbox 2829 1067 2883 1112; x_wconf 91' lang='lat' dir='ltr'><strong>ct</strong></span> <span class='ocrx_word' id='word_1_414' title='bbox 2900 1059 3229 1128; x_wconf 80' lang='lat' dir='ltr'><strong>hypostasim</strong></span> <span class='ocrx_word' id='word_1_415' title='bbox 3251 1060 3425 1114; x_wconf 78' lang='lat' dir='ltr'><strong>nescit</strong></span> 
     </span>
    </p>
   </div>
   <div class='ocr_carea' id='block_1_52' title="bbox 1845 1150 3422 1220">
    <p class='ocr_par' dir='ltr' id='par_1_52' title="bbox 1845 1150 3422 1220">
     <span class='ocr_line' id='line_1_52' title="bbox 1845 1150 3422 1220; baseline 0 -17"><span class='ocrx_word' id='word_1_416' title='bbox 1845 1151 2142 1220; x_wconf 89' lang='lat' dir='ltr'><strong>quomodo,</strong></span> <span class='ocrx_word' id='word_1_417' title='bbox 2173 1152 2257 1205; x_wconf 88' lang='lat' dir='ltr'><strong>vel</strong></span> <span class='ocrx_word' id='word_1_418' title='bbox 2292 1151 2406 1215; x_wconf 89' lang='lat' dir='ltr'><strong>ubi,</strong></span> <span class='ocrx_word' id='word_1_419' title='bbox 2442 1150 2527 1204; x_wconf 89' lang='lat' dir='ltr'><strong>vel</strong></span> <span class='ocrx_word' id='word_1_420' title='bbox 2573 1151 2793 1220; x_wconf 85' lang='lat' dir='ltr'><strong>quando</strong></span> <span class='ocrx_word' id='word_1_421' title='bbox 2823 1151 3035 1204; x_wconf 89' lang='lat' dir='ltr'><strong>unitum</strong></span> <span class='ocrx_word' id='word_1_422' title='bbox 3072 1153 3144 1204; x_wconf 85' lang='lat' dir='ltr'><strong>sit</strong></span> <span class='ocrx_word' id='word_1_423' title='bbox 3191 1151 3422 1206; x_wconf 89' lang='lat' dir='ltr'><strong>cuicun-</strong></span> 
     </span>
    </p>
   </div>
   <div class='ocr_carea' id='block_1_53' title="bbox 1845 1241 3423 1310">
    <p class='ocr_par' dir='ltr' id='par_1_53' title="bbox 1845 1241 3423 1310">
     <span class='ocr_line' id='line_1_53' title="bbox 1845 1241 3423 1310; baseline 0 -16"><span class='ocrx_word' id='word_1_424' title='bbox 1845 1256 1952 1310; x_wconf 90' lang='lat' dir='ltr'><strong>que</strong></span> <span class='ocrx_word' id='word_1_425' title='bbox 1982 1242 2195 1296; x_wconf 90' lang='lat' dir='ltr'><strong>unitum</strong></span> <span class='ocrx_word' id='word_1_426' title='bbox 2231 1252 2336 1307; x_wconf 89' lang='lat' dir='ltr'><strong>est,</strong></span> <span class='ocrx_word' id='word_1_427' title='bbox 2368 1243 2652 1310; x_wconf 90' lang='lat' dir='ltr'><strong>multoque</strong></span> <span class='ocrx_word' id='word_1_428' title='bbox 2703 1241 2886 1295; x_wconf 91' lang='lat' dir='ltr'><strong>minus</strong></span> <span class='ocrx_word' id='word_1_429' title='bbox 2946 1249 3134 1309; x_wconf 89' lang='lat' dir='ltr'><strong>postea</strong></span> <span class='ocrx_word' id='word_1_430' title='bbox 3189 1241 3423 1294; x_wconf 87' lang='lat' dir='ltr'><strong>obscure</strong></span> 
     </span>
    </p>
   </div>
   <div class='ocr_carea' id='block_1_54' title="bbox 1844 1332 3426 1401">
    <p class='ocr_par' dir='ltr' id='par_1_54' title="bbox 1844 1332 3426 1401">
     <span class='ocr_line' id='line_1_54' title="bbox 1844 1332 3426 1401; baseline 0.001 -16"><span class='ocrx_word' id='word_1_431' title='bbox 1844 1333 2122 1401; x_wconf 88' lang='lat' dir='ltr'><strong>quomodo</strong></span> <span class='ocrx_word' id='word_1_432' title='bbox 2153 1333 2429 1387; x_wconf 85' lang='lat' dir='ltr'><strong>disceret?</strong></span> <span class='ocrx_word' id='word_1_433' title='bbox 2458 1333 2513 1387; x_wconf 91' lang='lat' dir='ltr'><strong>Si</strong></span> <span class='ocrx_word' id='word_1_434' title='bbox 2537 1341 2719 1386; x_wconf 90' lang='lat' dir='ltr'><strong>autem</strong></span> <span class='ocrx_word' id='word_1_435' title='bbox 2753 1333 2826 1386; x_wconf 90' lang='lat' dir='ltr'><strong>ita</strong></span> <span class='ocrx_word' id='word_1_436' title='bbox 2855 1333 2946 1396; x_wconf 90' lang='lat' dir='ltr'><strong>sit,</strong></span> <span class='ocrx_word' id='word_1_437' title='bbox 2977 1332 3062 1386; x_wconf 80' lang='lat' dir='ltr'><strong>vel</strong></span> <span class='ocrx_word' id='word_1_438' title='bbox 3097 1347 3205 1385; x_wconf 90' lang='lat' dir='ltr'><strong>non</strong></span> <span class='ocrx_word' id='word_1_439' title='bbox 3236 1332 3426 1386; x_wconf 89' lang='lat' dir='ltr'><strong>unitus</strong></span> 
     </span>
    </p>
   </div>
   <div class='ocr_carea' id='block_1_55' title="bbox 1843 1420 3422 1479">
    <p class='ocr_par' dir='ltr' id='par_1_55' title="bbox 1843 1420 3422 1479">
     <span class='ocr_line' id='line_1_55' title="bbox 1843 1420 3422 1479; baseline -0.001 -3"><span class='ocrx_word' id='word_1_440' title='bbox 1843 1431 1927 1476; x_wconf 87' lang='lat' dir='ltr'><strong>est</strong></span> <span class='ocrx_word' id='word_1_441' title='bbox 1983 1423 2130 1478; x_wconf 87' lang='lat' dir='ltr'><strong>Deus</strong></span> <span class='ocrx_word' id='word_1_442' title='bbox 2166 1424 2410 1479; x_wconf 89' lang='lat' dir='ltr'><strong>Verbum</strong></span> <span class='ocrx_word' id='word_1_443' title='bbox 2461 1423 2624 1476; x_wconf 90' lang='lat' dir='ltr'><strong>alicui</strong></span> <span class='ocrx_word' id='word_1_444' title='bbox 2674 1421 2881 1475; x_wconf 84' lang='lat' dir='ltr'><strong>homini</strong></span> <span class='ocrx_word' id='word_1_445' title='bbox 2931 1438 2996 1475; x_wconf 78' lang='lat' dir='ltr'><strong>ex</strong></span> <span class='ocrx_word' id='word_1_446' title='bbox 3047 1421 3208 1474; x_wconf 92' lang='lat' dir='ltr'><strong>nobis</strong></span> <span class='ocrx_word' id='word_1_447' title='bbox 3239 1420 3422 1474; x_wconf 81' lang='lat' dir='ltr'><strong>omnia</strong></span> 
     </span>
    </p>
   </div>
   <div class='ocr_carea' id='block_1_56' title="bbox 1843 1511 3420 1582">
    <p class='ocr_par' dir='ltr' id='par_1_56' title="bbox 1843 1511 3420 1582">
     <span class='ocr_line' id='line_1_56' title="bbox 1843 1511 3420 1582; baseline -0.003 -16"><span class='ocrx_word' id='word_1_448' title='bbox 1843 1527 2202 1582; x_wconf 85' lang='lat' dir='ltr'><strong>cognoscens,</strong></span> <span class='ocrx_word' id='word_1_449' title='bbox 2232 1513 2478 1582; x_wconf 87' lang='lat' dir='ltr'><strong>nihilque</strong></span> <span class='ocrx_word' id='word_1_450' title='bbox 2509 1527 2751 1581; x_wconf 78' lang='lat' dir='ltr'><strong>unquam</strong></span> <span class='ocrx_word' id='word_1_451' title='bbox 2785 1511 3025 1574; x_wconf 86' lang='lat' dir='ltr'><strong>discens,</strong></span> <span class='ocrx_word' id='word_1_452' title='bbox 3075 1511 3160 1564; x_wconf 88' lang='lat' dir='ltr'><strong>vel</strong></span> <span class='ocrx_word' id='word_1_453' title='bbox 3210 1511 3420 1574; x_wconf 91' lang='lat' dir='ltr'><strong>unitus,</strong></span> 
     </span>
    </p>
   </div>
   <div class='ocr_carea' id='block_1_57' title="bbox 1842 1603 3420 1676">
    <p class='ocr_par' dir='ltr' id='par_1_57' title="bbox 1842 1603 3420 1676">
     <span class='ocr_line' id='line_1_57' title="bbox 1842 1603 3420 1676; baseline -0.001 -17"><span class='ocrx_word' id='word_1_454' title='bbox 1842 1605 2075 1659; x_wconf 87' lang='lat' dir='ltr'><strong>nescivit</strong></span> <span class='ocrx_word' id='word_1_455' title='bbox 2101 1606 2376 1676; x_wconf 84' lang='lat' dir='ltr'><strong>quomodo</strong></span> <span class='ocrx_word' id='word_1_456' title='bbox 2395 1605 2555 1659; x_wconf 91' lang='lat' dir='ltr'><strong>alicui</strong></span> <span class='ocrx_word' id='word_1_457' title='bbox 2581 1621 2647 1658; x_wconf 76' lang='lat' dir='ltr'>ex</span> <span class='ocrx_word' id='word_1_458' title='bbox 2675 1604 2834 1658; x_wconf 90' lang='lat' dir='ltr'><strong>nobis</strong></span> <span class='ocrx_word' id='word_1_459' title='bbox 2857 1603 3043 1658; x_wconf 91' lang='lat' dir='ltr'><strong>unitus</strong></span> <span class='ocrx_word' id='word_1_460' title='bbox 3067 1603 3250 1667; x_wconf 81' lang='lat' dir='ltr'><strong>fuerit,</strong></span> <span class='ocrx_word' id='word_1_461' title='bbox 3274 1603 3420 1672; x_wconf 87' lang='lat' dir='ltr'><strong>quod</strong></span> 
     </span>
    </p>
   </div>
   <div class='ocr_carea' id='block_1_58' title="bbox 1844 1695 3422 1765">
    <p class='ocr_par' dir='ltr' id='par_1_58' title="bbox 1844 1695 3422 1765">
     <span class='ocr_line' id='line_1_58' title="bbox 1844 1695 3422 1765; baseline 0 -16"><span class='ocrx_word' id='word_1_462' title='bbox 1844 1695 2074 1765; x_wconf 90' lang='lat' dir='ltr'><strong>impium</strong></span> <span class='ocrx_word' id='word_1_463' title='bbox 2109 1705 2214 1752; x_wconf 90' lang='lat' dir='ltr'><strong>est.</strong></span> <span class='ocrx_word' id='word_1_464' title='bbox 2253 1697 2434 1752; x_wconf 88' lang='lat' dir='ltr'><strong>Prima</strong></span> <span class='ocrx_word' id='word_1_465' title='bbox 2467 1707 2649 1752; x_wconf 88' lang='lat' dir='ltr'><strong>autem</strong></span> <span class='ocrx_word' id='word_1_466' title='bbox 2691 1707 2873 1752; x_wconf 84' lang='lat' dir='ltr'><strong>vestra</strong></span> <span class='ocrx_word' id='word_1_467' title='bbox 2902 1697 3067 1752; x_wconf 90' lang='lat' dir='ltr'><strong>etiam</strong></span> <span class='ocrx_word' id='word_1_468' title='bbox 3123 1698 3176 1749; x_wconf 90' lang='lat' dir='ltr'><strong>in</strong></span> <span class='ocrx_word' id='word_1_469' title='bbox 3207 1697 3311 1751; x_wconf 90' lang='lat' dir='ltr'><strong>hoc</strong></span> <span class='ocrx_word' id='word_1_470' title='bbox 3337 1712 3422 1749; x_wconf 85' lang='lat' dir='ltr'><strong>ar-</strong></span> 
     </span>
    </p>
   </div>
   <div class='ocr_carea' id='block_1_59' title="bbox 1810 1782 3422 1860">
    <p class='ocr_par' dir='ltr' id='par_1_59' title="bbox 1810 1782 3422 1860">
     <span class='ocr_line' id='line_1_59' title="bbox 1810 1782 3422 1860; baseline 0.001 -19"><span class='ocrx_word' id='word_1_471' title='bbox 1810 1782 2104 1860; x_wconf 65' lang='lat' dir='ltr'><strong>gumento</strong></span> <span class='ocrx_word' id='word_1_472' title='bbox 2162 1790 2487 1860; x_wconf 86' lang='lat' dir='ltr'><strong>propositio,</strong></span> <span class='ocrx_word' id='word_1_473' title='bbox 2543 1790 2697 1859; x_wconf 91' lang='lat' dir='ltr'><strong>quasi</strong></span> <span class='ocrx_word' id='word_1_474' title='bbox 2730 1789 2978 1858; x_wconf 72' lang='lat' dir='ltr'><strong>qumdam</strong></span> <span class='ocrx_word' id='word_1_475' title='bbox 3027 1789 3240 1842; x_wconf 79' lang='lat' dir='ltr'><strong>sentina</strong></span> <span class='ocrx_word' id='word_1_476' title='bbox 3270 1797 3422 1842; x_wconf 87' lang='lat' dir='ltr'><strong>ante-</strong></span> 
     </span>
    </p>
   </div>
   <div class='ocr_carea' id='block_1_60' title="bbox 1843 1879 3422 1952">
    <p class='ocr_par' dir='ltr' id='par_1_60' title="bbox 1843 1879 3422 1952">
     <span class='ocr_line' id='line_1_60' title="bbox 1843 1879 3422 1952; baseline -0.001 -17"><span class='ocrx_word' id='word_1_477' title='bbox 1843 1882 2006 1936; x_wconf 90' lang='lat' dir='ltr'><strong>rioris</strong></span> <span class='ocrx_word' id='word_1_478' title='bbox 2047 1881 2444 1951; x_wconf 58' lang='lat' dir='ltr'><strong>praesentisque</strong></span> <span class='ocrx_word' id='word_1_479' title='bbox 2476 1881 2746 1935; x_wconf 88' lang='lat' dir='ltr'><strong>ratiocinii</strong></span> <span class='ocrx_word' id='word_1_480' title='bbox 2783 1881 2893 1952; x_wconf 89' lang='lat' dir='ltr'><strong>jam</strong></span> <span class='ocrx_word' id='word_1_481' title='bbox 2937 1879 3025 1934; x_wconf 89' lang='lat' dir='ltr'><strong>his</strong></span> <span class='ocrx_word' id='word_1_482' title='bbox 3057 1895 3178 1949; x_wconf 67' lang='lat' dir='ltr'><strong>qua:</strong></span> <span class='ocrx_word' id='word_1_483' title='bbox 3217 1895 3422 1949; x_wconf 54' lang='lat' dir='ltr'><strong>prtevev</strong></span> 
     </span>
    </p>
   </div>
   <div class='ocr_carea' id='block_1_61' title="bbox 1845 1972 3420 2044">
    <p class='ocr_par' dir='ltr' id='par_1_61' title="bbox 1845 1972 3420 2044">
     <span class='ocr_line' id='line_1_61' title="bbox 1845 1972 3420 2044; baseline -0.002 -17"><span class='ocrx_word' id='word_1_484' title='bbox 1845 1973 2061 2028; x_wconf 88' lang='lat' dir='ltr'><strong>nientes</strong></span> <span class='ocrx_word' id='word_1_485' title='bbox 2109 1973 2348 2027; x_wconf 80' lang='lat' dir='ltr'><strong>diximus</strong></span> <span class='ocrx_word' id='word_1_486' title='bbox 2398 1973 2607 2044; x_wconf 85' lang='lat' dir='ltr'><strong>dejecta</strong></span> <span class='ocrx_word' id='word_1_487' title='bbox 2638 1982 2741 2027; x_wconf 89' lang='lat' dir='ltr'><strong>est.</strong></span> <span class='ocrx_word' id='word_1_488' title='bbox 2786 1973 2854 2027; x_wconf 83' lang='lat' dir='ltr'><strong>At</strong></span> <span class='ocrx_word' id='word_1_489' title='bbox 2881 1973 3043 2026; x_wconf 91' lang='lat' dir='ltr'><strong>detur</strong></span> <span class='ocrx_word' id='word_1_490' title='bbox 3081 1972 3241 2026; x_wconf 91' lang='lat' dir='ltr'><strong>nobis</strong></span> <span class='ocrx_word' id='word_1_491' title='bbox 3266 1973 3420 2041; x_wconf 60' lang='lat' dir='ltr'><strong>juxta</strong></span> 
     </span>
    </p>
   </div>
   <div class='ocr_carea' id='block_1_62' title="bbox 1841 2065 3506 2138">
    <p class='ocr_par' dir='ltr' id='par_1_62' title="bbox 1841 2065 3506 2138">
     <span class='ocr_line' id='line_1_62' title="bbox 1841 2065 3506 2138; baseline 0.001 -20"><span class='ocrx_word' id='word_1_492' title='bbox 1841 2065 2211 2137; x_wconf 81' lang='lat' dir='ltr'><strong>hypothesim,</strong></span> <span class='ocrx_word' id='word_1_493' title='bbox 2262 2075 2447 2135; x_wconf 89' lang='lat' dir='ltr'><strong>partes</strong></span> <span class='ocrx_word' id='word_1_494' title='bbox 2497 2082 2617 2121; x_wconf 90' lang='lat' dir='ltr'><strong>esse</strong></span> <span class='ocrx_word' id='word_1_495' title='bbox 2663 2066 2969 2138; x_wconf 84' lang='lat' dir='ltr'><strong>hypostasis</strong></span> <span class='ocrx_word' id='word_1_496' title='bbox 3015 2066 3416 2129; x_wconf 85' lang='lat' dir='ltr'><strong>constitutivas,</strong></span> <span class='ocrx_word' id='word_1_497' title='bbox 3483 2065 3506 2087; x_wconf 73' lang='grc'><em>⁹</em></span> 
     </span>
    </p>
   </div>
   <div class='ocr_carea' id='block_1_63' title="bbox 1839 2155 3418 2225">
    <p class='ocr_par' dir='ltr' id='par_1_63' title="bbox 1839 2155 3418 2225">
     <span class='ocr_line' id='line_1_63' title="bbox 1839 2155 3418 2225; baseline -0.001 -17"><span class='ocrx_word' id='word_1_498' title='bbox 1839 2170 1943 2209; x_wconf 88' lang='lat' dir='ltr'><strong>nec</strong></span> <span class='ocrx_word' id='word_1_499' title='bbox 1965 2155 2103 2210; x_wconf 89' lang='lat' dir='ltr'><strong>scire</strong></span> <span class='ocrx_word' id='word_1_500' title='bbox 2129 2155 2429 2225; x_wconf 89' lang='lat' dir='ltr'><strong>quomodo,</strong></span> <span class='ocrx_word' id='word_1_501' title='bbox 2457 2156 2542 2210; x_wconf 87' lang='lat' dir='ltr'><strong>vel</strong></span> <span class='ocrx_word' id='word_1_502' title='bbox 2569 2155 2685 2220; x_wconf 92' lang='lat' dir='ltr'><strong>ubi,</strong></span> <span class='ocrx_word' id='word_1_503' title='bbox 2710 2155 2795 2210; x_wconf 88' lang='lat' dir='ltr'><strong>vel</strong></span> <span class='ocrx_word' id='word_1_504' title='bbox 2820 2155 3044 2224; x_wconf 87' lang='lat' dir='ltr'><strong>quando</strong></span> <span class='ocrx_word' id='word_1_505' title='bbox 3071 2155 3236 2207; x_wconf 80' lang='lat' dir='ltr'><strong>unitae</strong></span> <span class='ocrx_word' id='word_1_506' title='bbox 3257 2162 3418 2217; x_wconf 88' lang='lat' dir='ltr'><strong>sunt;</strong></span> 
     </span>
    </p>
   </div>
   <div class='ocr_carea' id='block_1_64' title="bbox 1839 2249 3420 2319">
    <p class='ocr_par' dir='ltr' id='par_1_64' title="bbox 1839 2249 3420 2319">
     <span class='ocr_line' id='line_1_64' title="bbox 1839 2249 3420 2319; baseline -0.003 -15"><span class='ocrx_word' id='word_1_507' title='bbox 1839 2249 1958 2316; x_wconf 88' lang='lat' dir='ltr'><strong>sed,</strong></span> <span class='ocrx_word' id='word_1_508' title='bbox 1990 2265 2024 2303; x_wconf 91' lang='grc' dir='ltr'>ο</span> <span class='ocrx_word' id='word_1_509' title='bbox 2065 2265 2184 2314; x_wconf 90' lang='lat' dir='ltr'><strong>vos,</strong></span> <span class='ocrx_word' id='word_1_510' title='bbox 2219 2266 2381 2304; x_wconf 90' lang='lat' dir='ltr'><strong>nemo</strong></span> <span class='ocrx_word' id='word_1_511' title='bbox 2410 2250 2514 2304; x_wconf 86' lang='lat' dir='ltr'><strong>hoc</strong></span> <span class='ocrx_word' id='word_1_512' title='bbox 2550 2259 2721 2304; x_wconf 92' lang='lat' dir='ltr'><strong>totum</strong></span> <span class='ocrx_word' id='word_1_513' title='bbox 2748 2249 3096 2319; x_wconf 87' lang='lat' dir='ltr'><strong>intelligeret,</strong></span> <span class='ocrx_word' id='word_1_514' title='bbox 3129 2257 3420 2318; x_wconf 90' lang='lat' dir='ltr'><strong>quantum-</strong></span> 
     </span>
    </p>
   </div>
   <div class='ocr_carea' id='block_1_65' title="bbox 1839 2337 3420 2409">
    <p class='ocr_par' dir='ltr' id='par_1_65' title="bbox 1839 2337 3420 2409">
     <span class='ocr_line' id='line_1_65' title="bbox 1839 2337 3420 2409; baseline -0.003 -15"><span class='ocrx_word' id='word_1_515' title='bbox 1839 2341 1924 2394; x_wconf 90' lang='lat' dir='ltr'><strong>vis</strong></span> <span class='ocrx_word' id='word_1_516' title='bbox 1945 2354 2137 2409; x_wconf 86' lang='lat' dir='ltr'><strong>parum</strong></span> <span class='ocrx_word' id='word_1_517' title='bbox 2167 2339 2238 2394; x_wconf 90' lang='lat' dir='ltr'><strong>sit</strong></span> <span class='ocrx_word' id='word_1_518' title='bbox 2262 2339 2318 2393; x_wconf 91' lang='lat' dir='ltr'><strong>in</strong></span> <span class='ocrx_word' id='word_1_519' title='bbox 2346 2339 2440 2392; x_wconf 92' lang='lat' dir='ltr'><strong>illo</strong></span> <span class='ocrx_word' id='word_1_520' title='bbox 2464 2337 2745 2392; x_wconf 86' lang='lat' dir='ltr'><strong>rationalis</strong></span> <span class='ocrx_word' id='word_1_521' title='bbox 2767 2346 2995 2396; x_wconf 71' lang='lat' dir='ltr'><strong>naturze.</strong></span> <span class='ocrx_word' id='word_1_522' title='bbox 3019 2352 3086 2391; x_wconf 90' lang='lat' dir='ltr'><strong>co</strong></span> <span class='ocrx_word' id='word_1_523' title='bbox 3115 2337 3262 2406; x_wconf 93' lang='lat' dir='ltr'><strong>quod</strong></span> <span class='ocrx_word' id='word_1_524' title='bbox 3288 2346 3420 2391; x_wconf 92' lang='lat' dir='ltr'><strong>tunc</strong></span> 
     </span>
    </p>
   </div>
   <div class='ocr_carea' id='block_1_66' title="bbox 1841 2430 3421 2500">
    <p class='ocr_par' dir='ltr' id='par_1_66' title="bbox 1841 2430 3421 2500">
     <span class='ocr_line' id='line_1_66' title="bbox 1841 2430 3421 2500; baseline -0.001 -16"><span class='ocrx_word' id='word_1_525' title='bbox 1841 2431 1941 2486; x_wconf 88' lang='lat' dir='ltr'><strong>bos</strong></span> <span class='ocrx_word' id='word_1_526' title='bbox 1986 2431 2307 2500; x_wconf 86' lang='lat' dir='ltr'><strong>contingere</strong></span> <span class='ocrx_word' id='word_1_527' title='bbox 2365 2446 2588 2484; x_wconf 89' lang='lat' dir='ltr'><strong>necesse</strong></span> <span class='ocrx_word' id='word_1_528' title='bbox 2645 2430 2735 2484; x_wconf 90' lang='lat' dir='ltr'><strong>sit.</strong></span> <span class='ocrx_word' id='word_1_529' title='bbox 2791 2430 2926 2484; x_wconf 87' lang='lat' dir='ltr'><strong>Cum</strong></span> <span class='ocrx_word' id='word_1_530' title='bbox 2976 2438 3158 2483; x_wconf 91' lang='lat' dir='ltr'><strong>autem</strong></span> <span class='ocrx_word' id='word_1_531' title='bbox 3207 2436 3421 2482; x_wconf 84' lang='lat' dir='ltr'><strong>constat</strong></span> 
     </span>
    </p>
   </div>
   <div class='ocr_carea' id='block_1_67' title="bbox 1839 2518 3421 2588">
    <p class='ocr_par' dir='ltr' id='par_1_67' title="bbox 1839 2518 3421 2588">
     <span class='ocr_line' id='line_1_67' title="bbox 1839 2518 3421 2588; baseline -0.003 -13"><span class='ocrx_word' id='word_1_532' title='bbox 1839 2519 2096 2575; x_wconf 87' lang='lat' dir='ltr'><strong>eumdem</strong></span> <span class='ocrx_word' id='word_1_533' title='bbox 2127 2534 2248 2574; x_wconf 89' lang='lat' dir='ltr'><strong>esse</strong></span> <span class='ocrx_word' id='word_1_534' title='bbox 2280 2519 2653 2588; x_wconf 69' lang='lat' dir='ltr'><strong>[actoremque</strong></span> <span class='ocrx_word' id='word_1_535' title='bbox 2684 2518 2902 2573; x_wconf 92' lang='lat' dir='ltr'><strong>unionis</strong></span> <span class='ocrx_word' id='word_1_536' title='bbox 2931 2527 2987 2571; x_wconf 89' lang='lat' dir='ltr'><strong>et</strong></span> <span class='ocrx_word' id='word_1_537' title='bbox 3018 2519 3252 2582; x_wconf 89' lang='lat' dir='ltr'><strong>unitum,</strong></span> <span class='ocrx_word' id='word_1_538' title='bbox 3284 2532 3421 2586; x_wconf 90' lang='lat' dir='ltr'><strong>quo-</strong></span> 
     </span>
    </p>
   </div>
   <div class='ocr_carea' id='block_1_68' title="bbox 1840 2592 3420 2678">
    <p class='ocr_par' dir='ltr' id='par_1_68' title="bbox 1840 2592 3420 2678">
     <span class='ocr_line' id='line_1_68' title="bbox 1840 2592 3420 2678; baseline -0.003 -14"><span class='ocrx_word' id='word_1_539' title='bbox 1840 2610 2004 2664; x_wconf 89' lang='lat' dir='ltr'><strong>modo</strong></span> <span class='ocrx_word' id='word_1_540' title='bbox 2037 2625 2190 2664; x_wconf 89' lang='lat' dir='ltr'><strong>suam</strong></span> <span class='ocrx_word' id='word_1_541' title='bbox 2224 2610 2486 2663; x_wconf 88' lang='lat' dir='ltr'><strong>unionem</strong></span> <span class='ocrx_word' id='word_1_542' title='bbox 2531 2609 2830 2678; x_wconf 79' lang='lat' dir='ltr'><strong>ignoraret,</strong></span> <span class='ocrx_word' id='word_1_543' title='bbox 2887 2592 2980 2676; x_wconf 86' lang='lat' dir='ltr'><strong>qui</strong></span> <span class='ocrx_word' id='word_1_544' title='bbox 3023 2608 3187 2661; x_wconf 88' lang='lat' dir='ltr'><strong>etiam</strong></span> <span class='ocrx_word' id='word_1_545' title='bbox 3239 2606 3420 2660; x_wconf 90' lang='lat' dir='ltr'><strong>omnis</strong></span> 
     </span>
    </p>
   </div>
   <div class='ocr_carea' id='block_1_69' title="bbox 1841 2696 3418 2753">
    <p class='ocr_par' dir='ltr' id='par_1_69' title="bbox 1841 2696 3418 2753">
     <span class='ocr_line' id='line_1_69' title="bbox 1841 2696 3418 2753; baseline 0 -1"><span class='ocrx_word' id='word_1_546' title='bbox 1841 2699 2063 2753; x_wconf 90' lang='lat' dir='ltr'><strong>unionis</strong></span> <span class='ocrx_word' id='word_1_547' title='bbox 2096 2709 2288 2753; x_wconf 88' lang='lat' dir='ltr'><strong>auctor</strong></span> <span class='ocrx_word' id='word_1_548' title='bbox 2319 2699 2446 2752; x_wconf 88' lang='lat' dir='ltr'><strong>est?</strong></span> <span class='ocrx_word' id='word_1_549' title='bbox 2487 2698 2758 2753; x_wconf 61' lang='lat' dir='ltr'><strong>Caeterum</strong></span> <span class='ocrx_word' id='word_1_550' title='bbox 2797 2698 2960 2752; x_wconf 89' lang='lat' dir='ltr'><strong>nobis</strong></span> <span class='ocrx_word' id='word_1_551' title='bbox 3003 2713 3196 2751; x_wconf 90' lang='lat' dir='ltr'><strong>rursus</strong></span> <span class='ocrx_word' id='word_1_552' title='bbox 3232 2696 3418 2752; x_wconf 81' lang='lat' dir='ltr'><strong>dicen-</strong></span> 
     </span>
    </p>
   </div>
   <div class='ocr_carea' id='block_1_70' title="bbox 1839 2788 3418 2859">
    <p class='ocr_par' dir='ltr' id='par_1_70' title="bbox 1839 2788 3418 2859">
     <span class='ocr_line' id='line_1_70' title="bbox 1839 2788 3418 2859; baseline -0.001 -15"><span class='ocrx_word' id='word_1_553' title='bbox 1839 2794 1970 2844; x_wconf 92' lang='lat' dir='ltr'><strong>dum</strong></span> <span class='ocrx_word' id='word_1_554' title='bbox 2000 2800 2085 2844; x_wconf 88' lang='lat' dir='ltr'><strong>est</strong></span> <span class='ocrx_word' id='word_1_555' title='bbox 2107 2806 2324 2844; x_wconf 89' lang='lat' dir='ltr'><strong>omnem</strong></span> <span class='ocrx_word' id='word_1_556' title='bbox 2357 2800 2567 2859; x_wconf 88' lang='lat' dir='ltr'><strong>partem</strong></span> <span class='ocrx_word' id='word_1_557' title='bbox 2602 2788 2896 2857; x_wconf 79' lang='lat' dir='ltr'><strong>perfectam</strong></span> <span class='ocrx_word' id='word_1_558' title='bbox 2933 2789 3198 2843; x_wconf 75' lang='lat' dir='ltr'><strong>exsistere</strong></span> <span class='ocrx_word' id='word_1_559' title='bbox 3221 2804 3418 2842; x_wconf 73' lang='lat' dir='ltr'><strong>secun-</strong></span> 
     </span>
    </p>
   </div>
   <div class='ocr_carea' id='block_1_71' title="bbox 1839 2881 3414 2952">
    <p class='ocr_par' dir='ltr' id='par_1_71' title="bbox 1839 2881 3414 2952">
     <span class='ocr_line' id='line_1_71' title="bbox 1839 2881 3414 2952; baseline -0.001 -16"><span class='ocrx_word' id='word_1_560' title='bbox 1839 2881 1968 2936; x_wconf 90' lang='lat' dir='ltr'><strong>dum</strong></span> <span class='ocrx_word' id='word_1_561' title='bbox 1990 2882 2377 2952; x_wconf 83' lang='lat' dir='ltr'><strong>cognitionem,</strong></span> <span class='ocrx_word' id='word_1_562' title='bbox 2399 2882 2811 2952; x_wconf 67' lang='lat' dir='ltr'><strong>prmccdereque</strong></span> <span class='ocrx_word' id='word_1_563' title='bbox 2835 2881 3110 2950; x_wconf 85' lang='lat' dir='ltr'><strong>propriam</strong></span> <span class='ocrx_word' id='word_1_564' title='bbox 3135 2881 3414 2947; x_wconf 87' lang='lat' dir='ltr'><strong>unionem,</strong></span> 
     </span>
    </p>
   </div>
   <div class='ocr_carea' id='block_1_72' title="bbox 1840 2970 3417 3040">
    <p class='ocr_par' dir='ltr' id='par_1_72' title="bbox 1840 2970 3417 3040">
     <span class='ocr_line' id='line_1_72' title="bbox 1840 2970 3417 3040; baseline -0.002 -14"><span class='ocrx_word' id='word_1_565' title='bbox 1840 2973 1968 3027; x_wconf 91' lang='lat' dir='ltr'><strong>licet</strong></span> <span class='ocrx_word' id='word_1_566' title='bbox 1999 2973 2069 3026; x_wconf 89' lang='lat' dir='ltr'><strong>ab</strong></span> <span class='ocrx_word' id='word_1_567' title='bbox 2101 2973 2272 3026; x_wconf 79' lang='lat' dir='ltr'><strong>altera</strong></span> <span class='ocrx_word' id='word_1_568' title='bbox 2302 2972 2445 3026; x_wconf 90' lang='lat' dir='ltr'><strong>uniri</strong></span> <span class='ocrx_word' id='word_1_569' title='bbox 2488 2971 2726 3036; x_wconf 89' lang='lat' dir='ltr'><strong>dicatur,</strong></span> <span class='ocrx_word' id='word_1_570' title='bbox 2762 2972 2904 3026; x_wconf 90' lang='lat' dir='ltr'><strong>scire</strong></span> <span class='ocrx_word' id='word_1_571' title='bbox 2941 2987 3161 3040; x_wconf 92' lang='lat' dir='ltr'><strong>quoque</strong></span> <span class='ocrx_word' id='word_1_572' title='bbox 3190 2970 3417 3024; x_wconf 90' lang='lat' dir='ltr'><strong>omnino</strong></span> 
     </span>
    </p>
   </div>
   <div class='ocr_carea' id='block_1_73' title="bbox 1782 3063 3417 3133">
    <p class='ocr_par' dir='ltr' id='par_1_73' title="bbox 1782 3063 3417 3133">
     <span class='ocr_line' id='line_1_73' title="bbox 1782 3063 3417 3133; baseline -0.001 -17"><span class='ocrx_word' id='word_1_573' title='bbox 1782 3071 1787 3077; x_wconf 94' lang='lat'>&#39;</span> <span class='ocrx_word' id='word_1_574' title='bbox 1839 3063 2004 3118; x_wconf 87' lang='lat' dir='ltr'><strong>debet</strong></span> <span class='ocrx_word' id='word_1_575' title='bbox 2034 3063 2149 3127; x_wconf 90' lang='lat' dir='ltr'><strong>ubi,</strong></span> <span class='ocrx_word' id='word_1_576' title='bbox 2178 3063 2454 3133; x_wconf 91' lang='lat' dir='ltr'><strong>quomodo</strong></span> <span class='ocrx_word' id='word_1_577' title='bbox 2483 3063 2817 3133; x_wconf 88' lang='lat' dir='ltr'><strong>quandoque</strong></span> <span class='ocrx_word' id='word_1_578' title='bbox 2851 3063 3002 3117; x_wconf 90' lang='lat' dir='ltr'><strong>unita</strong></span> <span class='ocrx_word' id='word_1_579' title='bbox 3024 3063 3115 3125; x_wconf 92' lang='lat' dir='ltr'><strong>sit,</strong></span> <span class='ocrx_word' id='word_1_580' title='bbox 3144 3063 3259 3117; x_wconf 76' lang='lat' dir='ltr'><strong>sive</strong></span> <span class='ocrx_word' id='word_1_581' title='bbox 3287 3077 3417 3132; x_wconf 90' lang='lat' dir='ltr'><strong>pro-</strong></span> 
     </span>
    </p>
   </div>
   <div class='ocr_carea' id='block_1_74' title="bbox 1839 3153 3417 3226">
    <p class='ocr_par' dir='ltr' id='par_1_74' title="bbox 1839 3153 3417 3226">
     <span class='ocr_line' id='line_1_74' title="bbox 1839 3153 3417 3226; baseline -0.001 -17"><span class='ocrx_word' id='word_1_582' title='bbox 1839 3156 1958 3226; x_wconf 89' lang='lat' dir='ltr'><strong>pria</strong></span> <span class='ocrx_word' id='word_1_583' title='bbox 1988 3156 2300 3226; x_wconf 84' lang='lat' dir='ltr'><strong>cognitione</strong></span> <span class='ocrx_word' id='word_1_584' title='bbox 2349 3155 2623 3226; x_wconf 81' lang='lat' dir='ltr'><strong>perfecta,</strong></span> <span class='ocrx_word' id='word_1_585' title='bbox 2676 3155 2791 3209; x_wconf 80' lang='lat' dir='ltr'><strong>sive</strong></span> <span class='ocrx_word' id='word_1_586' title='bbox 2825 3163 2948 3224; x_wconf 89' lang='lat' dir='ltr'><strong>post</strong></span> <span class='ocrx_word' id='word_1_587' title='bbox 2991 3153 3245 3208; x_wconf 90' lang='lat' dir='ltr'><strong>unionem</strong></span> <span class='ocrx_word' id='word_1_588' title='bbox 3288 3169 3417 3207; x_wconf 87' lang='lat' dir='ltr'><strong>eva-</strong></span> 
     </span>
    </p>
   </div>
   <div class='ocr_carea' id='block_1_75' title="bbox 1841 3244 3416 3319">
    <p class='ocr_par' dir='ltr' id='par_1_75' title="bbox 1841 3244 3416 3319">
     <span class='ocr_line' id='line_1_75' title="bbox 1841 3244 3416 3319; baseline -0.003 -19"><span class='ocrx_word' id='word_1_589' title='bbox 1841 3246 2043 3306; x_wconf 84' lang='lat' dir='ltr'><strong>nuerit,</strong></span> <span class='ocrx_word' id='word_1_590' title='bbox 2085 3247 2198 3300; x_wconf 85' lang='lat' dir='ltr'><strong>sive</strong></span> <span class='ocrx_word' id='word_1_591' title='bbox 2243 3255 2368 3300; x_wconf 90' lang='lat' dir='ltr'><strong>ante</strong></span> <span class='ocrx_word' id='word_1_592' title='bbox 2406 3245 2666 3300; x_wconf 88' lang='lat' dir='ltr'><strong>unionem</strong></span> <span class='ocrx_word' id='word_1_593' title='bbox 2699 3244 2980 3298; x_wconf 86' lang='lat' dir='ltr'><strong>defecerit.</strong></span> <span class='ocrx_word' id='word_1_594' title='bbox 3012 3245 3107 3299; x_wconf 91' lang='lat' dir='ltr'><strong>Vel</strong></span> <span class='ocrx_word' id='word_1_595' title='bbox 3145 3259 3275 3314; x_wconf 86' lang='lat' dir='ltr'><strong>ergo</strong></span> <span class='ocrx_word' id='word_1_596' title='bbox 3305 3260 3416 3319; x_wconf 86' lang='lat' dir='ltr'><strong>non</strong></span> 
     </span>
    </p>
   </div>
   <div class='ocr_carea' id='block_1_76' title="bbox 1841 3336 3414 3409">
    <p class='ocr_par' dir='ltr' id='par_1_76' title="bbox 1841 3336 3414 3409">
     <span class='ocr_line' id='line_1_76' title="bbox 1841 3336 3414 3409; baseline -0.003 -17"><span class='ocrx_word' id='word_1_597' title='bbox 1841 3339 2118 3409; x_wconf 79' lang='lat' dir='ltr'><strong>perfectus</strong></span> <span class='ocrx_word' id='word_1_598' title='bbox 2143 3340 2248 3393; x_wconf 90' lang='lat' dir='ltr'><strong>erit</strong></span> <span class='ocrx_word' id='word_1_599' title='bbox 2269 3338 2570 3393; x_wconf 90' lang='lat' dir='ltr'><strong>secundum</strong></span> <span class='ocrx_word' id='word_1_600' title='bbox 2594 3337 2963 3409; x_wconf 87' lang='lat' dir='ltr'><strong>cognitionem</strong></span> <span class='ocrx_word' id='word_1_601' title='bbox 2987 3337 3131 3390; x_wconf 89' lang='lat' dir='ltr'><strong>Deus</strong></span> <span class='ocrx_word' id='word_1_602' title='bbox 3154 3336 3414 3405; x_wconf 76' lang='lat' dir='ltr'><strong>Verbum,</strong></span> 
     </span>
    </p>
   </div>
   <div class='ocr_carea' id='block_1_77' title="bbox 1840 3427 3415 3498">
    <p class='ocr_par' dir='ltr' id='par_1_77' title="bbox 1840 3427 3415 3498">
     <span class='ocr_line' id='line_1_77' title="bbox 1840 3427 3415 3498; baseline -0.001 -16"><span class='ocrx_word' id='word_1_603' title='bbox 1840 3429 1924 3482; x_wconf 89' lang='lat' dir='ltr'><strong>vel</strong></span> <span class='ocrx_word' id='word_1_604' title='bbox 1963 3429 2116 3498; x_wconf 80' lang='lat' dir='ltr'><strong>juxta</strong></span> <span class='ocrx_word' id='word_1_605' title='bbox 2165 3444 2264 3482; x_wconf 84' lang='lat' dir='ltr'><strong>vos</strong></span> <span class='ocrx_word' id='word_1_606' title='bbox 2313 3444 2425 3482; x_wconf 90' lang='lat' dir='ltr'><strong>non</strong></span> <span class='ocrx_word' id='word_1_607' title='bbox 2464 3444 2618 3482; x_wconf 90' lang='lat' dir='ltr'><strong>suam</strong></span> <span class='ocrx_word' id='word_1_608' title='bbox 2665 3429 2924 3481; x_wconf 89' lang='lat' dir='ltr'><strong>unionem</strong></span> <span class='ocrx_word' id='word_1_609' title='bbox 2981 3427 3270 3496; x_wconf 65' lang='lat' dir='ltr'><strong>praecedet,</strong></span> <span class='ocrx_word' id='word_1_610' title='bbox 3329 3427 3415 3481; x_wconf 86' lang='lat' dir='ltr'><strong>vel</strong></span> 
     </span>
    </p>
   </div>
   <div class='ocr_carea' id='block_1_78' title="bbox 1833 3518 3414 3590">
    <p class='ocr_par' dir='ltr' id='par_1_78' title="bbox 1833 3518 3414 3590">
     <span class='ocr_line' id='line_1_78' title="bbox 1833 3518 3414 3590; baseline -0.001 -16"><span class='ocrx_word' id='word_1_611' title='bbox 1833 3521 2064 3574; x_wconf 86' lang='lat' dir='ltr'><strong>omnino</strong></span> <span class='ocrx_word' id='word_1_612' title='bbox 2112 3520 2385 3589; x_wconf 88' lang='lat' dir='ltr'><strong>propriam</strong></span> <span class='ocrx_word' id='word_1_613' title='bbox 2420 3520 2676 3574; x_wconf 91' lang='lat' dir='ltr'><strong>unionem</strong></span> <span class='ocrx_word' id='word_1_614' title='bbox 2712 3519 2870 3574; x_wconf 92' lang='lat' dir='ltr'><strong>sciet.</strong></span> <span class='ocrx_word' id='word_1_615' title='bbox 2905 3518 3045 3585; x_wconf 86' lang='lat' dir='ltr'><strong>Quid</strong></span> <span class='ocrx_word' id='word_1_616' title='bbox 3093 3535 3224 3590; x_wconf 84' lang='lat' dir='ltr'><strong>ergo</strong></span> <span class='ocrx_word' id='word_1_617' title='bbox 3260 3519 3414 3589; x_wconf 86' lang='lat' dir='ltr'><strong>palea</strong></span> 
     </span>
    </p>
   </div>
   <div class='ocr_carea' id='block_1_79' title="bbox 1840 3611 3410 3682">
    <p class='ocr_par' dir='ltr' id='par_1_79' title="bbox 1840 3611 3410 3682">
     <span class='ocr_line' id='line_1_79' title="bbox 1840 3611 3410 3682; baseline 0 -19"><span class='ocrx_word' id='word_1_618' title='bbox 1840 3611 2110 3665; x_wconf 78' lang='lat' dir='ltr'><strong>dictarunt</strong></span> <span class='ocrx_word' id='word_1_619' title='bbox 2145 3627 2175 3665; x_wconf 92' lang='lat' dir='ltr'><strong>a</strong></span> <span class='ocrx_word' id='word_1_620' title='bbox 2205 3611 2363 3666; x_wconf 90' lang='lat' dir='ltr'><strong>nobis</strong></span> <span class='ocrx_word' id='word_1_621' title='bbox 2395 3611 2706 3665; x_wconf 88' lang='lat' dir='ltr'><strong>necessario</strong></span> <span class='ocrx_word' id='word_1_622' title='bbox 2742 3612 3037 3682; x_wconf 78' lang='lat' dir='ltr'><strong>spargitur,</strong></span> <span class='ocrx_word' id='word_1_623' title='bbox 3079 3612 3147 3664; x_wconf 90' lang='lat' dir='ltr'><strong>ad</strong></span> <span class='ocrx_word' id='word_1_624' title='bbox 3189 3611 3410 3664; x_wconf 89' lang='lat' dir='ltr'><strong>modum</strong></span> 
     </span>
    </p>
   </div>
   <div class='ocr_carea' id='block_1_80' title="bbox 1841 3703 3413 3771">
    <p class='ocr_par' dir='ltr' id='par_1_80' title="bbox 1841 3703 3413 3771">
     <span class='ocr_line' id='line_1_80' title="bbox 1841 3703 3413 3771; baseline 0.001 -14"><span class='ocrx_word' id='word_1_625' title='bbox 1841 3703 2148 3758; x_wconf 90' lang='lat' dir='ltr'><strong>docendum</strong></span> <span class='ocrx_word' id='word_1_626' title='bbox 2181 3712 2357 3757; x_wconf 90' lang='lat' dir='ltr'><strong>tutum</strong></span> <span class='ocrx_word' id='word_1_627' title='bbox 2401 3703 2847 3771; x_wconf 89' lang='lat' dir='ltr'><strong>dicendi,quasi,</strong></span> <span class='ocrx_word' id='word_1_628' title='bbox 2905 3705 2951 3758; x_wconf 92' lang='lat' dir='ltr'><strong>si</strong></span> <span class='ocrx_word' id='word_1_629' title='bbox 3006 3705 3194 3757; x_wconf 93' lang='lat' dir='ltr'><strong>unitus</strong></span> <span class='ocrx_word' id='word_1_630' title='bbox 3248 3703 3413 3758; x_wconf 80' lang='lat' dir='ltr'><strong>fuerit</strong></span> 
     </span>
    </p>
   </div>
   <div class='ocr_carea' id='block_1_81' title="bbox 1841 3794 3414 3865">
    <p class='ocr_par' dir='ltr' id='par_1_81' title="bbox 1841 3794 3414 3865">
     <span class='ocr_line' id='line_1_81' title="bbox 1841 3794 3414 3865; baseline 0.001 -16"><span class='ocrx_word' id='word_1_631' title='bbox 1841 3796 1986 3849; x_wconf 90' lang='lat' dir='ltr'><strong>Deus</strong></span> <span class='ocrx_word' id='word_1_632' title='bbox 2012 3795 2273 3858; x_wconf 78' lang='lat' dir='ltr'><strong>Verbum,</strong></span> <span class='ocrx_word' id='word_1_633' title='bbox 2304 3811 2414 3848; x_wconf 89' lang='lat' dir='ltr'><strong>non</strong></span> <span class='ocrx_word' id='word_1_634' title='bbox 2452 3794 2618 3850; x_wconf 90' lang='lat' dir='ltr'><strong>sciret</strong></span> <span class='ocrx_word' id='word_1_635' title='bbox 2640 3794 2938 3865; x_wconf 84' lang='lat' dir='ltr'><strong>quomodo,</strong></span> <span class='ocrx_word' id='word_1_636' title='bbox 2970 3796 3057 3850; x_wconf 87' lang='lat' dir='ltr'><strong>vel</strong></span> <span class='ocrx_word' id='word_1_637' title='bbox 3100 3795 3192 3850; x_wconf 90' lang='lat' dir='ltr'><strong>ubi</strong></span> <span class='ocrx_word' id='word_1_638' title='bbox 3226 3797 3414 3852; x_wconf 86' lang='lat' dir='ltr'><strong>unitus</strong></span> 
     </span>
    </p>
   </div>
   <div class='ocr_carea' id='block_1_82' title="bbox 1841 3882 2495 3939">
    <p class='ocr_par' dir='ltr' id='par_1_82' title="bbox 1841 3882 2495 3939">
     <span class='ocr_line' id='line_1_82' title="bbox 1841 3882 2495 3939; baseline 0.002 -3"><span class='ocrx_word' id='word_1_639' title='bbox 1841 3882 2008 3939; x_wconf 77' lang='lat' dir='ltr'><strong>fuerit</strong></span> <span class='ocrx_word' id='word_1_640' title='bbox 2031 3883 2195 3938; x_wconf 90' lang='lat' dir='ltr'><strong>alicui</strong></span> <span class='ocrx_word' id='word_1_641' title='bbox 2223 3900 2290 3939; x_wconf 84' lang='lat' dir='ltr'>ex</span> <span class='ocrx_word' id='word_1_642' title='bbox 2313 3883 2495 3939; x_wconf 91' lang='lat' dir='ltr'><strong>nobis.</strong></span> 
     </span>
    </p>
   </div>
   <div class='ocr_carea' id='block_1_83' title="bbox 2507 4020 2770 4077">
    <p class='ocr_par' dir='ltr' id='par_1_83' title="bbox 2507 4020 2770 4077">
     <span class='ocr_line' id='line_1_83' title="bbox 2507 4020 2770 4077; baseline -0.008 0"><span class='ocrx_word' id='word_1_643' title='bbox 2507 4020 2662 4077; x_wconf 86' lang='lat' dir='ltr'><strong>CAP.</strong></span> <span class='ocrx_word' id='word_1_644' title='bbox 2699 4021 2770 4075; x_wconf 83' lang='lat' dir='ltr'><strong>X.</strong></span> 
     </span>
    </p>
   </div>
   <div class='ocr_carea' id='block_1_84' title="bbox 1913 4156 3412 4229">
    <p class='ocr_par' dir='ltr' id='par_1_84' title="bbox 1913 4156 3412 4229">
     <span class='ocr_line' id='line_1_84' title="bbox 1913 4156 3412 4229; baseline 0.001 -16"><span class='ocrx_word' id='word_1_645' title='bbox 1913 4157 1992 4222; x_wconf 91' lang='lat' dir='ltr'><strong>Si,</strong></span> <span class='ocrx_word' id='word_1_646' title='bbox 2028 4166 2089 4214; x_wconf 90' lang='lat' dir='ltr'><strong>ut</strong></span> <span class='ocrx_word' id='word_1_647' title='bbox 2126 4158 2301 4222; x_wconf 90' lang='lat' dir='ltr'><strong>aiunt,</strong></span> <span class='ocrx_word' id='word_1_648' title='bbox 2337 4156 2526 4212; x_wconf 89' lang='lat' dir='ltr'><strong>unitus</strong></span> <span class='ocrx_word' id='word_1_649' title='bbox 2566 4159 2639 4213; x_wconf 91' lang='lat' dir='ltr'><strong>sit</strong></span> <span class='ocrx_word' id='word_1_650' title='bbox 2666 4157 2920 4214; x_wconf 87' lang='lat' dir='ltr'><strong>Christus</strong></span> <span class='ocrx_word' id='word_1_651' title='bbox 2948 4159 3248 4222; x_wconf 89' lang='lat' dir='ltr'><strong>Dominus,</strong></span> <span class='ocrx_word' id='word_1_652' title='bbox 3286 4176 3412 4229; x_wconf 87' lang='lat' dir='ltr'><strong>pars</strong></span> 
     </span>
    </p>
   </div>
   <div class='ocr_carea' id='block_1_85' title="bbox 1841 4249 3412 4314">
    <p class='ocr_par' dir='ltr' id='par_1_85' title="bbox 1841 4249 3412 4314">
     <span class='ocr_line' id='line_1_85' title="bbox 1841 4249 3412 4314; baseline 0 -10"><span class='ocrx_word' id='word_1_653' title='bbox 1841 4250 2088 4304; x_wconf 80' lang='lat' dir='ltr'><strong>estDeus</strong></span> <span class='ocrx_word' id='word_1_654' title='bbox 2113 4249 2374 4312; x_wconf 83' lang='lat' dir='ltr'><strong>Verbum,</strong></span> <span class='ocrx_word' id='word_1_655' title='bbox 2398 4256 2457 4302; x_wconf 91' lang='lat' dir='ltr'><strong>ut</strong></span> <span class='ocrx_word' id='word_1_656' title='bbox 2487 4250 2605 4304; x_wconf 87' lang='lat' dir='ltr'><strong>vult</strong></span> <span class='ocrx_word' id='word_1_657' title='bbox 2644 4249 2732 4303; x_wconf 77' lang='lat' dir='ltr'><strong>lex</strong></span> <span class='ocrx_word' id='word_1_658' title='bbox 2764 4250 3044 4304; x_wconf 86' lang='lat' dir='ltr'><strong>unitorum</strong></span> <span class='ocrx_word' id='word_1_659' title='bbox 3068 4267 3082 4314; x_wconf 84' lang='lat'><strong>;</strong></span> <span class='ocrx_word' id='word_1_660' title='bbox 3110 4251 3288 4304; x_wconf 90' lang='lat' dir='ltr'><strong>omnis</strong></span> <span class='ocrx_word' id='word_1_661' title='bbox 3314 4267 3412 4304; x_wconf 86' lang='lat' dir='ltr'><strong>au-</strong></span> 
     </span>
    </p>
   </div>
   <div class='ocr_carea' id='block_1_86' title="bbox 1845 4339 3413 4409">
    <p class='ocr_par' dir='ltr' id='par_1_86' title="bbox 1845 4339 3413 4409">
     <span class='ocr_line' id='line_1_86' title="bbox 1845 4339 3413 4409; baseline 0.001 -17"><span class='ocrx_word' id='word_1_662' title='bbox 1845 4347 1950 4393; x_wconf 88' lang='lat' dir='ltr'><strong>tem</strong></span> <span class='ocrx_word' id='word_1_663' title='bbox 1980 4355 2127 4409; x_wconf 86' lang='lat' dir='ltr'><strong>pars,</strong></span> <span class='ocrx_word' id='word_1_664' title='bbox 2161 4340 2464 4393; x_wconf 88' lang='lat' dir='ltr'><strong>secundum</strong></span> <span class='ocrx_word' id='word_1_665' title='bbox 2491 4339 2622 4408; x_wconf 88' lang='lat' dir='ltr'><strong>quid</strong></span> <span class='ocrx_word' id='word_1_666' title='bbox 2652 4341 2832 4393; x_wconf 88' lang='lat' dir='ltr'><strong>minor</strong></span> <span class='ocrx_word' id='word_1_667' title='bbox 2849 4356 2948 4393; x_wconf 91' lang='lat' dir='ltr'><strong>suo</strong></span> <span class='ocrx_word' id='word_1_668' title='bbox 2980 4350 3094 4395; x_wconf 90' lang='lat' dir='ltr'><strong>toto</strong></span> <span class='ocrx_word' id='word_1_669' title='bbox 3121 4342 3413 4396; x_wconf 83' lang='lat' dir='ltr'><strong>constitui-</strong></span> 
     </span>
    </p>
   </div>
   <div class='ocr_carea' id='block_1_87' title="bbox 1846 4431 3412 4502">
    <p class='ocr_par' dir='ltr' id='par_1_87' title="bbox 1846 4431 3412 4502">
     <span class='ocr_line' id='line_1_87' title="bbox 1846 4431 3412 4502; baseline -0.001 -16"><span class='ocrx_word' id='word_1_670' title='bbox 1846 4440 1968 4496; x_wconf 87' lang='lat' dir='ltr'><strong>tur;</strong></span> <span class='ocrx_word' id='word_1_671' title='bbox 2005 4433 2150 4486; x_wconf 90' lang='lat' dir='ltr'><strong>Deus</strong></span> <span class='ocrx_word' id='word_1_672' title='bbox 2179 4432 2419 4487; x_wconf 76' lang='lat' dir='ltr'><strong>Verbum</strong></span> <span class='ocrx_word' id='word_1_673' title='bbox 2464 4431 2644 4486; x_wconf 89' lang='lat' dir='ltr'><strong>minor</strong></span> <span class='ocrx_word' id='word_1_674' title='bbox 2683 4432 2850 4501; x_wconf 79' lang='lat' dir='ltr'><strong>igitur</strong></span> <span class='ocrx_word' id='word_1_675' title='bbox 2877 4444 2962 4485; x_wconf 89' lang='lat' dir='ltr'><strong>est</strong></span> <span class='ocrx_word' id='word_1_676' title='bbox 2991 4432 3174 4502; x_wconf 91' lang='lat' dir='ltr'><strong>aliquo</strong></span> <span class='ocrx_word' id='word_1_677' title='bbox 3209 4448 3378 4487; x_wconf 86' lang='lat' dir='ltr'><strong>secun</strong></span> <span class='ocrx_word' id='word_1_678' title='bbox 3399 4463 3412 4471; x_wconf 91' lang='lat'><strong>-</strong></span> 
     </span>
    </p>
   </div>
   <div class='ocr_carea' id='block_1_88' title="bbox 1843 4521 3412 4593">
    <p class='ocr_par' dir='ltr' id='par_1_88' title="bbox 1843 4521 3412 4593">
     <span class='ocr_line' id='line_1_88' title="bbox 1843 4521 3412 4593; baseline -0.002 -16"><span class='ocrx_word' id='word_1_679' title='bbox 1843 4522 1974 4577; x_wconf 92' lang='lat' dir='ltr'><strong>dum</strong></span> <span class='ocrx_word' id='word_1_680' title='bbox 2022 4523 2189 4593; x_wconf 89' lang='lat' dir='ltr'><strong>quid;</strong></span> <span class='ocrx_word' id='word_1_681' title='bbox 2238 4539 2346 4576; x_wconf 90' lang='lat' dir='ltr'><strong>non</strong></span> <span class='ocrx_word' id='word_1_682' title='bbox 2381 4521 2528 4576; x_wconf 90' lang='lat' dir='ltr'><strong>enim</strong></span> <span class='ocrx_word' id='word_1_683' title='bbox 2571 4533 2717 4576; x_wconf 90' lang='lat' dir='ltr'><strong>esset</strong></span> <span class='ocrx_word' id='word_1_684' title='bbox 2756 4538 2903 4591; x_wconf 88' lang='lat' dir='ltr'><strong>pars,</strong></span> <span class='ocrx_word' id='word_1_685' title='bbox 2953 4524 3058 4576; x_wconf 91' lang='lat' dir='ltr'><strong>nisi</strong></span> <span class='ocrx_word' id='word_1_686' title='bbox 3111 4531 3224 4576; x_wconf 91' lang='lat' dir='ltr'><strong>toto</strong></span> <span class='ocrx_word' id='word_1_687' title='bbox 3269 4522 3412 4575; x_wconf 81' lang='lat' dir='ltr'><strong>foret</strong></span> 
     </span>
    </p>
   </div>
   <div class='ocr_carea' id='block_1_89' title="bbox 180 4613 1740 4692">
    <p class='ocr_par' dir='ltr' id='par_1_89' title="bbox 180 4613 1740 4687">
     <span class='ocr_line' id='line_1_89' title="bbox 180 4613 1740 4687; baseline 0.005 -20"><span class='ocrx_word' id='word_1_688' title='bbox 180 4613 351 4681; x_wconf 84' lang='grc' dir='ltr'>τοῦτο,</span> <span class='ocrx_word' id='word_1_689' title='bbox 403 4613 522 4665; x_wconf 82' lang='grc' dir='ltr'>οὑδὲ</span> <span class='ocrx_word' id='word_1_690' title='bbox 574 4615 704 4677; x_wconf 80' lang='grc' dir='ltr'>Θεὸς</span> <span class='ocrx_word' id='word_1_691' title='bbox 748 4615 997 4686; x_wconf 85' lang='grc' dir='ltr'>ἀληθινὸς</span> <span class='ocrx_word' id='word_1_692' title='bbox 1025 4619 1052 4670; x_wconf 92' lang='lat'><strong>6</strong></span> <span class='ocrx_word' id='word_1_693' title='bbox 1080 4617 1212 4681; x_wconf 80' lang='grc' dir='ltr'>Θεὸς</span> <span class='ocrx_word' id='word_1_694' title='bbox 1251 4620 1456 4687; x_wconf 84' lang='grc' dir='ltr'>Λόγος·</span> <span class='ocrx_word' id='word_1_695' title='bbox 1502 4622 1623 4673; x_wconf 74' lang='grc' dir='ltr'>ἐπεὶ</span> <span class='ocrx_word' id='word_1_696' title='bbox 1655 4623 1740 4676; x_wconf 84' lang='grc' dir='ltr'><strong>τὸν</strong></span> 
     </span>
    </p>
   </div>
   <div class='ocr_carea' id='block_1_90' title="bbox 1843 4613 3408 4692">
    <p class='ocr_par' dir='ltr' id='par_1_90' title="bbox 1847 4613 3408 4678">
     <span class='ocr_line' id='line_1_90' title="bbox 1847 4613 3408 4678; baseline -0.001 -10"><span class='ocrx_word' id='word_1_697' title='bbox 1847 4616 2044 4668; x_wconf 87' lang='lat' dir='ltr'><strong>minor.</strong></span> <span class='ocrx_word' id='word_1_698' title='bbox 2077 4615 2132 4667; x_wconf 83' lang='lat' dir='ltr'><strong>Si</strong></span> <span class='ocrx_word' id='word_1_699' title='bbox 2180 4625 2361 4667; x_wconf 88' lang='lat' dir='ltr'><strong>autem</strong></span> <span class='ocrx_word' id='word_1_700' title='bbox 2393 4614 2498 4668; x_wconf 93' lang='lat' dir='ltr'><strong>hoc</strong></span> <span class='ocrx_word' id='word_1_701' title='bbox 2551 4615 2624 4668; x_wconf 91' lang='lat' dir='ltr'><strong>ita</strong></span> <span class='ocrx_word' id='word_1_702' title='bbox 2674 4613 2764 4676; x_wconf 90' lang='lat' dir='ltr'><strong>sit,</strong></span> <span class='ocrx_word' id='word_1_703' title='bbox 2808 4631 2914 4666; x_wconf 90' lang='lat' dir='ltr'><strong>non</strong></span> <span class='ocrx_word' id='word_1_704' title='bbox 2943 4630 3109 4668; x_wconf 87' lang='lat' dir='ltr'><strong>verus</strong></span> <span class='ocrx_word' id='word_1_705' title='bbox 3133 4623 3218 4668; x_wconf 89' lang='lat' dir='ltr'><strong>est</strong></span> <span class='ocrx_word' id='word_1_706' title='bbox 3245 4615 3408 4678; x_wconf 88' lang='lat' dir='ltr'><strong>Deus,</strong></span> 
     </span>
    </p>
   </div>
   <div class='ocr_carea' id='block_1_91' title="bbox 181 4705 1735 4777">
    <p class='ocr_par' dir='ltr' id='par_1_91' title="bbox 181 4705 1735 4777">
     <span class='ocr_line' id='line_1_91' title="bbox 181 4705 1735 4777; baseline 0.005 -18"><span class='ocrx_word' id='word_1_707' title='bbox 181 4705 424 4776; x_wconf 87' lang='grc' dir='ltr'>ἀληθινὸν</span> <span class='ocrx_word' id='word_1_708' title='bbox 478 4705 632 4770; x_wconf 88' lang='grc' dir='ltr'>Θεὸν,</span> <span class='ocrx_word' id='word_1_709' title='bbox 687 4706 900 4766; x_wconf 81' lang='grc' dir='ltr'>οὐδενὸς</span> <span class='ocrx_word' id='word_1_710' title='bbox 941 4707 1199 4761; x_wconf 81' lang='grc' dir='ltr'>ἐλάττονα</span> <span class='ocrx_word' id='word_1_711' title='bbox 1251 4710 1433 4777; x_wconf 84' lang='grc' dir='ltr'>λέγειν</span> <span class='ocrx_word' id='word_1_712' title='bbox 1474 4712 1735 4766; x_wconf 88' lang='grc' dir='ltr'>δυνατόν·</span> 
     </span>
    </p>
   </div>
   <div class='ocr_carea' id='block_1_92' title="bbox 182 4797 1738 4874">
    <p class='ocr_par' dir='ltr' id='par_1_92' title="bbox 182 4797 1738 4874">
     <span class='ocr_line' id='line_1_92' title="bbox 182 4797 1738 4874; baseline 0.003 -21"><span class='ocrx_word' id='word_1_713' title='bbox 182 4799 501 4870; x_wconf 83' lang='grc' dir='ltr'>ἀσύγκριτος</span> <span class='ocrx_word' id='word_1_714' title='bbox 543 4797 652 4868; x_wconf 77' lang='grc' dir='ltr'>γὰρ</span> <span class='ocrx_word' id='word_1_715' title='bbox 697 4799 725 4851; x_wconf 87' lang='lat'><strong>6</strong></span> <span class='ocrx_word' id='word_1_716' title='bbox 757 4799 889 4862; x_wconf 88' lang='grc' dir='ltr'>Θεὸς</span> <span class='ocrx_word' id='word_1_717' title='bbox 927 4801 1161 4870; x_wconf 87' lang='grc' dir='ltr'>πάμπαν</span> <span class='ocrx_word' id='word_1_718' title='bbox 1200 4803 1295 4855; x_wconf 80' lang='grc' dir='ltr'><strong>καὶ</strong></span> <span class='ocrx_word' id='word_1_719' title='bbox 1333 4804 1738 4874; x_wconf 79' lang='grc' dir='ltr'>ἀπαράϐλητος.</span> 
     </span>
    </p>
   </div>
   <div class='ocr_carea' id='block_1_93' title="bbox 188 4889 1742 4967">
    <p class='ocr_par' dir='ltr' id='par_1_93' title="bbox 188 4889 1742 4967">
     <span class='ocr_line' id='line_1_93' title="bbox 188 4889 1742 4967; baseline 0.003 -24"><span class='ocrx_word' id='word_1_720' title='bbox 188 4892 254 4943; x_wconf 85' lang='grc' dir='ltr'>Ἣ</span> <span class='ocrx_word' id='word_1_721' title='bbox 286 4891 411 4959; x_wconf 82' lang='grc' dir='ltr'>γοῦν</span> <span class='ocrx_word' id='word_1_722' title='bbox 439 4889 872 4962; x_wconf 84' lang='grc' dir='ltr'>όμολογείτωσαν</span> <span class='ocrx_word' id='word_1_723' title='bbox 896 4892 1142 4962; x_wconf 78' lang='grc' dir='ltr'>φανερῶς</span> <span class='ocrx_word' id='word_1_724' title='bbox 1167 4892 1264 4963; x_wconf 80' lang='grc' dir='ltr'>τὴν</span> <span class='ocrx_word' id='word_1_725' title='bbox 1289 4894 1423 4964; x_wconf 87' lang='grc' dir='ltr'>πρὸς</span> <span class='ocrx_word' id='word_1_726' title='bbox 1452 4897 1576 4960; x_wconf 82' lang='grc' dir='ltr'>τοὺς</span> <span class='ocrx_word' id='word_1_727' title='bbox 1608 4897 1742 4967; x_wconf 78' lang='grc' dir='ltr'>ἀλη-</span> 
     </span>
    </p>
   </div>
   <div class='ocr_carea' id='block_1_94' title="bbox 187 4981 1740 5059">
    <p class='ocr_par' dir='ltr' id='par_1_94' title="bbox 187 4981 1740 5059">
     <span class='ocr_line' id='line_1_94' title="bbox 187 4981 1740 5059; baseline 0.003 -23"><span class='ocrx_word' id='word_1_728' title='bbox 187 4981 322 5036; x_wconf 85' lang='grc' dir='ltr'>θινὸν</span> <span class='ocrx_word' id='word_1_729' title='bbox 364 4983 496 5037; x_wconf 87' lang='grc' dir='ltr'>Θεὸν</span> <span class='ocrx_word' id='word_1_730' title='bbox 537 4983 747 5045; x_wconf 78' lang='grc' dir='ltr'>εἰδότας</span> <span class='ocrx_word' id='word_1_731' title='bbox 791 4983 880 5035; x_wconf 89' lang='grc' dir='ltr'><strong>τὸν</strong></span> <span class='ocrx_word' id='word_1_732' title='bbox 908 4984 1039 5036; x_wconf 87' lang='grc' dir='ltr'>Θεὸν</span> <span class='ocrx_word' id='word_1_733' title='bbox 1080 4986 1256 5052; x_wconf 85' lang='grc' dir='ltr'>Λόγον</span> <span class='ocrx_word' id='word_1_734' title='bbox 1299 4987 1673 5058; x_wconf 81' lang='grc' dir='ltr'>ἐναντιότητα,</span> <span class='ocrx_word' id='word_1_735' title='bbox 1707 4988 1740 5059; x_wconf 79' lang='grc' dir='ltr'>ἢ</span> 
     </span>
    </p>
   </div>
   <div class='ocr_carea' id='block_1_95' title="bbox 191 5073 1744 5145">
    <p class='ocr_par' dir='ltr' id='par_1_95' title="bbox 191 5073 1744 5145">
     <span class='ocr_line' id='line_1_95' title="bbox 191 5073 1744 5145; baseline 0.003 -19"><span class='ocrx_word' id='word_1_736' title='bbox 191 5074 576 5127; x_wconf 79' lang='grc' dir='ltr'>παυσάσθωσαν</span> <span class='ocrx_word' id='word_1_737' title='bbox 604 5073 857 5127; x_wconf 83' lang='grc' dir='ltr'>σύνθετον</span> <span class='ocrx_word' id='word_1_738' title='bbox 889 5075 1020 5145; x_wconf 80' lang='grc' dir='ltr'>ἡμῖν</span> <span class='ocrx_word' id='word_1_739' title='bbox 1048 5076 1360 5143; x_wconf 86' lang='grc' dir='ltr'>εἰσάγοντες</span> <span class='ocrx_word' id='word_1_740' title='bbox 1390 5077 1576 5131; x_wconf 81' lang='grc' dir='ltr'>οὐσίαν</span> <span class='ocrx_word' id='word_1_741' title='bbox 1601 5079 1665 5132; x_wconf 80' lang='grc' dir='ltr'>ἔκ</span> <span class='ocrx_word' id='word_1_742' title='bbox 1683 5095 1744 5131; x_wconf 88' lang='grc' dir='ltr'><strong>τε</strong></span> 
     </span>
    </p>
   </div>
   <div class='ocr_carea' id='block_1_96' title="bbox 191 5165 1746 5239">
    <p class='ocr_par' dir='ltr' id='par_1_96' title="bbox 191 5165 1746 5239">
     <span class='ocr_line' id='line_1_96' title="bbox 191 5165 1746 5239; baseline 0.004 -22"><span class='ocrx_word' id='word_1_743' title='bbox 191 5165 278 5218; x_wconf 79' lang='grc' dir='ltr'><strong>τοὺ</strong></span> <span class='ocrx_word' id='word_1_744' title='bbox 313 5165 441 5217; x_wconf 87' lang='grc' dir='ltr'><strong>Θεοῦ</strong></span> <span class='ocrx_word' id='word_1_745' title='bbox 469 5167 643 5235; x_wconf 86' lang='grc' dir='ltr'>Λόγου</span> <span class='ocrx_word' id='word_1_746' title='bbox 685 5167 780 5220; x_wconf 72' lang='grc' dir='ltr'><strong>καὶ</strong></span> <span class='ocrx_word' id='word_1_747' title='bbox 806 5167 908 5235; x_wconf 83' lang='grc' dir='ltr'>τῆς</span> <span class='ocrx_word' id='word_1_748' title='bbox 932 5167 1089 5238; x_wconf 82' lang='grc' dir='ltr'>ἡμῶν</span> <span class='ocrx_word' id='word_1_749' title='bbox 1137 5167 1340 5238; x_wconf 83' lang='grc' dir='ltr'>σαρκὸς</span> <span class='ocrx_word' id='word_1_750' title='bbox 1378 5167 1644 5239; x_wconf 80' lang='grc' dir='ltr'>ἐμψύχου.</span> <span class='ocrx_word' id='word_1_751' title='bbox 1677 5169 1746 5223; x_wconf 75' lang='lat' dir='ltr'><strong>Al</strong></span> 
     </span>
    </p>
   </div>
   <div class='ocr_carea' id='block_1_97' title="bbox 193 5255 1746 5326">
    <p class='ocr_par' dir='ltr' id='par_1_97' title="bbox 193 5255 1746 5326">
     <span class='ocr_line' id='line_1_97' title="bbox 193 5255 1746 5326; baseline 0.002 -16"><span class='ocrx_word' id='word_1_752' title='bbox 193 5255 462 5310; x_wconf 68' lang='grc' dir='ltr'>καθολικαὶ</span> <span class='ocrx_word' id='word_1_753' title='bbox 483 5257 635 5326; x_wconf 84' lang='grc' dir='ltr'>ὑμῶν</span> <span class='ocrx_word' id='word_1_754' title='bbox 665 5258 1019 5326; x_wconf 79' lang='grc' dir='ltr'>καταφάσεις,</span> <span class='ocrx_word' id='word_1_755' title='bbox 1071 5258 1166 5312; x_wconf 80' lang='grc' dir='ltr'><strong>καὶ</strong></span> <span class='ocrx_word' id='word_1_756' title='bbox 1203 5260 1260 5312; x_wconf 86' lang='grc' dir='ltr'><strong>αἰ</strong></span> <span class='ocrx_word' id='word_1_757' title='bbox 1283 5259 1348 5311; x_wconf 89' lang='grc' dir='ltr'><strong>ἐκ</strong></span> <span class='ocrx_word' id='word_1_758' title='bbox 1384 5259 1586 5312; x_wconf 76' lang='grc' dir='ltr'>τούτων</span> <span class='ocrx_word' id='word_1_759' title='bbox 1611 5260 1746 5313; x_wconf 89' lang='grc' dir='ltr'>ἀπο-</span> 
     </span>
    </p>
   </div>
   <div class='ocr_carea' id='block_1_98' title="bbox 193 5347 1741 5420">
    <p class='ocr_par' dir='ltr' id='par_1_98' title="bbox 193 5347 1741 5420">
     <span class='ocr_line' id='line_1_98' title="bbox 193 5347 1741 5420; baseline 0.001 -19"><span class='ocrx_word' id='word_1_760' title='bbox 193 5347 392 5413; x_wconf 81' lang='grc' dir='ltr'>δείξεις,</span> <span class='ocrx_word' id='word_1_761' title='bbox 421 5348 669 5418; x_wconf 85' lang='grc' dir='ltr'>ἀνόνητοι</span> <span class='ocrx_word' id='word_1_762' title='bbox 697 5350 824 5419; x_wconf 85' lang='grc' dir='ltr'>ὑμῖν</span> <span class='ocrx_word' id='word_1_763' title='bbox 856 5348 1072 5418; x_wconf 81' lang='grc' dir='ltr'>ἀληθῶς</span> <span class='ocrx_word' id='word_1_764' title='bbox 1099 5347 1195 5402; x_wconf 82' lang='grc' dir='ltr'>νῦν</span> <span class='ocrx_word' id='word_1_765' title='bbox 1219 5349 1700 5420; x_wconf 80' lang='grc' dir='ltr'>ἀποδειχθήσονται</span> <span class='ocrx_word' id='word_1_766' title='bbox 1728 5367 1741 5380; x_wconf 93' lang='grc'><strong>·</strong></span> 
     </span>
    </p>
   </div>
   <div class='ocr_carea' id='block_1_99' title="bbox 194 5433 1746 5520">
    <p class='ocr_par' dir='ltr' id='par_1_99' title="bbox 194 5433 1746 5520">
     <span class='ocr_line' id='line_1_99' title="bbox 194 5433 1746 5520; baseline 0.001 -26"><span class='ocrx_word' id='word_1_767' title='bbox 194 5441 255 5494; x_wconf 82' lang='grc' dir='ltr'>δι’</span> <span class='ocrx_word' id='word_1_768' title='bbox 283 5433 352 5493; x_wconf 81' lang='grc' dir='ltr'>ὧν</span> <span class='ocrx_word' id='word_1_769' title='bbox 395 5439 503 5509; x_wconf 77' lang='grc' dir='ltr'><strong>γὰρ</strong></span> <span class='ocrx_word' id='word_1_770' title='bbox 549 5441 750 5510; x_wconf 84' lang='grc' dir='ltr'>ἰσχύειν</span> <span class='ocrx_word' id='word_1_771' title='bbox 791 5441 1091 5520; x_wconf 78' lang='grc' dir='ltr'>ἡγήσασθε,</span> <span class='ocrx_word' id='word_1_772' title='bbox 1115 5442 1202 5495; x_wconf 84' lang='grc' dir='ltr'>διὰ</span> <span class='ocrx_word' id='word_1_773' title='bbox 1226 5441 1451 5505; x_wconf 79' lang='grc' dir='ltr'>τούτων,</span> <span class='ocrx_word' id='word_1_774' title='bbox 1474 5460 1746 5513; x_wconf 75' lang='grc' dir='ltr'>προφητι-</span> 
     </span>
    </p>
   </div>
   <div class='ocr_carea' id='block_1_100' title="bbox 197 5532 1749 5606">
    <p class='ocr_par' dir='ltr' id='par_1_100' title="bbox 197 5532 1749 5606">
     <span class='ocr_line' id='line_1_100' title="bbox 197 5532 1749 5606; baseline -0.006 -9"><span class='ocrx_word' id='word_1_775' title='bbox 197 5532 299 5596; x_wconf 77' lang='grc' dir='ltr'><strong>κῶς</strong></span> <span class='ocrx_word' id='word_1_776' title='bbox 313 5549 490 5602; x_wconf 80' lang='grc' dir='ltr'>φαμεν</span> <span class='ocrx_word' id='word_1_777' title='bbox 511 5533 659 5599; x_wconf 81' lang='grc' dir='ltr'>ὑμῖν.</span> <span class='ocrx_word' id='word_1_778' title='bbox 682 5533 1050 5603; x_wconf 77' lang='grc' dir='ltr'>ἡττηθήσεσθε</span> <span class='ocrx_word' id='word_1_779' title='bbox 1069 5552 1083 5565; x_wconf 92' lang='grc'><strong>·</strong></span> <span class='ocrx_word' id='word_1_780' title='bbox 1098 5533 1160 5586; x_wconf 87' lang='grc' dir='ltr'>τὸ</span> <span class='ocrx_word' id='word_1_781' title='bbox 1184 5532 1292 5602; x_wconf 86' lang='grc' dir='ltr'>γὰρ</span> <span class='ocrx_word' id='word_1_782' title='bbox 1313 5534 1527 5606; x_wconf 83' lang='grc' dir='ltr'>καίριον</span> <span class='ocrx_word' id='word_1_783' title='bbox 1551 5537 1749 5606; x_wconf 80' lang='grc' dir='ltr'>ἠγνοή-</span> 
     </span>
    </p>
   </div>
   <div class='ocr_carea' id='block_1_101' title="bbox 195 5623 1746 5698">
    <p class='ocr_par' dir='ltr' id='par_1_101' title="bbox 195 5623 1746 5698">
     <span class='ocr_line' id='line_1_101' title="bbox 195 5623 1746 5698; baseline -0.001 -19"><span class='ocrx_word' id='word_1_784' title='bbox 195 5641 314 5679; x_wconf 88' lang='grc' dir='ltr'>σατε</span> <span class='ocrx_word' id='word_1_785' title='bbox 343 5623 470 5692; x_wconf 77' lang='grc' dir='ltr'>περὶ</span> <span class='ocrx_word' id='word_1_786' title='bbox 503 5623 622 5676; x_wconf 91' lang='grc' dir='ltr'>ὅτου</span> <span class='ocrx_word' id='word_1_787' title='bbox 651 5624 678 5675; x_wconf 89' lang='grc' dir='ltr'><strong>ό</strong></span> <span class='ocrx_word' id='word_1_788' title='bbox 700 5623 857 5690; x_wconf 89' lang='grc' dir='ltr'>λόγος</span> <span class='ocrx_word' id='word_1_789' title='bbox 879 5662 896 5688; x_wconf 92' lang='grc'><strong>,</strong></span> <span class='ocrx_word' id='word_1_790' title='bbox 930 5625 1029 5677; x_wconf 88' lang='grc' dir='ltr'><strong>οὑκ</strong></span> <span class='ocrx_word' id='word_1_791' title='bbox 1064 5624 1456 5692; x_wconf 71' lang='grc' dir='ltr'>ἐπισκέψαντες</span> <span class='ocrx_word' id='word_1_792' title='bbox 1487 5625 1652 5679; x_wconf 82' lang='grc' dir='ltr'>αὑτοῦ</span> <span class='ocrx_word' id='word_1_793' title='bbox 1683 5629 1746 5698; x_wconf 80' lang='grc' dir='ltr'><strong>τῇ</strong></span> 
     </span>
    </p>
   </div>
   <div class='ocr_carea' id='block_1_102' title="bbox 197 5714 1746 5786">
    <p class='ocr_par' dir='ltr' id='par_1_102' title="bbox 197 5714 1746 5786">
     <span class='ocr_line' id='line_1_102' title="bbox 197 5714 1746 5786; baseline 0.001 -17"><span class='ocrx_word' id='word_1_794' title='bbox 197 5715 364 5785; x_wconf 82' lang='grc' dir='ltr'>φύσει.</span> <span class='ocrx_word' id='word_1_795' title='bbox 397 5714 471 5768; x_wconf 82' lang='grc' dir='ltr'><strong>Οὐ</strong></span> <span class='ocrx_word' id='word_1_796' title='bbox 507 5714 614 5784; x_wconf 82' lang='grc' dir='ltr'><strong>γὰρ</strong></span> <span class='ocrx_word' id='word_1_797' title='bbox 655 5714 840 5784; x_wconf 78' lang='grc' dir='ltr'>ἐπειδὴ</span> <span class='ocrx_word' id='word_1_798' title='bbox 887 5719 994 5768; x_wconf 82' lang='grc' dir='ltr'><strong>πᾶν</strong></span> <span class='ocrx_word' id='word_1_799' title='bbox 1049 5717 1213 5786; x_wconf 84' lang='grc' dir='ltr'>μέρος</span> <span class='ocrx_word' id='word_1_800' title='bbox 1253 5717 1470 5771; x_wconf 76' lang='grc' dir='ltr'>ἔλαττον</span> <span class='ocrx_word' id='word_1_801' title='bbox 1503 5718 1596 5770; x_wconf 80' lang='grc' dir='ltr'><strong>τοῦ</strong></span> <span class='ocrx_word' id='word_1_802' title='bbox 1624 5717 1746 5771; x_wconf 87' lang='grc' dir='ltr'>ὅλου</span> 
     </span>
    </p>
   </div>
   <div class='ocr_carea' id='block_1_103' title="bbox 198 5806 1746 5880">
    <p class='ocr_par' dir='ltr' id='par_1_103' title="bbox 198 5806 1746 5880">
     <span class='ocr_line' id='line_1_103' title="bbox 198 5806 1746 5880; baseline -0.001 -17"><span class='ocrx_word' id='word_1_803' title='bbox 198 5808 506 5878; x_wconf 81' lang='grc' dir='ltr'>καθέστηκε,</span> <span class='ocrx_word' id='word_1_804' title='bbox 544 5807 631 5860; x_wconf 74' lang='grc' dir='ltr'><strong>διὰ</strong></span> <span class='ocrx_word' id='word_1_805' title='bbox 671 5806 828 5859; x_wconf 79' lang='grc' dir='ltr'>τοῦτο</span> <span class='ocrx_word' id='word_1_806' title='bbox 862 5808 954 5860; x_wconf 79' lang='grc' dir='ltr'><strong>καὶ</strong></span> <span class='ocrx_word' id='word_1_807' title='bbox 983 5810 1010 5861; x_wconf 92' lang='grc' dir='ltr'><strong>ό</strong></span> <span class='ocrx_word' id='word_1_808' title='bbox 1042 5809 1172 5871; x_wconf 70' lang='grc' dir='ltr'>Θεὸς</span> <span class='ocrx_word' id='word_1_809' title='bbox 1216 5810 1290 5872; x_wconf 85' lang='grc' dir='ltr'>ὡς</span> <span class='ocrx_word' id='word_1_810' title='bbox 1317 5809 1480 5880; x_wconf 87' lang='grc' dir='ltr'>μέρος</span> <span class='ocrx_word' id='word_1_811' title='bbox 1508 5809 1746 5880; x_wconf 57' lang='lat' dir='ltr'><strong>08mm!»-</strong></span> 
     </span>
    </p>
   </div>
   <div class='ocr_carea' id='block_1_104' title="bbox 532 5898 1703 5958">
    <p class='ocr_par' dir='ltr' id='par_1_104' title="bbox 532 5898 1703 5958">
     <span class='ocr_line' id='line_1_104' title="bbox 830 5898 1703 5911; baseline 0.001 -1"><span class='ocrx_word' id='word_1_812' title='bbox 830 5898 840 5910; x_wconf 58' lang='grc' dir='ltr'>ἱ</span> <span class='ocrx_word' id='word_1_813' title='bbox 926 5898 946 5908; x_wconf 56' lang='grc' dir='ltr'><strong>ο</strong></span> <span class='ocrx_word' id='word_1_814' title='bbox 1394 5900 1416 5909; x_wconf 58' lang='grc' dir='ltr'><strong>ο</strong></span> <span class='ocrx_word' id='word_1_815' title='bbox 1465 5903 1473 5911; x_wconf 79' lang='grc' dir='ltr'><em>ι</em></span> <span class='ocrx_word' id='word_1_816' title='bbox 1681 5901 1703 5911; x_wconf 66' lang='grc' dir='ltr'><strong>ο</strong></span> 
     </span>
     <span class='ocr_line' id='line_1_105' title="bbox 532 5898 1703 5958; baseline 0.002 -8"><span class='ocrx_word' id='word_1_817' title='bbox 532 5898 701 5958; x_wconf 60' lang='grc' dir='ltr'>Λόγου</span> <span class='ocrx_word' id='word_1_818' title='bbox 758 5916 850 5950; x_wconf 70' lang='lat'><strong>7.7.:</strong></span> <span class='ocrx_word' id='word_1_819' title='bbox 894 5916 984 5958; x_wconf 64' lang='grc' dir='ltr'><strong>της</strong></span> <span class='ocrx_word' id='word_1_820' title='bbox 1020 5899 1286 5958; x_wconf 43' lang='lat' dir='ltr'><strong>ouilia;</strong></span> <span class='ocrx_word' id='word_1_821' title='bbox 1335 5919 1418 5950; x_wconf 58' lang='grc' dir='ltr'>τὴν</span> <span class='ocrx_word' id='word_1_822' title='bbox 1463 5901 1606 5958; x_wconf 63' lang='grc' dir='ltr'>όῖιιου,</span> <span class='ocrx_word' id='word_1_823' title='bbox 1653 5921 1703 5953; x_wconf 78' lang='lat' dir='ltr'><strong>:r</strong></span> 
     </span>
    </p>
   </div>
   <div class='ocr_carea' id='block_1_105' title="bbox 205 5899 1693 5968">
    <p class='ocr_par' dir='ltr' id='par_1_105' title="bbox 205 5899 1693 5968">
     <span class='ocr_line' id='line_1_106' title="bbox 205 5899 1693 5968; baseline 0.004 -22"><span class='ocrx_word' id='word_1_824' title='bbox 205 5915 340 5968; x_wconf 63' lang='grc' dir='ltr'>μινρί</span> <span class='ocrx_word' id='word_1_825' title='bbox 396 5917 483 5950; x_wconf 64' lang='grc' dir='ltr'><strong>τευ</strong></span> <span class='ocrx_word' id='word_1_826' title='bbox 532 5899 701 5963; x_wconf 50' lang='grc' dir='ltr'>Λέγω</span> <span class='ocrx_word' id='word_1_827' title='bbox 758 5899 850 5950; x_wconf 68' lang='grc' dir='ltr'>κ’λί</span> <span class='ocrx_word' id='word_1_828' title='bbox 894 5899 984 5966; x_wconf 68' lang='grc' dir='ltr'>τῆς</span> <span class='ocrx_word' id='word_1_829' title='bbox 1020 5899 1286 5966; x_wconf 59' lang='grc' dir='ltr'>ςςμκάἵας</span> <span class='ocrx_word' id='word_1_830' title='bbox 1335 5900 1418 5950; x_wconf 64' lang='grc' dir='ltr'><strong>τνιῦ</strong></span> <span class='ocrx_word' id='word_1_831' title='bbox 1463 5901 1606 5967; x_wconf 62' lang='grc' dir='ltr'>ὅλου,</span> <span class='ocrx_word' id='word_1_832' title='bbox 1653 5901 1693 5953; x_wconf 68' lang='grc' dir='ltr'>τῖ</span> 
     </span>
    </p>
   </div>
   <div class='ocr_carea' id='block_1_106' title="bbox 1841 4703 3411 4773">
    <p class='ocr_par' dir='ltr' id='par_1_106' title="bbox 1841 4703 3411 4773">
     <span class='ocr_line' id='line_1_107' title="bbox 1841 4703 3411 4773; baseline -0.001 -13"><span class='ocrx_word' id='word_1_833' title='bbox 1841 4706 1986 4761; x_wconf 88' lang='lat' dir='ltr'><strong>Deus</strong></span> <span class='ocrx_word' id='word_1_834' title='bbox 2015 4705 2297 4770; x_wconf 88' lang='lat' dir='ltr'><strong>Verbum,</strong></span> <span class='ocrx_word' id='word_1_835' title='bbox 2348 4704 2619 4773; x_wconf 86' lang='lat' dir='ltr'><strong>siquidem</strong></span> <span class='ocrx_word' id='word_1_836' title='bbox 2660 4720 2826 4758; x_wconf 86' lang='lat' dir='ltr'><strong>verus</strong></span> <span class='ocrx_word' id='word_1_837' title='bbox 2853 4705 2997 4757; x_wconf 86' lang='lat' dir='ltr'><strong>Deus</strong></span> <span class='ocrx_word' id='word_1_838' title='bbox 3041 4704 3190 4757; x_wconf 92' lang='lat' dir='ltr'><strong>nullo</strong></span> <span class='ocrx_word' id='word_1_839' title='bbox 3230 4703 3411 4758; x_wconf 87' lang='lat' dir='ltr'><strong>minor</strong></span> 
     </span>
    </p>
   </div>
   <div class='ocr_carea' id='block_1_107' title="bbox 1811 4797 3410 4879">
    <p class='ocr_par' dir='ltr' id='par_1_107' title="bbox 1811 4797 3410 4879">
     <span class='ocr_line' id='line_1_108' title="bbox 1811 4797 3410 4879; baseline 0 -27"><span class='ocrx_word' id='word_1_840' title='bbox 1811 4799 1950 4879; x_wconf 30' lang='lat' dir='ltr'><strong>.dici</strong></span> <span class='ocrx_word' id='word_1_841' title='bbox 1999 4808 2199 4868; x_wconf 88' lang='lat' dir='ltr'><strong>queat;</strong></span> <span class='ocrx_word' id='word_1_842' title='bbox 2251 4813 2376 4851; x_wconf 90' lang='lat' dir='ltr'><strong>cum</strong></span> <span class='ocrx_word' id='word_1_843' title='bbox 2413 4798 2566 4850; x_wconf 90' lang='lat' dir='ltr'><strong>nullo</strong></span> <span class='ocrx_word' id='word_1_844' title='bbox 2605 4797 2751 4850; x_wconf 90' lang='lat' dir='ltr'><strong>enim</strong></span> <span class='ocrx_word' id='word_1_845' title='bbox 2799 4797 3003 4865; x_wconf 64' lang='lat' dir='ltr'><strong>aequari</strong></span> <span class='ocrx_word' id='word_1_846' title='bbox 3047 4797 3410 4865; x_wconf 80' lang='lat' dir='ltr'><strong>componique</strong></span> 
     </span>
    </p>
   </div>
   <div class='ocr_carea' id='block_1_108' title="bbox 1842 4887 3410 4958">
    <p class='ocr_par' dir='ltr' id='par_1_108' title="bbox 1842 4887 3410 4958">
     <span class='ocr_line' id='line_1_109' title="bbox 1842 4887 3410 4958; baseline -0.003 -14"><span class='ocrx_word' id='word_1_847' title='bbox 1842 4890 1956 4944; x_wconf 91' lang='lat' dir='ltr'><strong>ullo</strong></span> <span class='ocrx_word' id='word_1_848' title='bbox 1977 4889 2139 4943; x_wconf 91' lang='lat' dir='ltr'><strong>modo</strong></span> <span class='ocrx_word' id='word_1_849' title='bbox 2169 4897 2348 4958; x_wconf 82' lang='lat' dir='ltr'><strong>potest</strong></span> <span class='ocrx_word' id='word_1_850' title='bbox 2373 4889 2535 4942; x_wconf 87' lang='lat' dir='ltr'><strong>Deus.</strong></span> <span class='ocrx_word' id='word_1_851' title='bbox 2561 4887 2669 4941; x_wconf 83' lang='lat' dir='ltr'><strong>Aut</strong></span> <span class='ocrx_word' id='word_1_852' title='bbox 2694 4887 2861 4956; x_wconf 86' lang='lat' dir='ltr'><strong>igitur</strong></span> <span class='ocrx_word' id='word_1_853' title='bbox 2892 4896 3079 4956; x_wconf 89' lang='lat' dir='ltr'><strong>aperte</strong></span> <span class='ocrx_word' id='word_1_854' title='bbox 3107 4888 3410 4942; x_wconf 74' lang='lat' dir='ltr'><strong>confitean-</strong></span> 
     </span>
    </p>
   </div>
   <div class='ocr_carea' id='block_1_109' title="bbox 1842 4978 3409 5050">
    <p class='ocr_par' dir='ltr' id='par_1_109' title="bbox 1842 4978 3409 5050">
     <span class='ocr_line' id='line_1_110' title="bbox 1842 4978 3409 5050; baseline -0.001 -14"><span class='ocrx_word' id='word_1_855' title='bbox 1842 4992 1933 5036; x_wconf 85' lang='lat' dir='ltr'><strong>tur</strong></span> <span class='ocrx_word' id='word_1_856' title='bbox 1978 4999 2035 5039; x_wconf 84' lang='lat' dir='ltr'><strong>se</strong></span> <span class='ocrx_word' id='word_1_857' title='bbox 2067 4982 2346 5038; x_wconf 89' lang='lat' dir='ltr'><strong>adversari</strong></span> <span class='ocrx_word' id='word_1_858' title='bbox 2383 4981 2470 5036; x_wconf 90' lang='lat' dir='ltr'><strong>his</strong></span> <span class='ocrx_word' id='word_1_859' title='bbox 2513 4981 2608 5050; x_wconf 89' lang='lat' dir='ltr'><strong>qui</strong></span> <span class='ocrx_word' id='word_1_860' title='bbox 2645 4995 2832 5035; x_wconf 85' lang='lat' dir='ltr'><strong>verum</strong></span> <span class='ocrx_word' id='word_1_861' title='bbox 2865 4980 3034 5033; x_wconf 88' lang='lat' dir='ltr'><strong>Deum</strong></span> <span class='ocrx_word' id='word_1_862' title='bbox 3071 4978 3257 5033; x_wconf 90' lang='lat' dir='ltr'><strong>sciunt</strong></span> <span class='ocrx_word' id='word_1_863' title='bbox 3288 4995 3409 5034; x_wconf 86' lang='lat' dir='ltr'><strong>esse</strong></span> 
     </span>
    </p>
   </div>
   <div class='ocr_carea' id='block_1_110' title="bbox 1843 5071 3412 5136">
    <p class='ocr_par' dir='ltr' id='par_1_110' title="bbox 1843 5071 3412 5136">
     <span class='ocr_line' id='line_1_111' title="bbox 1843 5071 3412 5136; baseline -0.002 -7"><span class='ocrx_word' id='word_1_864' title='bbox 1843 5076 2014 5129; x_wconf 91' lang='lat' dir='ltr'><strong>Deum</strong></span> <span class='ocrx_word' id='word_1_865' title='bbox 2051 5073 2290 5129; x_wconf 88' lang='lat' dir='ltr'><strong>Verbum</strong></span> <span class='ocrx_word' id='word_1_866' title='bbox 2315 5114 2329 5136; x_wconf 92' lang='lat'><strong>,</strong></span> <span class='ocrx_word' id='word_1_867' title='bbox 2378 5082 2470 5127; x_wconf 90' lang='lat' dir='ltr'><strong>aut</strong></span> <span class='ocrx_word' id='word_1_868' title='bbox 2517 5073 2702 5126; x_wconf 89' lang='lat' dir='ltr'><strong>dicere.</strong></span> <span class='ocrx_word' id='word_1_869' title='bbox 2737 5080 2952 5125; x_wconf 88' lang='lat' dir='ltr'><strong>cessent</strong></span> <span class='ocrx_word' id='word_1_870' title='bbox 3001 5071 3210 5124; x_wconf 90' lang='lat' dir='ltr'><strong>unitam</strong></span> <span class='ocrx_word' id='word_1_871' title='bbox 3251 5071 3412 5126; x_wconf 90' lang='lat' dir='ltr'><strong>nobis</strong></span> 
     </span>
    </p>
   </div>
   <div class='ocr_carea' id='block_1_111' title="bbox 1842 5164 3430 5231">
    <p class='ocr_par' dir='ltr' id='par_1_111' title="bbox 1842 5164 3430 5231">
     <span class='ocr_line' id='line_1_112' title="bbox 1842 5164 3430 5231; baseline -0.003 -11"><span class='ocrx_word' id='word_1_872' title='bbox 1842 5182 1964 5222; x_wconf 88' lang='lat' dir='ltr'><strong>esse</strong></span> <span class='ocrx_word' id='word_1_873' title='bbox 1997 5166 2358 5220; x_wconf 88' lang='lat' dir='ltr'><strong>substantiam</strong></span> <span class='ocrx_word' id='word_1_874' title='bbox 2397 5181 2462 5219; x_wconf 82' lang='lat' dir='ltr'>ex</span> <span class='ocrx_word' id='word_1_875' title='bbox 2501 5165 2612 5219; x_wconf 91' lang='lat' dir='ltr'><strong>Deo</strong></span> <span class='ocrx_word' id='word_1_876' title='bbox 2634 5164 2814 5219; x_wconf 83' lang='lat' dir='ltr'><strong>Verbo</strong></span> <span class='ocrx_word' id='word_1_877' title='bbox 2840 5179 3014 5231; x_wconf 79' lang='lat' dir='ltr'><strong>exque</strong></span> <span class='ocrx_word' id='word_1_878' title='bbox 3038 5179 3202 5218; x_wconf 88' lang='lat' dir='ltr'><strong>carne</strong></span> <span class='ocrx_word' id='word_1_879' title='bbox 3226 5173 3430 5217; x_wconf 86' lang='lat' dir='ltr'><strong>nostra.</strong></span> 
     </span>
    </p>
   </div>
   <div class='ocr_carea' id='block_1_112' title="bbox 1846 5256 3416 5327">
    <p class='ocr_par' dir='ltr' id='par_1_112' title="bbox 1846 5256 3416 5327">
     <span class='ocr_line' id='line_1_113' title="bbox 1846 5256 3416 5327; baseline -0.002 -14"><span class='ocrx_word' id='word_1_880' title='bbox 1846 5259 2102 5314; x_wconf 90' lang='lat' dir='ltr'><strong>animata.</strong></span> <span class='ocrx_word' id='word_1_881' title='bbox 2135 5257 2408 5326; x_wconf 89' lang='lat' dir='ltr'><strong>Principia</strong></span> <span class='ocrx_word' id='word_1_882' title='bbox 2455 5267 2640 5312; x_wconf 78' lang='lat' dir='ltr'><strong>vestra</strong></span> <span class='ocrx_word' id='word_1_883' title='bbox 2674 5256 2952 5327; x_wconf 84' lang='lat' dir='ltr'><strong>generalia</strong></span> <span class='ocrx_word' id='word_1_884' title='bbox 2987 5264 3152 5324; x_wconf 89' lang='lat' dir='ltr'><strong>atque</strong></span> <span class='ocrx_word' id='word_1_885' title='bbox 3189 5272 3255 5311; x_wconf 85' lang='lat' dir='ltr'>ex</span> <span class='ocrx_word' id='word_1_886' title='bbox 3305 5257 3416 5310; x_wconf 88' lang='lat' dir='ltr'><strong>illis</strong></span> 
     </span>
    </p>
   </div>
   <div class='ocr_carea' id='block_1_113' title="bbox 1845 5350 3412 5423">
    <p class='ocr_par' dir='ltr' id='par_1_113' title="bbox 1845 5350 3412 5423">
     <span class='ocr_line' id='line_1_114' title="bbox 1845 5350 3412 5423; baseline -0.002 -17"><span class='ocrx_word' id='word_1_887' title='bbox 1845 5353 2219 5423; x_wconf 88' lang='lat' dir='ltr'><strong>probationes,</strong></span> <span class='ocrx_word' id='word_1_888' title='bbox 2246 5351 2485 5406; x_wconf 88' lang='lat' dir='ltr'><strong>absurda</strong></span> <span class='ocrx_word' id='word_1_889' title='bbox 2526 5368 2672 5406; x_wconf 90' lang='lat' dir='ltr'><strong>nunc</strong></span> <span class='ocrx_word' id='word_1_890' title='bbox 2713 5351 2870 5404; x_wconf 88' lang='lat' dir='ltr'><strong>vobis</strong></span> <span class='ocrx_word' id='word_1_891' title='bbox 2915 5366 3040 5404; x_wconf 81' lang='lat' dir='ltr'><strong>vere</strong></span> <span class='ocrx_word' id='word_1_892' title='bbox 3068 5350 3412 5404; x_wconf 89' lang='lat' dir='ltr'><strong>demonstra-</strong></span> 
     </span>
    </p>
   </div>
   <div class='ocr_carea' id='block_1_114' title="bbox 1846 5443 3434 5512">
    <p class='ocr_par' dir='ltr' id='par_1_114' title="bbox 1846 5443 3434 5512">
     <span class='ocr_line' id='line_1_115' title="bbox 1846 5443 3434 5512; baseline -0.005 -13"><span class='ocrx_word' id='word_1_893' title='bbox 1846 5445 2095 5509; x_wconf 86' lang='lat' dir='ltr'><strong>buntur;</strong></span> <span class='ocrx_word' id='word_1_894' title='bbox 2134 5459 2164 5497; x_wconf 89' lang='lat' dir='ltr'><strong>e</strong></span> <span class='ocrx_word' id='word_1_895' title='bbox 2195 5445 2398 5512; x_wconf 90' lang='lat' dir='ltr'><strong>quibus</strong></span> <span class='ocrx_word' id='word_1_896' title='bbox 2427 5443 2574 5497; x_wconf 83' lang='lat' dir='ltr'><strong>enim</strong></span> <span class='ocrx_word' id='word_1_897' title='bbox 2608 5459 2705 5498; x_wconf 78' lang='lat' dir='ltr'><strong>vos</strong></span> <span class='ocrx_word' id='word_1_898' title='bbox 2751 5443 2932 5498; x_wconf 90' lang='lat' dir='ltr'><strong>valcrc</strong></span> <span class='ocrx_word' id='word_1_899' title='bbox 2980 5443 3254 5496; x_wconf 79' lang='lat' dir='ltr'><strong>conﬁditis</strong></span> <span class='ocrx_word' id='word_1_900' title='bbox 3280 5483 3294 5504; x_wconf 94' lang='lat'><strong>,</strong></span> <span class='ocrx_word' id='word_1_901' title='bbox 3347 5458 3434 5495; x_wconf 73' lang='lat' dir='ltr'><strong>ex.</strong></span> 
     </span>
    </p>
   </div>
   <div class='ocr_carea' id='block_1_115' title="bbox 1848 5533 3414 5604">
    <p class='ocr_par' dir='ltr' id='par_1_115' title="bbox 1848 5533 3414 5604">
     <span class='ocr_line' id='line_1_116' title="bbox 1848 5533 3414 5604; baseline -0.003 -14"><span class='ocrx_word' id='word_1_902' title='bbox 1848 5536 1958 5590; x_wconf 90' lang='lat' dir='ltr'><strong>illis</strong></span> <span class='ocrx_word' id='word_1_903' title='bbox 1984 5536 2318 5590; x_wconf 89' lang='lat' dir='ltr'><strong>inlirmiores</strong></span> <span class='ocrx_word' id='word_1_904' title='bbox 2353 5551 2450 5591; x_wconf 83' lang='lat' dir='ltr'><strong>vos</strong></span> <span class='ocrx_word' id='word_1_905' title='bbox 2478 5544 2779 5590; x_wconf 90' lang='lat' dir='ltr'><strong>eventuros</strong></span> <span class='ocrx_word' id='word_1_906' title='bbox 2829 5534 3218 5604; x_wconf 67' lang='lat' dir='ltr'><strong>praulicimus;</strong></span> <span class='ocrx_word' id='word_1_907' title='bbox 3267 5533 3414 5602; x_wconf 91' lang='lat' dir='ltr'><strong>quod</strong></span> 
     </span>
    </p>
   </div>
   <div class='ocr_carea' id='block_1_116' title="bbox 1847 5626 3414 5698">
    <p class='ocr_par' dir='ltr' id='par_1_116' title="bbox 1847 5626 3414 5698">
     <span class='ocr_line' id='line_1_117' title="bbox 1847 5626 3414 5698; baseline -0.003 -16"><span class='ocrx_word' id='word_1_908' title='bbox 1847 5628 1996 5682; x_wconf 90' lang='lat' dir='ltr'><strong>enim</strong></span> <span class='ocrx_word' id='word_1_909' title='bbox 2032 5626 2192 5681; x_wconf 87' lang='lat' dir='ltr'><strong>decet</strong></span> <span class='ocrx_word' id='word_1_910' title='bbox 2224 5627 2359 5681; x_wconf 91' lang='lat' dir='ltr'><strong>illud</strong></span> <span class='ocrx_word' id='word_1_911' title='bbox 2396 5627 2464 5682; x_wconf 87' lang='lat' dir='ltr'><strong>de</strong></span> <span class='ocrx_word' id='word_1_912' title='bbox 2493 5645 2602 5698; x_wconf 92' lang='lat' dir='ltr'><strong>quo</strong></span> <span class='ocrx_word' id='word_1_913' title='bbox 2638 5643 2817 5683; x_wconf 91' lang='lat' dir='ltr'><strong>sermo</strong></span> <span class='ocrx_word' id='word_1_914' title='bbox 2849 5634 2932 5681; x_wconf 86' lang='lat' dir='ltr'><strong>est</strong></span> <span class='ocrx_word' id='word_1_915' title='bbox 2972 5626 3233 5696; x_wconf 80' lang='lat' dir='ltr'><strong>ignoratis</strong></span> <span class='ocrx_word' id='word_1_916' title='bbox 3258 5667 3272 5690; x_wconf 91' lang='lat'><strong>,</strong></span> <span class='ocrx_word' id='word_1_917' title='bbox 3313 5641 3414 5678; x_wconf 83' lang='lat' dir='ltr'><strong>na-</strong></span> 
     </span>
    </p>
   </div>
   <div class='ocr_carea' id='block_1_117' title="bbox 1851 5717 3412 5788">
    <p class='ocr_par' dir='ltr' id='par_1_117' title="bbox 1851 5717 3412 5788">
     <span class='ocr_line' id='line_1_118' title="bbox 1851 5717 3412 5788; baseline -0.003 -16"><span class='ocrx_word' id='word_1_918' title='bbox 1851 5727 1970 5772; x_wconf 90' lang='lat' dir='ltr'><strong>tura</strong></span> <span class='ocrx_word' id='word_1_919' title='bbox 1996 5718 2141 5772; x_wconf 89' lang='lat' dir='ltr'><strong>illius</strong></span> <span class='ocrx_word' id='word_1_920' title='bbox 2163 5733 2271 5770; x_wconf 93' lang='lat' dir='ltr'><strong>non</strong></span> <span class='ocrx_word' id='word_1_921' title='bbox 2295 5718 2661 5773; x_wconf 88' lang='lat' dir='ltr'><strong>considerata.</strong></span> <span class='ocrx_word' id='word_1_922' title='bbox 2685 5720 2928 5788; x_wconf 84' lang='lat' dir='ltr'><strong>Namque</strong></span> <span class='ocrx_word' id='word_1_923' title='bbox 2952 5734 3016 5771; x_wconf 89' lang='lat' dir='ltr'><strong>eo</strong></span> <span class='ocrx_word' id='word_1_924' title='bbox 3038 5717 3182 5786; x_wconf 86' lang='lat' dir='ltr'><strong>quod</strong></span> <span class='ocrx_word' id='word_1_925' title='bbox 3205 5725 3412 5784; x_wconf 79' lang='lat' dir='ltr'><strong>partem</strong></span> 
     </span>
    </p>
   </div>
   <div class='ocr_carea' id='block_1_118' title="bbox 1849 5807 3415 5872">
    <p class='ocr_par' dir='ltr' id='par_1_118' title="bbox 1849 5807 3415 5872">
     <span class='ocr_line' id='line_1_119' title="bbox 1849 5807 3415 5872; baseline -0.004 -8"><span class='ocrx_word' id='word_1_926' title='bbox 1849 5826 1950 5864; x_wconf 89' lang='lat' dir='ltr'><strong>suo</strong></span> <span class='ocrx_word' id='word_1_927' title='bbox 1978 5817 2091 5862; x_wconf 89' lang='lat' dir='ltr'><strong>toto</strong></span> <span class='ocrx_word' id='word_1_928' title='bbox 2139 5807 2407 5862; x_wconf 89' lang='lat' dir='ltr'><strong>minorem</strong></span> <span class='ocrx_word' id='word_1_929' title='bbox 2451 5826 2570 5864; x_wconf 84' lang='lat' dir='ltr'><strong>esse</strong></span> <span class='ocrx_word' id='word_1_930' title='bbox 2598 5818 2834 5872; x_wconf 76' lang='lat' dir='ltr'><strong>constat,</strong></span> <span class='ocrx_word' id='word_1_931' title='bbox 2858 5825 2967 5862; x_wconf 92' lang='lat' dir='ltr'><strong>non</strong></span> <span class='ocrx_word' id='word_1_932' title='bbox 3001 5808 3122 5862; x_wconf 91' lang='lat' dir='ltr'><strong>ideo</strong></span> <span class='ocrx_word' id='word_1_933' title='bbox 3152 5807 3316 5869; x_wconf 91' lang='lat' dir='ltr'><strong>Deus,</strong></span> <span class='ocrx_word' id='word_1_934' title='bbox 3355 5815 3415 5858; x_wconf 72' lang='lat' dir='ltr'><strong>ut.</strong></span> 
     </span>
    </p>
   </div>
   <div class='ocr_carea' id='block_1_119' title="bbox 1851 5899 3412 5974">
    <p class='ocr_par' dir='ltr' id='par_1_119' title="bbox 1851 5899 3412 5974">
     <span class='ocr_line' id='line_1_120' title="bbox 1851 5899 3412 5974; baseline -0.002 -18"><span class='ocrx_word' id='word_1_935' title='bbox 1851 5920 1976 5974; x_wconf 74' lang='lat' dir='ltr'><strong>pars</strong></span> <span class='ocrx_word' id='word_1_936' title='bbox 2007 5901 2168 5956; x_wconf 76' lang='lat' dir='ltr'><strong>Verbi</strong></span> <span class='ocrx_word' id='word_1_937' title='bbox 2216 5901 2527 5972; x_wconf 67' lang='lat' dir='ltr'><strong>speculatus</strong></span> <span class='ocrx_word' id='word_1_938' title='bbox 2579 5903 2851 5973; x_wconf 80' lang='lat' dir='ltr'><strong>totiusque</strong></span> <span class='ocrx_word' id='word_1_939' title='bbox 2886 5900 3065 5972; x_wconf 78' lang='lat' dir='ltr'><strong>signi,</strong></span> <span class='ocrx_word' id='word_1_940' title='bbox 3113 5899 3179 5954; x_wconf 82' lang='lat' dir='ltr'><strong>ad</strong></span> <span class='ocrx_word' id='word_1_941' title='bbox 3235 5899 3412 5967; x_wconf 88' lang='lat' dir='ltr'><strong>ipsum</strong></span> 
     </span>
    </p>
   </div>
  </div>
