  <div class='ocr_page' id='page_1' title='image "/cluster/home/n/w/nwhite01/storage/ocr_20150623/86:1/hvd.32044019208909/727.png"; bbox 0 0 4032 6542; ppageno 0'>
   <div class='ocr_carea' id='block_1_1' title="bbox 568 382 702 447">
    <p class='ocr_par' dir='ltr' id='par_1_1' title="bbox 568 382 702 447">
     <span class='ocr_line' id='line_1_1' title="bbox 568 382 702 447; baseline 0.007 -1"><span class='ocrx_word' id='word_1_1' title='bbox 568 382 587 446; x_wconf 83' lang='grc'>1</span> <span class='ocrx_word' id='word_1_2' title='bbox 601 382 702 447; x_wconf 72' lang='grc'><strong>439</strong></span> 
     </span>
    </p>
   </div>
   <div class='ocr_carea' id='block_1_2' title="bbox 1809 353 2572 450">
    <p class='ocr_par' dir='ltr' id='par_1_2' title="bbox 1809 353 2572 450">
     <span class='ocr_line' id='line_1_2' title="bbox 1809 353 2572 450; baseline 0.003 -2"><span class='ocrx_word' id='word_1_3' title='bbox 1809 387 2122 450; x_wconf 81' lang='lat' dir='ltr'><strong>LEONTII</strong></span> <span class='ocrx_word' id='word_1_4' title='bbox 2161 353 2572 450; x_wconf 83' lang='lat' dir='ltr'><strong>BYZANTINI</strong></span> 
     </span>
    </p>
   </div>
   <div class='ocr_carea' id='block_1_3' title="bbox 3721 394 3869 459">
    <p class='ocr_par' dir='ltr' id='par_1_3' title="bbox 3721 394 3869 459">
     <span class='ocr_line' id='line_1_3' title="bbox 3721 394 3869 459; baseline -0.034 0"><span class='ocrx_word' id='word_1_5' title='bbox 3721 395 3752 459; x_wconf 83' lang='lat'><strong>1</strong></span> <span class='ocrx_word' id='word_1_6' title='bbox 3765 394 3869 458; x_wconf 69' lang='lat' dir='ltr'><strong>tte</strong></span> 
     </span>
    </p>
   </div>
   <div class='ocr_carea' id='block_1_4' title="bbox 558 473 2152 580">
    <p class='ocr_par' dir='ltr' id='par_1_4' title="bbox 558 497 2142 571">
     <span class='ocr_line' id='line_1_4' title="bbox 558 497 2142 571; baseline 0.001 -17"><span class='ocrx_word' id='word_1_7' title='bbox 558 497 805 557; x_wconf 85' lang='lat' dir='ltr'><strong>unionis.</strong></span> <span class='ocrx_word' id='word_1_8' title='bbox 827 497 1014 553; x_wconf 90' lang='lat' dir='ltr'><strong>minor</strong></span> <span class='ocrx_word' id='word_1_9' title='bbox 1063 507 1198 568; x_wconf 88' lang='lat' dir='ltr'><strong>toto,</strong></span> <span class='ocrx_word' id='word_1_10' title='bbox 1233 501 1314 558; x_wconf 87' lang='lat' dir='ltr'><strong>sic</strong></span> <span class='ocrx_word' id='word_1_11' title='bbox 1341 501 1514 569; x_wconf 87' lang='lat' dir='ltr'><strong>dicto,</strong></span> <span class='ocrx_word' id='word_1_12' title='bbox 1543 499 1612 555; x_wconf 89' lang='lat' dir='ltr'><strong>ad</strong></span> <span class='ocrx_word' id='word_1_13' title='bbox 1646 499 1827 571; x_wconf 83' lang='lat' dir='ltr'><strong>ipsum</strong></span> <span class='ocrx_word' id='word_1_14' title='bbox 1855 502 2014 556; x_wconf 88' lang='lat' dir='ltr'><strong>uuito</strong></span> <span class='ocrx_word' id='word_1_15' title='bbox 2045 501 2142 556; x_wconf 82' lang='lat' dir='ltr'><strong>lia-</strong></span> 
     </span>
    </p>
   </div>
   <div class='ocr_carea' id='block_1_5' title="bbox 2255 473 3870 580">
    <p class='ocr_par' dir='ltr' id='par_1_5' title="bbox 2255 500 3870 580">
     <span class='ocr_line' id='line_1_5' title="bbox 2255 500 3870 580; baseline 0.006 -28"><span class='ocrx_word' id='word_1_16' title='bbox 2255 500 2374 553; x_wconf 78' lang='grc' dir='ltr'>κατ’</span> <span class='ocrx_word' id='word_1_17' title='bbox 2404 500 2572 555; x_wconf 79' lang='grc' dir='ltr'>αὐτὸν</span> <span class='ocrx_word' id='word_1_18' title='bbox 2607 501 2930 572; x_wconf 79' lang='grc' dir='ltr'><strong>συνθέσεως,</strong></span> <span class='ocrx_word' id='word_1_19' title='bbox 2955 505 3196 562; x_wconf 67' lang='grc' dir='ltr'>ἐλάττων</span> <span class='ocrx_word' id='word_1_20' title='bbox 3219 506 3314 563; x_wconf 91' lang='grc' dir='ltr'><strong>τοῦ</strong></span> <span class='ocrx_word' id='word_1_21' title='bbox 3351 507 3426 573; x_wconf 81' lang='grc' dir='ltr'>ὡς</span> <span class='ocrx_word' id='word_1_22' title='bbox 3457 508 3582 565; x_wconf 79' lang='grc' dir='ltr'>ὅλου</span> <span class='ocrx_word' id='word_1_23' title='bbox 3615 507 3870 580; x_wconf 81' lang='grc' dir='ltr'>λεγομέ-</span> 
     </span>
    </p>
   </div>
   <div class='ocr_carea' id='block_1_6' title="bbox 557 591 2150 650">
    <p class='ocr_par' dir='ltr' id='par_1_6' title="bbox 557 591 2150 650">
     <span class='ocr_line' id='line_1_6' title="bbox 557 591 2150 650; baseline 0 -2"><span class='ocrx_word' id='word_1_24' title='bbox 557 593 803 648; x_wconf 86' lang='lat' dir='ltr'><strong>bebitur.</strong></span> <span class='ocrx_word' id='word_1_25' title='bbox 829 591 1179 649; x_wconf 89' lang='lat' dir='ltr'><strong>Contrarium</strong></span> <span class='ocrx_word' id='word_1_26' title='bbox 1205 603 1390 650; x_wconf 90' lang='lat' dir='ltr'><strong>autem</strong></span> <span class='ocrx_word' id='word_1_27' title='bbox 1419 602 1504 650; x_wconf 90' lang='lat' dir='ltr'><strong>est</strong></span> <span class='ocrx_word' id='word_1_28' title='bbox 1528 591 1597 647; x_wconf 91' lang='lat' dir='ltr'><strong>de</strong></span> <span class='ocrx_word' id='word_1_29' title='bbox 1628 593 1892 648; x_wconf 82' lang='lat' dir='ltr'><strong>omnibus</strong></span> <span class='ocrx_word' id='word_1_30' title='bbox 1923 593 2150 649; x_wconf 89' lang='lat' dir='ltr'><strong>entibus</strong></span> 
     </span>
    </p>
   </div>
   <div class='ocr_carea' id='block_1_7' title="bbox 557 685 2150 761">
    <p class='ocr_par' dir='ltr' id='par_1_7' title="bbox 557 685 2150 761">
     <span class='ocr_line' id='line_1_7' title="bbox 557 685 2150 761; baseline 0.002 -21"><span class='ocrx_word' id='word_1_31' title='bbox 557 685 774 741; x_wconf 60' lang='lat' dir='ltr'><strong>caeteris</strong></span> <span class='ocrx_word' id='word_1_32' title='bbox 792 701 936 755; x_wconf 83' lang='lat' dir='ltr'><strong>quae,</strong></span> <span class='ocrx_word' id='word_1_33' title='bbox 959 701 1085 742; x_wconf 92' lang='lat' dir='ltr'><strong>cum</strong></span> <span class='ocrx_word' id='word_1_34' title='bbox 1117 688 1229 742; x_wconf 91' lang='lat' dir='ltr'><strong>sint</strong></span> <span class='ocrx_word' id='word_1_35' title='bbox 1253 687 1339 744; x_wconf 91' lang='lat' dir='ltr'><strong>sui</strong></span> <span class='ocrx_word' id='word_1_36' title='bbox 1362 689 1531 744; x_wconf 90' lang='lat' dir='ltr'><strong>totius</strong></span> <span class='ocrx_word' id='word_1_37' title='bbox 1554 699 1762 761; x_wconf 87' lang='lat' dir='ltr'><strong>partes,</strong></span> <span class='ocrx_word' id='word_1_38' title='bbox 1790 688 1910 759; x_wconf 92' lang='lat' dir='ltr'><strong>ipso</strong></span> <span class='ocrx_word' id='word_1_39' title='bbox 1933 688 2150 743; x_wconf 87' lang='lat' dir='ltr'><strong>minora</strong></span> 
     </span>
    </p>
   </div>
   <div class='ocr_carea' id='block_1_8' title="bbox 555 778 2150 847">
    <p class='ocr_par' dir='ltr' id='par_1_8' title="bbox 555 778 2150 847">
     <span class='ocr_line' id='line_1_8' title="bbox 555 778 2150 847; baseline 0.002 -15"><span class='ocrx_word' id='word_1_40' title='bbox 555 778 836 834; x_wconf 83' lang='lat' dir='ltr'><strong>videntur.</strong></span> <span class='ocrx_word' id='word_1_41' title='bbox 866 779 1014 834; x_wconf 87' lang='lat' dir='ltr'><strong>Deus</strong></span> <span class='ocrx_word' id='word_1_42' title='bbox 1047 795 1180 835; x_wconf 88' lang='lat' dir='ltr'><strong>vero</strong></span> <span class='ocrx_word' id='word_1_43' title='bbox 1213 797 1322 836; x_wconf 90' lang='lat' dir='ltr'><strong>non</strong></span> <span class='ocrx_word' id='word_1_44' title='bbox 1357 792 1443 838; x_wconf 90' lang='lat' dir='ltr'><strong>est</strong></span> <span class='ocrx_word' id='word_1_45' title='bbox 1479 799 1622 838; x_wconf 90' lang='lat' dir='ltr'><strong>unus</strong></span> <span class='ocrx_word' id='word_1_46' title='bbox 1650 783 1922 847; x_wconf 93' lang='lat' dir='ltr'><strong>omnium,</strong></span> <span class='ocrx_word' id='word_1_47' title='bbox 1959 781 2056 836; x_wconf 90' lang='lat' dir='ltr'><strong>sed</strong></span> <span class='ocrx_word' id='word_1_48' title='bbox 2092 781 2150 835; x_wconf 91' lang='lat' dir='ltr'><strong>in</strong></span> 
     </span>
    </p>
   </div>
   <div class='ocr_carea' id='block_1_9' title="bbox 556 871 2151 943">
    <p class='ocr_par' dir='ltr' id='par_1_9' title="bbox 556 871 2151 943">
     <span class='ocr_line' id='line_1_9' title="bbox 556 871 2151 943; baseline 0.002 -18"><span class='ocrx_word' id='word_1_49' title='bbox 556 871 821 927; x_wconf 90' lang='lat' dir='ltr'><strong>omnibus</strong></span> <span class='ocrx_word' id='word_1_50' title='bbox 849 880 904 926; x_wconf 91' lang='lat' dir='ltr'><strong>et</strong></span> <span class='ocrx_word' id='word_1_51' title='bbox 937 888 1106 943; x_wconf 86' lang='lat' dir='ltr'><strong>super</strong></span> <span class='ocrx_word' id='word_1_52' title='bbox 1145 875 1330 929; x_wconf 81' lang='lat' dir='ltr'><strong>omnia</strong></span> <span class='ocrx_word' id='word_1_53' title='bbox 1364 875 1678 930; x_wconf 89' lang='lat' dir='ltr'><strong>eminenter</strong></span> <span class='ocrx_word' id='word_1_54' title='bbox 1705 891 1764 930; x_wconf 90' lang='lat' dir='ltr'><strong>se</strong></span> <span class='ocrx_word' id='word_1_55' title='bbox 1789 875 1979 930; x_wconf 88' lang='lat' dir='ltr'><strong>habet.</strong></span> <span class='ocrx_word' id='word_1_56' title='bbox 2005 874 2151 930; x_wconf 85' lang='lat' dir='ltr'><strong>Con-</strong></span> 
     </span>
    </p>
   </div>
   <div class='ocr_carea' id='block_1_10' title="bbox 559 964 2151 1036">
    <p class='ocr_par' dir='ltr' id='par_1_10' title="bbox 559 964 2151 1036">
     <span class='ocr_line' id='line_1_10' title="bbox 559 964 2151 1036; baseline 0.001 -19"><span class='ocrx_word' id='word_1_57' title='bbox 559 972 860 1032; x_wconf 88' lang='lat' dir='ltr'><strong>sequenter</strong></span> <span class='ocrx_word' id='word_1_58' title='bbox 883 979 992 1018; x_wconf 93' lang='lat' dir='ltr'><strong>non</strong></span> <span class='ocrx_word' id='word_1_59' title='bbox 1011 965 1167 1036; x_wconf 84' lang='lat' dir='ltr'><strong>juxta</strong></span> <span class='ocrx_word' id='word_1_60' title='bbox 1202 967 1388 1020; x_wconf 85' lang='lat' dir='ltr'><strong>omnia</strong></span> <span class='ocrx_word' id='word_1_61' title='bbox 1417 977 1616 1022; x_wconf 59' lang='lat' dir='ltr'><strong>caetera</strong></span> <span class='ocrx_word' id='word_1_62' title='bbox 1645 967 1890 1022; x_wconf 86' lang='lat' dir='ltr'><strong>Verbum</strong></span> <span class='ocrx_word' id='word_1_63' title='bbox 1917 964 2151 1021; x_wconf 88' lang='lat' dir='ltr'><strong>haberet</strong></span> 
     </span>
    </p>
   </div>
   <div class='ocr_carea' id='block_1_11' title="bbox 559 1052 2003 1126">
    <p class='ocr_par' dir='ltr' id='par_1_11' title="bbox 559 1052 2003 1126">
     <span class='ocr_line' id='line_1_11' title="bbox 559 1052 2003 1126; baseline 0.001 -20"><span class='ocrx_word' id='word_1_64' title='bbox 559 1052 770 1119; x_wconf 92' lang='lat' dir='ltr'><strong>unitus,</strong></span> <span class='ocrx_word' id='word_1_65' title='bbox 802 1053 891 1108; x_wconf 77' lang='lat' dir='ltr'><strong>vel</strong></span> <span class='ocrx_word' id='word_1_66' title='bbox 917 1061 978 1109; x_wconf 93' lang='lat' dir='ltr'><strong>ut</strong></span> <span class='ocrx_word' id='word_1_67' title='bbox 1001 1069 1130 1124; x_wconf 91' lang='lat' dir='ltr'><strong>pars</strong></span> <span class='ocrx_word' id='word_1_68' title='bbox 1153 1054 1390 1126; x_wconf 84' lang='lat' dir='ltr'><strong>alicujus</strong></span> <span class='ocrx_word' id='word_1_69' title='bbox 1421 1055 1590 1110; x_wconf 89' lang='lat' dir='ltr'><strong>totius</strong></span> <span class='ocrx_word' id='word_1_70' title='bbox 1626 1054 2003 1125; x_wconf 86' lang='lat' dir='ltr'><strong>reputabitur.</strong></span> 
     </span>
    </p>
   </div>
   <div class='ocr_carea' id='block_1_12' title="bbox 628 1230 2149 1304">
    <p class='ocr_par' dir='ltr' id='par_1_12' title="bbox 628 1230 2149 1304">
     <span class='ocr_line' id='line_1_12' title="bbox 628 1230 2149 1304; baseline -0.001 -16"><span class='ocrx_word' id='word_1_71' title='bbox 628 1230 1108 1288; x_wconf 86' lang='lat' dir='ltr'><strong>Considerandum</strong></span> <span class='ocrx_word' id='word_1_72' title='bbox 1134 1241 1220 1288; x_wconf 91' lang='lat' dir='ltr'><strong>est</strong></span> <span class='ocrx_word' id='word_1_73' title='bbox 1247 1233 1396 1289; x_wconf 91' lang='lat' dir='ltr'><strong>enim</strong></span> <span class='ocrx_word' id='word_1_74' title='bbox 1428 1232 1608 1299; x_wconf 84' lang='lat' dir='ltr'><strong>vobis,</strong></span> <span class='ocrx_word' id='word_1_75' title='bbox 1640 1248 1834 1288; x_wconf 91' lang='lat' dir='ltr'><strong>omnes</strong></span> <span class='ocrx_word' id='word_1_76' title='bbox 1860 1231 2149 1304; x_wconf 73' lang='lat' dir='ltr'><strong>generales</strong></span> 
     </span>
    </p>
   </div>
   <div class='ocr_carea' id='block_1_13' title="bbox 558 1324 2148 1395">
    <p class='ocr_par' dir='ltr' id='par_1_13' title="bbox 558 1324 2148 1395">
     <span class='ocr_line' id='line_1_13' title="bbox 558 1324 2148 1395; baseline 0.001 -17"><span class='ocrx_word' id='word_1_77' title='bbox 558 1324 1004 1395; x_wconf 82' lang='lat' dir='ltr'><strong>propositionum</strong></span> <span class='ocrx_word' id='word_1_78' title='bbox 1043 1325 1451 1381; x_wconf 87' lang='lat' dir='ltr'><strong>declarationes</strong></span> <span class='ocrx_word' id='word_1_79' title='bbox 1482 1335 1615 1380; x_wconf 88' lang='lat' dir='ltr'><strong>tunc</strong></span> <span class='ocrx_word' id='word_1_80' title='bbox 1639 1324 1998 1394; x_wconf 80' lang='lat' dir='ltr'><strong>exponendas</strong></span> <span class='ocrx_word' id='word_1_81' title='bbox 2025 1339 2148 1380; x_wconf 84' lang='lat' dir='ltr'><strong>esse</strong></span> 
     </span>
    </p>
   </div>
   <div class='ocr_carea' id='block_1_14' title="bbox 559 1416 2149 1489">
    <p class='ocr_par' dir='ltr' id='par_1_14' title="bbox 559 1416 2149 1489">
     <span class='ocr_line' id='line_1_14' title="bbox 559 1416 2149 1489; baseline -0.001 -16"><span class='ocrx_word' id='word_1_82' title='bbox 559 1432 687 1473; x_wconf 90' lang='lat' dir='ltr'><strong>cum</strong></span> <span class='ocrx_word' id='word_1_83' title='bbox 722 1417 954 1488; x_wconf 85' lang='lat' dir='ltr'><strong>alicujus</strong></span> <span class='ocrx_word' id='word_1_84' title='bbox 982 1417 1233 1487; x_wconf 90' lang='lat' dir='ltr'><strong>ejusdem</strong></span> <span class='ocrx_word' id='word_1_85' title='bbox 1275 1418 1494 1489; x_wconf 76' lang='lat' dir='ltr'><strong>generis</strong></span> <span class='ocrx_word' id='word_1_86' title='bbox 1539 1417 1898 1489; x_wconf 75' lang='lat' dir='ltr'><strong>ejusdemque</strong></span> <span class='ocrx_word' id='word_1_87' title='bbox 1943 1416 2149 1488; x_wconf 88' lang='lat' dir='ltr'><strong>speciei</strong></span> 
     </span>
    </p>
   </div>
   <div class='ocr_carea' id='block_1_15' title="bbox 559 1509 2147 1580">
    <p class='ocr_par' dir='ltr' id='par_1_15' title="bbox 559 1509 2147 1580">
     <span class='ocr_line' id='line_1_15' title="bbox 559 1509 2147 1580; baseline 0.001 -15"><span class='ocrx_word' id='word_1_88' title='bbox 559 1526 754 1566; x_wconf 86' lang='lat' dir='ltr'><strong>eorum</strong></span> <span class='ocrx_word' id='word_1_89' title='bbox 783 1526 907 1580; x_wconf 63' lang='lat' dir='ltr'><strong>quae</strong></span> <span class='ocrx_word' id='word_1_90' title='bbox 947 1510 1367 1566; x_wconf 90' lang='lat' dir='ltr'><strong>determinanda</strong></span> <span class='ocrx_word' id='word_1_91' title='bbox 1400 1519 1530 1567; x_wconf 92' lang='lat' dir='ltr'><strong>sunt</strong></span> <span class='ocrx_word' id='word_1_92' title='bbox 1561 1509 1770 1578; x_wconf 84' lang='lat' dir='ltr'><strong>veritas</strong></span> <span class='ocrx_word' id='word_1_93' title='bbox 1812 1510 2147 1580; x_wconf 80' lang='lat' dir='ltr'><strong>exquiritur.</strong></span> 
     </span>
    </p>
   </div>
   <div class='ocr_carea' id='block_1_16' title="bbox 559 1603 2150 1673">
    <p class='ocr_par' dir='ltr' id='par_1_16' title="bbox 559 1603 2150 1673">
     <span class='ocr_line' id='line_1_16' title="bbox 559 1603 2150 1673; baseline -0.001 -14"><span class='ocrx_word' id='word_1_94' title='bbox 559 1604 807 1673; x_wconf 85' lang='lat' dir='ltr'><strong>Namque</strong></span> <span class='ocrx_word' id='word_1_95' title='bbox 859 1603 927 1658; x_wconf 89' lang='lat' dir='ltr'><strong>ad</strong></span> <span class='ocrx_word' id='word_1_96' title='bbox 969 1603 1426 1658; x_wconf 80' lang='lat' dir='ltr'><strong>manifestandam</strong></span> <span class='ocrx_word' id='word_1_97' title='bbox 1477 1612 1734 1658; x_wconf 91' lang='lat' dir='ltr'><strong>naturam</strong></span> <span class='ocrx_word' id='word_1_98' title='bbox 1786 1618 1982 1658; x_wconf 91' lang='lat' dir='ltr'><strong>eorum</strong></span> <span class='ocrx_word' id='word_1_99' title='bbox 2027 1617 2150 1673; x_wconf 74' lang='lat' dir='ltr'><strong>qua:</strong></span> 
     </span>
    </p>
   </div>
   <div class='ocr_carea' id='block_1_17' title="bbox 557 1696 2152 1769">
    <p class='ocr_par' dir='ltr' id='par_1_17' title="bbox 557 1696 2152 1769">
     <span class='ocr_line' id='line_1_17' title="bbox 557 1696 2152 1769; baseline 0.001 -19"><span class='ocrx_word' id='word_1_100' title='bbox 557 1697 792 1752; x_wconf 89' lang='lat' dir='ltr'><strong>alterius</strong></span> <span class='ocrx_word' id='word_1_101' title='bbox 813 1707 944 1753; x_wconf 89' lang='lat' dir='ltr'><strong>sunt</strong></span> <span class='ocrx_word' id='word_1_102' title='bbox 971 1697 1174 1768; x_wconf 90' lang='lat' dir='ltr'><strong>speciei</strong></span> <span class='ocrx_word' id='word_1_103' title='bbox 1215 1697 1303 1753; x_wconf 85' lang='lat' dir='ltr'><strong>vel</strong></span> <span class='ocrx_word' id='word_1_104' title='bbox 1351 1698 1585 1754; x_wconf 88' lang='lat' dir='ltr'><strong>alterius</strong></span> <span class='ocrx_word' id='word_1_105' title='bbox 1613 1697 1833 1769; x_wconf 80' lang='lat' dir='ltr'><strong>generis</strong></span> <span class='ocrx_word' id='word_1_106' title='bbox 1882 1697 2023 1751; x_wconf 80' lang='lat' dir='ltr'><strong>nihil</strong></span> <span class='ocrx_word' id='word_1_107' title='bbox 2063 1696 2152 1751; x_wconf 88' lang='lat' dir='ltr'><strong>in-</strong></span> 
     </span>
    </p>
   </div>
   <div class='ocr_carea' id='block_1_18' title="bbox 557 1784 2149 1858">
    <p class='ocr_par' dir='ltr' id='par_1_18' title="bbox 557 1784 2149 1858">
     <span class='ocr_line' id='line_1_18' title="bbox 557 1784 2149 1858; baseline -0.003 -17"><span class='ocrx_word' id='word_1_108' title='bbox 557 1787 832 1841; x_wconf 85' lang='lat' dir='ltr'><strong>servirent</strong></span> <span class='ocrx_word' id='word_1_109' title='bbox 857 1802 958 1843; x_wconf 89' lang='lat' dir='ltr'><strong>nec</strong></span> <span class='ocrx_word' id='word_1_110' title='bbox 990 1786 1278 1858; x_wconf 83' lang='lat' dir='ltr'><strong>generales</strong></span> <span class='ocrx_word' id='word_1_111' title='bbox 1303 1785 1703 1856; x_wconf 74' lang='lat' dir='ltr'><strong>expositiones,</strong></span> <span class='ocrx_word' id='word_1_112' title='bbox 1738 1784 1844 1840; x_wconf 91' lang='lat' dir='ltr'><strong>nisi</strong></span> <span class='ocrx_word' id='word_1_113' title='bbox 1889 1792 2149 1853; x_wconf 87' lang='lat' dir='ltr'><strong>tanquam</strong></span> 
     </span>
    </p>
   </div>
   <div class='ocr_carea' id='block_1_19' title="bbox 2256 593 3873 670">
    <p class='ocr_par' dir='ltr' id='par_1_19' title="bbox 2256 593 3873 670">
     <span class='ocr_line' id='line_1_19' title="bbox 2256 593 3873 670; baseline 0.006 -26"><span class='ocrx_word' id='word_1_114' title='bbox 2256 609 2348 645; x_wconf 91' lang='grc' dir='ltr'><strong>νου</strong></span> <span class='ocrx_word' id='word_1_115' title='bbox 2387 593 2510 647; x_wconf 84' lang='grc' dir='ltr'>κατ’</span> <span class='ocrx_word' id='word_1_116' title='bbox 2556 593 2721 648; x_wconf 82' lang='grc' dir='ltr'>αὐτὸν</span> <span class='ocrx_word' id='word_1_117' title='bbox 2773 595 3034 650; x_wconf 79' lang='grc' dir='ltr'><strong>συνθέτου</strong></span> <span class='ocrx_word' id='word_1_118' title='bbox 3073 600 3487 670; x_wconf 77' lang='grc' dir='ltr'><strong>νομισθήσεται.</strong></span> <span class='ocrx_word' id='word_1_119' title='bbox 3521 601 3873 656; x_wconf 76' lang='grc' dir='ltr'>Τουναντίον</span> 
     </span>
    </p>
   </div>
   <div class='ocr_carea' id='block_1_20' title="bbox 2255 683 3868 754">
    <p class='ocr_par' dir='ltr' id='par_1_20' title="bbox 2255 683 3868 754">
     <span class='ocr_line' id='line_1_20' title="bbox 2255 683 3868 754; baseline 0.007 -18"><span class='ocrx_word' id='word_1_120' title='bbox 2255 683 2358 754; x_wconf 83' lang='grc' dir='ltr'>μὲν</span> <span class='ocrx_word' id='word_1_121' title='bbox 2403 683 2499 738; x_wconf 84' lang='grc' dir='ltr'><strong>οῦν</strong></span> <span class='ocrx_word' id='word_1_122' title='bbox 2521 724 2538 750; x_wconf 90' lang='grc'><strong>,</strong></span> <span class='ocrx_word' id='word_1_123' title='bbox 2573 687 2698 740; x_wconf 72' lang='grc' dir='ltr'>ἐπεὶ</span> <span class='ocrx_word' id='word_1_124' title='bbox 2737 688 2918 742; x_wconf 84' lang='grc' dir='ltr'>πάντα</span> <span class='ocrx_word' id='word_1_125' title='bbox 2960 689 3029 742; x_wconf 85' lang='grc' dir='ltr'>τὰ</span> <span class='ocrx_word' id='word_1_126' title='bbox 3081 691 3218 745; x_wconf 82' lang='grc' dir='ltr'>ἄλλα</span> <span class='ocrx_word' id='word_1_127' title='bbox 3251 692 3360 744; x_wconf 86' lang='grc' dir='ltr'><strong>τῶν</strong></span> <span class='ocrx_word' id='word_1_128' title='bbox 3393 693 3569 747; x_wconf 78' lang='grc' dir='ltr'>ὅντων</span> <span class='ocrx_word' id='word_1_129' title='bbox 3597 692 3868 747; x_wconf 82' lang='grc' dir='ltr'>συντιθέ-</span> 
     </span>
    </p>
   </div>
   <div class='ocr_carea' id='block_1_21' title="bbox 2256 778 3870 850">
    <p class='ocr_par' dir='ltr' id='par_1_21' title="bbox 2256 778 3870 850">
     <span class='ocr_line' id='line_1_21' title="bbox 2256 778 3870 850; baseline 0.006 -21"><span class='ocrx_word' id='word_1_130' title='bbox 2256 793 2397 847; x_wconf 74' lang='grc' dir='ltr'>μενα</span> <span class='ocrx_word' id='word_1_131' title='bbox 2435 778 2516 841; x_wconf 79' lang='grc' dir='ltr'>ὡς</span> <span class='ocrx_word' id='word_1_132' title='bbox 2549 778 2694 850; x_wconf 88' lang='grc' dir='ltr'>μέρη</span> <span class='ocrx_word' id='word_1_133' title='bbox 2726 797 2784 833; x_wconf 90' lang='grc' dir='ltr'><strong>τε</strong></span> <span class='ocrx_word' id='word_1_134' title='bbox 2815 780 2914 834; x_wconf 72' lang='grc' dir='ltr'>καὶ</span> <span class='ocrx_word' id='word_1_135' title='bbox 2947 781 3214 837; x_wconf 82' lang='grc' dir='ltr'>ἐλάττονα</span> <span class='ocrx_word' id='word_1_136' title='bbox 3251 782 3347 837; x_wconf 91' lang='grc' dir='ltr'><strong>τοῦ</strong></span> <span class='ocrx_word' id='word_1_137' title='bbox 3371 785 3580 838; x_wconf 78' lang='grc' dir='ltr'><strong>οἰκείου</strong></span> <span class='ocrx_word' id='word_1_138' title='bbox 3608 785 3751 839; x_wconf 80' lang='grc' dir='ltr'>ὅλου</span> <span class='ocrx_word' id='word_1_139' title='bbox 3781 801 3870 838; x_wconf 80' lang='grc' dir='ltr'>τε·</span> 
     </span>
    </p>
   </div>
   <div class='ocr_carea' id='block_1_22' title="bbox 2253 865 3867 946">
    <p class='ocr_par' dir='ltr' id='par_1_22' title="bbox 2253 865 3867 946">
     <span class='ocr_line' id='line_1_22' title="bbox 2253 865 3867 946; baseline 0.006 -27"><span class='ocrx_word' id='word_1_140' title='bbox 2253 865 2532 938; x_wconf 82' lang='grc' dir='ltr'>θεώρηται</span> <span class='ocrx_word' id='word_1_141' title='bbox 2554 883 2570 902; x_wconf 95' lang='grc'><strong>·</strong></span> <span class='ocrx_word' id='word_1_142' title='bbox 2599 869 2734 934; x_wconf 77' lang='grc' dir='ltr'>Θεὸς</span> <span class='ocrx_word' id='word_1_143' title='bbox 2773 870 2829 925; x_wconf 86' lang='grc' dir='ltr'><strong>δὲ</strong></span> <span class='ocrx_word' id='word_1_144' title='bbox 2857 872 2956 943; x_wconf 83' lang='grc' dir='ltr'><strong>οὐχ</strong></span> <span class='ocrx_word' id='word_1_145' title='bbox 2987 867 3069 937; x_wconf 75' lang='grc' dir='ltr'>εἷς</span> <span class='ocrx_word' id='word_1_146' title='bbox 3109 873 3219 927; x_wconf 88' lang='grc' dir='ltr'><strong>τῶν</strong></span> <span class='ocrx_word' id='word_1_147' title='bbox 3257 876 3476 930; x_wconf 83' lang='grc' dir='ltr'>πάντων</span> <span class='ocrx_word' id='word_1_148' title='bbox 3501 915 3518 942; x_wconf 89' lang='grc'><strong>,</strong></span> <span class='ocrx_word' id='word_1_149' title='bbox 3551 877 3701 932; x_wconf 82' lang='grc' dir='ltr'><strong>ἀλλά</strong></span> <span class='ocrx_word' id='word_1_150' title='bbox 3733 877 3867 946; x_wconf 71' lang='grc' dir='ltr'>περὶ</span> 
     </span>
    </p>
   </div>
   <div class='ocr_carea' id='block_1_23' title="bbox 2251 961 3867 1041">
    <p class='ocr_par' dir='ltr' id='par_1_23' title="bbox 2251 961 3867 1041">
     <span class='ocr_line' id='line_1_23' title="bbox 2251 961 3867 1041; baseline 0.006 -28"><span class='ocrx_word' id='word_1_151' title='bbox 2251 961 2455 1027; x_wconf 84' lang='grc' dir='ltr'>πάντα,</span> <span class='ocrx_word' id='word_1_152' title='bbox 2488 963 2584 1016; x_wconf 80' lang='grc' dir='ltr'>καὶ</span> <span class='ocrx_word' id='word_1_153' title='bbox 2625 963 2768 1036; x_wconf 84' lang='grc' dir='ltr'>ὑπὲρ</span> <span class='ocrx_word' id='word_1_154' title='bbox 2812 965 2990 1020; x_wconf 86' lang='grc' dir='ltr'>πάντα</span> <span class='ocrx_word' id='word_1_155' title='bbox 3033 967 3382 1040; x_wconf 84' lang='grc' dir='ltr'>ὑπεροχικῶς</span> <span class='ocrx_word' id='word_1_156' title='bbox 3409 969 3526 1041; x_wconf 79' lang='grc' dir='ltr'>ἔχει</span> <span class='ocrx_word' id='word_1_157' title='bbox 3563 987 3578 1001; x_wconf 89' lang='grc'><strong>·</strong></span> <span class='ocrx_word' id='word_1_158' title='bbox 3621 969 3867 1024; x_wconf 70' lang='grc' dir='ltr'>ἀκολούο</span> 
     </span>
    </p>
   </div>
   <div class='ocr_carea' id='block_1_24' title="bbox 2253 1053 3865 1136">
    <p class='ocr_par' dir='ltr' id='par_1_24' title="bbox 2253 1053 3865 1136">
     <span class='ocr_line' id='line_1_24' title="bbox 2253 1053 3865 1136; baseline 0.007 -29"><span class='ocrx_word' id='word_1_159' title='bbox 2253 1053 2363 1119; x_wconf 90' lang='grc' dir='ltr'><strong>θως</strong></span> <span class='ocrx_word' id='word_1_160' title='bbox 2397 1055 2517 1110; x_wconf 73' lang='grc' dir='ltr'>οὐδὲ</span> <span class='ocrx_word' id='word_1_161' title='bbox 2551 1058 2694 1111; x_wconf 87' lang='grc' dir='ltr'><strong>κατά</strong></span> <span class='ocrx_word' id='word_1_162' title='bbox 2722 1059 2901 1114; x_wconf 87' lang='grc' dir='ltr'>πάντα</span> <span class='ocrx_word' id='word_1_163' title='bbox 2924 1061 2994 1114; x_wconf 85' lang='grc' dir='ltr'>τὰ</span> <span class='ocrx_word' id='word_1_164' title='bbox 3016 1061 3154 1115; x_wconf 81' lang='grc' dir='ltr'>ἄλλα</span> <span class='ocrx_word' id='word_1_165' title='bbox 3192 1063 3286 1116; x_wconf 78' lang='grc' dir='ltr'><strong>τὸν</strong></span> <span class='ocrx_word' id='word_1_166' title='bbox 3309 1063 3468 1132; x_wconf 89' lang='grc' dir='ltr'>λόγον</span> <span class='ocrx_word' id='word_1_167' title='bbox 3497 1064 3617 1136; x_wconf 69' lang='grc' dir='ltr'>ἔχοι</span> <span class='ocrx_word' id='word_1_168' title='bbox 3655 1081 3865 1120; x_wconf 80' lang='grc' dir='ltr'>συντε-</span> 
     </span>
    </p>
   </div>
   <div class='ocr_carea' id='block_1_25' title="bbox 2253 1145 3557 1224">
    <p class='ocr_par' dir='ltr' id='par_1_25' title="bbox 2253 1145 3557 1224">
     <span class='ocr_line' id='line_1_25' title="bbox 2253 1145 3557 1224; baseline 0.008 -25"><span class='ocrx_word' id='word_1_169' title='bbox 2253 1145 2401 1211; x_wconf 87' lang='grc' dir='ltr'>θείς·</span> <span class='ocrx_word' id='word_1_170' title='bbox 2437 1146 2470 1218; x_wconf 83' lang='grc' dir='ltr'><strong>ἢ</strong></span> <span class='ocrx_word' id='word_1_171' title='bbox 2505 1147 2583 1212; x_wconf 84' lang='grc' dir='ltr'>ὡς</span> <span class='ocrx_word' id='word_1_172' title='bbox 2615 1149 2784 1220; x_wconf 89' lang='grc' dir='ltr'>μέρος</span> <span class='ocrx_word' id='word_1_173' title='bbox 2811 1151 3198 1224; x_wconf 82' lang='grc' dir='ltr'>λογισθήσεται</span> <span class='ocrx_word' id='word_1_174' title='bbox 3223 1153 3346 1208; x_wconf 84' lang='grc' dir='ltr'>ὅλου</span> <span class='ocrx_word' id='word_1_175' title='bbox 3385 1155 3557 1217; x_wconf 82' lang='grc' dir='ltr'>τινός.</span> 
     </span>
    </p>
   </div>
   <div class='ocr_carea' id='block_1_26' title="bbox 2327 1239 3864 1314">
    <p class='ocr_par' dir='ltr' id='par_1_26' title="bbox 2327 1239 3864 1314">
     <span class='ocr_line' id='line_1_26' title="bbox 2327 1239 3864 1314; baseline 0.004 -22"><span class='ocrx_word' id='word_1_176' title='bbox 2327 1239 2488 1294; x_wconf 86' lang='grc' dir='ltr'>Ἔστι</span> <span class='ocrx_word' id='word_1_177' title='bbox 2518 1241 2626 1314; x_wconf 82' lang='grc' dir='ltr'>γὰρ</span> <span class='ocrx_word' id='word_1_178' title='bbox 2676 1243 2822 1313; x_wconf 83' lang='grc' dir='ltr'>ὑμᾶς</span> <span class='ocrx_word' id='word_1_179' title='bbox 2858 1245 3239 1312; x_wconf 73' lang='grc' dir='ltr'>ὲττισκέπτειν,</span> <span class='ocrx_word' id='word_1_180' title='bbox 3275 1245 3353 1309; x_wconf 86' lang='grc' dir='ltr'>ὡς</span> <span class='ocrx_word' id='word_1_181' title='bbox 3384 1248 3561 1301; x_wconf 82' lang='grc' dir='ltr'>πᾶσαι</span> <span class='ocrx_word' id='word_1_182' title='bbox 3594 1246 3658 1298; x_wconf 80' lang='lat' dir='ltr'><strong>al</strong></span> <span class='ocrx_word' id='word_1_183' title='bbox 3719 1244 3864 1298; x_wconf 81' lang='grc' dir='ltr'>καθ-</span> 
     </span>
    </p>
   </div>
   <div class='ocr_carea' id='block_1_27' title="bbox 2252 1329 3864 1408">
    <p class='ocr_par' dir='ltr' id='par_1_27' title="bbox 2252 1329 3864 1408">
     <span class='ocr_line' id='line_1_27' title="bbox 2252 1329 3864 1408; baseline 0.003 -24"><span class='ocrx_word' id='word_1_184' title='bbox 2252 1329 2378 1386; x_wconf 87' lang='grc' dir='ltr'>όλου</span> <span class='ocrx_word' id='word_1_185' title='bbox 2437 1331 2547 1385; x_wconf 85' lang='grc' dir='ltr'><strong>τῶν</strong></span> <span class='ocrx_word' id='word_1_186' title='bbox 2621 1334 2940 1405; x_wconf 83' lang='grc' dir='ltr'>προτάσεων</span> <span class='ocrx_word' id='word_1_187' title='bbox 2997 1337 3334 1405; x_wconf 78' lang='grc' dir='ltr'>ἀποφάνσεις</span> <span class='ocrx_word' id='word_1_188' title='bbox 3367 1339 3489 1391; x_wconf 83' lang='grc' dir='ltr'>τότε</span> <span class='ocrx_word' id='word_1_189' title='bbox 3541 1335 3744 1406; x_wconf 79' lang='grc' dir='ltr'>έχουσι</span> <span class='ocrx_word' id='word_1_190' title='bbox 3804 1337 3864 1408; x_wconf 71' lang='grc' dir='ltr'>τὸ</span> 
     </span>
    </p>
   </div>
   <div class='ocr_carea' id='block_1_28' title="bbox 2251 1423 3858 1500">
    <p class='ocr_par' dir='ltr' id='par_1_28' title="bbox 2251 1423 3858 1500">
     <span class='ocr_line' id='line_1_28' title="bbox 2251 1423 3858 1500; baseline 0.002 -22"><span class='ocrx_word' id='word_1_191' title='bbox 2251 1423 2551 1493; x_wconf 84' lang='grc' dir='ltr'>ἀναγκαῖον</span> <span class='ocrx_word' id='word_1_192' title='bbox 2579 1426 2660 1490; x_wconf 81' lang='grc' dir='ltr'><strong>είς</strong></span> <span class='ocrx_word' id='word_1_193' title='bbox 2699 1427 2999 1496; x_wconf 77' lang='grc' dir='ltr'>ἀπόδειξιν,</span> <span class='ocrx_word' id='word_1_194' title='bbox 3034 1428 3199 1500; x_wconf 82' lang='grc' dir='ltr'>ἡνίκα</span> <span class='ocrx_word' id='word_1_195' title='bbox 3229 1431 3375 1494; x_wconf 82' lang='grc' dir='ltr'>τινὸς</span> <span class='ocrx_word' id='word_1_196' title='bbox 3404 1431 3789 1498; x_wconf 76' lang='grc' dir='ltr'>ταυτογενοῦς</span> <span class='ocrx_word' id='word_1_197' title='bbox 3825 1429 3858 1498; x_wconf 61' lang='grc' dir='ltr'><strong><em>ἢ</em></strong></span> 
     </span>
    </p>
   </div>
   <div class='ocr_carea' id='block_1_29' title="bbox 2251 1517 3860 1594">
    <p class='ocr_par' dir='ltr' id='par_1_29' title="bbox 2251 1517 3860 1594">
     <span class='ocr_line' id='line_1_29' title="bbox 2251 1517 3860 1594; baseline 0.004 -24"><span class='ocrx_word' id='word_1_198' title='bbox 2251 1517 2597 1584; x_wconf 88' lang='grc' dir='ltr'>ταυτοειδοῦς</span> <span class='ocrx_word' id='word_1_199' title='bbox 2621 1519 2732 1574; x_wconf 84' lang='grc' dir='ltr'><strong>τῶν</strong></span> <span class='ocrx_word' id='word_1_200' title='bbox 2775 1520 2882 1575; x_wconf 82' lang='grc' dir='ltr'><strong>ὑπὸ</strong></span> <span class='ocrx_word' id='word_1_201' title='bbox 2910 1520 3003 1575; x_wconf 81' lang='grc' dir='ltr'><strong>τὸν</strong></span> <span class='ocrx_word' id='word_1_202' title='bbox 3046 1522 3472 1594; x_wconf 79' lang='grc' dir='ltr'>προσδιορισμδν</span> <span class='ocrx_word' id='word_1_203' title='bbox 3493 1525 3520 1577; x_wconf 91' lang='grc' dir='ltr'><strong>ὁ</strong></span> <span class='ocrx_word' id='word_1_204' title='bbox 3552 1522 3725 1592; x_wconf 79' lang='grc' dir='ltr'>λόγος</span> <span class='ocrx_word' id='word_1_205' title='bbox 3757 1522 3860 1593; x_wconf 60' lang='lat' dir='ltr'><strong>Cr,-</strong></span> 
     </span>
    </p>
   </div>
   <div class='ocr_carea' id='block_1_30' title="bbox 2252 1612 3859 1688">
    <p class='ocr_par' dir='ltr' id='par_1_30' title="bbox 2252 1612 3859 1688">
     <span class='ocr_line' id='line_1_30' title="bbox 2252 1612 3859 1688; baseline 0.003 -26"><span class='ocrx_word' id='word_1_206' title='bbox 2252 1612 2446 1665; x_wconf 79' lang='grc' dir='ltr'>τεῖται.</span> <span class='ocrx_word' id='word_1_207' title='bbox 2488 1612 2583 1676; x_wconf 79' lang='grc' dir='ltr'><strong>Εἰς</strong></span> <span class='ocrx_word' id='word_1_208' title='bbox 2623 1612 2734 1685; x_wconf 81' lang='grc' dir='ltr'>γὰρ</span> <span class='ocrx_word' id='word_1_209' title='bbox 2769 1613 2870 1683; x_wconf 76' lang='grc' dir='ltr'>τὴν</span> <span class='ocrx_word' id='word_1_210' title='bbox 2907 1615 3018 1668; x_wconf 88' lang='grc' dir='ltr'><strong>τῶν</strong></span> <span class='ocrx_word' id='word_1_211' title='bbox 3059 1615 3454 1688; x_wconf 79' lang='grc' dir='ltr'>ἑτεροειδῶν⁶ῆ</span> <span class='ocrx_word' id='word_1_212' title='bbox 3508 1615 3859 1686; x_wconf 71' lang='grc' dir='ltr'>ἑτερογενῶν</span> 
     </span>
    </p>
   </div>
   <div class='ocr_carea' id='block_1_31' title="bbox 2253 1702 3857 1776">
    <p class='ocr_par' dir='ltr' id='par_1_31' title="bbox 2253 1702 3857 1776">
     <span class='ocr_line' id='line_1_31' title="bbox 2253 1702 3857 1776; baseline 0.004 -21"><span class='ocrx_word' id='word_1_213' title='bbox 2253 1702 2441 1772; x_wconf 82' lang='grc' dir='ltr'>φύσιν,</span> <span class='ocrx_word' id='word_1_214' title='bbox 2489 1703 2641 1759; x_wconf 86' lang='grc' dir='ltr'>οὐδὲν</span> <span class='ocrx_word' id='word_1_215' title='bbox 2682 1703 2799 1776; x_wconf 76' lang='grc' dir='ltr'>ἔχοι</span> <span class='ocrx_word' id='word_1_216' title='bbox 2841 1704 2908 1759; x_wconf 82' lang='grc' dir='ltr'><strong>ἂν</strong></span> <span class='ocrx_word' id='word_1_217' title='bbox 2937 1706 3254 1771; x_wconf 79' lang='grc' dir='ltr'>λυσιτελοῦν</span> <span class='ocrx_word' id='word_1_218' title='bbox 3284 1707 3366 1770; x_wconf 87' lang='grc' dir='ltr'><strong>είς</strong></span> <span class='ocrx_word' id='word_1_219' title='bbox 3403 1706 3705 1771; x_wconf 66' lang='grc' dir='ltr'>ἀπόδειξιν,</span> <span class='ocrx_word' id='word_1_220' title='bbox 3733 1707 3857 1760; x_wconf 68' lang='grc' dir='ltr'><strong>οὐδὲ</strong></span> 
     </span>
    </p>
   </div>
   <div class='ocr_carea' id='block_1_32' title="bbox 2252 1795 3856 1872">
    <p class='ocr_par' dir='ltr' id='par_1_32' title="bbox 2252 1795 3856 1872">
     <span class='ocr_line' id='line_1_32' title="bbox 2252 1795 3856 1872; baseline 0.003 -24"><span class='ocrx_word' id='word_1_221' title='bbox 2252 1795 2321 1849; x_wconf 87' lang='grc' dir='ltr'>τὰ</span> <span class='ocrx_word' id='word_1_222' title='bbox 2350 1795 2582 1851; x_wconf 85' lang='grc' dir='ltr'>καθόλου</span> <span class='ocrx_word' id='word_1_223' title='bbox 2605 1798 2957 1868; x_wconf 84' lang='grc' dir='ltr'>ἀποφαντικά</span> <span class='ocrx_word' id='word_1_224' title='bbox 2977 1841 2992 1865; x_wconf 90' lang='grc'><strong>,</strong></span> <span class='ocrx_word' id='word_1_225' title='bbox 3019 1800 3181 1870; x_wconf 76' lang='grc' dir='ltr'>εἴπερ</span> <span class='ocrx_word' id='word_1_226' title='bbox 3221 1800 3296 1870; x_wconf 85' lang='grc' dir='ltr'>μὴ</span> <span class='ocrx_word' id='word_1_227' title='bbox 3324 1799 3856 1872; x_wconf 75' lang='grc' dir='ltr'>συμπεριλαμϐάνοι</span> 
     </span>
    </p>
   </div>
   <div class='ocr_carea' id='block_1_33' title="bbox 558 1869 2152 1964">
    <p class='ocr_par' dir='ltr' id='par_1_33' title="bbox 558 1877 2146 1950">
     <span class='ocr_line' id='line_1_33' title="bbox 558 1877 2146 1950; baseline -0.001 -16"><span class='ocrx_word' id='word_1_228' title='bbox 558 1879 765 1949; x_wconf 86' lang='lat' dir='ltr'><strong>speciei</strong></span> <span class='ocrx_word' id='word_1_229' title='bbox 787 1880 1035 1950; x_wconf 87' lang='lat' dir='ltr'><strong>ejusdem</strong></span> <span class='ocrx_word' id='word_1_230' title='bbox 1070 1879 1366 1950; x_wconf 64' lang='lat' dir='ltr'><strong>qumsitum</strong></span> <span class='ocrx_word' id='word_1_231' title='bbox 1392 1877 1971 1949; x_wconf 78' lang='lat' dir='ltr'><strong>cumprehenderent;</strong></span> <span class='ocrx_word' id='word_1_232' title='bbox 1998 1877 2146 1948; x_wconf 92' lang='lat' dir='ltr'><strong>quod</strong></span> 
     </span>
    </p>
   </div>
   <div class='ocr_carea' id='block_1_34' title="bbox 2255 1869 3855 1964">
    <p class='ocr_par' dir='ltr' id='par_1_34' title="bbox 2255 1869 3855 1964">
     <span class='ocr_line' id='line_1_34' title="bbox 2255 1869 3855 1964; baseline 0.004 -25"><span class='ocrx_word' id='word_1_233' title='bbox 2255 1887 2324 1951; x_wconf 81' lang='grc' dir='ltr'>ὡς</span> <span class='ocrx_word' id='word_1_234' title='bbox 2352 1888 2598 1958; x_wconf 79' lang='grc' dir='ltr'>ὁμοειδὲς</span> <span class='ocrx_word' id='word_1_235' title='bbox 2623 1889 2685 1942; x_wconf 73' lang='grc' dir='ltr'>τὸ</span> <span class='ocrx_word' id='word_1_236' title='bbox 2716 1889 3050 1962; x_wconf 76' lang='grc' dir='ltr'>ζητούμενον</span> <span class='ocrx_word' id='word_1_237' title='bbox 3073 1909 3087 1922; x_wconf 92' lang='grc'><strong>·</strong></span> <span class='ocrx_word' id='word_1_238' title='bbox 3120 1869 3229 1944; x_wconf 60' lang='grc' dir='ltr'>καὶ.</span> <span class='ocrx_word' id='word_1_239' title='bbox 3249 1869 3525 1946; x_wconf 80' lang='grc' dir='ltr'>δείκνυσιν</span> <span class='ocrx_word' id='word_1_240' title='bbox 3555 1893 3592 1964; x_wconf 77' lang='grc' dir='ltr'>ἢ</span> <span class='ocrx_word' id='word_1_241' title='bbox 3625 1869 3855 1946; x_wconf 74' lang='grc' dir='ltr'>ὑποκεί-</span> 
     </span>
    </p>
   </div>
   <div class='ocr_carea' id='block_1_35' title="bbox 561 1971 2149 2044">
    <p class='ocr_par' dir='ltr' id='par_1_35' title="bbox 561 1971 2149 2044">
     <span class='ocr_line' id='line_1_35' title="bbox 561 1971 2149 2044; baseline -0.001 -16"><span class='ocrx_word' id='word_1_242' title='bbox 561 1983 694 2029; x_wconf 91' lang='lat' dir='ltr'><strong>tunc</strong></span> <span class='ocrx_word' id='word_1_243' title='bbox 730 1973 973 2029; x_wconf 79' lang='lat' dir='ltr'><strong>ostendit</strong></span> <span class='ocrx_word' id='word_1_244' title='bbox 1008 1974 1126 2028; x_wconf 83' lang='lat' dir='ltr'><strong>sive</strong></span> <span class='ocrx_word' id='word_1_245' title='bbox 1159 1972 1496 2044; x_wconf 86' lang='lat' dir='ltr'><strong>subjectum,</strong></span> <span class='ocrx_word' id='word_1_246' title='bbox 1533 1972 1650 2028; x_wconf 88' lang='lat' dir='ltr'><strong>sive</strong></span> <span class='ocrx_word' id='word_1_247' title='bbox 1682 1971 1959 2028; x_wconf 80' lang='lat' dir='ltr'><strong>excedens</strong></span> <span class='ocrx_word' id='word_1_248' title='bbox 2003 1971 2149 2027; x_wconf 81' lang='lat' dir='ltr'><strong>veri-</strong></span> 
     </span>
    </p>
   </div>
   <div class='ocr_carea' id='block_1_36' title="bbox 559 2062 2147 2134">
    <p class='ocr_par' dir='ltr' id='par_1_36' title="bbox 559 2062 2147 2134">
     <span class='ocr_line' id='line_1_36' title="bbox 559 2062 2147 2134; baseline -0.001 -16"><span class='ocrx_word' id='word_1_249' title='bbox 559 2074 725 2120; x_wconf 87' lang='lat' dir='ltr'><strong>tatem</strong></span> <span class='ocrx_word' id='word_1_250' title='bbox 756 2065 1202 2120; x_wconf 90' lang='lat' dir='ltr'><strong>eonnaturalium</strong></span> <span class='ocrx_word' id='word_1_251' title='bbox 1239 2063 1435 2134; x_wconf 86' lang='lat' dir='ltr'><strong>ipsius.</strong></span> <span class='ocrx_word' id='word_1_252' title='bbox 1465 2063 1703 2119; x_wconf 88' lang='lat' dir='ltr'><strong>Perinde</strong></span> <span class='ocrx_word' id='word_1_253' title='bbox 1729 2078 1794 2117; x_wconf 91' lang='lat' dir='ltr'><strong>ac</strong></span> <span class='ocrx_word' id='word_1_254' title='bbox 1815 2063 1859 2118; x_wconf 93' lang='lat' dir='ltr'><strong>si</strong></span> <span class='ocrx_word' id='word_1_255' title='bbox 1886 2062 1953 2117; x_wconf 90' lang='lat' dir='ltr'><strong>de</strong></span> <span class='ocrx_word' id='word_1_256' title='bbox 1975 2062 2147 2117; x_wconf 86' lang='lat' dir='ltr'><strong>Paulo</strong></span> 
     </span>
    </p>
   </div>
   <div class='ocr_carea' id='block_1_37' title="bbox 555 2154 2150 2228">
    <p class='ocr_par' dir='ltr' id='par_1_37' title="bbox 555 2154 2150 2228">
     <span class='ocr_line' id='line_1_37' title="bbox 555 2154 2150 2228; baseline -0.003 -16"><span class='ocrx_word' id='word_1_257' title='bbox 555 2156 785 2224; x_wconf 78' lang='lat' dir='ltr'><strong>homine</strong></span> <span class='ocrx_word' id='word_1_258' title='bbox 819 2157 1146 2226; x_wconf 82' lang='lat' dir='ltr'><strong>exquiratur</strong></span> <span class='ocrx_word' id='word_1_259' title='bbox 1179 2174 1248 2212; x_wconf 91' lang='lat' dir='ltr'><strong>an</strong></span> <span class='ocrx_word' id='word_1_260' title='bbox 1275 2157 1348 2213; x_wconf 89' lang='lat' dir='ltr'><strong>sit</strong></span> <span class='ocrx_word' id='word_1_261' title='bbox 1379 2157 1624 2223; x_wconf 89' lang='lat' dir='ltr'><strong>animal;</strong></span> <span class='ocrx_word' id='word_1_262' title='bbox 1685 2155 1961 2228; x_wconf 82' lang='lat' dir='ltr'><strong>generalis</strong></span> <span class='ocrx_word' id='word_1_263' title='bbox 2004 2154 2150 2209; x_wconf 87' lang='lat' dir='ltr'><strong>atlir-</strong></span> 
     </span>
    </p>
   </div>
   <div class='ocr_carea' id='block_1_38' title="bbox 557 2247 2148 2321">
    <p class='ocr_par' dir='ltr' id='par_1_38' title="bbox 557 2247 2148 2321">
     <span class='ocr_line' id='line_1_38' title="bbox 557 2247 2148 2321; baseline -0.003 -15"><span class='ocrx_word' id='word_1_264' title='bbox 557 2251 728 2306; x_wconf 85' lang='lat' dir='ltr'><strong>matio</strong></span> <span class='ocrx_word' id='word_1_265' title='bbox 761 2251 963 2321; x_wconf 87' lang='lat' dir='ltr'><strong>speciei</strong></span> <span class='ocrx_word' id='word_1_266' title='bbox 997 2265 1216 2306; x_wconf 89' lang='lat' dir='ltr'><strong>omnem</strong></span> <span class='ocrx_word' id='word_1_267' title='bbox 1243 2249 1525 2304; x_wconf 91' lang='lat' dir='ltr'><strong>hominem</strong></span> <span class='ocrx_word' id='word_1_268' title='bbox 1562 2248 1764 2304; x_wconf 89' lang='lat' dir='ltr'><strong>animal</strong></span> <span class='ocrx_word' id='word_1_269' title='bbox 1802 2262 1924 2302; x_wconf 89' lang='lat' dir='ltr'><strong>esse</strong></span> <span class='ocrx_word' id='word_1_270' title='bbox 1956 2247 2148 2302; x_wconf 90' lang='lat' dir='ltr'><strong>dicens</strong></span> 
     </span>
    </p>
   </div>
   <div class='ocr_carea' id='block_1_39' title="bbox 556 2339 2145 2413">
    <p class='ocr_par' dir='ltr' id='par_1_39' title="bbox 556 2339 2145 2413">
     <span class='ocr_line' id='line_1_39' title="bbox 556 2339 2145 2413; baseline -0.004 -14"><span class='ocrx_word' id='word_1_271' title='bbox 556 2343 628 2399; x_wconf 88' lang='lat' dir='ltr'><strong>ad</strong></span> <span class='ocrx_word' id='word_1_272' title='bbox 659 2343 1041 2413; x_wconf 82' lang='lat' dir='ltr'><strong>probationem</strong></span> <span class='ocrx_word' id='word_1_273' title='bbox 1067 2341 1282 2413; x_wconf 62' lang='lat' dir='ltr'><strong>quaesiti</strong></span> <span class='ocrx_word' id='word_1_274' title='bbox 1316 2341 1633 2397; x_wconf 85' lang='lat' dir='ltr'><strong>inserviret.</strong></span> <span class='ocrx_word' id='word_1_275' title='bbox 1660 2339 1926 2396; x_wconf 88' lang='lat' dir='ltr'><strong>Similiter</strong></span> <span class='ocrx_word' id='word_1_276' title='bbox 1960 2347 2145 2396; x_wconf 90' lang='lat' dir='ltr'><strong>autem</strong></span> 
     </span>
    </p>
   </div>
   <div class='ocr_carea' id='block_1_40' title="bbox 558 2431 2146 2506">
    <p class='ocr_par' dir='ltr' id='par_1_40' title="bbox 558 2431 2146 2506">
     <span class='ocr_line' id='line_1_40' title="bbox 558 2431 2146 2506; baseline -0.004 -14"><span class='ocrx_word' id='word_1_277' title='bbox 558 2453 684 2492; x_wconf 87' lang='lat' dir='ltr'><strong>cum</strong></span> <span class='ocrx_word' id='word_1_278' title='bbox 717 2452 746 2490; x_wconf 88' lang='lat' dir='ltr'><strong>a</strong></span> <span class='ocrx_word' id='word_1_279' title='bbox 784 2435 945 2492; x_wconf 85' lang='lat' dir='ltr'><strong>nobis</strong></span> <span class='ocrx_word' id='word_1_280' title='bbox 978 2433 1244 2506; x_wconf 72' lang='lat' dir='ltr'><strong>quaeritur</strong></span> <span class='ocrx_word' id='word_1_281' title='bbox 1295 2450 1364 2488; x_wconf 87' lang='lat' dir='ltr'><strong>an</strong></span> <span class='ocrx_word' id='word_1_282' title='bbox 1401 2433 1492 2488; x_wconf 88' lang='lat' dir='ltr'><strong>hic</strong></span> <span class='ocrx_word' id='word_1_283' title='bbox 1521 2433 1726 2488; x_wconf 81' lang='lat' dir='ltr'><strong>Paulus</strong></span> <span class='ocrx_word' id='word_1_284' title='bbox 1769 2433 1974 2487; x_wconf 90' lang='lat' dir='ltr'><strong>animal</strong></span> <span class='ocrx_word' id='word_1_285' title='bbox 2009 2431 2146 2487; x_wconf 85' lang='lat' dir='ltr'><strong>sub-</strong></span> 
     </span>
    </p>
   </div>
   <div class='ocr_carea' id='block_1_41' title="bbox 558 2519 2147 2598">
    <p class='ocr_par' dir='ltr' id='par_1_41' title="bbox 558 2519 2147 2598">
     <span class='ocr_line' id='line_1_41' title="bbox 558 2519 2147 2598; baseline -0.004 -14"><span class='ocrx_word' id='word_1_286' title='bbox 558 2528 764 2584; x_wconf 83' lang='lat' dir='ltr'><strong>stantia</strong></span> <span class='ocrx_word' id='word_1_287' title='bbox 816 2527 925 2592; x_wconf 90' lang='lat' dir='ltr'><strong>sit,</strong></span> <span class='ocrx_word' id='word_1_288' title='bbox 987 2519 1301 2598; x_wconf 85' lang='lat' dir='ltr'><strong>opportuna</strong></span> <span class='ocrx_word' id='word_1_289' title='bbox 1345 2535 1495 2580; x_wconf 86' lang='lat' dir='ltr'><strong>esset</strong></span> <span class='ocrx_word' id='word_1_290' title='bbox 1549 2523 1845 2579; x_wconf 80' lang='lat' dir='ltr'><strong>atlirmatio</strong></span> <span class='ocrx_word' id='word_1_291' title='bbox 1873 2525 2147 2595; x_wconf 78' lang='lat' dir='ltr'><strong>generalis</strong></span> 
     </span>
    </p>
   </div>
   <div class='ocr_carea' id='block_1_42' title="bbox 558 2616 2146 2675">
    <p class='ocr_par' dir='ltr' id='par_1_42' title="bbox 558 2616 2146 2675">
     <span class='ocr_line' id='line_1_42' title="bbox 558 2616 2146 2675; baseline -0.001 0"><span class='ocrx_word' id='word_1_292' title='bbox 558 2636 724 2675; x_wconf 83' lang='lat' dir='ltr'><strong>omne</strong></span> <span class='ocrx_word' id='word_1_293' title='bbox 756 2619 955 2674; x_wconf 87' lang='lat' dir='ltr'><strong>animal</strong></span> <span class='ocrx_word' id='word_1_294' title='bbox 989 2618 1354 2675; x_wconf 88' lang='lat' dir='ltr'><strong>substantiam</strong></span> <span class='ocrx_word' id='word_1_295' title='bbox 1385 2633 1509 2674; x_wconf 89' lang='lat' dir='ltr'><strong>esse</strong></span> <span class='ocrx_word' id='word_1_296' title='bbox 1541 2617 1754 2672; x_wconf 86' lang='lat' dir='ltr'><strong>dicens.</strong></span> <span class='ocrx_word' id='word_1_297' title='bbox 1800 2616 1857 2672; x_wconf 90' lang='lat' dir='ltr'><strong>Si</strong></span> <span class='ocrx_word' id='word_1_298' title='bbox 1899 2632 2032 2672; x_wconf 81' lang='lat' dir='ltr'><strong>vero</strong></span> <span class='ocrx_word' id='word_1_299' title='bbox 2077 2618 2146 2673; x_wconf 91' lang='lat' dir='ltr'><strong>de</strong></span> 
     </span>
    </p>
   </div>
   <div class='ocr_carea' id='block_1_43' title="bbox 557 2707 2144 2784">
    <p class='ocr_par' dir='ltr' id='par_1_43' title="bbox 557 2707 2144 2784">
     <span class='ocr_line' id='line_1_43' title="bbox 557 2707 2144 2784; baseline -0.005 -15"><span class='ocrx_word' id='word_1_300' title='bbox 557 2715 745 2784; x_wconf 83' lang='lat' dir='ltr'><strong>aliquo</strong></span> <span class='ocrx_word' id='word_1_301' title='bbox 775 2711 1003 2767; x_wconf 85' lang='lat' dir='ltr'><strong>alterius</strong></span> <span class='ocrx_word' id='word_1_302' title='bbox 1037 2711 1257 2782; x_wconf 87' lang='lat' dir='ltr'><strong>generis</strong></span> <span class='ocrx_word' id='word_1_303' title='bbox 1289 2711 1376 2765; x_wconf 79' lang='lat' dir='ltr'><strong>vel</strong></span> <span class='ocrx_word' id='word_1_304' title='bbox 1430 2707 1635 2780; x_wconf 84' lang='lat' dir='ltr'><strong>speciei</strong></span> <span class='ocrx_word' id='word_1_305' title='bbox 1674 2708 1910 2778; x_wconf 59' lang='lat' dir='ltr'><strong>quaestio</strong></span> <span class='ocrx_word' id='word_1_306' title='bbox 1936 2708 2144 2779; x_wconf 87' lang='lat' dir='ltr'><strong>agitur,</strong></span> 
     </span>
    </p>
   </div>
   <div class='ocr_carea' id='block_1_44' title="bbox 558 2800 2146 2876">
    <p class='ocr_par' dir='ltr' id='par_1_44' title="bbox 558 2800 2146 2876">
     <span class='ocr_line' id='line_1_44' title="bbox 558 2800 2146 2876; baseline -0.005 -11"><span class='ocrx_word' id='word_1_307' title='bbox 558 2825 755 2865; x_wconf 84' lang='lat' dir='ltr'><strong>omnes</strong></span> <span class='ocrx_word' id='word_1_308' title='bbox 787 2807 1183 2863; x_wconf 85' lang='lat' dir='ltr'><strong>atlirmationes</strong></span> <span class='ocrx_word' id='word_1_309' title='bbox 1215 2820 1280 2860; x_wconf 90' lang='lat' dir='ltr'><strong>ac</strong></span> <span class='ocrx_word' id='word_1_310' title='bbox 1311 2804 1707 2876; x_wconf 84' lang='lat' dir='ltr'><strong>denegationes</strong></span> <span class='ocrx_word' id='word_1_311' title='bbox 1727 2845 1742 2870; x_wconf 91' lang='lat'><strong>,</strong></span> <span class='ocrx_word' id='word_1_312' title='bbox 1766 2819 1890 2874; x_wconf 65' lang='lat' dir='ltr'><strong>quae</strong></span> <span class='ocrx_word' id='word_1_313' title='bbox 1922 2800 2146 2872; x_wconf 86' lang='lat' dir='ltr'><strong>aliquod</strong></span> 
     </span>
    </p>
   </div>
   <div class='ocr_carea' id='block_1_45' title="bbox 559 2895 2149 2974">
    <p class='ocr_par' dir='ltr' id='par_1_45' title="bbox 559 2895 2149 2974">
     <span class='ocr_line' id='line_1_45' title="bbox 559 2895 2149 2974; baseline -0.006 -16"><span class='ocrx_word' id='word_1_314' title='bbox 559 2900 878 2974; x_wconf 76' lang='lat' dir='ltr'><strong>huiusmodi</strong></span> <span class='ocrx_word' id='word_1_315' title='bbox 906 2901 974 2956; x_wconf 90' lang='lat' dir='ltr'><strong>de</strong></span> <span class='ocrx_word' id='word_1_316' title='bbox 1005 2899 1093 2956; x_wconf 89' lang='lat' dir='ltr'><strong>his</strong></span> <span class='ocrx_word' id='word_1_317' title='bbox 1117 2915 1239 2970; x_wconf 85' lang='lat' dir='ltr'><strong>quae</strong></span> <span class='ocrx_word' id='word_1_318' title='bbox 1273 2915 1384 2954; x_wconf 91' lang='lat' dir='ltr'><strong>non</strong></span> <span class='ocrx_word' id='word_1_319' title='bbox 1421 2897 1668 2969; x_wconf 80' lang='lat' dir='ltr'><strong>ejusdem</strong></span> <span class='ocrx_word' id='word_1_320' title='bbox 1698 2895 1905 2966; x_wconf 88' lang='lat' dir='ltr'><strong>speciei</strong></span> <span class='ocrx_word' id='word_1_321' title='bbox 1938 2895 2024 2950; x_wconf 80' lang='lat' dir='ltr'><strong>vel</strong></span> <span class='ocrx_word' id='word_1_322' title='bbox 2053 2910 2149 2965; x_wconf 85' lang='lat' dir='ltr'><strong>ge-</strong></span> 
     </span>
    </p>
   </div>
   <div class='ocr_carea' id='block_1_46' title="bbox 560 2987 2147 3058">
    <p class='ocr_par' dir='ltr' id='par_1_46' title="bbox 560 2987 2147 3058">
     <span class='ocr_line' id='line_1_46' title="bbox 560 2987 2147 3058; baseline -0.006 -8"><span class='ocrx_word' id='word_1_323' title='bbox 560 2994 713 3050; x_wconf 86' lang='lat' dir='ltr'><strong>neris</strong></span> <span class='ocrx_word' id='word_1_324' title='bbox 729 3002 859 3049; x_wconf 89' lang='lat' dir='ltr'><strong>sunt</strong></span> <span class='ocrx_word' id='word_1_325' title='bbox 873 2992 1062 3048; x_wconf 87' lang='lat' dir='ltr'><strong>dicere</strong></span> <span class='ocrx_word' id='word_1_326' title='bbox 1081 2992 1430 3054; x_wconf 78' lang='lat' dir='ltr'><strong>viderentur,</strong></span> <span class='ocrx_word' id='word_1_327' title='bbox 1447 2990 1639 3045; x_wconf 75' lang='lat' dir='ltr'><strong>otiosae</strong></span> <span class='ocrx_word' id='word_1_328' title='bbox 1657 2987 2019 3058; x_wconf 58' lang='lat' dir='ltr'><strong>absurdaaque</strong></span> <span class='ocrx_word' id='word_1_329' title='bbox 2045 3002 2147 3057; x_wconf 88' lang='lat' dir='ltr'><strong>pro</strong></span> 
     </span>
    </p>
   </div>
   <div class='ocr_carea' id='block_1_47' title="bbox 560 3079 2146 3154">
    <p class='ocr_par' dir='ltr' id='par_1_47' title="bbox 560 3079 2146 3154">
     <span class='ocr_line' id='line_1_47' title="bbox 560 3079 2146 3154; baseline -0.003 -15"><span class='ocrx_word' id='word_1_330' title='bbox 560 3084 793 3154; x_wconf 66' lang='lat' dir='ltr'><strong>quaesito</strong></span> <span class='ocrx_word' id='word_1_331' title='bbox 820 3082 1116 3138; x_wconf 75' lang='lat' dir='ltr'><strong>trahentur.</strong></span> <span class='ocrx_word' id='word_1_332' title='bbox 1153 3080 1392 3137; x_wconf 85' lang='lat' dir='ltr'><strong>Perinde</strong></span> <span class='ocrx_word' id='word_1_333' title='bbox 1420 3095 1484 3136; x_wconf 89' lang='lat' dir='ltr'><strong>ac</strong></span> <span class='ocrx_word' id='word_1_334' title='bbox 1539 3079 1584 3135; x_wconf 90' lang='lat' dir='ltr'><strong>si</strong></span> <span class='ocrx_word' id='word_1_335' title='bbox 1624 3079 1857 3149; x_wconf 65' lang='lat' dir='ltr'><strong>quaesito</strong></span> <span class='ocrx_word' id='word_1_336' title='bbox 1910 3095 1981 3133; x_wconf 86' lang='lat' dir='ltr'><strong>an</strong></span> <span class='ocrx_word' id='word_1_337' title='bbox 2033 3094 2146 3134; x_wconf 91' lang='lat' dir='ltr'><strong>non</strong></span> 
     </span>
    </p>
   </div>
   <div class='ocr_carea' id='block_1_48' title="bbox 561 3171 2216 3280">
    <p class='ocr_par' dir='ltr' id='par_1_48' title="bbox 561 3171 2216 3280">
     <span class='ocr_line' id='line_1_48' title="bbox 561 3171 2216 3280; baseline -0.003 -49"><span class='ocrx_word' id='word_1_338' title='bbox 561 3176 854 3233; x_wconf 87' lang='lat' dir='ltr'><strong>rationalis</strong></span> <span class='ocrx_word' id='word_1_339' title='bbox 876 3175 947 3230; x_wconf 89' lang='lat' dir='ltr'><strong>sit</strong></span> <span class='ocrx_word' id='word_1_340' title='bbox 974 3175 1198 3237; x_wconf 84' lang='lat' dir='ltr'><strong>Paulus,</strong></span> <span class='ocrx_word' id='word_1_341' title='bbox 1229 3174 1335 3229; x_wconf 86' lang='lat' dir='ltr'><strong>hoc</strong></span> <span class='ocrx_word' id='word_1_342' title='bbox 1365 3172 1591 3244; x_wconf 89' lang='lat' dir='ltr'><strong>quidam</strong></span> <span class='ocrx_word' id='word_1_343' title='bbox 1622 3171 1891 3238; x_wconf 81' lang='lat' dir='ltr'><strong>festinans</strong></span> <span class='ocrx_word' id='word_1_344' title='bbox 1911 3171 2143 3226; x_wconf 84' lang='lat' dir='ltr'><strong>denion-</strong></span> <span class='ocrx_word' id='word_1_345' title='bbox 2172 3221 2216 3280; x_wconf 62' lang='grc' dir='ltr'><em>ε</em></span> 
     </span>
    </p>
   </div>
   <div class='ocr_carea' id='block_1_49' title="bbox 561 3265 2144 3330">
    <p class='ocr_par' dir='ltr' id='par_1_49' title="bbox 561 3265 2144 3330">
     <span class='ocr_line' id='line_1_49' title="bbox 561 3265 2144 3330; baseline -0.004 -6"><span class='ocrx_word' id='word_1_346' title='bbox 561 3280 740 3326; x_wconf 87' lang='lat' dir='ltr'><strong>strare</strong></span> <span class='ocrx_word' id='word_1_347' title='bbox 771 3270 888 3326; x_wconf 86' lang='lat' dir='ltr'><strong>sive</strong></span> <span class='ocrx_word' id='word_1_348' title='bbox 915 3285 1025 3323; x_wconf 89' lang='lat' dir='ltr'><strong>non</strong></span> <span class='ocrx_word' id='word_1_349' title='bbox 1078 3283 1200 3324; x_wconf 90' lang='lat' dir='ltr'><strong>esse</strong></span> <span class='ocrx_word' id='word_1_350' title='bbox 1255 3267 1578 3322; x_wconf 90' lang='lat' dir='ltr'><strong>rationalem</strong></span> <span class='ocrx_word' id='word_1_351' title='bbox 1603 3307 1619 3330; x_wconf 93' lang='lat'><strong>,</strong></span> <span class='ocrx_word' id='word_1_352' title='bbox 1668 3265 1881 3322; x_wconf 88' lang='lat' dir='ltr'><strong>diceret</strong></span> <span class='ocrx_word' id='word_1_353' title='bbox 1923 3279 2144 3320; x_wconf 91' lang='lat' dir='ltr'><strong>omnem</strong></span> 
     </span>
    </p>
   </div>
   <div class='ocr_carea' id='block_1_50' title="bbox 538 3358 2145 3433">
    <p class='ocr_par' dir='ltr' id='par_1_50' title="bbox 538 3358 2145 3433">
     <span class='ocr_line' id='line_1_50' title="bbox 538 3358 2145 3433; baseline -0.002 -16"><span class='ocrx_word' id='word_1_354' title='bbox 538 3361 804 3433; x_wconf 73' lang='lat' dir='ltr'><strong>lapidem</strong></span> <span class='ocrx_word' id='word_1_355' title='bbox 835 3375 1181 3433; x_wconf 23' lang='lat' dir='ltr'><strong>omnemque.</strong></span> <span class='ocrx_word' id='word_1_356' title='bbox 1213 3358 1610 3430; x_wconf 85' lang='lat' dir='ltr'><strong>nigritudinem</strong></span> <span class='ocrx_word' id='word_1_357' title='bbox 1662 3374 1774 3413; x_wconf 91' lang='lat' dir='ltr'><strong>non</strong></span> <span class='ocrx_word' id='word_1_358' title='bbox 1809 3373 1933 3415; x_wconf 89' lang='lat' dir='ltr'><strong>esse</strong></span> <span class='ocrx_word' id='word_1_359' title='bbox 1974 3359 2145 3415; x_wconf 90' lang='lat' dir='ltr'><strong>ratio—</strong></span> 
     </span>
    </p>
   </div>
   <div class='ocr_carea' id='block_1_51' title="bbox 561 3451 2147 3524">
    <p class='ocr_par' dir='ltr' id='par_1_51' title="bbox 561 3451 2147 3524">
     <span class='ocr_line' id='line_1_51' title="bbox 561 3451 2147 3524; baseline -0.001 -12"><span class='ocrx_word' id='word_1_360' title='bbox 561 3457 732 3520; x_wconf 84' lang='lat' dir='ltr'><strong>nalia,</strong></span> <span class='ocrx_word' id='word_1_361' title='bbox 778 3454 915 3509; x_wconf 90' lang='lat' dir='ltr'><strong>nihil</strong></span> <span class='ocrx_word' id='word_1_362' title='bbox 959 3454 1072 3508; x_wconf 92' lang='lat' dir='ltr'><strong>ullo</strong></span> <span class='ocrx_word' id='word_1_363' title='bbox 1119 3453 1283 3507; x_wconf 92' lang='lat' dir='ltr'><strong>modo</strong></span> <span class='ocrx_word' id='word_1_364' title='bbox 1311 3453 1594 3523; x_wconf 89' lang='lat' dir='ltr'><strong>proposito</strong></span> <span class='ocrx_word' id='word_1_365' title='bbox 1643 3451 1965 3523; x_wconf 85' lang='lat' dir='ltr'><strong>prodesset;</strong></span> <span class='ocrx_word' id='word_1_366' title='bbox 2022 3454 2147 3524; x_wconf 85' lang='lat' dir='ltr'><strong>jure</strong></span> 
     </span>
    </p>
   </div>
   <div class='ocr_carea' id='block_1_52' title="bbox 561 3545 2147 3621">
    <p class='ocr_par' dir='ltr' id='par_1_52' title="bbox 561 3545 2147 3621">
     <span class='ocr_line' id='line_1_52' title="bbox 561 3545 2147 3621; baseline -0.004 -16"><span class='ocrx_word' id='word_1_367' title='bbox 561 3565 696 3621; x_wconf 89' lang='lat' dir='ltr'><strong>ergo</strong></span> <span class='ocrx_word' id='word_1_368' title='bbox 749 3547 818 3603; x_wconf 89' lang='lat' dir='ltr'><strong>de</strong></span> <span class='ocrx_word' id='word_1_369' title='bbox 869 3547 975 3603; x_wconf 90' lang='lat' dir='ltr'><strong>hoc</strong></span> <span class='ocrx_word' id='word_1_370' title='bbox 1034 3545 1346 3611; x_wconf 88' lang='lat' dir='ltr'><strong>rideretur,</strong></span> <span class='ocrx_word' id='word_1_371' title='bbox 1394 3561 1521 3602; x_wconf 90' lang='lat' dir='ltr'><strong>cum</strong></span> <span class='ocrx_word' id='word_1_372' title='bbox 1575 3546 1878 3617; x_wconf 88' lang='lat' dir='ltr'><strong>generatim</strong></span> <span class='ocrx_word' id='word_1_373' title='bbox 1920 3545 2147 3617; x_wconf 90' lang='lat' dir='ltr'><strong>quidem</strong></span> 
     </span>
    </p>
   </div>
   <div class='ocr_carea' id='block_1_53' title="bbox 565 3638 2148 3710">
    <p class='ocr_par' dir='ltr' id='par_1_53' title="bbox 565 3638 2148 3710">
     <span class='ocr_line' id='line_1_53' title="bbox 565 3638 2148 3710; baseline -0.001 -14"><span class='ocrx_word' id='word_1_374' title='bbox 565 3641 801 3696; x_wconf 83' lang='lat' dir='ltr'><strong>afﬁrmet</strong></span> <span class='ocrx_word' id='word_1_375' title='bbox 831 3638 1128 3710; x_wconf 87' lang='lat' dir='ltr'><strong>quemdam</strong></span> <span class='ocrx_word' id='word_1_376' title='bbox 1179 3654 1293 3694; x_wconf 91' lang='lat' dir='ltr'><strong>non</strong></span> <span class='ocrx_word' id='word_1_377' title='bbox 1344 3655 1466 3696; x_wconf 89' lang='lat' dir='ltr'><strong>esse</strong></span> <span class='ocrx_word' id='word_1_378' title='bbox 1521 3640 1848 3696; x_wconf 83' lang='lat' dir='ltr'><strong>rationalem</strong></span> <span class='ocrx_word' id='word_1_379' title='bbox 1887 3640 1984 3696; x_wconf 89' lang='lat' dir='ltr'><strong>sed</strong></span> <span class='ocrx_word' id='word_1_380' title='bbox 2036 3655 2148 3696; x_wconf 90' lang='lat' dir='ltr'><strong>non</strong></span> 
     </span>
    </p>
   </div>
   <div class='ocr_carea' id='block_1_54' title="bbox 563 3732 1072 3804">
    <p class='ocr_par' dir='ltr' id='par_1_54' title="bbox 563 3732 1072 3804">
     <span class='ocr_line' id='line_1_54' title="bbox 563 3732 1072 3804; baseline -0.002 -16"><span class='ocrx_word' id='word_1_381' title='bbox 563 3732 813 3804; x_wconf 88' lang='lat' dir='ltr'><strong>ejusdem</strong></span> <span class='ocrx_word' id='word_1_382' title='bbox 842 3732 1072 3802; x_wconf 87' lang='lat' dir='ltr'><strong>speciei.</strong></span> 
     </span>
    </p>
   </div>
   <div class='ocr_carea' id='block_1_55' title="bbox 635 3826 2150 3898">
    <p class='ocr_par' dir='ltr' id='par_1_55' title="bbox 635 3826 2150 3898">
     <span class='ocr_line' id='line_1_55' title="bbox 635 3826 2150 3898; baseline 0.001 -18"><span class='ocrx_word' id='word_1_383' title='bbox 635 3826 884 3882; x_wconf 87' lang='lat' dir='ltr'><strong>Dicimus</strong></span> <span class='ocrx_word' id='word_1_384' title='bbox 907 3827 1072 3898; x_wconf 80' lang='lat' dir='ltr'><strong>igitur</strong></span> <span class='ocrx_word' id='word_1_385' title='bbox 1093 3843 1317 3898; x_wconf 86' lang='lat' dir='ltr'><strong>quoque</strong></span> <span class='ocrx_word' id='word_1_386' title='bbox 1341 3826 1785 3898; x_wconf 85' lang='lat' dir='ltr'><strong>nobismetipsis:</strong></span> <span class='ocrx_word' id='word_1_387' title='bbox 1809 3826 2002 3882; x_wconf 91' lang='lat' dir='ltr'><strong>Omnis</strong></span> <span class='ocrx_word' id='word_1_388' title='bbox 2022 3842 2150 3898; x_wconf 88' lang='lat' dir='ltr'><strong>pars</strong></span> 
     </span>
    </p>
   </div>
   <div class='ocr_carea' id='block_1_56' title="bbox 565 3920 2151 3990">
    <p class='ocr_par' dir='ltr' id='par_1_56' title="bbox 565 3920 2151 3990">
     <span class='ocr_line' id='line_1_56' title="bbox 565 3920 2151 3990; baseline -0.001 -12"><span class='ocrx_word' id='word_1_389' title='bbox 565 3937 667 3978; x_wconf 90' lang='lat' dir='ltr'><strong>suo</strong></span> <span class='ocrx_word' id='word_1_390' title='bbox 685 3930 800 3978; x_wconf 88' lang='lat' dir='ltr'><strong>toto</strong></span> <span class='ocrx_word' id='word_1_391' title='bbox 819 3921 1002 3977; x_wconf 89' lang='lat' dir='ltr'><strong>minor</strong></span> <span class='ocrx_word' id='word_1_392' title='bbox 1022 3929 1142 3988; x_wconf 84' lang='lat' dir='ltr'><strong>est;</strong></span> <span class='ocrx_word' id='word_1_393' title='bbox 1176 3922 1222 3977; x_wconf 89' lang='lat' dir='ltr'><strong>si</strong></span> <span class='ocrx_word' id='word_1_394' title='bbox 1249 3931 1436 3977; x_wconf 86' lang='lat' dir='ltr'><strong>autem</strong></span> <span class='ocrx_word' id='word_1_395' title='bbox 1466 3921 1726 3977; x_wconf 85' lang='lat' dir='ltr'><strong>omnibus</strong></span> <span class='ocrx_word' id='word_1_396' title='bbox 1747 3920 1999 3990; x_wconf 88' lang='lat' dir='ltr'><strong>partibus</strong></span> <span class='ocrx_word' id='word_1_397' title='bbox 2027 3935 2151 3990; x_wconf 70' lang='lat' dir='ltr'><strong>qua:</strong></span> 
     </span>
    </p>
   </div>
   <div class='ocr_carea' id='block_1_57' title="bbox 567 4012 2150 4086">
    <p class='ocr_par' dir='ltr' id='par_1_57' title="bbox 567 4012 2150 4086">
     <span class='ocr_line' id='line_1_57' title="bbox 567 4012 2150 4086; baseline -0.001 -17"><span class='ocrx_word' id='word_1_398' title='bbox 567 4013 839 4069; x_wconf 92' lang='lat' dir='ltr'><strong>uniuntur</strong></span> <span class='ocrx_word' id='word_1_399' title='bbox 882 4016 1058 4086; x_wconf 90' lang='lat' dir='ltr'><strong>majus</strong></span> <span class='ocrx_word' id='word_1_400' title='bbox 1109 4023 1286 4070; x_wconf 91' lang='lat' dir='ltr'><strong>totum</strong></span> <span class='ocrx_word' id='word_1_401' title='bbox 1319 4015 1638 4085; x_wconf 83' lang='lat' dir='ltr'><strong>agnoscitur</strong></span> <span class='ocrx_word' id='word_1_402' title='bbox 1664 4055 1679 4080; x_wconf 97' lang='lat'><strong>,</strong></span> <span class='ocrx_word' id='word_1_403' title='bbox 1742 4014 1959 4084; x_wconf 87' lang='lat' dir='ltr'><strong>hocque</strong></span> <span class='ocrx_word' id='word_1_404' title='bbox 2002 4012 2150 4083; x_wconf 92' lang='lat' dir='ltr'><strong>quod</strong></span> 
     </span>
    </p>
   </div>
   <div class='ocr_carea' id='block_1_58' title="bbox 563 4105 2151 4178">
    <p class='ocr_par' dir='ltr' id='par_1_58' title="bbox 563 4105 2151 4178">
     <span class='ocr_line' id='line_1_58' title="bbox 563 4105 2151 4178; baseline -0.002 -17"><span class='ocrx_word' id='word_1_405' title='bbox 563 4105 810 4177; x_wconf 81' lang='lat' dir='ltr'><strong>ejusdem</strong></span> <span class='ocrx_word' id='word_1_406' title='bbox 848 4107 1070 4178; x_wconf 84' lang='lat' dir='ltr'><strong>generis</strong></span> <span class='ocrx_word' id='word_1_407' title='bbox 1123 4106 1438 4177; x_wconf 84' lang='lat' dir='ltr'><strong>specieique</strong></span> <span class='ocrx_word' id='word_1_408' title='bbox 1477 4121 1542 4160; x_wconf 91' lang='lat' dir='ltr'><strong>ac</strong></span> <span class='ocrx_word' id='word_1_409' title='bbox 1599 4107 1705 4160; x_wconf 86' lang='lat' dir='ltr'><strong>illae</strong></span> <span class='ocrx_word' id='word_1_410' title='bbox 1751 4106 1938 4160; x_wconf 87' lang='lat' dir='ltr'><strong>dicitis</strong></span> <span class='ocrx_word' id='word_1_411' title='bbox 1975 4105 2151 4160; x_wconf 90' lang='lat' dir='ltr'><strong>Deum</strong></span> 
     </span>
    </p>
   </div>
   <div class='ocr_carea' id='block_1_59' title="bbox 565 4182 2154 4268">
    <p class='ocr_par' dir='ltr' id='par_1_59' title="bbox 565 4182 2154 4268">
     <span class='ocr_line' id='line_1_59' title="bbox 565 4182 2154 4268; baseline -0.003 -12"><span class='ocrx_word' id='word_1_412' title='bbox 565 4182 808 4256; x_wconf 86' lang='lat' dir='ltr'><strong>Verbum</strong></span> <span class='ocrx_word' id='word_1_413' title='bbox 839 4215 984 4264; x_wconf 84' lang='lat' dir='ltr'><strong>esse,</strong></span> <span class='ocrx_word' id='word_1_414' title='bbox 1015 4201 1214 4255; x_wconf 90' lang='lat' dir='ltr'><strong>merito</strong></span> <span class='ocrx_word' id='word_1_415' title='bbox 1253 4215 1325 4254; x_wconf 81' lang='lat' dir='ltr'><strong>ex</strong></span> <span class='ocrx_word' id='word_1_416' title='bbox 1374 4199 1618 4268; x_wconf 83' lang='lat' dir='ltr'><strong>generali</strong></span> <span class='ocrx_word' id='word_1_417' title='bbox 1653 4197 2016 4253; x_wconf 76' lang='lat' dir='ltr'><strong>atlirmatione</strong></span> <span class='ocrx_word' id='word_1_418' title='bbox 2045 4197 2154 4267; x_wconf 89' lang='lat' dir='ltr'><strong>ipsi</strong></span> 
     </span>
    </p>
   </div>
   <div class='ocr_carea' id='block_1_60' title="bbox 565 4289 2153 4362">
    <p class='ocr_par' dir='ltr' id='par_1_60' title="bbox 565 4289 2153 4362">
     <span class='ocr_line' id='line_1_60' title="bbox 565 4289 2153 4362; baseline -0.002 -15"><span class='ocrx_word' id='word_1_419' title='bbox 565 4292 818 4347; x_wconf 91' lang='lat' dir='ltr'><strong>eamdem</strong></span> <span class='ocrx_word' id='word_1_420' title='bbox 857 4292 1265 4347; x_wconf 89' lang='lat' dir='ltr'><strong>accusationem</strong></span> <span class='ocrx_word' id='word_1_421' title='bbox 1297 4291 1617 4362; x_wconf 89' lang='lat' dir='ltr'><strong>imputatis,</strong></span> <span class='ocrx_word' id='word_1_422' title='bbox 1653 4289 1729 4344; x_wconf 90' lang='lat' dir='ltr'><strong>ita</strong></span> <span class='ocrx_word' id='word_1_423' title='bbox 1776 4299 1836 4346; x_wconf 91' lang='lat' dir='ltr'><strong>ut</strong></span> <span class='ocrx_word' id='word_1_424' title='bbox 1891 4297 2153 4358; x_wconf 89' lang='lat' dir='ltr'><strong>tanquam</strong></span> 
     </span>
    </p>
   </div>
   <div class='ocr_carea' id='block_1_61' title="bbox 567 4381 2154 4456">
    <p class='ocr_par' dir='ltr' id='par_1_61' title="bbox 567 4381 2154 4456">
     <span class='ocr_line' id='line_1_61' title="bbox 567 4381 2154 4456; baseline -0.002 -15"><span class='ocrx_word' id='word_1_425' title='bbox 567 4386 755 4441; x_wconf 87' lang='lat' dir='ltr'><strong>omnia</strong></span> <span class='ocrx_word' id='word_1_426' title='bbox 788 4383 1037 4456; x_wconf 87' lang='lat' dir='ltr'><strong>ejusdem</strong></span> <span class='ocrx_word' id='word_1_427' title='bbox 1077 4383 1298 4456; x_wconf 87' lang='lat' dir='ltr'><strong>generis</strong></span> <span class='ocrx_word' id='word_1_428' title='bbox 1343 4399 1408 4439; x_wconf 94' lang='lat' dir='ltr'><strong>ac</strong></span> <span class='ocrx_word' id='word_1_429' title='bbox 1446 4381 1653 4453; x_wconf 89' lang='lat' dir='ltr'><strong>speciei</strong></span> <span class='ocrx_word' id='word_1_430' title='bbox 1683 4397 1812 4452; x_wconf 87' lang='lat' dir='ltr'><strong>pars</strong></span> <span class='ocrx_word' id='word_1_431' title='bbox 1846 4382 2046 4448; x_wconf 81' lang='lat' dir='ltr'><strong>factus,</strong></span> <span class='ocrx_word' id='word_1_432' title='bbox 2078 4383 2154 4438; x_wconf 83' lang='lat' dir='ltr'><strong>si-</strong></span> 
     </span>
    </p>
   </div>
   <div class='ocr_carea' id='block_1_62' title="bbox 568 4475 2154 4550">
    <p class='ocr_par' dir='ltr' id='par_1_62' title="bbox 568 4475 2154 4550">
     <span class='ocr_line' id='line_1_62' title="bbox 568 4475 2154 4550; baseline -0.002 -16"><span class='ocrx_word' id='word_1_433' title='bbox 568 4479 778 4534; x_wconf 89' lang='lat' dir='ltr'><strong>militer</strong></span> <span class='ocrx_word' id='word_1_434' title='bbox 825 4479 1186 4550; x_wconf 89' lang='lat' dir='ltr'><strong>semetipsum</strong></span> <span class='ocrx_word' id='word_1_435' title='bbox 1222 4477 1428 4533; x_wconf 89' lang='lat' dir='ltr'><strong>habere</strong></span> <span class='ocrx_word' id='word_1_436' title='bbox 1462 4475 1609 4546; x_wconf 86' lang='lat' dir='ltr'><strong>apud</strong></span> <span class='ocrx_word' id='word_1_437' title='bbox 1641 4491 1812 4532; x_wconf 89' lang='lat' dir='ltr'><strong>suum</strong></span> <span class='ocrx_word' id='word_1_438' title='bbox 1853 4484 2027 4531; x_wconf 92' lang='lat' dir='ltr'><strong>totum</strong></span> <span class='ocrx_word' id='word_1_439' title='bbox 2063 4491 2154 4531; x_wconf 89' lang='lat' dir='ltr'><strong>re-</strong></span> 
     </span>
    </p>
   </div>
   <div class='ocr_carea' id='block_1_63' title="bbox 2252 1979 3849 2055">
    <p class='ocr_par' dir='ltr' id='par_1_63' title="bbox 2252 1979 3849 2055">
     <span class='ocr_line' id='line_1_63' title="bbox 2252 1979 3849 2055; baseline 0.004 -23"><span class='ocrx_word' id='word_1_440' title='bbox 2252 1996 2418 2049; x_wconf 90' lang='grc' dir='ltr'>μενον</span> <span class='ocrx_word' id='word_1_441' title='bbox 2449 1979 2480 2051; x_wconf 82' lang='grc' dir='ltr'>ἦ</span> <span class='ocrx_word' id='word_1_442' title='bbox 2529 1982 2870 2052; x_wconf 81' lang='grc' dir='ltr'>παραϐαἶνον</span> <span class='ocrx_word' id='word_1_443' title='bbox 2899 1983 2992 2036; x_wconf 79' lang='grc' dir='ltr'><strong>τὸν</strong></span> <span class='ocrx_word' id='word_1_444' title='bbox 3022 1983 3182 2052; x_wconf 89' lang='grc' dir='ltr'>λόγον</span> <span class='ocrx_word' id='word_1_445' title='bbox 3226 1984 3335 2038; x_wconf 85' lang='grc' dir='ltr'><strong>τῶν</strong></span> <span class='ocrx_word' id='word_1_446' title='bbox 3360 1985 3628 2055; x_wconf 75' lang='grc' dir='ltr'>ὁμοφυῶν</span> <span class='ocrx_word' id='word_1_447' title='bbox 3657 1985 3849 2038; x_wconf 75' lang='grc' dir='ltr'>αὑτοῦ.</span> 
     </span>
    </p>
   </div>
   <div class='ocr_carea' id='block_1_64' title="bbox 2251 2066 3853 2145">
    <p class='ocr_par' dir='ltr' id='par_1_64' title="bbox 2251 2066 3853 2145">
     <span class='ocr_line' id='line_1_64' title="bbox 2251 2066 3853 2145; baseline 0.004 -22"><span class='ocrx_word' id='word_1_448' title='bbox 2251 2066 2379 2124; x_wconf 75' lang='grc' dir='ltr'>Οἷον</span> <span class='ocrx_word' id='word_1_449' title='bbox 2406 2074 2454 2126; x_wconf 81' lang='grc' dir='ltr'>εἰ</span> <span class='ocrx_word' id='word_1_450' title='bbox 2487 2073 2614 2144; x_wconf 77' lang='grc' dir='ltr'>περὶ</span> <span class='ocrx_word' id='word_1_451' title='bbox 2653 2073 2869 2127; x_wconf 79' lang='grc' dir='ltr'>Παύλου</span> <span class='ocrx_word' id='word_1_452' title='bbox 2899 2074 2994 2128; x_wconf 86' lang='grc' dir='ltr'><strong>τοῦ</strong></span> <span class='ocrx_word' id='word_1_453' title='bbox 3023 2074 3318 2142; x_wconf 86' lang='grc' dir='ltr'>ἀνθρώπου</span> <span class='ocrx_word' id='word_1_454' title='bbox 3357 2075 3582 2145; x_wconf 81' lang='grc' dir='ltr'>ζητοῖτο</span> <span class='ocrx_word' id='word_1_455' title='bbox 3629 2077 3682 2128; x_wconf 75' lang='grc' dir='ltr'>εἰ</span> <span class='ocrx_word' id='word_1_456' title='bbox 3713 2075 3853 2139; x_wconf 71' lang='grc' dir='ltr'>ζῶόν</span> 
     </span>
    </p>
   </div>
   <div class='ocr_carea' id='block_1_65' title="bbox 2247 2165 3851 2237">
    <p class='ocr_par' dir='ltr' id='par_1_65' title="bbox 2247 2165 3851 2237">
     <span class='ocr_line' id='line_1_65' title="bbox 2247 2165 3851 2237; baseline 0.002 -20"><span class='ocrx_word' id='word_1_457' title='bbox 2247 2165 2428 2228; x_wconf 76' lang='grc' dir='ltr'>ἐστιν,</span> <span class='ocrx_word' id='word_1_458' title='bbox 2455 2167 2489 2237; x_wconf 81' lang='grc' dir='ltr'>ἡ</span> <span class='ocrx_word' id='word_1_459' title='bbox 2538 2166 2660 2220; x_wconf 79' lang='grc' dir='ltr'>καθ’</span> <span class='ocrx_word' id='word_1_460' title='bbox 2692 2167 2815 2220; x_wconf 83' lang='grc' dir='ltr'>ὅλου</span> <span class='ocrx_word' id='word_1_461' title='bbox 2847 2169 3158 2236; x_wconf 74' lang='grc' dir='ltr'>κατάφασις</span> <span class='ocrx_word' id='word_1_462' title='bbox 3197 2167 3291 2222; x_wconf 91' lang='grc' dir='ltr'><strong>τοῦ</strong></span> <span class='ocrx_word' id='word_1_463' title='bbox 3329 2168 3508 2232; x_wconf 83' lang='grc' dir='ltr'>εἴδους</span> <span class='ocrx_word' id='word_1_464' title='bbox 3551 2167 3851 2237; x_wconf 70' lang='grc' dir='ltr'>φάσκουσα</span> 
     </span>
    </p>
   </div>
   <div class='ocr_carea' id='block_1_66' title="bbox 2248 2255 3850 2334">
    <p class='ocr_par' dir='ltr' id='par_1_66' title="bbox 2248 2255 3850 2334">
     <span class='ocr_line' id='line_1_66' title="bbox 2248 2255 3850 2334; baseline 0.001 -22"><span class='ocrx_word' id='word_1_465' title='bbox 2248 2260 2426 2314; x_wconf 85' lang='grc' dir='ltr'>πάντα</span> <span class='ocrx_word' id='word_1_466' title='bbox 2453 2259 2742 2330; x_wconf 83' lang='grc' dir='ltr'>ἄνθρωπον</span> <span class='ocrx_word' id='word_1_467' title='bbox 2757 2255 2903 2324; x_wconf 69' lang='grc' dir='ltr'>ζῶον</span> <span class='ocrx_word' id='word_1_468' title='bbox 2933 2257 3079 2317; x_wconf 81' lang='grc' dir='ltr'>εἶναι</span> <span class='ocrx_word' id='word_1_469' title='bbox 3106 2261 3468 2333; x_wconf 79' lang='grc' dir='ltr'>χρησιμεύσοι</span> <span class='ocrx_word' id='word_1_470' title='bbox 3491 2261 3558 2315; x_wconf 80' lang='grc' dir='ltr'>ἂν</span> <span class='ocrx_word' id='word_1_471' title='bbox 3581 2262 3726 2334; x_wconf 69' lang='grc' dir='ltr'>πρὸς</span> <span class='ocrx_word' id='word_1_472' title='bbox 3753 2262 3850 2333; x_wconf 75' lang='grc' dir='ltr'>τὴν</span> 
     </span>
    </p>
   </div>
   <div class='ocr_carea' id='block_1_67' title="bbox 2248 2354 3852 2429">
    <p class='ocr_par' dir='ltr' id='par_1_67' title="bbox 2248 2354 3852 2429">
     <span class='ocr_line' id='line_1_67' title="bbox 2248 2354 3852 2429; baseline 0.002 -20"><span class='ocrx_word' id='word_1_473' title='bbox 2248 2356 2600 2426; x_wconf 77' lang='grc' dir='ltr'>κατασκευὴν</span> <span class='ocrx_word' id='word_1_474' title='bbox 2636 2354 2733 2410; x_wconf 87' lang='grc' dir='ltr'><strong>τοῦ</strong></span> <span class='ocrx_word' id='word_1_475' title='bbox 2763 2356 3123 2428; x_wconf 82' lang='grc' dir='ltr'>ζητουμένου.</span> <span class='ocrx_word' id='word_1_476' title='bbox 3174 2357 3410 2429; x_wconf 85' lang='grc' dir='ltr'>Ὁμοίως</span> <span class='ocrx_word' id='word_1_477' title='bbox 3437 2357 3496 2411; x_wconf 81' lang='grc' dir='ltr'><strong>δὲ</strong></span> <span class='ocrx_word' id='word_1_478' title='bbox 3534 2357 3633 2412; x_wconf 73' lang='grc' dir='ltr'><strong>καὶ</strong></span> <span class='ocrx_word' id='word_1_479' title='bbox 3663 2359 3852 2423; x_wconf 78' lang='grc' dir='ltr'>ἐξετα-</span> 
     </span>
    </p>
   </div>
   <div class='ocr_carea' id='block_1_68' title="bbox 2248 2445 3848 2520">
    <p class='ocr_par' dir='ltr' id='par_1_68' title="bbox 2248 2445 3848 2520">
     <span class='ocr_line' id='line_1_68' title="bbox 2248 2445 3848 2520; baseline 0.001 -18"><span class='ocrx_word' id='word_1_480' title='bbox 2248 2447 2478 2517; x_wconf 79' lang='grc' dir='ltr'>ζομένου</span> <span class='ocrx_word' id='word_1_481' title='bbox 2521 2450 2654 2520; x_wconf 75' lang='grc' dir='ltr'>ἡμῖν</span> <span class='ocrx_word' id='word_1_482' title='bbox 2693 2452 2742 2502; x_wconf 79' lang='grc' dir='ltr'><strong>εί</strong></span> <span class='ocrx_word' id='word_1_483' title='bbox 2789 2448 3004 2514; x_wconf 84' lang='grc' dir='ltr'>Παῦλος</span> <span class='ocrx_word' id='word_1_484' title='bbox 3044 2445 3200 2514; x_wconf 76' lang='grc' dir='ltr'>οὗτος</span> <span class='ocrx_word' id='word_1_485' title='bbox 3229 2449 3290 2503; x_wconf 81' lang='grc' dir='ltr'><strong>τὸ</strong></span> <span class='ocrx_word' id='word_1_486' title='bbox 3317 2449 3458 2514; x_wconf 81' lang='grc' dir='ltr'>ζῶον</span> <span class='ocrx_word' id='word_1_487' title='bbox 3503 2451 3670 2505; x_wconf 80' lang='grc' dir='ltr'>οὐσία</span> <span class='ocrx_word' id='word_1_488' title='bbox 3705 2453 3848 2514; x_wconf 80' lang='grc' dir='ltr'>ἐστὶ,</span> 
     </span>
    </p>
   </div>
   <div class='ocr_carea' id='block_1_69' title="bbox 2247 2540 3846 2612">
    <p class='ocr_par' dir='ltr' id='par_1_69' title="bbox 2247 2540 3846 2612">
     <span class='ocr_line' id='line_1_69' title="bbox 2247 2540 3846 2612; baseline 0.003 -20"><span class='ocrx_word' id='word_1_489' title='bbox 2247 2540 2558 2612; x_wconf 81' lang='grc' dir='ltr'>πρόσφορος</span> <span class='ocrx_word' id='word_1_490' title='bbox 2597 2541 2687 2611; x_wconf 76' lang='grc' dir='ltr'><strong>εἴη</strong></span> <span class='ocrx_word' id='word_1_491' title='bbox 2736 2541 2802 2596; x_wconf 81' lang='grc' dir='ltr'><strong>ἂν</strong></span> <span class='ocrx_word' id='word_1_492' title='bbox 2849 2544 2882 2612; x_wconf 78' lang='grc' dir='ltr'><strong>ἡ</strong></span> <span class='ocrx_word' id='word_1_493' title='bbox 2930 2542 3162 2596; x_wconf 84' lang='grc' dir='ltr'>καθόλου</span> <span class='ocrx_word' id='word_1_494' title='bbox 3201 2543 3510 2610; x_wconf 77' lang='grc' dir='ltr'>κατάφασις</span> <span class='ocrx_word' id='word_1_495' title='bbox 3534 2543 3846 2611; x_wconf 81' lang='grc' dir='ltr'>φάσκουσα·</span> 
     </span>
    </p>
   </div>
   <div class='ocr_carea' id='block_1_70' title="bbox 2247 2634 3848 2707">
    <p class='ocr_par' dir='ltr' id='par_1_70' title="bbox 2247 2634 3848 2707">
     <span class='ocr_line' id='line_1_70' title="bbox 2247 2634 3848 2707; baseline 0.002 -20"><span class='ocrx_word' id='word_1_496' title='bbox 2247 2634 2366 2687; x_wconf 84' lang='grc' dir='ltr'>Πᾶν</span> <span class='ocrx_word' id='word_1_497' title='bbox 2397 2634 2536 2698; x_wconf 82' lang='grc' dir='ltr'>ζῶον</span> <span class='ocrx_word' id='word_1_498' title='bbox 2575 2634 2754 2688; x_wconf 80' lang='grc' dir='ltr'>οὐσία.</span> <span class='ocrx_word' id='word_1_499' title='bbox 2789 2635 2852 2688; x_wconf 83' lang='lat' dir='ltr'><strong>El</strong></span> <span class='ocrx_word' id='word_1_500' title='bbox 2883 2634 2942 2687; x_wconf 83' lang='grc' dir='ltr'><strong>δὲ</strong></span> <span class='ocrx_word' id='word_1_501' title='bbox 2975 2635 3328 2705; x_wconf 82' lang='grc' dir='ltr'>έτερογενοῦς</span> <span class='ocrx_word' id='word_1_502' title='bbox 3349 2652 3497 2698; x_wconf 86' lang='grc' dir='ltr'>τινος</span> <span class='ocrx_word' id='word_1_503' title='bbox 3529 2637 3562 2706; x_wconf 80' lang='grc' dir='ltr'><strong>ἢ</strong></span> <span class='ocrx_word' id='word_1_504' title='bbox 3607 2637 3848 2707; x_wconf 75' lang='grc' dir='ltr'>ἑτεροει-</span> 
     </span>
    </p>
   </div>
   <div class='ocr_carea' id='block_1_71' title="bbox 2246 2724 3850 2798">
    <p class='ocr_par' dir='ltr' id='par_1_71' title="bbox 2246 2724 3850 2798">
     <span class='ocr_line' id='line_1_71' title="bbox 2246 2724 3850 2798; baseline 0.001 -18"><span class='ocrx_word' id='word_1_505' title='bbox 2246 2724 2371 2787; x_wconf 87' lang='grc' dir='ltr'>δοῦς</span> <span class='ocrx_word' id='word_1_506' title='bbox 2418 2724 2649 2797; x_wconf 80' lang='grc' dir='ltr'>ζήτησις</span> <span class='ocrx_word' id='word_1_507' title='bbox 2696 2727 3006 2798; x_wconf 84' lang='grc' dir='ltr'>πρόκειται,</span> <span class='ocrx_word' id='word_1_508' title='bbox 3056 2729 3227 2779; x_wconf 83' lang='grc' dir='ltr'>πᾶσαι</span> <span class='ocrx_word' id='word_1_509' title='bbox 3253 2727 3312 2779; x_wconf 77' lang='grc' dir='ltr'>αἱ</span> <span class='ocrx_word' id='word_1_510' title='bbox 3355 2727 3706 2795; x_wconf 82' lang='grc' dir='ltr'>καταφάσεις</span> <span class='ocrx_word' id='word_1_511' title='bbox 3753 2729 3850 2782; x_wconf 78' lang='grc' dir='ltr'><strong>καὶ</strong></span> 
     </span>
    </p>
   </div>
   <div class='ocr_carea' id='block_1_72' title="bbox 2247 2816 3848 2894">
    <p class='ocr_par' dir='ltr' id='par_1_72' title="bbox 2247 2816 3848 2894">
     <span class='ocr_line' id='line_1_72' title="bbox 2247 2816 3848 2894; baseline 0 -20"><span class='ocrx_word' id='word_1_512' title='bbox 2247 2820 2590 2891; x_wconf 79' lang='grc' dir='ltr'>ἀποφάσεις,</span> <span class='ocrx_word' id='word_1_513' title='bbox 2623 2820 2746 2874; x_wconf 87' lang='grc' dir='ltr'>ὅσαι</span> <span class='ocrx_word' id='word_1_514' title='bbox 2799 2819 2865 2874; x_wconf 79' lang='grc' dir='ltr'><strong>ἂν</strong></span> <span class='ocrx_word' id='word_1_515' title='bbox 2910 2816 3021 2874; x_wconf 79' lang='grc' dir='ltr'>εἶεν</span> <span class='ocrx_word' id='word_1_516' title='bbox 3068 2821 3144 2890; x_wconf 80' lang='grc' dir='ltr'>μὴ</span> <span class='ocrx_word' id='word_1_517' title='bbox 3177 2822 3312 2890; x_wconf 70' lang='grc' dir='ltr'>περὶ</span> <span class='ocrx_word' id='word_1_518' title='bbox 3353 2821 3465 2874; x_wconf 86' lang='grc' dir='ltr'><strong>τῶν</strong></span> <span class='ocrx_word' id='word_1_519' title='bbox 3506 2822 3778 2892; x_wconf 79' lang='grc' dir='ltr'>ὁμοειδῶν</span> <span class='ocrx_word' id='word_1_520' title='bbox 3816 2823 3848 2894; x_wconf 79' lang='grc' dir='ltr'>ἦ</span> 
     </span>
    </p>
   </div>
   <div class='ocr_carea' id='block_1_73' title="bbox 2245 2912 3852 2985">
    <p class='ocr_par' dir='ltr' id='par_1_73' title="bbox 2245 2912 3852 2985">
     <span class='ocr_line' id='line_1_73' title="bbox 2245 2912 3852 2985; baseline 0.001 -18"><span class='ocrx_word' id='word_1_521' title='bbox 2245 2913 2529 2985; x_wconf 82' lang='grc' dir='ltr'>ὁμογενῶν</span> <span class='ocrx_word' id='word_1_522' title='bbox 2561 2912 2679 2967; x_wconf 83' lang='grc' dir='ltr'>τόδε</span> <span class='ocrx_word' id='word_1_523' title='bbox 2714 2931 2766 2966; x_wconf 85' lang='grc' dir='ltr'><strong>τι</strong></span> <span class='ocrx_word' id='word_1_524' title='bbox 2814 2912 3097 2981; x_wconf 81' lang='grc' dir='ltr'>λέγουσαι,</span> <span class='ocrx_word' id='word_1_525' title='bbox 3121 2913 3290 2984; x_wconf 75' lang='grc' dir='ltr'>ἀργαὶ</span> <span class='ocrx_word' id='word_1_526' title='bbox 3312 2913 3409 2967; x_wconf 75' lang='grc' dir='ltr'><strong>καὶ</strong></span> <span class='ocrx_word' id='word_1_527' title='bbox 3438 2913 3692 2984; x_wconf 81' lang='grc' dir='ltr'>ἀνόνητοι</span> <span class='ocrx_word' id='word_1_528' title='bbox 3712 2914 3852 2969; x_wconf 75' lang='grc' dir='ltr'>καθο</span> 
     </span>
    </p>
   </div>
   <div class='ocr_carea' id='block_1_74' title="bbox 2246 3001 3848 3076">
    <p class='ocr_par' dir='ltr' id='par_1_74' title="bbox 2246 3001 3848 3076">
     <span class='ocr_line' id='line_1_74' title="bbox 2246 3001 3848 3076; baseline 0.001 -18"><span class='ocrx_word' id='word_1_529' title='bbox 2246 3005 2516 3076; x_wconf 69' lang='grc' dir='ltr'>εστῆκασι</span> <span class='ocrx_word' id='word_1_530' title='bbox 2537 3005 2675 3076; x_wconf 81' lang='grc' dir='ltr'>πρὸς</span> <span class='ocrx_word' id='word_1_531' title='bbox 2699 3003 2762 3056; x_wconf 83' lang='grc' dir='ltr'>τὸ</span> <span class='ocrx_word' id='word_1_532' title='bbox 2799 3003 3154 3076; x_wconf 79' lang='grc' dir='ltr'>ζητούμενον.</span> <span class='ocrx_word' id='word_1_533' title='bbox 3181 3001 3308 3058; x_wconf 80' lang='grc' dir='ltr'>Οῖον</span> <span class='ocrx_word' id='word_1_534' title='bbox 3331 3004 3668 3076; x_wconf 76' lang='grc' dir='ltr'>ζητουμένου</span> <span class='ocrx_word' id='word_1_535' title='bbox 3708 3007 3760 3059; x_wconf 76' lang='grc' dir='ltr'><strong>εἰ</strong></span> <span class='ocrx_word' id='word_1_536' title='bbox 3785 3008 3848 3059; x_wconf 70' lang='grc' dir='ltr'>οὗ</span> 
     </span>
    </p>
   </div>
   <div class='ocr_carea' id='block_1_75' title="bbox 2247 3095 3850 3167">
    <p class='ocr_par' dir='ltr' id='par_1_75' title="bbox 2247 3095 3850 3167">
     <span class='ocr_line' id='line_1_75' title="bbox 2247 3095 3850 3167; baseline -0.001 -15"><span class='ocrx_word' id='word_1_537' title='bbox 2247 3097 2465 3167; x_wconf 74' lang='grc' dir='ltr'>λογικὸς</span> <span class='ocrx_word' id='word_1_538' title='bbox 2481 3100 2509 3152; x_wconf 93' lang='grc' dir='ltr'><strong>ὁ</strong></span> <span class='ocrx_word' id='word_1_539' title='bbox 2539 3097 2771 3162; x_wconf 83' lang='grc' dir='ltr'>Παῦλος,</span> <span class='ocrx_word' id='word_1_540' title='bbox 2790 3095 2950 3151; x_wconf 87' lang='grc' dir='ltr'>τοῦτὸ</span> <span class='ocrx_word' id='word_1_541' title='bbox 2969 3115 3055 3162; x_wconf 82' lang='grc' dir='ltr'><strong>τις</strong></span> <span class='ocrx_word' id='word_1_542' title='bbox 3083 3099 3403 3162; x_wconf 77' lang='grc' dir='ltr'>σπουδάζων</span> <span class='ocrx_word' id='word_1_543' title='bbox 3431 3097 3850 3161; x_wconf 79' lang='grc' dir='ltr'>ἀποδεικνύειν,</span> 
     </span>
    </p>
   </div>
   <div class='ocr_carea' id='block_1_76' title="bbox 2248 3188 3852 3262">
    <p class='ocr_par' dir='ltr' id='par_1_76' title="bbox 2248 3188 3852 3262">
     <span class='ocr_line' id='line_1_76' title="bbox 2248 3188 3852 3262; baseline -0.001 -18"><span class='ocrx_word' id='word_1_544' title='bbox 2248 3191 2418 3262; x_wconf 75' lang='grc' dir='ltr'>ἦγουν</span> <span class='ocrx_word' id='word_1_545' title='bbox 2469 3190 2552 3244; x_wconf 89' lang='grc' dir='ltr'><strong>ὅτι</strong></span> <span class='ocrx_word' id='word_1_546' title='bbox 2591 3189 2693 3243; x_wconf 82' lang='grc' dir='ltr'><strong>οὐκ</strong></span> <span class='ocrx_word' id='word_1_547' title='bbox 2748 3188 2866 3243; x_wconf 75' lang='grc' dir='ltr'>ἐστι</span> <span class='ocrx_word' id='word_1_548' title='bbox 2905 3189 3148 3258; x_wconf 69' lang='grc' dir='ltr'>λογικὸς,</span> <span class='ocrx_word' id='word_1_549' title='bbox 3179 3190 3353 3259; x_wconf 88' lang='grc' dir='ltr'>λέγοι,</span> <span class='ocrx_word' id='word_1_550' title='bbox 3402 3192 3518 3254; x_wconf 77' lang='grc' dir='ltr'><strong>Πᾶς</strong></span> <span class='ocrx_word' id='word_1_551' title='bbox 3562 3190 3712 3255; x_wconf 76' lang='grc' dir='ltr'>λίθος</span> <span class='ocrx_word' id='word_1_552' title='bbox 3744 3191 3852 3245; x_wconf 72' lang='grc' dir='ltr'><strong>καὶ</strong></span> 
     </span>
    </p>
   </div>
   <div class='ocr_carea' id='block_1_77' title="bbox 2251 3283 3853 3355">
    <p class='ocr_par' dir='ltr' id='par_1_77' title="bbox 2251 3283 3853 3355">
     <span class='ocr_line' id='line_1_77' title="bbox 2251 3283 3853 3355; baseline -0.001 -17"><span class='ocrx_word' id='word_1_553' title='bbox 2251 3287 2402 3339; x_wconf 82' lang='grc' dir='ltr'>πᾶσα</span> <span class='ocrx_word' id='word_1_554' title='bbox 2428 3283 2691 3354; x_wconf 83' lang='grc' dir='ltr'>μέλανσις</span> <span class='ocrx_word' id='word_1_555' title='bbox 2712 3283 2926 3352; x_wconf 78' lang='grc' dir='ltr'>ἄλογος,</span> <span class='ocrx_word' id='word_1_556' title='bbox 2951 3283 3107 3338; x_wconf 81' lang='grc' dir='ltr'>οὐδὲν</span> <span class='ocrx_word' id='word_1_557' title='bbox 3127 3284 3361 3348; x_wconf 82' lang='grc' dir='ltr'>οὐδόλως</span> <span class='ocrx_word' id='word_1_558' title='bbox 3388 3284 3467 3355; x_wconf 83' lang='grc' dir='ltr'>τῷ</span> <span class='ocrx_word' id='word_1_559' title='bbox 3490 3284 3853 3355; x_wconf 76' lang='grc' dir='ltr'>προκειμένῳ</span> 
     </span>
    </p>
   </div>
   <div class='ocr_carea' id='block_1_78' title="bbox 2250 3368 3849 3445">
    <p class='ocr_par' dir='ltr' id='par_1_78' title="bbox 2250 3368 3849 3445">
     <span class='ocr_line' id='line_1_78' title="bbox 2250 3368 3849 3445; baseline 0 -17"><span class='ocrx_word' id='word_1_560' title='bbox 2250 3378 2593 3444; x_wconf 80' lang='grc' dir='ltr'>συνήγαγεν·</span> <span class='ocrx_word' id='word_1_561' title='bbox 2641 3373 2866 3438; x_wconf 77' lang='grc' dir='ltr'>εἰκότως</span> <span class='ocrx_word' id='word_1_562' title='bbox 2903 3368 2998 3428; x_wconf 83' lang='grc' dir='ltr'><strong>οῦν</strong></span> <span class='ocrx_word' id='word_1_563' title='bbox 3046 3373 3142 3428; x_wconf 74' lang='grc' dir='ltr'><strong>ἐπὶ</strong></span> <span class='ocrx_word' id='word_1_564' title='bbox 3185 3373 3362 3445; x_wconf 83' lang='grc' dir='ltr'>τούτῳ</span> <span class='ocrx_word' id='word_1_565' title='bbox 3390 3374 3801 3444; x_wconf 78' lang='grc' dir='ltr'>γελασθήσεται</span> <span class='ocrx_word' id='word_1_566' title='bbox 3834 3392 3849 3406; x_wconf 84' lang='grc'><strong>·</strong></span> 
     </span>
    </p>
   </div>
   <div class='ocr_carea' id='block_1_79' title="bbox 2249 3465 3836 3539">
    <p class='ocr_par' dir='ltr' id='par_1_79' title="bbox 2249 3465 3836 3539">
     <span class='ocr_line' id='line_1_79' title="bbox 2249 3465 3836 3539; baseline -0.002 -16"><span class='ocrx_word' id='word_1_567' title='bbox 2249 3468 2374 3524; x_wconf 83' lang='grc' dir='ltr'>καθ’</span> <span class='ocrx_word' id='word_1_568' title='bbox 2397 3468 2520 3522; x_wconf 84' lang='grc' dir='ltr'>ὅλου</span> <span class='ocrx_word' id='word_1_569' title='bbox 2581 3467 2680 3539; x_wconf 84' lang='grc' dir='ltr'>μὲν</span> <span class='ocrx_word' id='word_1_570' title='bbox 2726 3467 3101 3538; x_wconf 78' lang='grc' dir='ltr'>καταφάσκων</span> <span class='ocrx_word' id='word_1_571' title='bbox 3152 3467 3300 3531; x_wconf 80' lang='grc' dir='ltr'>τινὸς</span> <span class='ocrx_word' id='word_1_572' title='bbox 3343 3467 3406 3521; x_wconf 77' lang='grc' dir='ltr'>τὸ</span> <span class='ocrx_word' id='word_1_573' title='bbox 3461 3465 3679 3537; x_wconf 77' lang='grc' dir='ltr'>ἄλογον,</span> <span class='ocrx_word' id='word_1_574' title='bbox 3725 3467 3836 3521; x_wconf 69' lang='grc' dir='ltr'><strong>ἀλλ</strong></span> 
     </span>
    </p>
   </div>
   <div class='ocr_carea' id='block_1_80' title="bbox 2249 3559 2626 3633">
    <p class='ocr_par' dir='ltr' id='par_1_80' title="bbox 2249 3559 2626 3633">
     <span class='ocr_line' id='line_1_80' title="bbox 2249 3559 2626 3633; baseline 0.003 -17"><span class='ocrx_word' id='word_1_575' title='bbox 2249 3559 2626 3633; x_wconf 87' lang='grc' dir='ltr'>ἀνομοειδοῦς.</span> 
     </span>
    </p>
   </div>
   <div class='ocr_carea' id='block_1_81' title="bbox 2280 3818 3846 3899">
    <p class='ocr_par' dir='ltr' id='par_1_81' title="bbox 2280 3818 3846 3899">
     <span class='ocr_line' id='line_1_81' title="bbox 2280 3818 3846 3899; baseline -0.002 -18"><span class='ocrx_word' id='word_1_576' title='bbox 2280 3818 2282 3820; x_wconf 46' lang='grc'>’</span> <span class='ocrx_word' id='word_1_577' title='bbox 2321 3828 2631 3890; x_wconf 81' lang='grc' dir='ltr'>Φάσκοντες</span> <span class='ocrx_word' id='word_1_578' title='bbox 2665 3821 2758 3882; x_wconf 78' lang='grc' dir='ltr'><strong>οὖν</strong></span> <span class='ocrx_word' id='word_1_579' title='bbox 2785 3827 2882 3882; x_wconf 72' lang='grc' dir='ltr'><strong>καὶ</strong></span> <span class='ocrx_word' id='word_1_580' title='bbox 2919 3827 3101 3899; x_wconf 81' lang='grc' dir='ltr'>ἡμεῖς,</span> <span class='ocrx_word' id='word_1_581' title='bbox 3129 3828 3249 3882; x_wconf 76' lang='grc' dir='ltr'>Πᾶν</span> <span class='ocrx_word' id='word_1_582' title='bbox 3280 3827 3466 3899; x_wconf 84' lang='grc' dir='ltr'>μέρος,</span> <span class='ocrx_word' id='word_1_583' title='bbox 3496 3827 3721 3881; x_wconf 74' lang='grc' dir='ltr'>ἔλαττον</span> <span class='ocrx_word' id='word_1_584' title='bbox 3746 3826 3846 3879; x_wconf 77' lang='grc' dir='ltr'><strong>τοῦ</strong></span> 
     </span>
    </p>
   </div>
   <div class='ocr_carea' id='block_1_82' title="bbox 2252 3912 3844 3990">
    <p class='ocr_par' dir='ltr' id='par_1_82' title="bbox 2252 3912 3844 3990">
     <span class='ocr_line' id='line_1_82' title="bbox 2252 3912 3844 3990; baseline 0 -18"><span class='ocrx_word' id='word_1_585' title='bbox 2252 3917 2456 3972; x_wconf 68' lang='grc' dir='ltr'>οἰκείου</span> <span class='ocrx_word' id='word_1_586' title='bbox 2480 3917 2625 3971; x_wconf 88' lang='grc' dir='ltr'>ὅλου·</span> <span class='ocrx_word' id='word_1_587' title='bbox 2655 3918 2704 3970; x_wconf 82' lang='grc' dir='ltr'><strong>εί</strong></span> <span class='ocrx_word' id='word_1_588' title='bbox 2734 3918 2836 3987; x_wconf 79' lang='grc' dir='ltr'><strong>μὲν</strong></span> <span class='ocrx_word' id='word_1_589' title='bbox 2866 3918 3085 3972; x_wconf 77' lang='grc' dir='ltr'>πάντων</span> <span class='ocrx_word' id='word_1_590' title='bbox 3130 3918 3240 3973; x_wconf 89' lang='grc' dir='ltr'><strong>τῶν</strong></span> <span class='ocrx_word' id='word_1_591' title='bbox 3273 3919 3460 3990; x_wconf 85' lang='grc' dir='ltr'>μερῶν</span> <span class='ocrx_word' id='word_1_592' title='bbox 3488 3912 3564 3974; x_wconf 82' lang='grc' dir='ltr'>ὧν</span> <span class='ocrx_word' id='word_1_593' title='bbox 3596 3919 3844 3972; x_wconf 83' lang='grc' dir='ltr'>συντιθε-</span> 
     </span>
    </p>
   </div>
   <div class='ocr_carea' id='block_1_83' title="bbox 2257 4009 3846 4080">
    <p class='ocr_par' dir='ltr' id='par_1_83' title="bbox 2257 4009 3846 4080">
     <span class='ocr_line' id='line_1_83' title="bbox 2257 4009 3846 4080; baseline 0.001 -17"><span class='ocrx_word' id='word_1_594' title='bbox 2257 4009 2437 4080; x_wconf 84' lang='grc' dir='ltr'>μένων</span> <span class='ocrx_word' id='word_1_595' title='bbox 2473 4009 2664 4080; x_wconf 71' lang='grc' dir='ltr'>μείξον</span> <span class='ocrx_word' id='word_1_596' title='bbox 2687 4009 2748 4064; x_wconf 81' lang='grc' dir='ltr'><strong>τὸ</strong></span> <span class='ocrx_word' id='word_1_597' title='bbox 2775 4010 2899 4064; x_wconf 87' lang='grc' dir='ltr'>ὅλον</span> <span class='ocrx_word' id='word_1_598' title='bbox 2928 4011 3280 4080; x_wconf 85' lang='grc' dir='ltr'>γινώσκεται,</span> <span class='ocrx_word' id='word_1_599' title='bbox 3315 4012 3410 4066; x_wconf 73' lang='grc' dir='ltr'><strong>καὶ</strong></span> <span class='ocrx_word' id='word_1_600' title='bbox 3440 4011 3604 4067; x_wconf 90' lang='grc' dir='ltr'>τοῦτο</span> <span class='ocrx_word' id='word_1_601' title='bbox 3631 4013 3846 4075; x_wconf 79' lang='grc' dir='ltr'>τούτοις</span> 
     </span>
    </p>
   </div>
   <div class='ocr_carea' id='block_1_84' title="bbox 2253 4101 3842 4176">
    <p class='ocr_par' dir='ltr' id='par_1_84' title="bbox 2253 4101 3842 4176">
     <span class='ocr_line' id='line_1_84' title="bbox 2253 4101 3842 4176; baseline 0.003 -20"><span class='ocrx_word' id='word_1_602' title='bbox 2253 4102 2516 4173; x_wconf 77' lang='grc' dir='ltr'>ὁμογενὲς</span> <span class='ocrx_word' id='word_1_603' title='bbox 2549 4103 2644 4156; x_wconf 62' lang='grc' dir='ltr'><strong>καὶ⁸</strong></span> <span class='ocrx_word' id='word_1_604' title='bbox 2687 4103 2934 4174; x_wconf 87' lang='grc' dir='ltr'>ὁμοειδές</span> <span class='ocrx_word' id='word_1_605' title='bbox 2978 4121 3119 4174; x_wconf 80' lang='grc' dir='ltr'>φατε</span> <span class='ocrx_word' id='word_1_606' title='bbox 3164 4101 3306 4160; x_wconf 78' lang='grc' dir='ltr'>εἶναι</span> <span class='ocrx_word' id='word_1_607' title='bbox 3343 4106 3434 4160; x_wconf 78' lang='grc' dir='ltr'><strong>τὸν</strong></span> <span class='ocrx_word' id='word_1_608' title='bbox 3464 4106 3599 4160; x_wconf 70' lang='grc' dir='ltr'>Θεὸν</span> <span class='ocrx_word' id='word_1_609' title='bbox 3642 4107 3842 4176; x_wconf 82' lang='grc' dir='ltr'>Λόγον,</span> 
     </span>
    </p>
   </div>
   <div class='ocr_carea' id='block_1_85' title="bbox 2255 4195 3847 4272">
    <p class='ocr_par' dir='ltr' id='par_1_85' title="bbox 2255 4195 3847 4272">
     <span class='ocr_line' id='line_1_85' title="bbox 2255 4195 3847 4272; baseline 0.005 -24"><span class='ocrx_word' id='word_1_610' title='bbox 2255 4195 2440 4259; x_wconf 85' lang='grc' dir='ltr'>καλῶς</span> <span class='ocrx_word' id='word_1_611' title='bbox 2464 4195 2564 4266; x_wconf 81' lang='grc' dir='ltr'><strong>τὴν</strong></span> <span class='ocrx_word' id='word_1_612' title='bbox 2593 4195 2779 4266; x_wconf 76' lang='grc' dir='ltr'>ἐκτῆς</span> <span class='ocrx_word' id='word_1_613' title='bbox 2811 4196 3044 4251; x_wconf 79' lang='grc' dir='ltr'>καθόλου</span> <span class='ocrx_word' id='word_1_614' title='bbox 3078 4199 3446 4268; x_wconf 72' lang='grc' dir='ltr'>καταφάσεως</span> <span class='ocrx_word' id='word_1_615' title='bbox 3466 4200 3663 4270; x_wconf 83' lang='grc' dir='ltr'>ὁμοίαν</span> <span class='ocrx_word' id='word_1_616' title='bbox 3694 4201 3847 4272; x_wconf 79' lang='grc' dir='ltr'><strong>αὐτῷ</strong></span> 
     </span>
    </p>
   </div>
   <div class='ocr_carea' id='block_1_86' title="bbox 2255 4289 3846 4366">
    <p class='ocr_par' dir='ltr' id='par_1_86' title="bbox 2255 4289 3846 4366">
     <span class='ocr_line' id='line_1_86' title="bbox 2255 4289 3846 4366; baseline 0.004 -23"><span class='ocrx_word' id='word_1_617' title='bbox 2255 4290 2595 4360; x_wconf 76' lang='grc' dir='ltr'>κατηγορίαν</span> <span class='ocrx_word' id='word_1_618' title='bbox 2638 4289 2907 4358; x_wconf 81' lang='grc' dir='ltr'>ὲπάγετε,</span> <span class='ocrx_word' id='word_1_619' title='bbox 2940 4290 3028 4345; x_wconf 78' lang='grc' dir='ltr'><strong>ἵνα</strong></span> <span class='ocrx_word' id='word_1_620' title='bbox 3055 4290 3133 4354; x_wconf 85' lang='grc' dir='ltr'><strong>ὡς</strong></span> <span class='ocrx_word' id='word_1_621' title='bbox 3173 4291 3351 4347; x_wconf 87' lang='grc' dir='ltr'>πάντα</span> <span class='ocrx_word' id='word_1_622' title='bbox 3379 4293 3449 4347; x_wconf 85' lang='grc' dir='ltr'>τὰ</span> <span class='ocrx_word' id='word_1_623' title='bbox 3474 4295 3714 4366; x_wconf 83' lang='grc' dir='ltr'>ὁμογενῆ</span> <span class='ocrx_word' id='word_1_624' title='bbox 3753 4297 3846 4349; x_wconf 78' lang='grc' dir='ltr'><strong>καὶ</strong></span> 
     </span>
    </p>
   </div>
   <div class='ocr_carea' id='block_1_87' title="bbox 2256 4380 3845 4455">
    <p class='ocr_par' dir='ltr' id='par_1_87' title="bbox 2256 4380 3845 4455">
     <span class='ocr_line' id='line_1_87' title="bbox 2256 4380 3845 4455; baseline 0.003 -21"><span class='ocrx_word' id='word_1_625' title='bbox 2256 4380 2477 4451; x_wconf 81' lang='grc' dir='ltr'>ὁμοειδῆ</span> <span class='ocrx_word' id='word_1_626' title='bbox 2527 4381 2694 4453; x_wconf 83' lang='grc' dir='ltr'>μέρος</span> <span class='ocrx_word' id='word_1_627' title='bbox 2732 4381 3049 4452; x_wconf 82' lang='grc' dir='ltr'>γενόμενος,</span> <span class='ocrx_word' id='word_1_628' title='bbox 3091 4383 3297 4452; x_wconf 84' lang='grc' dir='ltr'>ὁμοίως</span> <span class='ocrx_word' id='word_1_629' title='bbox 3342 4383 3491 4455; x_wconf 78' lang='grc' dir='ltr'>ἔχειν</span> <span class='ocrx_word' id='word_1_630' title='bbox 3539 4386 3637 4440; x_wconf 72' lang='grc' dir='ltr'><strong>καὶ</strong></span> <span class='ocrx_word' id='word_1_631' title='bbox 3680 4386 3845 4450; x_wconf 69' lang='grc' dir='ltr'>αὐτὸς</span> 
     </span>
    </p>
   </div>
   <div class='ocr_carea' id='block_1_88' title="bbox 2257 4472 3845 4544">
    <p class='ocr_par' dir='ltr' id='par_1_88' title="bbox 2257 4472 3845 4544">
     <span class='ocr_line' id='line_1_88' title="bbox 2257 4472 3845 4544; baseline 0.004 -19"><span class='ocrx_word' id='word_1_632' title='bbox 2257 4472 2396 4544; x_wconf 78' lang='grc' dir='ltr'>πρὸς</span> <span class='ocrx_word' id='word_1_633' title='bbox 2418 4473 2476 4526; x_wconf 87' lang='grc' dir='ltr'>τὸ</span> <span class='ocrx_word' id='word_1_634' title='bbox 2518 4475 2717 4527; x_wconf 87' lang='grc' dir='ltr'>οἰκεῖον</span> <span class='ocrx_word' id='word_1_635' title='bbox 2759 4473 2879 4528; x_wconf 89' lang='grc' dir='ltr'>ὅλον</span> <span class='ocrx_word' id='word_1_636' title='bbox 2919 4474 3324 4544; x_wconf 79' lang='grc' dir='ltr'>λογισθήσεται.</span> <span class='ocrx_word' id='word_1_637' title='bbox 3381 4476 3444 4530; x_wconf 77' lang='lat' dir='ltr'><strong>Et</strong></span> <span class='ocrx_word' id='word_1_638' title='bbox 3483 4477 3543 4531; x_wconf 81' lang='grc' dir='ltr'><strong>δὲ</strong></span> <span class='ocrx_word' id='word_1_639' title='bbox 3589 4478 3756 4533; x_wconf 90' lang='grc' dir='ltr'>τοῦτο</span> <span class='ocrx_word' id='word_1_640' title='bbox 3783 4479 3845 4532; x_wconf 71' lang='grc' dir='ltr'>οὗ</span> 
     </span>
    </p>
   </div>
   <div class='ocr_carea' id='block_1_89' title="bbox 567 4565 2152 4645">
    <p class='ocr_par' dir='ltr' id='par_1_89' title="bbox 567 4568 2150 4645">
     <span class='ocr_line' id='line_1_89' title="bbox 567 4568 2150 4645; baseline -0.003 -16"><span class='ocrx_word' id='word_1_641' title='bbox 567 4579 814 4645; x_wconf 83' lang='lat' dir='ltr'><strong>putetur.</strong></span> <span class='ocrx_word' id='word_1_642' title='bbox 850 4573 905 4629; x_wconf 91' lang='lat' dir='ltr'><strong>Si</strong></span> <span class='ocrx_word' id='word_1_643' title='bbox 941 4588 1074 4628; x_wconf 87' lang='lat' dir='ltr'><strong>vero</strong></span> <span class='ocrx_word' id='word_1_644' title='bbox 1112 4571 1256 4628; x_wconf 90' lang='lat' dir='ltr'><strong>hanc</strong></span> <span class='ocrx_word' id='word_1_645' title='bbox 1279 4569 1684 4641; x_wconf 86' lang='lat' dir='ltr'><strong>blasphemiam</strong></span> <span class='ocrx_word' id='word_1_646' title='bbox 1715 4585 1829 4624; x_wconf 93' lang='lat' dir='ltr'><strong>non</strong></span> <span class='ocrx_word' id='word_1_647' title='bbox 1865 4568 1986 4624; x_wconf 87' lang='lat' dir='ltr'><strong>ausi</strong></span> <span class='ocrx_word' id='word_1_648' title='bbox 2026 4568 2150 4625; x_wconf 81' lang='lat' dir='ltr'><strong>fue-</strong></span> 
     </span>
    </p>
   </div>
   <div class='ocr_carea' id='block_1_90' title="bbox 2255 4565 3846 4645">
    <p class='ocr_par' dir='ltr' id='par_1_90' title="bbox 2259 4565 3846 4642">
     <span class='ocr_line' id='line_1_90' title="bbox 2259 4565 3846 4642; baseline 0.003 -24"><span class='ocrx_word' id='word_1_649' title='bbox 2259 4565 2562 4636; x_wconf 83' lang='grc' dir='ltr'>τολμήσετε</span> <span class='ocrx_word' id='word_1_650' title='bbox 2586 4565 2648 4618; x_wconf 81' lang='grc' dir='ltr'>τὸ</span> <span class='ocrx_word' id='word_1_651' title='bbox 2685 4565 2846 4620; x_wconf 80' lang='grc' dir='ltr'>ἄθεον</span> <span class='ocrx_word' id='word_1_652' title='bbox 2875 4567 3305 4640; x_wconf 77' lang='grc' dir='ltr'>ἀπερεύξασθαι,</span> <span class='ocrx_word' id='word_1_653' title='bbox 3329 4569 3420 4622; x_wconf 80' lang='grc' dir='ltr'><strong>διὰ</strong></span> <span class='ocrx_word' id='word_1_654' title='bbox 3447 4569 3508 4623; x_wconf 73' lang='grc' dir='ltr'>τὸ</span> <span class='ocrx_word' id='word_1_655' title='bbox 3545 4570 3621 4641; x_wconf 79' lang='grc' dir='ltr'>μὴ</span> <span class='ocrx_word' id='word_1_656' title='bbox 3653 4572 3846 4642; x_wconf 78' lang='grc' dir='ltr'>φέρειν</span> 
     </span>
    </p>
   </div>
   <div class='ocr_carea' id='block_1_91' title="bbox 569 4661 2153 4737">
    <p class='ocr_par' dir='ltr' id='par_1_91' title="bbox 569 4661 2153 4737">
     <span class='ocr_line' id='line_1_91' title="bbox 569 4661 2153 4737; baseline -0.003 -16"><span class='ocrx_word' id='word_1_657' title='bbox 569 4666 714 4732; x_wconf 87' lang='lat' dir='ltr'><strong>ritis,</strong></span> <span class='ocrx_word' id='word_1_658' title='bbox 744 4667 815 4721; x_wconf 91' lang='lat' dir='ltr'><strong>ob</strong></span> <span class='ocrx_word' id='word_1_659' title='bbox 846 4667 1156 4737; x_wconf 88' lang='lat' dir='ltr'><strong>reprobans</strong></span> <span class='ocrx_word' id='word_1_660' title='bbox 1187 4681 1288 4722; x_wconf 85' lang='lat' dir='ltr'><strong>vos</strong></span> <span class='ocrx_word' id='word_1_661' title='bbox 1313 4673 1704 4733; x_wconf 85' lang='lat' dir='ltr'><strong>argumentum</strong></span> <span class='ocrx_word' id='word_1_662' title='bbox 1759 4661 2061 4732; x_wconf 87' lang='lat' dir='ltr'><strong>impietatis</strong></span> <span class='ocrx_word' id='word_1_663' title='bbox 2097 4661 2153 4716; x_wconf 93' lang='lat' dir='ltr'><strong>in</strong></span> 
     </span>
    </p>
   </div>
   <div class='ocr_carea' id='block_1_92' title="bbox 566 4754 2154 4829">
    <p class='ocr_par' dir='ltr' id='par_1_92' title="bbox 566 4754 2154 4829">
     <span class='ocr_line' id='line_1_92' title="bbox 566 4754 2154 4829; baseline -0.003 -14"><span class='ocrx_word' id='word_1_664' title='bbox 566 4775 668 4815; x_wconf 79' lang='lat' dir='ltr'><strong>vos</strong></span> <span class='ocrx_word' id='word_1_665' title='bbox 701 4767 929 4829; x_wconf 88' lang='lat' dir='ltr'><strong>repente</strong></span> <span class='ocrx_word' id='word_1_666' title='bbox 952 4759 1195 4824; x_wconf 91' lang='lat' dir='ltr'><strong>irruens,</strong></span> <span class='ocrx_word' id='word_1_667' title='bbox 1226 4755 1376 4812; x_wconf 87' lang='lat' dir='ltr'><strong>haud</strong></span> <span class='ocrx_word' id='word_1_668' title='bbox 1406 4762 1559 4811; x_wconf 90' lang='lat' dir='ltr'><strong>recta</strong></span> <span class='ocrx_word' id='word_1_669' title='bbox 1581 4754 1798 4810; x_wconf 89' lang='lat' dir='ltr'><strong>ratione</strong></span> <span class='ocrx_word' id='word_1_670' title='bbox 1824 4769 1922 4810; x_wconf 83' lang='lat' dir='ltr'><strong>vos</strong></span> <span class='ocrx_word' id='word_1_671' title='bbox 1949 4754 2154 4820; x_wconf 80' lang='lat' dir='ltr'><strong>dixisse</strong></span> 
     </span>
    </p>
   </div>
   <div class='ocr_carea' id='block_1_93' title="bbox 571 4845 2154 4923">
    <p class='ocr_par' dir='ltr' id='par_1_93' title="bbox 571 4845 2154 4923">
     <span class='ocr_line' id='line_1_93' title="bbox 571 4845 2154 4923; baseline -0.005 -16"><span class='ocrx_word' id='word_1_672' title='bbox 571 4861 726 4923; x_wconf 86' lang='lat' dir='ltr'><strong>patet</strong></span> <span class='ocrx_word' id='word_1_673' title='bbox 752 4869 768 4919; x_wconf 89' lang='lat'><strong>;</strong></span> <span class='ocrx_word' id='word_1_674' title='bbox 807 4851 1080 4922; x_wconf 89' lang='lat' dir='ltr'><strong>siquidem</strong></span> <span class='ocrx_word' id='word_1_675' title='bbox 1124 4851 1180 4904; x_wconf 88' lang='lat' dir='ltr'><strong>in</strong></span> <span class='ocrx_word' id='word_1_676' title='bbox 1213 4848 1428 4904; x_wconf 67' lang='lat' dir='ltr'><strong>caeteris</strong></span> <span class='ocrx_word' id='word_1_677' title='bbox 1458 4845 1807 4902; x_wconf 73' lang='lat' dir='ltr'><strong>naturalibus</strong></span> <span class='ocrx_word' id='word_1_678' title='bbox 1831 4845 1939 4902; x_wconf 88' lang='lat' dir='ltr'><strong>hoc</strong></span> <span class='ocrx_word' id='word_1_679' title='bbox 1961 4846 2154 4901; x_wconf 86' lang='lat' dir='ltr'><strong>catho-</strong></span> 
     </span>
    </p>
   </div>
   <div class='ocr_carea' id='block_1_94' title="bbox 571 4935 2158 5008">
    <p class='ocr_par' dir='ltr' id='par_1_94' title="bbox 571 4935 2158 5008">
     <span class='ocr_line' id='line_1_94' title="bbox 571 4935 2158 5008; baseline -0.005 -11"><span class='ocrx_word' id='word_1_680' title='bbox 571 4941 678 4997; x_wconf 84' lang='lat' dir='ltr'><strong>lice</strong></span> <span class='ocrx_word' id='word_1_681' title='bbox 718 4940 958 5003; x_wconf 84' lang='lat' dir='ltr'><strong>sentitis,</strong></span> <span class='ocrx_word' id='word_1_682' title='bbox 981 4939 1341 5008; x_wconf 83' lang='lat' dir='ltr'><strong>Verbumque</strong></span> <span class='ocrx_word' id='word_1_683' title='bbox 1376 4936 1433 4991; x_wconf 91' lang='lat' dir='ltr'><strong>in</strong></span> <span class='ocrx_word' id='word_1_684' title='bbox 1456 4935 1640 4992; x_wconf 82' lang='lat' dir='ltr'><strong>Verbo</strong></span> <span class='ocrx_word' id='word_1_685' title='bbox 1673 4935 1823 5006; x_wconf 91' lang='lat' dir='ltr'><strong>quod</strong></span> <span class='ocrx_word' id='word_1_686' title='bbox 1865 4951 2033 5005; x_wconf 90' lang='lat' dir='ltr'><strong>supra</strong></span> <span class='ocrx_word' id='word_1_687' title='bbox 2059 4950 2158 4990; x_wconf 86' lang='lat' dir='ltr'><strong>na-</strong></span> 
     </span>
    </p>
   </div>
   <div class='ocr_carea' id='block_1_95' title="bbox 571 5015 2153 5102">
    <p class='ocr_par' dir='ltr' id='par_1_95' title="bbox 571 5015 2153 5102">
     <span class='ocr_line' id='line_1_95' title="bbox 571 5015 2153 5102; baseline -0.005 -14"><span class='ocrx_word' id='word_1_688' title='bbox 571 5042 753 5088; x_wconf 89' lang='lat' dir='ltr'><strong>turam</strong></span> <span class='ocrx_word' id='word_1_689' title='bbox 809 5046 1089 5102; x_wconf 89' lang='lat' dir='ltr'><strong>supraque</strong></span> <span class='ocrx_word' id='word_1_690' title='bbox 1137 5030 1242 5085; x_wconf 88' lang='lat' dir='ltr'><strong>alia</strong></span> <span class='ocrx_word' id='word_1_691' title='bbox 1281 5015 1503 5086; x_wconf 85' lang='lat' dir='ltr'><strong>eminet</strong></span> <span class='ocrx_word' id='word_1_692' title='bbox 1545 5035 1695 5084; x_wconf 91' lang='lat' dir='ltr'><strong>recte</strong></span> <span class='ocrx_word' id='word_1_693' title='bbox 1741 5027 2153 5084; x_wconf 89' lang='lat' dir='ltr'><strong>demonstratis.</strong></span> 
     </span>
    </p>
   </div>
   <div class='ocr_carea' id='block_1_96' title="bbox 569 5121 2159 5181">
    <p class='ocr_par' dir='ltr' id='par_1_96' title="bbox 569 5121 2159 5181">
     <span class='ocr_line' id='line_1_96' title="bbox 569 5121 2159 5181; baseline -0.004 0"><span class='ocrx_word' id='word_1_694' title='bbox 569 5126 704 5181; x_wconf 85' lang='lat' dir='ltr'><strong>Inde</strong></span> <span class='ocrx_word' id='word_1_695' title='bbox 739 5135 924 5180; x_wconf 88' lang='lat' dir='ltr'><strong>autem</strong></span> <span class='ocrx_word' id='word_1_696' title='bbox 953 5126 1025 5178; x_wconf 93' lang='lat' dir='ltr'><strong>ob</strong></span> <span class='ocrx_word' id='word_1_697' title='bbox 1050 5123 1420 5180; x_wconf 85' lang='lat' dir='ltr'><strong>reverentiam</strong></span> <span class='ocrx_word' id='word_1_698' title='bbox 1467 5123 1672 5178; x_wconf 90' lang='lat' dir='ltr'><strong>unione</strong></span> <span class='ocrx_word' id='word_1_699' title='bbox 1702 5121 2062 5178; x_wconf 78' lang='lat' dir='ltr'><strong>Divinitatem</strong></span> <span class='ocrx_word' id='word_1_700' title='bbox 2091 5121 2159 5175; x_wconf 89' lang='lat' dir='ltr'><strong>li-</strong></span> 
     </span>
    </p>
   </div>
   <div class='ocr_carea' id='block_1_97' title="bbox 570 5214 2155 5288">
    <p class='ocr_par' dir='ltr' id='par_1_97' title="bbox 570 5214 2155 5288">
     <span class='ocr_line' id='line_1_97' title="bbox 570 5214 2155 5288; baseline -0.004 -13"><span class='ocrx_word' id='word_1_701' title='bbox 570 5220 768 5275; x_wconf 88' lang='lat' dir='ltr'><strong>berare</strong></span> <span class='ocrx_word' id='word_1_702' title='bbox 806 5219 1158 5283; x_wconf 88' lang='lat' dir='ltr'><strong>simulantes,</strong></span> <span class='ocrx_word' id='word_1_703' title='bbox 1185 5217 1297 5288; x_wconf 88' lang='lat' dir='ltr'><strong>jam</strong></span> <span class='ocrx_word' id='word_1_704' title='bbox 1338 5217 1600 5288; x_wconf 90' lang='lat' dir='ltr'><strong>injustius</strong></span> <span class='ocrx_word' id='word_1_705' title='bbox 1640 5216 1787 5272; x_wconf 90' lang='lat' dir='ltr'><strong>hanc</strong></span> <span class='ocrx_word' id='word_1_706' title='bbox 1818 5214 2155 5285; x_wconf 87' lang='lat' dir='ltr'><strong>contempsi-</strong></span> 
     </span>
    </p>
   </div>
   <div class='ocr_carea' id='block_1_98' title="bbox 571 5307 2157 5379">
    <p class='ocr_par' dir='ltr' id='par_1_98' title="bbox 571 5307 2157 5379">
     <span class='ocr_line' id='line_1_98' title="bbox 571 5307 2157 5379; baseline -0.003 -14"><span class='ocrx_word' id='word_1_707' title='bbox 571 5309 712 5374; x_wconf 91' lang='lat' dir='ltr'><strong>stis,</strong></span> <span class='ocrx_word' id='word_1_708' title='bbox 761 5325 887 5364; x_wconf 93' lang='lat' dir='ltr'><strong>cum</strong></span> <span class='ocrx_word' id='word_1_709' title='bbox 944 5308 1082 5363; x_wconf 85' lang='lat' dir='ltr'><strong>nihil</strong></span> <span class='ocrx_word' id='word_1_710' title='bbox 1139 5324 1306 5379; x_wconf 90' lang='lat' dir='ltr'><strong>supra</strong></span> <span class='ocrx_word' id='word_1_711' title='bbox 1341 5309 1556 5379; x_wconf 89' lang='lat' dir='ltr'><strong>reliqua</strong></span> <span class='ocrx_word' id='word_1_712' title='bbox 1610 5309 1837 5379; x_wconf 90' lang='lat' dir='ltr'><strong>cognita</strong></span> <span class='ocrx_word' id='word_1_713' title='bbox 1874 5307 2157 5378; x_wconf 91' lang='lat' dir='ltr'><strong>peculiare</strong></span> 
     </span>
    </p>
   </div>
   <div class='ocr_carea' id='block_1_99' title="bbox 491 5398 2160 5472">
    <p class='ocr_par' dir='ltr' id='par_1_99' title="bbox 491 5398 2160 5472">
     <span class='ocr_line' id='line_1_99' title="bbox 491 5398 2160 5472; baseline -0.002 -15"><span class='ocrx_word' id='word_1_714' title='bbox 491 5400 510 5417; x_wconf 88' lang='lat'><strong><em>&#39;</em></strong></span> <span class='ocrx_word' id='word_1_715' title='bbox 573 5411 833 5457; x_wconf 89' lang='lat' dir='ltr'><strong>naturam</strong></span> <span class='ocrx_word' id='word_1_716' title='bbox 867 5398 1020 5456; x_wconf 90' lang='lat' dir='ltr'><strong>illius</strong></span> <span class='ocrx_word' id='word_1_717' title='bbox 1049 5400 1259 5457; x_wconf 90' lang='lat' dir='ltr'><strong>habere</strong></span> <span class='ocrx_word' id='word_1_718' title='bbox 1283 5400 1674 5467; x_wconf 86' lang='lat' dir='ltr'><strong>credideritis;</strong></span> <span class='ocrx_word' id='word_1_719' title='bbox 1717 5399 1844 5455; x_wconf 90' lang='lat' dir='ltr'><strong>ideo</strong></span> <span class='ocrx_word' id='word_1_720' title='bbox 1869 5400 2024 5472; x_wconf 83' lang='lat' dir='ltr'><strong>juxta</strong></span> <span class='ocrx_word' id='word_1_721' title='bbox 2058 5414 2160 5455; x_wconf 87' lang='lat' dir='ltr'><strong>vos</strong></span> 
     </span>
    </p>
   </div>
   <div class='ocr_carea' id='block_1_100' title="bbox 571 5491 2157 5566">
    <p class='ocr_par' dir='ltr' id='par_1_100' title="bbox 571 5491 2157 5566">
     <span class='ocr_line' id='line_1_100' title="bbox 571 5491 2157 5566; baseline -0.001 -16"><span class='ocrx_word' id='word_1_722' title='bbox 571 5495 692 5566; x_wconf 86' lang='lat' dir='ltr'><strong>ipse</strong></span> <span class='ocrx_word' id='word_1_723' title='bbox 721 5509 963 5564; x_wconf 91' lang='lat' dir='ltr'><strong>quoque,</strong></span> <span class='ocrx_word' id='word_1_724' title='bbox 992 5492 1185 5549; x_wconf 90' lang='lat' dir='ltr'><strong>eadem</strong></span> <span class='ocrx_word' id='word_1_725' title='bbox 1236 5494 1405 5549; x_wconf 84' lang='lat' dir='ltr'><strong>verba</strong></span> <span class='ocrx_word' id='word_1_726' title='bbox 1440 5493 1701 5549; x_wconf 88' lang='lat' dir='ltr'><strong>omnibus</strong></span> <span class='ocrx_word' id='word_1_727' title='bbox 1731 5493 2048 5563; x_wconf 89' lang='lat' dir='ltr'><strong>imponens,</strong></span> <span class='ocrx_word' id='word_1_728' title='bbox 2087 5491 2157 5548; x_wconf 91' lang='lat' dir='ltr'><strong>ad</strong></span> 
     </span>
    </p>
   </div>
   <div class='ocr_carea' id='block_1_101' title="bbox 571 5577 1731 5658">
    <p class='ocr_par' dir='ltr' id='par_1_101' title="bbox 571 5577 1731 5658">
     <span class='ocr_line' id='line_1_101' title="bbox 571 5577 1731 5658; baseline -0.001 -16"><span class='ocrx_word' id='word_1_729' title='bbox 571 5577 836 5642; x_wconf 85' lang='lat' dir='ltr'><strong>unionem</strong></span> <span class='ocrx_word' id='word_1_730' title='bbox 863 5601 988 5643; x_wconf 91' lang='lat' dir='ltr'><strong>cum</strong></span> <span class='ocrx_word' id='word_1_731' title='bbox 1017 5587 1194 5642; x_wconf 90' lang='lat' dir='ltr'><strong>altero</strong></span> <span class='ocrx_word' id='word_1_732' title='bbox 1227 5586 1494 5644; x_wconf 89' lang='lat' dir='ltr'><strong>accedere</strong></span> <span class='ocrx_word' id='word_1_733' title='bbox 1522 5595 1731 5658; x_wconf 87' lang='lat' dir='ltr'><strong>posset.</strong></span> 
     </span>
    </p>
   </div>
   <div class='ocr_carea' id='block_1_102' title="bbox 642 5678 2161 5752">
    <p class='ocr_par' dir='ltr' id='par_1_102' title="bbox 642 5678 2161 5752">
     <span class='ocr_line' id='line_1_102' title="bbox 642 5678 2161 5752; baseline -0.002 -14"><span class='ocrx_word' id='word_1_734' title='bbox 642 5680 750 5738; x_wconf 89' lang='lat' dir='ltr'><strong>Ubi</strong></span> <span class='ocrx_word' id='word_1_735' title='bbox 768 5696 990 5752; x_wconf 90' lang='lat' dir='ltr'><strong>quoque</strong></span> <span class='ocrx_word' id='word_1_736' title='bbox 1012 5690 1142 5737; x_wconf 78' lang='lat' dir='ltr'><strong>sunt</strong></span> <span class='ocrx_word' id='word_1_737' title='bbox 1171 5681 1375 5752; x_wconf 86' lang='lat' dir='ltr'><strong>quibus</strong></span> <span class='ocrx_word' id='word_1_738' title='bbox 1407 5680 1487 5735; x_wconf 93' lang='lat' dir='ltr'><strong>illi</strong></span> <span class='ocrx_word' id='word_1_739' title='bbox 1516 5679 1780 5736; x_wconf 89' lang='lat' dir='ltr'><strong>unionem</strong></span> <span class='ocrx_word' id='word_1_740' title='bbox 1803 5678 2161 5751; x_wconf 88' lang='lat' dir='ltr'><strong>denegabatis</strong></span> 
     </span>
    </p>
   </div>
   <div class='ocr_carea' id='block_1_103' title="bbox 574 5768 2159 5842">
    <p class='ocr_par' dir='ltr' id='par_1_103' title="bbox 574 5768 2159 5842">
     <span class='ocr_line' id='line_1_103' title="bbox 574 5768 2159 5842; baseline 0 -16"><span class='ocrx_word' id='word_1_741' title='bbox 574 5769 648 5826; x_wconf 84' lang='lat' dir='ltr'><strong>ob</strong></span> <span class='ocrx_word' id='word_1_742' title='bbox 681 5768 858 5841; x_wconf 88' lang='lat' dir='ltr'><strong>ipsius</strong></span> <span class='ocrx_word' id='word_1_743' title='bbox 901 5779 1159 5826; x_wconf 89' lang='lat' dir='ltr'><strong>naturam</strong></span> <span class='ocrx_word' id='word_1_744' title='bbox 1198 5770 1507 5827; x_wconf 84' lang='lat' dir='ltr'><strong>absimilem</strong></span> <span class='ocrx_word' id='word_1_745' title='bbox 1561 5779 1727 5842; x_wconf 90' lang='lat' dir='ltr'><strong>atque</strong></span> <span class='ocrx_word' id='word_1_746' title='bbox 1773 5786 1942 5842; x_wconf 89' lang='lat' dir='ltr'><strong>supra</strong></span> <span class='ocrx_word' id='word_1_747' title='bbox 1973 5771 2159 5827; x_wconf 90' lang='lat' dir='ltr'><strong>omnia</strong></span> 
     </span>
    </p>
   </div>
   <div class='ocr_carea' id='block_1_104' title="bbox 573 5861 2159 5936">
    <p class='ocr_par' dir='ltr' id='par_1_104' title="bbox 573 5861 2159 5936">
     <span class='ocr_line' id='line_1_104' title="bbox 573 5861 2159 5936; baseline 0 -17"><span class='ocrx_word' id='word_1_748' title='bbox 573 5861 1113 5935; x_wconf 84' lang='lat' dir='ltr'><strong>incomparabilem?</strong></span> <span class='ocrx_word' id='word_1_749' title='bbox 1144 5862 1250 5922; x_wconf 89' lang='lat' dir='ltr'><strong>Sed</strong></span> <span class='ocrx_word' id='word_1_750' title='bbox 1284 5871 1457 5936; x_wconf 85' lang='lat' dir='ltr'><strong>patet,</strong></span> <span class='ocrx_word' id='word_1_751' title='bbox 1493 5863 1549 5920; x_wconf 90' lang='lat' dir='ltr'><strong>in</strong></span> <span class='ocrx_word' id='word_1_752' title='bbox 1582 5863 1788 5934; x_wconf 83' lang='lat' dir='ltr'><strong>quibus</strong></span> <span class='ocrx_word' id='word_1_753' title='bbox 1831 5863 2035 5922; x_wconf 88' lang='lat' dir='ltr'><strong>dicitur</strong></span> <span class='ocrx_word' id='word_1_754' title='bbox 2076 5863 2159 5920; x_wconf 80' lang='lat' dir='ltr'><strong>fa-</strong></span> 
     </span>
    </p>
   </div>
   <div class='ocr_carea' id='block_1_105' title="bbox 2256 4655 3845 4734">
    <p class='ocr_par' dir='ltr' id='par_1_105' title="bbox 2256 4655 3845 4734">
     <span class='ocr_line' id='line_1_105' title="bbox 2256 4655 3845 4734; baseline 0.003 -24"><span class='ocrx_word' id='word_1_755' title='bbox 2256 4655 2348 4711; x_wconf 77' lang='grc' dir='ltr'><strong>τὸν</strong></span> <span class='ocrx_word' id='word_1_756' title='bbox 2378 4657 2663 4728; x_wconf 88' lang='grc' dir='ltr'>λικμῶντα</span> <span class='ocrx_word' id='word_1_757' title='bbox 2697 4659 2844 4728; x_wconf 79' lang='grc' dir='ltr'>ὑμᾶς</span> <span class='ocrx_word' id='word_1_758' title='bbox 2877 4659 3099 4730; x_wconf 76' lang='grc' dir='ltr'>ἔλεγχον</span> <span class='ocrx_word' id='word_1_759' title='bbox 3120 4661 3220 4731; x_wconf 82' lang='grc' dir='ltr'>τῆς</span> <span class='ocrx_word' id='word_1_760' title='bbox 3253 4661 3511 4725; x_wconf 78' lang='grc' dir='ltr'>ἀσεϐείας</span> <span class='ocrx_word' id='word_1_761' title='bbox 3545 4663 3845 4734; x_wconf 82' lang='grc' dir='ltr'>παραχρῆ-</span> 
     </span>
    </p>
   </div>
   <div class='ocr_carea' id='block_1_106' title="bbox 2262 4751 3848 4825">
    <p class='ocr_par' dir='ltr' id='par_1_106' title="bbox 2262 4751 3848 4825">
     <span class='ocr_line' id='line_1_106' title="bbox 2262 4751 3848 4825; baseline 0.002 -18"><span class='ocrx_word' id='word_1_762' title='bbox 2262 4768 2340 4823; x_wconf 84' lang='grc' dir='ltr'><strong>μα</strong></span> <span class='ocrx_word' id='word_1_763' title='bbox 2359 4751 2493 4822; x_wconf 88' lang='grc' dir='ltr'>ὑμῖν</span> <span class='ocrx_word' id='word_1_764' title='bbox 2524 4752 2970 4823; x_wconf 81' lang='grc' dir='ltr'>ὲπισκήπτοντα.</span> <span class='ocrx_word' id='word_1_765' title='bbox 2993 4754 3156 4825; x_wconf 80' lang='grc' dir='ltr'>δῆλον</span> <span class='ocrx_word' id='word_1_766' title='bbox 3182 4755 3264 4809; x_wconf 86' lang='grc' dir='ltr'><strong>ὅτι</strong></span> <span class='ocrx_word' id='word_1_767' title='bbox 3289 4755 3390 4810; x_wconf 80' lang='grc' dir='ltr'><strong>οὐκ</strong></span> <span class='ocrx_word' id='word_1_768' title='bbox 3417 4756 3659 4825; x_wconf 75' lang='grc' dir='ltr'>εὐλόγως</span> <span class='ocrx_word' id='word_1_769' title='bbox 3677 4772 3692 4786; x_wconf 88' lang='grc'><strong>·</strong></span> <span class='ocrx_word' id='word_1_770' title='bbox 3725 4756 3848 4810; x_wconf 77' lang='grc' dir='ltr'>ἐπεὶ</span> 
     </span>
    </p>
   </div>
   <div class='ocr_carea' id='block_1_107' title="bbox 2257 4842 3845 4919">
    <p class='ocr_par' dir='ltr' id='par_1_107' title="bbox 2257 4842 3845 4919">
     <span class='ocr_line' id='line_1_107' title="bbox 2257 4842 3845 4919; baseline 0.004 -23"><span class='ocrx_word' id='word_1_771' title='bbox 2257 4845 2315 4896; x_wconf 80' lang='grc' dir='ltr'>ὲν</span> <span class='ocrx_word' id='word_1_772' title='bbox 2361 4845 2477 4907; x_wconf 79' lang='grc' dir='ltr'>τοῖς</span> <span class='ocrx_word' id='word_1_773' title='bbox 2511 4842 2696 4908; x_wconf 78' lang='grc' dir='ltr'>ἄλλοις</span> <span class='ocrx_word' id='word_1_774' title='bbox 2735 4845 3025 4917; x_wconf 87' lang='grc' dir='ltr'>πράγμασι</span> <span class='ocrx_word' id='word_1_775' title='bbox 3066 4849 3353 4917; x_wconf 81' lang='grc' dir='ltr'>φυσικοῖς,</span> <span class='ocrx_word' id='word_1_776' title='bbox 3396 4847 3560 4901; x_wconf 84' lang='grc' dir='ltr'>τοῦτο</span> <span class='ocrx_word' id='word_1_777' title='bbox 3621 4847 3845 4919; x_wconf 76' lang='grc' dir='ltr'>βλέπετε</span> 
     </span>
    </p>
   </div>
   <div class='ocr_carea' id='block_1_108' title="bbox 2258 4936 3844 5011">
    <p class='ocr_par' dir='ltr' id='par_1_108' title="bbox 2258 4936 3844 5011">
     <span class='ocr_line' id='line_1_108' title="bbox 2258 4936 3844 5011; baseline 0.001 -19"><span class='ocrx_word' id='word_1_778' title='bbox 2258 4936 2586 4999; x_wconf 82' lang='grc' dir='ltr'>καθολικῶς,</span> <span class='ocrx_word' id='word_1_779' title='bbox 2622 4939 2718 4993; x_wconf 78' lang='grc' dir='ltr'>καὶ</span> <span class='ocrx_word' id='word_1_780' title='bbox 2746 4939 2804 4992; x_wconf 84' lang='grc' dir='ltr'>ὲν</span> <span class='ocrx_word' id='word_1_781' title='bbox 2834 4937 2912 5010; x_wconf 85' lang='grc' dir='ltr'>τῷ</span> <span class='ocrx_word' id='word_1_782' title='bbox 2939 4938 3084 5010; x_wconf 82' lang='grc' dir='ltr'>ὑπὲρ</span> <span class='ocrx_word' id='word_1_783' title='bbox 3112 4940 3277 5008; x_wconf 77' lang='grc' dir='ltr'>φύσιν</span> <span class='ocrx_word' id='word_1_784' title='bbox 3304 4942 3400 4994; x_wconf 72' lang='grc' dir='ltr'><strong>καὶ</strong></span> <span class='ocrx_word' id='word_1_785' title='bbox 3432 4941 3590 5011; x_wconf 77' lang='grc' dir='ltr'>παρὰ</span> <span class='ocrx_word' id='word_1_786' title='bbox 3615 4941 3686 4994; x_wconf 78' lang='grc' dir='ltr'>τὰ</span> <span class='ocrx_word' id='word_1_787' title='bbox 3712 4941 3844 4996; x_wconf 73' lang='grc' dir='ltr'>ἄλλα</span> 
     </span>
    </p>
   </div>
   <div class='ocr_carea' id='block_1_109' title="bbox 2258 5030 3845 5102">
    <p class='ocr_par' dir='ltr' id='par_1_109' title="bbox 2258 5030 3845 5102">
     <span class='ocr_line' id='line_1_109' title="bbox 2258 5030 3845 5102; baseline 0.001 -19"><span class='ocrx_word' id='word_1_788' title='bbox 2258 5030 2372 5084; x_wconf 82' lang='grc' dir='ltr'>ὁντι</span> <span class='ocrx_word' id='word_1_789' title='bbox 2399 5030 2488 5084; x_wconf 78' lang='grc' dir='ltr'><strong>τὸν</strong></span> <span class='ocrx_word' id='word_1_790' title='bbox 2511 5030 2670 5099; x_wconf 90' lang='grc' dir='ltr'>λόγον</span> <span class='ocrx_word' id='word_1_791' title='bbox 2698 5032 2879 5102; x_wconf 81' lang='grc' dir='ltr'>Λόγῳ,</span> <span class='ocrx_word' id='word_1_792' title='bbox 2905 5031 3066 5086; x_wconf 86' lang='grc' dir='ltr'>τοῦτο</span> <span class='ocrx_word' id='word_1_793' title='bbox 3087 5032 3266 5102; x_wconf 80' lang='grc' dir='ltr'>ὀρθῶς</span> <span class='ocrx_word' id='word_1_794' title='bbox 3300 5033 3578 5102; x_wconf 76' lang='grc' dir='ltr'>φαίνεσθε.</span> <span class='ocrx_word' id='word_1_795' title='bbox 3610 5034 3845 5086; x_wconf 81' lang='grc' dir='ltr'>Δὺτόθεν</span> 
     </span>
    </p>
   </div>
   <div class='ocr_carea' id='block_1_110' title="bbox 2259 5122 3844 5196">
    <p class='ocr_par' dir='ltr' id='par_1_110' title="bbox 2259 5122 3844 5196">
     <span class='ocr_line' id='line_1_110' title="bbox 2259 5122 3844 5196; baseline 0.001 -20"><span class='ocrx_word' id='word_1_796' title='bbox 2259 5123 2316 5176; x_wconf 89' lang='grc' dir='ltr'>δὲ</span> <span class='ocrx_word' id='word_1_797' title='bbox 2340 5125 2390 5176; x_wconf 80' lang='grc' dir='ltr'><strong>οἱ</strong></span> <span class='ocrx_word' id='word_1_798' title='bbox 2416 5122 2506 5177; x_wconf 80' lang='grc' dir='ltr'><strong>διὰ</strong></span> <span class='ocrx_word' id='word_1_799' title='bbox 2531 5124 2701 5196; x_wconf 80' lang='grc' dir='ltr'>τιμὴν</span> <span class='ocrx_word' id='word_1_800' title='bbox 2727 5123 3205 5196; x_wconf 73' lang='grc' dir='ltr'>προσποιούμενοι,</span> <span class='ocrx_word' id='word_1_801' title='bbox 3233 5124 3334 5194; x_wconf 80' lang='grc' dir='ltr'>τῆς</span> <span class='ocrx_word' id='word_1_802' title='bbox 3363 5123 3668 5189; x_wconf 75' lang='grc' dir='ltr'>συνθέσεως</span> <span class='ocrx_word' id='word_1_803' title='bbox 3699 5125 3844 5178; x_wconf 74' lang='grc' dir='ltr'>ἐλευ-</span> 
     </span>
    </p>
   </div>
   <div class='ocr_carea' id='block_1_111' title="bbox 2262 5216 3840 5288">
    <p class='ocr_par' dir='ltr' id='par_1_111' title="bbox 2262 5216 3840 5288">
     <span class='ocr_line' id='line_1_111' title="bbox 2262 5216 3840 5288; baseline -0.001 -17"><span class='ocrx_word' id='word_1_804' title='bbox 2262 5216 2457 5288; x_wconf 89' lang='grc' dir='ltr'>θεροῦν</span> <span class='ocrx_word' id='word_1_805' title='bbox 2486 5216 2548 5270; x_wconf 78' lang='grc' dir='ltr'><strong>τὸ</strong></span> <span class='ocrx_word' id='word_1_806' title='bbox 2581 5216 2760 5280; x_wconf 85' lang='grc' dir='ltr'>Θεῖον,</span> <span class='ocrx_word' id='word_1_807' title='bbox 2780 5217 2884 5288; x_wconf 71' lang='grc' dir='ltr'><strong>ἠδη</strong></span> <span class='ocrx_word' id='word_1_808' title='bbox 2917 5216 3038 5271; x_wconf 86' lang='grc' dir='ltr'>λίαν</span> <span class='ocrx_word' id='word_1_809' title='bbox 3064 5217 3322 5286; x_wconf 87' lang='grc' dir='ltr'>ἀθέσμως</span> <span class='ocrx_word' id='word_1_810' title='bbox 3359 5217 3492 5270; x_wconf 81' lang='grc' dir='ltr'>αὐτὸ</span> <span class='ocrx_word' id='word_1_811' title='bbox 3517 5218 3840 5288; x_wconf 72' lang='grc' dir='ltr'>ἠτιμάσατε.</span> 
     </span>
    </p>
   </div>
   <div class='ocr_carea' id='block_1_112' title="bbox 2259 5301 3843 5380">
    <p class='ocr_par' dir='ltr' id='par_1_112' title="bbox 2259 5301 3843 5380">
     <span class='ocr_line' id='line_1_112' title="bbox 2259 5301 3843 5380; baseline 0 -20"><span class='ocrx_word' id='word_1_812' title='bbox 2259 5307 2498 5376; x_wconf 73' lang='grc' dir='ltr'>οἰόμενοι</span> <span class='ocrx_word' id='word_1_813' title='bbox 2529 5307 2694 5378; x_wconf 82' lang='grc' dir='ltr'>μηδὲν</span> <span class='ocrx_word' id='word_1_814' title='bbox 2723 5306 2867 5378; x_wconf 76' lang='grc' dir='ltr'>ἔχειν</span> <span class='ocrx_word' id='word_1_815' title='bbox 2891 5308 2994 5378; x_wconf 81' lang='grc' dir='ltr'>τὴν</span> <span class='ocrx_word' id='word_1_816' title='bbox 3015 5307 3182 5362; x_wconf 78' lang='grc' dir='ltr'>αὐτοῦ</span> <span class='ocrx_word' id='word_1_817' title='bbox 3206 5306 3369 5376; x_wconf 74' lang='grc' dir='ltr'>φύσιν</span> <span class='ocrx_word' id='word_1_818' title='bbox 3399 5301 3678 5380; x_wconf 75' lang='grc' dir='ltr'>ἐξαίρετον</span> <span class='ocrx_word' id='word_1_819' title='bbox 3700 5308 3843 5377; x_wconf 68' lang='grc' dir='ltr'>παρὰ</span> 
     </span>
    </p>
   </div>
   <div class='ocr_carea' id='block_1_113' title="bbox 2259 5399 3843 5472">
    <p class='ocr_par' dir='ltr' id='par_1_113' title="bbox 2259 5399 3843 5472">
     <span class='ocr_line' id='line_1_113' title="bbox 2259 5399 3843 5472; baseline -0.001 -19"><span class='ocrx_word' id='word_1_820' title='bbox 2259 5400 2328 5453; x_wconf 70' lang='grc' dir='ltr'><strong>τὰ</strong></span> <span class='ocrx_word' id='word_1_821' title='bbox 2356 5399 2522 5454; x_wconf 86' lang='grc' dir='ltr'>λοιπά</span> <span class='ocrx_word' id='word_1_822' title='bbox 2551 5401 2802 5470; x_wconf 85' lang='grc' dir='ltr'>γνωστά·</span> <span class='ocrx_word' id='word_1_823' title='bbox 2829 5400 2910 5472; x_wconf 78' lang='grc' dir='ltr'>διὸ</span> <span class='ocrx_word' id='word_1_824' title='bbox 2929 5399 3146 5454; x_wconf 84' lang='grc' dir='ltr'>δύναιτο</span> <span class='ocrx_word' id='word_1_825' title='bbox 3175 5399 3241 5454; x_wconf 79' lang='grc' dir='ltr'>ἂν</span> <span class='ocrx_word' id='word_1_826' title='bbox 3274 5399 3396 5454; x_wconf 85' lang='grc' dir='ltr'>καθ’</span> <span class='ocrx_word' id='word_1_827' title='bbox 3430 5401 3599 5470; x_wconf 79' lang='grc' dir='ltr'>ὑμᾶς,</span> <span class='ocrx_word' id='word_1_828' title='bbox 3629 5401 3843 5470; x_wconf 78' lang='grc' dir='ltr'>ὁμοίους</span> 
     </span>
    </p>
   </div>
   <div class='ocr_carea' id='block_1_114' title="bbox 2260 5491 3843 5567">
    <p class='ocr_par' dir='ltr' id='par_1_114' title="bbox 2260 5491 3843 5567">
     <span class='ocr_line' id='line_1_114' title="bbox 2260 5491 3843 5567; baseline 0.001 -23"><span class='ocrx_word' id='word_1_829' title='bbox 2260 5491 2457 5562; x_wconf 85' lang='grc' dir='ltr'>λόγους</span> <span class='ocrx_word' id='word_1_830' title='bbox 2483 5495 2600 5557; x_wconf 85' lang='grc' dir='ltr'>τοῖς</span> <span class='ocrx_word' id='word_1_831' title='bbox 2623 5495 2792 5547; x_wconf 82' lang='grc' dir='ltr'>πᾶσιν</span> <span class='ocrx_word' id='word_1_832' title='bbox 2820 5494 3309 5566; x_wconf 70' lang='grc' dir='ltr'>εἰσπραττόμενος.</span> <span class='ocrx_word' id='word_1_833' title='bbox 3350 5495 3448 5548; x_wconf 73' lang='grc' dir='ltr'>καὶ</span> <span class='ocrx_word' id='word_1_834' title='bbox 3478 5492 3616 5567; x_wconf 77' lang='grc' dir='ltr'>πρὸς</span> <span class='ocrx_word' id='word_1_835' title='bbox 3660 5494 3843 5546; x_wconf 84' lang='grc' dir='ltr'>σύνθε-</span> 
     </span>
    </p>
   </div>
   <div class='ocr_carea' id='block_1_115' title="bbox 2264 5585 3209 5657">
    <p class='ocr_par' dir='ltr' id='par_1_115' title="bbox 2264 5585 3209 5657">
     <span class='ocr_line' id='line_1_115' title="bbox 2264 5585 3209 5657; baseline -0.001 -17"><span class='ocrx_word' id='word_1_836' title='bbox 2264 5603 2347 5640; x_wconf 88' lang='grc' dir='ltr'><strong>σιν</strong></span> <span class='ocrx_word' id='word_1_837' title='bbox 2375 5586 2532 5655; x_wconf 79' lang='grc' dir='ltr'>ἥκειν</span> <span class='ocrx_word' id='word_1_838' title='bbox 2570 5585 2664 5640; x_wconf 73' lang='grc' dir='ltr'>καὶ</span> <span class='ocrx_word' id='word_1_839' title='bbox 2696 5585 2856 5649; x_wconf 77' lang='grc' dir='ltr'>αὐτὸς</span> <span class='ocrx_word' id='word_1_840' title='bbox 2886 5585 2986 5638; x_wconf 74' lang='grc' dir='ltr'><strong>σὺν</strong></span> <span class='ocrx_word' id='word_1_841' title='bbox 3014 5585 3209 5657; x_wconf 76' lang='grc' dir='ltr'>ἑτέρῳ.</span> 
     </span>
    </p>
   </div>
   <div class='ocr_carea' id='block_1_116' title="bbox 2333 5675 3844 5750">
    <p class='ocr_par' dir='ltr' id='par_1_116' title="bbox 2333 5675 3844 5750">
     <span class='ocr_line' id='line_1_116' title="bbox 2333 5675 3844 5750; baseline -0.001 -18"><span class='ocrx_word' id='word_1_842' title='bbox 2333 5679 2446 5732; x_wconf 76' lang='grc' dir='ltr'><strong>Καὶ</strong></span> <span class='ocrx_word' id='word_1_843' title='bbox 2476 5677 2581 5732; x_wconf 87' lang='grc' dir='ltr'><strong>ποῦ</strong></span> <span class='ocrx_word' id='word_1_844' title='bbox 2613 5678 2768 5749; x_wconf 85' lang='grc' dir='ltr'>ὑμῶν</span> <span class='ocrx_word' id='word_1_845' title='bbox 2786 5679 2843 5733; x_wconf 87' lang='grc' dir='ltr'>αἱ</span> <span class='ocrx_word' id='word_1_846' title='bbox 2865 5677 3230 5750; x_wconf 77' lang='grc' dir='ltr'>προκείμεναι</span> <span class='ocrx_word' id='word_1_847' title='bbox 3252 5677 3656 5749; x_wconf 64' lang='grc' dir='ltr'>ἀπαγορεύσας</span> <span class='ocrx_word' id='word_1_848' title='bbox 3683 5675 3844 5731; x_wconf 72' lang='grc' dir='ltr'>αὐτοῦ</span> 
     </span>
    </p>
   </div>
   <div class='ocr_carea' id='block_1_117' title="bbox 2263 5769 3843 5841">
    <p class='ocr_par' dir='ltr' id='par_1_117' title="bbox 2263 5769 3843 5841">
     <span class='ocr_line' id='line_1_117' title="bbox 2263 5769 3843 5841; baseline -0.002 -18"><span class='ocrx_word' id='word_1_849' title='bbox 2263 5773 2360 5839; x_wconf 77' lang='grc' dir='ltr'>τῆς</span> <span class='ocrx_word' id='word_1_850' title='bbox 2393 5770 2701 5834; x_wconf 86' lang='grc' dir='ltr'>συνθέσεως</span> <span class='ocrx_word' id='word_1_851' title='bbox 2718 5770 2856 5838; x_wconf 72' lang='grc' dir='ltr'>,διὰ</span> <span class='ocrx_word' id='word_1_852' title='bbox 2877 5769 2939 5824; x_wconf 82' lang='grc' dir='ltr'>τὸ</span> <span class='ocrx_word' id='word_1_853' title='bbox 2967 5769 3303 5841; x_wconf 82' lang='grc' dir='ltr'>ἀσύγκριτον</span> <span class='ocrx_word' id='word_1_854' title='bbox 3335 5771 3432 5823; x_wconf 79' lang='grc' dir='ltr'><strong>καὶ</strong></span> <span class='ocrx_word' id='word_1_855' title='bbox 3460 5769 3843 5840; x_wconf 75' lang='grc' dir='ltr'>ἀπαράϐλητον</span> 
     </span>
    </p>
   </div>
   <div class='ocr_carea' id='block_1_118' title="bbox 2263 5859 3840 5935">
    <p class='ocr_par' dir='ltr' id='par_1_118' title="bbox 2263 5859 3840 5935">
     <span class='ocr_line' id='line_1_118' title="bbox 2263 5859 3840 5935; baseline -0.003 -16"><span class='ocrx_word' id='word_1_856' title='bbox 2263 5860 2429 5919; x_wconf 68' lang='grc' dir='ltr'>αὑτοῦ</span> <span class='ocrx_word' id='word_1_857' title='bbox 2461 5863 2562 5934; x_wconf 82' lang='grc' dir='ltr'><strong>τῆς</strong></span> <span class='ocrx_word' id='word_1_858' title='bbox 2614 5863 2830 5935; x_wconf 79' lang='grc' dir='ltr'>φύσεως</span> <span class='ocrx_word' id='word_1_859' title='bbox 2879 5861 3033 5932; x_wconf 76' lang='grc' dir='ltr'>παρὰ</span> <span class='ocrx_word' id='word_1_860' title='bbox 3069 5861 3287 5930; x_wconf 75' lang='grc' dir='ltr'>πάντας</span> <span class='ocrx_word' id='word_1_861' title='bbox 3333 5862 3495 5916; x_wconf 78' lang='grc' dir='ltr'>Ἀλλὰ</span> <span class='ocrx_word' id='word_1_862' title='bbox 3543 5859 3703 5934; x_wconf 76' lang='grc' dir='ltr'>δῆλον</span> <span class='ocrx_word' id='word_1_863' title='bbox 3727 5899 3743 5924; x_wconf 84' lang='grc'><strong>,</strong></span> <span class='ocrx_word' id='word_1_864' title='bbox 3770 5865 3840 5926; x_wconf 66' lang='grc' dir='ltr'>ὡς</span> 
     </span>
    </p>
   </div>
  </div>
