4032 6548
276 461 408 530 ιιιι

1254 462 1649 529 ADVERSUS
1689 463 2239 532 NESTORIANOS.
2265 494 2336 505 -
2361 469 2509 533 LIB.
2552 468 2599 531 Ι.

3388 461 3531 529 1442

269 578 367 633 καὶ
398 575 482 646 ἐφ’
511 564 589 631 ὧν
622 571 837 644 λέγοιτό
863 590 917 628 τι
958 570 1134 628 ποιεῖν
1161 573 1196 646 ἢ
1224 574 1455 646 πάσχειν
1487 576 1620 640 Θεὸς
1649 576 1679 628 ό
1712 575 1833 646 ὑπὲξ

1953 593 2078 635 cere
2110 579 2198 635 vel
2225 580 2339 650 pati
2367 580 2514 635 Deus
2538 577 2636 648 qui
2661 591 2828 649 supra
2856 591 2960 634 nos
2981 584 3086 644 est,
3110 591 3223 633 non
3245 577 3392 634 sicut
3424 593 3529 635 nos

266 670 437 742 ἡμᾶς,
468 669 567 740 οὐχ
611 667 814 738 ὁμοίως
847 668 980 739 ἡμῖν
1007 668 1064 721 ὲν
1089 665 1266 721 τοῖσδε
1317 666 1628 739 θεωρεῖται,
1660 668 1710 721 εί
1752 669 1849 721 καὶ

263 764 379 825 τοῖς
408 760 593 825 αὐτοῖς
619 761 754 832 ἡμῖν
780 757 1104 813 ὑποϐάλοιτο
1131 758 1334 829 λόγοις,
1362 759 1525 814 τινῶν
1543 759 1849 831 γινομένων

264 854 386 906 κατ’
416 852 731 923 οἰκονομίαν
761 850 928 905 αὐτοῦ
947 890 963 916 ,
994 851 1075 915 είς
1103 850 1382 921 σωτηρίαν
1405 850 1848 922 ἡμῶνθδιαφόρῳ

263 945 374 1016 γὰρ
400 944 587 1015 τρόπῳ
636 942 885 1012 ἀναλόγῳ
930 942 1033 1013 τῆς
1068 942 1205 1007 ιδίας
1227 942 1462 1012 φύσεως.
1494 942 1709 1013 Ὠσπερ
1737 942 1848 1013 γὰρ

263 1038 361 1091 καὶ
410 1039 605 1109 γεννᾷν
647 1033 852 1107 ὁμοίως
885 1035 1018 1105 ἡμῖν
1066 1033 1361 1105 λεγόμενος
1404 1033 1498 1087 καὶ⁵
1528 1032 1842 1102 γεννᾶσθαι,

262 1134 362 1202 οὐχ
398 1131 721 1203 ὁμοτρόπως
768 1129 968 1197 πάντη,
1001 1127 1139 1182 ἀλλὰ
1179 1128 1273 1182 καὶ
1300 1128 1442 1200 ὑπὲρ
1483 1128 1671 1199 ἡμᾶς’
1701 1125 1847 1180 οὕτω

262 1221 361 1275 καὶ
391 1218 796 1291 συντιθέμενος,
826 1221 884 1273 ἐν
917 1219 1190 1289 κρείττονι
1213 1219 1357 1289 λόγῳ
1386 1218 1496 1271 τῶν
1528 1217 1650 1271 καθ’
1673 1218 1840 1288 ἡμᾶς.

263 1312 401 1369 Ούδὲ
429 1313 534 1385 γὰρ
562 1314 618 1366 έν
647 1314 760 1375 τοῖς
779 1312 1061 1382 φθαρτοῖς,
1082 1313 1129 1365 εί
1155 1312 1246 1365 καὶ
1270 1311 1483 1379 λέγοιτο
1508 1310 1601 1363 ἐπὶ
1626 1309 1845 1363 πάντων

264 1403 546 1470 σύνθεσις,
571 1406 599 1457 ό
625 1403 788 1467 αὐτὸς
832 1402 990 1471 λόγος
1023 1404 1116 1456 καὶ
1143 1403 1346 1473 τρόπος
1385 1402 1478 1457 ἰπὶ
1506 1402 1688 1472 πάσης
1714 1417 1844 1454 συν-

264 1495 486 1560 θέσεως,
546 1494 663 1548 ἀλλ’
720 1493 937 1556 οἰκείως
995 1494 1110 1565 ἔχει
1162 1494 1257 1548 ἐπὶ
1314 1495 1550 1565 ἑκάστης
1606 1492 1841 1563 φύσεως.

274 1586 463 1657 Ὑμεῖς
491 1586 548 1639 δὲ
574 1586 668 1639 νῦν
695 1586 771 1650 ὡς
805 1587 905 1657 τῆς
935 1586 1106 1657 αὐτῆς
1131 1587 1262 1640 ὅντα
1294 1587 1385 1639 τὸν
1418 1585 1551 1639 Θεὸν
1588 1586 1701 1649 τοτς
1728 1601 1845 1637 κτι-

265 1680 409 1742 στοῖς
432 1678 642 1741 οὐσίας,
676 1678 780 1731 ὑπὸ
805 1679 913 1731 τῶν
944 1679 1125 1732 αὐτῶν
1146 1680 1214 1731 τὰ
1243 1681 1334 1731 καὶ
1365 1677 1574 1742 τούτοις
1606 1676 1841 1747 συμϐαί-

262 1788 445 1835 νοντα,
484 1770 578 1823 καὶ
608 1769 756 1839 αὐτῷ
784 1769 1013 1822 ἔπεσθαι
1038 1767 1310 1840 νομίζετε.
1349 1769 1533 1840 Μόνην
1559 1764 1653 1824 οὖν
1687 1768 1841 1821 ἔσται

260 1866 402 1918 νοεῖν
453 1861 577 1916 καθ’
624 1861 768 1932 ὑμᾶς
824 1861 1039 1932 φύσεως
1092 1860 1242 1925 θείας
1296 1860 1697 1932 μακαριότητα,
1743 1858 1842 1930 τὴν

259 1954 513 2033 ἔκκλισίν,
549 1972 609 2008 τε
651 1954 745 2008 καὶ
784 1954 1110 2025 παραίτησιν
1135 1953 1305 2023 αὐτῆς
1336 1955 1436 2025 τὴν
1470 1953 1579 2007 ἀπὸ
1611 1953 1719 2007 τῶν
1748 1952 1838 2005 δο-

260 2046 501 2102 κούντων
529 2047 928 2118 εὐτελεστέρων
949 2048 1043 2101 κα)⁸
1070 2046 1564 2119 ταλαιπωροτέρων
1596 2045 1693 2100 καὶ
1721 2047 1840 2099 ἀτι-

263 2144 511 2216 μοτέρων
554 2140 848 2203 διαθέσεων
872 2182 886 2205 ,
941 2141 1002 2194 οὐ
1031 2141 1129 2211 τὴν
1160 2141 1303 2194 κατά
1344 2140 1509 2209 φύσιν
1546 2140 1643 2196 καὶ
1685 2140 1839 2211 ἰσχὺν

258 2236 490 2307 οὐσιώδη
526 2236 635 2289 τῶν
658 2232 918 2288 τοιούτων
957 2233 1233 2304 ὑπεροχὴν
1260 2233 1353 2286 καὶ
1376 2231 1712 2304 ἐλευθερίαν,
1744 2231 1841 2285 καὶ

263 2329 327 2383 τὸ
348 2329 485 2401 πρὸς
508 2329 607 2392 τὰς
652 2325 910 2392 τοιαύτας
949 2327 1311 2391 ταπεινώσεις
1345 2328 1620 2392 οὐσιωδῶς
1665 2328 1838 2399 ἀμέθ-

258 2437 417 2477 εκτον
442 2421 537 2476 καὶ
556 2420 948 2490 ἀνυπόδλητον.
965 2418 1123 2475 Οῦτω
1150 2420 1194 2474 δ’
1221 2416 1314 2475 οὖν
1342 2420 1461 2489 ὥρα
1485 2421 1629 2490 ὑμᾶς
1657 2421 1751 2473 καὶ
1777 2419 1839 2474 τὸ

258 2513 493 2586 ἀόρατον
520 2512 707 2578 αὐτοῦ,
748 2512 825 2585 μὴ
849 2513 913 2565 ὲκ
953 2510 1189 2582 φύσεως,
1222 2511 1338 2566 ἀλλ’
1370 2513 1428 2580 ἐξ
1472 2512 1838 2585 ἀποκρύψεώς

256 2624 402 2671 τινος
478 2606 933 2679 ἀντιφράττοντος
1007 2605 1155 2677 αὑτῷ
1233 2606 1371 2678 πρὸς
1452 2607 1637 2660 πᾶσαν
1712 2605 1838 2676 ὄψιν

258 2702 587 2757 ὑποπτεύειν
606 2718 618 2732 ·
640 2702 736 2756 καλ⁵
769 2703 829 2758 τδ
858 2703 1136 2775 ἄφθαρτον
1167 2701 1276 2774 ἄρα
1309 2701 1488 2764 τοῦδε,
1518 2700 1596 2771 τῷ
1630 2699 1704 2771 μὴ
1728 2718 1837 2754 πα·-

258 2795 572 2868 ρεμϐαλεϊν,
596 2795 713 2851 ἀλλ’
739 2796 1105 2867 ἀφεστηκέναι
1134 2795 1245 2849 τῶν
1286 2795 1417 2866 παρ’
1443 2796 1578 2866 ἡμῖν
1610 2793 1836 2864 φθαρτι-

257 2886 370 2940 κῶν
401 2887 600 2954 τόπων,
630 2887 727 2942 καὶ
773 2887 942 2942 ποιῶν
987 2886 1177 2941 παθῶν
1209 2904 1267 2941 τε
1301 2887 1395 2941 καὶ
1424 2885 1715 2958 ἐνεργειῶν
1743 2885 1837 2939 καὶ

258 2977 447 3043 ἁπλῶς
501 2980 690 3050 πάσης·
736 2981 835 3049 τῆς
866 2976 1213 3033 κατ”αὐτοῦ
1283 2977 1618 3049 ὲπιϐουλῆςσ
1676 2977 1837 3030 τοῦτο

257 3068 351 3125 οὖν
399 3070 518 3126 δέον
549 3072 666 3125 ἐστὶ
702 3075 843 3127 νοεῖν
870 3072 1050 3143 ὑμᾶς·
1104 3070 1165 3124 τὸ
1199 3070 1294 3124 καλ⁸
1339 3070 1645 3142 μειρακίοις
1678 3071 1837 3141 εὔδη-

255 3162 369 3223 λον,
422 3163 497 3227 ὡς
554 3156 630 3218 ὧν
682 3165 737 3219 αἱ
790 3163 982 3234 φύσεις
1041 3164 1309 3233 διάφοροι,
1377 3162 1583 3217 τούτων
1636 3164 1729 3217 καὶ
1776 3165 1832 3217 αί

258 3254 534 3319 συνθέσεις
558 3272 572 3286 ’
611 3255 707 3309 καὶ
731 3256 801 3311 τὰ
830 3254 1056 3319 ταύταις
1079 3254 1460 3325 παρεπόμενα,
1488 3254 1745 3324 διάφορα.

327 3346 452 3410 Πῶς
473 3342 565 3401 οῦν
592 3348 638 3400 εί
660 3347 721 3401 τὸ
739 3348 997 3418 διάφορον
1016 3347 1118 3418 τῆς
1140 3347 1289 3411 θείας
1312 3346 1532 3417 φύσεως
1557 3346 1632 3419 μὴ
1654 3349 1835 3419 ἀρνεῖ-

258 3437 356 3492 σθε
386 3439 523 3507 πρὸς
547 3441 720 3510 ἡμᾶς,
762 3440 821 3494 τὸ
847 3441 1035 3512 ὅμοιον
1063 3441 1164 3510 τῆς
1192 3440 1497 3504 συνθέσεως
1524 3441 1697 3511 αὐτῆς
1725 3442 1835 3494 ἀπ-

257 3531 460 3586 αιτεῖτε
515 3530 641 3585 καθ’
683 3533 866 3603 ήμᾶς;
924 3532 1066 3586 Ἀλλ’
1102 3532 1274 3595 ὅντως
1305 3531 1368 3585 τὸ
1396 3532 1572 3596 οὓτως
1608 3531 1832 3586 εὖκολον

256 3620 411 3693 ὑμῶν
467 3622 547 3685 εἰς
593 3622 853 3677 ἀσέϐειαν
903 3623 1232 3695 φρίξαντες,
1310 3624 1423 3677 δεῖν
1488 3625 1635 3696 ὑμᾶς
1696 3626 1831 3678 ὐπο-

257 3712 589 3784 μιμνὴσκειν
636 3714 963 3784 νομίζομεν,
1015 3715 1100 3768 ὅτι
1138 3719 1550 3787 γραμματικοῖς
1587 3717 1689 3787 μὲν
1724 3718 1831 3786 φά-

258 3820 448 3858 σκουσι
484 3804 895 3875 σεσημειῶσθαί
924 3822 1047 3859 τινα
1075 3806 1223 3873 λέξιν
1253 3809 1313 3861 ὲν
1336 3810 1455 3871 τοῖς
1513 3807 1666 3872 ἰδίοις
1695 3809 1831 3863 καθ-

256 3896 460 3959 ολικοῖς
507 3895 718 3963 κανόσι,
742 3896 1185 3969 παραχωροῦμεν
1229 3898 1324 3953 καὶ
1360 3898 1705 3971 ἀνεχόμεθα,
1757 3900 1831 3971 μὴ

257 3986 611 4057 προτιθέντες
640 3990 738 4059 τῆς
765 3989 1015 4061 χρήσεως
1044 3990 1137 4044 τὸν
1162 3992 1368 4045 κανόνα
1390 4011 1402 4025 ·
1452 3992 1695 4063 προτέρα
1721 3992 1831 4064 γὰρ

160 4132 163 4135 λ
253 4078 427 4151 αὕτη*
474 4080 569 4136 καὶ
598 4081 707 4154 γὰρ
738 4085 766 4137 ό
789 4084 969 4138 κανὼν
995 4088 1092 4156 τῆς
1121 4087 1441 4157 ἀναλογίας,
1477 4090 1542 4143 ὲκ
1570 4090 1669 4160 τῆς
1695 4092 1832 4161 χρή-

254 4191 395 4238 σεως
421 4172 652 4245 εὕρηται
678 4174 863 4239 αὐτοῖς
879 4191 893 4205 °
926 4177 1022 4229 καὶ
1045 4179 1142 4248 οὐχ
1169 4180 1203 4248 ἡ
1227 4178 1447 4250 χρῆσις,
1470 4182 1536 4234 ἐκ
1554 4180 1648 4235 τοῦ
1672 4182 1833 4236 κανό-

252 4283 343 4331 νος
368 4266 658 4338 εἴληπται·
688 4268 784 4320 καὶ
813 4267 1027 4337 βασιλεῖ
1049 4270 1179 4333 τοὺς
1202 4270 1399 4340 νόμους
1429 4272 1827 4344 ύποτάττομεν,

251 4358 314 4412 οὐ
344 4360 456 4422 τοῖς
486 4358 670 4429 νόμοις
705 4358 795 4412 τὸν
823 4357 1072 4430 βασιλέα.
1104 4361 1208 4415 Τὸν
1235 4362 1291 4416 δὲ
1315 4363 1450 4418 Θεὸν
1478 4364 1571 4418 τὸν
1595 4366 1703 4436 πρὸ
1724 4367 1830 4422 πάι

254 4465 355 4519 σης
397 4466 457 4502 τε
512 4450 779 4515 κτίσεως,
839 4452 933 4505 καὶ
987 4452 1172 4524 πάσης
1217 4455 1523 4521 συνθέσεως
1567 4458 1825 4531 εὑρετὴν,

250 4540 423 4605 οὕτως
452 4542 713 4612 ἀξιοῦμεν
750 4543 825 4612 μὴ
855 4542 1118 4598 δύνασθαι
1152 4546 1304 4618 παρά
1335 4550 1464 4612 τοὺς
1492 4548 1663 4605 πάλαι
1692 4552 1826 4606 ταύ-

1952 672 2008 728 in
2042 672 2130 728 his
2156 688 2284 729 eum
2312 672 2516 736 videri,
2552 670 2657 726 etsi
2689 671 2778 726 his
2819 670 3007 727 verbis
3047 685 3077 725 a
3117 670 3282 726 nobis
3318 685 3530 740 suppo-

1949 773 2145 829 natur;
2162 779 2289 820 cum
2313 765 2565 835 quaedam
2585 777 2751 818 eausa
2772 771 2977 819 nostrae
2997 763 3192 818 salutis
3207 763 3363 833 juxta
3381 774 3532 818 meo—

1948 855 2190 911 nomiam
2226 854 2401 926 ipsius
2435 853 2607 920 ﬁunt;
2648 852 2761 925 agit
2794 854 2944 909 enim
2968 852 3192 909 diverso
3219 853 3404 917 modo,
3428 851 3529 907 sed

1948 956 2321 1003 consentaneo
2339 947 2576 1017 propriae
2590 955 2826 1001 naturaz.
2846 945 3094 1015 Namque
3115 945 3262 1000 sicut
3281 945 3529 1017 genitum

1946 1046 2251 1109 natumque
2276 1038 2448 1093 fuisse
2477 1036 2684 1092 dicitur
2718 1035 2913 1091 eodem
2960 1035 3124 1090 modo
3160 1049 3227 1090 ac
3263 1050 3386 1099 nos,
3417 1048 3529 1088 non

1948 1137 2133 1185 tamen
2162 1130 2391 1185 omnino
2422 1130 2643 1194 eodem,
2676 1129 2771 1185 sed
2807 1140 2864 1185 et
2889 1144 3060 1199 supra
3095 1144 3197 1183 nos
3220 1169 3236 1193 ,
3284 1129 3365 1183 sic
3393 1142 3532 1197 quo«
3614 1200 3617 1201 ν

1946 1238 2055 1294 que
2091 1224 2303 1289 unitus,
2338 1224 2393 1278 in
2420 1225 2649 1279 meliore
2671 1233 2819 1279 sorte
2838 1238 3003 1293 quam
3026 1238 3130 1277 nos
3159 1222 3384 1277 dicitur.
3416 1220 3531 1274 Nec

1945 1318 2094 1372 enim
2124 1317 2431 1373 secundum
2458 1318 2897 1387 corruptionem,
2918 1316 3022 1371 etsi
3041 1332 3140 1386 per
3167 1314 3352 1369 omnia
3382 1312 3529 1367 facta

1944 1406 2117 1463 fuisse
2148 1407 2369 1463 dicatur
2401 1409 2555 1471 unio,
2585 1408 2731 1463 idem
2764 1408 3006 1463 Verbum
3038 1414 3093 1462 et
3124 1420 3362 1476 persona
3398 1420 3531 1475 pro-

1945 1501 2123 1571 priam
2151 1501 2322 1556 habet
2364 1517 2587 1556 omnem
2615 1501 2900 1566 unionem,
2938 1501 3035 1555 sed
3077 1513 3528 1569 unamquamque

1945 1605 2200 1650 naturam
2248 1596 2529 1666 propriam
2579 1595 2765 1650 habet.
2800 1594 2911 1649 Vos
2961 1608 3093 1649 vero
3148 1608 3299 1647 nunc
3350 1592 3527 1646 Deum

1944 1687 2194 1758 ejusdem
2251 1688 2576 1743 substantia:
2637 1704 2736 1751 ac_
2778 1695 3064 1743 creaturas
3110 1700 3234 1741 esse
3264 1727 3279 1751 ,
3346 1698 3527 1755 exque

1945 1778 2140 1835 iisdem
2197 1779 2287 1835 his
2329 1788 2386 1836 et
2442 1779 2518 1835 illi
2575 1779 2885 1835 accidentia
2944 1779 3170 1834 evenire
3241 1776 3528 1832 existima-

1948 1871 2037 1927 tis.
2109 1871 2271 1927 Juxta
2340 1886 2441 1927 vos
2521 1871 2812 1928 beatitudo
2894 1870 3083 1926 divina
3145 1870 3288 1925 nihil
3372 1869 3523 1925 aliud

1944 1962 2052 2018 erit
2076 1977 2240 2032 quam
2275 1962 2517 2033 privatio
2554 1962 3011 2031 desideriumque
3043 1960 3249 2030 ipsius,
3284 1960 3524 2014 obnoxia

1947 2055 2036 2111 bis
2072 2072 2193 2128 qua:
2220 2055 2483 2112 videntur
2514 2056 2733 2119 viliora,
2766 2054 3063 2109 humiliora
3098 2063 3263 2123 atque
3303 2052 3524 2123 ignobi-

1944 2146 2119 2214 liora;
2142 2163 2255 2202 non
2280 2157 2462 2203 autem
2486 2163 2548 2203 ea
2572 2164 2696 2218 qum
2717 2146 2886 2201 habet
2911 2154 3185 2211 naturam,
3215 2144 3520 2215 potentiam

1942 2239 2313 2294 essentialiter
2345 2254 2466 2309 quae
2513 2238 2830 2310 hujusmodi
2871 2231 2999 2293 sunt
3025 2245 3377 2307 superantem
3405 2276 3420 2300 ,
3450 2234 3523 2289 li-

1940 2327 2235 2394 bertatem,
2267 2329 2527 2400 quodque
2571 2345 2697 2384 cum
2732 2328 3055 2399 hujusmodi
3086 2328 3390 2382 humilibus
3417 2340 3526 2382 nec

1941 2422 2205 2477 constitui
2235 2438 2339 2478 nec
2360 2423 2597 2493 supponi
2621 2429 2824 2492 potest.
2861 2421 2941 2476 Ita
2965 2434 3115 2476 nunc
3137 2420 3305 2487 igitur
3332 2418 3527 2474 invisi-

1940 2515 2209 2571 hilitatem
2241 2516 2417 2587 ipsius
2445 2531 2557 2570 non
2605 2531 2671 2571 ex
2715 2525 2912 2570 natura
2959 2528 3107 2580 esse,
3134 2512 3229 2568 sed
3269 2527 3336 2567 ex
3378 2511 3524 2566 facto

1939 2606 2223 2678 cujusdam
2258 2607 2618 2677 semetipsum
2659 2607 2809 2662 omni
2856 2613 3082 2676 aspectu
3137 2602 3525 2660 subtralientis

1940 2698 2331 2769 suspicamini;
2357 2698 2742 2769 munditiaque
2769 2698 2943 2769 ipsius
2970 2714 3077 2753 non
3098 2704 3243 2753 esset
3263 2711 3329 2751 ex
3350 2696 3521 2759 intus,

1939 2792 2034 2847 sed
2063 2808 2131 2847 ex
2162 2793 2470 2848 remotione
2504 2809 2533 2848 a
2566 2793 2703 2849 locis
2733 2809 2835 2848 nos
2876 2792 3280 2863 polluentibus,
3306 2790 3523 2861 passio-

1937 2882 2142 2949 nibus,
2203 2884 2626 2954 operationibus
2673 2870 3114 2955 simpliciterque
3159 2882 3229 2936 ab
3260 2881 3526 2936 omnibus

1939 2986 2133 3031 contra
2159 2977 2337 3048 ipsum
2369 2980 2577 3050 paratis
2608 2978 2847 3034 insidiis.
2904 2976 3017 3032 Hoc
3043 2985 3129 3031 est
3168 2975 3340 3046 igitur
3371 2973 3523 3046 quod

1938 3070 2248 3143 intelligere
2279 3071 2518 3128 debetis.
2542 3072 2811 3142 Quodque
2832 3071 2999 3127 etiam
3028 3065 3275 3141 parvulis
3291 3067 3526 3124 evidens

1935 3174 2040 3230 est,
2070 3180 2306 3236 quorum
2335 3172 2551 3220 natura:
2576 3165 2845 3220 diﬂ'erunt
2874 3165 3073 3219 horum
3114 3178 3337 3234 quoque
3362 3161 3525 3217 unio-

1937 3273 2067 3323 nes;
2100 3272 2329 3327 qumque
2350 3257 2475 3311 illas
2493 3263 2928 3327 consequuntur.

2006 3346 2296 3413 Quomodo
2326 3348 2492 3419 igitur
2533 3346 2580 3402 si
2636 3346 3008 3402 differentiam
3054 3353 3270 3401 natura:
3319 3344 3525 3400 divinat

1934 3451 2047 3491 non
2080 3437 2294 3508 negatis
2324 3436 2489 3491 nobis
2509 3477 2523 3501 ,
2577 3436 3002 3491 similitudinem
3040 3435 3265 3490 unionis
3288 3434 3410 3505 ejus
3437 3433 3525 3487 in-

1934 3529 2145 3584 vocatis
2169 3536 2363 3583 contra
2394 3528 2534 3582 nos?
2567 3526 2674 3583 Sed
2698 3540 2831 3581 vere
2854 3541 2925 3581 ne
2953 3525 3068 3581 cito
3093 3525 3150 3579 in
3176 3523 3521 3594 impietatem

1933 3621 2290 3691 abripiamini
2328 3621 2607 3685 timentes,
2634 3636 2735 3676 vos
2773 3619 3054 3675 recordari
3082 3615 3523 3681 volumus,scri-

1933 3713 2186 3783 ptoribus
2240 3713 2479 3782 aliquam
2533 3712 2829 3767 lectionem
2887 3710 2945 3765 in
2998 3710 3118 3765 suis
3169 3708 3522 3780 generalibus

1935 3802 2139 3874 regulis
2167 3801 2469 3874 significari
2522 3801 2927 3866 asSerentibus,
2987 3815 3091 3855 nos
3117 3800 3318 3855 cedere
3353 3807 3523 3869 atque

1936 3895 2225 3966 indulgere
2250 3935 2265 3961 ,
2307 3911 2375 3950 eo
2401 3894 2549 3965 quod
2586 3894 2934 3950 auctoritatis
2968 3893 3212 3964 regulam
3245 3906 3351 3946 non
3389 3906 3520 3960 pro-

1934 3989 2243 4058 posuimus.
2267 3989 2363 4043 illa
2385 3988 2534 4043 enim
2560 3988 2715 4058 prior
2746 3996 2851 4043 est.
2883 3987 3134 4057 Namque
3162 3984 3349 4056 regula
3381 3998 3521 4037 aua-

1933 4080 2091 4152 logize
2120 4080 2207 4136 his
2237 4096 2305 4137 ex
2326 4080 2655 4137 auctoritate
2680 4080 2998 4146 invenitur;
3032 4092 3144 4135 non
3169 4092 3301 4133 vero
3324 4084 3522 4131 aucto-

1934 4173 2070 4228 ritas
2097 4188 2163 4227 ex
2184 4174 2370 4244 regula
2390 4173 2650 4228 sumitur.
2686 4172 2781 4229 Sic
2801 4172 2913 4243 regi
2934 4172 3081 4243 leges
3108 4170 3518 4241 postponimus,

1932 4278 2043 4321 non
2074 4265 2291 4337 legibus
2322 4282 2528 4338 regem.
2562 4268 2734 4321 Deum
2757 4275 2941 4321 autem
2969 4272 3097 4319 ante
3120 4279 3341 4318 omnem
3363 4278 3523 4318 erea-

1933 4358 2141 4427 tionem
2184 4367 2351 4429 atque
2386 4360 2649 4414 unionem
2697 4358 3067 4422 inventorem,
3094 4365 3296 4427 praeter
3326 4356 3522 4410 solitas

1932 4451 2051 4522 ejus
2074 4452 2243 4522 leges,
2268 4467 2395 4505 cum
2420 4452 2685 4516 voluerit,
2721 4452 2872 4505 uniri
2912 4465 3022 4505 non
3049 4464 3211 4520 posse
3236 4449 3521 4503 existima-

1932 4542 2094 4597 mus?
2122 4543 2217 4598 νει
2239 4543 2449 4614 aliquid
2474 4543 2755 4599 recentius
2781 4558 2843 4598 ac
2874 4541 3295 4598 eonvenientius
3322 4538 3518 4593 unioni

248 4650 350 4703 της
373 4633 570 4704 νόμους
596 4632 933 4704 βουληθέντα
957 4636 1305 4692 συντίθεσθαι
1322 4640 1417 4705 ;Ἢ
1438 4643 1755 4713 καινότερόν
1770 4661 1824 4698 τι

1938 4644 2118 4689 contra
2147 4633 2327 4705 ipsum
2355 4636 2760 4706 praescribere?
2788 4636 3079 4703 Quomodo
3129 4649 3352 4705 quoque
3395 4632 3520 4686 haec

248 4725 345 4777 καὶ
380 4723 714 4796 ἰδικώτερον,
748 4728 814 4796 τῇ
848 4726 971 4779 κατ’
992 4727 1159 4781 αὐτὸν
1190 4729 1441 4784 συνθέσει
1472 4733 1822 4804 νομοθετεῐν;

249 4817 363 4871 Καὶ
412 4815 529 4879 πῶς
573 4814 749 4869 ταῦτα
796 4815 961 4869 πάλιν
1008 4817 1110 4870 οὐκ
1156 4818 1237 4881 εἰς
1273 4819 1374 4890 τὴν
1412 4823 1822 4894 προειρημένην

248 4908 396 4979 ὑμᾶς
443 4906 830 4961 ἀποκλείουσιν
877 4906 1101 4974 ἀθεΐανς
1166 4908 1275 4963 Τοῦ
1327 4912 1464 4981 μηδὲ
1508 4915 1573 4967 ὲκ
1633 4915 1708 4986 μὴ
1733 4915 1823 4969 ὀν-

246 5000 450 5055 τωνοῦν
480 5000 713 5071 ποιητὴν
743 4994 888 5053 εἶναι
915 4999 1163 5065 δοξάζειν
1191 5002 1286 5055 τὸν
1309 5003 1403 5057 τοῦ
1429 5005 1632 5071 παντὸς
1657 5010 1825 5080 Δημι-

246 5096 444 5165 ουργδν
499 5090 591 5144 τὸν
641 5091 735 5145 καὶ
780 5091 1138 5163 σαρκωθέντα
1180 5094 1354 5162 Λόγον
1397 5097 1821 5168 ἀκαταλήπτως.

246 5185 312 5247 Τί
343 5184 400 5238 δὲ
447 5184 543 5237 καὶ
586 5184 734 5255 μόνῳ
766 5183 941 5255 τούτῳ
985 5185 1085 5255 τῆς
1126 5184 1467 5256 θεοπρεποῦς
1516 5190 1824 5257 συνθέσεως

247 5276 579 5348 ὲνεσκέψατε
610 5276 685 5347 τῷ
716 5276 1017 5348 θαυμαστῷ
1038 5321 1054 5345 ,
1101 5278 1150 5330 εἰ
1182 5279 1291 5347 ἀρα
1323 5280 1517 5349 μηδενὶ
1546 5281 1655 5336 τῶν
1681 5284 1823 5356 ὑπὲρ

247 5366 407 5433 λόγον
460 5368 553 5419 καὶ
604 5366 766 5433 φύσιν
812 5367 1092 5438 ἡμετέραν
1148 5368 1479 5438 πιστεύετε;
1548 5374 1660 5426 Καὶ
1710 5375 1822 5444 γὰρ

248 5460 343 5512 καὶ
369 5457 562 5521 ἄλλους
595 5459 726 5528 ὑμῖν
756 5459 950 5527 λόγους
977 5460 1447 5533 παραδοξοτέρους
1476 5465 1821 5535 κηρύττομεν

248 5552 387 5606 κατά
407 5551 565 5620 τήνδε
592 5552 686 5604 καὶ
712 5553 838 5619 περὶ
860 5552 1020 5620 τῆσδε
1044 5552 1143 5623 τῆς
1169 5553 1306 5625 ὑπὲρ
1332 5555 1495 5624 φύσιν
1519 5556 1670 5622 θείας
1692 5559 1820 5612 ἐνώ-

1931 4736 2156 4782 rursum
2215 4744 2316 4784 vos
2365 4728 2422 4784 in
2457 4729 2792 4785 atheismum
2834 4744 2999 4799 quem
3052 4743 3218 4797 supra
3272 4726 3521 4781 diximus

1930 4836 2045 4876 non
2100 4821 2413 4892 dejieiunt?
2462 4823 2578 4879 Nisi
2614 4839 2682 4879 ex
2714 4824 2890 4879 nihilo
2923 4823 3119 4878 fecisse
3166 4820 3518 4877 credideritis

1931 4915 2177 4970 omnium
2221 4915 2541 4971 Creatorem
2597 4932 2873 4986 supraque
2902 4915 3049 4986 quod
3087 4914 3302 4984 concipi
3336 4920 3516 4983 potest

1931 5004 2279 5064 iuearnatum
2308 5008 2476 5063 fuisse
2511 5008 2775 5064 Verbum.
2809 5005 2921 5062 Cur
2967 5022 3101 5061 vero
3140 5005 3195 5060 in
3247 5005 3351 5059 hac
3396 5004 3515 5058 sola

1932 5101 2119 5156 divina
2163 5102 2387 5157 unione'
2428 5100 2683 5155 miranda
2718 5100 3051 5165 moramini,
3099 5099 3146 5155 si
3199 5099 3339 5153 forte
3376 5097 3512 5154 nulli

1930 5193 2079 5265 quod
2116 5194 2187 5248 sit
2233 5208 2400 5263 supra
2429 5193 2673 5249 Verbum
2702 5201 3066 5261 naturamque
3095 5199 3341 5245 nostram
3386 5205 3510 5245 cre-

1930 5285 2115 5340 datis?
2171 5285 2393 5340 Etenim
2436 5284 2573 5339 alias
2619 5298 2841 5355 quoque
2906 5283 3169 5338 veritates
3232 5282 3510 5338 mirabiles

1933 5375 2240 5433 secundum
2269 5377 2589 5449 hujusmodi
2614 5391 2780 5447 supra
2808 5383 3060 5431 naturam
3088 5376 3347 5430 unionem
3374 5376 3506 5430 divi-

1928 5484 2053 5524 nam
2096 5468 2277 5540 deque
2311 5469 2480 5525 hacee
2525 5468 2685 5525 vobis
2741 5469 3102 5541 praedicamus
3152 5486 3167 5523 :
3206 5470 3328 5525 sine
3357 5470 3507 5524 enim

1928 5560 2137 5617 semine
2167 5560 2586 5631 conceptionem
2611 5559 2709 5614 Dei
2744 5560 2917 5615 nostri
2964 5560 3096 5615 Jesu
3124 5557 3328 5614 Christi
3368 5556 3507 5612 dici-

250 5662 420 5708 σεωςο
474 5645 569 5698 καὶ
614 5644 723 5713 γὰρ
774 5643 869 5696 καὶ
918 5645 1158 5715 ἄσπορον
1191 5646 1457 5720 σύλληψίν
1498 5655 1680 5720 φαμεν
1721 5650 1815 5707 τοῦ

1938 5668 2087 5720 mus;
2124 5668 2287 5723 quem
2316 5650 2361 5708 si
2385 5666 2597 5707 merum
2616 5651 2902 5708 hominem
2924 5666 3047 5708 esse
3075 5650 3301 5722 putatis,
3328 5650 3505 5704 multo

248 5738 381 5791 Θεοῦ
409 5737 564 5809 ἡμῶν
598 5736 773 5808 Ἰησοῦ
801 5725 1038 5807 Χριστοῦ
1057 5754 1071 5767 ⁸
1095 5739 1154 5793 ὃν
1187 5742 1235 5793 εί
1266 5740 1359 5795 καὶ
1392 5742 1678 5814 ἄνθρωπον
1703 5745 1815 5799 οἴε-

250 5829 339 5883 σθε
371 5825 510 5883 εἶναι
566 5827 751 5898 ψιλὸν,
792 5826 972 5898 πολλῷ
1005 5829 1206 5899 μᾶλλον
1237 5832 1593 5905 ἀπιστότερον
1620 5834 1770 5889 ἔσται
1794 5853 1808 5867 ·

1922 5743 2311 5801 incredibilior
2341 5745 2593 5814 eveniet;
2645 5746 2976 5801 naturaliter
3013 5744 3164 5799 enim
3196 5741 3501 5813 loquendo,

1920 5839 2046 5909 quis
2070 5854 2313 5911 unquam
2340 5839 2780 5897 hominum'sine
2811 5839 3024 5898 semine
3061 5845 3364 5907 conceptus
3388 5834 3503 5891 sit?

249 5917 464 5990 φυσικῷ
492 5917 600 5990 γὰρ
628 5916 809 5989 λόγῳ,
846 5916 931 5981 τίς
960 5918 1267 5991 ἀνθρώπων
1297 5923 1555 5995 ἀσπόρως
1586 5926 1899 6002 συνελήφθη
1934 5930 2192 6000 mam-.3;
