4032 6534
528 415 664 482 1M3

1775 430 2083 494 LEONTII
2119 431 2523 495 ΒΥΖΛΝΤΙΝΙ

3642 431 3777 496 14.ίὶ

591 531 734 598 Quid
761 547 893 602 ergo
934 530 1230 592 diceretis?
1268 537 1553 609 Siquidem
1604 543 1934 597 naturaliter
1983 558 2089 597 non

2269 546 2334 598 Τί
2375 545 2470 600 οῦν
2515 545 2760 612 εῖποιτε;
2815 545 2973 599 Ἐπεὶ
3027 544 3103 616 μὴ
3143 528 3313 615 ’φύσει
3360 543 3483 600 τόδε
3525 545 3773 610 δυνατὸν,

523 623 597 677 sit
628 624 1024 692 possibile,nec
1048 643 1079 681 a
1108 629 1218 684 Deo
1241 629 1359 685 ﬁeri
1393 632 1596 701 possit?
1623 634 1714 688 Vel
1749 649 1816 688 ne
1864 636 1952 704 pie
1976 651 2095 690 cre-

524 714 766 768 dendum
795 725 962 781 esset,
995 718 1040 772 si
1084 736 1191 788 qua
1224 723 1494 777 naturalia
1524 722 1666 778 facta
1697 725 1828 790 sint,
1863 740 1965 782 nec
1994 725 2094 780 Dei

522 823 644 862 esse
669 823 834 877 opera
868 810 963 864 sed
1001 821 1212 867 natura:
1239 823 1403 883 atque
1451 830 1520 869 ex
1576 817 1667 872 illa
1711 817 1916 872 factum
1971 834 2093 875 esse

521 897 892 968 quodcunque
921 901 1121 956 factum
1149 903 1351 958 fuerit?
1390 906 1528 961 Cum
1556 922 1688 961 vero
1719 910 1963 977 potentia
1997 927 2094 965 na-

522 995 663 1042 tura:
698 990 900 1046 divina:
938 993 1253 1050 immediate
1301 995 1360 1049 ﬁt
1392 997 1763 1067 quodcunque
1827 1001 1926 1065 ﬁt,
1981 1018 2092 1056 non

519 1096 588 1135 ex
623 1083 1037 1152 prmexsistentc
1074 1087 1171 1142 sed
1197 1103 1264 1142 ex
1287 1104 1396 1143 non
1429 1098 1578 1154 ente,
1614 1092 1916 1147 novissime
1949 1093 2095 1147 inter

519 1175 671 1227 entia
715 1186 1112 1231 annumeratur
1162 1187 1326 1247 atque
1364 1182 1702 1250 agnoscitur.
1737 1183 1849 1237 Nec
1889 1199 1956 1238 ex
2005 1185 2092 1239 his

522 1281 644 1334 quae
667 1267 779 1336 jam
812 1277 938 1322 nota
969 1278 1132 1333 sunt,
1169 1285 1334 1325 voces
1375 1281 1432 1325 et
1472 1272 1802 1342 signiﬁcatio
1838 1291 2089 1330 errorum

521 1354 816 1420 quaerenda
843 1364 992 1418 sunt,
1019 1372 1048 1409 a
1081 1356 1239 1411 vobis
1265 1359 1358 1427 qui
1397 1360 1772 1431 quodcunque
1817 1379 1848 1417 a
1879 1365 1992 1420 Deo
2031 1367 2090 1420 ﬁt

520 1460 764 1501 errorem
799 1463 920 1502 esse
948 1448 1172 1502 omnino
1200 1452 1483 1517 asseritis;
1519 1455 1666 1525 leges
1703 1455 1850 1510 enim
1883 1467 2090 1515 naturte

521 1535 680 1590 facile
709 1553 739 1590 a
764 1537 1079 1606 lcgislatorc
1107 1539 1161 1592 in
1197 1548 1443 1610 tempore
1482 1544 1795 1600 solvuntur.
1843 1547 2089 1617 Namque

521 1627 628 1681 nisi
655 1628 769 1682 haec
797 1629 871 1682 ita
900 1629 1252 1696 admiseritis,
1285 1633 1398 1702 jam
1441 1649 1553 1688 non
1577 1651 1645 1690 ex
1675 1645 1832 1694 utero
1861 1639 2089 1710 virginis

518 1719 744 1788 aliquod
777 1735 976 1790 corpus
1004 1721 1203 1776 exiisse
1235 1724 1660 1793 conﬁteremini,
1685 1727 1834 1793 licet,
1876 1739 1937 1783 ut
1963 1731 2088 1785 vul-

521 1811 613 1875 tis,
645 1825 858 1865 merum
881 1811 1160 1868 hominem
1185 1829 1252 1868 ex
1275 1814 1364 1870 illa
1395 1825 1585 1870 natum
1615 1833 1738 1873 esse
1768 1820 1971 1890 aliquis
1999 1821 2088 1875 di-

519 1910 628 1957 cat.
662 1901 834 1957 Omne
865 1903 1014 1958 enim
1041 1919 1243 1975 corpus
1285 1920 1384 1976 per
1424 1923 1626 1979 corpus
1675 1910 1884 1977 exiens,
1929 1913 2093 1968 alter-
2124 1896 2165 1950 Β

520 2006 706 2050 utrum
733 1996 974 2052 divisum
1007 1999 1274 2054 ostendit.
1307 2000 1413 2056 Sed
1442 2016 1546 2056 nec
1574 2003 1724 2058 sicco
1755 2005 1896 2075 pede
1923 2022 2090 2076 supra

518 2103 668 2143 mare
707 2087 997 2144 ambulans
1031 2092 1262 2146 mortale
1288 2107 1490 2163 corpus
1511 2094 1754 2150 Verbum
1786 2096 2088 2172 habuisset,

519 2178 629 2232 imo
662 2195 731 2234 ne
763 2180 1070 2235 naturalem
1107 2182 1328 2250 quidem
1362 2185 1948 2255 verisimilitudincm;
2008 2190 2093 2246 le-

515 2271 672 2326 viora
705 2273 850 2327 enim
886 2275 1234 2345 gravioribus
1258 2318 1272 2338 ,
1321 2293 1433 2332 non
1496 2280 1750 2350 graviora
1790 2282 2092 2338 levioribus

517 2366 770 2421 innatant
806 2369 1157 2437 corporibus.
1188 2369 1301 2424 Nec
1337 2370 1505 2425 etiam
1549 2387 1618 2426 ex
1662 2372 1780 2428 luto
1823 2383 1879 2429 et
1930 2385 2091 2445 sputo

515 2457 666 2512 oculi
690 2474 930 2528 unquam
977 2460 1212 2516 fuissent
1231 2463 1408 2527 uncti,
1435 2479 1538 2519 nec
1559 2465 1746 2519 statim
1767 2466 1920 2522 visus
1948 2483 2091 2524 caeco

516 2567 584 2606 ex
611 2550 896 2615 nativitate
912 2552 1166 2608 redditus
1202 2553 1420 2620 fuisset,
1463 2572 1566 2612 nec
1591 2573 1622 2612 e
1649 2559 1910 2629 sepulcro
1942 2576 2093 2616 mor-

516 2645 598 2696 tui
638 2645 1087 2710 resurrexissent,
1121 2661 1225 2701 nec
1257 2647 1310 2701 in
1339 2648 1465 2703 aliis
1497 2650 1776 2707 similibus
1805 2654 2091 2710 miraculis

516 2738 693 2794 virtus
717 2737 922 2794 Christi
957 2740 1045 2794 vel
1082 2752 1400 2799 sanctorum
1447 2743 1593 2802 foret
1632 2749 1964 2817 conﬁtenda,
2011 2751 2091 2807 si-

513 2831 1078 2898 quidem-rationibus
1101 2837 1448 2892 naturalibus
1492 2841 1846 2912 prmeognitis
1887 2844 2090 2914 proba-

515 2921 560 2974 ri
611 2923 926 2991 nequirent.
979 2925 1304 2997 Jamigitur
1357 2943 1466 2982 non
1511 2929 1582 2984 ob
1632 2946 1786 2986 suam
1830 2935 2090 2990 unionem

514 3021 724 3083 partem
755 3014 1134 3086 imperfectam
1162 3019 1522 3088 perfectionis
1546 3021 1745 3078 divina:
1767 3024 1890 3094 jure
1908 3041 2093 3095 repre-

514 3108 806 3175 hendetis;
845 3112 988 3167 Deus
1015 3114 1164 3167 enim
1187 3122 1250 3168 ut
1283 3130 1412 3183 pars
1439 3115 1622 3170 dictus
1648 3116 1882 3187 hujusce
1918 3120 2091 3175 totius

2195 635 2318 688 οὐδὲ
2348 635 2453 688 ὑπὸ
2482 635 2618 688 Θεοῦ
2649 636 2932 704 γεγονέναι
2957 635 3213 703 δύναται;
3248 637 3319 690 Ἢ
3353 637 3436 690 δεῖ
3463 638 3776 690 τούναντίον

2195 727 2437 789 εὐσεϐῶς
2469 728 2834 796 ὲννοήσαντας
2864 728 2993 782 ἰδεῖν
3015 768 3030 792 ,
3087 728 3202 792 ὅτι,
3243 729 3292 782 εί
3326 727 3436 781 τῶν
3469 729 3776 799 γινομένων

2196 817 2357 886 φύσει
2386 813 2490 888 ἧν,
2535 817 2644 871 οὐδ’
2685 820 2751 872 ἃν
2794 818 2930 873 Θεοῦ
2960 818 3234 891 ἐνέργεια,
3271 819 3410 873 ἀλλὰ
3439 820 3658 888 φύσεως
3681 816 3773 890 ἦν,

2195 911 2289 964 καὶ
2318 913 2382 964 ἐκ
2403 911 2607 983 ταύτης
2629 913 2873 982 ἐγεγόνει
2893 913 2954 966 τὸ
2973 913 3289 984 γινόμενονς
3323 913 3516 967 Ἥνίκα
3542 914 3598 967 δὲ
3625 914 3778 977 θείας

2195 1001 2417 1072 ἀμέσως
2465 1003 2684 1073 φύσεως
2727 1003 2943 1073 γένοιτο
2983 1005 3200 1076 ἐπινοίᾳ
3235 1005 3299 1058 τὸ
3337 1006 3642 1075 γινόμενον,
3676 1006 3778 1058 οὐκ

2195 1097 2259 1150 ὲκ
2285 1095 2708 1168 προϋπάρξεως,
2743 1099 2861 1151 ἀλλ’
2887 1098 2952 1151 ὲκ
2988 1097 3062 1168 μὴ
3088 1097 3281 1165 ὄντος,
3315 1097 3512 1150 νεωστὶ
3542 1100 3655 1161 τοῖς
3681 1095 3778 1151 οῦ-

2195 1205 2248 1241 σι
2304 1187 2663 1242 συντάττεται
2721 1189 2817 1242 καὶ
2861 1189 3331 1260 συνομολογεῖται.
3387 1189 3500 1244 Καὶ
3547 1190 3610 1242 οὐ
3655 1188 3777 1242 δέον

2193 1280 2258 1333 ὲκ
2287 1280 2396 1332 τῶν
2428 1280 2596 1334 πάλαι
2624 1281 3016 1351 ἐγνωσμένων,
3060 1281 3189 1344 τοὺς
3216 1281 3410 1349 λόγους
3441 1280 3535 1334 καὶ
3562 1281 3660 1351 τὴν
3687 1281 3777 1334 δό-

2195 1369 2290 1435 ξαν
2325 1371 2508 1440 ζητεῖν
2543 1370 2654 1425 τῶν
2688 1371 3013 1440 παραδόξων
3039 1410 3053 1435 ,
3110 1371 3261 1434 ἅπαξ
3299 1371 3374 1441 μὴ
3406 1371 3774 1441 ἀρνουμένους

2191 1463 2272 1516 δτι
2321 1463 2437 1515 ἔστι
2476 1481 2530 1516 τι
2581 1464 2678 1517 καὶ
2718 1463 3027 1533 παράδοξον
3057 1463 3307 1531 γίνεσθαι
3337 1463 3442 1516 ὑπὸ
3471 1463 3638 1517 Θεοῦ·
3682 1466 3772 1517 νό-

2195 1570 2284 1623 μοι
2317 1553 2428 1625 γὰρ
2463 1553 2680 1623 φύσεως
2728 1554 3098 1609 καταλύονται
3151 1556 3328 1626 ῥᾷστα
3376 1554 3456 1624 τῷ
3503 1555 3770 1626 νομοθέτῃ

2191 1646 2249 1698 ὲν
2282 1644 2494 1716 καιρῷ.
2551 1646 2614 1698 Ei
2648 1646 2758 1715 γὰρ
2803 1645 2878 1716 μὴ
2913 1642 3092 1708 οὕτως
3143 1645 3320 1699 ταῦτα
3365 1644 3768 1715 καταδέχεσθε,

2198 1738 2321 1808 ὥρα
2345 1739 2512 1808 ὑμᾶς,
2540 1738 2677 1808 μηδὲ
2699 1738 2799 1808 τὴν
2822 1739 2887 1790 ἐκ
2911 1736 3182 1808 παρθένου
3211 1737 3424 1809 μήτρας
3449 1737 3772 1807 προέλευσιν

2193 1831 2519 1903 προσίεσθαι
2565 1829 2881 1884 οὑτινοσοῦν
2923 1829 3213 1900 σώματος,
3273 1830 3376 1884 κᾶν
3405 1829 3481 1893 ὼς
3512 1829 3771 1899 βούλεσθε

2193 1923 2486 1996 ἀνθρώπου
2534 1923 2696 1994 ψιλοῦ
2749 1939 2836 1986 τις
2877 1917 3020 1976 εἶναι
3061 1922 3212 1989 λέγοι
3245 1922 3349 1992 τὴν
3380 1922 3635 1993 γέννησιν
3671 1922 3773 1990 τὴν

2193 2017 2289 2070 ἀπ’
2319 2016 2510 2087 αὐτῆς.
2548 2016 2666 2070 Πᾶν
2693 2015 2802 2085 γὰρ
2831 2014 2990 2085 σῶμα
3020 2013 3111 2068 διὰ
3138 2011 3390 2084 σώματος
3416 2011 3656 2084 χωροῦν,
3678 2013 3774 2066 θάο

2191 2125 2349 2180 τερον
2372 2108 2535 2173 δείξει
2559 2105 2864 2178 διαιρεθὲν
2893 2103 3010 2160 ἀλλ’
3068 2105 3191 2158 οὐδὲ
3248 2103 3468 2176 ἀϐρόχῳ
3504 2103 3628 2156 ποδὶ
3675 2120 3775 2155 πε-

2194 2201 2378 2269 ζεύειν
2410 2201 2504 2254 ἐπὶ
2528 2199 2806 2270 θαλάσσης
2825 2198 3075 2270 ἀνδρεῖον
3109 2197 3269 2268 σῶμα
3299 2197 3412 2268 ἔχοι
3433 2196 3626 2264 Λόγον,
3649 2196 3775 2248 ἐπεὶ

2196 2291 2333 2363 μηδὲ
2369 2289 2607 2362 φυσικὴν
2639 2287 3010 2360 πιθανότητα’
3072 2287 3141 2342 τὰ
3176 2286 3285 2361 γὰρ
3321 2286 3629 2356 κουφότερα
3660 2287 3774 2347 τοῖς

2195 2381 2542 2454 βαρυτέροις,
2571 2380 2632 2434 οὐ
2661 2381 2728 2433 τὰ
2758 2378 3040 2450 βαρύτερα
3064 2381 3176 2443 τοῖς
3202 2377 3563 2449 κουφοτέροις
3584 2377 3775 2445 ἐπινή-

2192 2493 2348 2545 χεται
2397 2473 2668 2544 σώμασιν.
2733 2473 2876 2527 Ἀλλ’
2913 2473 3034 2526 οὐδὲ
3065 2472 3173 2526 ὑπὸ
3203 2472 3379 2543 πηλοῦ
3412 2472 3507 2525 καὶ
3537 2470 3774 2524 πτυέλου

2191 2567 2506 2639 ὀφθαλμοὺς
2537 2566 2941 2620 διαπεπλάσθαι
2971 2567 3127 2630 ποτὲ,
3163 2566 3261 2619 καὶ
3293 2567 3432 2636 πρὸς
3458 2564 3559 2635 τὴν
3589 2579 3772 2634 παραυ

2191 2661 2383 2732 χρῆμα
2411 2658 2672 2731 ὁρατικὴν
2700 2661 2988 2730 ἐνέργειαν
3011 2657 3417 2730 ἀπαρτίζεσθαι
3443 2653 3538 2709 τοῦ
3566 2657 3631 2709 ἐκ
3648 2671 3775 2722 γεν-

2191 2754 2362 2824 νητῆς
2395 2751 2596 2822 τυφλοῦ
2618 2792 2633 2817 ,
2683 2753 2803 2806 οὐδὲ
2848 2751 3079 2823 νεκροὺς
3125 2753 3189 2805 ὲκ
3221 2751 3394 2819 τάφου
3423 2747 3770 2807 ἀνίστασθαι.

2191 2845 2316 2900 οὔτε
2351 2845 2410 2899 δέ
2443 2863 2567 2899 τινα
2595 2844 2702 2899 τῶν
2735 2845 2912 2899 ἄλλων
2944 2843 3149 2915 ὁμοίων
3181 2841 3644 2912 θαυματουργιῶν
3677 2839 3773 2893 δό-

2191 2956 2356 3008 ναμιν
2409 2937 2504 2992 τοῦ
2550 2939 2788 3011 Χριστοῦ
2842 2937 2876 3008 ἢ
2924 2936 3031 2990 τῶν
3067 2935 3241 3004 ἁγίων
3277 2934 3564 3005 ὁμολογεῖν
3599 2933 3771 2995 ἔστιν,

2191 3029 2314 3084 ἐπεὶ
2353 3029 2429 3100 μὴ
2459 3031 2573 3092 τοῖς
2601 3029 2853 3098 φυσικοῖς
2880 3026 3066 3096 λόγοις
3097 3025 3561 3096 προεγνωσμένην
3588 3023 3773 3095 ἔχουσι

2190 3120 2289 3190 τῆς
2323 3118 2506 3183 αἰτίας
2537 3118 2634 3189 τὴν
2665 3117 2969 3182 ἀπόδειξιν.
3029 3115 3267 3180 Οὐκοῦν,
3297 3116 3400 3167 οὐκ
3429 3115 3494 3167 ὲκ
3522 3113 3617 3166 τοῦ
3650 3131 3777 3166 συν-

516 3201 657 3256 uniti
693 3203 917 3258 omnino
949 3204 1284 3270 intellectus,
1316 3206 1394 3261 ita
1445 3215 1616 3264 totum
1649 3209 1871 3280 aliquod
1907 3213 2082 3282 majus

2190 3212 2414 3283 τεθῆναι
2471 3211 2573 3283 ἤδη
2637 3211 2878 3278 εὐλόγως
2928 3209 3027 3279 τῆς
3078 3207 3230 3271 θείας
3273 3205 3614 3276 τελειότητος
3671 3223 3774 3276 με.

510 3292 696 3360 seipso
732 3303 793 3348 ut
838 3302 995 3363 parte
1042 3295 1245 3351 habere
1275 3313 1384 3352 non
1435 3298 1792 3370 intelligetur,
1830 3301 1917 3356 bis
1964 3319 2086 3373 quae

512 3393 763 3439 naturam
777 3384 982 3454 ipsius,
997 3402 1119 3456 qua:
1139 3386 1398 3442 unionem
1415 3400 1833 3459 consequuntur
1858 3391 2087 3448 vincen-

512 3476 682 3532 tibus.
717 3476 773 3532 Si
796 3479 942 3532 enim
967 3477 1167 3534 divina:
1201 3480 1427 3535 unionis
1451 3481 1689 3536 Verbum
1724 3490 1897 3536 totum
1925 3499 2084 3538 suum

513 3569 690 3638 majus
708 3585 830 3625 esse
853 3586 952 3624 sua
979 3580 1134 3641 parte
1161 3573 1299 3638 vult,
1314 3581 1372 3626 at
1395 3583 1608 3629 natum
1630 3574 1830 3629 divinae
1846 3576 2087 3631 Verbum

512 3661 651 3715 nihil
681 3662 801 3731 ipsa
845 3664 1022 3733 majus
1060 3664 1180 3719 vult
1219 3663 1374 3735 ﬁngi.
1410 3664 1547 3730 Quia
1571 3681 1706 3736 ergo
1729 3681 1796 3720 ex
1844 3667 1930 3722 his
1952 3667 2090 3722 duo-

512 3753 620 3809 bus
641 3756 832 3810 Verbis
849 3757 1096 3812 adversis
1118 3757 1303 3827 potius
1323 3773 1487 3827 quam
1509 3759 1741 3814 alterum
1772 3760 2089 3832 frangetur?

509 3847 570 3901 Si
603 3863 736 3903 vero
766 3849 935 3920 igitur
969 3858 1165 3904 natura
1191 3850 1432 3906 vincitur
1460 3851 1590 3906 unio
1609 3891 1626 3916 ,
1671 3868 1780 3906 non
1805 3868 1940 3908 vero
1962 3853 2085 3908 vin-

508 3941 610 4004 cit,
636 3942 914 4012 quomodo
943 3951 1155 3999 naturae
1188 3959 1299 3999 non
1340 3945 1703 4001 condonanda
1729 3955 1879 4002 esset
1911 3947 2087 4002 unio?

509 4030 571 4086 Si
597 4041 777 4088 autem
805 4034 876 4088 ita
912 4051 1022 4089 non
1062 4051 1120 4090 se
1147 4035 1334 4098 habet,
1361 4035 1608 4104 profecto
1630 4050 1760 4105 ergo
1784 4050 1952 4105 supra
1985 4052 2086 4092 na-

513 4125 964 4180 turam-tenenda
994 4135 1079 4182 est
1106 4127 1259 4182 unio.
1293 4128 1450 4182 Patet
1501 4127 1668 4198 igitur
1717 4142 1787 4182 ex
1837 4128 2088 4198 probatis

509 4215 794 4279 omnibus,
830 4226 890 4270 ut
919 4226 1132 4287 partem
1163 4220 1271 4274 dici
1307 4219 1548 4276 Verbum
1568 4259 1586 4287 ,
1614 4233 1724 4274 non
1757 4235 1883 4274 cum
1913 4221 2086 4290 parti-

508 4307 684 4361 culari
717 4307 1168 4378 imperfectione;
1225 4312 1552 4381 unitumque
1574 4350 1589 4374 ,
1623 4327 1756 4378 non,
1786 4320 1848 4368 ut
1880 4312 2084 4377 dicitis,

511 4398 619 4469 legi
646 4399 1078 4456 substantiarum
1115 4403 1260 4457 inter
1312 4418 1371 4458 se
1425 4402 1706 4457 unitarum
1759 4402 2084 4474 subjicitur;

512 4509 619 4549 nec
642 4495 826 4549 minus
852 4503 937 4550 est
960 4511 1028 4550 eo
1058 4495 1208 4565 quod
1234 4495 1438 4550 dicitur
1459 4503 1659 4560 totum,
1686 4495 1841 4566 juxta
1863 4495 2084 4551 modum

508 4587 807 4657 quemdam
835 4587 1128 4658 compositi
1169 4587 1626 4658 signiﬁcationis;
1666 4596 1762 4642 aut
1785 4588 2087 4644 secundum

507 4688 891 4736 creaturarum
924 4668 1361 4735 mediocritatem
1399 4687 1455 4735 et
1477 4680 1726 4734 habitum
1758 4681 2088 4748 naturalem,

507 4789 669 4828 suam
705 4758 1007 4830 iucre’atam
1051 4773 1415 4830 substantiam
1452 4775 1808 4845 perfectionis
1862 4776 2089 4834 inﬁnita:

517 4866 750 4921 revelat.
777 4866 894 4920 Non
930 4881 1064 4936 ergo
1095 4866 1278 4920 minor
1315 4875 1401 4921 est
1428 4867 1616 4937 aliquo
1648 4875 1743 4922 aut
1783 4869 2086 4924 secundum

507 4958 644 5029 quid
676 4958 822 5013 Deus
850 4956 1114 5020 Verbum,
1165 4956 1252 5011 vel
1292 4957 1482 5011 unitus
1505 4997 1519 5021 ,
1573 4957 1661 5012 vel
1708 4971 1818 5012 non
1853 4959 2081 5026 unitus;

507 5057 961 5117 cvaneseuntque
1014 5046 1178 5102 modo
1231 5048 1366 5102 fumi
1419 5049 1699 5114 resoluta,
1766 5049 2085 5106 insolubilia

511 5149 718 5206 vestra,
746 5149 806 5194 ut
831 5139 1035 5204 dicitis,
1061 5151 1226 5210 atquc
1249 5141 1694 5211 inexpugnabilia
1723 5143 2081 5211 sophismata.

511 5233 612 5288 His
646 5248 778 5303 ergo
820 5248 878 5287 se
925 5232 1260 5288 habentibus
1287 5272 1318 5298 ,.
1358 5248 1461 5288 nos
1498 5233 1738 5288 Verbum
1778 5233 2080 5290 secundum

510 5325 685 5394 ipsius
713 5324 1074 5380 substantiam
1103 5324 1172 5379 ad
1194 5334 1438 5380 nostram
1465 5325 1831 5380 substantiam
1851 5326 2082 5381 .unitum

506 5417 766 5483 dicimus,
795 5427 964 5486 utque
995 5426 1204 5487 partem
1251 5418 1421 5473 totius
1455 5418 1786 5488 compositi,
1826 5418 1972 5488 quod
1997 5428 2084 5474 est

506 5510 785 5575 Christus,
820 5510 1232 5581 distinguimus,
1261 5511 1628 5581 compositum
1654 5525 1786 5565 vero
1808 5525 1931 5565 esse
1963 5510 2084 5564 uui-

505 5619 630 5656 cam
663 5603 1050 5668 substantiam,
1089 5617 1155 5658 ex
1206 5613 1394 5659 nostra
1430 5603 1748 5674 ipsiusque,
1797 5618 2082 5673 nunquam

509 5689 768 5756 diximus,
806 5691 950 5746 absit
978 5692 992 5745 ί

507 5780 692 5850 φαμὲν
718 5779 810 5834 τὸν
837 5781 1011 5850 Λόγον
1033 5799 1046 5812 ·
1103 5783 1196 5836 καὶ
1228 5781 1303 5845 ὡς
1342 5781 1508 5852 μέρος
1542 5781 1636 5835 τοῦ
1669 5782 1925 5838 συνθέτου
1953 5783 2076 5837 ὃλου
2115 5781 2354 5851 Χριστοῦ
2386 5781 2773 5854 διαστέλλομεν
2793 5797 2807 5813 ο
2848 5778 3103 5836 σύνθετον
3166 5780 3223 5834 δὲ
3284 5778 3493 5845 οὐσίαν,
3526 5776 3634 5830 ἀπὸ
3666 5777 3766 5846 τῆς

2191 3304 2352 3374 ρικὴν
2375 3301 2623 3356 ἀτέλειαν
2649 3301 3062 3372 κατηγορήσετε
3079 3319 3094 3332 ·
3127 3301 3156 3354 ό
3185 3301 3294 3370 γὰρ
3319 3300 3395 3364 ὡς
3425 3299 3589 3370 μέρος
3609 3299 3770 3366 λεγό-

2191 3412 2349 3466 μενος
2393 3393 2552 3447 τοῦδε
2606 3393 2703 3446 τοῦ
2754 3393 2877 3446 ὅλου
2930 3392 3193 3446 συνθέτου
3238 3391 3372 3454 θεὸς
3425 3391 3573 3455 ἅπαξ
3616 3391 3768 3445 νοοῦ-

2193 3504 2389 3559 μενος,
2439 3485 2515 3548 ὡς
2562 3485 2682 3540 ὅλον
2720 3502 2774 3538 τι
2815 3483 3000 3556 μεῖζον
3030 3484 3179 3554 ἔχειν
3207 3481 3404 3538 ἑαυτοῦ
3437 3481 3511 3546 ὡς
3543 3482 3770 3553 μέρους,

2190 3579 2250 3632 οὐ
2296 3577 2625 3648 νοηθήσεται
2649 3591 2662 3604 ·
2721 3574 2831 3629 τῶν
2872 3575 2973 3643 τῆς
3011 3574 3227 3644 φύσεως
3259 3573 3424 3629 αὑτοῦ
3459 3573 3776 3627 ἀκολούθων

2189 3670 2362 3738 λόγων
2410 3667 2722 3741 νικώντων,
2778 3668 2875 3720 καὶ
2922 3667 3050 3730 τοὺς
3099 3668 3200 3738 τῆς
3242 3665 3551 3730 συνθέσεως
3581 3666 3773 3719 αὐτοῦ.

2189 3763 2251 3816 Εἰ
2299 3762 2411 3833 γὰρ
2463 3761 2559 3815 καὶ
2602 3761 2702 3830 τῆς
2743 3759 3048 3824 συνθέσεως
3088 3760 3189 3830 τῆς
3229 3759 3381 3822 θείας
3409 3759 3438 3812 ὁ
3463 3759 3637 3826 Λόγος
3663 3760 3776 3810 ἀπ-

2189 3855 2351 3917 αιτεῖ,
2395 3851 2582 3922 μεῖζον
2621 3844 2766 3904 εἶναι
2808 3850 2902 3904 τοῦ
2944 3852 3148 3921 μέρους
3189 3850 3252 3903 τὸ
3285 3849 3416 3903 ἴδιον
3448 3851 3592 3914 ὅλον,
3634 3849 3777 3909 ἀλλὰ

2189 3946 2287 4016 τῆς
2314 3943 2530 4013 φύσεως
2562 3943 2664 4013 τῆς
2694 3942 2846 4007 θείας
2881 3943 3108 3996 ἀπαιτεῖ
3133 3941 3307 4009 Λόγος
3330 3981 3346 4002 .
3400 3941 3568 4012 μηδὲν
3599 3941 3779 4010 αὐτῆς

2191 4035 2376 4107 μεῖζον
2423 4033 2798 4088 ἐπινοεῖσθαιο
2854 4033 2962 4086 τῶν
3006 4032 3099 4086 δύο
3139 4029 3236 4086 οῦν
3280 4032 3543 4087 ἐναντίων
3572 4031 3776 4101 λόγων,

2185 4127 2272 4190 τίς
2321 4125 2524 4197 μᾶλλον
2570 4125 2652 4196 τῷ
2693 4126 2867 4197 ἑτέρῳ
2910 4125 3396 4196 ἁνατραπήσεται;
3452 4121 3514 4176 Ei
3552 4124 3653 4194 μὲν
3679 4120 3778 4177 οῦν

2186 4223 2252 4289 τῇ
2280 4219 2442 4287 φύσει
2473 4220 2881 4288 συναναιρεῖται
2908 4218 2941 4287 ἡ
2972 4216 3243 4281 σύνθεσις,
3263 4215 3324 4268 οὐ
3358 4218 3672 4286 συναναιρεῖ
3689 4217 3775 4279 δὲ,

2191 4311 2308 4374 πῶς
2356 4311 2418 4365 οὐ
2463 4311 2583 4364 δέον
2634 4311 2703 4382 τῇ
2752 4309 2914 4379 φύσει
2962 4310 3321 4380 παραχωρεῖν
3351 4307 3450 4379 τὴν
3481 4308 3776 4374 σύνθεσινς

2190 4401 2252 4456 Εί
2286 4402 2345 4456 δὲ
2382 4402 2458 4473 μὴ
2487 4401 2664 4466 οὕτως
2687 4401 2802 4473 ἔχει
2826 4441 2842 4467 ,
2903 4401 3063 4472 δῆλον
3115 4401 3191 4465 ὡς
3225 4400 3347 4454 δέον
3379 4403 3601 4472 κρατεῖν
3633 4401 3782 4472 ὑπὲρ

2189 4496 2290 4567 τὴν
2319 4495 2480 4564 φύσιν
2512 4496 2613 4567 τὴν
2641 4494 2914 4548 σύνθεσιν.
2951 4493 3191 4563 Φανερὸν
3221 4487 3316 4546 οῦν
3347 4495 3412 4546 ὲκ
3437 4491 3547 4546 τῶν
3573 4492 3780 4546 ἀποδε-

2121 4573 2162 4628 D
2192 4587 2492 4658 δειγμένων
2520 4586 2763 4650 πάντων,
2798 4585 2874 4646 ὡς
2903 4585 2998 4639 καὶ
3033 4585 3197 4656 μέρος
3227 4585 3256 4640 ὁ
3287 4584 3464 4653 Λόγος
3483 4625 3498 4650 ,
3535 4585 3597 4637 οὐ
3635 4584 3783 4653 μετὰ

2196 4680 2429 4752 μερικῆς
2477 4679 2727 4742 ἀτελείας
2773 4677 2991 4746 λέγεται
3019 4691 3033 4707 ⁸
3095 4677 3189 4730 καὶ
3239 4675 3661 4747 συντιθέμενος,
3711 4676 3778 4727 οὐ

2193 4771 2380 4834 καθώς
2430 4788 2569 4839 φατε
2618 4769 2696 4839 τῷ
2737 4769 2889 4840 νόμῳ
2937 4769 3048 4822 τῶν
3099 4768 3374 4822 συνθέτων
3417 4768 3617 4823 οὐσιῶν
3665 4767 3780 4820 τῶν

2193 4866 2322 4935 παρ’
2355 4863 2537 4917 αὐτῶν
2567 4862 2931 4917 ὑποϐάλλεται
2952 4877 2969 4894 ο
3017 4861 3142 4916 οὔτε
3168 4861 3387 4915 ἔλαττον
3415 4860 3509 4914 τοῦ
3537 4860 3779 4930 λεγομέ-

2193 4974 2284 5012 νου
2313 4955 2459 5019 ὃλου,
2493 4956 2635 5008 κατά
2661 4972 2783 5008 τινα
2809 4953 3014 5025 τρόπον
3047 4953 3320 5024 σημασίας
3351 4951 3446 5005 τοῦ
3477 4951 3772 5004 συνθέτουο

2192 5050 2225 5121 ἣ
2267 5047 2408 5102 κατὰ
2434 5047 2533 5117 τὴν
2559 5046 2667 5100 τῶν
2696 5045 2930 5100 κτιστῶν
2963 5045 3301 5117 σμικρότητα
3334 5044 3430 5098 καὶ
3455 5043 3647 5114 σχέσιν
3673 5062 3777 5112 φυ-

2193 5142 2394 5209 σικὴν,
2465 5139 2563 5210 τὴν
2624 5138 2821 5192 ἑαυτοῦ
2872 5139 3128 5192 ἄκτιστον
3177 5137 3406 5208 οὑσιώδη
3450 5136 3772 5204 τελειότητα

2191 5232 2583 5286 ἐπιδείκνυται.
2644 5233 2760 5285 Οὐκ
2789 5231 3009 5284 ἔλαττον
3040 5225 3134 5285 οῦν
3160 5230 3268 5299 ἄρα
3298 5229 3438 5290 τινὸς
3473 5227 3507 5299 ἢ
3545 5229 3690 5282 κατά
3717 5245 3774 5280 τι

2189 5327 2218 5380 ό
2243 5326 2376 5389 Θεὸς
2403 5324 2578 5392 Λόγος
2596 5362 2611 5386 ,
2670 5323 2795 5376 οὐδὲ
2840 5322 3249 5392 συντιθέμενος,
3284 5321 3404 5374 οὐδὲ
3434 5320 3734 5382 ἁσύνθετος
3756 5337 3770 5350 ·

2187 5419 2282 5472 καὶ
2307 5419 2512 5486 οἴχεται
2531 5418 2560 5469 ὑ
2569 5415 2685 5486 μῶν
2711 5415 2923 5469 καπνοῦ
2952 5415 3109 5484 δίκην
3135 5414 3454 5468 διαλυθέντα
3479 5414 3548 5467 τὰ
3569 5414 3770 5480 ἄλυτα,

2186 5508 2262 5572 ὡς
2305 5508 2506 5575 οἴεσθε,
2534 5507 2628 5560 καὶ
2675 5506 3165 5574 δυσκαταγώνιστα
3217 5506 3548 5575 σοφίσματα.
3619 5505 3773 5574 Πλὴν

2184 5600 2281 5654 καὶ
2328 5599 2535 5653 τούτων
2586 5598 2758 5660 οὕτως
2808 5597 3084 5667 ἐχόντων,
3136 5599 3308 5667 ἡμεῖς
3365 5595 3619 5647 σύνθετον
3671 5595 3775 5664 μὲν

2185 5693 2304 5745 κατ’
2331 5690 2521 5744 οὐσίαν
2572 5689 2670 5761 τὴν
2714 5687 2882 5742 αὑτοῦ
2938 5688 3074 5758 πρὸς
3116 5689 3214 5757 τὴν
3256 5687 3535 5759 ἡμετέραν
3574 5686 3773 5738 οὐσίαν

510 5871 679 5926 αὐτοῦ
707 5891 764 5928 τε
795 5875 888 5928 καὶ
916 5875 1016 5946 τῆς
1047 5875 1326 5945 ἡμετέρας
1349 5914 1363 5937 ,
1406 5874 1466 5927 οῦ
1503 5875 1688 5945 φαμέν
1717 5893 1868 5942 ποτε,
1904 5877 1978 5948 μὴ
2007 5875 2235 5945 γένοιτο.
