4032 6546
258 464 395 533 1445

456 635 461 640 .
850 580 1102 633 ΚΕΦΛΛ.
1136 576 1237 632 1Λ’.

320 671 479 723 Πᾶσα
536 666 634 737 μία
678 665 843 735 φύσις
911 669 944 739 ἥ
997 667 1093 720 καὶ
1144 666 1448 731 ὑπόστασις
1497 665 1839 738 συγκειμένη

250 764 317 815 ἐκ
368 760 554 830 μερῶν
601 758 999 827 ἐτεροουσίων,
1074 759 1188 829 ἔχει
1233 758 1393 821 τινάς
1434 759 1741 829 ἐνεργείας,
1775 756 1843 819 ἀς

250 851 362 905 οὐδ’
394 850 682 920 ὁπότερον,
715 848 775 913 ἐξ
802 843 877 903 ὧν
906 849 1231 917 συνέστηκε,
1268 848 1496 901 δύναται
1529 847 1654 901 καθ’
1680 844 1843 899 ἐαυτὸ

252 945 349 997 καὶ
397 942 568 1013 χωρὶς
616 942 717 1011 τῆς
754 940 850 994 τοῦ
884 940 1075 1009 ἐτέρου
1107 940 1393 1011 ἐνεργείας
1420 939 1704 993 ἐκτελέσαι
1734 938 1844 990 τινὶ

250 1039 440 1109 τρόπῳ
470 1034 619 1088 ποτέ.
672 1031 798 1087 Οἷον
825 1033 973 1104 ψυχὴ
1014 1034 1108 1087 καὶ
1148 1034 1329 1104 σῶμα,
1356 1034 1571 1086 δέονται
1598 1032 1844 1101 ἀλλήλων

252 1133 335 1193 είς
368 1130 429 1182 τὸ
460 1126 789 1198 καταρτίσαι
818 1127 1026 1189 πλεῖον,
1056 1126 1418 1196 οἰκοδομῆσαι
1445 1123 1615 1187 οἷκον,
1640 1125 1844 1193 ύφᾶναι

251 1222 479 1293 χιτῶνα,
505 1221 601 1274 καὶ
623 1221 743 1273 εἴτι
772 1218 1016 1271 τοιοῦτον
1038 1234 1054 1250 ⁸
1079 1220 1236 1289 ὅπερ,
1259 1218 1335 1281 ὼς
1362 1216 1538 1281 εἷπον,
1572 1216 1845 1269 ἀδύνατον

256 1318 338 1371 ἐνὶ
376 1314 558 1369 αὐτῶν
582 1316 774 1385 χωρὶς
809 1316 911 1383 τῆς
943 1314 1175 1384 θατέρου
1206 1314 1503 1386 συνεργίας
1534 1311 1844 1374 ἐκτελέσαι,

262 1405 331 1459 δι’
372 1403 641 1474 ούδήποτε
684 1401 912 1472 τρόπου.
972 1402 1036 1455 El
1083 1401 1264 1455 τοίνυν
1318 1401 1417 1471 μία
1458 1399 1640 1469 φύσις,
1676 1400 1709 1469 ἢ
1747 1401 1846 1470 μία

264 1495 568 1556 ὑπόστασις
602 1491 943 1562 ἀπετελέσθη
980 1493 1045 1544 ἐκ
1073 1492 1399 1555 συνθέσεως,
1443 1491 1520 1554 ῶς
1553 1509 1710 1559 φασι,
1746 1493 1847 1561 τῆς

256 1588 354 1643 τοῦ
385 1587 524 1641 Θεοῦ
552 1586 728 1655 Λόγου
782 1584 921 1656 πρὸς
961 1585 1057 1637 τὸν
1103 1584 1164 1648 ἐξ
1198 1584 1359 1655 ἡμῶν
1390 1584 1704 1655 ἄνθρωπον,
1742 1584 1848 1637 εἰσί

256 1697 407 1742 τινες
434 1679 717 1749 ἐνέργειαι
746 1677 846 1747 τῆς
867 1676 1082 1730 τοιᾶσδε
1108 1676 1327 1746 φύσεως
1356 1678 1449 1729 καὶ
1471 1678 1844 1740 ὑποστάσεως,

257 1770 325 1832 ἃς
371 1770 400 1821 ό
430 1768 563 1830 Θεὸς
588 1766 761 1836 Λόγος
792 1766 916 1819 καθ’
944 1767 1138 1837 ἐαυτὸν
1169 1768 1270 1820 οὐκ
1298 1766 1532 1837 ἠδύνατο
1562 1767 1849 1839 πληρῶσαι

260 1879 367 1915 τινι
393 1860 581 1932 τρόπῳ
609 1860 691 1931 (τὸ
713 1860 770 1912 δὲ
794 1859 881 1929 μὴ
909 1860 1231 1925 δύνασθαι,
1263 1859 1427 1930 διχῶς
1454 1859 1673 1928 λέγεται
1698 1858 1848 1930 παρὰ

1225 468 1621 531 ADVERSUS
1655 469 2204 534 NESTORIANOS,
2237 497 2304 506 -
2342 472 2489 534 LIB.
2534 473 2582 533 Ι.

1868 590 1913 642 Λ

3378 471 3512 540 [HG

2588 580 2740 635 CAP.
2774 579 2867 635 XI.

2012 669 2206 724 Omnis
2235 684 2344 723 una
2374 679 2571 724 natura
2605 671 2689 724 vel
2729 680 2785 726 et
2832 653 3144 742 hypostasis
3172 688 3236 726 ex
3268 676 3521 744 partibus

1924 761 2169 816 'alterius
2206 760 2425 831 generis
2458 762 2763 831 composita
2792 803 2807 828 ,
2850 764 3114 832 quasdam
3169 767 3521 834 operationes

1926 850 2155 916 habet,
2203 868 2340 922 quas
2368 860 2563 907 neutra
2602 867 2669 906 ex
2712 853 2800 907 his
2831 870 2862 908 e
2906 856 3108 923 quibus
3138 858 3519 922 constituitur,

1943 946 2249 1000 secundum
2296 946 2441 1000 idem
2491 946 2723 1016 sineque
2752 948 2983 1001 alterius
3036 952 3359 1019 operatione
3406 954 3522 1007 ullo

1945 1038 2110 1092 modo
2143 1054 2383 1107 unquam
2418 1038 2685 1108 perﬁcere
2714 1049 2913 1109 potest.
2959 1041 3037 1095 lla
3079 1044 3274 1097 animae
3308 1054 3363 1099 et
3396 1061 3523 1099 cor-

1944 1128 2067 1198 pori
2096 1144 2214 1183 sese
2256 1129 2493 1184 invicem
2541 1145 2679 1199 opus
2724 1139 2809 1184 est
2853 1131 2920 1184 ad
2973 1133 3143 1186 multa
3190 1135 3522 1202 peragenda,

1946 1219 2321 1273 mdilicandam
2341 1220 2586 1283 domum,
2621 1222 2861 1276 tunicam
2889 1223 3200 1289 texendam,
3235 1240 3299 1279 ac
3323 1227 3365 1279 si
3392 1227 3523 1295 quid

1948 1311 2299 1380 hujusmodi;
2331 1313 2479 1381 quod
2514 1314 2667 1367 nullo
2700 1328 2943 1383 unquam
2976 1315 3140 1369 modo
3190 1317 3285 1377 uni
3333 1333 3400 1369 ex
3438 1317 3527 1371 bis

1949 1401 2068 1455 sine
2086 1402 2408 1457 alterutrius
2424 1404 2747 1473 operatione
2767 1405 3013 1474 perfecta
3042 1406 3304 1475 possibile
3322 1407 3523 1462 dicam.

1950 1492 2006 1548 Si
2036 1503 2218 1548 tamen
2250 1512 2357 1548 una
2390 1503 2609 1557 natura,
2641 1496 2728 1550 vel
2760 1512 2869 1550 una
2915 1497 3227 1567 bypostasis
3281 1500 3528 1568 perfecta

1950 1587 2024 1641 sit
2052 1602 2121 1641 ex
2148 1587 2376 1652 unione,
2405 1597 2464 1641 ut
2493 1589 2669 1653 aiunt,
2712 1590 2809 1644 Dei
2840 1591 3006 1645 Verbi
3042 1592 3107 1645 ad
3140 1601 3391 1647 naturam
3423 1609 3527 1647 no-

1951 1687 2143 1742 stram,
2166 1688 2296 1734 sunt
2327 1680 2576 1749 qumdam
2607 1682 3289 1753 Operationcshujusmodi
3315 1694 3528 1743 natura:

1950 1780 2115 1839 atque
2147 1770 2473 1841 hypostasis,
2518 1788 2657 1842 quas
2689 1774 2834 1827 Deus
2860 1775 3101 1829 Verbum
3144 1792 3244 1847 per
3284 1778 3527 1847 seipsmn

1953 1863 2233 1931 complere
2259 1863 2374 1917 ullo
2407 1864 2572 1917 modo
2609 1865 2806 1934 nequit.
2849 1867 3090 1937 (nequire
3110 1878 3292 1923 autem
3321 1871 3529 1941 duplici

261 1958 330 2026 τῆ
362 1929 486 2026 θείᾳ
513 1929 705 2023 Γραφῇ
740 1952 836 2005 καὶ
864 1953 922 2003 ἐν
951 1955 1017 2021 τῇ
1046 1954 1198 2021 κοινῇ
1233 1929 1521 2022 συνηθείᾳ·
1552 1951 1584 2021 ἣ
1615 1951 1691 2011 ὡς
1719 1929 1846 2003 ἀδύ-

1955 1954 2114 2009 modo
2142 1954 2349 2009 dicitur
2389 1956 2443 2010 in
2479 1956 2760 2027 Scriptura
2797 1974 2951 2014 sacra
2977 1972 3351 2031 consuetaque
3377 1963 3503 2018 locu

264 2063 423 2099 νατον
469 2046 562 2098 τὸν
606 2044 739 2097 Θεὸν
787 2043 1133 2113 ψεύσασθαι,
1187 2043 1275 2095 διὰ
1307 2043 1369 2095 τὸ
1396 2042 1846 2113 ἀπερίγραπτον’

262 2140 296 2211 ἢ
346 2139 422 2201 ὡς
457 2138 606 2208 δῶρά
632 2155 693 2190 τε
725 2137 819 2189 καὶ
849 2134 1010 2189 θυσία
1057 2134 1131 2205 μὴ
1158 2134 1462 2205 δυνάμεναι
1496 2134 1641 2187 κατά
1673 2135 1850 2187 συνεί-

1950 2046 2135 2100 tione:
2162 2047 2247 2101 vel
2268 2056 2327 2101 ut
2351 2048 2693 2118 impossibile
2719 2058 2803 2103 est
2825 2051 2997 2104 Deum
3023 2053 3272 2119 mentiri,
3306 2064 3533 2124 propter

1950 2139 2323 2209 inﬁnitatem;
2354 2144 2438 2197 vel
2475 2154 2535 2198 ut
2567 2144 2710 2200 dona
2746 2154 2801 2200 et
2847 2146 3044 2201 hostiae
3086 2163 3206 2217 qum
3248 2158 3532 2219 nequeunt
3596 2140 3599 2141 ν

262 2231 420 2300 δησιν
451 2228 741 2282 τελειῶσαι
773 2226 864 2281 τὸν
893 2225 1253 2297 λατρεύοντα,
1287 2226 1376 2278 διὰ
1408 2226 1471 2277 τὸ
1503 2226 1727 2289 ἀσθενὲς
1758 2226 1852 2279 καὶ

1955 2234 2099 2305 iuxta
2130 2236 2528 2290 conscientiam
2554 2237 2880 2293 offerentem
2920 2239 3223 2308 perfectum
3272 2241 3452 2296 facere
3484 2244 3529 2308 ',

264 2326 556 2393 ἀνέφικτον
605 2320 826 2375 οἱασοῦν
874 2320 1178 2390 ἐνεργείας,
1218 2321 1264 2372 εἰ
1295 2317 1631 2387 δώσουσιν),
1682 2319 1748 2383 ἃς
1789 2321 1849 2372 ού

264 2417 563 2486 δυνάμενος
612 2417 640 2467 ὁ
685 2414 819 2477 Θεὸς
863 2414 1039 2481 Λόγος
1086 2412 1375 2483 πληρῶσαι
1410 2412 1535 2465 καθ’
1561 2411 1745 2479 αὐτὸν,
1783 2414 1849 2484 τῇ

263 2509 359 2563 τοῦ
386 2507 678 2579 ἀνθρώπου
702 2507 957 2577 ἐνεργείᾳ
984 2504 1392 2571 ἐξετέλεσεν.Ἣ
1416 2504 1619 2574 ἀσθενῆ
1640 2504 1855 2557 δεικνύ-

265 2617 385 2652 ουσι
418 2598 509 2651 τὸν
534 2597 668 2651 Θεὸν
697 2598 894 2665 Λόγον,
932 2596 965 2667 ἣ
1002 2595 1330 2666 πεπραχότα
1359 2594 1430 2647 τὰ
1455 2594 1705 2665 ἀπρεπῆ.
1741 2596 1853 2647 Καὶ

267 2694 316 2744 εί
350 2691 447 2762 μὲν
479 2690 541 2743 τὸ
567 2690 816 2761 πρῶτον,
865 2688 944 2742 ἔτι
978 2688 1076 2757 καὶ,
1097 2687 1191 2739 νῦν
1223 2687 1251 2739 ό
1283 2686 1470 2757 Πατὴρ
1498 2688 1683 2767 ἀτονεῖ
1716 2687 1854 2758 πρὸς

266 2786 365 2858 τὴν
388 2784 783 2855 ἀποπλήρωσιν
806 2784 913 2837 τῶν
938 2783 1161 2837 τοιῶνδε
1188 2782 1506 2853 ἐνεργειῶν,
1536 2781 1609 2853 μὴ
1634 2782 1855 2851 συγκεί·

272 2896 435 2949 μενος
470 2876 545 2947 τῷ
577 2876 636 2941 ἐξ
664 2876 821 2947 ἡμῶν
849 2873 1159 2945 ἀνθρώπῳ·
1211 2874 1309 2927 καὶ
1338 2873 1481 2927 κατά
1508 2874 1695 2937 τοῦτο,
1737 2874 1855 2943 μεί-

272 2972 381 3036 ζων
408 2973 437 3024 ό
466 2971 593 3033 Υἱὸς
623 2969 717 3022 τοῦ
748 2966 984 3039 Πατρὸς,
1028 2968 1167 3040 ὅπερ
1199 2966 1395 3031 ἀσεϐές
1420 2982 1434 2997 '
1485 2968 1533 3020 εί
1562 2968 1618 3021 δὲ
1649 2968 1710 3020 τὸ
1734 2967 1856 3019 δεύ-

269 3081 451 3133 τερον,
490 3062 756 3134 πρόδηλον
786 3060 847 3113 τὸ
882 3060 1245 3131 βλάσφημον
1300 3061 1328 3112 ὁ
1379 3060 1513 3123 Θεὸς
1545 3059 1655 3129 γὰρ
1701 3059 1855 3113 οὐδὲν

271 3158 379 3211 τῶν
410 3160 676 3229 ἀπρεπῶν
709 3158 1126 3229 διαπράττεται,
1164 3155 1289 3209 οὔτε
1323 3156 1448 3209 καθ’
1480 3157 1694 3217 ἐαυτὸν,
1729 3156 1855 3209 οῦτε

275 3251 398 3321 μεθ’
425 3252 637 3323 ἐτέρου.
683 3253 744 3305 Εἰ
774 3251 831 3303 δέ
862 3250 1145 3323 οὐδέτερον
1172 3248 1362 3304 δοῦναι
1391 3250 1559 3313 ὅσιον,
1594 3249 1716 3301 οὐδέ
1744 3248 1854 3319 ἀρα

273 3344 397 3396 οὐδὲ
450 3346 481 3413 ἡ
522 3344 774 3407 σύνθεσις
804 3343 1103 3415 γεγένηται
1132 3342 1227 3396 τοῦ
1257 3342 1395 3396 Θεοῦ
1422 3341 1599 3410 Λόγου
1636 3341 1730 3394 καὶ
1756 3341 1853 3394 τοῦ

275 3436 333 3504 ἐξ
364 3438 521 3508 ἡμῶν
551 3436 864 3508 ἀνθρώπου.

346 3528 573 3598 Ὄμοιόν
613 3546 664 3581 τι
712 3526 1041 3581 πεπονθέναι
1085 3528 1217 3598 ἡμῖν
1253 3526 1464 3580 δοκεῖτε
1507 3528 1622 3589 τοῖς
1665 3525 1856 3594 ἀφυῶς

275 3620 333 3673 ἐν
362 3622 484 3683 ταῖς
528 3619 761 3684 τοξείαις
802 3619 911 3673 τῶν
950 3617 1168 3671 σκοπῶν
1215 3610 1723 3689 ὑπερακοντίζουσι,
1760 3616 1858 3670 καὶ

273 3713 529 3784 ἀτεχνίαν
553 3713 753 3783 μᾶλλον
774 3713 919 3783 ἤπερ
949 3711 1236 3782 εὐστοχίαν
1260 3710 1756 3781 ἐπιδεικνυμένοις,
1780 3709 1859 3780 τῷ

279 3804 354 3875 μὴ
385 3804 584 3857 εἰδέναι
640 3803 761 3856 καθ’
811 3797 871 3857 06
900 3820 959 3855 τε
988 3804 1085 3856 καὶ
1116 3805 1243 3857 ὅσον
1281 3802 1380 3856 καὶ
1447 3803 1598 3865 ὅπως
1628 3801 1694 3855 τά
1729 3801 1857 3871 βέλη

275 3874 396 3950 δέον
436 3886 864 3967 ἀποπέμπεσθαι
887 3912 902 3928 ο
938 3896 1033 3948 καὶ
1064 3894 1175 3965 γάρ
1209 3895 1303 3947 καὶ
1344 3895 1404 3947 ἐν
1438 3893 1614 3964 τούτῳ
1657 3894 1859 3963 μᾶλλον

276 3989 416 4059 πρὸς
444 3990 569 4051 τοὺς
600 3988 728 4059 μίαν
756 3988 856 4059 τὴν
888 3987 1052 4058 φύσιν
1087 3987 1348 4054 λέγοντας
1378 3986 1685 4054 ἀντιλέγειν
1721 3987 1852 4041 όνει-

279 4078 715 4151 ροπολήσαντες,
746 4077 935 4148 ῶσπερ
983 4078 1085 4130 κάν
1118 4075 1196 4147 τῷ
1234 4076 1339 4147 πρὸ
1370 4075 1526 4129 τοῦδε
1571 4077 1860 4149 ἐπιχειρή-

280 4190 433 4241 ματι,
461 4170 557 4223 νῦν
587 4168 777 4241 ὥσπερ
806 4172 870 4241 τῇ
902 4169 1051 4241 ῥύμῃ
1075 4168 1172 4239 τῆς
1205 4168 1341 4240 πρὸς
1373 4169 1709 4239 φιλονεικίαν
1758 4172 1857 4239 ἐφ-

278 4282 466 4328 εσεως,
495 4265 590 4318 καὶ
638 4263 774 4335 πρὸς
804 4264 951 4336 ἡμᾶς
992 4264 1118 4327 τοὺς
1149 4262 1279 4335 μίαν
1309 4263 1570 4334 λέγοντας
1598 4265 1697 4338 τὴν
1725 4265 1859 4319 ὑπό-

281 4372 468 4411 στασιν
498 4356 593 4409 καὶ⁸
626 4356 749 4428 οὐχὶ
772 4356 870 4429 τὴν
898 4355 1082 4426 φύσιν,
1108 4356 1199 4410 ἐπὶ
1226 4355 1321 4409 τοῦ
1346 4356 1553 4421 Κυρίου
1576 4356 1734 4427 ἡμῶν
1761 4359 1862 4428 Ἰη-

284 4449 377 4503 σοῦ
409 4448 646 4521 Χριστοῦ
682 4449 1063 4520 ἀντιφέρεσθε.
1113 4448 1255 4502 Ἀλλ’
1288 4450 1448 4520 ἡμεῖς
1478 4465 1541 4517 γε
1576 4450 1863 4521 συντόμως

286 4542 440 4612 ὑμῶν
485 4544 585 4613 τὴν
644 4541 1014 4612 κατασκευὴν,
1044 4542 1519 4610 ἀνασκευάσομεν.
1544 4543 1706 4597 Πᾶσα
1751 4543 1862 4613 γὰρ

285 4634 560 4704 ἐνέργεια,
595 4635 660 4686 ἐκ
688 4630 966 4702 δυνάμεως
1003 4634 1147 4684 ἐστι·
1180 4634 1331 4685 πᾶσα
1383 4632 1441 4684 δὲ
1487 4632 1719 4701 δύναμις
1749 4634 1860 4686 τῶν
1892 4624 1935 4679 Ι)

288 4724 579 4787 συνθέτων,
607 4722 641 4792 ἦ
674 4726 738 4775 ἐκ
761 4723 869 4775 τῶν
899 4721 1020 4774 κατ’
1048 4721 1187 4774 αύτά
1211 4721 1412 4793 μερῶν,
1445 4723 1478 4793 ἢ
1516 4724 1580 4775 ἐκ
1608 4722 1709 4791 τῆς
1732 4741 1860 4778 συν·

283 4816 489 4878 θέσεως
521 4816 691 4885 αὐτῆς
722 4813 1024 4884 ἐνυπῆρξεν
1075 4812 1279 4875 αὐτοῖς.
1326 4814 1497 4883 Εἴπερ
1540 4808 1633 4866 οῦν
1670 4813 1732 4866 τὸ
1760 4813 1860 4884 μὲν

283 4909 340 4962 ἓν
368 4909 531 4979 μέρος
557 4907 719 4977 τῆσδε
741 4906 842 4974 τῆς
866 4904 1122 4958 συνθέτου
1155 4904 1691 4968 ὑποστάσεωοαύτός
1713 4907 1864 4958 ἐστιν

282 5003 309 5053 ό
341 5000 473 5062 Θεὸς
506 4999 699 5066 Λόγος,
729 4996 910 5050 τοῦ·δέ
940 4997 1129 5067 ἐτέρου
1166 4996 1365 5065 μέρους
1396 4996 1492 5049 τοῦ
1536 4997 1634 5049 σὺν
1686 4996 1859 5067 αὐτῷ,

284 5093 378 5145 καὶ
401 5092 499 5160 τῆς
533 5090 728 5143 ἐαυτοῦ
750 5090 806 5143 δὲ
822 5088 960 5160 πρὸς
991 5090 1169 5141 ἐκεῖνο
1196 5088 1499 5151 συνθέσεως
1524 5088 1687 5151 αὑτός
1716 5089 1865 5141 ἐστιν

284 5184 481 5247 αἴτιος,
514 5184 622 5236 πᾶν
643 5183 697 5237 δὲ
720 5183 910 5243 αἴτιον,
950 5182 1134 5251 μεῖζον
1157 5181 1255 5250 τήν
1287 5196 1347 5231 τε
1381 5179 1613 5250 δύναμιν
1642 5181 1737 5233 καὶ
1766 5180 1864 5245 τὰς

285 5280 568 5352 ἐνεργείας
605 5281 744 5351 ὑπὲρ
786 5278 853 5332 τά
888 5278 997 5330 ἴδια
1028 5276 1271 5330 αίτιατά·
1306 5275 1424 5339 πῶς
1459 5276 1519 5329 τὸ
1551 5278 1695 5329 κατὰ
1728 5279 1865 5348 Χρι-

286 5373 410 5425 στὸν
456 5373 484 5425 ὂ
516 5390 568 5425 τι
607 5371 674 5425 ἄν
727 5388 811 5434 τις
842 5371 985 5423 εἴποι
1017 5369 1241 5438 γεγονὸς
1290 5368 1575 5434 σύνθετον,
1633 5370 1862 5439 μείζονα

284 5467 399 5532 ’ἐξει
430 5467 555 5521 τινὰ
585 5467 866 5537 ἐνέργειαν
909 5464 1003 5517 τοῦ
1056 5464 1113 5517 ἐν
1169 5464 1317 5533 αὐτῷ
1352 5464 1472 5533 μὲν,
1502 5464 1658 5534 αἰτίῳ
1695 5464 1753 5517 δὲ
1793 5460 1861 5518 αῦ

285 5560 377 5612 τοῦ
424 5560 645 5630 μέρους,
673 5560 838 5629 ἤγουν
859 5557 951 5610 τοῦ
984 5557 1131 5611 θείου
1167 5557 1373 5624 Λόγους
1422 5556 1559 5609 Ἀλλ’
1582 5558 1703 5609 ἐπεὶ
1733 5558 1864 5628 περὶ

286 5652 482 5706 οὐσιῶν
506 5638 638 5721 ἡμῖν
669 5651 909 5720 παρέσχε
933 5648 1041 5703 τῶν
1063 5649 1348 5719 ὑμετέρων
1367 5649 1608 5702 ἀτοπιῶν
1639 5650 1671 5720 ἡ
1700 5650 1864 5719 ὑπερ-

288 5741 560 5806 ϐλύζουσα
609 5740 822 5809 ἀλογία,
855 5740 935 5792 ἔτι
976 5741 1071 5793 καὶ
1119 5738 1327 5794 τούτων
1385 5739 1558 5804 οὕτως
1608 5741 1860 5811 ἐχόντων,

361 5919 382 6007 ξ
406 5919 621 5975 llehr.x
647 5959 661 5984 ,
696 5920 757 5979 4.

1950 2333 2179 2395 pr0pter
2196 2326 2397 2379 inﬁrmi
2410 2337 2573 2381 tatem
2590 2336 2645 2383 ct
2662 2328 2910 2383 umbram
2929 2333 3289 2399 operationis,
3313 2335 3533 2403 quando

1951 2416 2461 2489 oﬂ'eruntur),quas
2479 2420 2875 2476 DeusVerbum
2904 2425 3179 2492 complere
3204 2440 3313 2480 non
3339 2434 3535 2495 potens

1952 2526 2052 2579 per
2081 2510 2348 2579 scipsum,
2385 2518 2594 2565 naturae
2631 2512 2885 2567 humana:
2910 2515 3228 2582 operatione
3277 2516 3530 2585 perfecit.

1951 2601 2050 2655 Vel
2084 2601 2362 2655 inﬁrmum
2396 2602 2567 2655 Deum
2603 2603 2845 2658 Verbum
2890 2606 3232 2669 ostendunt,
3268 2610 3353 2662 vel
3410 2626 3534 2679 qua:

1954 2707 2062 2745 non
2105 2691 2304 2745 decent
2334 2692 2652 2747 facientem.
2689 2694 2745 2749 Si
2781 2695 3023 2764 primum
3049 2737 3062 2761 ,
3096 2699 3398 2753 etiamnum
3435 2701 3537 2755 Pa-

1956 2791 2061 2848 ter,
2094 2785 2187 2854 qui
2213 2784 2467 2839 humanae
2500 2796 2713 2841 natura;
2744 2804 2854 2841 non
2882 2788 3133 2858 subjacet
3164 2830 3178 2853 ,
3233 2790 3300 2845 ad
3343 2791 3535 2861 hujus-

1956 2873 2104 2927 modi
2139 2874 2495 2944 operationes
2527 2877 2886 2945 complendas
2922 2878 3195 2948 impotens
3215 2891 3331 2946 est;
3369 2890 3535 2951 atque

1956 2966 2261 3021 secundum
2296 2968 2404 3023 hoc
2427 3010 2441 3034 ,
2483 2970 2657 3039 major
2682 2970 2842 3024 Patre
2878 2970 3049 3025 Filius
3093 2981 3218 3035 est,
3266 2974 3411 3043 quod
3450 2984 3537 3029 est

1956 3060 2186 3129 impium
2211 3078 2224 3113 :
2250 3060 2297 3115 si
2317 3078 2448 3116 vero
2466 3062 2792 3126 secundum,
2812 3062 3039 3118 evidens
3059 3074 3143 3118 est
3158 3065 3534 3135 blasphemia;

1956 3169 2197 3224 namque
2226 3154 2369 3209 Deus
2402 3154 2545 3208 nihil
2572 3153 2718 3224 quod
2748 3169 2857 3208 non
2896 3155 3088 3210 deccat
3120 3156 3268 3220 facit,
3302 3173 3405 3211 nec
3438 3174 3538 3227 per

1957 3246 2222 3317 scipsum,
2270 3262 2373 3301 nec
2422 3262 2546 3301 cum
2580 3247 2775 3301 altero.
2818 3246 2875 3301 Si
2910 3262 3042 3301 vero
3071 3256 3332 3303 neutrum
3374 3250 3538 3303 datur

1957 3346 2232 3403 sanctum,
2259 3355 2368 3393 non
2417 3355 2571 3410 ergo,
2626 3355 2735 3394 non
2768 3340 2904 3395 unio
2939 3340 3081 3395 facta
3120 3348 3203 3396 cst
3234 3342 3330 3397 Dei
3364 3343 3531 3398 Verbi

1956 3440 2279 3500 naturaeque
2313 3430 2591 3485 humanm.
3136 3438 3143 3443 ’

2026 3519 2251 3589 Aliquid
2279 3519 2459 3574 simile
2496 3519 2633 3573 mihi
2659 3536 2821 3591 agere
2870 3519 3131 3575 videmini
3158 3520 3343 3591 inepte
3372 3538 3536 3592 supc-

1957 3611 2213 3664 rantihus
2235 3624 2463 3680 scopum
2519 3611 2624 3664 tela
2652 3610 2932 3681 jaciendo,
2980 3611 3311 3680 imperitiam
3354 3614 3538 3681 potius

1958 3718 2122 3772 quam
2152 3702 2431 3756 solertiam
2456 3702 2904 3766 ostendentibus,
2930 3702 3004 3757 ita
3035 3710 3094 3756 ut
3126 3702 3378 3757 nesciant
3402 3719 3534 3773 quo.

1958 3800 2227 3862 quantum
2262 3792 2654 3863 quomodoque
2696 3793 2802 3847 tela
2837 3792 3089 3862 jacienda
3123 3792 3272 3847 sint:
3298 3808 3538 3863 namque

1959 3901 2083 3939 cum
2114 3885 2169 3938 in
2191 3884 2299 3939 hoc
2322 3885 2504 3954 potius
2533 3884 2910 3939 asserentibus
2930 3900 3093 3938 unam
3125 3894 3377 3938 naturam
3404 3902 3538 3940 con-

1962 3978 2232 4035 tradicere
2269 3978 2741 4043 somniavissetis,
2798 3978 3028 4049 perinde
3089 3993 3153 4034 ac
3186 3980 3537 4049 praecedente

1959 4085 2305 4148 argumento,
2325 4078 2406 4133 sic
2431 4087 2485 4133 et
2516 4093 2666 4134 nunc
2690 4078 2966 4132 mediante
2991 4078 3365 4133 contentionis
3389 4079 3537 4133 dcsi~

1961 4170 2139 4235 derio,
2175 4172 2467 4227 adversum
2500 4187 2603 4225 nos
2634 4187 2854 4241 quoque
2880 4188 3044 4225 unam
3073 4171 3413 4243 hypostasim
3436 4187 3538 4226 nec

1960 4271 2217 4319 naturam
2241 4273 2554 4319 asserentes
2589 4262 2643 4317 in
2675 4262 2908 4317 Domino
2942 4275 3135 4329 nostro
3158 4263 3286 4318 Jesu
3317 4262 3540 4319 Christo

1963 4356 2262 4413 irruimini.
2319 4355 2424 4411 Sed
2468 4370 2570 4409 nos
2619 4362 2952 4409 structuram
2988 4352 3229 4407 vestram
3287 4352 3541 4407 breviter

1962 4451 2334 4507 destruemus.
2367 4448 2558 4504 Omnis
2586 4448 2734 4502 enim
2764 4446 3014 4516 operatio
3044 4461 3109 4499 ex
3142 4444 3386 4514 potentia
3412 4450 3538 4508 est;

1964 4544 2145 4598 omnis
2169 4551 2354 4597 autem
2388 4541 2635 4611 potentia
2666 4539 2972 4601 unitorum,
3019 4536 3134 4591 sive
3184 4551 3249 4589 ex
3289 4534 3540 4603 partibus

1964 4636 2109 4690 inter
2143 4650 2223 4697 se,
2263 4634 2379 4687 sive
2406 4647 2472 4686 ex
2516 4631 2631 4700 ipsa
2671 4628 2875 4682 unione
2908 4628 2963 4680 in
2996 4626 3130 4695 ipsis
3178 4624 3446 4679 subsistit.
3480 4624 3539 4678 Si

1964 4742 2095 4796 ergo
2145 4734 2201 4778 et
2242 4740 2369 4794 pars
2418 4738 2527 4776 una
2576 4720 2742 4775 unita:
2779 4717 3087 4789 hypostasis
3129 4716 3199 4770 sit
3237 4716 3354 4786 ipse
3396 4718 3543 4770 Deus

1963 4818 2255 4883 Verbum,
2322 4816 2661 4884 alteriusque
2718 4813 2894 4882 partis
2954 4810 3309 4873 comitantis,
3376 4818 3543 4877 atque

1962 4909 2048 4962 sui
2073 4907 2247 4977 ipsius
2267 4903 2493 4959 unionis
2515 4918 2639 4957 cum
2670 4901 2761 4955 illa
2786 4900 2903 4970 ipse
2920 4909 3005 4955 est
3033 4914 3216 4964 causa;
3240 4898 3419 4952 omnis
3441 4912 3541 4951 au-

1964 5010 2068 5054 tem
2100 5014 2267 5054 causa
2312 5012 2436 5052 cum
2481 4996 2552 5049 sit
2578 4995 2752 5065 major
2772 4992 3019 5063 potentia
3049 5000 3104 5046 et
3128 4988 3545 5061 operationibus

1961 5092 2201 5147 causatis
2228 5089 2362 5151 suis,
2388 5086 2669 5157 quomodo
2683 5084 3019 5150 Christus,si
3041 5084 3165 5152 quis
3186 5097 3313 5135 eum
3339 5080 3545 5134 dixerit

1961 5184 2219 5247 unitum,
2275 5182 2543 5251 majorem
2584 5177 2817 5233 habebit
2864 5178 3104 5245 aliquam
3163 5174 3541 5243 operationem

1962 5292 2124 5347 quam
2160 5274 2339 5345 partis
2378 5288 2500 5343 qua:
2542 5272 2711 5326 estin
2748 5270 2890 5340 ipso,
2922 5268 3127 5337 quique
3162 5267 3360 5320 iterum
3393 5265 3545 5319 illius

1960 5378 2047 5424 est
2074 5384 2261 5432 causa,
2292 5367 2409 5421 sive
2441 5365 2612 5421 Verbi
2646 5362 2861 5417 divini?
2907 5360 2975 5415 At
3003 5358 3273 5429 siquidem
3308 5358 3542 5412 stultitia

1968 5459 2338 5514 absurdorum
2371 5466 2683 5511 vestrorum
2714 5468 2941 5509 summa:
2970 5452 3036 5505 de
3073 5450 3396 5506 substantiis
3425 5465 3544 5504 ser-

1969 5568 2193 5607 monem
2223 5551 2485 5613 adduxit,
2538 5549 2840 5604 etiamnum
2871 5546 2958 5599 his
2992 5545 3068 5598 ita
3101 5560 3159 5598 se
3191 5542 3542 5605 habentibus,

1965 5645 2127 5700 nobis
2164 5654 2344 5698 tamen
2375 5643 2480 5696 hoc
2515 5657 2735 5711 quoque
2762 5639 3057 5694 dicendum
3092 5646 3207 5701 est,
3247 5635 3295 5691 si
3330 5635 3547 5690 intelle-

1967 5736 2305 5794 ctuabilibus
2355 5734 2532 5791 oculis
2590 5731 2929 5799 intendatis,
2988 5746 3088 5786 vos
3144 5730 3305 5787 facile
3355 5727 3545 5783 videre
