4032 6560
513 405 648 473 1447

1774 408 2084 474 LEONTII
2122 409 2532 476 ΒΥέΖΑΝΤΙΝΙ

3629 423 3761 490 1448

497 517 730 576 omnino
755 516 1031 590 quomodo
1061 532 1283 590 quoque
1336 519 1472 574 fiant
1497 519 1773 591 pleraeque
1797 528 1856 576 et
1904 519 2061 576 mani-

2181 520 2332 591 ὅμως
2391 522 2488 576 καὶ
2542 520 2702 576 τοῦτο
2755 522 2976 580 λεκτέον
3003 525 3155 599 ὑμῖν,
3184 527 3266 584 ὅτι
3313 531 3363 584 εί
3391 531 3506 597 τοῖς
3547 540 3761 606 νοητοῖς

500 611 655 669 festa:
679 612 1036 682 operationes’
1057 612 1127 668 ab
1155 613 1335 678 unito,
1365 628 1504 683 quas
1535 629 1640 670 nec
1667 615 1812 669 Deus
1844 629 1954 668 non
1989 613 2077 668 in-

499 714 778 771 cal-natus,
797 721 901 762 nec
925 705 1092 761 homo
1113 705 1233 761 sine
1249 707 1361 762 Deo
1377 707 1652 778 potuisset
1678 707 1859 763 facere
1882 722 2078 777 quem-

501 798 797 853 admodum
830 814 980 854 nunc
1009 798 1167 854 fiunt.
1197 799 1332 855 Nam
1356 815 1465 868 qua
1494 813 1630 855 voce
1673 799 1835 855 nobis
1867 798 2075 862 dicitis,

499 891 673 947 Deum
703 891 912 962 absque
935 907 1099 948 carne
1124 892 1490 963 corporaliter
1516 907 1583 947 ex
1617 892 1741 947 sinu
1768 891 2076 962 incorrupti

498 982 752 1053 corporis
778 999 1168 1053 processurum
1203 998 1345 1048 esse,
1379 998 1446 1037 an
1471 997 1674 1052 corpus
1714 983 1924 1052 absque
1963 981 2077 1037 Deo

496 1090 565 1129 ex
596 1074 721 1129 sinu
756 1075 1062 1144 incorrupti
1092 1075 1337 1146 corporis
1375 1090 1614 1145 unquam
1642 1073 2078 1145 processurum?

501 1166 637 1233 Quis
675 1176 972 1238 postquam
1006 1168 1076 1223 40
1107 1168 1228 1223 dies
1253 1169 1578 1239 jcjunasset,
1611 1183 1720 1222 non
1754 1167 1954 1223 esuriit
1977 1167 2078 1222 bo-

499 1261 624 1314 mo?
653 1259 788 1326 Quis
818 1277 951 1316 vero
974 1270 1102 1316 ante
1133 1265 1219 1318 vel
1249 1271 1374 1332 post
1397 1262 1757 1332 quadraginta
1781 1262 1900 1316 dies
1929 1261 2076 1316 Deus

497 1355 724 1409 omnino
750 1340 987 1411 esuriit?
1019 1355 1154 1423 Quis
1182 1358 1350 1412 etiam
1377 1357 1587 1413 diceret
1602 1359 1773 1412 Deum
1797 1373 1928 1412 vere
1951 1373 2078 1412 cor-

497 1448 764 1517 poraliter
784 1465 950 1519 supra
967 1465 1166 1519 aquam
1195 1449 1432 1518 pedibus
1461 1465 1702 1520 unquam
1724 1450 2075 1506 ambulasse?

497 1541 593 1594 vel
631 1541 927 1595 humanam
961 1542 1167 1610 absque
1198 1543 1310 1596 Deo
1332 1550 1585 1597 naturam
1617 1543 1875 1614 abyssum
1902 1542 2075 1597 maris

496 1643 684 1684 ansam
720 1645 841 1684 esse
873 1631 1132 1686 calcare?
1163 1630 1367 1702 Hisque
1401 1633 1602 1688 similia
1625 1634 1911 1698 miracula,
1936 1648 2074 1703 quo-

496 1737 616 1774 rum
643 1737 745 1776 nec
765 1721 950 1776 divina
968 1730 1164 1776 natura
1183 1723 1391 1794 aliquid
1415 1739 1656 1795 unquam
1685 1725 2070 1794 corporaliter,

492 1828 597 1868 nec
652 1813 890 1868 humana
945 1823 1142 1869 natura
1175 1816 1403 1870 omnino
1437 1816 1688 1886 perfecit.
1739 1816 1796 1872 Si
1840 1831 1972 1887 ergo
2000 1815 2071 1871 ad

2179 614 2480 685 ὀφθαλμοῖς
2516 616 2829 689 ἀτενίσητε,
2861 619 3084 674 εὔκολον
3115 623 3242 677 ίδεῖν
3269 623 3413 678 πάνυ
3443 625 3520 690 ὡς
3548 629 3643 681 καὶ
3666 646 3761 697 γεο

2178 704 2370 774 γόνασι
2399 706 2649 762 πλεῖσται
2677 709 2769 763 καὶ
2799 712 2997 783 τραναί
3027 730 3170 778 τινες
3200 715 3476 785 ἐνέργειαι
3515 717 3594 788 τῷ
3629 737 3758 775 συν⁹

2179 796 2343 868 θέτῳ,
2377 798 2446 863 ἃς
2491 797 2616 853 οὔτε
2645 800 2780 855 Θεὸν
2809 801 3080 875 ἄσαρκον,
3115 804 3239 860 οὔτε
3266 807 3557 879 ἄνθρωπον
3581 810 3761 867 ἀθέω-

2176 905 2269 943 τον
2311 884 2382 961 ἦν
2431 890 2658 945 δυνατὸν
2689 891 2880 964 ὥσπερ
2907 894 3004 962 νῦν
3026 897 3285 965 γεγόνασι
3322 899 3757 968 διαπράξασθαι.

2177 981 2296 1035 Τίνι
2320 981 2431 1052 γὰρ
2459 984 2654 1037 εἴπατε
2682 985 2816 1054 ἡμῖν
2847 986 3062 1060 λόγῳ,ῆ
3085 989 3219 1056 Θεὸς
3246 992 3487 1062 ἄσαρκος
3517 1010 3760 1063 σωματιο

2177 1071 2271 1135 κὸς
2315 1073 2404 1127 διὰ
2449 1076 2658 1146 μήτρας
2691 1076 2934 1148 ἁφθόρου
2959 1081 3225 1150 χωρήσει,
3257 1081 3290 1153 ἢ
3326 1082 3488 1153 σῶμα
3515 1083 3758 1139 ἀθέωτον

2175 1161 2265 1216 διὰ
2320 1163 2576 1236 σώματος
2656 1167 2896 1239 ἀφθόρου
2954 1171 3168 1242 μήτρας
3206 1174 3450 1244 χωρήσει
3496 1174 3752 1241 minore;

2177 1257 2246 1310 Μ’
2275 1257 2331 1310 δὲ
2365 1258 2579 1328 ἡμέρας
2623 1260 2708 1322 τίς
2755 1262 3079 1332 νηστεύσας,
3100 1265 3200 1318 οὐκ
3226 1266 3518 1320 ἐπείνασεν
3544 1268 3757 1340 avem-

2175 1364 2306 1415 πος;
2338 1349 2435 1414 Τίς
2483 1349 2541 1403 δὲ
2593 1351 2786 1422 πρώην
2843 1353 2876 1424 ἢ
2925 1355 3061 1425 μετὰ
3104 1358 3517 1428 τεσσαράκοντα
3541 1362 3756 1432 ἡμέρας

2175 1436 2308 1501 Θεὸς
2345 1439 2484 1503 ὅλως
2516 1441 2838 1510 ὲπείνασεν;
2887 1443 3059 1516 ’Υπὲρ
3097 1445 3289 1512 ὓδατος
3316 1448 3375 1503 δὲ
3402 1450 3486 1514 τίς
3513 1451 3580 1506 ἂν
3607 1454 3753 1507 εἴποι

2173 1528 2308 1582 Θεὸν
2337 1530 2554 1601 ἀληθῶς
2595 1535 2874 1604 σαρκικῶς
2903 1537 3026 1592 ποδὶ
3059 1539 3321 1602 πεζεῦσαι
3348 1560 3518 1610 ποτε;
3550 1545 3623 1598 Ἦ
3656 1547 3755 1600 ἀν·-

2176 1620 2455 1692 θρωπείαν
2481 1621 2634 1677 ιίιθεεὶ¹
2677 1625 2842 1694 φύσιν
2879 1627 3084 1698 ἴχνεσιν
3121 1630 3442 1698 ἀδυθίστοιςΔ
3482 1633 3753 1690 θαλάσσια

2173 1712 2317 1766 νῶτα
2332 1714 2752 1784 διαπορεύεσθαι
2774 1734 2789 1784 ;
2810 1719 2919 1772 Καὶ
2938 1721 3008 1774 τὰ
3031 1721 3244 1786 τούτοις
3263 1724 3426 1794 ὅμοια
3445 1726 3750 1798 μεγαλουρ-

2175 1807 2420 1878 γήματα,
2447 1802 2522 1890 ὧν
2554 1811 2675 1864 οὐδὲ
2717 1811 2879 1882 φύσις
2909 1813 3032 1869 θεία
3063 1817 3193 1870 ποτέ
3229 1835 3282 1873 τι
3315 1821 3598 1890 σαρκικῶς
3629 1821 3750 1876 δια·

494 1905 612 1960 hzec
673 1907 858 1962 omnia
904 1909 1041 1963 nihil
1093 1909 1252 1964 vobis
1289 1918 1372 1965 est
1420 1909 1740 1971 dicendum,
1781 1909 1909 1964 licet
1971 1924 2061 1978 pro

2175 1889 2634 1967 πέπραχεν,ὀῦτε
2673 1900 2990 1970 ἀνθρωπεία
3017 1903 3076 1958 τὸ
3113 1905 3337 1960 σύνολον
3366 1889 3748 1982 ὲθαυματούρ-

494 2000 763 2054 memoria
797 2001 1123 2056 alterutrum
1158 2004 1317 2058 vobis
1347 2002 1553 2072 eligere
1605 2020 1618 2056 :
1666 2002 1752 2057 vel
1798 2001 2069 2057 habentes

435 2112 442 2119 -
494 2089 613 2145 haec
649 2099 708 2146 ut
741 2108 872 2148 vere
898 2093 1177 2149 mirabilia
1199 2102 1363 2164 atque
1390 2094 1736 2165 prodigiosa,
1771 2094 1839 2150 de
1864 2095 1952 2149 his
1983 2095 2068 2149 lo-

493 2182 588 2251 qui
616 2182 763 2238 sicut
791 2194 1074 2254 gestorum
1104 2200 1430 2256 magnorum
1465 2192 1807 2254 spectatores
1829 2225 1845 2250 ,
1873 2185 1958 2240 vel
1989 2185 2067 2240 nil

493 2289 750 2346 magnum
777 2275 1069 2343 habentes,
1099 2277 1347 2347 nihilque
1373 2276 1609 2347 amplius
1647 2278 1863 2349 nugari.

1124 2498 1276 2556 CAP.
1314 2499 1431 2556 ΧΠ.

563 2632 940 2704 Quodcunque
986 2637 1146 2690 alteri
1177 2637 1417 2702 unitum,
1454 2637 1543 2692 vel
1575 2651 1674 2707 per
1711 2635 2066 2706 semetipsum

495 2723 699 2788 anitur,
724 2723 809 2778 vel
840 2739 940 2793 per
961 2725 1215 2779 alterum.
1245 2724 1446 2780 Unitur
1473 2725 1693 2796 quidem
1735 2741 1833 2796 per
1863 2732 2067 2782 semet-

492 2823 669 2886 ipsum
699 2816 845 2872 sicut
901 2817 1082 2872 anima
1127 2817 1385 2888 corpori;
1422 2833 1519 2888 per
1559 2819 1792 2872 alterum
1821 2832 1974 2882 vero,
2005 2823 2067 2871 ut

485 2919 677 2980 partes
699 2910 917 2977 domus,
950 2911 1163 2967 scilicet
1201 2929 1300 2983 per
1341 2911 1642 2967 hominem.
1691 2912 1838 2967 Deus
1877 2920 2064 2967 autem

485 3002 752 3070 Verbum,
796 3019 901 3059 nec
927 3019 1025 3074 per
1052 3004 1407 3074 semetipsum
1436 3004 1682 3069 unietur,
1733 3003 1872 3057 nihil
1914 3003 2062 3058 enim

487 3112 628 3167 Opus
656 3097 763 3152 sibi
795 3107 880 3152 est
899 3114 912 3128 ’
946 3113 1048 3152 nec
1073 3112 1172 3167 per
1198 3098 1452 3161 alterum,
1491 3097 1629 3152 nulli
1658 3095 1806 3152 enim
1837 3095 2064 3151 inferior

485 3197 604 3254 est;
635 3187 908 3258 siquidem
939 3203 1102 3244 omne
1132 3189 1350 3244 unitum
1379 3188 1534 3242 alteri
1578 3203 1691 3243 non
1734 3202 1833 3258 per
1856 3195 2059 3242 semet-

489 3279 690 3350 Xisum,
741 3280 838 3336 sed
876 3296 975 3350 per
999 3281 1253 3348 alterum,
1308 3278 1539 3335 inferius
1583 3279 1661 3334 illi
1701 3278 2060 3334 constituitur

488 3389 586 3441 per
615 3372 762 3442 quod
794 3376 1005 3427 unitur.
1041 3373 1096 3427 Si
1126 3387 1255 3428 vero
1285 3387 1387 3427 nec
1428 3388 1526 3442 per
1556 3371 1796 3442 seipsum
1823 3386 1928 3426 nec
1960 3387 2058 3441 per

486 3465 724 3519 alterum
765 3465 990 3521 unietur
1038 3465 1184 3520 Dens
1236 3465 1512 3531 Verbum,
1569 3468 1878 3536 asynthetus
1925 3479 2058 3535 ergo

483 3558 621 3624 erit,
650 3574 752 3614 nec
773 3575 899 3614 cum
927 3561 1040 3616 ullo
1074 3577 1313 3630 unquam
1355 3561 1410 3615 in
1451 3561 1712 3621 unionem
1745 3561 2055 3616 conveniet.

484 3650 663 3708 Unius
693 3667 756 3706 ac
778 3653 1022 3720 ejusdem
1051 3653 1234 3722 impiae
1263 3652 1466 3708 radicis
1485 3669 1676 3709 omnes
1706 3654 1876 3708 vestri
1897 3654 2059 3724 stipi-

485 3751 571 3798 tes
612 3743 856 3815 ejusdem
898 3744 1049 3799 modi
1093 3744 1341 3800 stultitiae
1370 3753 1520 3808 sunt,
1552 3745 1726 3801 Deum
1759 3745 1856 3824 qui
1890 3761 2057 3816 supra

483 3836 670 3891 omnia
698 3846 783 3891 est
815 3853 941 3891 cum
975 3837 1237 3892 omnibus
1283 3838 1497 3894 caeteris
1542 3838 1780 3894 absurde
1824 3839 2060 3894 confun-

483 3929 686 3986 dendo.
721 3929 777 3984 Si
811 3930 982 3994 enim,
1019 3939 1082 3986 ut
1110 3931 1298 3996 vultis,
1342 3931 1710 4003 quodcunque
1744 3933 1902 3988 alteri
1931 3931 2058 3988 uni-

485 4029 625 4088 tum,
673 4022 756 4076 vel
789 4037 888 4093 per
925 4022 1189 4092 seipsum,
1218 4022 1301 4078 vel
1331 4039 1430 4094 per
1472 4025 1706 4078 alterum
1740 4023 1961 4089 unitur;
2009 4022 2055 4078 si

483 4127 622 4166 vero
663 4113 809 4169 Deus
838 4123 922 4167 est
966 4113 1235 4177 omnium,
1283 4122 1346 4168 ut
1387 4113 1648 4180 creditis;
1692 4128 1759 4168 ex
1815 4112 2056 4183 generali

485 4213 668 4260 vestra
696 4206 1096 4277 prepositione,
1121 4222 1220 4262 vos
1239 4207 1510 4261 erravisse
1532 4205 2052 4260 demonstrabimus.

483 4299 730 4369 Namque
759 4299 876 4354 hoc
893 4314 1112 4368 quoque
1132 4314 1234 4354 nos
1260 4300 1334 4353 ita
1364 4298 1670 4353 diceremus
1694 4312 1710 4350 :
1740 4311 1865 4349 cum
1894 4311 2055 4350 omne

480 4389 690 4460 aliquid
709 4391 840 4460 agit,
859 4391 944 4446 vel
973 4406 1072 4461 per
1097 4391 1360 4460 seipsum,
1374 4389 1460 4443 vel
1481 4403 1577 4458 per
1593 4388 1825 4442 alterum
1845 4387 2054 4458 aliquid

481 4482 631 4552 agit;
653 4482 798 4552 quod
828 4492 1010 4538 autem
1040 4499 1138 4552 per
1167 4483 1409 4551 seipsum
1433 4480 1562 4550 agit.
1600 4478 1726 4549 ipsi,
1750 4478 1903 4548 juxta
1934 4492 2052 4546 vos,

2171 2005 2364 2060 γησεν.
2396 1991 2461 2043 Ei
2509 1986 2605 2044 οὖν
2654 1992 2792 2065 πρὸς
2828 1993 3004 2048 ταῦτα
3044 1997 3225 2052 πάντα
3254 2000 3421 2070 μηδὲν
3456 2001 3573 2056 ἐστι
3620 2003 3750 2073 ὑμῖν

2169 2077 2372 2148 λέγειν,
2405 2079 2571 2134 καλὸν
2624 2081 2770 2152 ὑμᾶς
2817 2082 2879 2148 ἐξ
2930 2085 3308 2154 ἐπιγνώσεως,
3358 2089 3587 2161 θάτερον
3633 2092 3752 2146 δια-

2169 2176 2510 2246 πράττεσθαι
2531 2192 2544 2206 ⁶
2587 2179 2620 2248 ἢ
2676 2179 2976 2250 βλέποντας
3002 2182 3071 2235 τὰ
3102 2182 3179 2246 ὡς
3205 2183 3424 2256 ἀληθῶς
3455 2186 3750 2258 θαυμαστὰ

2169 2268 2265 2322 καὶ
2299 2268 2540 2333 ἐξαίσια,
2568 2270 2752 2325 λαλεῖν
2781 2271 2958 2338 οὕτως
2989 2272 3066 2337 ὡς
3095 2274 3205 2328 τῶν
3237 2276 3491 2346 μεγάλων
3523 2279 3748 2347 θεατὰς,

2169 2357 2298 2431 ἢμὴ
2326 2359 2568 2431 όρῶντάς
2594 2378 2645 2414 τι
2678 2361 2840 2432 μέγα,
2876 2362 2951 2434 μὴ
2986 2363 3176 2435 ληρεῖν
3203 2366 3457 2436 περιττά.

2757 2478 3010 2557 amita.
3051 2502 3152 2555 IB'.

2239 2636 2356 2690 Πᾶν
2383 2635 2562 2690 ὁτιοῦν
2587 2635 2946 2706 συγκείμενον
2999 2637 3194 2709 ἑτέρῳ,
3225 2637 3259 2709 ἢ
3311 2637 3378 2691 δι’
3403 2637 3569 2693 ἑαυτὸ
3610 2639 3745 2707 σύγ·

2167 2745 2368 2793 κειται,
2400 2727 2433 2798 ἣ
2486 2728 2552 2781 δι’
2595 2727 2807 2797 ἓτερον.
2841 2717 2961 2782 Καῖ
3016 2728 3302 2796 σύγκειται
3330 2729 3436 2801 μὲν
3463 2730 3530 2784 δι’
3557 2730 3743 2790 ἑαυτὸ.

2165 2817 2277 2872 οἷον
2325 2817 2473 2889 ψυχὴ
2516 2817 2595 2889 τῷ
2649 2817 2890 2888 σώματι·
2923 2818 2990 2872 δι’
3019 2819 3207 2889 ἕτερον
3234 2820 3311 2885 δὲ,
3339 2819 3412 2874 τὰ
3453 2820 3593 2892 μέρη
3642 2820 3745 2888 τῆς

2165 2911 2375 2976 οἰκίας·
2425 2911 2493 2965 δι’
2542 2911 2831 2982 ἄνθρωπον
2881 2912 3013 2983 γάρ.
3057 2910 3116 2964 '0
3143 2911 3202 2964 δὲ
3229 2911 3361 2977 Θεὸς
3391 2913 3584 2982 Λόγος,
3615 2911 3745 2966 οὔτε

2165 3005 2233 3059 δι’
2259 3004 2454 3059 ἑαυτὸν
2482 3003 2851 3074 συγκείσεται,
2871 3003 3178 3075 ἀπροσδεὴς
3206 3003 3314 3076 γάρ
3333 3019 3346 3034 ·
3375 3005 3500 3058 οὔτε
3529 3005 3596 3058 δι’
3626 3004 3747 3058 ἔτε-
3825 3050 3828 3051 ν

2169 3114 2282 3170 ρον,
2321 3096 2383 3150 ού
2428 3115 2576 3160 τινος
2621 3097 2731 3167 γὰρ
2781 3095 3014 3168 χείρων
3045 3097 3167 3148 ἐπεὶ
3219 3097 3328 3149 πᾶν
3380 3095 3746 3166 συγκείμενον

2164 3191 2360 3262 ἑτέρῳ,
2389 3189 2450 3242 ού
2502 3189 2568 3242 δι’
2605 3189 2788 3253 ἑαυτὸ,
2817 3187 2953 3242 ἀλλὰ
2983 3187 3051 3242 δι’
3085 3189 3295 3259 ἕτερον,
3321 3184 3485 3262 ἦττον
3527 3189 3744 3243 ἐκείνου

2161 3283 2468 3352 καθέστηκε
2491 3281 2558 3335 δι’
2582 3283 2719 3354 ὅπερ
2755 3280 3155 3350 σύγκειται.Ἐί
3178 3281 3236 3334 δὲ
3267 3285 3406 3352 μήτε
3434 3281 3506 3335 δι’
3522 3282 3741 3346 ἑαυτὸν,

2164 3376 2300 3447 μήτε
2321 3373 2387 3427 δι’
2410 3374 2498 3427 ἒτε
2509 3391 2601 3446 ρον
2627 3373 3029 3440 συντεθήσεται
3062 3374 3090 3426 ό
3112 3373 3244 3436 Θεὸς
3261 3373 3456 3442 Λόγος,
3479 3375 3747 3429 ἀσύνθε-

2160 3485 2264 3534 τος
2315 3468 2423 3539 ἄρα
2468 3467 2562 3521 καί
2590 3466 2699 3519 τινί
2728 3482 2859 3519 ποτε
2888 3465 2968 3529 εἰς
3002 3465 3254 3519 σύνθεσιν
3285 3467 3360 3536 μὴ
3410 3470 3746 3538 συντρέχων,

2165 3563 2310 3624 Μιᾶς
2333 3562 2428 3614 καὶ
2452 3559 2551 3629 τῆς
2587 3558 2754 3628 αὐτῆς
2784 3557 3015 3620 ἀσεϐοῦς
3046 3557 3224 3629 ῥίζης,
3250 3558 3465 3612 ἅπαντα
3489 3559 3645 3628 ὑμῶν
3676 3564 3746 3613 τὰ

2164 3653 2553 3724 βλαστήματα,
2603 3653 2701 3704 ml.
2757 3649 2857 3721 τὴν
2909 3650 3297 3721 όμοιοτροπίαν
3356 3651 3455 3717 τῆς
3507 3652 3746 3714 ἀτοπίας

2159 3747 2376 3817 ἔχοντα,
2411 3746 2468 3798 ὲν
2501 3746 2569 3816 τῇ
2601 3743 2901 3814 παραλόγῳ
2928 3741 3020 3796 τοῦ
3055 3741 3198 3813 ὑπὲρ
3237 3743 3414 3796 πάντα
3461 3743 3602 3797 Θεοῦ
3645 3744 3748 3798 civ

2157 3841 2268 3900 τοῖς
2289 3837 2422 3890 πᾶσι
2438 3835 2753 3904 καταμίξει.
2777 3834 2839 3886 Ei
2867 3833 2996 3903 γὰρ,
3015 3832 3091 3896 ὡς
3112 3832 3394 3902 βούλεσθε,
3419 3835 3531 3886 πᾶν
3558 3834 3748 3888 ὁτιοῦν

2160 3928 2520 3998 συγκείμενον
2567 3926 2818 3998 ἑτέρῳ,ἢ
2852 3926 2919 3979 δι’
2958 3925 3118 3978 ἑαυτὸ
3144 3925 3178 3996 ἢ
3208 3925 3275 3978 δι’
3299 3924 3486 3994 ἕτερον
3523 3924 3749 3992 σύγκει-

2157 4038 2280 4076 ταιο
2330 4022 2378 4074 εἰ
2416 4019 2475 4073 δὲ
2518 4019 2626 4072 τῶν
2665 4018 2882 4071 πάντων
2915 4020 2944 4071 ό
2980 4017 3135 4080 Θεὸς,
3168 4015 3244 4078 ὡς
3291 4015 3495 4080 οἴεσθε,
3526 4016 3591 4068 ὲκ
3639 4016 3745 4086 τῆς

2157 4112 2384 4168 καθόλου
2421 4109 2575 4181 ὑμῶν
2616 4109 2932 4180 προτάσεως
2962 4109 3033 4162 τὰ
3055 4108 3154 4178 τῆς
3185 4108 3459 4179 ὑμετέρας
3489 4110 3747 4162 ἀποπλα-

2157 4207 2368 4276 νήσεως
2409 4203 2676 4274 δείξομεν.
2715 4203 2984 4273 Εἶποιμεν
3008 4201 3119 4273 γὰρ
3154 4200 3220 4254 ἂν
3254 4200 3352 4253 καὶ
3379 4202 3538 4275 ἡμεῖς
3561 4199 3746 4262 οὕτως

2155 4298 2315 4353 τοῦτο
2333 4315 2347 4327 ·
2397 4297 2550 4351 Ἐπεὶ
2579 4298 2688 4350 πᾶν
2719 4297 2780 4349 τὸ
2805 4295 2993 4350 ποιοῦν
3020 4312 3095 4358 τι,
3117 4295 3149 4365 ἢ
3179 4292 3248 4348 δι’
3282 4293 3494 4364 ἑαυτὸη
3517 4293 3588 4346 δι’
3613 4293 3739 4346 ἓτε-

2159 4393 2251 4463 ρόν
2277 4409 2332 4446 τι
2357 4393 2521 4445 ποιεῖ’
2541 4391 2602 4443 τὸ
2627 4391 2687 4444 δὲ
2718 4390 2906 4444 ποιοῦν
2935 4390 3002 4443 δι’
3020 4387 3200 4452 ἑαυτὸ,
3226 4387 3440 4450 ὲπιδεὲς
3463 4385 3559 4440 τοῦ
3587 4402 3747 4454 γινο-

2163 4484 2325 4553 μένου
2356 4483 2480 4536 καθ’
2528 4481 2672 4552 ὑμᾶς
2691 4499 2705 4514 ο
2738 4482 2832 4536 καὶ
2857 4481 2917 4534 τὸ
2941 4481 3008 4534 δι’
3035 4481 3232 4552 ’ἔτερόν
3262 4497 3315 4532 τι
3343 4479 3551 4542 ποιοῦν,
3572 4474 3745 4550 ἧττον

481 4589 625 4642 opus
644 4581 729 4628 est
755 4573 850 4627 illo
882 4574 1028 4644 quod
1062 4573 1130 4628 ab
1159 4573 1276 4643 ipso
1304 4571 1504 4626 factum
1539 4580 1623 4626 est
1644 4588 1658 4638 ;
1682 4572 1939 4642 quodque
1959 4589 2058 4642 per

2163 4576 2370 4630 ἐκείνου
2399 4574 2759 4644 καθέστηκεν,
2792 4573 2869 4638 ὥς
2921 4589 3058 4642 φατε
3084 4589 3096 4602 ·
3138 4573 3271 4636 Θεὸς
3303 4571 3414 4643 ἄρα
3444 4571 3615 4624 ποιῶν
3644 4571 3746 4624 τὸν
3807 4625 3809 4627 ,

481 4665 719 4718 alterum
764 4663 896 4733 agit,
947 4663 1025 4717 illi
1055 4661 1288 4716 inferius
1313 4659 1671 4716 constituitur
1734 4670 1795 4716 ut
1845 4662 2050 4718 dicitis.

482 4755 634 4812 Deus
661 4770 792 4826 ergo
825 4755 1090 4810 mundum
1124 4753 1350 4820 faciens,
1401 4753 1486 4808 vel
1535 4753 1606 4808 ob
1634 4755 1914 4824 propriam
1948 4755 2056 4810 uti-

482 4847 716 4914 litatem,
741 4846 826 4900 vel
856 4845 926 4898 ob
949 4843 1175 4899 alterius
1198 4843 1442 4900 melioris
1470 4844 1700 4910 cultum,
1730 4845 1878 4902 hunc
1902 4845 2050 4902 facil.

480 4937 592 4992 Aut
626 4936 673 4990 si
706 4950 808 4990 nec
843 4950 940 5005 per
965 4933 1228 5003 seipsum,
1258 4951 1362 4990 nec
1391 4950 1489 5005 per
1527 4937 1788 5007 majorem
1815 4937 2052 4992 alterum

479 5030 633 5095 facit,
660 5043 769 5082 non
801 5027 968 5082 faciet
996 5018 1261 5096 unquam.
1281 5027 1567 5094 Quomodo
1594 5029 1753 5084 vobis
1778 5030 1906 5084 talia
1930 5045 2054 5099 pro.

480 5121 628 5178 ferre
661 5119 874 5184 liceret,
925 5119 1030 5173 nisi
1080 5134 1349 5174 summam
1391 5121 1671 5176 infamiam
1704 5121 2053 5192 elegissetis?

479 5211 540 5268 Si
577 5211 827 5282 providet
861 5219 1044 5266 autem
1067 5211 1288 5282 aliquis,
1313 5214 1398 5270 vel
1425 5231 1523 5285 per
1551 5214 1792 5284 seipsum
1840 5223 1901 5269 ut
1927 5213 2050 5269 ani-

479 5320 566 5358 ma
599 5319 700 5374 pro
733 5318 987 5374 corpore,
1016 5303 1100 5359 vel
1140 5321 1238 5376 per
1268 5306 1524 5373 alterum,
1558 5318 1618 5361 ut
1650 5306 1793 5362 servi
1821 5321 1919 5376 pro
1951 5305 2050 5360 do-

477 5411 602 5451 mus
619 5395 950 5461 ministerio,
977 5411 1076 5467 per
1096 5412 1255 5452 suum
1279 5397 1582 5452 dominum.
1611 5395 1702 5452 Sic
1727 5413 1858 5468 ergo
1882 5397 2046 5462 Deus,

472 5488 570 5558 qui
604 5503 675 5542 ex-
704 5488 901 5543 vestris
931 5488 1094 5543 dictis
1124 5488 1382 5542 omnibus
1414 5488 1683 5558 providet,
1709 5488 1796 5542 vel
1825 5488 1896 5543 ob
1923 5503 2049 5558 pro-

473 5580 651 5652 priam
685 5581 984 5636 utilitatem
1038 5580 1146 5636 hoc
1183 5579 1333 5644 facit,
1381 5579 1595 5649 ipsique
1634 5594 1774 5649 opus
1818 5580 1926 5634 erit
1959 5580 2047 5636 his

473 5671 678 5742 quibus
706 5671 1051 5742 p.0viderit;
1098 5670 1185 5726 vel
1239 5680 1300 5725 ut
1343 5669 1564 5740 quidam
1610 5671 1882 5737 minister,
1933 5686 2044 5725 non

473 5767 641 5821 unius
682 5775 893 5822 tantum
951 5763 1182 5828 domini,
1236 5762 1331 5818 sed
1365 5763 1630 5818 omnium.
1684 5763 1776 5818 Sic
1818 5764 2046 5819 inferior

472 5858 562 5915 liis
593 5860 796 5930 quibus
850 5859 919 5914 ab
967 5859 1086 5928 ipso
1145 5856 1466 5926 providctur
1520 5855 1817 5925 videbitur,
1877 5871 2044 5917 corvo

2156 4669 2363 4740 κόσμον
2390 4668 2422 4738 ἢ
2454 4667 2520 4721 δι’
2552 4667 2758 4721 οἰκείαν
2783 4663 3049 4738 χρείανπδ
3080 4663 3168 4719 διὰ
3197 4664 3294 4734 τὴν
3323 4664 3515 4733 ἑτέρου
3551 4661 3747 4731 κρείτ-

2151 4778 2304 4832 τονος
2331 4757 2698 4827 λειτουργίαν,
2725 4757 2915 4810 τοῦτον
2947 4759 3109 4809 ποιεῖ.
3155 4757 3224 4808 Ἢ
3259 4756 3308 4808 εί
3343 4757 3480 4824 μήτε
3500 4755 3569 4806 δι’
3602 4755 3741 4806 ἐαυ-

2151 4852 2264 4916 τὸν,
2300 4853 2439 4923 μήτε
2488 4850 2555 4905 δι’
2595 4851 2786 4916 ἕτερον
2857 4847 3078 4920 μείζονα
3130 4850 3297 4911 ποιεῖ,
3328 4847 3447 4901 οὐδὲ
3511 4846 3742 4916 ποιήσει

2153 4945 2397 5000 πώποτε.
2428 4942 2539 4997 Καὶ
2573 4942 2691 5006 πῶς
2719 4943 2847 5012 ὑμῖν
2887 4941 3064 4994 ταῦτα
3107 4940 3291 5006 λέγειν
3317 4938 3487 5006 ἐξείη,
3529 4935 3604 5007 μὴ
3637 4936 3742 5004 τὴν

2153 5032 2465 5105 ἀκροτάτην
2506 5031 2858 5104 αἱρουμένοις
2906 5029 3230 5094 κακοδοξίαν
3289 5028 3740 5097 ὲπιγράφεσθαις

2164 5124 2331 5179 Ἀλλὰ
2373 5123 2472 5178 καὶ¹
2515 5122 2575 5176 τὸ
2623 5121 2887 5193 προνοοῦν
2939 5137 3107 5185 τινος,
3137 5119 3260 5192 ἦδι’
3293 5119 3450 5172 ἑαυτὸ
3479 5118 3556 5179 ὡς
3583 5119 3739 5190 ψυχὴ

2153 5215 2428 5287 σώματος,
2458 5213 2491 5286 ἢ
2523 5213 2590 5268 δι’
2623 5213 2828 5283 ἕτερον,
2853 5212 2927 5276 ὡς
2948 5213 3047 5280 τῆς
3087 5212 3211 5266 κατ’
3240 5206 3388 5264 οἶκον
3421 5210 3735 5280 ὑπηρεσίας

2149 5310 2199 5364 oi
2227 5308 2581 5378 θεράποντες,
2613 5305 2702 5359 διὰ
2731 5305 2822 5359 τὸν
2852 5304 2985 5358 ἴδιον
3011 5304 3299 5373 δεσπότην.
3334 5304 3444 5357 Καὶ
3473 5301 3607 5363 Θεὸς
3637 5296 3737 5354 οὖν

2149 5399 2292 5454 κατὰ
2337 5399 2406 5452 τὰ
2455 5397 2514 5464 ἐξ
2553 5397 2705 5466 ὑμῶν
2738 5395 3008 5466 λεγόμενα
3038 5394 3285 5466 προνοῶν
3310 5391 3606 5461 πάντων,ἦ
3637 5393 3734 5445 διὰ

2148 5492 2246 5558 τὴν
2295 5489 2490 5543 ἑαυτοῦ
2545 5491 2733 5560 χρείαν
2762 5489 2923 5542 τοῦτο
2953 5481 3116 5553 ποιεί,
3149 5489 3245 5542 καὶ
3274 5486 3426 5540 ἔσται
3454 5485 3562 5537 τῶν
3591 5501 3732 5554 προ-

2148 5577 2455 5649 νοουμένων
2508 5578 2599 5631 ύπ’
2642 5573 2808 5632 αὑτοῦ
2861 5576 3180 5647 ἐπιδεὴς-ἧ
3234 5575 3309 5638 ὡς
3346 5573 3578 5642 ύποδεής
3615 5590 3731 5634 τις,

2147 5673 2246 5742 οὐχ
2298 5671 2416 5733 ἑνὸς
2480 5668 2640 5738 μόνου
2687 5669 2971 5733 δεσπότου,
2995 5669 3131 5721 ἀλλὰ
3176 5668 3283 5722 τῶν
3309 5667 3587 5722 ἁπάντων.
3615 5667 3732 5720 Καὶ

2143 5765 2319 5835 ἥττων
2344 5763 2645 5834 φανήσεται
2669 5763 2778 5816 τῶν
2809 5762 3282 5834 προμηθουμένων
3309 5761 3400 5815 ὑπ’
3416 5758 3614 5820 αὑτοῦ.
3633 5759 3734 5813 καί⁵

2145 5855 2416 5929 κοράκων,
2451 5854 2545 5910 καὶ
2603 5854 2803 5926 κρίνων
2853 5855 2948 5910 τοῦ
2989 5856 3161 5928 ἀγροῦ
3183 5896 3198 5924 ,
3235 5857 3331 5912 καὶ
3375 5853 3593 5927 κτηνῶν
3648 5848 3733 5919 οἷς
