4032 6524
295 513 428 574 1449

1246 510 1643 577 ADVERSUS
1676 509 2224 570 NESTURIANOS.
2251 537 2318 546 -·-
2350 514 2495 572 LIB.
2537 516 2587 575 Ι.

3425 522 3559 588 1450

290 611 565 694 ἐτοιμαξει
598 625 658 678 ἐν
704 624 882 698 καιρῷ
905 626 977 679 τὰ
1010 624 1155 678 σιτία
1180 625 1276 678 καὶ⁴
1314 621 1638 695 περιϐόλαια
1660 639 1673 652 ·
1703 617 1849 673 ταῦτ‹

1976 618 2208 684 scilicet,
2238 619 2368 675 liliis
2402 621 2539 692 agri,
2567 622 2943 694 jumentisque
2969 626 3173 696 quibus
3216 628 3271 683 in
3306 636 3557 702 tempore

287 716 343 770 δὲ
392 716 474 780 τίς
500 716 714 770 ὑποίσει
746 717 816 770 τὰ
840 717 1174 788 βλάσφημα;

373 890 511 944 Ἀλλ’
526 890 627 944 ούκ
647 890 867 945 ἐλάϐετε
883 892 973 945 καὶ
993 890 1151 946 τοῦτο
1168 893 1331 947 πᾶλιν
1357 891 1538 947 ἑκοντὶ
1576 891 1862 962 παρορῶν-

284 999 399 1048 τες,
420 982 628 1036 καὶτοῦ
665 983 965 1055 μυστηρίου
999 986 1099 1053 τῆς
1120 983 1271 1048 θείας
1299 983 1765 1057 ἐνανθρωπήσεως
1800 984 1862 1036 τὸ

286 1074 793 1150 κεφαλεωδέστερον
817 1075 1306 1145 παρασιωπῶντες,
1329 1078 1378 1130 οἱ
1394 1076 1485 1129 τὸν
1517 1074 1705 1147 ἕτερον
1738 1075 1861 1146 τρό-

284 1182 386 1219 πον
416 1165 526 1218 τῶν
559 1165 859 1235 γινομένων
886 1166 1005 1220 ούδέ
1028 1166 1163 1229 ὅλως
1192 1168 1271 1229 εἰς
1295 1168 1517 1237 μνήμην
1536 1166 1856 1235 ἀγαγόντες.

285 1256 387 1319 ’ος
416 1259 565 1311 ἐστιν
594 1261 622 1312 6
651 1259 795 1312 κατὰ
841 1260 1099 1330 πρόνοιαν
1145 1258 1256 1312 τῶν
1285 1259 1567 1330 χειρόνων,
1601 1261 1629 1312 6
1656 1261 1723 1329 τῇ
1756 1259 1860 1312 ὑπὸ

283 1347 377 1401 τοῦ
402 1349 720 1417 Κρείττονος
746 1348 812 1402 δι’
828 1349 1140 1420 ἁγαθότητα
1162 1348 1428 1421 προῖούσῃ
1455 1347 1754 1418 κηδεμονίᾳ
1775 1365 1859 1416 γι-

284 1440 508 1506 νόμενος
524 1457 536 1468 ·
555 1438 746 1492 καθ’ὃν
766 1440 860 1494 καὶ
877 1439 1203 1508 γνωρίζεται
1229 1438 1545 1506 ἰδιαίταταῤ
1560 1437 1767 1504 ἁγαθός
1798 1453 1855 1488 τε

283 1532 380 1584 καὶ
434 1529 718 1601 παναλκὴς
765 1530 897 1594 Θεὸς
935 1531 1031 1584 καὶ
1063 1530 1504 1591 πάντωναίτιος.
1545 1530 1644 1581 Διὰ
1671 1528 1857 1581 τοῦτον

281 1621 377 1675 οὖν
406 1622 500 1676 καὶ
528 1622 901 1676 συντεθεῖσθαι
936 1622 1176 1691 λέγεται,
1208 1623 1300 1675 τὸν
1330 1622 1462 1676 ἴδιον
1492 1622 1694 1675 σκοπὸν
1726 1621 1851 1690 ἀλην

282 1714 390 1777 θὼς
417 1714 521 1765 ὑπὸ
553 1714 661 1766 τῶν
681 1713 983 1784 ὀρθοδόξων
1003 1718 1134 1785 περὶ
1158 1713 1325 1767 αὑτοῦ
1361 1714 1729 1783 λογιζομένων
1756 1712 1854 1781 τὴν

282 1806 413 1875 περὶ
446 1804 612 1859 αύτοῦ
648 1805 929 1876 ἀλήθειαν.
962 1806 1103 1876 Φησὶ
1132 1806 1434 1876 γὰρίαύτὸν
1464 1804 1533 1858 τὰ
1555 1804 1733 1872 λόγια,
1773 1806 1853 1857 ὃτι

285 1902 410 1967 Οὐχ
450 1898 767 1969 ἁρπαγμόν
811 1897 1196 1968 ἡγησάμενος
1245 1902 1314 1952 τὸ
1356 1895 1509 1952 εἶναι
1563 1898 1670 1952 ισα
1709 1896 1851 1963 θεῷ,

280 1991 500 2045 ἑαυτὸν
547 1989 828 2057 ἐκένωσε,
874 1988 1119 2059 μορφὴν
1157 1989 1385 2044 δούλου
1418 1991 1643 2045 λαϐὼν.
1674 1991 1738 2043 Τί
1763 1990 1857 2043 οὖν

278 2084 554 2154 χρήσιμον
583 2083 647 2135 ἐκ
676 2080 869 2135 τούτου
899 2082 1134 2155 γένοιτο,
1167 2082 1320 2145 τέλος
1349 2081 1493 2135 κατὰ
1519 2083 1612 2136 τὸν
1654 2081 1856 2135 σκοπὸν

280 2174 582 2246 ἐκὸεὸηκδς
639 2173 735 2226 τοῦ
782 2172 1151 2239 κενωθέντος;
1200 2173 1367 2229 υὺδὲν
1400 2172 1529 2227 ἄλλο
1572 2171 1710 2243 πλὴν
1759 2172 1855 2225 τοῦ

277 2262 427 2333 ἡμᾶς
461 2265 526 2318 ἐκ
574 2261 817 2326 δουλείας
855 2262 1122 2333 ρυσθῆναι
1169 2262 1264 2326 οὒς
1316 2262 1686 2331 προσελάϐετο
1709 2303 1725 2328 ,
1760 2263 1856 2315 καὶ

277 2350 420 2407 εἶναι
454 2354 548 2408 lca.
590 2353 729 2423 Θεῷ,
763 2354 904 2407 κατὰ
933 2354 1033 2426 τὴν
1061 2356 1302 2427 ἀρχῆθεν
1330 2355 1497 2408 αὐτοῦ
1529 2357 1657 2427 περὶ
1698 2356 1853 2426 ἡμῶν

276 2444 546 2511 εὐδοκίαν,
586 2444 680 2498 τοῦ
710 2441 850 2498 εἶναι
880 2444 1001 2497 κατ’
1030 2447 1214 2499 είκόνα
1256 2446 1393 2499 Θεοῦ
1438 2446 1531 2499 καὶ
1565 2446 1848 2516 ὁμοίωσιν.

273 2529 422 2605 Ἀρα
447 2534 503 2587 δὲ
535 2533 710 2597 οὕτως
737 2534 954 2605 ἀληθῶς
986 2534 1284 2599 διάκεισθε,
1317 2534 1416 2605 τὴν
1443 2534 1655 2588 οίανοῦν
1682 2538 1854 2604 ἐπαρ-

274 2627 400 2681 κίαν
421 2625 683 2679 οὐδέποτε
709 2626 777 2682 ἐκ
794 2626 905 2682 τῶν
936 2626 1250 2698 ἀπροσδεῶν
1277 2627 1568 2697 γινομένην
1596 2629 1709 2689 τοῖς
1735 2626 1853 2696 χεί-

278 2736 426 2791 ροσιν
477 2718 753 2790 οἰόμενοι,
802 2719 944 2791 μήτε
1006 2719 1233 2781 ἑαυτοὺς
1312 2717 1446 2789 μηδέ
1492 2716 1679 2787 ἕτερόν
1729 2733 1851 2770 τινα

278 2810 475 2874 ἰδόντες
510 2810 545 2881 ἢ
577 2808 879 2880 ἀκηκοότες
906 2808 1127 2865 πώποτε
1166 2808 1258 2863 διὰ
1284 2808 1374 2862 τὸν
1404 2811 1462 2862 ἐν
1498 2808 1689 2879 λάκκῳ
1729 2808 1762 2879 ἢ
1792 2809 1851 2862 ἐν

275 2901 486 2973 βοθύνῳ
516 2892 991 2956 καταπεπτωκότα
1022 2896 1201 2971 ’ἄνδρα
1243 2900 1406 2971 τυχὸν
1437 2900 1469 2971 ἢ
1497 2900 1634 2953 κῦνα.
1664 2900 1697 2971 ἢ
1726 2899 1850 2952 ’ἐτε-

274 2992 369 3064 ρόν
404 3010 457 3046 τι
504 2992 721 3062 κτῆνος,
756 2989 1017 3054 πολλάκις
1049 2990 1243 3045 ἐαυτὸν
1288 2989 1570 3059 ἐπαφέντα
1616 2988 1693 3059 τῷ
1734 3006 1851 3042 κιν-

270 3082 433 3154 δύνῳ,
462 3082 549 3138 ἵνα
582 3085 759 3137 ἐκεῖνο
784 3082 1195 3153 ἁνασπάσηται;
1226 3081 1291 3134 Εἰ
1320 3080 1377 3135 δὲ
1406 3078 1563 3135 τοῦτο
1600 3079 1709 3132 τῶν
1766 3079 1851 3132 6a-

272 3174 481 3246 ημέραι
515 3174 825 3245 γινομένων
853 3175 970 3237 τοῖς
1000 3174 1075 3244 μὴ
1110 3173 1424 3235 σατανικοῖς
1440 3171 1543 3243 τὴν
1568 3170 1845 3241 πρόθεσιν,

270 3268 369 3323 καὶ
394 3271 513 3332 ταῖς
538 3268 764 3340 φθοραῖς
792 3266 904 3320 τῶν
941 3265 1252 3336 ὀλλυμένων
1285 3262 1762 3335 ἐπιτερπομένοις,
1795 3262 1847 3314 τί

271 3360 339 3415 ἂν
368 3362 618 3433 εῖποιμεν
648 3361 742 3415 ἐπὶ
769 3360 983 3421 τούτοις
1014 3356 1308 3430 προφανῶς
1335 3356 1675 3426 γινομένοις;
1699 3350 1849 3425 *Αρά

271 3468 336 3522 γε
357 3454 438 3507 ὅτι
456 3452 537 3506 δι’
559 3452 752 3506 ἑαυτὸν
779 3453 808 3506 6
835 3454 892 3506 ἐν
916 3449 1188 3522 ἀσφαλείᾳ
1209 3448 1382 3512 ἑστὼς
1405 3446 1847 3501 συνεκινδύνευσε

272 3543 368 3597 καὶ
399 3541 763 3613 συνεϐυθίσθη
785 3540 863 3613 τῷ
890 3538 1282 3610 άπολλυμένῳς
1327 3537 1489 3591 Ἀλλὰ
1536 3538 1588 3590 τί
1622 3536 1683 3590 τὸ
1713 3536 1849 3607 χρή·

272 3652 432 3706 σιμον
476 3634 631 3705 αύτῷ
679 3635 804 3688 ὅσον
848 3633 945 3686 ἐπὶ
986 3632 1181 3702 τούτῳ,
1217 3629 1525 3700 σημάνατε.
1555 3630 1619 3682 Εἰ
1669 3628 1726 3681 δὲ
1773 3627 1848 3691 ὼς

270 3727 544 3801 κρείττονι
563 3726 640 3796 τῷ
666 3724 1017 3797 βοηθουμένῳ
1040 3726 1068 3777 6
1091 3722 1304 3793 βοηθῶν
1332 3720 1696 3790 ἐπεκούρησε,
1721 3718 1849 3771 πολ-

270 3820 427 3882 λάκις
449 3818 548 3889 μὲν
576 3812 668 3870 οὖν
692 3816 787 3869 καὶ
807 3814 968 3876 κυνὸς
986 3813 1207 3883 χείρονα
1230 3810 1323 3863 τὸν
1352 3807 1633 3861 σεσωκότα
1659 3804 1847 3860 τοῦτον

270 3911 440 3981 ἄνδρα
482 3909 755 3963 δείκνυσιν
804 3900 960 3976 ὑμῶν
988 3906 1017 3957 6
1045 3903 1203 3967 λόγος
1231 3893 1385 3962 οὗτος
1405 3914 1419 3928 °
1450 3895 1590 3951 ἀλλὰ
1630 3897 1723 3949 καὶ
1756 3894 1846 3947 τὸν

272 4003 655 4075 παρατυχόντα
706 3997 933 4070 βασιλέα
965 3994 1193 4063 ζωῦφίῳ
1235 3992 1357 4047 κατ’
1391 3990 1600 4045 οἰκείαν
1633 3989 1848 4058 αἵρεσιν

273 4095 642 4166 ἐπαμύνοντα.
704 4092 765 4145 ὐ
814 4090 871 4144 δὲ
919 4091 1010 4143 τὸν
1063 4090 1175 4150 τοῖς
1233 4085 1455 4158 λῃσταῖς
1477 4080 1847 4152 περιπεσόντα

271 4189 616 4260 θεραπεύσας
652 4186 1023 4256 Σαμαρείτης,
1051 4181 1147 4234 καὶ
1176 4174 1649 4247 ἀνακομισάμενος
1680 4174 1761 4234 εἰς
1788 4171 1846 4222 τὸ

272 4281 565 4350 ὑποζύγιον
590 4283 685 4334 καὶ
706 4277 949 4349 θητεύων
983 4275 1080 4328 καὶ
1111 4270 1383 4331 παντοίως
1413 4264 1846 4337 ἐπιμελούμενος

272 4376 367 4426 καὶ
382 4370 803 4443 πρυσδαπανῶν,
818 4368 853 4439 ἢ
872 4367 1032 4430 αὐτὸς
1051 4362 1336 4426 πεπονθὼς
1356 4360 1425 4415 τὰ
1441 4360 1652 4413 ἐκείνου
1670 4356 1845 4410 ἐποίει

270 4464 414 4527 τάδε,
463 4461 645 4524 καθώς
684 4475 819 4528 φατε
865 4458 932 4510 δι’
976 4456 1170 4509 ἑαυτόν
1200 4470 1259 4507 τε
1294 4451 1388 4505 καὶ
1429 4451 1489 4503 ού
1542 4448 1609 4501 δι’
1640 4447 1845 4501 ἐκεῖνον

269 4556 427 4628 ήλγει
470 4554 565 4607 ἐπὶ
620 4555 741 4614 ταῖς
796 4550 1009 4603 ἐκείνου
1044 4548 1316 4614 πληγαῖς·
1368 4541 1514 4615 ἢὼς
1575 4539 1845 4613 κρείττονι

1973 710 2233 767 alimenta
2259 711 2698 782 vestimentaque
2719 722 2897 785 parat.
2929 716 3065 784 Quis
3088 733 3220 775 vero
3275 722 3412 779 tales
3436 723 3558 780 bla-

1970 802 2249 872 sphemias
2281 803 2580 858 sustinebit
2604 804 2627 858 ?

2040 895 2149 953 Sed
2197 913 2307 952 non
2337 897 2495 952 obliti
2527 899 2662 954 estis
2694 900 2797 955 etsi
2849 900 3159 974 voluntarie
3207 904 3549 975 despiciatis,

1968 1004 2338 1058 magnumque
2397 991 2719 1061 mysterium
2769 991 2969 1048 divinae
3028 994 3425 1054 incarnationis
3466 1008 3550 1056 ta-

1968 1080 2164 1143 ceatis,
2200 1082 2297 1151 qui
2334 1081 2569 1137 alterum
2604 1083 2829 1138 modum
2860 1083 3131 1141 factorum
3180 1104 3291 1143 non
3324 1092 3550 1147 omnino

1969 1171 2024 1224 in
2047 1172 2370 1227 memoriam
2418 1175 2740 1230 revocastis.
2774 1174 2880 1241 Qui
2928 1186 3015 1233 est
3071 1179 3417 1247 providentia
3462 1181 3550 1238 in-

1968 1261 2274 1329 firmorum,
2307 1282 2339 1319 a
2364 1265 2591 1321 meliore
2621 1265 2822 1320 missus
2856 1283 2968 1336 prae
3004 1268 3253 1326 bonitate
3300 1271 3550 1329 Salvator

1966 1355 2269 1409 secundum
2306 1356 2454 1411 hunc
2495 1360 2814 1427 agnoscitur
2841 1360 2988 1416 Deus
3021 1362 3076 1415 in
3116 1362 3311 1432 primis
3346 1364 3546 1433 bonus,

1964 1445 2314 1514 omnipotens
2369 1449 2726 1519 omniumque
2772 1466 2957 1507 causa.
3014 1453 3120 1509 Per
3165 1455 3320 1511 illum
3374 1458 3545 1528 igitur

1965 1537 2099 1591 unio
2127 1536 2330 1592 dicitur
2358 1554 2487 1594 vere
2514 1540 2684 1595 fuisse
2707 1544 3020 1612 praecipuus
3040 1560 3240 1616 scapus
3264 1549 3332 1604 ab
3355 1551 3550 1606 ortho-

1963 1624 2122 1680 doxis
2151 1627 2244 1695 qui
2285 1628 2354 1683 de
2405 1630 2499 1683 illo
2533 1632 2822 1686 veritatem
2876 1632 3270 1703 inquisierunt.
3326 1640 3401 1694 De
3452 1641 3547 1697 illo

1962 1715 2110 1770 enim
2141 1717 2333 1772 dicunt
2364 1720 2586 1775 oracula
2622 1737 2775 1777 sacra
2801 1741 2814 1777 :
2852 1724 2970 1778 Non
2999 1728 3247 1797 rapinam
3277 1733 3545 1787 arbitram

1960 1824 2016 1862 se
2049 1824 2158 1861 esse
2206 1811 2462 1879 a’qualem
2520 1812 2644 1877 Deo,
2680 1817 3015 1886 semetipsum
3070 1821 3383 1888 exinanivit,
3431 1824 3545 1892 for-

1964 1910 2107 1949 mam
2147 1897 2283 1950 servi
2316 1900 2574 1968 accipiens
2596 1900 2639 1956 ⁸.
2686 1902 2829 1968 Quid
2883 1920 3015 1976 ergo
3055 1910 3330 1966 commodi
3363 1912 3546 1967 evenit

1890 1977 1928 2029 Β
1958 2000 2023 2040 ex
2050 1987 2156 2043 hoc
2188 1991 2337 2059 quod
2365 1992 2520 2063 juxta
2571 2009 2798 2064 scopum
2845 2011 3007 2051 suum
3043 2015 3217 2069 usque
3249 2002 3317 2056 ad
3350 2002 3542 2057 exina-

1957 2077 2224 2133 nitionem
2277 2081 2673 2139 descenderit?
2716 2086 2938 2141 Nullum
2989 2088 3137 2144 aliud
3170 2091 3278 2146 nisi
3326 2100 3388 2146 ut
3441 2108 3544 2149 nos

1954 2170 2221 2225 liberaret
2253 2189 2319 2226 ex
2354 2174 2622 2232 servitute
2656 2193 2797 2247 quos
2828 2193 3227 2250 assumpscrat,
3279 2184 3544 2252 aequales-

1952 2278 2060 2333 que
2084 2264 2196 2342 Deo
2229 2264 2509 2332 ﬁeremus,
2535 2271 2839 2324 secundum
2864 2272 3159 2341 pristinum
3190 2274 3311 2343 ejus
3341 2275 3395 2329 in
3427 2291 3536 2330 nos

1951 2352 2379 2423 beneplacitum.
2404 2372 2472 2410 ex
2493 2373 2603 2426 quo
2623 2357 2692 2412 ad
2721 2358 3013 2431 imaginem
3047 2369 3104 2415 et
3117 2361 3541 2419 similitudinem

1952 2444 2049 2499 Dei
2082 2445 2364 2503 fueramus
2397 2449 2594 2502 'creati.
2621 2448 2705 2504 An
2739 2466 2872 2505 vere
2921 2450 2979 2505 hi
3011 2452 3150 2506 estis
3185 2453 3279 2522 qui
3326 2453 3542 2509 nullum

1951 2537 2219 2592 auxilium
2257 2538 2489 2596 inﬁrmis
2532 2541 2798 2597 obvenire
2837 2558 3081 2614 unquam
3112 2561 3178 2601 ex
3220 2547 3309 2602 his
3335 2547 3545 2618 quibus

1950 2628 2090 2682 nihil
2142 2644 2282 2698 opus
2320 2638 2407 2684 est
2435 2632 2695 2698 credatis,
2742 2648 2869 2689 eum
2904 2652 3008 2693 nec
3043 2638 3416 2708 vosmetipsos
3438 2623 3557 2695 nee‘

1953 2720 2123 2773 ullum
2152 2721 2387 2775 alterum
2420 2722 2676 2778 videritis
2704 2734 2802 2780 aut
2832 2726 3125 2785 audieritis
3174 2745 3439 2798 unquam,
3481 2729 3538 2785 in

1950 2809 2130 2864 lacum
2161 2811 2247 2865 vel
2294 2810 2350 2864 in
2396 2811 2668 2881 gurgitem
2710 2814 2865 2883 lapso
2907 2814 3132 2871 homine
3185 2816 3418 2872 forsitan
3448 2820 3537 2874 vel

1950 2917 2088 2958 cane
2124 2904 2210 2959 vel
2256 2892 2367 2958 alio
2402 2904 2640 2973 quodam
2669 2906 2944 2975 jumento,
2993 2907 3241 2977 seipsum
3286 2909 3540 2978 periculo

1950 3007 2094 3063 saepe
2114 2993 2459 3062 exposuisse,
2492 3003 2554 3048 ut
2589 2994 2722 3049 illud
2750 2997 3111 3053 extraheres?
3141 2997 3197 3053 Si
3220 2999 3325 3054 hoc
3351 3008 3539 3055 autem

1949 3084 2200 3154 quotidie
2256 3084 2447 3140 evenit
2497 3084 2587 3140 his
2635 3085 2732 3154 qui
2763 3102 2879 3142 non
2931 3102 3000 3142 ex
3048 3089 3358 3159 composito
3405 3100 3540 3146 sunt

1949 3177 2235 3242 diabolici,
2268 3177 2583 3247 damnoque
2603 3177 2960 3247 pereuntium
2981 3180 3377 3249 gaudentibus,
3403 3181 3537 3252 quid

1950 3268 2019 3323 de
2042 3268 2130 3323 his
2148 3282 2271 3338 qua:
2286 3275 2478 3338 aperte
2500 3267 2639 3323 ﬁunt
2665 3268 2918 3323 dicemus
2937 3269 2961 3323 ?
2978 3270 3060 3324 An
3082 3279 3312 3341 propter
3330 3279 3538 3327 semet-

1951 3361 2132 3429 ipsum
2197 3359 2294 3431 qui
2347 3374 2580 3416 securus
2636 3369 2721 3415 est
2772 3360 3185 3430 periclitabitur
3254 3370 3426 3435 atque
3476 3363 3536 3420 in

1947 3452 2207 3523 abyssum
2232 3467 2359 3506 cum
2389 3460 2658 3522 pereunte
2687 3452 2995 3508 descendet
3018 3452 3042 3507 ἰ
3063 3452 3135 3509 At
3167 3453 3300 3524 quid
3342 3455 3449 3527 ipsi
3476 3455 3533 3511 in

1949 3545 2055 3599 hoc
2087 3543 2385 3606 commodi,
2437 3544 2737 3599 ostendite.
2795 3544 2851 3598 Si
2888 3558 3023 3600 vero
3078 3545 3298 3601 meliori
3345 3545 3536 3618 adjuto

1948 3640 2215 3711 adjuvans
2248 3639 2545 3696 auxiliatus
2573 3640 2770 3703 fueris,
2800 3655 2944 3710 saepe
2971 3639 3195 3710 quidem
3231 3641 3401 3712 igitur
3424 3643 3533 3714 ipsi

1949 3732 2073 3787 cani
2133 3731 2483 3795 inferiorem,
2531 3731 2627 3801 qui
2662 3732 2818 3786 illum
2872 3732 3190 3797 salvaverit,
3252 3734 3535 3791 hominem

1949 3825 2056 3880 hoc
2080 3825 2309 3880 verbum
2343 3831 2589 3880 vestrum
2637 3824 3003 3891 demonstrat,
3035 3824 3134 3881 sed
3166 3826 3335 3881 etiam
3369 3826 3538 3884 forsi-

1951 3926 2040 3973 tan
2075 3932 2258 3987 regem
2287 3915 2381 3985 qui
2408 3916 2563 3986 juxta
2595 3913 3010 3983 beneplacitum
3039 3930 3203 3971 suum
3234 3917 3533 3977 bestiolam

1948 4008 2276 4064 defenderit.
2314 3996 2693 4062 Samaritanus
2727 4021 2947 4088 quoque
2975 4008 3073 4078 qui
3104 4023 3236 4064 eum
3267 4009 3365 4080 qui
3394 4008 3539 4066 inci.

1947 4103 2109 4157 derat
2156 4101 2211 4154 in
2256 4101 2501 4155 latrones
2526 4110 2840 4165 curaverat,
2896 4101 2955 4154 in
2999 4101 3319 4172 jumentum
3370 4120 3534 4159 suum

1948 4194 2307 4263 imposuerat,
2336 4192 2391 4245 in
2412 4192 2685 4245 stabulum
2717 4190 2948 4257 ducens,
2969 4193 3292 4248 omnimodo
3320 4195 3535 4261 levans,

1946 4284 2204 4354 quodque
2238 4297 2405 4351 super
2428 4289 2716 4350 erogatum
2756 4280 2939 4336 fuerat
2975 4280 3198 4337 solvens
3224 4323 3239 4350 ,
3284 4283 3371 4338 vel
3404 4284 3535 4354 quia

1947 4376 2063 4446 ipse
2098 4377 2214 4429 hmc
2270 4374 2419 4428 illius
2463 4372 2782 4442 patiebatur
2838 4373 3021 4428 hancce
3072 4372 3331 4439 faciebat,
3378 4374 3533 4445 juxta

1946 4470 2091 4541 quod
2120 4467 2307 4523 dicitis
2333 4475 2558 4535 propter
2588 4465 2858 4533 seipsum,
2888 4479 2999 4519 non
3034 4479 3168 4519 vero
3192 4474 3422 4535 propter
3469 4464 3534 4517 il-

1946 4560 2060 4613 lum
2089 4556 2263 4627 plagis
2293 4548 2401 4609 illis
2435 4562 2771 4608 commotum
2807 4552 2977 4609 fuisse
3003 4571 3017 4619 ;
3055 4557 3138 4608 vel
3167 4561 3227 4607 ut
3253 4554 3529 4623 superiori

268 4646 558 4709 δουλεύων,
592 4641 882 4705 οἰκετικῶς
901 4640 1075 4693 ταῦτα
1100 4638 1314 4709 εἰρηται
1341 4634 1545 4687 ποιεῖν
1573 4631 1667 4683 καὶ
1690 4629 1844 4681 ἔσται

1951 4650 2222 4713 serviens,
2251 4662 2405 4700 more
2434 4646 2576 4699 servi
2610 4645 2727 4699 haec
2771 4660 2933 4714 agere
2962 4645 3208 4711 dicitur;
3259 4661 3365 4701 nec
3397 4661 3530 4717 erga

268 4742 389 4795 καθ’
428 4741 617 4810 ἕτερον
647 4736 750 4789 οὐκ
776 4734 1028 4802 ἐνάρετος
1054 4730 1174 4783 οὐδὲ
1209 4726 1401 4799 μισθὸν
1425 4726 1459 4795 ἢ
1492 4720 1843 4810 εὐχαριστίαν

267 4829 495 4890 εἰκότως
527 4808 912 4894 ήόφειλόμενος.
948 4819 1133 4883 Οὕτως
1161 4818 1204 4871 δ’
1244 4816 1339 4870 οὖν
1382 4815 1607 4869 πάντων
1638 4808 1843 4881 μᾶλλον

265 4921 330 4975 ἂν
362 4921 447 4987 εἴη
475 4918 607 4979 Θεὸς
632 4916 662 4969 6
689 4916 826 4968 πᾶσι
872 4913 1086 4982 βοηθὸς,
1118 4910 1318 4980 χείρων
1374 4907 1610 4960 πάντων.
1661 4901 1840 4955 Ἐλατ-

263 5011 486 5065 τοῦσθαί
515 5025 596 5073 τε,
614 5005 676 5061 οὔ
707 5022 849 5068 τινος
884 5004 919 5073 ἢ
942 5017 1102 5056 τινων
1133 4997 1498 5053 ὑποπτεύοιτο
1523 4994 1681 5064 μόνον
1713 4989 1836 5042 καθ’

265 5106 406 5174 ὑμᾶς
434 5103 463 5155 6
492 5105 655 5155 πᾶσιν
684 5094 1118 5169 ἐπαρκῶν,ἀλλὰ
1144 5092 1252 5146 τῶν
1302 5092 1458 5143 ὅλων.
1494 5087 1603 5140 Καὶ
1631 5085 1713 5149 τίς
1741 5085 1836 5174 civ-—

265 5199 441 5263 έξεται
472 5197 569 5266 τῆς
595 5190 863 5261 τοσαύτης
888 5185 1222 5258 παρανοίας;
1243 5179 1453 5235 υύκοῦν
1468 5177 1649 5248 δῆλον,
1666 5174 1740 5237 ὡς
1771 5171 1841 5225 δι’

262 5293 408 5362 ἡμᾶς
447 5287 542 5343 καὶ
571 5285 712 5355 ύπέρ
734 5281 894 5354 ἡμῶν
918 5282 1048 5351 ἡμῖν
1079 5274 1337 5345 συνετέθη
1372 5274 1399 5327 ό
1424 5271 1557 5333 Θεὸς
1585 5267 1766 5339 ἡμῶν.

846 5524 1097 5579 ΚΕΦΛΛ.
1146 5520 1247 5576 ΙΓ’.

333 5675 448 5728 Πᾶν
497 5666 678 5722 ὁτιοῦν
726 5658 1112 5731 συντιθέμενον
1171 5656 1365 5728 ἑτέρῳ,
1414 5653 1447 5724 ἢ
1484 5651 1635 5723 μένει
1670 5651 1728 5704 ἐν
1771 5652 1835 5721 τῇ

264 5767 513 5823 συνθέσει
546 5763 613 5831 τῇ
657 5758 792 5827 πρὸς
833 5754 861 5807 ὃ
907 5751 1169 5820 συνετέθη
1198 5748 1524 5813 ἁδιαλύτως,
1568 5744 1693 5815 ἢού
1740 5743 1835 5815 μέ.

329 5948 350 5980 ⁸
382 5945 621 6016 Philipp.
653 5958 711 6003 ιι,
745 5939 797 5992 6.

426 6055 430 6059 ‘
578 6038 848 6097 Ρηιιοι..
882 6030 998 6090 (in.
1041 6023 1206 6086 LXX
1223 6020 1371 6083 XVI.

1944 4742 2177 4796 alterum
2240 4738 2501 4793 virtutem
2558 4737 2828 4801 coluerit,
2881 4752 2985 4791 nec
3048 4736 3363 4792 mercedem
3432 4747 3529 4794 aut

1944 4834 2152 4905 gratias
2178 4833 2301 4902 jure
2334 4829 2503 4884 fuerit
2554 4829 2809 4883 meritus.
2864 4827 2955 4883 Sic
2998 4826 3167 4899 igitur
3207 4828 3334 4900 plus
3363 4845 3527 4899 quam
3592 4898 3597 4903 ,

1945 4940 2138 4981 omnes
2190 4922 2335 4976 Deus
2386 4919 2645 4974 omnibus
2699 4919 3080 4983 auxiliaretur,
3139 4919 3401 4974 omnibus
3443 4919 3527 4974 in-
3590 4918 3601 4944 ·’

1941 5018 2134 5085 ferior.
2165 5014 2285 5070 Non
2331 5014 2508 5069 solum
2552 5013 2707 5083 juxta
2757 5026 2859 5065 nos
2885 5011 3052 5065 alicui
3082 5011 3170 5065 vel
3221 5011 3526 5081 aliquibus,

1941 5125 2067 5164 eum
2134 5106 2394 5162 omnibus
2451 5103 2773 5168 auxilietur,
2832 5101 2927 5156 sed
2982 5101 3245 5157 omnibus
3295 5101 3527 5157 inferior

1939 5200 2255 5255 haberetur.
2326 5196 2592 5264 Haneque
2667 5193 2938 5247 insaniam
2988 5192 3116 5262 quis
3188 5192 3527 5248 sustinebit?

1943 5292 2101 5346 Patet
2128 5303 2280 5357 ergo,
2310 5286 2456 5341 sicut
2490 5295 2713 5354 propter
2744 5298 2866 5359 nos,
2913 5282 2985 5337 ita
3017 5297 3181 5353 supra
3216 5297 3319 5337 nos
3348 5282 3524 5338 Deum
3580 5294 3585 5299 '

1945 5388 2200 5435 nostrum
2234 5376 2405 5432 fuisse
2435 5374 2675 5429 unitum.

2562 5506 2714 5565 CAP.
2745 5506 2887 5561 XIII.

2014 5648 2187 5705 Omne
2210 5647 2581 5719 quodcunque
2608 5644 2765 5699 alteri
2794 5641 3032 5709 unitum,
3070 5641 3158 5697 vel
3200 5650 3386 5697 manet
3440 5642 3520 5697 in-

1942 5741 2339 5802 dissolubiliter
2372 5740 2427 5794 in
2455 5739 2659 5794 unione
2682 5753 2789 5807 qua
2818 5736 2885 5790 ad
2922 5735 3159 5791 alterum
3184 5734 3401 5800 unitur,
3436 5735 3519 5787 vel

3084 6001 3158 6063 66
