4032 6542
547 472 675 540 1451

1806 480 2111 544 LEONTII
2149 477 2547 540 BYZANTINI

3670 469 3796 535 1452

544 603 656 644 non
699 593 902 642 manet.
947 585 1063 642 Nec
1093 587 1318 657 quidem
1349 598 1538 645 manet
1565 589 1808 660 qualiter
1830 600 2016 660 partes
2043 589 2122 644 ir-

2231 604 2331 640 νει.
2362 586 2474 639 Καὶ
2501 584 2564 638 οὐ
2613 584 2766 654 μένει
2817 583 2935 654 μὲν,
2985 577 3100 636 οἷον
3137 581 3206 638 τὰ
3241 582 3388 655 μέρή
3432 581 3543 638 τῶν
3579 575 3796 653 ἀλόγων

541 681 954 737 rationabilium
982 680 1325 746 animalium,
1370 691 1555 737 manet
1579 684 1714 738 vero
1734 684 1973 754 qualiter
2001 699 2125 753 par-

545 779 630 827 tes
685 771 996 840 hominum,
1048 780 1173 842 post
1224 774 1692 846 resurrectionem
1748 789 1816 829 ex
1866 776 2121 830 mortuis.

544 860 719 918 Omne
740 870 922 916 autem
953 862 1100 932 quod
1132 861 1601 918 indissolubiliter
1628 873 1836 928 manet,
1866 866 1952 921 vel
1973 865 2124 937 quod

544 952 712 1006 etiam
742 966 854 1004 non
890 959 1103 1012 manet,
1149 949 1206 1004 in
1237 950 1443 1006 unione
1498 951 1564 1006 ad
1609 952 1743 1007 illud
1781 954 1872 1009 cui
1903 956 2126 1009 unitum

545 1049 651 1105 cst,
680 1054 784 1094 nec
824 1054 888 1093 ex
941 1040 1242 1110 semetipso
1268 1050 1476 1104 manet,
1505 1040 1601 1095 sed
1619 1049 1868 1110 tempore
1905 1042 2126 1098 aCrea-

547 1140 668 1186 tore
698 1131 958 1200 imposito
1003 1139 1216 1184 naturae
1252 1129 1593 1196 dissolvitur,
1631 1145 1733 1185 nec
1759 1132 1982 1201 propria
2015 1132 2130 1186 vir-

547 1232 669 1278 tute
703 1231 891 1278 manet
920 1221 1018 1277 sed
1055 1223 1261 1276 virtute
1302 1221 1552 1276 melioris
1576 1221 1862 1293 cujusdam
1892 1238 1956 1276 ac
1990 1239 2129 1292 prae-

548 1315 852 1370 stantioris.
875 1313 1178 1380 Quamdam
1201 1328 1333 1368 vero
1360 1314 1649 1368 meliorem
1675 1315 1786 1369 Deo
1801 1313 1982 1370 Verbo
2007 1329 2128 1370 esse

546 1409 810 1463 virtutem
838 1421 1110 1469 asserere,
1146 1421 1259 1460 non
1277 1406 1490 1476 justum
1532 1415 1647 1472 est;
1685 1422 1796 1460 non
1841 1406 1972 1477 ergo
2006 1407 2129 1460 uni-

547 1509 638 1555 tus
667 1508 753 1554 est
786 1500 932 1554 Deus
965 1497 1200 1553 Verbum
1233 1497 1400 1552 alicui
1433 1512 1501 1552 ex
1529 1497 1711 1552 nobis.
1745 1497 1804 1552 Si
1831 1512 1967 1552 vero
2001 1496 2128 1550 uni-

548 1599 641 1646 tus
671 1597 775 1656 est,
809 1591 896 1646 vel
929 1604 1041 1644 non
1076 1596 1262 1643 manet
1317 1588 1776 1644 indissolubiliter
1819 1589 1876 1642 in
1924 1587 2130 1642 unione

548 1681 616 1736 ad
645 1682 820 1746 illum,
867 1681 956 1736 vel
990 1695 1244 1744 manens,
1297 1680 1504 1736 virtute
1548 1681 1835 1751 cujusdam
1882 1678 2129 1734 melioris

548 1784 756 1839 manet,
794 1773 942 1843 quod
977 1773 1208 1844 impium
1242 1782 1348 1829 est.

619 1867 858 1936 Loquaci
867 1872 980 1921 tate
998 1873 1182 1920 vestra
1200 1865 1612 1930 hebetescente,
1636 1871 1854 1934 tempus
1868 1873 1951 1918 est
1971 1862 2128 1919 nobis

2226 677 2381 741 ζώων
2404 693 2417 706 ο
2447 676 2604 746 μένει
2636 675 2716 739 δὲ,
2743 669 2857 727 οἷον
2900 673 2971 728 τὰ
3009 674 3120 728 τῶν
3163 672 3492 745 ἀνθρώπων,
3526 673 3680 745 μετά
3705 677 3799 747 τὴν

2224 771 2290 822 ὲκ
2315 767 2527 838 νεκρῶν
2553 767 2874 820 ἀνάστασιν.
2904 765 3021 818 Πᾶν
3043 763 3102 818 δὲ
3132 764 3196 818 τὺ
3227 765 3389 835 μένον
3411 764 3798 836 ἀδιαλύτως,ῆ

2225 859 2320 913 καὶ
2347 859 2422 930 μὴ
2456 857 2637 928 μένον,
2667 858 2726 911 ὲν
2753 859 2821 928 τῇ
2852 855 2990 928 πρὸς
3017 855 3109 910 τὸν
3143 850 3190 926 ᾧ
3214 856 3474 927 συνετέθη
3511 857 3796 922 συνθέσει,

2224 951 2351 1004 οὕτε
2371 950 2467 1019 ἀφ’
2496 948 2692 1003 ἑαυτοῦ
2734 948 2888 1019 μένει
2907 987 2923 1012 ,
2957 947 3094 1003 ἀλλά
3137 947 3280 1002 κατά
3307 948 3399 1002 τὸν
3421 949 3719 1003 ἐντεθέντα
3737 955 3798 1020 τῇ

2225 1045 2388 1114 φύσει
2417 1045 2545 1114 ὅρον
2582 1043 2688 1096 ὑπὸ
2714 1041 2810 1095 τοῦ
2841 1040 3189 1112 Δημιουργοῦ
3217 1040 3500 1095 διαλύεται
3520 1082 3536 1104 ,
3575 1039 3712 1112 οὔτε
3737 1045 3798 1113 τῇ

2225 1136 2405 1207 οἰκείᾳ
2436 1135 2666 1205 δυνάμει
2698 1133 2876 1205 μένει,
2903 1132 3043 1186 ἀλλὰ
3080 1135 3146 1203 τῇ
3181 1131 3498 1204 κρείττονός
3522 1149 3684 1197 τινος
3713 1136 3800 1187 καὶ

2227 1227 2690 1299 ὑπερϐεϐηκότος·
2713 1225 2808 1279 τοῦ
2830 1224 2889 1278 δὲ
2923 1223 3060 1277 Θεοῦ
3090 1223 3266 1293 Λόγου
3293 1219 3435 1279 εἶναι
3457 1241 3590 1279 τινα
3615 1230 3801 1294 κρεετο

2224 1337 2355 1373 τονα
2385 1318 2650 1387 δύναμιν,
2706 1318 2770 1370 οὐ
2805 1316 2968 1386 θέμις
3003 1316 3178 1369 εἰπεῖν
3199 1332 3214 1346 ·
3251 1316 3355 1369 οὐκ
3383 1315 3494 1388 ἄρα
3533 1316 3798 1386 συνετέθη

2223 1411 2270 1472 ὁ,
2283 1411 2416 1480 Θεὸς
2439 1411 2613 1478 Λόγος
2636 1407 2715 1479 τῷ
2734 1408 2793 1476 te
2818 1407 2977 1479 ἡμῶν
3001 1406 3297 1479 ἀνθρώπῳ.
3320 1407 3384 1462 El
3413 1409 3470 1462 δὲ
3505 1407 3799 1480 συνετέθη,

2233 1478 2354 1574 ne};
2398 1504 2547 1575 μένει
2577 1478 2881 1564 ἀδιαλύτως
2911 1502 2969 1555 ὲν
2997 1503 3064 1572 τῇ
3094 1478 3231 1572 πρὸς
3261 1500 3427 1556 αὑτὸν
3454 1478 3796 1571 συνθέσει,ἢ

2229 1597 2428 1664 μένων,
2452 1593 2758 1666 κρείττονός
2782 1609 2928 1656 τινος
2945 1591 3173 1664 δυνάμει
3207 1591 3380 1663 μένει,
3410 1592 3552 1665 ὅπερ
3581 1592 3796 1655 ἀσεϐές.

2297 1854 2502 1924 Καιρδς
2534 1855 2664 1924 ἡμῖν
2682 1853 2780 1923 τῆς
2806 1852 3077 1924 ὑμετέρας
3103 1852 3472 1924 θρασυλογίας
3500 1872 3797 1927 παρακμα-

547 1976 674 2016 cum
709 1957 914 2013 Davide
954 1956 1213 2012 dicendi:
1260 1955 1470 2010 Inimici
1501 1956 1802 2026 defecerunt
1832 1956 2121 2024 frameae“;

2231 1944 2451 2016 ζούσης,
2483 1943 2781 2006 Δαυῖτικῶς
2819 1944 3276 2014 ἐπιφθέγγεσθαι·
3314 1946 3428 2000 Τοῦ
3456 1946 3683 2017 ἐχθροῦ
3709 1949 3800 2012 ἐξ·

551 2051 689 2121 quid
736 2050 887 2105 enim
934 2057 1118 2118 potest
1163 2048 1322 2102 vobis
1356 2063 1424 2103 ex
1460 2047 1802 2102 absurditate
1833 2046 2127 2102 defensio?

551 2143 788 2198 Econtra
822 2140 971 2195 enim
994 2154 1096 2194 nos
1117 2139 1456 2196 diceremus:
1473 2138 1746 2208 siquidem
1766 2139 1952 2193 omnia
1975 2138 2128 2192 unita

550 2250 582 2289 ε
604 2234 841 2303 quodam
898 2232 1119 2301 potiore
1159 2239 1472 2295 servantur,
1508 2231 1595 2285 vel
1631 2239 1878 2300 tempore
1925 2230 2128 2284 dissol-

551 2333 777 2388 vuntur,
809 2322 878 2376 ab
922 2323 1010 2376 his
1035 2321 1129 2390 qui
1176 2321 1326 2376 haud
1371 2320 1540 2376 dubie
1569 2321 1908 2390 perscrutari
1934 2323 2130 2376 volunt

552 2415 790 2468 maxime
829 2412 936 2467 hoc
962 2410 1353 2480 inquirendum
1381 2419 1467 2465 est
1496 2410 1629 2481 quid
1653 2398 1837 2466 omnia
1874 2411 2027 2465 unita
2058 2412 2131 2466 sit

552 2513 922 2560 servaturum.
956 2501 1012 2556 Si
1038 2509 1224 2556 autem
1268 2501 1456 2571 aliquo
1479 2502 1646 2557 modo
1679 2502 1813 2557 illud
1844 2502 1905 2556 ﬁt
1933 2503 2128 2557 imme-

552 2593 701 2648 diate
723 2593 970 2664 quidem,
999 2593 1108 2648 alio
1126 2593 1289 2648 modo
1310 2609 1442 2648 vero
1465 2593 1725 2662 mediate,
1753 2610 1854 2665 per
1875 2604 2004 2650 natu
2014 2610 2129 2650 ram

553 2683 787 2748 scilicet,
812 2690 875 2738 ut
899 2682 1122 2752 quidam
1151 2681 1363 2748 dicunt,
1407 2683 1492 2738 vel
1525 2698 1624 2753 per
1652 2683 1815 2738 aliam
1841 2684 2127 2749 virtutem,

551 2773 802 2828 omnium
854 2781 1036 2826 tamen
1069 2787 1242 2826 unum
1275 2771 1528 2826 divinum
1567 2773 1808 2828 Verbum
1858 2784 2127 2839 servator,

553 2863 979 2932 moderatoque
1026 2871 1133 2926 est,
1164 2862 1438 2932 siquidem
1479 2878 1544 2918 ac
1572 2873 1862 2933 promotor
1891 2873 2010 2931 est;
2053 2866 2130 2920 ita

551 2965 614 3010 ut
641 2964 698 3012 et
724 2954 907 3009 media
922 2955 1227 3025 junctaque
1259 2954 1458 3010 mediis
1485 2955 1572 3010 vel
1605 2955 1869 3011 distincta
1899 2957 2127 3013 ordina-

552 3049 702 3103 tione
734 3047 1221 3116 moderationeque
1236 3047 1412 3116 ipsius
1439 3057 1732 3102 serventur
1750 3057 1914 3119 atque
1935 3049 2132 3104 unian-

554 3146 662 3192 tur.
678 3136 965 3204 Quomodo
994 3135 1164 3206 igitur
1209 3125 1316 3192 hoc
1343 3137 1578 3191 stultitia
1608 3138 1850 3192 alienum
1877 3139 2132 3193 modera-

555 3239 731 3284 torem
781 3229 849 3285 de
901 3229 1076 3300 ipsius
1115 3229 1321 3284 unione
1361 3233 1656 3299 quaerere?
1705 3233 1787 3284 An
1823 3232 1988 3286 etiam
2023 3233 2127 3287 hoc

553 3322 772 3377 audetis
799 3321 1008 3386 dicere,
1039 3323 1139 3392 qui
1173 3336 1237 3376 ea
1268 3337 1390 3391 qua:
1422 3322 1640 3392 longius
1679 3337 1710 3377 a
1737 3333 1932 3378 natura
1960 3325 2134 3394 ipsius
2159 3299 2202 3357 δ

438 3478 440 3481 ι
555 3422 686 3469 sunt
716 3428 935 3469 servare
957 3423 1159 3484 potest,
1192 3428 1320 3469 eum
1347 3413 1496 3483 quod
1537 3414 1778 3483 propriae
1803 3423 2015 3471 natura:
2052 3415 2135 3485 ip-

555 3507 675 3561 sius
716 3506 936 3560 unitum
966 3515 1052 3560 est
1085 3505 1375 3561 continere
1420 3521 1532 3560 non
1563 3507 1770 3575 posse?
1818 3506 1960 3572 Quid
2001 3523 2135 3579 ergo

555 3597 662 3651 hoc
711 3596 934 3652 stultius
973 3596 1158 3652 esset?
1215 3595 1272 3652 Si
1302 3610 1435 3652 vero
1487 3605 1781 3667 propterea
1830 3597 1980 3668 quod
2022 3613 2134 3653 non

555 3687 626 3742 ab
657 3687 766 3742 alio
788 3687 1004 3757 potiore
1027 3694 1300 3753 servatur,
1334 3686 1458 3742 ideo
1477 3703 1590 3742 non
1615 3703 1646 3742 a
1668 3689 1848 3760 seipso
1875 3689 2135 3744 unionem

558 3776 732 3847 ipsius
783 3777 897 3832 ullo
943 3775 1108 3832 modo
1150 3776 1608 3833 indissolubiliter
1630 3780 1840 3834 servari
1884 3781 2132 3849 creditis,

559 3867 685 3923 ideo
729 3867 985 3923 similiter
1030 3883 1134 3923 nec
1171 3867 1241 3922 ab
1277 3868 1387 3923 alio
1419 3869 1630 3938 potiore
1677 3870 1881 3927 factum
1922 3871 2132 3939 fuerit;

557 3973 720 4014 omne
753 3957 902 4012 enim
929 3972 1030 4012 ens
1065 3957 1135 4012 ab
1162 3959 1346 4028 aliquo
1374 3947 1588 4029 potiere
1619 3960 1826 4016 factum
1856 3970 1969 4029 est;
2024 3977 2135 4019 non

555 4065 687 4122 ergo
714 4050 868 4104 illum
894 4064 1018 4105 esse
1047 4051 1452 4105 conﬂteremini
1484 4069 1498 4118 ;
1532 4052 1672 4106 nihil
1701 4053 1849 4107 enim
1889 4053 2003 4108 Deo
2038 4069 2135 4108 ex-

557 4141 876 4204 cellentius;
895 4156 997 4195 nec
1017 4141 1334 4196 necessario
1358 4143 1528 4196 Deum
1553 4143 1840 4208 exsistere,
1863 4144 2134 4214 siquidem

557 4249 668 4288 non
715 4233 1069 4303 praestantius
1120 4247 1150 4286 a
1199 4248 1308 4302 quo
1356 4233 1513 4288 fieret
1565 4250 1677 4289 non
1727 4235 1986 4290 habebat.
2041 4237 2133 4291 Vel

554 4327 706 4380 entia
749 4327 902 4396 juxta
939 4333 1179 4379 vestram
1234 4325 1560 4394 sapientiam
1597 4327 1664 4382 ab
1711 4327 1896 4397 aliquo
1921 4329 2135 4397 potiore

557 4418 872 4473 necessario
908 4416 1049 4470 facta
1086 4416 1257 4471 fuisse
1302 4417 1661 4472 videbuntur.
1713 4417 1985 4474 Horumce
2011 4434 2130 4473 om-

555 4523 684 4562 nem
738 4507 1077 4577 impietatem
1126 4506 1418 4562 metientes
1471 4523 1571 4563 vos
1600 4509 1809 4563 somnio
1844 4510 2134 4566 obvolutos

2225 2037 2442 2092 έλιπον
2480 2040 2540 2091 αἱ
2571 2036 2895 2106 ῥομφαῒαι·
2938 2035 2993 2089 τί
3033 2037 3142 2109 γὰρ
3187 2037 3252 2108 δὴ
3300 2037 3463 2092 τοῦτο
3495 2039 3650 2110 ὑμᾶς
3681 2040 3798 2111 βού-

2226 2129 2376 2182 λεται
2433 2128 2495 2181 τὸ
2545 2129 2603 2194 ἐξ
2660 2127 2896 2198 ἀπορίας
2934 2128 3269 2199 πρόϐλημας
3321 2129 3652 2185 Τούναντίον
3697 2133 3798 2200 γὰρ

2226 2222 2388 2294 ἡμεῖς
2433 2221 2682 2291 εἴποιμεν
2710 2219 2797 2286 ἂν,
2833 2221 2961 2273 ἐπεὶ
2997 2220 3179 2275 πάντα
3209 2219 3280 2274 τὰ
3309 2221 3681 2293 συντιθέμενα
3703 2222 3800 2276 ύπὸ

2226 2291 2371 2376 τινος
2403 2312 2648 2383 μείζονος
2672 2313 3015 2384 διατηρεῖται
3041 2312 3074 2382 ἢ
3100 2311 3242 2366 κατὰ
3275 2312 3473 2382 καιρὸν
3499 2291 3797 2368 διαλύεταιο
3845 2291 3866 2316 ’

2227 2404 2386 2457 τοῦτο
2417 2403 2548 2456 αὐτὸ
2580 2403 2817 2474 μάλιστα
2852 2401 3116 2475 ζητητέον
3147 2406 3261 2468 τοῖς
3283 2403 3549 2474 ἀσφαλῶς
3579 2407 3800 2477 ὲρευνᾴν

2230 2496 2574 2568 βουλομένοις
2593 2496 2653 2549 τί
2673 2495 2735 2549 τὸ
2764 2496 2982 2550 πάντων
3001 2495 3387 2569 διατηρητικδν
3414 2496 3525 2550 τῶν
3562 2497 3800 2551 συντιθε-

2232 2589 2407 2659 μένων
2429 2588 2596 2642 ὲστίν.
2625 2588 2688 2640 Εἰ
2719 2586 2778 2640 δὲ
2798 2590 2875 2658 πῆ
2899 2587 2999 2657 μὲν
3014 2586 3256 2658 ἀμέσως,
3286 2587 3362 2657 πῆ
3393 2587 3452 2640 δὲ
3478 2585 3571 2641 διὰ
3602 2586 3799 2658 μέσων,

2229 2679 2306 2744 ὦς
2350 2680 2664 2750 τινέςφασι,
2694 2681 2911 2749 φύσεως
2953 2680 3117 2750 τυχὸν
3165 2680 3200 2751 ἢ
3257 2679 3454 2751 ἑτέρας
3495 2681 3798 2751 δυνάμεως,

2230 2771 2449 2824 πάντων
2479 2773 2630 2842 ὅμως
2676 2772 2706 2824 ό
2749 2771 2891 2835 θεῖος
2926 2771 3086 2842 μόνος
3127 2772 3302 2840 Λόγος
3325 2771 3722 2844 διατηρητικός
3746 2788 3800 2824 τε

2229 2862 2324 2916 καὶ
2353 2861 2676 2934 διοριστικός
2715 2863 2882 2929 ἐστιν,
2917 2863 3042 2915 ἐπεὶ
3075 2863 3169 2916 καὶ
3192 2864 3564 2934 προακτικός·
3597 2863 3676 2925 ὡς
3714 2866 3801 2916 καὶ

2230 2953 2298 3006 τὰ
2325 2953 2467 3024 μέσα
2492 2954 2678 3006 καὶτὰ
2701 2953 2790 3006 διά
2829 2953 2938 3006 τῶν
2969 2951 3150 3023 μέσων
3171 2952 3593 3022 συσφιγγόμενα
3625 2951 3662 3023 ἦ
3691 2954 3802 3005 δια-

2230 3045 2527 3115 κρινόμενα
2558 3048 2625 3116 τῇ
2649 3043 2816 3098 αὑτοῦ
2845 3045 3077 3116 διαταγῇ
3099 3062 3159 3097 τε
3191 3047 3288 3098 καὶ
3318 3049 3539 3117 συνοχῇ,
3573 3048 3674 3100 καὶ
3693 3047 3799 3100 δια-

2229 3137 2518 3208 τηρεῖσθαί
2551 3155 2610 3191 τε
2649 3138 2744 3190 καὶ
2788 3135 3152 3191 συντίθεσθαι.
3186 3135 3312 3200 Πῶς
3339 3137 3442 3190 οὐκ
3468 3137 3684 3208 ἠλίθιον
3710 3139 3801 3191 αύ-

2231 3227 2325 3281 τοῦ
2355 3229 2643 3297 παρόντος,
2674 3228 2861 3298 ἓτερον
2900 3226 3083 3296 ζητεῖν
3125 3226 3358 3296 συνοχέα
3391 3227 3488 3304 ἐπὶ
3510 3228 3616 3298 τῆς
3640 3228 3799 3283 αὑτοῦ

2236 3320 2575 3385 συνθέσεως;
2614 3321 2764 3390 Μήτι
2815 3319 2873 3372 δὲ
2909 3314 3022 3389 ἆρα
3067 3317 3226 3370 τοῦτό
3266 3335 3431 3387 φατε,
3476 3319 3562 3374 ὅτι
3595 3321 3670 3374 τὰ
3710 3321 3802 3391 μὲν

2235 3411 2570 3483 πορρωτέρω
2594 3427 2698 3464 που
2741 3411 2838 3481 τῆς
2867 3410 3033 3464 αὐτοῦ
3061 3410 3270 3480 φύσεως
3299 3410 3581 3481 διατηρεῖν
3606 3407 3721 3476 οἷός
3745 3429 3802 3465 τε

2235 3501 2302 3554 ἂν
2331 3501 2452 3569 εἴη,
2488 3500 2547 3552 τὸ
2587 3499 2646 3553 δὲ
2687 3501 2754 3569 τῇ
2787 3499 2949 3568 φύσει
2997 3499 3144 3562 ἰδίως
3191 3501 3258 3570 τῇ
3302 3499 3469 3554 αὐτοῦ
3517 3501 3804 3573 ἑνούμενον

2236 3590 2482 3661 συνέχειν
2519 3590 2580 3642 ού
2610 3589 2865 3656 δύναται;
2897 3591 3007 3644 Καὶ
3033 3590 3086 3643 τί
3110 3589 3299 3645 τούτου
3339 3591 3407 3646 ἂν
3447 3593 3533 3662 εῐη
3567 3592 3804 3664 ληρωδέ-

2235 3699 2462 3753 στερον;
2490 3683 2554 3735 Εἰ
2580 3683 2639 3735 δὲ
2666 3682 2802 3736 διότι
2833 3681 2909 3754 μὴ
2937 3682 3028 3735 ὑπ’
3053 3682 3216 3737 ἄλλον
3253 3683 3594 3756 διατηρεῖται
3630 3686 3805 3757 κρείτ-

2233 3789 2406 3836 τονος,
2434 3773 2522 3826 διὰ
2549 3772 2708 3828 τῦοτο
2739 3773 2816 3844 μὴ
2850 3773 2909 3827 δὲ
2955 3775 3046 3842 ὑφ’
3093 3774 3313 3842 ἑαυτοῦ,
3354 3775 3499 3846 μηδὲ
3529 3776 3672 3841 ὅλως
3699 3778 3803 3830 δια-

2231 3864 2517 3934 τηρείσθαι
2561 3864 2661 3935 τὴν
2706 3864 2876 3918 αὐτοῦ
2911 3865 3162 3920 σύνθεσιν
3183 3861 3499 3931 ’ἀδιαλύτως
3533 3867 3800 3939 νομίζετε.

2232 3954 2434 4024 ὁμοίως
2465 3953 2531 4008 ἂν
2561 3954 2697 4008 διότι
2729 3955 2868 4026 μηδὲ
2917 3956 3196 4014 ὑπ’,ᾶλλου
3228 3957 3425 4026 γέγονε
3455 3958 3798 4030 κρείττονοςο

2235 4049 2344 4101 πᾶν
2383 4049 2492 4118 γὰρ
2520 4047 2579 4100 ὃν
2608 4048 2712 4101 ὑπό
2747 4066 2893 4114 τινος
2936 4051 3248 4122 κρείττονος
3291 4053 3619 4124 γεγένηται.
3677 4054 3801 4124 μηδὲ

2233 4134 2373 4192 εἶναι
2401 4141 2562 4193 αὐτὸν
2583 4141 2966 4213 ὁμολογήσοιτε
2997 4144 3102 4212 ἄν;
3133 4143 3270 4198 Θεοῦ
3303 4145 3415 4215 γὰρ
3438 4146 3590 4200 οὐδὲν
3621 4149 3802 4217 κρείσο

2236 4247 2346 4284 σον·
2379 4231 2474 4284 καὶ
2498 4232 2724 4304 ἀνάγκηέ
2750 4232 2886 4304 μηδὲ
2923 4231 3064 4289 εἶναι
3123 4235 3276 4301 Θεὸν,
3307 4237 3432 4289 ἐπεὶ
3484 4236 3621 4307 μηδὲ
3651 4236 3799 4304 ἔσχεν

2235 4323 2324 4392 ὑφ’
2353 4323 2382 4375 ὃ
2410 4323 2503 4377 τοῦ
2541 4324 2850 4395 κρείττονος
2893 4328 3206 4399 γεγένηται.
3231 4330 3301 4382 Ἢ
3340 4329 3470 4382 ὄντα
3515 4331 3662 4383 κατά
3708 4329 3799 4398 τὴν

2235 4414 2510 4487 ὑμετέραν
2541 4416 2762 4488 δοκήσει
2789 4420 3008 4488 σοφίαν,
3049 4420 3154 4473 ὑπό
3185 4438 3330 4483 τινος
3372 4421 3688 4492 κρείττονος
3708 4438 3797 4488 γε·

2235 4507 2496 4578 γενῆσθαι
2517 4508 2752 4579 ἀνάγκη.
2782 4509 3001 4565 Τούτων
3029 4511 3087 4564 δὲ
3110 4511 3208 4578 τὴν
3232 4511 3494 4566 ἀσέϐειαν
3523 4513 3650 4582 ὅση,
3681 4513 3798 4581 ὑμῖν

557 4597 1028 4668 derelinquemus.
1069 4595 1177 4651 Sed
1209 4595 1324 4652 haec
1349 4597 1639 4652 sulIiciant.
1683 4600 1742 4654 In
1774 4601 2130 4657 conclusione

2236 4599 2635 4669 καταλείψομεν
2665 4601 3004 4671 ἀφυπνοῦσιν
3032 4603 3501 4673 ἐκμετρήσασθαι.
3546 4603 3690 4657 Ἀλλ’
3709 4602 3797 4656 οὗ·

554 4704 708 4754 vero,
753 4687 1030 4759 quomodo
1079 4687 1492 4744 distinctionem
1525 4690 1691 4744 Verbi
1743 4691 1811 4745 ab
1867 4692 1961 4746 illo
1983 4693 2132 4762 quod

556 4781 660 4851 ipsi
704 4780 894 4834 unitur
942 4777 1350 4841 conccsseritis,
1411 4778 1782 4850 unionemque
1821 4796 1852 4834 a
1916 4783 2132 4851 potiore

557 4870 678 4926 ﬁeri
707 4869 985 4940 quomodo
1029 4869 1379 4935 induxeritis,
1415 4871 1713 4927 nescimus.
1771 4873 1933 4928 Initio
1981 4877 2131 4930 enim

555 4959 1050 5031 argumentationis
1101 4967 1319 5024 vestrae,
1364 4974 1526 5015 omne
1572 4977 1684 5017 non
1737 4978 1986 5029 manens,
2045 4965 2131 5019 vel

558 5068 786 5107 manens
818 5053 874 5107 in
913 5052 1136 5116 unione,
1179 5066 1280 5107 nec
1308 5069 1375 5107 ex
1398 5054 1578 5124 seipso
1627 5071 1872 5121 manere,
1923 5073 2026 5112 nec
2063 5073 2129 5113 ex

557 5144 739 5212 seipso
767 5143 1014 5207 dissolvi,
1038 5158 1071 5197 ο
1094 5143 1366 5198 ratiocinii
1393 5145 1736 5215 peritissimi,
1772 5148 2126 5204 asserebatis.

1177 5359 1327 5414 CAP.
1367 5361 1502 5416 XIV.

629 5493 684 5564 Si
719 5494 863 5550 Deus
900 5495 1140 5551 Verbum
1171 5505 1382 5554 natura:
1412 5508 1614 5556 nostra:
1649 5502 1901 5557 rationali
1941 5505 2131 5559 unitur

559 5593 816 5656 tanquam
866 5595 1053 5642 nostro
1099 5590 1315 5658 corpori
1370 5591 1562 5645 unitur
1591 5591 1773 5647 anima
1826 5595 2130 5659 rationalis,

557 5677 778 5748 quando
808 5687 1018 5735 natura:
1051 5689 1252 5735 nostra:
1292 5683 1543 5738 rationali
1602 5683 1899 5752 videbitur,
1933 5701 2130 5756 opera-

634 5864 655 5897 ι
689 5865 830 5920 Ρειιι.
859 5882 937 5931 lx,
978 5868 1027 5921 7.

2237 4707 2345 4753 τως
2385 4690 2483 4759 μὲν
2511 4690 2659 4744 τάδε.
2716 4690 2806 4745 Ἐν
2855 4691 2912 4744 δὲ
2959 4692 3036 4762 τῷ
3077 4695 3526 4764 συμπεράσματι,
3559 4693 3682 4756 πῶς
3709 4691 3798 4759 τὴν

2235 4779 2508 4849 διάκρισιν
2528 4780 2620 4833 τοῦ
2637 4780 2811 4850 Λόγου
2843 4781 2950 4834 ἀπὸ
2977 4781 3072 4835 τοῦ
3101 4785 3461 4853 συγκειμένου
3491 4783 3643 4854 αύτῷ
3673 4797 3798 4852 παρ-

2239 4873 2586 4939 εχωρήσατε,
2629 4870 2730 4941 τὴν
2771 4872 2832 4925 δὲ
2873 4873 3103 4944 συνοχὴν
3127 4913 3143 4939 ,
3173 4874 3278 4927 ὑπὸ
3310 4874 3622 4946 κρείττονος
3669 4871 3795 4927 εἶναι

2239 4963 2592 5032 συνεισάγετε
2613 5002 2629 5028 ,
2678 4965 2782 5022 οὐκ
2817 4963 2998 5035 ἴσμεν.
3045 4965 3134 5018 Ἐν
3167 4965 3307 5036 ἀρχῇ
3343 4966 3452 5038 γὰρ
3499 4965 3604 5035 τῆς
3631 4982 3794 5019 κατα-

2238 5055 2440 5126 σκευῆς
2468 5055 2642 5125 ὑμῶν,
2675 5058 2784 5111 πᾶν
2813 5057 2874 5109 τὸ
2899 5058 2976 5129 μὴ
3013 5057 3254 5128 μένον,ἦ
3293 5058 3451 5129 μένον
3485 5059 3545 5110 ὲν
3571 5060 3640 5128 τῇ
3681 5073 3796 5109 συν-

2235 5146 2404 5211 θέσει,
2429 5145 2552 5200 οῠτε
2585 5147 2682 5216 ἀφ’
2715 5148 2910 5202 ἑαυτοῦ
2951 5151 3157 5220 μένειν,
3187 5150 3313 5203 οὔτε
3346 5149 3441 5220 ἀφ’
3468 5148 3664 5202 ἑαυτοῦ
3691 5149 3794 5202 δια-

2235 5237 2456 5293 λύεσθαι
2487 5239 2705 5308 ἐλέγετε
2736 5241 3301 5309 συλλογιστικώτατοι.

2813 5373 3066 5427 ΚΕΦΛΛ.
3121 5372 3221 5427 IA'.

2310 5508 2372 5560 Et
2409 5508 2687 5577 σύγκειται
2729 5509 2758 5560 ό
2795 5508 2928 5574 Θεὸς
2961 5510 3136 5579 Λόγος
3170 5511 3232 5581 τῗ
3286 5509 3347 5574 ἐξ
3387 5509 3542 5581 ἡμῶν
3575 5508 3794 5578 ἐμψύχῳ

2242 5598 2430 5670 σαρκὶ,
2459 5598 2535 5662 ὡς
2571 5597 2858 5674 σύγκειται
2903 5600 2939 5670 ἡ
2979 5599 3173 5671 λογικὴ
3223 5598 3368 5669 ψυχὴ
3413 5597 3490 5669 τῷ
3527 5597 3794 5669 ,ἡμετέρῳ

2242 5690 2475 5762 σώματι,
2501 5694 2601 5764 τῆς
2631 5692 2691 5758 ἐξ
2727 5691 2885 5762 ἡμῶν
2920 5693 3170 5764 ἐμψύχου
3210 5691 3414 5763 σαρκὸς
3447 5688 3791 5744 καθευδοκού·
