3916 6546
129 495 322 558 1453-
1114 490 1517 551 ADVERSUS
1552 491 2104 556 NESTORIANOS.
2138 523 2205 531 -
2233 497 2380 558 LIB.
2426 492 2473 557 Ῑζ
3321 504 3458 570 1454

120 625 282 681 σης,
321 606 582 677 εἴργεται
614 604 643 659 ὁ
675 602 810 668 Θεὸς
840 603 1016 677 Λόγος
1055 603 1163 657 τῶν
1208 604 1425 658 οἰκείων
1467 606 1757 675 ἐνεργειῶν

1867 608 2046 664 tiones
2069 625 2198 665 suas
2234 612 2379 667 Deus
2408 613 2649 669 Verbum
2678 615 2888 671 invitus
2920 619 3241 690 operabitur
3260 665 3275 691 ,
3313 624 3459 682 sicut

121 701 519 772 ἀϐουλήτως,
551 697 809 771 καθάπερ
839 698 874 768 ἠ
925 696 1074 767 ψυχὴ
1106 697 1341 751 παύεται
1385 697 1480 751 τοῦ
1512 700 1757 769 ἐνεργεῖν

1863 701 2048 756 anima
2082 703 2398 759 necessario
2426 720 2590 776 agere
2623 717 2825 773 cessat,
2865 710 3088 780 quando
3117 727 3313 771 somno
3347 724 3461 771 tor-

121 795 199 861 ὲξ
239 795 541 864 ἀνάγκης,
579 792 676 846 τοῦ
713 789 972 862 σώματος
1006 793 1087 854 είς
1112 789 1280 844 ὕπνον
1306 791 1670 862 τρεπομένου.
1696 793 1757 845 Εἰ

1863 792 2039 864 pescit
2063 810 2286 867 corpus.
2311 795 2367 851 Si
2400 812 2534 853 vero
2562 800 2711 856 Deus
2739 800 2982 857 Verbum
3006 813 3219 861 naturae
3254 817 3460 863 nostra

123 886 193 940 δὲ
235 886 330 957 μὴ
380 886 670 954 σύγκειται
714 885 743 937 ὁ
771 883 904 947 Θεὸς
932 882 1107 974 nam
1130 884 1196 974 τῇ
1243 882 1303 948 ἐξ
1343 884 1501 974 ἡμῶν
1530 883 1757 974 ἐμψύχῳ

1864 886 2124 941 rationali
2151 903 2263 942 non
2297 888 2511 956 unitur,
2561 899 2821 961 tanquam
2861 896 3082 965 corpori
3114 908 3305 954 nostro
3334 900 3456 955 uni-

130 976 363 1048 σαρκὶ,
417 974 494 1039 ὼς
545 974 832 1044 σύγκειται
862 974 895 1043 ἡ
929 972 1077 1042 ψυχὴ
1109 972 1188 1042 τῷ
1224 973 1482 1044 ἡμετέρῳ
1518 972 1757 1043 σώματι,

1865 988 1955 1034 tur
1987 980 2189 1044 anima,
2241 972 2433 1035 unitur
2461 991 2645 1038 autem
2676 984 2942 1053 totaliter,
2972 991 3283 1059 exemplum
3327 992 3459 1047 dent

132 1068 462 1138 σύγκειται
494 1067 552 1122 δὲ
584 1065 743 1132 ὅλως,
779 1064 1022 1118 δότωσαν
1061 1065 1193 1135 ἡμῖν
1221 1064 1421 1135 δεῖγμα
1444 1064 1544 1136 τῆς
1573 1065 1757 1119 συνθέ-

1863 1070 2026 1125 nobis
2084 1072 2308 1127 unionis
2353 1074 2508 1143 juxta
2564 1091 2729 1144 quam
2779 1077 2952 1132 Deum
3002 1080 3243 1136 Verbum
3289 1084 3457 1138 alicui

1862 1177 1930 1216 ex
1975 1163 2138 1219 nobis
2182 1164 2329 1218 uniri
2399 1166 2615 1221 volunt.
2656 1167 2713 1223 Si
2768 1178 2953 1224 autem
2998 1172 3104 1227 hoc
3152 1190 3262 1229 non
3319 1193 3459 1247 pne-

1860 1253 1995 1309 bent
2031 1256 2224 1326 ,quod
2288 1256 2394 1327 ipsi
2471 1258 2669 1315 dicunt
2752 1262 3041 1332 Scriptura
3082 1267 3454 1326 confirment:

1862 1345 2189 1403 credibilius
2219 1350 2369 1405 enim
2416 1350 2581 1406 nobis
2618 1353 2727 1407 erit
2768 1355 2918 1409 omni
2955 1356 3453 1420 demonstratione.

1863 1439 1921 1493 Si
1951 1455 2083 1495 vero
2109 1440 2166 1495 in
2198 1441 2303 1496 hoc
2334 1442 2468 1497 illud
2501 1440 2723 1515 quoque
2744 1445 2877 1516 ipsis
2908 1448 3082 1515 deest,
3119 1453 3266 1522 quod
3290 1454 3459 1525 igitur

1862 1529 1932 1584 ab
1968 1530 2101 1599 ipsis
2137 1531 2347 1586 dicitur
2387 1533 2542 1589 nullo
2572 1538 2738 1591 modo
2770 1538 3041 1607 probatur
3071 1558 3333 1614 meraque
3370 1556 3458 1602 est

136 1179 307 1224 σεως
341 1160 471 1216 καθ’
507 1159 574 1231 ὴν
606 1158 891 1229 βούλονται
934 1156 1258 1225 συγκεῖσθαι
1295 1157 1387 1210 τὸν
1416 1156 1549 1211 Θεὸν
1587 1158 1761 1227 Λόγον

135 1251 228 1322 τῷ
268 1250 340 1319 ἐξ
384 1249 544 1322 ἡμῶν
573 1247 871 1319 ἀνθρώπῳ.
912 1248 976 1300 Ei
1005 1248 1062 1301 δὲ
1103 1247 1179 1319 μὴ
1206 1248 1504 1320 εὐποροῦσι
1542 1249 1757 1315 τούτου,

141 1344 589 1418 βεϐαιούτωσαν
619 1341 683 1397 τδ
719 1342 1017 1413 λεγόμενον
1048 1343 1235 1404 αὐτοῖς
1273 1343 1519 1412 γραφικῇ
1550 1358 1761 1412 μαρτυ-

144 1438 255 1509 ρίᾳ
280 1450 299 1466 ⁸
337 1433 641 1506 πιστοτέρα
661 1433 772 1504 γὰρ
803 1434 935 1503 ἡμῖν
966 1431 1109 1503 αὕτη
1136 1433 1317 1503 πάσης
1357 1433 1595 1504 φυσικῆς
1623 1434 1760 1486 ἀπο-

143 1527 422 1593 δείξεως.
459 1526 521 1579 Εἰ
553 1523 611 1579 δὲ
643 1523 783 1595 πρὸς
824 1523 1020 1593 ἐκείνῳ
1055 1522 1151 1577 καὶ
1179 1523 1384 1594 ταύτης
1415 1523 1757 1594 ἀμοιροῦσιν,

146 1621 499 1691 ἀμάρτυρον
530 1618 637 1689 ἄρα
681 1617 743 1670 τὸ
770 1617 1066 1687 λεγόμενον
1102 1617 1309 1681 αὐτοῖς,
1336 1617 1428 1687 καὶ
1450 1615 1761 1685 ἀπόφανσις

149 1712 300 1783 ψιλή
331 1727 347 1742 ο
392 1710 475 1764 διὸ
504 1709 603 1763 καὶ
634 1709 902 1762 άδεικτον·
933 1706 1123 1780 τὸεγάρ
1149 1706 1363 1778 φυσικῷ
1382 1707 1528 1779 λόγῳ
1556 1708 1630 1779 μὴ
1660 1709 1762 1761 δει-

153 1806 448 1874 κνύμενον
483 1803 581 1858 καὶ
614 1802 859 1874 γραφικῇ
898 1799 1180 1871 μαρτυρίᾳ
1213 1800 1289 1871 μὴ
1342 1799 1757 1871 βεϐαιούμενον,

152 1897 405 1968 πλάσμα
444 1895 542 1949 τοῦ
594 1894 849 1963 λεγόντος
879 1894 966 1963 εἴη
1010 1893 1107 1948 ἄν·
1145 1888 1242 1947 καὶ
1290 1892 1455 1947 τοῦτο
1488 1892 1758 1947 ἀπίθανόν

152 2010 220 2046 τε
275 1992 402 2061 ἅμα
423 1990 516 2043 καὶ
544 1988 762 2052 ἀσεϐές.

230 2078 392 2153 *Αρα
426 2083 535 2153 γὰρ
576 2080 748 2144 οὕτως
777 2081 1027 2149 ἀνάγκη,
1083 2073 1129 2133 ὦ
1183 2078 1362 2147 σοφοὶ,
1402 2077 1463 2132 τὸ
1514 2078 1658 2132 κατά
1706 2096 1761 2132 τι

157 2175 308 2247 πρὸς
339 2174 606 2245 ὁμοίωσίν
638 2190 785 2236 τινος
834 2172 1437 2243 παραλαμϐανόμενον,
1488 2174 1584 2226 καὶ
1620 2172 1762 2225 κατὰ

160 2269 352 2322 πάντα
386 2266 475 2321 τὸν
507 2264 706 2319 ἑαυτοῦ
734 2263 895 2331 λόγον
938 2262 1177 2316 ἐοικέναι
1207 2262 1285 2333 τῷ
1314 2262 1758 2334 παραδείγματις

160 2359 281 2414 Καὶ
305 2358 422 2421 πῶς
443 2357 509 2411 ἂν
531 2357 612 2410 ἐτι
637 2355 790 2427 μένοι
816 2355 1111 2425 λεγόμενον
1144 2355 1535 2426 παράδειγμας
1567 2356 1761 2409 Ἔσται

161 2452 277 2523 γὰρ
312 2452 408 2505 καὶ
435 2450 593 2503 τοῦτο
618 2449 1003 2519 πρωτότυπον,
1028 2446 1105 2518 τῷ
1129 2448 1411 2502 ἀνελλιπεῖ
1435 2450 1535 2515 τῆς
1566 2446 1761 2518 ὁμοιώ-

166 2561 336 2606 σεως·
376 2540 613 2612 μάλιστα
640 2540 698 2593 δὲ
722 2538 964 2610 ὁπηνίκα
983 2538 1093 2591 τῶν
1114 2556 1177 2591 πε
1189 2538 1241 2609 ρ).
1265 2538 1364 2609 τὴν
1395 2538 1581 2592 οὐσίαν
1613 2538 1760 2591 ἰδιω-

170 2639 387 2709 μάτων,
426 2639 459 2707 ἢ
496 2637 554 2688 ὲν
584 2635 744 2706 οὐσίᾳ
787 2632 1264 2705 προσγινομένων,
1308 2632 1399 2685 καὶ
1440 2632 1540 2685 οὐκ
1569 2632 1760 2694 ούσίας

168 2728 313 2784 εἶναι
346 2729 560 2798 λέγοιτο
595 2726 886 2798 ὁμοίωσις,
928 2725 1047 2789 πῶς
1101 2725 1195 2779 καὶ
1238 2724 1308 2778 τὰ
1349 2724 1575 2794 θατέρου
1612 2723 1756 2789 ῐδια,

171 2822 394 2891 θατέρῳ
427 2838 512 2883 τις
545 2818 871 2889 ὲπισύρεται
902 2817 978 2881 ὡς
1008 2817 1152 2871 ίδικά
1176 2833 1191 2883 ;
1218 2817 1412 2869 Ἔσται
1430 2814 1542 2885 γὰρ
1573 2814 1758 2867 λοιπὸν

171 2911 353 2966 κοινά.
390 2910 522 2964 Δέον
541 2908 675 2977 γοῦν
699 2910 867 2979 ὑμᾶς,
889 2909 938 2961 εί
971 2906 1148 2962 ταῦτα
1180 2904 1357 2968 οὕτως
1381 2905 1527 2976 ἔχειν
1556 2904 1757 2969 οἴεσθε,

173 3006 272 3059 καὶ
316 3004 385 3065 τὰ
436 3003 617 3056 τοιάδε
676 3001 785 3073 ἄρα
835 3000 1117 3070 λογίζεσθε
1168 3000 1363 3069 τυχόν*
1394 2999 1517 3052 ἐπεὶ
1560 3001 1617 3052 ἐν
1648 3001 1761 3063 τοῖς

173 3096 395 3166 Αἰθίοψι
416 3096 476 3149 τὸ
504 3095 676 3164 μέλαν
703 3093 879 3157 οὕτως
917 3092 1162 3165 ὁρατέον,
1194 3092 1268 3155 ὡς
1299 3091 1394 3145 καὶ
1432 3093 1491 3144 ὲν
1523 3092 1637 3155 τοῖς
1669 3091 1761 3145 κό-

180 3190 352 3261 ραξιν,
392 3190 492 3243 ὅσα
522 3190 637 3251 τοῖς
671 3185 864 3258 κόραξι
901 3187 1432 3257 προσμαρτυρείται,
1461 3185 1762 3253 ἀναγκαῖον

180 3284 462 3353 προσεῖναι
492 3282 587 3335 καὶ
613 3280 727 3343 τοῖς
749 3279 941 3348 Αἰθίοψ
953 3296 1020 3333 ιν.
1046 3278 1220 3349 Εἴπερ
1247 3278 1335 3348 ἐφ’
1356 3270 1431 3331 ὧν
1461 3279 1525 3330 ὲκ
1558 3277 1761 3348 μέρους

178 3375 285 3429 τῶν
307 3372 654 3429 ὲπουσιωδῶν
678 3374 830 3425 ἐστιν
854 3371 1134 3442 ὁμοίωσις,
1170 3371 1266 3426 καὶ
1298 3370 1364 3423 τὰ
1386 3369 1549 3424 λοιπὰ
1580 3372 1759 3424 πάντα

180 3465 438 3528 ὡσαύτως
471 3465 653 3535 ζητεῖν
683 3465 741 3517 ὲν
770 3463 1017 3534 ἐκατέρῳ
1044 3462 1153 3515 τῶν
1181 3462 1382 3533 ὁμοίων
1411 3463 1646 3533 ἀνάγκη’
1672 3462 1759 3516 λέ-

182 3578 335 3631 γεται
363 3560 419 3613 δὲ
448 3558 576 3629 περὶ
608 3556 717 3611 τῶν
756 3556 1031 3628 κοράκων,
1062 3556 1196 3609 ποτὲ
1232 3556 1330 3626 μὲν
1361 3556 1560 3620 αὐτοὺς
1590 3556 1756 3609 ἵπτα-

186 3656 341 3719 σθαι,
374 3652 507 3705 ποτὲ
540 3650 599 3704 δὲ
636 3648 888 3715 πεζεύειν
935 3649 1280 3719 ἠρεμοῦντας
1320 3651 1421 3719 τῆς
1470 3649 1755 3719 πτήσεωςο

184 3746 376 3802 οὐκοῦν
414 3746 661 3819 καὶτοὺς
717 3743 984 3807 Αἰθίοπας
1025 3743 1197 3805 οὕτως
1234 3742 1383 3813 ἔχειν
1433 3741 1756 3808 δοξαστέον;

199 3840 355 3893 Ἀλλὰ
384 3839 477 3892 καὶ
512 3836 820 3908 τοῦμπαλιν
864 3836 934 3889 τὰ
960 3835 1072 3887 τῶν
1111 3833 1388 3887 Αἰθιόπων
1422 3836 1538 3897 τοῖς
1567 3832 1759 3904 κόραξι

188 3934 362 3989 πάλιν.
393 3932 659 3999 Λέγονται
689 3930 745 3982 δὲ
776 3931 869 3983 καὶ
911 3931 959 3982 οἱ
992 3930 1050 3981 ὲν
1098 3928 1310 3999 θεάτρῳ
1344 3927 1484 3995 λαοὶ,
1528 3927 1581 3980 οῖ
1602 3943 1663 3979 τε
1702 3928 1760 3979 ὲν

190 4025 331 4096 αύτῴ
384 4017 523 4078 λίθοι
569 4021 766 4093 ὁμοίαν
795 4020 940 4091 ἔχειν
990 4020 1088 4089 τὴν
1126 4019 1455 4091 παράθεσιν,
1495 4020 1591 4073 καὶ
1634 4017 1758 4072 καθ’

189 4119 372 4189 ὁμοίαν
405 4117 600 4171 ἕνωσιν
631 4113 866 4184 τοπικὴν
907 4112 1225 4181 συγκεῖσθαι
1256 4112 1505 4183 ἀλλήλοις
1547 4111 1760 4181 ὡμολό-

191 4227 363 4281 γηται.
407 4207 638 4277 ’Ἐψεται
665 4200 759 4259 οὖν
786 4205 881 4258 καὶ
924 4206 1039 4267 τοῖς
1081 4203 1251 4267 λίθοις
1285 4203 1631 4272 γελαστικὸν,
1664 4202 1760 4256 καὶ⁵

191 4305 301 4364 τοῖς
330 4298 633 4369 ἀνθρώποις
679 4297 740 4351 τὸ
778 4295 1112 4365 πελεκητόν·
1166 4295 1288 4348 ἐπεὶ
1337 4296 1397 4349 ἐν
1430 4294 1680 4366 θατέροις
1724 4296 1757 4366 ἡ

193 4392 485 4463 παράθεσις
530 4388 691 4460 ὁμοία
724 4387 974 4457 φαίνεται
1002 4386 1086 4440 κῶν
1119 4387 1217 4457 τῆς
1247 4385 1519 4449 εὐκολίας.
1563 4387 1627 4439 ’Ὼ
1658 4386 1758 4457 τῆς

192 4485 509 4556 ἁπροσεξίας
551 4484 652 4553 ὅση
672 4484 685 4536 ί

270 4579 400 4631 Ἀλλ’
459 4578 551 4631 ἴνα
600 4576 676 4647 μὴ
721 4576 810 4630 διὰ
847 4593 958 4630 των
1009 4574 1293 4646 προτέρων
1322 4573 1758 4643 ἀπελεγχθέντες

1861 1624 2114 1689 assertio,
2139 1624 2374 1695 ideoque
2396 1626 2801 1684 demonstratio
2823 1648 2933 1686 non
2961 1634 3280 1704 perﬁcitur;
3306 1638 3455 1707 quod

1862 1714 2009 1769 enim
2040 1717 2278 1771 naturali
2318 1719 2531 1775 ratione
2562 1736 2673 1775 non
2705 1722 3123 1781 demonstratur
3155 1745 3260 1785 nec
3301 1730 3455 1786 Scri-

1863 1814 2041 1876 ptura:
2103 1808 2422 1865 testimonio
2495 1812 2899 1882 conﬁrmatur,
2960 1818 3108 1874 ﬁctio
3162 1806 3457 1879 est'asse~

1862 1898 2345 1972 rentis,illudque
2384 1903 2537 1959 nullo
2587 1906 2753 1963 modo
2802 1909 2907 1965 (ide
2946 1910 3173 1985 dignum
3231 1924 3338 1983 est,
3394 1933 3456 1975 ac

1788 1986 1826 2040 li
1857 1990 2022 2046 simul
2075 1992 2328 2064 impium.

1788 3335 1829 3390 C

1932 2082 2016 2136 An
2042 2084 2123 2139 sic
2152 2086 2331 2157 reipsa
2360 2103 2587 2146 necesse
2612 2100 2720 2159 est,
2759 2109 2791 2148 ο
2815 2095 3156 2171 philosophi,
3191 2102 3338 2171 quod
3366 2119 3454 2160 se-

1864 2175 2107 2230 cundum
2133 2176 2343 2246 aliquid
2371 2179 2439 2235 ad
2465 2181 2889 2240 similitudinem
2927 2188 3162 2262 alicujus
3192 2194 3446 2261 sumitur,

1863 2266 2162 2335 exemplari
2195 2283 2417 2339 quoque
2457 2274 2764 2329 secundum
2798 2291 3017 2333 omnem
3056 2282 3327 2338 rationem
3365 2286 3451 2340 sui

1863 2358 2044 2413 simile
2073 2360 2296 2414 videri?
2325 2361 2612 2429 Quomodo
2646 2378 2777 2423 tunc
2808 2370 2990 2426 adhuc
3016 2385 3269 2430 maneret
3303 2378 3453 2446 quod

1864 2449 2069 2504 dicitur
2098 2454 2418 2523 exemplar?
2449 2456 2588 2512 illud
2616 2460 2765 2514 enim
2803 2463 2912 2518 erit
2943 2480 3167 2536 quoque
3196 2479 3453 2543 prototy-

1865 2556 2003 2608 pus,
2065 2541 2119 2595 in
2173 2544 2326 2599 nullo
2374 2545 2665 2604 deﬁciente
2709 2556 3165 2626 comparatione;
3214 2541 3454 2619 maxime

1863 2642 2049 2687 autem
2092 2649 2217 2688 cum
2265 2637 2588 2694 substantia?
2617 2644 3020 2713 pr0prietatum
3064 2651 3150 2705 vel
3189 2653 3453 2711 acciden-

1868 2726 2003 2780 tium
2038 2743 2143 2782 nec
2166 2729 2489 2787 substantiae
2517 2733 2723 2789 dicitur
2749 2753 2873 2792 esse
2903 2743 3271 2810 comparatio,
3310 2762 3452 2817 quo-

1865 2818 2031 2874 modo
2060 2827 2192 2875 tunc
2215 2822 2545 2880 alterutrius
2565 2828 2793 2897 prOpria
2821 2830 3077 2887 alterutri
3109 2842 3171 2888 ut
3193 2838 3453 2905 specialia

1864 2912 2286 2968 attribuentur?
2324 2915 2599 2972 Caeterum
2631 2920 2779 2974 enim
2818 2933 2986 2982 erunt
3020 2928 3362 2984 communia.
3395 2930 3453 2987 Si

1866 3007 1981 3063 Ιιωο
2014 3025 2146 3081 ergo
2170 3026 2228 3066 se
2254 3012 2327 3065 ita
2355 3012 2564 3069 habere
2601 3017 2955 3087 existimetis,
2992 3022 3108 3078 haec
3135 3024 3453 3096 hujusmodi

1865 3100 2100 3158 fortasse
2131 3106 2341 3161 sentire
2381 3107 2598 3165 debetis
2627 3127 2639 3163 :
2673 3111 2948 3182 siquidem
3006 3115 3061 3170 in
3093 3116 3453 3191 Ethiopibus

1865 3192 2262 3263 nigritudinem
2290 3196 2485 3253 videre
2512 3209 2598 3255 cst
2623 3201 2840 3258 sicutet
2864 3204 2919 3259 in
2952 3208 3154 3274 corvis,
3187 3225 3453 3280 quaecun-

1865 3301 1977 3355 que
2002 3288 2218 3355 corvis,
2270 3292 2587 3348 necessario
2636 3304 2693 3350 et
2737 3295 3093 3370 Aﬁtbiopibus
3148 3306 3453 3363 convenire

1866 3379 2203 3449 probantur.
2223 3380 2359 3438 Cum
2396 3394 2581 3441 autem
2604 3402 2841 3457 quorum
2875 3395 3217 3464 comparatio
3244 3406 3330 3453 est
3353 3400 3455 3454 ali-

1864 3488 2102 3543 quorum
2163 3477 2829 3548 supersubstantialium,
2905 3470 3162 3543 similiter
3227 3506 3453 3563 quoque

1864 3567 2051 3622 omnia
2084 3569 2293 3639 reliqua
2323 3571 2380 3625 in
2411 3587 2747 3644 unoquoque
2774 3576 3038 3632 similium
3071 3596 3320 3650 quaerere
3348 3601 3451 3641 ne-

1862 3677 2015 3718 cesse
2039 3664 2110 3718 sit
2141 3682 2153 3716 :
2185 3665 2254 3719 de
2280 3666 2464 3720 corvis
2485 3676 2669 3723 autem
2696 3668 2903 3725 dicitur
2924 3673 3091 3727 modo
3127 3691 3222 3731 eos
3241 3678 3448 3745 volare,

1862 3755 2030 3809 modo
2068 3756 2306 3825 pedibus
2347 3757 2451 3824 ire,
2488 3759 2673 3813 volatu
2728 3761 3004 3831 demisso;
3063 3782 3132 3820 an
3185 3768 3268 3824 sic
3316 3787 3450 3843 ergo

1860 3845 2150 3917 Aithiopes
2176 3864 2399 3918 quoque
2423 3865 2481 3905 se
2505 3850 2710 3907 habere
2736 3855 3167 3914 existimandum
3192 3864 3315 3917 est?
3340 3864 3449 3922 Sed

1861 3947 1918 3993 et
1958 3939 2106 4008 quod
2158 3939 2379 3995 diverso
2414 3957 2579 3997 sensu
2606 3943 2961 4016 Ethiopibus
3003 3954 3291 4024 proprium
3339 3969 3447 4027 est,

1862 4030 1930 4086 de
1987 4031 2166 4086 corvis
2209 4032 2411 4087 iterum
2462 4034 2761 4091 dicendum
2804 4046 2908 4093 est.
2956 4041 3171 4098 Dicitur
3224 4062 3448 4119 quoque

1861 4131 2220 4193 spectatores,
2263 4125 2357 4194 qui
2386 4136 2516 4181 sunt
2544 4127 2597 4182 in
2636 4128 2876 4196 theatro,
2908 4131 3165 4190 similiter
3200 4153 3265 4193 ac
3313 4140 3452 4213 lapi-

1862 4215 1960 4271 des
1988 4224 2157 4282 stare,
2189 4219 2450 4289 unirique
2482 4219 2590 4275 sibi
2608 4221 2847 4278 invicem
2868 4227 3175 4285 secundum
3195 4235 3446 4292 eamdem

1863 4309 2123 4366 unionem
2142 4311 2395 4366 localem.
2409 4312 2661 4368 Facultas
2682 4331 2812 4386 ergo
2830 4316 3107 4386 lapidibus
3133 4323 3242 4379 erit
3260 4327 3448 4383 riden-

1861 4398 1938 4465 di,
1964 4401 2107 4455 sicut
2135 4410 2191 4455 et
2218 4402 2540 4459 hominibus
2564 4405 2740 4460 secari
2767 4422 2781 4472 ;
2815 4408 3090 4477 siquidem
3118 4412 3175 4467 in
3194 4416 3445 4489 utrisque

1861 4492 2008 4548 idem
2039 4493 2232 4549 docilis
2262 4506 2489 4565 apparet
2514 4506 2712 4554 status.
2745 4497 2957 4565 Quanta
2985 4502 3306 4563 absurditas
3333 4510 3346 4563 ι

1932 4585 2002 4639 At
2034 4601 2125 4650 ne,
2160 4596 2451 4656 postquam
2492 4589 2876 4658 superioribus
2921 4594 3159 4651 convicti
3202 4599 3441 4670 fueritis,

194 4673 285 4745 ἠδη
311 4672 403 4734 τὰς
429 4668 662 4740 ὑστέρας
707 4668 863 4737 ὑμῶν
895 4667 1127 4731 ἀτοπίας
1156 4667 1469 4739 διαλάθητε,
1515 4668 1754 4761 ἐπιμνη-

1863 4676 2175 4731 novissimae
2208 4693 2358 4731 nunc
2382 4687 2578 4734 vestrae
2608 4682 2856 4739 stultitiae
2882 4684 3313 4761 obliviscamini,
3350 4713 3442 4752 re-

195 4765 335 4820 στέον
367 4764 459 4817 καὶ
489 4761 600 4815 τῶν
627 4760 832 4813 λοιπῶν
882 4758 980 4812 τοῦ
1037 4760 1503 4830 ἐπιχειρήματοςο
1542 4758 1661 4822 πῶς
1695 4776 1755 4813 τε

194 4858 285 4928 τὴν
307 4854 476 4928 ψυχὴν
504 4853 564 4920 ἐξ
596 4852 844 4922 ἀνάγκης
868 4850 979 4904 τῶν
1009 4852 1228 4905 οίκείων
1256 4852 1573 4923 παυομένην
1605 4854 1759 4923 ὲνερο

197 4949 346 5017 γειῶν
393 4949 524 5019 ἡμῖν
573 4944 845 5010 δείκνυτε,
880 4943 1223 5015 τρεπομένου
1254 4942 1350 4996 τοῦ
1390 4942 1646 5012 σώματος
1674 4945 1756 5007 είς

201 5020 385 5107 ὕπνον;
414 5040 639 5114 Πρῶτον
687 5038 787 5110 μὲν
836 5038 946 5109 γὰρ
997 5037 1120 5090 οὐδὲ
1151 5035 1435 5107 Ἷπώματος
1483 5036 1613 5090 ὁντα
1661 5037 1757 5092 τὸν

203 5135 374 5189 ὕπνον·
419 5134 542 5187 ἐπεὶ
608 5130 747 5203 μηδὲ
798 5130 897 5201 τὴν
931 5129 1265 5201 ἐγρήγορσιν
1293 5128 1468 5193 δεῖξαι
1497 5128 1750 5195 δύνασθε,

201 5230 246 5284 εί
288 5227 353 5298 μὴ
401 5228 506 5298 ἄρα
555 5226 650 5280 καὶ
696 5227 809 5289 τοῖς
844 5223 1025 5293 ἄλλοις
1066 5222 1299 5294 ἀψύχοις
1334 5222 1526 5276 τοῦτον
1573 5222 1754 5291 ἐλογί-

202 5320 362 5387 ζεσθε.
410 5317 569 5371 Ἀλλά
595 5317 691 5372 καὶ
718 5316 1039 5386 ἀναγκαίως
1072 5316 1168 5369 καὶ
1190 5316 1359 5379 αὐτὸς
1390 5308 1547 5378 οὕτος
1571 5314 1753 5386 ψυχῆς

204 5413 319 5469 ἴδιόν
338 5430 388 5465 τι
421 5406 560 5464 εἶναι
582 5411 993 5483 λογισθήσεται,
1029 5408 1062 5479 ἦ
1090 5410 1187 5463 τοῦ
1233 5410 1670 5481 συναμφοτέρου,
1709 5404 1754 5465 ὦ

203 5502 567 5574 φυσικώτατοι.
617 5499 887 5569 Ἀφείσθω
931 5500 989 5553 δὲ
1030 5500 1126 5554 καὶ
1168 5499 1325 5554 τοῦτο
1355 5500 1506 5570 ὑμῖν.
1545 5499 1609 5552 Ei
1659 5499 1755 5552 καὶ

203 5598 275 5651 ὅτι
313 5594 537 5664 μάλιστα
572 5592 630 5642 ὲν
666 5594 782 5656 τοῖς
821 5592 1009 5657 ὕπνοις
1056 5594 1157 5665 τῆς
1190 5592 1426 5663 φυτικῆς
1467 5592 1754 5663 δυνάμεως

205 5686 290 5757 τῆς
327 5683 501 5755 ψυχῆς
538 5682 798 5754 πλείστην
852 5685 903 5737 οί
934 5684 1121 5737 πολλοὶ
1150 5684 1436 5749 δοξάζουσι
1466 5684 1564 5755 τὴν
1597 5683 1752 5756 ἐνέρ-

205 5792 357 5846 γιιαν,
392 5776 486 5827 καὶ
527 5774 627 5827 ούκ
667 5772 815 5826 ἔστιν
855 5774 1001 5846 ἀργὴ
1042 5774 1167 5829 οὐδὲ
1206 5775 1349 5828 κατά
1377 5774 1495 5828 τόδε
1522 5775 1555 5845 ὴ
1582 5772 1751 5847 ψυχή.

207 5867 271 5924 Τὸ
294 5868 342 5921 δὲ
373 5867 768 5939 ἀναντίρρητον
814 5868 949 5938 ἡμῖν
986 5868 1347 5940 προϐλητέον,
1375 5869 1458 5922 ὃτι
1483 5869 1581 5940 τῆς
1615 5886 1753 5940 φαν-

205 5962 435 6034 ταστικῆς
476 5960 576 6032 μὲν
615 5960 709 6015 καὶ
740 5960 907 6031 ἄγαν,
946 5960 1082 6025 ἀλλὰ
1118 5963 1211 6017 καὶ
1254 5964 1354 6035 τῆς
1406 5966 1755 6039 μνημονικῆς

1859 4769 2008 4838 liqua
2058 4770 2367 4840 argumenti
2423 4771 2478 4825 in
2536 4774 2856 4829 memoriam
2921 4783 3236 4853 revocanda.
3290 4799 3441 4843 sunt.

1858 4860 2147 4928 Quomodo
2183 4877 2405 4932 quoque
2448 4864 2686 4920 animam
2722 4870 3038 4926 necessario
3076 4889 3207 4932 suas
3242 4892 3443 4949 Opera-

1859 4954 2040 5009 tiones
2082 4964 2391 5011 cessantem
2420 4956 2583 5011 nobis
2611 4959 2924 5027 ostenditis,
2969 4979 3203 5035 corpore
3252 4979 3441 5045 torpe-

1857 5053 2047 5101 scente
2083 5047 2322 5101 somno?
2350 5048 2461 5103 Nec
2490 5049 2717 5119 quidem
2749 5050 2991 5120 priorem
3022 5072 3146 5112 esse
3190 5066 3441 5133 corporis

1857 5155 2112 5197 somnum
2138 5182 2153 5207 ,
2200 5140 2476 5211 siquidem
2504 5158 2605 5216 nec
2635 5143 2876 5215 vigiliam
2903 5146 3285 5212 demonstrare
3312 5173 3442 5228 pos-

1856 5232 1999 5299 sitis,
2037 5233 2144 5287 nisi
2180 5249 2402 5304 quoque
2435 5235 2647 5290 caeteris
2676 5237 3057 5297 animantibus
3076 5242 3239 5324 _bunc
3277 5251 3438 5304 altri;

1855 5322 2122 5381 bueretis.
2155 5324 2262 5381 Sed
2298 5334 2354 5381 et
2383 5328 2701 5382 necessario
2730 5338 2788 5384 et
2833 5330 2925 5386 hic
2954 5322 3302 5403 ipse—anima:
3345 5344 3442 5398 ali-

1856 5418 2004 5489 quod
2042 5419 2327 5490 pr0prium
2354 5435 2475 5475 esse
2513 5421 2864 5491 reputabitur
2890 5464 2905 5489 ,
2957 5427 3044 5482 vel
3090 5431 3313 5504 utrique
3341 5476 3357 5501 ,
3404 5453 3439 5491 o

1856 5526 2044 5565 rerum
2097 5511 2431 5566 naturalium
2466 5510 2811 5581 peritissimi.
2863 5514 2979 5572 Hoc
3037 5530 3222 5577 autem
3269 5525 3437 5582 etiam

1856 5602 1965 5657 illis
1992 5603 2363 5673 permittatur.
2397 5604 2512 5660 Etsi
2550 5606 2825 5677 pratcipue
2861 5606 2918 5663 in
2958 5614 3167 5670 somnis
3196 5616 3285 5671 his
3312 5619 3440 5688 qui-

1855 5695 1960 5750 bus
1985 5704 2064 5750 est
2094 5695 2277 5751 anima
2305 5698 2626 5768 vegetativae
2657 5699 2905 5767 virtutis,
2934 5705 3229 5763 maximam
3258 5708 3440 5766 inesse

1855 5787 2235 5857 operationem
2268 5788 2457 5859 plures
2491 5791 2831 5861 opinentur,
2893 5804 3135 5852 attamen
3188 5814 3300 5854 non
3354 5810 3441 5857 est

1855 5887 2080 5934 actuosa
2101 5879 2285 5935 anima
2304 5896 2406 5951 nec
2443 5882 2569 5939 ideo
2602 5885 2787 5940 anima
2816 5896 2921 5942 est.
2945 5888 3233 5955 Quoddam
3252 5899 3438 5947 autem

1856 5971 1925 6027 de
1960 5988 2071 6043 quo
2091 5972 2321 6031 minime
2353 5973 2724 6032 dubitandum
2744 5985 2836 6034 est
2862 5979 3025 6039 nobis
3056 5989 3143 6039 est
3166 5982 3440 6055 objicien-
