4032 6558
565 471 706 537 1455

1849 479 2160 543 LEONTII
2178 483 2610 547 ’ΒΥΖΑΝΤΙΝΙ

3706 503 3823 566 1456

559 593 716 654 dum,
747 587 964 644 scilicet
995 586 1233 641 multum
1280 585 1719 657 imaginationis,
1760 587 1855 642 sed
1902 597 1959 643 et
2008 604 2109 659 saep

2213 591 2540 660 ιπολλάκις,
2595 594 2677 649 ἔτι
2726 595 2785 650 δὲ
2827 600 2922 654 καὶ
2961 601 3067 673 τῆς
3112 607 3309 677 νοερᾶς
3336 608 3438 679 τῆς
3460 609 3644 684 ψυχῆς
3673 611 3841 688 δυνά--

561 683 842 740 memoria;
871 722 888 749 ,
941 680 1128 736 adhuc
1194 686 1380 735 autem
1428 687 1487 734 et
1523 678 1915 736 intellectualis
1948 682 2144 768 anima}

556 775 783 832 virtutis
844 787 1040 843 magna
1099 769 1352 841 operatio
1411 768 1468 823 in
1528 769 1739 824 somnis
1793 771 2141 840 producitur.

557 871 753 926 Testes
783 877 914 923 sunt
948 863 1231 920 innumeri
1256 861 1471 918 somnia
1491 862 1865 935 quidemquae
1891 860 2141 937 quotidie

554 961 829 1024 videmus,
878 971 1116 1027 quorum
1154 969 1322 1010 causa
1365 953 1453 1009 vel
1513 954 1712 1010 modus
1756 956 2017 1020 vivendi,
2052 959 2139 1014 vel

557 1053 865 1116 meditatio,
898 1049 984 1105 vel
1017 1047 1355 1111 sollicitudo,
1376 1046 1460 1101 vel
1488 1046 1690 1117 aliquis
1714 1063 1890 1114 error,
1923 1050 2009 1105 vel
2033 1051 2140 1105 alia

553 1157 660 1202 est.
694 1146 752 1202 Si
790 1160 914 1198 rara
943 1157 1076 1198 vero
1098 1150 1226 1196 sunt
1254 1155 1539 1210 paucaque
1573 1155 1806 1194 numero
1827 1182 1842 1205 ,
1893 1150 2136 1198 attamen

551 1250 699 1295 nota:
724 1236 1099 1308 apparitiones
1123 1232 1350 1298 sanctis,
1379 1231 1694 1287 futurorum
1723 1232 2134 1301 praedictiones,

553 1331 874 1388 sanationes
890 1328 1186 1396 multaeque
1208 1324 1452 1378 rationes
1468 1323 1836 1380 Providentia:
1855 1325 2138 1381 dormien-

552 1426 704 1482 tibus
729 1423 884 1477 ﬁunt.
914 1421 1025 1476 Cur
1048 1434 1179 1489 ergo
1196 1417 1276 1472 sic
1296 1431 1398 1471 nec
1421 1432 1488 1471 ex
1504 1416 1926 1488 investigatione
1948 1430 2138 1474 actuo-

551 1534 690 1584 sam,
732 1517 948 1584 hocque
980 1529 1047 1568 ex
1081 1510 1417 1566 necessitate
1443 1549 1458 1575 ,
1521 1509 1577 1564 in
1633 1511 1843 1566 somnis
1895 1511 2132 1568 animam

549 1606 987 1665 demonstratis?
1021 1605 1100 1660 Eo
1131 1603 1282 1674 quod
1306 1603 1454 1657 enim
1478 1618 1590 1656 non
1619 1617 1813 1659 omnes
1850 1620 1977 1660 suas
2002 1620 2136 1676 ope-

546 1704 790 1758 rationes
813 1701 867 1755 in
901 1699 1113 1755 samnis
1144 1713 1249 1753 nec
1279 1711 1500 1766 semper
1531 1698 1762 1762 revelat,
1786 1713 1980 1753 verum
2024 1709 2128 1766 est,

543 1797 758 1853 scilicet
780 1795 1134 1866 vegetativam
1157 1799 1214 1848 et
1247 1791 1472 1845 localem
1505 1790 1839 1856 motionem,
1868 1793 2132 1848 sensibili-

543 1898 709 1943 tatem
733 1897 789 1942 et
818 1885 1282 1956 imaginationem,
1331 1883 1645 1936 memoriam
1673 1891 1730 1936 et
1765 1883 2127 1953 spiritualita-

2255 701 2424 756 μεως,
2458 687 2631 767 πολλὴ
2661 690 2918 763 ἐνέργεια
2944 697 3087 750 κατὰ
3113 699 3243 763 τοὺς
3276 699 3484 769 ὕπνους
3505 708 3814 777 προάγεται.
3837 687 3842 704 ί

2252 779 2365 833 Καὶ
2399 782 2681 854 μάρτυρες
2735 785 3042 859 διμέτρητοι
3095 792 3195 862 μὲν
3249 795 3308 847 al
3345 797 3457 850 τῶν
3505 800 3819 875 καθημέρας

2247 871 2477 943 ὀνείρων
2506 875 2730 948 ἐποψίαι
2750 919 2766 946 ,
2797 880 2910 934 εἴτε
2942 881 3180 950 δίαιταν,
3235 886 3351 941 εἴτε
3404 871 3691 961 φροντίδα,
3722 871 3819 949 εἴτε

2251 963 2507 1037 μελέτην,
2540 968 2654 1023 εἴτε
2697 971 2908 1044 πλάνην
2939 975 3083 1042 τινὰ,
3117 978 3151 1049 ἢ
3191 978 3389 1050 ἑτέραν
3422 981 3600 1054 ἔχοιεν
3627 987 3816 1045 αίτίαν.

2247 1055 2310 1108 El
2346 1057 2402 1111 δὲ
2443 1059 2538 1113 καὶ
2574 1061 2792 1118 σπάνιοι
2827 1067 2924 1121 καὶ
2953 1069 3336 1143 εὐαρίθμητοι,
3371 1073 3513 1146 πλὴν
3546 1077 3819 1152 ὡμολογη-

2249 1147 2409 1217 μέναι
2457 1154 2576 1218 τοῖς
2624 1155 2800 1222 ἀξίοις
2857 1160 2954 1213 καὶ
3007 1161 3342 1232 θεοφάνειαι,
3385 1171 3482 1223 καὶ

2243 1241 2528 1299 ἐκϐάσεων
2557 1249 2916 1320 προρρήσεις,
2946 1252 3042 1307 καὶ
3063 1253 3428 1327 ἰατρεῖαῳιαὶ
3454 1261 3706 1317 ποικίλαι
3729 1265 3816 1332 τῆς

2244 1331 2510 1402 Προνοίας
2551 1337 2874 1409 κηδεμονίαι
2907 1341 3157 1411 γίνονται
3197 1348 3313 1410 τοῖς
3350 1348 3605 1409 ὁπνοῦσι.
3638 1353 3706 1406 Τί
3733 1331 3815 1410 οἷον

2242 1421 2386 1477 οὕτω
2413 1425 2482 1496 δὴ
2509 1426 2892 1497 ἀϐασανίστως
2922 1433 3122 1507 ἀργὴν,
3152 1437 3250 1490 καὶ
3283 1439 3443 1494 τοῦτο
3469 1442 3530 1509 ἐξ
3557 1444 3813 1516 ᾁνάγκης,

2241 1516 2302 1569 ἐν
2331 1519 2446 1582 τοῖς
2470 1516 2663 1586 ὕπνοις
2689 1523 2790 1595 τὴν
2811 1525 2990 1598 ψυχὴν
3013 1528 3370 1601 ἀπεφήνασθε
3392 1550 3408 1595 ;
3435 1533 3561 1589 Ὀτι
3595 1537 3701 1608 μὲν
3719 1539 3813 1609 γὰρ

2239 1606 2302 1660 οὐ
2349 1609 2532 1675 πάσας
2574 1611 2748 1685 αὐτῆς
2777 1617 2882 1680 τὰς
2913 1619 3196 1692 ἐνεργείας
3228 1623 3286 1676 ἐν
3315 1627 3432 1689 τοῖς
3475 1606 3678 1688 ὕπνοις
3707 1606 3812 1684 ἐγκαλ

2239 1697 2518 1757 δείκνυται
2550 1705 2644 1759 καὶ
2675 1705 2931 1776 πάντοτε,
2971 1710 3179 1782 ἀληθές
3209 1715 3328 1771 ἐστι
3351 1732 3366 1747 °
3399 1720 3676 1791 φυτικὴν
3695 1725 3810 1798 φέρε

2239 1793 2335 1846 καὶ
2357 1795 2620 1865 τοπικὴν
2651 1799 2869 1874 κίνησιν
2893 1843 2909 1868 ,
2945 1807 3312 1876 αἰσθητικήν
3348 1828 3410 1865 τε
3451 1815 3552 1868 καὶ
3601 1793 3811 1885 spartu-

2240 1886 2487 1956 στικὴν,
2515 1894 2905 1963 μνημονικὴν
2945 1913 3006 1950 τε
3037 1898 3132 1951 καὶ
3171 1902 3490 1971 γοητικὴν,
3515 1907 3616 1960 καὶ
3651 1909 3810 1980 ἀμφο-

543 1991 670 2046 tem,
698 1995 762 2035 ac
785 1989 1079 2049 utramque
1110 1974 1698 2047 concupiscibilitatem.
1733 1973 1840 2034 Sed
1870 1977 1986 2032 haec
2026 1993 2109 2032 nec

2232 1977 2398 2049 τέραν
2426 1980 2767 2051 όρεκτικήν.
2810 1986 2974 2043 Ἀλλὰ
3004 1989 3176 2044 ταῦτα
3204 1993 3326 2048 οὐδὲ
3354 1996 3414 2050 ἐν
3448 1972 3808 2074 ἐγρηγορήσει

539 2073 706 2129 simul
748 2073 804 2126 in
846 2071 1030 2143 vigilia
1065 2068 1206 2125 eiiici
1238 2083 1342 2124 nec
1375 2083 1597 2138 semper
1635 2067 1941 2123 secundum
1981 2068 2127 2124 idem

538 2167 872 2238 probantur.
899 2166 1021 2220 Non
1051 2164 1200 2220 enim
1229 2177 1453 2233 semper
1481 2176 1586 2217 nec
1620 2177 1818 2218 omnes
1851 2177 1976 2218 suas
1999 2177 2129 2233 ope-

539 2261 787 2316 rationes
835 2258 1084 2329 proferre
1136 2264 1360 2326 potest,
1417 2270 1542 2311 cunt
1586 2254 1815 2309 omnino
1860 2255 2128 2328 simplicis

536 2361 752 2407 natura;
775 2365 884 2404 non
912 2349 1005 2414 sit,
1030 2347 1105 2401 ita
1133 2355 1195 2402 ut
1215 2361 1283 2401 ex
1306 2361 1412 2400 una
1433 2349 1553 2415 ipsa
1571 2361 1789 2415 unaque
1805 2346 2126 2416 operatione

536 2444 722 2498 omnia
746 2441 1156 2513 producantur;
1185 2437 1284 2494 sed
1310 2438 1540 2504 alicubi,
1559 2438 1859 2508 aliquando
1883 2439 2124 2509 aliquas-

535 2551 644 2605 que
663 2533 1017 2605 operationes
1037 2529 1168 2602 agit.
1192 2528 1292 2585 Dei
1329 2529 1506 2584 solius
1529 2537 1614 2585 est
1635 2529 1799 2584 simul
1828 2538 1886 2585 et
1904 2545 2123 2586 onmem

534 2628 744 2698 absque
792 2635 1044 2696 tempore
1083 2621 1366 2695 propriam
1403 2622 1781 2693 operationem
1812 2637 1876 2678 ac
1914 2623 2122 2695 ubique

659 2719 850 2774 ndere.

603 2729 850 2775 tendere.

532 2736 892 2880 osQuomodo
917 2809 1086 2881 igitur
1110 2807 1396 2880 exemplar
1426 2814 1578 2864 recte
1610 2807 1959 2879 sumpsistis?
1991 2809 2117 2867 His-

2229 2067 2346 2138 ἅμα
2369 2072 2636 2144 ἐνεργεῖν,
2681 2077 2779 2132 καὶ
2810 2080 2989 2152 πάντη
3022 2083 3164 2137 κατὰ
3189 2083 3252 2138 τὸ
3289 2085 3424 2140 αὐτὸ
3459 2067 3808 2163 προσμαρτυ-

2231 2164 2430 2233 ρεῖται.
2465 2167 2600 2222 Οὐδέ
2635 2170 2745 2242 γὰρ
2779 2172 2996 2244 πέφυκε
3042 2176 3279 2233 πάντοτε
3330 2183 3430 2237 καὶ
3482 2183 3676 2250 πάσας
3721 2187 3807 2252 τὰς

2225 2254 2430 2328 ἑαυτῆς
2460 2261 2824 2333 προΐσχεσθαι
2859 2266 3178 2351 ἐνεργείαςο
3210 2271 3445 2346 ἐπείπερ
3479 2276 3606 2332 οὐδὲ
3645 2277 3806 2351 ἁπλῆς

2231 2348 2348 2402 ἐστι
2380 2350 2559 2424 πάντη
2597 2355 2839 2424 φύσεωςο
2869 2347 2962 2412 ἶνα
3007 2360 3106 2414 καὶ
3151 2364 3284 2443 μιᾶς
3311 2367 3397 2437 εἴη
3439 2365 3512 2421 τὰ
3553 2368 3618 2434 ἐξ
3651 2347 3805 2441 uti;

2224 2439 2426 2508 πάντα,
2474 2444 2570 2498 καὶ
2608 2445 2745 2517 ὑφέν
2788 2449 3095 2521 ἐνεργείας·
3127 2439 3382 2528 ἀλλά-πη
3415 2457 3509 2512 καί
3542 2477 3682 2514 ποτε
3721 2439 3803 2528 καί

2219 2546 2375 2596 τινας
2403 2536 2635 2607 ἐνεργεῖ.
2663 2538 2800 2594 Θεοῦ
2823 2541 2879 2595 δὲ
2910 2543 3078 2614 μόνου
3105 2546 3254 2604 ἐστίν
3277 2547 3396 2619 ἅμα
3417 2568 3476 2605 τε
3503 2555 3604 2608 καὶ
3635 2557 3802 2610 πᾶσαν

2220 2624 2316 2678 καὶ
2366 2626 2615 2696 ἀχρόνως
2654 2632 2852 2687 ἐαυτοῦ
2897 2637 3186 2709 ἐνέργειαν
3245 2641 3343 2697 καὶ
3391 2643 3635 2702 πάντοτε
3680 2665 3802 2722 προ-

2223 2716 2505 2788 ΐσχεσθαι.
2616 2770 2620 2774 .

2291 2811 2419 2904 liii);
2445 2809 2540 2871 οὖν
2568 2816 2812 2888 εὐλόγως
2833 2821 2932 2877 τοῦ
2963 2825 3412 2900 παραδείγματος
3433 2833 3797 2904 ἐπελάϐεσθες

529 2913 638 2978 que
667 2907 762 2977 qui
787 2904 982 2960 dicunt
1019 2902 1218 2957 animae
1247 2901 1509 2956 unionem
1544 2900 1614 2956 ad
1637 2916 1842 2972 corpus
1864 2902 2109 2957 eamdem

2215 2901 2315 2996 καὶ
2343 2908 2456 2971 τοῖς
2479 2906 2732 2979 λέγουσιν
2761 2913 2954 2984 ὁμοίαν
2987 2915 3166 2990 ψυχῆς
3189 2921 3330 2992 πρὸς
3359 2922 3525 2995 σῶμα
3547 2900 3797 2996 γενέσθαι

527 3013 651 3054 esse
703 3011 768 3052 ac
825 2994 1088 3051 unionem
1121 2992 1288 3050 Verbi
1335 2993 1403 3047 ad
1432 2993 1757 3061 hominem,
1809 2995 2109 3050 secundum

2213 2995 2314 3066 τὴν
2339 2997 2594 3054 σύνθεσιν
2626 3002 2722 3058 τοῦ
2747 3005 2924 3076 Λόγου
2953 3010 3090 3082 πρὸς
3119 3013 3211 3069 τὸν
3233 3013 3331 3070 ἄνθ
3341 2992 3729 3087 ρωπονξκατά
3750 3039 3798 3076 τι

526 3090 660 3160 quid
693 3089 862 3160 igitur
900 3101 1127 3158 quoque
1182 3084 1544 3156 supervenire
1575 3085 1814 3141 similem
1869 3099 2109 3142 sanctam

2213 3087 2410 3178 ὁμοίαν
2433 3091 2636 3149 οὐκοῦν
2667 3098 2994 3170 συμϐαίνειν
3028 3105 3122 3159 καὶ
3150 3105 3250 3178 τὴν
3290 3084 3455 3178 ἁγίαν
3483 3084 3616 3168 καθ’
3643 3113 3797 3168 ὕπνον

528 3184 787 3238 unionem
803 3183 960 3254 juxta
980 3194 1237 3236 somnum
1261 3179 1374 3234 Deo
1396 3177 1580 3234 Verbo
1603 3177 1852 3234 additis?
1879 3179 2109 3247 Quando

2213 3177 2291 3278 si};
2317 3179 2438 3278 eaq)
2476 3185 2636 3278 (λόγῳ
2671 3190 2940 3260 ὲπάγετε;
2968 3194 3145 3251 Ὅπου
3166 3177 3231 3267 γε
3267 3177 3364 3255 και
3393 3203 3426 3273 ὴ
3450 3204 3796 3278 παράϐλησις

523 3275 751 3347 quidem
778 3273 1086 3330 assumitur
1111 3271 1478 3342 comparatio,
1519 3287 1620 3343 per
1643 3270 1793 3326 aliud
1821 3270 2109 3365 inquiren-

2213 3269 2311 3365 γῆς
2336 3272 2675 3342 ὁμοιώσεως.
2700 3279 2762 3333 οὐ
2794 3280 2864 3334 δι’
2893 3283 3085 3357 ἕτερόν
3117 3305 3171 3341 τι
3201 3292 3314 3354 τοῖς
3342 3269 3635 3365 είρηκόσιν
3663 3269 3794 3362 ἐξείξ

524 3365 677 3421 tibus
701 3363 1000 3420 elucidatio
1026 3363 1174 3419 haud
1204 3363 1504 3434 praebetur,
1533 3363 1622 3420 vel
1659 3380 1761 3436 per
1792 3365 1964 3421 solam
1981 3355 2106 3422 “ele-

2213 3358 2406 3434 ληπτο,
2441 3365 2473 3439 ἢ
2504 3367 2591 3423 διὰ
2621 3370 2790 3443 μόνην
2817 3355 3099 3448 ἀναίρεσιν
3131 3381 3239 3434 τῶν
3283 3355 3654 3457 ἐγνωσμένων
3683 3355 3790 3444 ἑτέ-

521 3460 764 3515 ctionem
792 3458 1027 3513 aliorum
1054 3456 1399 3528 cognitorum
1419 3456 1662 3524 unionis,
1710 3459 1848 3514 meri
1877 3459 2107 3516 forsitan

2213 3472 2322 3526 ρων
2351 3461 2676 3531 συνθέσεως,
2711 3469 2953 3538 σχέσεως
2980 3472 3145 3544 τυχὸν
3169 3474 3352 3548 ψιλῆς,
3375 3478 3409 3550 ἢ
3433 3456 3790 3551 παραθέσεως

519 3551 771 3616 habitus,
807 3551 895 3606 vel
923 3549 1222 3621 positionis
1252 3548 1464 3615 localis,
1495 3548 1584 3604 vel
1610 3558 1815 3606 mutuae
1860 3552 2103 3620 unionis,

515 3645 608 3699 vel
643 3644 827 3700 mixtae
865 3641 1354 3716 (signiﬁcationem
1385 3640 1533 3696 enim
1567 3649 1780 3696 tantum
1822 3644 1902 3699 rei
1940 3656 2105 3699 natu-

519 3737 712 3794 raliter
743 3753 854 3793 non
905 3735 1076 3792 unita:
1121 3751 1246 3806 quae
1297 3735 1466 3790 mixta
1498 3735 1641 3791 facta
1669 3744 1754 3792 est
1804 3737 2105 3794 immobilis

515 3831 867 3886 diversarum
913 3828 1350 3885 substantiarum
1392 3827 1526 3883 unio
1561 3843 1628 3883 ex
1662 3829 1770 3884 hoc
1802 3831 2104 3888 constitue-

507 3920 717 3993 runt);
764 3937 878 3977 non
921 3920 1092 3993 igitur
1121 3935 1222 3991 per
1254 3919 1400 3985 hoc,
1451 3921 1637 3976 omnia
1680 3937 1802 3993 quae
1832 3924 2103 3980 uniuntur

513 4015 686 4071 unitis
715 4015 772 4069 in
810 4013 904 4069 tali
934 4014 1178 4076 unione,
1210 4013 1384 4069 verbo
1429 4015 1597 4069 etiam
1639 4015 1951 4086 exprimere
1998 4033 2100 4075 nos

512 4107 747 4180 cogetis.
788 4107 1038 4177 N’amque
1081 4107 1163 4162 sic
1199 4121 1366 4162 carne
1393 4109 1638 4179 patiente
1663 4109 1932 4166 doluisset
1961 4113 2099 4168 Ver-

509 4201 666 4262 bum.
683 4208 989 4266 crescente,
1003 4199 1645 4270 crevisset,aliquomodo
1661 4204 2100 4272 operationibus-

512 4308 621 4363 que
649 4291 802 4347 illius
835 4290 1031 4347 fuisset
1077 4297 1360 4357 extensus,
1405 4291 1695 4349 debilitata
1725 4303 1932 4362 autem,
1989 4295 2095 4351 im-

510 4383 761 4439 minutus
787 4381 984 4439 fuisset
1029 4390 1196 4452 atque
1241 4380 1542 4451 impeditus
1567 4423 1582 4447 ,
1633 4391 1695 4438 ut
1726 4384 1779 4438 in
1814 4386 1999 4442 anima
2030 4404 2096 4444 ac

509 4489 743 4546 corpore
785 4474 1076 4546 contingit.
1113 4473 1388 4528 Diceretis
1413 4489 1634 4544 quoque
1667 4476 1738 4532 ab
1776 4477 1951 4534 altero
1979 4495 2092 4535 non

506 4581 539 4622 a
563 4566 863 4637 semetipso
884 4567 1099 4624 unitum
1121 4565 1316 4631 fuisse,
1337 4565 1684 4636 invitumque
1707 4570 2088 4641 participasse,

2207 3552 2462 3646 τοπικῇς,
2489 3555 2521 3626 ἢ
2546 3555 2910 3634 ἀλλοιωτικῆς
2939 3563 3206 3635 ἐνώσεως,
3230 3569 3263 3641 ἢ
3296 3575 3638 3646 ωγχυτικῆς
3664 3579 3789 3646 κρά-

2208 3657 2347 3739 σεως
2375 3641 2680 3716 (σημασίαν
2721 3651 2830 3724 γὰρ
2873 3654 3036 3725 μόνον
3073 3661 3313 3733 φυσικῆς
3339 3641 3659 3738 ἀσυγχύτου
3700 3641 3787 3739 γε·

2205 3735 2443 3808 νομένης
2465 3743 2834 3821 Δσυγκράσεως
2860 3747 2956 3800 καὶ
2981 3748 3256 3821 ἀτρέπτου
3281 3753 3396 3810 τῶν
3418 3735 3786 3832 διαφερόντων

2203 3826 2403 3883 οὐσιῶν
2427 3831 2675 3897 ἑνώσεως
2709 3839 2774 3891 ἐκ
2800 3837 2958 3894 τοῦδε
2983 3843 3386 3919 παρέστησαν)’
3410 3852 3473 3903 οὐ
3511 3852 3605 3907 διὰ
3635 3854 3784 3908 τοῦτο

2203 3914 2317 3988 οὖν,
2350 3923 2446 3977 καὶ
2479 3925 2659 3981 πάντα
2685 3929 2752 3982 τὰ
2778 3931 3033 4003 ἡνωμένα
3052 3938 3165 4000 τοῖς
3191 3914 3284 3992 ἐπὶ
3307 3914 3374 4012 τῇ
3396 3943 3580 4019 τοῧδε
3599 3945 3783 4000 ένὼσει

2204 4015 2612 4085 συγκειμένοις,
2639 4021 2735 4074 καὶ
2759 4021 2855 4075 ἐπὶ
2874 4023 2970 4077 τοῦ
2994 4024 3152 4095 λόγου
3184 4027 3365 4097 λέγειν
3389 4015 3540 4103 ἡμᾶς
3569 4038 3783 4108 είσπρά-

2202 4102 2319 4166 ξετε
2344 4121 2360 4136 ο
2393 4106 2537 4162 οὕτω
2569 4109 2681 4182 γὰρ
2707 4111 2774 4166 ἂν
2801 4114 2896 4167 λαὶ
2925 4119 3248 4191 πασχούσης
3273 4122 3375 4192 τῆς
3407 4102 3656 4197 σαρκὸς’,
3697 4102 3783 4182 τὸν

2199 4194 2376 4265 Λόγον
2408 4198 2731 4269 ὀδυνᾶσθαι,
2783 4205 2879 4258 καὶ
2920 4206 3303 4284 αὐξανομένης
3347 4194 3780 4282 συναυξάνεσθαί

2198 4302 2338 4354 πως,
2376 4291 2473 4344 καὶ
2517 4296 2639 4358 ταῖς
2686 4296 2996 4368 ἐνεργείαις
3037 4301 3175 4374 αὐτῇ
3215 4310 3774 4379 συμπαρατείνεσθαι,

2197 4379 2296 4434 καὶ
2312 4385 2789 4460 παρακμαζούσης
2819 4390 3209 4448 συστέλλεσθαι
3237 4396 3332 4451 καὶ
3361 4399 3774 4469 ἐμποδίζεσθαι·

2195 4471 2388 4548 ὥσπερ
2422 4477 2516 4531 ἐπὶ
2549 4478 2735 4552 ψυχῆς
2763 4483 3058 4552 συμϐαίνει
3101 4487 3196 4541 καὶ
3239 4487 3514 4561 σώματος.
3558 4494 3773 4550 Είποιτε

2196 4565 2263 4620 ἂν
2296 4569 2390 4622 καὶ
2421 4569 2512 4640 ὑφ’
2539 4571 2729 4644 ἐτέρου
2776 4575 2872 4628 καὶ
2904 4578 3004 4648 οὐχ
3039 4579 3237 4634 ἑαυτοῦ
3284 4583 3636 4656 συντεθῆναι,
3687 4589 3774 4642 καὶ

509 4667 570 4714 ιιι
596 4659 808 4732 justum
831 4669 937 4728 est,
965 4671 1334 4731 quaecumque
1381 4665 1512 4712 sunt
1557 4660 1740 4716 carnis
1776 4677 1874 4718 seu
1901 4679 2089 4721 neces-

2213 4660 2396 4716 ἱκοντα
2424 4668 2718 4735 μετασχεῖν
2753 4667 2880 4723 καθ’
2903 4668 3028 4724 ὅσον
3070 4670 3228 4743 θέμις
3262 4673 3374 4729 τῶν
3408 4676 3473 4730 ἐκ
3509 4678 3615 4748 τῆς
3649 4697 3772 4751 τηρ⁴

504 4750 669 4806 sitate
699 4791 715 4818 ,
761 4766 858 4808 seu
921 4750 1213 4815 mercede;
1262 4748 1379 4804 haec
1417 4749 1566 4804 enim
1597 4751 1664 4807 ad
1695 4753 1935 4810 animam
1967 4772 2090 4814 cor-

502 4859 719 4915 pusque
758 4845 1058 4915 pertinent.

578 4934 673 4990 His
694 4934 919 5005 quidem
957 4933 1094 4989 illud
1124 4947 1156 4989 a
1181 4935 1343 4992 nobis
1366 4937 1622 5006 superius
1647 4937 2084 4995 demonstratum

492 5036 609 5093 'est,
642 5035 902 5097 tanquam
930 5042 1040 5082 non
1065 5028 1248 5085 simile
1275 5029 1582 5086 secundum
1611 5030 1768 5102 quid,
1803 5047 1908 5087 nec
1929 5033 2085 5102 juxta

491 5117 686 5172 omnia
704 5118 1096 5172 necessarium.
1120 5117 1178 5175 Si
1202 5128 1387 5176 autem
1405 5120 1614 5177 hancce
1632 5121 1897 5179 unionem
1913 5123 2082 5180 Verbi

497 5208 682 5262 omnia
712 5217 1136 5280 consequuntur
1164 5226 1288 5282 quae
1311 5212 1551 5272 animam
1579 5215 1800 5285 corpori
1841 5215 2078 5282 unitam,

487 5315 566 5355 ne
589 5301 736 5356 uniri
757 5301 984 5373 quidem
1000 5303 1136 5359 illud
1157 5304 1345 5367 dicere
1367 5306 1684 5374 admittitis,
1712 5307 1808 5364 sed
1827 5310 2078 5379 postula-

489 5395 567 5452 ‘tis
596 5405 658 5452 ut
687 5397 771 5452 vel
809 5397 965 5468 juxta
1018 5398 1204 5454 omnia
1251 5399 1452 5457 similis
1497 5400 1714 5457 dicatur
1745 5401 1898 5457 illius
1923 5404 2076 5471 unio,

490 5487 609 5554 vel,
632 5489 881 5558 quzedam
915 5489 1022 5546 alia
1045 5491 1201 5564 juxta
1232 5503 1398 5563 quam
1444 5493 1656 5564 pariter
1694 5493 2077 5552 demonstrare

487 5578 648 5634 vobis
675 5579 811 5635 unio
841 5579 1007 5635 Verbi
1057 5581 1301 5649 videtur,
1330 5584 1611 5640 credenda
1636 5599 1748 5638 non
1779 5600 1924 5651 esse,
1962 5602 2076 5642 non

486 5686 611 5742 quae
631 5686 700 5727 ex
723 5671 1090 5730 similitudine
1121 5685 1563 5747 consequuntur,
1593 5677 1690 5733 sed
1719 5694 1844 5749 qua:
1872 5680 1925 5734 in
1950 5696 2078 5750 pro-

483 5765 766 5835 priavoce
805 5777 1148 5834 spectantur.
1181 5767 1427 5824 Primum
1463 5769 1688 5840 quidem
1724 5770 1884 5827 vobis
1918 5773 2072 5830 dice-

481 5873 607 5913 mus
640 5875 653 5911 :
685 5857 822 5913 Date
855 5859 1020 5915 nobis
1054 5861 1298 5931 aliquam
1327 5871 1583 5918 naturam
1615 5865 1762 5919 inter
1782 5865 1952 5930 entia,
1980 5868 2067 5922 cui

482 5953 638 6007 luxta
659 5951 849 6007 omnia
889 5952 1050 6010 Verbi
1089 5953 1266 6009 divini
1305 5965 1508 6014 natura
1542 5955 1614 6010 sit
1660 5955 1882 6022 similis,
1909 5957 2068 6012 dabi-

2192 4751 2308 4820 κὸς,
2341 4754 2375 4825 ἢ
2425 4753 2514 4808 διὰ
2544 4757 2827 4831 ἀνάγκην,
2861 4760 2895 4832 ἢ
2924 4761 3016 4816 διὰ
3050 4763 3243 4832 μισθόν
3266 4779 3280 4794 ·
3312 4765 3489 4824 ταῦτα
3529 4769 3641 4842 γάρ
3680 4771 3770 4825 ἐπὶ

2184 4843 2368 4917 ψυχῆς
2397 4848 2494 4902 καὶ
2530 4851 2785 4920 σώματος
2817 4855 3130 4925 συμϐαίνει.

2258 4939 2358 4993 Διὰ
2391 4939 2566 4997 ταῦτα
2620 4943 2752 5012 γοῦν
2805 4946 2924 5000 τόδε
2960 4950 3096 5021 ἡμῖν
3143 4952 3658 5025 προαποδέδεικται,
3696 4958 3764 5020 ὡς

2185 5031 2249 5085 οὐ
2286 5032 2347 5086 τὸ
2395 5035 2540 5090 κατά
2569 5053 2621 5090 τι
2663 5025 2872 5107 ὅμόιον,
2905 5042 3003 5096 καὶ
3033 5042 3176 5098 κατά
3205 5046 3314 5098 πᾶν
3352 5041 3493 5102 εἶναι
3533 5049 3596 5102 τὸ
3637 5050 3764 5104 αὐτὸ

2184 5123 2504 5191 ἀναγκαῖον.
2543 5127 2608 5182 Εἰ
2651 5130 2710 5183 δὲ
2751 5135 2932 5188 πάντα
2969 5135 3158 5205 ἕψεται
3192 5139 3260 5209 τῇ
3296 5139 3477 5209 τοιᾷδε
3519 5142 3760 5195 συνθέσει

2182 5216 2279 5270 τοῦ
2306 5218 2481 5289 Λόγου
2507 5221 2608 5277 ὅσα
2634 5223 2727 5278 καὶ
2755 5228 2821 5298 τῇ
2852 5225 2998 5299 ψυχῇ
3035 5229 3393 5303 συντιθεμένῃ
3423 5231 3501 5303 τῷ
3531 5231 3759 5304 σώματι.

2187 5311 2322 5381 μηδὲ
2361 5315 2682 5382 συγκεῖσθαι
2733 5318 2898 5374 αὑτὸν
2959 5320 3141 5391 λέγειν
3191 5323 3558 5395 καταδέχεσθε
3597 5341 3613 5356 °
3650 5325 3760 5380 ἀλλ’

2182 5403 2464 5460 ἀπαιτεῖτε
2495 5407 2528 5479 ἢ
2577 5409 2724 5464 κατὰ
2774 5411 2950 5484 πάντη
2975 5413 3173 5484 ὁμοίαν
3195 5413 3378 5484 λέγειν
3415 5417 3516 5486 τὴν
3547 5417 3776 5478 ἕνωσιν,

2179 5495 2212 5566 ἢ
2246 5496 2442 5569 ἑτέραν
2477 5500 2603 5554 τινὰ
2650 5502 2774 5556 καθ’
2801 5504 2868 5574 ἢν
2895 5487 3335 5575 ἀπαραλλάκτως
3363 5507 3546 5561 ἔοικεν
3595 5510 3628 5580 ἡ
3666 5508 3752 5563 τοῦ

2179 5590 2353 5660 Λόγου
2386 5591 2638 5658 σύνθεσις
2673 5595 3053 5651 ὑποδεικνύειν
3091 5597 3221 5668 ὑμῖν
3267 5598 3343 5663 ὡς
3376 5599 3480 5654 οὐκ
3517 5601 3747 5672 εὖπαρα·

2176 5683 2381 5740 δέκτων
2403 5687 2483 5752 εἰς
2507 5687 2690 5742 πίστιν
2714 5689 2823 5744 τῶν
2853 5691 2955 5744 οὐκ
2979 5690 3038 5757 ἐξ
3068 5692 3370 5763 ἐπαγωγῆς
3401 5691 3512 5746 τῶν
3535 5694 3731 5764 ὁμοίων

2177 5775 2295 5828 ἀλλ’
2325 5778 2383 5830 ἐν
2441 5779 2697 5845 ἰδιάζοντι
2749 5781 2896 5854 λόγῳ
2930 5784 3352 5856 θεωρουμένων.
3385 5785 3613 5857 Πρῶτον
3654 5785 3740 5855 μὲι

2177 5868 2338 5923 πάλιν
2387 5871 2625 5942 ἐροῦμεν
2655 5875 2787 5945 ὑμῖν
2812 5892 2825 5906 ο
2856 5877 2989 5930 Δότε
3015 5877 3155 5950 ἡμῖν
3203 5895 3326 5932 τινα
3357 5877 3524 5948 φύσιν
3555 5879 3613 5932 ἐν
3637 5879 3744 5940 τοῖς
3773 5890 3779 5896 ·

2173 5956 2326 6014 οὖσιν
2354 5955 2388 6026 ἦ
2420 5964 2563 6018 κατὰ
2589 5966 2769 6023 πάντα
2793 5969 2940 6024 ἐστὶν
2967 5970 3001 6030 ὴ
3023 5969 3120 6024 τοῦ
3145 5969 3320 6025 Λόγου
3342 5967 3436 6024 τοῦ
3468 5968 3615 6023 θείου
3644 5967 3743 6026 εὖ·

3656 6486 3960 6536 ἡκεν-...1
