4032 6528
288 434 426 502 1157

1237 450 1636 513 ADVERSUS
1674 454 2227 545 NESTOBIANOS.
2272 484 2344 497 --
2382 463 2528 525 LIB.
2572 465 2620 527 Ι.

3413 473 3552 542 1458

282 567 369 655 σις
394 549 581 622 ὁμοία,
610 551 709 609 καὶ
744 553 993 628 δώσομεν
1040 558 1138 612 καὶ
1177 559 1342 630 ἡμεῖς
1372 560 1625 618 σύνθεσιν
1656 564 1691 636 ἢ
1724 566 1852 620 κατὰ

1968 585 2203 642 musque
2234 581 2292 628 et
2323 590 2428 631 nos
2476 577 2739 633 unionem
2786 594 2911 649 qum
2936 581 3132 638 unioni
3178 582 3355 655 ipsius
3396 585 3553 655 juxta

282 640 464 695 πάντα
494 642 614 699 ἐστὶ
643 647 710 717 τῇ
740 646 861 700 κατ’
888 648 1052 702 αὐτὸν
1088 649 1341 705 συνθέσει
1386 653 1568 723 ὁμοία.
1606 655 1668 708 Et
1700 655 1756 710 δὲ
1789 659 1864 729 μή

282 733 402 798 ἐστι
434 733 601 800 φύσις
644 736 778 808 τῷδε
809 739 993 809 ὁμοία,
1027 740 1187 812 δῆλον
1224 742 1302 808 ὡς
1329 743 1452 798 οὐδὲ
1486 745 1738 814 σύνθεσις
1766 767 1868 819 φυ-

280 825 408 897 σικὴ
438 827 602 899 ὁμοία
630 831 698 902 τῇ
725 830 904 887 τοῦδε.
951 827 1028 887 υῦ
1072 833 1185 907 γάρ
1224 836 1325 891 οὐκ
1368 837 1518 893 ἐστιν
1555 840 1743 909 ὅμοιον
1769 842 1865 914 ὅρ-

280 931 444 984 γανον
483 921 750 989 μουσικὸν
777 923 837 976 ὲν
859 926 974 987 τοῖς
1002 919 1177 991 οὖσιν,
1201 927 1417 1002 ἀνάγκη
1460 931 1670 986 καὶτὸν
1697 932 1867 1003 φθόγ-

275 1026 374 1074 γον
402 1010 622 1069 πάντων
651 1013 760 1069 τῶν
796 1015 965 1071 ὄντων
991 1018 1419 1090 παραλλάσσειν.
1447 1025 1586 1096 Ὦρα
1607 1026 1664 1081 δὲ
1696 1027 1862 1099 ὑμᾶς,

275 1103 403 1157 ἐπεὶ
439 1105 515 1178 μὴ
554 1107 903 1180 εὐποροῦμεν
945 1110 1136 1184 ἕτερόν
1174 1131 1298 1169 τινα
1324 1115 1498 1183 δεῖξαι
1527 1119 1864 1192 δημιουργὸν

276 1197 342 1251 ἐκ
394 1197 471 1270 μὴ
516 1198 687 1255 ὄντων
739 1204 1056 1274 προάγοντα
1090 1206 1161 1261 τά
1186 1209 1475 1280 γινόμενα,
1528 1212 1604 1285 μὴ
1641 1213 1702 1267 δὲ
1742 1215 1863 1269 τόδε

276 1285 405 1355 περὶ
434 1284 572 1341 Θεοῦ
616 1291 1049 1364 καταδέχεσθαι’
1087 1296 1205 1350 ἀλλ’
1232 1298 1354 1353 οὐδὲ
1388 1300 1611 1373 Πατέρα
1636 1305 1861 1359 τοιῶσδε

274 1379 554 1446 γεννῶντα
606 1382 762 1445 Θεὸν,
801 1386 834 1456 ἢ
881 1387 1011 1442 Υίὸν
1054 1390 1279 1445 τοιῶσδε
1310 1394 1675 1465 γεννώμενον,
1726 1397 1862 1451 Θεὸν

275 1468 579 1524 πιστεύειψ
608 1470 733 1526 οὔτε
764 1474 821 1527 δὲ
860 1477 1098 1534 Χοιστὸν
1127 1479 1291 1534 αὐτόν
1325 1497 1390 1551 γε
1428 1481 1520 1538 τὸν
1556 1484 1679 1538 καθ’
1711 1487 1861 1558 ἡμᾶς

272 1560 448 1627 ὅντως
485 1564 769 1632 γενέσθαι·
797 1568 919 1621 ἀλλ’
948 1570 1071 1625 οὐδὲ
1106 1572 1200 1626 τὸν
1232 1576 1357 1629 καθ’
1382 1576 1532 1647 ὑμᾶς
1555 1578 1867 1651 διαγραφόο·

276 1668 463 1723 μενονο
496 1656 624 1710 ἐπεὶ
666 1658 879 1730 μήποτε
908 1660 1114 1718 τοιόνδε
1144 1664 1267 1719 τινὰ
1294 1665 1455 1721 ἄλλον
1499 1668 1700 1741 ἔχομεν
1727 1670 1857 1742 ὑμῖν

273 1747 673 1816 ἐπιδείξασθαι,
704 1752 738 1824 ἢ
784 1752 944 1825 ὑμεῖς
982 1757 1144 1827 ἡμῖν·
1176 1760 1225 1812 εἰ
1254 1758 1330 1831 μὴ
1356 1761 1465 1832 ἄρα
1496 1765 1608 1825 τοῖς
1635 1764 1858 1836 προφή-

1969 663 2155 721 omnia
2187 666 2262 723 sit
2293 666 2511 724 similis.
2547 668 2605 725 Si
2642 678 2827 727 autem
2856 688 2968 728 non
3011 685 3096 731 est
3128 683 3327 732 natura
3354 677 3554 734 huicee

1967 756 2189 824 similis,
2220 774 2327 816 nec
2361 764 2623 819 unionem
2655 767 2965 821 naturalem
2998 768 3191 824 unioni
3224 770 3371 825 illius
3394 771 3553 826 simi-

1965 849 2073 906 lem
2102 868 2223 909 esse
2251 862 2422 924 patet.
2451 854 2573 911 Non
2600 857 2750 914 enim
2790 866 2876 914 est
2905 860 2961 914 in
2999 860 3225 917 entibus
3247 863 3551 934 quidquam

1966 943 2399 1003 instrumentum
2454 948 2728 1004 musicum
2777 950 2957 1007 simile
2991 992 3006 1018 ,
3061 968 3403 1024 necesseque
3465 962 3555 1010 est

1966 1046 2159 1097 tonum
2185 1041 2432 1098 omnium
2462 1043 2674 1099 entium
2700 1044 2949 1101 diti‘erre.
2981 1045 3225 1116 Tempus
3256 1058 3342 1103 est
3363 1059 3550 1105 autem

1963 1144 2082 1195 vos,
2110 1130 2386 1201 siquidem
2411 1132 2649 1204 aliquem
2694 1134 2865 1189 alium
2914 1135 3207 1191 ostendere
3240 1146 3548 1194 creatorem

1962 1237 2306 1293 nequeamus
2348 1240 2414 1281 ex
2461 1243 2571 1281 non
2615 1226 2841 1283 cutibus
2884 1236 3069 1284 creata
3100 1230 3545 1295 antecellentem,

1964 1316 2109 1371 haud
2140 1317 2390 1388 profecto
2428 1319 2568 1375 illud
2604 1335 2632 1375 a
2673 1321 2788 1375 Deo
2814 1331 3159 1392 exspectare,
3187 1321 3282 1377 sed
3315 1338 3416 1377 nec
3440 1323 3546 1377 Pa-

1964 1418 2105 1465 trem
2137 1410 2211 1465 ita
2242 1420 2599 1483 generantem
2622 1413 2819 1479 Deum,
2850 1430 2955 1469 nec
2979 1414 3180 1469 Filium
3214 1415 3289 1470 ita
3319 1431 3550 1485 genera-
3646 1426 3651 1429 λ

1962 1511 2101 1567 tum,
2138 1502 2311 1558 Deum
2343 1505 2594 1570 credere,
2637 1519 2743 1560 nec
2776 1504 3060 1561 Christum
3106 1507 3286 1577 ipsum
3319 1508 3545 1579 quidem

1957 1586 2111 1658 iuxta
2142 1609 2247 1650 nos
2274 1594 2521 1662 factum,
2575 1596 2673 1652 sed
2711 1613 2816 1654 nec
2857 1599 3015 1670 juxta
3063 1616 3163 1654 vos
3215 1600 3542 1668 deﬁnitum;

1959 1703 2084 1745 cum
2118 1705 2402 1760 nunquam
2437 1690 2731 1761 quemdam
2780 1692 3015 1749 alterum
3044 1694 3361 1765 hujusmodi
3390 1696 3546 1751 vobis

1960 1781 2369 1838 ostendendum
2400 1799 2505 1839 nos
2532 1783 2917 1853 habuerimus,
2943 1802 3049 1841 nec
3087 1802 3187 1842 vos
3210 1787 3405 1854 nobis;
3436 1788 3541 1845 nisi

271 1850 420 1950 ταιῖ
443 1840 610 1895 αὐτὸν
654 1840 768 1897 ἴσον
810 1846 988 1919 πάντη
1017 1845 1207 1917 λέγετε
1240 1850 1385 1906 κατὰ
1416 1852 1516 1925 τὴν
1556 1853 1653 1908 νῦν
1686 1852 1852 1912 οὖσαν

1955 1870 2065 1943 jam
2096 1873 2387 1944 prophetis
2415 1875 2645 1931 omnino
2683 1876 2919 1933 similem
2957 1877 3139 1948 ipsum
3177 1879 3541 1950 dicatisjuxta

285 1926 587 2003 Ἰουδαῖκὴν
636 1933 884 2006 γνώμην.
920 1937 1031 1991 Καὶ
1075 1940 1263 2004 ἁπλῶς
1294 1941 1474 1998 πάντα
1527 1945 1597 2000 τὰ
1648 1949 1855 2003 σπάνια
1885 1934 1926 1990 Β

272 2026 368 2077 καὶ
397 2025 743 2097 ὑπερέχοντα
792 2029 893 2101 τὴν
925 2030 1089 2100 φύσιν
1129 2034 1227 2087 καὶ
1252 2035 1323 2090 τὰ
1351 2035 1612 2109 θαύματα
1654 2042 1752 2095 καὶ
1781 2035 1858 2097 ὧν

271 2115 375 2170 ούκ
408 2118 470 2172 ὲν
513 2119 681 2173 πᾶσιν
706 2120 739 2192 ἠ
766 2121 970 2190 γνῶσίς
1008 2124 1179 2191 ἐστιν,
1209 2119 1285 2181 ὧν
1330 2145 1391 2182 τε
1422 2129 1500 2203 μὴ
1544 2132 1733 2187 κανὼν
1759 2136 1858 2190 καὶ

271 2206 473 2278 τέχνης
515 2206 676 2278 λόγος
720 2212 1057 2284 περιγράφει
1101 2215 1203 2288 τὴν
1242 2219 1647 2295 ὲπιστήμην,ἢ
1695 2218 1778 2288 οἷς
1822 2226 1856 2298 ἡ

273 2299 439 2371 πεῖρα
471 2300 548 2371 μὴ
581 2305 871 2375 μαρτυρεῖ,
907 2307 1130 2362 πάντων
1171 2310 1206 2381 ή
1236 2311 1518 2384 ἀναίρεσις
1545 2316 1668 2370 καθ’
1708 2317 1856 2389 ὑμᾶς

273 2391 449 2459 ἔσται,
480 2393 513 2465 ἢ
540 2395 618 2461 ῶς
643 2397 822 2453 εἰπεῖν
846 2399 916 2454 δι’
934 2400 1104 2472 ὑμᾶς.
1133 2405 1246 2458 Καὶ
1273 2404 1327 2459 τί
1352 2407 1560 2464 τούτων
1594 2411 1723 2483 ὑμῖν
1748 2416 1858 2485 χεῖ-

278 2499 370 2555 ρον
402 2485 470 2541 ἄν
503 2504 590 2552 τις
622 2490 1005 2561 ὲγκαλέσειεν;
1047 2496 1112 2550 Et
1158 2496 1216 2550 δὲ
1251 2497 1318 2571 δὴ
1350 2500 1489 2567 ὅλως
1518 2503 1616 2560 τοῦ
1648 2521 1854 2577 γραφι-

274 2579 373 2633 κοῦ
399 2579 562 2651 λόγου
589 2583 691 2655 τῆς
716 2585 1081 2655 ξδιδασκαλίας
1114 2588 1450 2665 ἀξιούμενοι,
1478 2598 1855 2669 κατανύγεσθε

273 2673 591 2745 πεισθῆναι,
625 2678 810 2745 καθὼς
840 2680 937 2735 νῦν
978 2684 1114 2754 ἡμῖν
1162 2684 1489 2759 ὑπέσχεσθε,
1535 2691 1627 2745 καὶ
1663 2692 1762 2765 τὴν
1791 2696 1857 2750 ἐκ

273 2765 384 2857 τῶν
430 2766 809 2829 θεοπνεύστων
837 2773 1039 2845 λογίων
1079 2780 1395 2852 μαρτυρίαν
1439 2785 1854 2857 παραδέχεσθε,

270 2856 372 2950 ett
396 2859 528 2928 γοῦν
558 2862 917 2933 διεγνωκότες
957 2868 1043 2923 ὅτι
1072 2870 1363 2943 ἐμώρανεν
1399 2877 1429 2930 ὁ
1464 2877 1598 2942 Θεὸς
1639 2856 1740 2950 τὴν
1768 2898 1857 2934 σο-

271 2948 404 3043 φίαν
437 2950 530 3005 τοῦ
560 2954 772 3029 κόσμου
798 2957 1017 3026 τούτου,
1055 2963 1284 3035 μυρίαις
1326 2966 1395 3020 ἂν
1437 2967 1585 3038 ὑμᾶς
1629 2948 1855 3043 ἔχοιμεν

269 3042 596 3117 δυσωπῆσαι
626 3051 751 3113 ταῖς
778 3052 1076 3123 χρήσεσιν·
1115 3055 1194 3121 ὠς
1236 3058 1373 3114 Θεοῦ
1425 3042 1687 3134 ἀληθοῦς
1713 3066 1855 3139 πρὸς

267 3138 561 3231 ἄνθρωπον
595 3143 771 3218 ἀληθῆ
812 3148 1038 3218 γέγονεν
1082 3151 1305 3224 ἀληθῶς
1336 3159 1370 3228 ἡ
1408 3159 1615 3231 φυσικὴ
1662 3138 1853 3216 σύνθε-

1958 1978 2202 2033 praesens
2228 1964 2423 2037 dogma
2451 1966 2789 2023 Iudaeorum.
2823 1967 3020 2024 Omnia
3059 1985 3280 2040 quoque
3333 1970 3545 2039 simpli-

1958 2055 2101 2112 citer
2150 2073 2314 2124 rara,
2362 2068 2615 2114 naturam
2658 2061 3091 2127 antecellentia,
3148 2061 3399 2132 prodigia
3450 2062 3543 2117 illa

1957 2164 2197 2219 quorum
2231 2167 2341 2207 non
2366 2152 2526 2222 plana
2554 2154 2799 2225 cognitio
2821 2164 2926 2221 est,
2953 2171 3304 2227 quorumque
3334 2158 3423 2212 lex
3454 2156 3541 2211 vel

1959 2244 2214 2300 teclmiea
2246 2262 2349 2300 vox
2380 2261 2490 2311 non
2526 2248 2813 2304 scientiam
2852 2248 3067 2315 definit,
3116 2251 3203 2305 vel
3251 2266 3377 2321 qua:
3428 2266 3541 2307 non
3638 2240 3642 2245 ’

1956 2339 2156 2410 probat
2186 2341 2549 2411 experientia.
2603 2341 2874 2397 tolluntur
2922 2357 2954 2398 e
2997 2343 3181 2398 medio
3210 2343 3366 2414 juxta
3418 2358 3538 2410 vos,

1956 2430 2042 2485 vel
2077 2431 2240 2487 aliter
2292 2448 2393 2503 per
2442 2448 2563 2489 vos.
2615 2433 2757 2501 Quid
2805 2435 2963 2505 pejus
3012 2434 3173 2490 vobis
3213 2434 3540 2505 exprobrari

1956 2522 2183 2591 posset?
2218 2522 2275 2578 Si
2300 2532 2507 2589 autem,
2537 2534 2829 2595 postquam
2864 2524 3096 2581 verbum
3129 2526 3404 2596 scriptum
3436 2526 3539 2582 do-
3606 2554 3610 2556 ~

1956 2612 2151 2669 etrinze
2170 2614 2332 2685 plane
2359 2616 2705 2686 receperitis,
2732 2631 2929 2687 parere
2959 2616 3280 2682 renueritis,
3304 2628 3367 2673 ut
3388 2632 3539 2672 nunc

1955 2703 2120 2758 nobis
2161 2704 2490 2773 ostenditis,
2538 2722 2717 2777 exque
2751 2706 2955 2763 divinis
2995 2708 3239 2781 oraculis
3281 2710 3538 2764 testimo-

1955 2795 2112 2849 nium
2149 2796 2419 2868 recipitis,
2456 2808 2608 2854 certe
2658 2807 2950 2870 postquam
2993 2814 3119 2855 sero
3163 2802 3537 2872 eognoveritis

1956 2886 2128 2941 Deum
2147 2888 2473 2959 sapientiam
2500 2890 2667 2961 hujus
2688 2890 2880 2947 mundi
2904 2891 3128 2946 stultam
3157 2891 3362 2952 facere,
3385 2893 3537 2949 mille

1955 2978 2197 3033 oraculis
2252 2994 2352 3034 vos
2404 2981 2736 3037 convincere
2798 2982 3141 3052 poterimus.
3190 2983 3287 3037 Dei
3320 2984 3435 3037 veri
3466 2982 3536 3038 ad

1956 3070 2237 3126 hominem
2255 3087 2448 3127 verum
2468 3089 2599 3129 vere
2624 3073 2824 3130 factam
2851 3074 3023 3131 fuisse
3042 3075 3351 3130 naturalem
3376 3076 3538 3131 unio-

1954 3178 2081 3218 nem
2117 3163 2335 3219 Domini
2384 3164 2559 3220 nostri
2608 3165 2739 3222 Jesu
2782 3165 3033 3235 Christi,
3084 3168 3288 3224 unione
3332 3178 3537 3224 saneta}

269 3246 359 3346 εις
388 3230 483 3346 τοῦ
528 3234 806 3292 Δεσπότου
844 3239 1005 3310 ήμῶν
1055 3243 1233 3314 Ἰησοῦ
1269 3248 1510 3318 Χριστοῦ
1535 3266 1551 3283 ·
1595 3230 1657 3306 οὔ
1715 3272 1852 3325 προ-

1954 3253 2138 3309 carnis
2159 3253 2333 3324 ipsius
2355 3255 2422 3310 ad
2438 3256 2687 3311 Verbum
2708 3272 2819 3312 non
2844 3258 3280 3328 praeexsistente,
3316 3258 3410 3313 sed
3439 3275 3538 3314 na-

268 3322 716 3421 ὕποστάσηςτῆς
738 3329 896 3421 πρὸς
924 3330 1018 3385 τὸν
1057 3333 1234 3404 Λόγον
1272 3338 1518 3405 ἑνώσεως
1553 3343 1654 3413 τῆς
1686 3322 1852 3413 ἁγίας

1952 3353 2081 3400 tura
2112 3346 2645 3418 participationeque
2678 3355 2894 3406 naturae
2918 3350 2973 3405 in
3009 3365 3077 3405 eo
3105 3346 3200 3421 qui
3232 3366 3400 3421 supra
3430 3367 3535 3406 na-

265 3412 437 3506 αύτοῦ
468 3415 695 3486 σαρκὸς,
724 3418 843 3473 ἀλλ’
869 3419 990 3493 ἅμα
1012 3440 1073 3477 τε
1103 3424 1268 3494 φύσις
1302 3429 1395 3482 καὶ
1429 3412 1747 3505 συμφύησις
1774 3434 1852 3506 τῷ

266 3501 542 3574 ὑπερφυεῖ

338 3595 613 3653 Σκεπτέον
652 3599 710 3653 δὲ
740 3602 837 3656 καὶ
871 3602 1048 3669 οὕτως
1079 3604 1163 3660 ἔτι
1200 3610 1332 3681 περὶ
1376 3611 1572 3667 τούτου
1616 3615 1686 3670 τὰ
1719 3617 1849 3688 παρ’

265 3688 468 3759 ἡμῶν·
502 3691 589 3745 ὅτι
620 3694 745 3749 τινὰ
787 3695 1058 3767 ὀργανικὰ
1094 3700 1263 3774 μόρια
1296 3704 1357 3757 ὲν
1393 3705 1528 3777 ἡμῖν
1550 3706 1661 3761 τῶν
1692 3727 1851 3779 φυσι-

265 3783 380 3838 κῶν
417 3801 480 3838 τε
525 3786 622 3840 καὶ
680 3787 1018 3846 ίδικωτάτων
1060 3792 1359 3866 ἐνεργειῶν
1409 3800 1558 3852 είσιο
1599 3803 1698 3855 καὶ
1748 3804 1849 3875 οὐχ

265 3875 417 3930 ἀπλᾶ
460 3876 670 3950 ὄργανα
720 3878 795 3944 ὡς
835 3880 1039 3946 ἔξωθεν
1076 3885 1452 3958 ἐνεργούμενα
1509 3892 1715 3946 νοοῖντο
1755 3892 1842 3959 ἂν,

264 3966 403 4022 ἀλλὰ
431 3971 529 4024 καὶ⁵
560 3973 928 4043 συνεργοῦντα
963 3978 1080 4040 τοῖς
1104 3979 1165 4031 ὲν
1213 3980 1401 4045 αὐτοῖς
1435 3999 1496 4035 τε
1528 3983 1621 4037 καὶ
1650 3983 1718 4037 δι’
1744 3986 1848 4039 αύ-

262 4061 374 4115 τῶν
403 4063 696 4136 ἐνεργοῦσι
728 4067 874 4120 κατά
908 4067 1094 4138 φύσιν,
1132 4072 1228 4126 καὶ
1277 4075 1397 4143 μετ’
1426 4074 1609 4135 αὐτῶν
1633 4094 1685 4130 τι
1716 4094 1849 4150 προ-

263 4153 524 4222 άγουσινο
559 4153 757 4227 ὥσπερ
787 4156 1064 4231 ἀνθρώπῳ
1101 4162 1320 4231 γλῶττα
1370 4166 1465 4219 καὶ
1490 4167 1719 4240 ύπερῴα
1753 4171 1847 4225 καὶ

260 4248 330 4300 τὰ
359 4245 528 4301 λοιπὰ
570 4250 859 4320 φωνητικά
894 4269 956 4305 τε
1000 4254 1097 4307 καὶ
1133 4255 1450 4312 διαλεκτικὰ
1495 4258 1529 4330 ἢ
1561 4260 1656 4315 καὶ
1684 4261 1847 4329 γελαο

266 4339 431 4393 στικὰ
463 4341 651 4412 μόρια.
700 4343 853 4396 Ἐπεὶ
881 4338 974 4398 οὖν
1010 4346 1302 4419 ίδικωτάτη
1327 4351 1429 4422 τῆς
1445 4349 1595 4416 θείας
1626 4352 1846 4421 φύσεως

262 4431 520 4504 ἐνέργεια
570 4433 923 4509 ὡμολόγηται
954 4439 988 4509 ἡ
1020 4439 1133 4493 τῶν
1165 4441 1394 4513 μηδέπω
1427 4443 1563 4515 μηδὲ
1614 4444 1845 4517 δυνάμει

260 4521 450 4589 ὄντων,
508 4525 627 4581 ἀλλ’
677 4527 809 4583 ἄνευ
850 4530 1070 4599 φύσεώς
1114 4550 1263 4597 τινος
1305 4535 1530 4605 ἅμέσως
1575 4535 1636 4603 ἐξ
1662 4536 1835 4593 αὐτοῦ

1954 3448 2132 3495 turam
2159 3448 2237 3495 est
2259 3440 2610 3497 consociatis.

2024 3619 2196 3675 Nobis
2225 3628 2407 3687 autem
2435 3620 2618 3677 adhuc
2661 3620 2730 3677 de
2770 3621 2878 3676 hoc
2904 3620 3371 3677 considerandum
3422 3630 3529 3686 est,

1952 3714 2007 3768 in
2042 3713 2202 3768 nobis
2226 3728 2347 3769 esse
2381 3714 2646 3784 quasdam
2669 3721 2854 3785 partes
2878 3715 3165 3785 organicas
3191 3714 3532 3769 naturalium

1950 3806 2387 3877 specialiumque
2433 3809 2856 3877 Operationnm;
2891 3823 2995 3862 nec
3022 3808 3294 3878 simplicia
3326 3822 3533 3878 organa

1952 3907 2211 3969 tanquam
2251 3899 2498 3955 exterius
2528 3900 2815 3970 operantia
2848 3901 3078 3971 intelligi
3110 3908 3374 3971 possent,
3433 3901 3531 3956 sed

1949 3999 2210 4060 tanquam
2243 3990 2597 4061 cooperantia
2628 4007 2753 4046 cum
2788 3991 2898 4046 illis
2928 4007 3052 4061 quae
3083 3991 3137 4046 in
3172 3991 3307 4059 ipsis
3348 4000 3404 4047 et
3433 4008 3532 4061 per

1948 4086 2066 4156 ipsa
2094 4087 2250 4157 juxta
2272 4094 2527 4141 naturam
2554 4094 2878 4154 operantur,
2905 4099 3143 4154 cumque
3178 4084 3287 4138 illis
3318 4078 3530 4153 aliquid

1948 4179 2281 4250 producunt,
2312 4188 2373 4234 ut
2397 4178 2453 4233 in
2473 4177 2696 4232 homine
2721 4178 2928 4248 lingua,
2954 4178 3197 4247 palatum
3218 4185 3528 4247 czeteraque

1946 4272 2014 4328 ad
2051 4289 2271 4338 sonum,
2306 4288 2499 4329 vocem
2532 4272 2616 4328 vel
2652 4272 2823 4327 risum
2858 4271 3185 4341 spectantia.
3226 4270 3363 4326 Cum
3394 4274 3540 4340 ergo

1945 4365 2180 4422 maxime
2223 4375 2436 4421 natura:
2483 4365 2683 4420 divinae
2724 4364 2947 4433 propria
2976 4371 3307 4433 agnoscatur
3332 4378 3525 4416 eorum

1946 4475 2069 4530 quae
2097 4457 2345 4513 nondum
2378 4474 2482 4513 nec
2517 4457 2761 4528 potentia
2788 4466 2918 4511 sunt
2940 4456 3193 4526 operatio
3214 4496 3227 4519 ,
3280 4455 3375 4509 sed
3405 4456 3525 4509 sine

1946 4549 2058 4603 ulla
2084 4555 2280 4602 natura
2303 4546 2620 4601 immediate
2650 4562 2717 4601 ex
2758 4546 2879 4616 ipso
2903 4544 3344 4615 provenientium
3372 4559 3518 4598 crea.

264 4615 661 4708 προαγομένων
692 4617 935 4690 ποίησις,
967 4623 1057 4676 οἶα
1086 4624 1236 4679 ἐστὶν
1262 4627 1294 4697 ἡ
1324 4626 1435 4681 ἀπὸ
1469 4628 1579 4697 γῆς
1607 4629 1707 4701 τῆς
1743 4630 1843 4685 ἀν-

1952 4640 2049 4706 ιίο,
2080 4648 2247 4708 prout
2277 4647 2362 4693 est
2401 4654 2468 4693 ex
2514 4645 2664 4692 terra
2716 4637 2899 4692 carnis
2942 4636 3197 4690 humana:
3236 4636 3303 4689 ad
3349 4635 3521 4689 vitam

263 4702 549 4776 θρωπίνης
596 4708 800 4777 σαρκὸς
853 4710 991 4779 πρὸς
1040 4710 1189 4785 ζωὴν
1233 4714 1433 4781 πλάσις
1471 4716 1702 4790 (ταύτην
1726 4718 1781 4771 δὲ
1813 4720 1844 4773 ὀ

261 4796 544 4869 Δεσπότης
575 4798 735 4870 ἡμῶν
763 4801 860 4855 καὶ
889 4802 1025 4868 Θεὸς
1061 4804 1275 4876 Ἰησοῦς
1308 4809 1337 4860 ὁ
1365 4808 1603 4879 Χριστὸς
1633 4810 1846 4865 ἐπεδεί-

263 4884 392 4948 ξατο
420 4886 515 4940 ἐπὶ
546 4886 644 4941 τοῦ
678 4888 743 4941 ὲκ
782 4891 1013 4962 γενετῆς
1046 4892 1278 4962 τυφλοῦ,
1314 4897 1412 4950 καὶ
1463 4897 1556 4952 διὰ
1589 4897 1843 4968 σώματος

259 4974 467 5029 οἰκείου
501 4976 710 5050 ταύτην
741 4980 1040 5053 ἐνήργησε,
1074 4982 1370 5049 δακτύλοις
1399 4986 1716 5057 πηλοποιῶν
1749 4990 1843 5043 καὶ

259 5066 606 5126 διαπλάττων
630 5072 799 5127 αὑτοῦ
816 5075 943 5138 τοὺς
960 5075 1295 5147 ὀφθαλμοὺς,
1319 5079 1497 5134 καίτοι
1520 5079 1663 5150 λόγῳ
1697 5081 1843 5152 μόνῳ

257 5161 389 5216 τάδε
418 5165 594 5218 ποιεῖν
623 5164 958 5238 δυνάμενος)
981 5183 995 5195 ’
1025 5168 1184 5236 δῆλον
1234 5170 1311 5235 ὼς
1361 5172 1504 5226 κατὰ
1542 5173 1705 5244 φύσιν
1742 5174 1842 5247 τὴν

259 5254 444 5323 σάρκα
482 5256 650 5310 αὑτοῦ
701 5275 989 5332 παριστων
1021 5262 1171 5333 αὐτῷ
1208 5264 1554 5332 συγκεῖσθαι,
1600 5266 1727 5320 τάδε
1757 5268 1843 5321 οὗ·

258 5363 370 5409 τως
402 5349 580 5401 ποιεῖ’
617 5348 755 5403 διότι
786 5352 857 5406 τὰ
889 5353 1225 5419 ἰδικωτάτως
1263 5356 1431 5410 αὐτοῦ
1476 5357 1578 5430 τῆς
1622 5359 1841 5428 φύσεως

257 5438 412 5502 ὄντα,
445 5439 537 5493 διὰ
578 5442 673 5495 τοῦ
710 5441 985 5515 σώματος,
1014 5449 1378 5520 ἀνθρωπίνως
1408 5451 1654 5523 ἐνεργῶν
1692 5470 1833 5523 προ-

258 5530 540 5588 ϐάλλεται.
576 5534 791 5605 Ὥσπερ
829 5533 924 5591 οὖν
964 5556 1049 5602 τις
1096 5541 1219 5594 οὐδὲ
1250 5541 1487 5612 θελήσας
1515 5542 1739 5598 δύναιτο
1770 5544 1839 5598 ἂν

257 5627 328 5682 δι’
356 5627 593 5698 ὀργάνου
635 5630 782 5694 τινὸς
811 5631 1104 5688 ἀσυνθέτου
1142 5636 1280 5709 πρὸς
1308 5637 1475 5693 αὐτὸν
1509 5637 1662 5702 ὄντος
1696 5640 1840 5694 κατὰ

259 5719 447 5801 φύσιν,
485 5721 648 5786 αὐτὸς
678 5723 865 5777 λαλεῖν
912 5725 945 5796 ἢ
976 5727 1142 5800 γελᾷν
1188 5730 1285 5783 καὶ
1316 5732 1834 5801 προσδιαλέγεσθαι,

248 5795 436 5876 ἲῦτως
464 5812 586 5867 οὐδὲ
617 5814 751 5877 Θεὸς
784 5815 859 5887 μὴ
897 5795 1040 5872 κατὰ
1071 5795 1235 5887 φύσιν
1268 5825 1335 5891 τῇ
1363 5795 1477 5894 ’ίδῐᾳ
1501 5795 1670 5896 σαρκὶ
1703 5795 1836 5895 συγλ

261 5903 538 5975 κείμενος,
568 5907 665 5973 τὰς
698 5908 1024 5977 ιδικωτάτας
1055 5913 1190 5968 Θεοῦ
1235 5917 1513 5988 ἐνεργείας
1562 5919 1651 5972 διὰ
1700 5936 1833 5993 σαρ-

1946 4728 2156 4797 plasma
2185 4727 2359 4797 (hanc
2389 4736 2572 4781 autem
2603 4726 2871 4781 Dominus
2898 4735 3090 4780 noster
3111 4735 3168 4781 et
3198 4727 3343 4781 Deus
3361 4726 3521 4781 Jesus

1943 4816 2200 4873 Christus
2222 4817 2469 4873 ostendit
2492 4816 2548 4871 in
2564 4832 2630 4872 eo
2650 4816 2744 4886 qui
2776 4831 2843 4871 ex
2862 4816 3151 4871 nativitate
3175 4824 3292 4871 erat
3317 4832 3517 4879 eaacus,

1944 4924 2008 4964 ac
2036 4923 2136 4978 per
2163 4923 2323 4962 suum
2348 4921 2551 4977 corpus
2582 4906 2866 4971 exercuit,
2898 4905 3087 4975 digitis
3112 4907 3289 4961 lutum
3318 4905 3521 4962 faciens

1944 4999 2257 5069 liniensque
2288 4998 2479 5053 oculos
2504 4998 2645 5068 ejus,
2671 4998 2777 5052 etsi
2824 4998 2998 5054 verbo
3027 4999 3145 5054 solo
3180 4999 3298 5053 haec
3340 4998 3519 5055 facere

1944 5090 2270 5162 potuisset);
2294 5098 2355 5145 ut
2376 5106 2601 5147 carnem
2624 5108 2779 5147 suam
2801 5091 2955 5163 juxta
2981 5101 3237 5146 naturam
3271 5090 3517 5145 sibimet-

1943 5181 2049 5253 ipsi
2082 5181 2230 5237 uniri
2257 5180 2596 5247 ostenderet,
2616 5182 2699 5236 sic
2720 5196 2784 5235 ea
2816 5179 2996 5236 facere
3023 5189 3205 5250 patet;
3228 5191 3517 5250 propterea

1943 5290 2066 5344 quae
2089 5282 2219 5330 sunt
2247 5275 2481 5328 maxime
2503 5273 2728 5345 propria
2756 5271 2930 5342 ipsius
2948 5279 3158 5327 natura:
3178 5312 3193 5333 ,
3226 5288 3326 5342 per
3357 5288 3517 5327 suum

1943 5382 2166 5435 corpus,
2202 5367 2444 5421 humano
2474 5365 2639 5420 modo
2664 5381 2830 5434 agens
2857 5365 3125 5435 propalat.
3147 5364 3517 5431 Quemadmov

1942 5457 2072 5512 dum
2103 5474 2236 5529 ergo
2269 5458 2490 5529 aliquis,
2514 5458 2619 5513 etsi
2645 5459 2832 5523 vellet,
2872 5474 2971 5530 per
2990 5474 3258 5529 organum
3292 5457 3515 5527 aliquod
3550 5462 3563 5473 '

1941 5565 2051 5604 non
2078 5550 2145 5604 ad
2176 5550 2356 5620 ipsum
2382 5549 2597 5605 unitum
2619 5551 2775 5621 juxta
2799 5558 3073 5615 naturam,
3106 5550 3257 5620 loqui
3305 5550 3388 5603 vel
3444 5550 3513 5602 ri-

1940 5642 2073 5697 dere
2104 5642 2190 5697 vel
2222 5640 2477 5698 conferre
2518 5642 2814 5711 nequiret,
2864 5641 2937 5695 ita
2988 5657 3091 5696 nec
3132 5639 3315 5704 Deus,
3361 5640 3513 5709 juxta

1939 5745 2192 5789 naturam
2236 5735 2473 5806 prepriaz
2528 5735 2680 5788 carni
2730 5749 2840 5789 non
2889 5733 3115 5797 unitus,
3166 5733 3511 5801 operatione:

1939 5827 2176 5880 maxime
2198 5826 2310 5881 Deo
2338 5825 2594 5896 proprias
2635 5841 2735 5897 per
2781 5840 3003 5880 carnem
3049 5840 3159 5879 non
3206 5822 3512 5878 exhiberet.

1938 5919 2009 5976 At
2033 5935 2163 5976 vere
2196 5920 2312 5976 sola
2340 5928 2582 5991 potestas
2612 5919 2806 5975 divino
2832 5919 3111 5975 mediante
3132 5917 3359 5989 proprio
3396 5929 3507 5970 cor-
