4032 6536
466 456 607 526 1459

1730 453 2045 518 LEONTII
2084 449 2496 514 BYZANTINI

3606 441 3743 510 1460

462 586 599 643 pore
627 584 697 625 ex
721 575 868 622 terra
913 563 1165 622 carnales
1208 563 1404 621 oculos
1441 564 1768 638 plasmavit,
1801 563 2054 620 viviﬁca-

2170 563 2250 626 ὼς
2281 561 2348 616 ἄν
2383 559 2698 632 προΐσχετο.
2743 553 2890 612 Ἀλλ’
2931 554 3103 620 ὅντως
3151 551 3275 608 θεία
3315 549 3550 624 δύναμις
3601 553 3738 622 μίνη

463 664 544 717 vit
586 669 754 731 atque
797 657 1170 724 illuminavit,
1222 656 1500 712 mediante
1553 672 1775 727 quoque
1823 655 2049 727 proprio

466 767 704 826 corpore
731 768 762 808 e
793 758 941 806 terra
973 750 1258 805 hominem
1285 749 1355 804 ad
1382 749 1554 804 vitam
1596 749 1874 804 revocavit
1905 763 2052 802 mor-

467 847 650 916 tisque
680 843 989 916 potentiam
1021 842 1314 915 confregit.
1344 841 1595 912 Namque
1631 841 1769 895 nulli
1800 840 1894 894 alii
1921 853 2054 910 ope-

468 939 581 994 rari
609 937 874 1010 possibile
920 946 1007 992 est
1047 951 1135 1001 ea,
1167 951 1320 1006 quas,
1366 941 1430 989 ut
1480 935 1742 1004 probaret
1789 931 2052 987 unionem

467 1046 647 1095 suam,
683 1046 784 1101 per
816 1044 1038 1086 carnem
1076 1043 1313 1100 operans
1333 1028 1480 1082 Deus
1501 1025 1742 1084 Verbum
1775 1024 2053 1080 revelatus

467 1133 556 1181 est
581 1124 764 1180 nobis.

1097 1256 1248 1313 CAP.
1304 1254 1418 1310 XV.

543 1373 708 1430 Omne
737 1371 1107 1442 quodcunque
1139 1369 1360 1424 unitum
1395 1366 1556 1423 alteri
1605 1367 1662 1422 in
1694 1379 1860 1421 unam
1888 1371 2053 1420 natu-

472 1483 546 1523 rae
572 1467 659 1522 vel
687 1473 744 1520 et
771 1462 1087 1536 hypostasis
1115 1462 1357 1516 viventis
1393 1459 1764 1515 substantiam
1786 1499 1802 1524 ,
1838 1455 2054 1512 exsistit

473 1559 627 1629 juxta
660 1556 872 1626 aliquid
899 1568 1094 1609 eorum
1124 1552 1180 1606 in
1208 1551 1414 1623 quibus
1440 1559 1558 1606 erat
1597 1560 1724 1629 a_nte
1750 1547 2053 1612 unionem;

473 1669 640 1710 omne
673 1659 856 1706 autem
891 1648 1165 1706 exsistens
1185 1648 1344 1719 juxta
1367 1644 1577 1714 aliquid
1606 1619 1799 1699 eorum
1841 1641 1897 1695 in
1928 1639 2056 1711 qui-

474 1747 581 1801 bus
604 1752 747 1805 erat,
769 1742 855 1796 vel
883 1740 1084 1794 melius
1115 1738 1302 1808 seipse
1330 1735 1389 1789 ﬁt
1409 1737 1564 1806 juxta
1595 1733 1836 1804 idipsum
1862 1747 2061 1786 secun-

474 1839 603 1894 dum
639 1836 785 1906 quod
818 1833 1118 1889 exsistebat
1150 1831 1347 1886 horum
1373 1831 1428 1884 in
1457 1829 1659 1899 quibus
1685 1824 1931 1890 erat,‘vel
1965 1839 2061 1893 pe-

2115 649 2127 662 ’
2157 654 2272 722 ἰδίῳ
2299 652 2518 724 σώματι
2554 651 2664 706 ἀπὸ
2697 651 2802 722 γῆς
2846 647 3140 721 σαρκίνους
3177 643 3492 717 ὀφθαλμοὺς
3534 643 3740 698 ἔπλασε

2153 747 2251 802 καὶ
2280 744 2498 812 ἐζὼωσε
2523 745 2617 799 καὶ¹
2651 743 2937 815 ἐφώτισεν,
2971 742 3006 814 η
3030 741 3126 795 καὶ
3159 738 3274 811 ίδίῳ
3305 737 3519 811 σώματι
3548 737 3613 792 ἐκ
3637 738 3742 808 γῆς

2153 838 2424 908 ἀνέστησε
2441 835 2532 889 τὸν
2555 834 2869 908 ἄνθρωπον,
2896 833 2994 887 καὶ
3010 831 3110 904 τὴν
3134 831 3230 886 τοῦ
3248 831 3485 886 θανάτου
3507 829 3744 900 δύναμιν

2155 929 2512 1000 κατήρτησεν
2528 941 2543 956 ”
2569 927 2630 980 οὑ
2653 925 2764 996 γὰρ
2787 924 2934 996 ἄλλῳ
2949 923 3125 978 ταῦτα
3150 924 3395 994 ἐνεργεῖν
3422 920 3673 985 δυνατὸν,
3700 918 3741 974 ἃ

2155 1020 2292 1090 πρὸς
2312 1018 2540 1085 ἔνδειξιν
2557 1017 2658 1088 τῆς
2683 1018 2894 1082 οἰκείας
2912 1016 3238 1082 συνθέσεως,
3255 1015 3344 1070 διὰ
3365 1013 3570 1086 σαρκὸς
3583 1015 3741 1084 ἐνερ-

2154 1113 2270 1183 γῶν
2302 1113 2330 1167 ό
2360 1111 2493 1176 Θεὸς
2509 1113 2684 1181 Λόγος
2713 1109 2964 1182 ἐγνώσθη
2995 1111 3150 1182 ἡμῖν.

2649 1306 2656 1314 ,
2747 1246 3004 1303 ΚΕΦΔΛ.
3045 1249 3148 1303 IE'.

2227 1369 2346 1422 Πᾶν
2380 1365 2563 1422 ὁτιοῦν
2604 1365 2996 1436 συντιθέμενον
3030 1363 3207 1435 ἑτέρῳ
3238 1361 3322 1424 εἰς
3351 1359 3484 1432 μίαν
3521 1357 3742 1428 φύσεως

2157 1461 2191 1535 ἢ
2217 1461 2314 1517 καὶ
2343 1459 2701 1522 ὑποστάσεως
2733 1457 2918 1528 ζώσης
2961 1455 3249 1520 σύστασιν,
3282 1451 3568 1519 ἐξίσταται
3595 1448 3745 1504 κατά

2157 1572 2210 1608 τι
2240 1554 2350 1608 τῶν
2391 1555 2450 1607 ἐν
2483 1548 2570 1616 οἷς
2597 1548 2667 1624 ἦν
2700 1551 2809 1623 πρὸ
2852 1551 2954 1621 τῆς
3011 1548 3352 1610 συνθέσεωςθ
3390 1545 3504 1598 πᾶν
3542 1542 3602 1597 δὲ
3654 1541 3745 1607 ἐξ·

2162 1648 2455 1717 ιστάμενον
2490 1646 2635 1700 κατά
2662 1662 2718 1698 τι
2737 1647 2849 1698 τῶν
2871 1644 2932 1698 ἐν
2956 1637 3039 1706 οἷς
3067 1637 3159 1713 ἦν,
3187 1641 3220 1713 ἢ
3255 1641 3508 1711 κρεῖττον
3540 1634 3742 1690 ἑαυτοῦ

2159 1741 2376 1808 γίνεται
2416 1740 2537 1795 κατ’
2568 1741 2702 1794 αὑτὸ
2739 1741 2918 1793 ἐκεῖνο
2952 1737 3077 1792 καθ’
3107 1736 3136 1790 ὃ
3184 1735 3382 1804 ἐξέστη
3415 1731 3526 1786 τῶν
3571 1731 3631 1784 ἐν
3662 1723 3743 1791 οἷς

2159 1829 2249 1904 ἦν,
2278 1834 2311 1903 ἢ
2345 1835 2562 1906 χεῖρονο
2599 1833 2691 1886 τὸν
2716 1832 2775 1885 δὲ
2807 1830 2943 1885 Θεὸν
2967 1830 3139 1899 Λόγον
3175 1826 3507 1896 γεγενῆσθαι
3541 1821 3744 1877 ἑαυτοῦ

474 1933 594 2002 jus;
645 1931 820 1984 Deum
856 1937 1042 1982 autem
1081 1924 1322 1980 Verbum
1364 1921 1726 1991 semetipsum
1771 1917 2060 1974 meliorem

2170 1925 2504 1998 κρείττοναῆ
2536 1926 2780 1998 χείρονα,
2811 1925 2872 1979 οὑ
2911 1923 3070 1994 Θέμις
3106 1923 3284 1975 εἰπεῖν
3304 1936 3320 1951 ’
3346 1919 3450 1972 οὑκ
3483 1917 3596 1989 ἄρα
3619 1932 3747 1969 συν·

473 2029 681 2084 factum
709 2025 879 2081 fuisse
903 2065 918 2090 ,
944 2039 1057 2080 non
1095 2031 1246 2077 recte
1277 2019 1517 2084 dicitur;
1561 2031 1673 2071 non
1700 2029 1833 2084 ergo
1871 2012 2060 2068 unitus

473 2130 561 2178 est
598 2120 746 2175 Deus
782 2115 1027 2173 Verbum
1060 2120 1261 2168 nostrae
1283 2119 1517 2170 naturae,
1545 2107 1744 2162 melior
1781 2104 1868 2159 vel
1903 2103 2060 2173 pejor

475 2210 774 2280 semetipso
805 2223 917 2262 non
942 2210 1140 2260 factus.
1175 2202 1234 2258 Si
1262 2215 1397 2257 vero
1425 2199 1596 2255 fuerit
1635 2195 1849 2258 unitus,
1876 2193 1964 2247 vel
2003 2191 2061 2246 in

477 2304 682 2362 melius
714 2301 800 2358 vel
851 2300 910 2355 in
951 2297 1111 2370 pejus
1150 2294 1426 2367 profecit,
1469 2290 1618 2363 quod
1671 2298 1759 2344 est
1804 2287 2059 2357 impium.

480 2399 680 2456 Malum
723 2395 872 2452 enim
902 2409 1014 2448 non
1034 2391 1279 2448 admittit
1304 2397 1500 2443 natura
1531 2385 1740 2448 divina,
1770 2381 1867 2437 sed
1891 2381 2061 2436 etiam

479 2487 631 2543 omni
674 2499 1006 2556 quocunque
1041 2479 1260 2537 exsistit
1289 2477 1512 2542 melior,
1554 2490 1680 2531 cum
1718 2471 1790 2528 sit
1814 2470 2062 2526 omnium

479 2579 888 2653 perfectionum
934 2591 1169 2642 summa,
1199 2589 1306 2628 nec
1332 2571 1520 2641 aliquo
1545 2575 1724 2639 egeat.
1762 2565 1832 2620 At
1861 2565 1907 2619 si
1929 2577 2063 2617 vero

480 2672 691 2743 aliquid
712 2670 896 2726 Verbo
922 2668 1080 2754 unite
1099 2674 1225 2737 post
1248 2663 1531 2725 unionem,
1554 2660 1638 2714 vel
1658 2667 1784 2713 ante
1803 2656 2061 2710 unionem

482 2765 765 2822 diversum
787 2762 876 2817 vel
910 2747 1112 2816 melius
1136 2759 1331 2812 fuisset
1355 2769 1477 2820 ens,
1496 2751 1652 2807 brevi
1670 2751 1727 2804 in
1752 2750 1857 2802 hoc
1882 2747 2063 2816 ipsum

482 2857 794 2911 voluntaria
815 2870 914 2910 sua
939 2853 1073 2908 unio
1090 2849 1306 2906 meliori
1325 2846 1490 2902 modo
1516 2842 1927 2906 constituisset;
1952 2853 2064 2893 non

481 2948 631 3004 enim
665 2947 719 3002 in
749 2963 813 3002 ea
844 2947 1030 3017 pejore
1063 2943 1230 3000 modo
1255 2939 1529 3004 subsistit,
1561 2935 1837 3007 siquidem
1864 2948 2066 2988 secun-

483 3043 614 3097 dum
668 3039 1076 3110 beneplacitum
1121 3035 1297 3107 ipsius
1325 3033 1575 3089 omnium
1606 3042 1880 3084 consensu
1923 3025 2066 3080 facta

483 3131 589 3196 sit;
623 3129 830 3184 nullius
861 3128 1011 3183 enim
1048 3126 1116 3182 de
1145 3124 1430 3197 pejoribus
1455 3118 1845 3177 benevolentia
1870 3123 1976 3172 est.
2008 3113 2065 3169 Si

483 3237 617 3278 vero
649 3221 834 3276 omnia
882 3236 951 3275 ex
984 3219 1126 3290 ipso,
1161 3233 1261 3288 per
1315 3216 1498 3286 ipsum
1553 3221 1612 3269 et
1647 3211 1702 3266 in
1756 3211 1878 3279 ipso
1937 3214 2068 3261 sunt

484 3317 713 3387 ipseque
745 3315 818 3369 sit
844 3317 1024 3383 'super
1055 3284 1266 3376 omnia,
1298 3284 1427 3364 ante
1461 3323 1526 3363 ac
1560 3311 1687 3376 post
1720 3317 1877 3358 suam
1910 3284 2137 3370 unio‘c

483 3425 632 3474 nem,
661 3408 794 3479 quid
829 3406 982 3461 aliud
1024 3404 1314 3477 effingetur
1344 3403 1402 3456 in
1443 3415 1554 3471 quo
1596 3397 1777 3452 factus
1825 3393 1900 3448 sit
1941 3397 2068 3461 post

484 3503 746 3557 unionem
782 3500 980 3554 melior
1001 3498 1088 3554 vel
1118 3499 1272 3569 pejor
1299 3495 1389 3551 his
1417 3494 1471 3548 in
1506 3490 1710 3561 quibus
1736 3494 1897 3541 antea
1925 3483 2068 3538 exsi-

485 3595 713 3652 stebat?
753 3593 872 3648 Non
909 3591 1056 3646 enim
1086 3590 1283 3645 liceret
1317 3585 1482 3642 nobis
1516 3583 1583 3636 de
1611 3587 1811 3635 natura
1841 3573 2067 3630 unionis

486 3685 698 3749 testari,
713 3699 834 3739 eam
853 3699 976 3753 qua:
989 3682 1092 3737 sub
1106 3682 1221 3751 ipsa
1236 3685 1369 3734 sunt
1384 3681 1710 3732 convertere
1725 3670 1813 3726 vel
1830 3677 2064 3724 mutare.

486 3776 604 3831 Non
638 3785 824 3830 autem
874 3773 1035 3829 nobis
1090 3781 1303 3828 natura:
1354 3767 1537 3824 omnis
1590 3763 1816 3819 unionis
1863 3773 2066 3822 causae,

485 3865 844 3921 convertendi
897 3861 1259 3932 mulandique
1293 3859 1558 3913 virtutem
1593 3865 1892 3925 agnoscere
1931 3862 2067 3903 con-

486 3961 738 4015 cedetur.
790 3957 908 4013 Nisi
954 3956 1121 4027 igitur
1170 3953 1262 4008 hic
1295 3965 1398 4006 nos
1449 3943 1878 4018 impediveritis,
1930 3939 2067 3995 illud

487 4069 599 4108 non
635 4051 797 4106 aliter
825 4066 856 4104 a
897 4048 1058 4104 nobis
1092 4047 1174 4101 sic
1209 4052 1359 4100 esset
1406 4048 1597 4112 aperte
1649 4036 1807 4094 vobis
1843 4035 2071 4090 demon-

489 4143 801 4207 strandum,
834 4157 1000 4214 quam
1034 4155 1136 4194 vos
1163 4139 1221 4193 in
1247 4135 1457 4192 unione
1487 4141 1758 4198 mutante,
1811 4135 2070 4184 movente

490 4244 853 4307 vertenteque
889 4233 1171 4306 pr0priam
1205 4228 1711 4285 immutabilitatem
1744 4224 1920 4294 ipsius
1948 4234 2070 4276 ser-

490 4331 727 4397 vavisse,
747 4327 1116 4385 substantiam
1150 4321 1514 4378 terminorum
1544 4317 1720 4388 ipsius
1769 4331 1834 4370 ac
1871 4313 2073 4370 verbo-

492 4441 618 4480 rum
647 4421 863 4478 infinite
898 4432 1176 4490 supraque
1203 4430 1367 4470 omne
1394 4411 1630 4468 verbum
1656 4409 1808 4463 intus
1841 4419 2072 4460 manen-

493 4526 630 4581 tem,
656 4513 726 4569 ad
748 4513 1118 4584 quodcunque
1144 4507 1386 4562 alienum
1435 4518 1549 4558 non
1574 4507 1893 4557 exeuntem.
1929 4498 2073 4552 Vere

493 4624 627 4681 ergo
661 4615 718 4663 et
748 4607 854 4662 hoc
871 4609 1224 4676 argumento,
1256 4615 1292 4655 ο
1320 4593 1642 4661 miserrimi,
1683 4592 1895 4648 frustra
1925 4588 2073 4646 inni-

498 4700 700 4760 timiui.

1116 4975 1270 5032 CAP.
1315 4974 1457 5031 XVI.

572 5100 746 5158 Omne
773 5095 1146 5169 quodcunque
1182 5092 1344 5147 alteri
1378 5089 1630 5155 unitum,
1653 5088 1742 5142 vel
1791 5086 1906 5158 agit
1943 5084 2079 5141 illud

501 5197 592 5252 cui
643 5193 855 5258 unitur,
889 5198 951 5245 ut
995 5189 1178 5243 anima
1209 5200 1431 5256 corpus,
1484 5181 1571 5238 vel
1604 5181 1673 5236 ab
1726 5181 1822 5236 illo
1871 5179 2077 5252 agitur,

503 5297 570 5346 ut
601 5301 807 5353 corpus
840 5284 910 5338 ab
951 5281 1170 5345 anima,
1204 5279 1290 5333 vel
1345 5292 1448 5332 nec
1497 5275 1609 5346 agit
1642 5290 1747 5331 nec
1766 5274 1968 5346 agitur,
2020 5279 2083 5327 ut

466 5437 472 5444 .
503 5383 703 5440 domus
728 5385 942 5450 partes;
977 5388 1142 5430 omne
1175 5379 1362 5428 autem
1419 5373 1475 5426 in
1509 5371 1714 5425 unione
1746 5375 1952 5434 actum,
1992 5368 2080 5422 vel

505 5489 618 5530 non
648 5485 836 5546 agens,
862 5483 966 5524 nec
988 5475 1195 5531 actum,
1212 5463 1425 5520 ratione
1447 5463 1672 5518 omnino
1689 5461 2084 5530 intellectuque

503 5567 757 5629 orbatur,
789 5572 954 5635 prout
983 5573 1186 5630 corpus
1214 5558 1526 5628 domusque
1561 5565 1770 5627 partes.
1801 5554 1860 5610 Si
1913 5553 2083 5626 igitur

505 5661 656 5717 Deus
686 5657 927 5714 Verbum
960 5662 1164 5710 nostra?
1203 5661 1418 5708 natura:
1455 5653 1645 5706 unitus
1689 5657 1795 5716 est,
1829 5648 1917 5704 vel
1947 5646 2082 5719 agit,

507 5755 596 5811 vel
631 5753 836 5824 agitur,
867 5750 955 5805 vel
1007 5757 1269 5804 neutrum
1285 5758 1311 5813 ·;
1347 5748 1393 5802 si
1427 5745 1684 5816 equidem
1717 5743 1850 5814 agit,
1896 5751 2084 5799 nostra

511 5858 710 5906 natura
735 5845 949 5901 ratione
984 5842 1384 5911 intellectuque
1425 5839 1533 5894 erit
1563 5838 1776 5903 orbata,
1813 5836 1959 5907 quod
2000 5844 2088 5892 est

513 5940 764 6014 impium,
824 5937 1196 6006 surculusque
1250 5932 1365 5989 Arii
1421 5942 1584 6004 atque
1631 5929 1996 6002 Apollinarii;
2039 5931 2085 5987 si

2161 2017 2321 2088 ετέθη
2349 2019 2376 2072 ό
2405 2018 2541 2081 Θεὸς
2567 2018 2744 2087 Λόγος
2777 2015 2859 2086 τῷ
2889 2015 2950 2082 ἐξ
3011 2018 3044 2085 ἡ
3055 2013 3176 2085 μῶν
3229 2011 3526 2082 ἀνθρώπῳ,
3557 2007 3748 2079 κρείτ-

2160 2129 2269 2166 των
2300 2111 2332 2181 ἢ
2362 2111 2564 2183 χείρων
2589 2109 2788 2163 ἐαυτοῦ
2823 2109 2898 2181 μὴ
2927 2107 3242 2180 γενόμενος.
3276 2105 3342 2159 Εἰ
3371 2104 3427 2157 δὲ
3457 2100 3744 2171 συνετέθη,

2162 2203 2474 2278 προέκοψεν
2511 2203 2544 2275 ἢ
2584 2205 2682 2258 ἐπὶ
2715 2204 2777 2256 τὸ
2809 2203 3085 2274 κρεῖττον,
3104 2200 3140 2271 ἢ
3165 2199 3260 2253 ἐπὶ
3284 2197 3347 2250 τὸ
3367 2198 3575 2267 χεῖρον,
3605 2195 3748 2262 ὅπερ

2161 2295 2382 2358 ἀσεϐές.
2420 2293 2544 2348 Τῶν
2579 2293 2692 2365 γὰρ
2725 2291 2994 2365 χειρόνων
3045 2289 3278 2354 ἄδεκτος
3299 2289 3334 2359 ἡ
3365 2287 3491 2341 θεία
3540 2283 3748 2355 φύσιςο

2163 2389 2300 2443 ἀλλὰ
2332 2389 2436 2443 καὶ
2483 2387 2688 2452 παντὸς
2736 2383 3053 2441 οὑτινοσοῦν
3097 2383 3370 2455 κρείττων
3403 2379 3752 2448 καθέστηκεν

2163 2480 2304 2550 αὕτη
2351 2482 2586 2552 χορηγὸς
2619 2479 2946 2551 ὑπάρχουσα
2982 2477 3244 2531 ἁπάντων
3269 2474 3381 2528 τῶν
3415 2471 3626 2537 καλῶν,
3656 2472 3752 2525 καὶ¹

2168 2576 2242 2647 μὴ
2271 2576 2500 2646 δεομένη
2532 2574 2700 2637 τινός.
2743 2574 2892 2628 Ἀλλ’
2920 2573 2971 2625 εἰ
3021 2571 3124 2642 μέν
3169 2587 3224 2622 τι
3258 2564 3329 2640 ἦν
3360 2566 3456 2621 τοῦ
3489 2563 3751 2618 συνθέτου

2164 2671 2340 2738 Λόγου
2371 2669 2508 2740 μετὰ
2541 2668 2644 2739 τὴν
2679 2665 2956 2730 σύνθεσιν,
2987 2666 3021 2735 ἢ
3055 2663 3162 2735 πρὸ
3191 2662 3292 2732 τῆς
3316 2659 3626 2722 συνθέσεως
3656 2655 3752 2710 ἁλι-

2165 2758 2380 2830 λὸτριον
2423 2758 2456 2828 ἢ
2510 2759 2696 2828 μεῖζον
2742 2751 2906 2820 εῖναι,
2949 2755 3093 2825 τάχα
3145 2752 3213 2807 ἂν
3247 2753 3308 2806 ἐν
3341 2748 3538 2819 ἐκείνῳ
3587 2743 3755 2801 αὑτὸν

2164 2849 2434 2914 ἐξιστῶσα
2499 2851 2532 2920 ἡ
2584 2848 2810 2902 ἑκουσία
2885 2845 3134 2907 σύνθεσις
3211 2842 3380 2898 αὑτοῦ
3437 2838 3752 2908 κατέστησε

2166 2945 2532 3016 κρειττόνως*
2568 2942 2830 3013 χειρόνως
2861 2941 2971 3010 γὰρ
2998 2939 3098 2993 οὑκ
3142 2938 3290 2992 ἐστιν
3309 2953 3324 2965 ·
3361 2933 3598 3002 ἐπείπερ
3627 2930 3754 2984 κατ’

2167 3035 2416 3090 εὐδοκίαν
2459 3033 2628 3089 αὑτοῦ
2681 3032 2942 3101 γενέσθαι
2987 3028 3384 3101 ὡμολόγηταιο
3432 3023 3614 3086 οὐδεὶς
3639 3017 3755 3092 γὰρ

2166 3134 2278 3195 τοῖς
2325 3131 2572 3201 χείροσιν
2614 3127 2909 3183 ἐνευδοκεῖ.
2957 3127 3020 3180 Εἰ
3060 3124 3118 3178 δὲ
3149 3123 3331 3179 πάντα
3362 3121 3421 3187 ἐξ
3449 3115 3618 3175 αὑτοῦ
3655 3114 3758 3169 καὶ

2167 3226 2235 3280 δι’
2260 3224 2427 3280 αὑτοῦ
2455 3223 2554 3277 καὶ
2577 3223 2658 3285 εἰς
2688 3221 2855 3274 αὑτὸν
2883 3219 2979 3274 καὶ
3008 3216 3174 3280 αὑτός
3207 3216 3360 3268 ἐστιν
3387 3213 3418 3265 ό
3442 3211 3584 3280 ὑπὲρ
3613 3206 3757 3260 πάν-

2171 3337 2261 3385 τα,
2293 3319 2388 3372 καὶ
2423 3317 2533 3389 πρὸ
2566 3317 2664 3387 τῆς
2699 3314 3006 3377 συνθέσεως
3040 3310 3136 3366 καί¹
3186 3307 3328 3381 μετὰ
3367 3305 3470 3376 τὴν
3499 3301 3759 3357 σύνθεσιν

2173 3411 2359 3474 αὑτοῦ,
2400 3410 2453 3462 τί
2496 3409 2684 3479 ἕτερον
2744 3405 3193 3478 ἐπινοηθήσεται,
3244 3402 3304 3455 ὲν
3349 3391 3394 3468 ᾧ
3427 3397 3643 3466 γένοιτο
3686 3392 3759 3448 ἂν

2177 3505 2318 3576 μετὰ
2366 3502 2619 3558 σύνθεσιν
2666 3498 2998 3571 κρείττωνῆ
3029 3496 3229 3568 χείρων
3274 3492 3384 3546 τῶν
3431 3493 3490 3545 ἐν
3547 3483 3631 3551 οἷς
3685 3480 3762 3556 ἦν

2175 3575 2367 3668 άρώην
2401 3591 2900 3662 ἐξιστάμενοςςοῠ
2935 3589 3046 3660 γὰρ
3085 3588 3218 3658 ὑμῖν
3255 3585 3355 3656 μὲν
3401 3581 3523 3647 ἐξὸν
3566 3578 3636 3633 ἂν
3666 3575 3755 3646 εἴη

2177 3666 2476 3760 μαρτυρεῖν
2525 3688 2592 3756 τῇ
2626 3673 2816 3754 ἶρὺσει
2857 3683 2957 3752 τῆς
3000 3679 3332 3740 συνθέσεως,
3371 3674 3450 3737 ὼς
3498 3669 3611 3724 τῶν
3657 3666 3758 3721 ὑπ’

2174 3758 2689 3852 αὑτὴνῖτρεπτικήν
2736 3793 2799 3830 τε
2854 3775 2951 3829 καὶ
2982 3767 3351 3838 ἀλλοιωτικήν
3371 3781 3385 3796 ο
3418 3765 3554 3835 ἡμῖν
3578 3759 3638 3814 δὲ
3685 3758 3758 3829 τῇ

2176 3849 2338 3941 φύσει
2365 3849 2462 3924 τοῦ
2494 3870 2678 3942 πάσης
2705 3865 3016 3929 συνθέσεως
3044 3861 3244 3926 αἰτίου,
3274 3858 3338 3912 τὸ
3360 3856 3636 3930 ᾶτρεπτον
3661 3849 3763 3942 καὶ

2178 3940 2540 4019 ἀναλλοίωτον
2575 3940 2970 4028 ἐπιγινώσκειν
3016 3954 3077 4008 οὑ
3127 3946 3655 4021 συγχωρηθήσιται.
3689 3940 3760 3994 Εἰ

2180 4058 2278 4130 μὲν
2317 4051 2409 4110 οὑν
2434 4053 2630 4108 τούτου
2670 4051 2745 4125 μὴ
2772 4051 2893 4106 κατ’
2920 4046 3169 4114 ἐξουσίαν
3191 4044 3339 4116 ἡμᾶς
3364 4037 3628 4098 κωλύετε,
3655 4033 3765 4087 οὑκ

2177 4127 2355 4215 ἄλλως
2390 4148 2612 4221 ἔχοιμεν
2655 4145 2818 4201 τοῦτο
2863 4145 2992 4215 ὑμῖν
3030 4140 3208 4204 οὑτως
3249 4133 3510 4208 ἐμφανῶς
3553 4127 3765 4184 ἐπιδεί-

2177 4243 2434 4307 κνυσθαι,
2474 4243 2509 4313 ἢ
2537 4240 2686 4312 αὑτῷ
2715 4239 2851 4312 τῷδε
2870 4237 2950 4310 τῷ
2969 4237 3064 4292 καὶ
3091 4238 3159 4307 τῇ
3191 4233 3314 4290 καθ’
3345 4232 3492 4303 ὑμᾶς
3525 4227 3766 4281 ἀλλοιω-

2176 4339 2306 4408 τικῇ
2336 4353 2396 4390 τε
2439 4335 2532 4390 καὶ
2565 4332 2837 4404 ἐξιστώσῃ
2868 4331 2967 4386 καὶ
2994 4329 3277 4400 τρεποὺσῃ
3333 4321 3587 4379 συνθέσει
3620 4318 3767 4372 ὑπο-

2181 4430 2472 4503 βληθεῖσαν
2500 4428 2602 4499 τὴν
2631 4426 2842 4480 οἰκείαν
2883 4422 3153 4495 ἀτρεψίαν
3196 4414 3524 4488 διαφυλάξαι
3563 4408 3766 4475 αὑτοῦ,

2177 4501 2280 4596 τὴν
2323 4522 2517 4576 οὐσίαν
2563 4520 2676 4574 τῶν
2715 4519 2921 4588 ἐαυτῆς
2954 4517 3096 4589 ὅρων
3138 4513 3234 4568 καὶ
3270 4511 3448 4580 λόγων
3470 4501 3768 4576 ἁπεριορί-

2106 4647 2151 4703 D
2183 4595 2324 4681 στως
2356 4615 2454 4671 καὶ
2502 4614 2646 4686 ὑπὲρ
2686 4611 2848 4681 λόγον
2875 4610 3028 4674 ἐντὸς
3057 4608 3346 4680 μείνασαν,
3378 4601 3477 4657 καὶ
3506 4595 3770 4669 ἁνεξιτήέ

2179 4726 2287 4772 τως
2320 4705 2552 4779 ἔχουσαν
2582 4703 2722 4776 πρὸς
2753 4705 2862 4758 πᾶν
2895 4702 2958 4757 τδ
2997 4701 3171 4771 αὑτῆς
3209 4695 3513 4766 ἀλλότριον.
3547 4687 3770 4779 Οὐκοῦν

2178 4778 2399 4871 ἀληθῶς
2435 4796 2532 4852 καὶ
2577 4795 2756 4866 τούτῳ
2796 4793 2918 4848 λίαν
2969 4789 3209 4863 ἀχρείως
3234 4780 3657 4859 προσερείδεσθε
3681 4778 3770 4849 τῷ

2179 4891 2600 4964 ἐπιχειρήματι,
2627 4885 2974 4943 ἀθλιώτατοι.

2777 5000 3030 5057 ΚΕΦΑΛ.
3073 4999 3194 5068 ις’.

2249 5104 2368 5158 Πᾶν
2424 5097 2607 5154 ὁτιοῦν
2626 5094 2798 5168 ἑτέρῳ
2829 5087 3273 5162 συντιθέμενονῆ
3305 5085 3430 5156 ἄγει
3454 5083 3518 5139 τὸ
3550 5075 3596 5152 ᾧ
3632 5096 3772 5136 συν-

2180 5193 2416 5256 τίθεται,
2453 5189 2644 5261 ὣσπερ
2674 5188 2708 5260 ἡ
2737 5184 2884 5256 ψυχὴ
2915 5183 2978 5237 τὸ
3007 5182 3169 5252 σῶμα
3190 5195 3206 5212 ο
3243 5179 3278 5251 ἢ
3320 5179 3514 5247 ἄγεται
3537 5174 3634 5228 ὑπ’
3662 5174 3772 5228 αὑ-

2181 5285 2298 5350 τοῦ,
2331 5283 2521 5355 ὥσπερ
2544 5281 2604 5335 τὸ
2647 5280 2810 5350 σῶμα
2839 5276 2945 5331 ὑπὸ
2973 5277 3075 5347 τῆς
3109 5271 3325 5344 ψυχῆςο
3369 5271 3403 5343 ἢ
3443 5268 3570 5324 οὔτε
3614 5269 3769 5336 ἄγει,

2182 5375 2307 5432 οὔτε
2340 5375 2555 5443 ἄγεται,
2595 5370 2786 5441 ὥσπερ
2821 5368 2892 5422 τὰ
2936 5366 3081 5438 μέρη
3107 5363 3207 5433 τῆς
3241 5361 3450 5425 οἰκίαςο
3478 5361 3588 5414 πᾶν
3616 5359 3676 5414 δὲ
3705 5358 3774 5412 τὸ

2185 5471 2242 5524 ἐν
2280 5466 2530 5522 συνθέσει
2557 5464 2850 5534 ἀγόμενον,
2873 5460 2908 5532 ἢ
2952 5459 3092 5530 μήτε
3116 5455 3271 5524 ἄγον,
3304 5456 3444 5526 μήτε
3471 5452 3770 5521 ἀγόμενον,

2185 5560 2346 5615 τοῦτο
2376 5559 2594 5621 πάντως
2636 5555 2832 5624 ἄλογόν
2867 5551 2927 5606 τέ
2963 5553 3082 5604 ἐστι
3131 5549 3227 5604 καὶ
3263 5546 3450 5612 ἄνουν,
3505 5543 3774 5614 καθάπερ

2186 5654 2247 5708 τὸ
2286 5654 2446 5724 σῶμα
2479 5651 2578 5706 καὶ
2625 5648 2697 5702 τὰ
2748 5647 2892 5722 μέρη
2941 5647 3044 5718 τῆς
3077 5644 3276 5708 οἰκίας.
3311 5644 3374 5697 Et
3419 5640 3606 5695 τοίνυν
3639 5655 3779 5692 συν.

2187 5745 2348 5817 ετέθη
2367 5747 2396 5799 ό
2416 5744 2551 5808 Θεὸς
2581 5743 2754 5812 Λόγος
2787 5739 2865 5812 τῷ
2892 5740 2953 5805 ἐξ
2981 5739 3146 5818 ἡμῶν
3179 5733 3476 5808 ἀνθρώπῳ,
3511 5733 3545 5804 ἢ
3575 5732 3704 5800 ἄγει
3735 5731 3792 5820 χ

2187 5841 2406 5910 ἄγεται,
2451 5837 2484 5910 ἦ
2529 5837 2650 5891 οὑδέ
2686 5835 2845 5890 τοῦτο
2885 5834 3233 5889 οὑδὲέκεῖνο·
3260 5831 3356 5884 καὶ
3389 5832 3437 5884 εἰ
3471 5828 3574 5900 μέν
3614 5827 3772 5895 ἄγει,

2188 5930 2342 5986 ἔσται
2394 5932 2421 5984 ό
2470 5928 2528 5997 ἐξ
2571 5927 2728 6001 ἡμῶν
2771 5925 3057 6000 ἄνθρωπος
3097 5926 3292 5994 ἄλογός
3348 5941 3408 5979 τε
3441 5923 3536 5980 καὶ
3580 5921 3771 5985 ἄνους,
