4032 6556
310 452 447 517 1461

1270 467 1669 529 ADVERSUS
1706 468 2257 531 NESTORIANOS.
2287 494 2360 505 ·-
2397 472 2546 532 LIB.
2590 473 2641 532 I.

3447 475 3586 541 1462

306 569 448 658 ᾇπερ
477 567 715 635 ἀσεϐὲς,
748 573 849 647 καὶ,
893 573 1183 649 βλάστημα
1220 579 1438 649 Ἀρείου
1494 595 1554 631 τε
1578 577 1681 633 ’ἱξαί
1722 579 1887 633 Ἀπο-

1994 595 2126 635 vero
2159 580 2362 652 agitur,
2403 583 2616 638 recidat
2649 599 2715 639 ex
2760 584 2865 642 hoc
2916 584 3261 658 blasphemia
3309 585 3366 641 in
3412 596 3581 658 caput

303 656 586 732 λιναρίου·
642 665 691 717 εἰ
750 665 806 719 δὲ
860 668 1082 737 ἄγεται,
1139 671 1429 743 τετράφθω
1477 671 1547 743 τὸ,
1587 675 1653 727 ὲκ
1702 674 1895 728 τούτου

305 749 634 825 βλάσφημον
686 758 767 822 εἰς
810 761 1056 833 κεφαλὴν
1087 762 1199 817 τῶν
1249 765 1572 833 συγκεῖσθαι
1619 765 1895 834 λεγόντων

302 843 400 896 τὸν
446 846 580 900 Θεὸν
634 849 809 918 Λόγον
846 852 926 924 τῷ
962 853 1023 919 ἐξ
1055 856 1213 926 ἡμῶν
1247 855 1544 928 ἀνθρώπῳ.
1589 859 1653 911 Εἰ
1682 856 1739 912 δὲ
1770 858 1893 913 οὐδὲ

304 935 433 1004 ἄγει
456 938 534 1003 ὡς
554 941 613 993 έν
648 942 922 1013 συνθέσει,
956 948 1044 1001 διὰ
1076 948 1138 1001 τὸ
1169 948 1245 1021 μὴ
1280 950 1474 1019 ἄλογον
1499 946 1642 1005 εἶναι
1666 951 1758 1005 τὸν
1784 955 1895 1007 Κυ-

310 1032 503 1100 ριακὸν
555 1033 875 1105 ἄνθρωπονθ
927 1039 1062 1111 μηδὲ
1116 1040 1279 1095 πάλιν
1328 1042 1675 1111 ἄγεται,διά
1733 1044 1793 1097 τὸ
1829 1046 1893 1097 ὲκ

305 1119 503 1174 τούτου
541 1122 971 1201 ὡμολογημένον
1040 1129 1386 1202 βλάσφημον,
1437 1133 1560 1186 οὐδὲ
1616 1134 1726 1205 ἄρα
1770 1136 1894 1188 οὐδὲ

310 1210 574 1283 συνετέθη
605 1213 684 1285 τῷ
734 1215 794 1281 ἐξ
842 1219 1001 1289 ήμῶν
1052 1220 1499 1294 ἀνθρώπῳοπᾶν
1551 1224 1661 1296 γάρ
1715 1226 1894 1279 ὁτιοῦν

311 1306 701 1377 συντιθέμενον
729 1311 922 1383 ἑτέρῳ,
952 1313 986 1383 ἢ
1022 1314 1148 1383 ἄγει
1177 1315 1210 1386 ἢ
1239 1315 1434 1385 ἄγεται
1480 1317 1512 1387 ἦ
1558 1319 1681 1373 οὑδὲ
1734 1320 1895 1374 τοῦτο

305 1398 432 1452 οὐδὲ
457 1400 658 1467 ἐκεῖνο,
692 1402 879 1469 καθὼς
910 1407 1163 1478 εῖπομεν.

377 1490 777 1562 Θαυμάσαντες
831 1496 980 1562 ὅπως
1023 1498 1123 1559 τὰς
1156 1500 1375 1555 τοιάσδε
1420 1501 1531 1557 τῶν
1560 1503 1895 1572 ἀναγκαστι-

306 1583 423 1636 κῶν
449 1584 830 1658 συλλογισμῶν
879 1590 1140 1661 μεθόδους
1173 1594 1558 1666 ὲφευρίσκετε,
1593 1595 1892 1668 εὐξαίμεθα

308 1676 377 1728 ἂν
402 1675 505 1744 τῆς
538 1678 756 1732 τοιᾶσδε
801 1682 956 1752 ὑμῶν
983 1684 1257 1750 συνέσεως
1295 1686 1371 1759 μὴ
1410 1687 1602 1758 μαθεῖν
1646 1689 1745 1760 τὴν
1778 1689 1891 1742 δει⁴

306 1766 529 1837 νότητα.
579 1770 646 1823 Τί
685 1772 795 1843 γὰρ
835 1774 966 1845 ὑμῖν
1013 1777 1095 1839 εἰς
1123 1776 1394 1832 πίστωσιν
1422 1779 1519 1832 τοῦ
1552 1781 1629 1849 μὴ
1669 1785 1892 1850 συγχεῖς

309 1859 435 1912 σθαι
458 1860 552 1913 τὸν
585 1862 758 1932 Λόγον
791 1868 856 1937 τῇ
891 1868 1057 1939 σαρκί
1107 1868 1292 1939 ἔχουσι
1337 1870 1406 1925 τά
1454 1873 1723 1942 εἰρημένα
1765 1892 1892 1928 σκο-

307 1952 544 2021 πητέον·
580 1953 701 2019 ἐξὸν
757 1956 867 2030 γὰρ
915 1960 1066 2030 ἡμᾶς
1109 1961 1605 2035 ἀντιστρέψαντας,
1661 1968 1891 2033 τούναντ

305 2045 422 2098 τίον
446 2048 525 2109 εἰς
547 2045 714 2112 δεῖξιν
742 2049 842 2120 τῆς
865 2050 1191 2120 συνθέσεως,
1211 2057 1327 2119 τοῖς
1358 2057 1648 2135 ὑμετέροις
1671 2059 1890 2130 χρήσα-

308 2137 435 2191 σθαι
462 2139 693 2209 ῥήμασι,
724 2140 984 2209 λέγοντας
1013 2143 1216 2210 οὕτως·
1243 2148 1360 2201 Πᾶν
1387 2150 1565 2202 ὁτιοῦν
1608 2150 1684 2222 μὴ
1712 2169 1891 2205 συντι-

307 2227 535 2298 θέμενον
552 2231 796 2304 ὲτέρῳ,ἤ
822 2234 946 2303 ἄγει
965 2236 1026 2290 τὸ
1044 2230 1086 2305 ᾧ
1107 2238 1170 2290 οὗ
1200 2239 1506 2308 σύγκειται,
1528 2242 1719 2315 ὥσπερ
1743 2247 1771 2298 ό
1789 2245 1889 2298 κύ-

311 2321 506 2389 ϐερνος
528 2323 633 2394 τὴν
663 2324 818 2391 ναῦν,
855 2326 889 2397 ἢ
920 2326 1119 2395 ἄγεται
1146 2329 1239 2383 ὑπ’
1266 2330 1456 2395 αὑτοῦ,
1484 2331 1673 2404 ὥσπερ
1698 2336 1729 2404 ὴ
1759 2335 1890 2399 ναῦς

310 2413 418 2498 ὑπὸ
442 2413 534 2467 τοῦ
561 2416 861 2491 κυϐέρνου·
898 2420 932 2492 ἢ
965 2420 1090 2474 οὔτε
1122 2420 1246 2490 ἄγει
1282 2421 1406 2476 οὔτε
1452 2424 1668 2492 ἄγεται,
1699 2426 1888 2499 ὥσπερ

308 2504 372 2557 τὸ
410 2506 543 2560 Σινά
581 2508 708 2579 ὅρος
739 2510 845 2563 ὑπὸ
878 2511 979 2582 τῆς
1014 2512 1316 2583 θαλάσσης.
1352 2515 1469 2567 Πᾶν
1489 2515 1547 2567 δὲ
1576 2516 1641 2579 τὸ
1666 2518 1892 2571 ἀσυνθέ-

308 2614 417 2662 τως
444 2597 588 2670 ἔχον,
614 2603 710 2654 καὶ
740 2601 772 2672 ἢ
805 2603 1080 2674 ἀγόμενον
1131 2605 1381 2676 μόνον,·ἢ
1418 2608 1556 2678 μήτε
1586 2608 1718 2675 ἄγον
1751 2610 1891 2678 μήτε

311 2689 605 2761 ἀγόμενον,
636 2694 832 2762 ἄλογόν
860 2695 920 2747 τέ
953 2698 1069 2749 ἐστι
1102 2697 1199 2750 καί
1223 2698 1408 2761 ἄνουν,
1443 2698 1697 2772 καθάπερ
1725 2699 1793 2752 τὰ
1814 2702 1892 2754 εἰ·

313 2781 549 2851 ρημένα.
582 2782 645 2836 Εἰ
679 2784 861 2839 τοίνυν
886 2786 947 2839 οὐ
978 2786 1238 2857 συνετέθη
1269 2788 1298 2839 ὁ
1329 2786 1504 2855 Λόγος
1536 2787 1612 2857 τῷ
1650 2786 1708 2852 ἐξ
1732 2788 1892 2858 ἡμῶν

311 2874 607 2947 ἀνθρώπῳ,
642 2878 737 2929 καὶ
759 2877 923 2942 αὐτὸς
970 2878 1004 2948 ἦ
1050 2878 1175 2948 ἄγει
1204 2878 1237 2950 ἢ
1272 2878 1489 2947 ἄγεται,
1524 2879 1558 2950 ἢ
1589 2879 1893 2934 οὐδὲτοῦτο

310 2968 434 3021 οὐδὲ
465 2970 644 3023 ἐκεῖνο
668 2988 682 3003 ·
708 2971 805 3024 καί
834 2973 884 3024 εἰ
913 2973 1016 3043 μὲν
1052 2972 1200 3041 ἄγει,
1230 2972 1387 3026 ἔσται
1425 2975 1453 3026 ὁ
1489 2973 1549 3038 ἐξ
1592 2973 1753 3045 ἡμῶν
1793 2975 1890 3029 ἄν-

313 3058 533 3130 θρωπος
561 3060 757 3129 ἄλογός
782 3078 841 3115 τε
871 3062 965 3115 καὶ
996 3061 1192 3126 ἄνους’
1245 3064 1294 3116 εἰ
1336 3061 1396 3115 δὲ
1444 3061 1660 3131 ἄγεται,
1694 3061 1892 3133 τετρά-

312 3150 434 3221 φθω
475 3150 539 3205 τὸ
582 3150 904 3223 βλάσφημον
936 3154 1018 3217 εἰς
1059 3151 1303 3223 κεφαλὴν
1331 3151 1427 3205 τοῦ
1468 3151 1764 3221 δράκοντος
1791 3151 1889 3205 τοῦ

1998 687 2192 726 eorum
2250 674 2344 743 qui
2404 674 2583 743 ipsum
2618 685 3089 735 naturaimostrae
3135 679 3352 734 unitum
3410 678 3583 734 fuisse

1998 764 2212 819 dicunt.
2241 765 2297 820 Si
2322 776 2508 821 autem
2538 784 2642 823 nec
2672 770 2783 840 agit
2814 779 2977 840 prout
3006 771 3060 825 in
3086 771 3314 835 unione,
3342 787 3410 826 eo
3435 770 3582 840 quod

1999 857 2319 913 Dominieus
2366 858 2532 913 homo
2565 861 2784 914 ratione
2831 862 3017 916 orbari
3077 878 3188 916 non
3225 872 3444 933 potest,
3478 876 3584 917 nec

1999 951 2201 1006 iterum
2238 953 2421 1022 agitur
2461 960 2686 1023 propter
2723 954 3124 1025 blasphemiam
3162 971 3284 1025 qua:
3332 955 3583 1010 omnium

1998 1059 2271 1099 consensu
2330 1061 2397 1099 ex
2444 1046 2552 1099 hoc
2608 1047 3007 1117 consequitur,
3050 1062 3155 1101 nec
3190 1054 3324 1117 ergo
3375 1055 3584 1101 nostrae

1996 1146 2211 1190 naturae
2266 1139 2454 1192 unitus
2483 1147 2604 1205 est;
2643 1155 2805 1193 omne
2837 1139 2985 1193 enim
3018 1139 3390 1209 quodcunque
3421 1138 3582 1193 alteri

1998 1231 2237 1295 unitum,
2270 1232 2355 1286 vel
2401 1232 2532 1302 agit,
2566 1232 2651 1287 vel
2702 1232 2906 1303 agitur,
2940 1233 3025 1288 vel
3071 1241 3357 1299 neutrum,
3412 1239 3582 1302 prout

1998 1319 2260 1377 diximus.

2067 1502 2356 1571 Quomodo
2392 1503 2711 1575 hujusmodi
2744 1506 3071 1559 metnodum
3116 1502 3445 1558 instantium
3488 1517 3580 1556 ar-

1996 1605 2382 1669 gumentorum
2422 1580 2720 1653 inveniatis
2768 1597 3052 1661 mirantes,
3089 1596 3302 1650 hancce
3336 1592 3582 1649 solertiae

1993 1692 2192 1740 vestra:
2241 1687 2501 1741 astutiam
2556 1687 2701 1741 haud
2758 1686 2974 1742 discere
3020 1697 3366 1757 oplaremus.
3420 1684 3580 1752 Quod

1994 1780 2143 1835 enim
2180 1795 2208 1834 a
2261 1780 2422 1836 vobis
2463 1780 2672 1835 dictum
2707 1789 2793 1836 est
2835 1781 2903 1836 ad
2952 1780 3302 1851 probandum
3337 1779 3580 1848 Verbum

1994 1874 2144 1929 carni
2161 1889 2270 1928 non
2290 1874 2503 1929 unitum
2529 1875 2719 1939 fuisse,
2750 1874 3203 1945 perpendendum
3228 1881 3313 1929 est
3330 1874 3575 1940 anobis,

1992 1982 2231 2037 namque
2280 1968 2411 2023 licet
2461 1968 2622 2023 nobis
2669 1975 2996 2036 retorquere
3030 1967 3319 2022 adversam
3369 1981 3578 2036 propo-

1992 2060 2249 2115 sitionem
2277 2061 2343 2116 ad
2374 2062 2715 2131 probandam
2752 2062 3039 2129 unionem,
3072 2060 3260 2115 verbis
3286 2059 3578 2115 utentibus

1990 2150 2214 2214 vestris,
2281 2150 2471 2220 sicque
2506 2151 2729 2207 dicere:
2767 2152 2943 2207 Omne
2990 2151 3364 2222 quodcunque
3415 2151 3576 2205 alteri

1990 2257 2105 2297 non
2138 2242 2376 2310 unitum,
2418 2244 2503 2297 vel
2543 2244 2655 2314 agit
2691 2244 2825 2298 illud
2859 2245 2949 2298 cui
2987 2258 3098 2298 non
3134 2243 3354 2306 unitur,
3393 2252 3456 2297 ut
3476 2259 3577 2297 na-

1991 2353 2112 2393 vem
2144 2338 2501 2408 gubernator,
2534 2337 2620 2390 vel
2649 2337 2834 2406 agitur
2865 2336 2934 2391 ab
2961 2336 3078 2401 illo,
3112 2344 3173 2389 ut
3204 2335 3365 2389 navis
3395 2350 3426 2388 a
3472 2351 3576 2405 gu-

1991 2429 2307 2493 bernatore,
2344 2429 2430 2483 vel
2462 2443 2565 2483 nec
2599 2428 2710 2498 agit
2743 2443 2847 2483 nec
2877 2427 3080 2497 agitur,
3114 2433 3179 2480 ut
3208 2425 3359 2480 Sinai
3411 2441 3576 2480 mons

1993 2537 2025 2576 a
2058 2522 2219 2575 mari.
2258 2521 2431 2576 Omne
2466 2530 2649 2575 autem
2693 2535 2805 2574 non
2840 2518 3078 2582 unitum,
3117 2532 3182 2571 ac
3228 2517 3316 2570 vel
3366 2517 3576 2571 solum~

1992 2613 2157 2667 modo
2183 2623 2388 2677 actum,
2416 2612 2504 2666 vel
2532 2626 2634 2666 nec
2667 2626 2834 2685 agens
2865 2626 2967 2665 nec
2994 2621 3204 2674 actum,
3237 2608 3455 2663 ratione
3488 2606 3576 2661 in-

1994 2702 2329 2770 tellectuque
2363 2708 2533 2765 caret,
2592 2706 2760 2769 prout
2812 2697 3154 2768 supradicta.
3191 2696 3248 2751 Si
3281 2711 3414 2766 ergo
3464 2710 3575 2749 non

1993 2791 2210 2846 unitum
2250 2798 2336 2845 est
2366 2788 2612 2844 Verbum
2664 2796 2865 2843 nostrae
2922 2796 3157 2848 naturae,
3200 2786 3432 2856 ipseque
3487 2785 3577 2840 vel

1993 2882 2128 2953 agit,
2172 2882 2259 2936 vel
2309 2882 2511 2953 agitur,
2549 2881 2637 2935 vel
2671 2888 2968 2946 neutrum;
3022 2879 3068 2933 si
3121 2877 3233 2949 agit
3278 2876 3574 2946 equidem,

1992 2973 2101 3030 erit
2126 2972 2292 3027 homo
2321 2972 2535 3027 ratione
2561 2970 3039 3042 intelligentiaque
3067 2969 3333 3034 orbatus;
3368 2968 3412 3023 si
3443 2982 3577 3022 vero

1992 3064 2195 3134 agitur,
2248 3062 2457 3118 recidat
2487 3061 2832 3133 blasphemia
2873 3062 2927 3115 in
2963 3071 3130 3131 caput
3162 3061 3438 3131 serpentis
3468 3060 3576 3115 huc

1989 3153 2237 3225 jusmodi
2262 3154 2578 3224 impietales
2601 3153 2762 3209 vobis
2795 3154 3037 3223 primum
3071 3152 3451 3223 przedicantis.
3484 3152 3577 3208 Sic

310 3242 549 3312 πρώτως
576 3245 646 3299 τά
683 3245 913 3300 τοιαῦτα
960 3247 1088 3317 ὑμῖν
1134 3247 1506 3318 ὲνηχήσαντος
1542 3246 1888 3317 ἀσεϐήματα.

1996 3265 2128 3321 ergo
2159 3250 2454 3305 stultitiam
2504 3250 2779 3304 dictorum
2812 3254 3130 3302 vestrorum
3180 3246 3575 3317 intelligentes,

312 3338 572 3401 Συνέντες
606 3334 700 3392 οὖν
730 3339 839 3392 τῶν
861 3338 1035 3405 οὕτως
1054 3340 1368 3411 εἰρημένων
1402 3340 1532 3411 ὑμῖν
1552 3339 1615 3392 τὸ
1636 3338 1888 3411 ἀνόητον,

309 3433 358 3485 εἰ
413 3432 812 3488 ἑπαναλάὅοιτε
855 3434 1106 3501 ἑαυτοὺς,
1164 3435 1257 3489 καὶ
1308 3433 1419 3490 ἀπὸ
1472 3434 1576 3504 τῆς
1633 3432 1892 3505 δευτέρας

308 3523 467 3593 ὑμῶν
493 3524 839 3594 προτάσεως,
868 3526 971 3595 τῆς
1010 3528 1363 3598 κατασκευῆς
1401 3525 1591 3580 λοιπὸν
1621 3524 1887 3597 ἄρχοισθε

306 3615 401 3668 τοῦ
444 3617 823 3689 συλλογισμοῦ
878 3617 1022 3673 οὓτω
1071 3618 1328 3689 λέγοντες
1382 3619 1551 3682 ῐσωςο
1579 3619 1662 3672 ὅτι
1713 3621 1790 3672 Τὰ
1820 3619 1892 3672 ἐν

305 3709 595 3765 συνθέσει
653 3712 937 3781 ἀγόμενα,
999 3714 1192 3783 ἄλογα
1249 3714 1430 3782 ἴσμεν
1484 3712 1705 3777 πάντα,
1774 3713 1888 3782 οὐχ

304 3801 517 3869 ἁπλῶς
545 3803 644 3857 διὰ
685 3803 754 3858 τὸ
776 3804 1054 3874 ἄγεσθαι,
1084 3806 1245 3861 ἀλλὰ
1271 3805 1371 3860 διὰ
1400 3804 1468 3860 τὸ
1499 3805 1570 3859 ἐν
1596 3804 1888 3859 συνθέσει

306 3899 453 3955 ὄντα
477 3900 746 3971 ἄγεσθαι.
796 3899 1066 3972 Ἐροῦμεν
1102 3902 1198 3955 καὶ
1231 3901 1369 3972 πρὸς
1391 3899 1551 3954 τοῦτο
1575 3916 1588 3930 ο
1621 3895 1768 3970 Ἀρα
1797 3895 1890 3954 οῦν

304 3992 478 4047 ταῦτα
505 3992 594 4046 διὰ
621 3993 686 4046 τὸ
723 3995 783 4047 ὲν
816 3992 1062 4047 συνθέσει
1097 3992 1350 4061 ἄγεσθαι,
1377 3992 1413 4062 ἢ
1443 3991 1507 4045 τὸ
1548 3990 1737 4054 ἁπλῶς
1757 3992 1891 4060 ἄγε-

306 4087 456 4153 σθαι,
483 4086 655 4156 ἄλογα
683 4087 830 4150 ἴστες
855 4086 889 4156 ἢ
921 4086 1011 4139 διά
1034 4084 1097 4139 τὸ
1123 4088 1189 4157 τῇ
1228 4085 1391 4156 φύσει
1431 4083 1612 4138 αὐτῶν
1653 4085 1741 4138 ἀεὶ
1778 4102 1891 4137 τοι·

304 4176 445 4232 αῦτά
470 4194 593 4233 τινα
620 4174 794 4245 εἶναις
819 4176 939 4233 Κᾶν
972 4178 1081 4249 ἰδίᾳ
1106 4195 1167 4231 τε
1189 4175 1292 4232 κᾶν
1314 4178 1372 4230 ὲν
1396 4175 1641 4231 συνθέσει
1662 4176 1891 4247 λεγόμε-

302 4286 391 4338 να,
433 4270 529 4325 καὶ
556 4269 914 4341 θεωρούμενα
944 4271 1053 4341 εἴη.
1083 4269 1257 4339 ἄλογα
1278 4268 1660 4341 γνωριζόμενα
1690 4268 1795 4322 ὑπό
1830 4285 1889 4322 τε

302 4362 415 4417 τῶν
457 4363 841 4435 συγκειμένων
878 4362 975 4417 καὶ
1014 4361 1123 4416 τῶν
1157 4361 1232 4434 μὴ
1275 4362 1652 4435 συγκειμένων
1682 4360 1887 4427 αὐτοῖς,

307 4457 463 4528 ἰσχὺν
508 4455 567 4511 δὲ
611 4455 750 4520 ὅλως
798 4454 895 4511 τοῦ
937 4456 1094 4525 ἄγειν
1124 4455 1267 4510 αὑτά
1317 4456 1554 4527 ἐχόντων
1587 4455 1887 4527 φερόμενα.

186 4540 190 4545 ’
304 4550 380 4604 οὐ
411 4548 521 4621 γὰρ
552 4549 613 4602 τὸ
647 4548 814 4619 φύσει
841 4548 1064 4619 λογικὸν
1098 4550 1156 4604 ὲν
1184 4548 1434 4602 συνθέσει
1464 4549 1657 4618 ἄλογον
1692 4549 1890 4617 ἐσόμε-

1994 3341 2040 3395 si
2078 3341 2446 3410 vosmetipsos
2486 3338 2927 3409 reprehendatis,
2978 3347 3146 3409 atque
3196 3337 3267 3393 ob
3306 3339 3575 3407 reliquam

1993 3434 2378 3505 probationem
2423 3432 2679 3489 secunda:
2724 3440 2920 3488 vestrae
2966 3432 3363 3503 propositionis
3410 3447 3575 3501 argu-

1993 3536 2241 3583 mentum
2282 3526 2560 3597 ineipiatis
2593 3524 2675 3581 sic
2721 3525 2930 3595 pariter
2981 3524 3271 3580 dicentes:
3326 3524 3412 3579 Ea
3457 3540 3577 3593 qua:

1991 3621 2047 3674 in
2075 3621 2270 3673 unione
2303 3626 2427 3673 sunt
2478 3625 2631 3683 acta,
2676 3634 2774 3671 nos
2834 3620 3014 3671 omnia
3045 3618 3252 3671 ratione
3297 3618 3432 3670 scire
3481 3632 3576 3670 ca-

1993 3727 2129 3774 rere,
2162 3728 2268 3764 non
2306 3709 2621 3782 simpliciter
2664 3725 2723 3763 eo
2750 3708 2889 3779 quod
2928 3714 3054 3763 sunt
3104 3716 3246 3773 acta,
3293 3706 3385 3762 sed
3414 3706 3573 3777 quod,

1992 3823 2112 3861 cum
2137 3806 2192 3859 in
2217 3806 2413 3859 unione
2448 3812 2596 3870 sunt,
2621 3810 2876 3874 aguntur.
2906 3801 2988 3856 Ad
3020 3801 3127 3855 hoc
3177 3814 3401 3869 quoque
3431 3798 3574 3852 dici-

1992 3914 2152 3954 mus:
2206 3899 2291 3954 An
2328 3898 2496 3969 igitur
2527 3912 2595 3951 eo
2638 3895 2789 3966 quod
2831 3894 2933 3950 ista
2964 3894 3020 3947 in
3060 3892 3265 3947 unione
3310 3897 3572 3961 aguntur,

1989 3993 2077 4048 vel
2111 3991 2455 4062 simpliciter,
2489 3990 2704 4044 ratione
2732 4002 2924 4043 carere
2954 3984 3146 4041 scitis?
3174 3983 3263 4039 vel
3299 3982 3371 4037 ob
3407 3996 3577 4052 pecu-

1991 4087 2183 4142 liarem
2219 4086 2465 4155 ipsorum
2493 4091 2747 4139 naturam
2779 4079 3031 4151 quaedam
3062 4091 3283 4146 semper
3311 4075 3574 4145 hujusce-

1991 4178 2142 4233 modi
2168 4176 2329 4233 esse?
2358 4176 2512 4231 Licet
2544 4190 2674 4246 ergo
2702 4174 2759 4229 in
2791 4188 2890 4228 sua
2921 4177 3121 4226 natura
3156 4168 3244 4223 vel
3275 4168 3329 4221 in
3365 4164 3578 4219 unione

1992 4268 2250 4324 dicantur
2290 4275 2347 4323 et
2388 4274 2732 4337 spectentur,
2773 4264 2987 4319 ratione
3039 4276 3233 4316 carere
3270 4258 3583 4330 probantur

1992 4359 2061 4415 ab
2097 4359 2185 4414 his
2216 4373 2339 4429 quae
2387 4356 2494 4412 sibi
2529 4355 2800 4411 uniuntur
2851 4362 3017 4424 atque
3066 4352 3135 4407 ab
3188 4351 3277 4407 his
3311 4365 3433 4419 quae
3464 4364 3575 4403 non

1994 4451 2281 4514 uniuntur,
2312 4447 2615 4517 potentiam
2642 4445 3017 4501 omnimodam
3040 4443 3131 4498 illa
3154 4458 3281 4513 qua:
3320 4441 3577 4497 feruntur

1992 4540 2188 4609 agendi
2215 4539 2499 4594 habentia.
2530 4538 2749 4594 Etenim
2782 4537 2931 4608 quod
2963 4546 3168 4592 natura
3193 4533 3464 4589 rationale
3491 4541 3580 4588 est.

304 4659 395 4695 vov
443 4641 673 4706 δείξετε,
720 4642 755 4711 ἢ
802 4639 1147 4711 τοῦμπαλιν
1195 4640 1283 4695 διά
1326 4638 1425 4712 τὴν
1466 4639 1719 4694 σύνθεσιν
1750 4639 1883 4711 γὰρ,

1993 4630 2238 4685 futurum
2276 4644 2398 4685 esse
2423 4636 2485 4683 ut
2522 4628 2580 4682 in
2616 4628 2817 4682 unione
2855 4626 3071 4680 ratione
3116 4632 3303 4679 careat
3332 4637 3443 4677 non
3473 4621 3577 4676 de-

304 4735 458 4790 οὐδὲν
487 4728 655 4808 ἧττον
683 4732 902 4803 λογικόν
930 4736 1100 4787 ἐστιν.

375 4916 440 4969 Εἰ
488 4914 589 4987 μὲν
629 4911 725 4968 οὖν
771 4912 871 4984 οὐχ
918 4911 1094 4977 οὕτως
1144 4912 1322 4968 ταῦτα
1352 4909 1495 4966 εἶναι
1543 4910 1884 4977 συντίθεσθε,

303 5007 442 5063 ἀλλά
475 5006 565 5061 διά
596 5006 659 5061 τὸ
710 5008 770 5060 ὲν
802 5008 872 5077 τῇ
908 5004 1158 5060 συνθέσει
1194 5004 1451 5075 ἄγεσθαι,
1489 5003 1687 5073 ἄλογον
1725 5003 1885 5073 γενέ-

304 5099 427 5154 σθαι
460 5097 524 5152 τδ
554 5096 716 5169 σῶμα
753 5096 1023 5167 λογίζετε,
1065 5097 1192 5152 καθ’
1218 5096 1382 5151 ἑαυτὸ
1415 5094 1525 5169 ἄρα
1565 5095 1883 5166 γενόμενον,

301 5191 522 5262 λογικὸν
553 5190 672 5244 ι’στε
718 5187 997 5260 δηλονότιο
1034 5189 1097 5243 τὸ
1129 5188 1187 5241 δὲ
1219 5187 1513 5242 ἀσύνθετον
1542 5187 1680 5258 πρὸς
1706 5186 1887 5258 ψυχὴν

300 5286 591 5357 γινόμενον
644 5282 832 5355 σῶμα,
867 5286 924 5337 ὲν
957 5282 1015 5337 δὲ
1047 5285 1115 5355 τῇ
1145 5283 1282 5353 πρὸς
1329 5283 1429 5353 τὴν
1456 5280 1683 5352 λογικὴν
1706 5279 1886 5352 ψυχὴν

302 5379 550 5433 συνθέσει
614 5375 1060 5449 μεταλαμϐάνειν
1089 5376 1189 5448 τῆς
1242 5375 1469 5444 ἀλογίας
1521 5373 1721 5428 οἴεσθε.
1774 5372 1887 5427 Καὶ

298 5473 382 5535 τίς
415 5471 666 5538 ἀνέξεται
702 5470 805 5541 τῆς
838 5469 1098 5542 τοιαύτης
1127 5468 1352 5539 ἀλογίας
1367 5468 1476 5522 τῶν
1504 5465 1679 5522 ταῦτα
1701 5466 1885 5539 οἰομέι

301 5582 439 5630 νων;
478 5564 602 5618 Ἔτι
632 5563 690 5617 δὲ
720 5565 822 5635 τῆς
871 5562 1177 5626 συνθέσεως
1221 5560 1520 5632 γινομένης
1552 5559 1735 5624 αἰτίας
1784 5560 1886 5629 τῆς

300 5656 523 5726 ἀλογίας
554 5655 631 5727 τῷ
660 5655 898 5727 σώματι,
930 5655 979 5707 εἰ
1012 5654 1220 5723 ταύτην
1274 5653 1480 5725 κυρίως
1538 5652 1722 5706 αἰτίαν
1779 5651 1883 5722 τῆς

303 5749 529 5820 ἀλογίας
558 5748 911 5815 ὑποτίθεσθε,
949 5747 1046 5801 καὶ
1083 5746 1184 5819 τὴν
1210 5746 1391 5818 ψυχὴν
1430 5745 1637 5818 ὁμοίως
1662 5745 1883 5815 ἀλογεῖν

303 5841 558 5915 βιάσεσθε
593 5842 682 5907 ἄν,
714 5840 838 5896 ἔιπεί
873 5841 972 5895 καὶ
998 5840 1139 5912 αὐτὴ
1166 5841 1448 5912 συνετέθη.
1503 5840 1564 5894 Εἰ
1596 5838 1652 5893 δὲ
1674 5839 1881 5907 ἀλογεῖ,

301 5938 396 5991 xxi.
431 5936 574 6007 αὐτὴ
617 5935 816 6006 ἄγεται
838 5950 852 5966 ’
883 5936 933 5989 εἰ
979 5934 1036 5988 δὲ
1071 5935 1258 6007 ἄγοιτο
1306 5936 1361 5990 ἐν
1388 5936 1453 6006 τῇ
1490 5933 1761 6002 συνθέσει,
1789 5933 1884 5987 καὶ

1990 4721 2391 4786 monstrabitis,
2410 4721 2499 4776 vel
2525 4720 2647 4776 vice
2672 4734 2853 4786 versa,
2876 4725 3111 4789 propter
3127 4716 3277 4772 enim
3305 4714 3578 4771 unionem,
3606 4764 3611 4772 .

1988 4814 2128 4871 nihil
2159 4814 2343 4869 minus
2377 4813 2646 4869 rationale
2677 4821 2781 4868 est.

2058 4907 2115 4963 Si
2145 4914 2328 4963 autem
2369 4907 2541 4978 igitur
2593 4904 2743 4960 haud
2772 4904 2892 4960 htec
2927 4903 3004 4959 ita
3038 4917 3162 4958 esse
3193 4900 3563 4972 praetenditis,

1989 4998 2085 5054 sed
2131 5014 2200 5054 eo
2250 4996 2400 5068 quod
2448 4996 2505 5051 in
2564 4997 2774 5051 unione
2827 4994 3041 5065 agitur,
3099 5007 3298 5048 carens
3354 4991 3569 5046 ratione

1989 5104 2190 5159 corpus
2236 5087 2353 5143 fieri
2385 5086 2591 5151 dicitis,
2629 5101 2754 5141 cum
2787 5101 2921 5155 ergo
2951 5083 3099 5154 apud
3127 5098 3187 5140 se
3212 5082 3401 5149 fuerit,
3432 5082 3569 5138 illud

1988 5197 2111 5238 esse
2155 5181 2425 5237 rationale
2461 5179 2748 5235 evidenter
2780 5176 3148 5244 existimatis;
3201 5190 3406 5246 corpus
3434 5190 3569 5231 vero

1989 5290 2098 5329 non
2135 5272 2204 5329 ad
2229 5272 2471 5328 animam
2494 5272 2852 5343 conjunctum
2882 5268 3150 5325 exsistere
3185 5283 3368 5339 posse,
3401 5279 3567 5340 atque

1990 5367 2045 5421 in
2092 5368 2298 5422 unione
2342 5366 2409 5423 ad
2442 5366 2679 5421 animam
2724 5363 3055 5419 rationalem
3094 5361 3369 5417 rationem
3401 5362 3566 5416 amit-

1990 5469 2103 5516 tere
2142 5475 2303 5530 posse
2339 5458 2687 5515 existimatis.
2732 5455 2868 5524 Quis
2895 5470 3029 5527 ergo
3059 5454 3188 5510 talia
3217 5453 3566 5524 opinantium

1988 5557 2279 5615 stultitiam
2314 5555 2652 5613 sustinebit?
2680 5555 2794 5610 [mo
2822 5569 2948 5609 cum
2984 5552 3118 5608 unio
3145 5566 3310 5608 causa
3350 5550 3422 5605 sit
3466 5565 3571 5605 cur

1988 5654 2203 5709 ratione
2259 5662 2445 5708 careat
2499 5664 2721 5720 corpus,
2768 5648 2813 5704 si
2868 5647 3013 5703 hanc
3059 5646 3284 5717 proprie
3333 5644 3568 5700 rationis

1988 5747 2236 5805 absentis
2263 5761 2485 5803 causam
2532 5759 2656 5800 esse
2688 5742 3035 5813 supponatis,
3068 5740 3281 5812 pariter
3339 5752 3565 5808 quoque

1989 5837 2225 5894 animam
2257 5836 2467 5893 ratione
2496 5851 2689 5891 carere
2718 5832 3153 5897 contenderetis,
3200 5828 3476 5901 siquidem
3511 5836 3565 5880 et

1992 5933 2104 6005 ipsa
2145 5933 2217 5988 sit
2253 5931 2425 5987 unita.
2463 5929 2521 5985 Si
2555 5944 2689 5985 vero
2717 5928 2932 5984 ratione
2978 5935 3151 5992 caret,
3187 5926 3304 5997 ipsa
3342 5936 3577 5995 quoque.
