4032 6542
487 378 625 445 1463

1755 382 2065 446 LEONTII
2103 382 2512 446 ΒΥΖΑΝΤΙΝΙ

3613 383 3757 450 1464

482 495 705 566 agitur;
755 485 802 550 si
851 509 981 550 vero
1043 493 1223 564 agitur
1279 492 1334 547 in
1386 492 1614 557 unioue,
1685 493 1804 564 ipsa
1849 501 1982 548 tunc
2031 508 2063 547 a

2177 494 2304 566 ιύτὴ
2328 496 2420 549 ὑπ’
2444 495 2658 560 ούδενὸς
2698 495 2891 568 ἑτέρου
2917 497 2951 568 ἢ
2980 495 3087 552 ύπὸ
3113 497 3212 552 τοῦ
3253 496 3616 569 συγκειμένου
3648 500 3758 552 αὑ-

483 589 640 644 nullo
669 587 850 642 altero
877 585 965 640 vel
995 599 1026 638 a
1053 598 1287 653 corpore
1332 583 1440 639 sibi
1471 584 1631 640 unito
1664 593 1878 656 agetur.
1911 583 2068 639 Tunc

484 683 592 736 erit
647 695 679 735 a
731 679 895 734 vobis
943 676 1436 732 demonstrandum
1488 677 1830 732 contrarium
1875 691 2068 732 eorum

484 790 608 846 quas
650 773 887 844 probare
933 770 1274 842 cmperatis,
1329 769 1609 843 quomodo
1653 778 1883 825 econtra
1935 769 2069 824 unio

484 867 708 938 corpori
738 881 903 923 causa
941 865 1112 921 fuerit
1132 881 1236 922 cur
1261 863 1474 934 aliquid
1498 869 1646 934 agat,
1677 878 1776 919 seu
1803 863 2068 927 animam,

484 976 598 1016 non
623 967 807 1016 autem
840 968 1054 1031 agatur.
1083 957 1222 1014 Cum
1261 973 1394 1028 ergo
1422 957 1540 1012 haec
1588 956 1664 1011 ita
1694 956 1829 1023 sint,
1863 955 2070 1010 frustra

487 1052 805 1109 admittitur
824 1051 1031 1115 anima,
1048 1049 1321 1120 siquidem
1348 1035 1544 1105 natura
1573 1064 1672 1105 sua
1698 1057 1755 1104 et
1783 1048 1840 1103 in
1867 1049 2070 1104 unione

486 1161 554 1202 ac
586 1145 797 1216 absque
830 1147 1038 1200 unione
1081 1145 1153 1201 sit
1183 1144 1472 1201 evidenter
1502 1143 1809 1210 rationalis,
1841 1159 1951 1198 non
2002 1145 2072 1198 ab

489 1242 560 1299 iis
601 1259 726 1314 quae
756 1257 919 1314 agere
947 1241 1113 1297 debet
1145 1248 1287 1303 acta,
1319 1238 1415 1295 sed
1449 1253 1573 1309 qua!
1621 1238 1830 1293 scimus
1881 1252 2070 1307 agens.

489 1334 761 1404 Quodque
801 1347 1003 1404 corpus
1035 1343 1236 1386 natura
1270 1331 1486 1385 ratione
1518 1329 1904 1399 spiritualique
1936 1329 2071 1383 sub-

490 1423 696 1480 stantia
725 1431 911 1479 careat
939 1431 998 1478 et
1030 1423 1086 1477 in
1116 1422 1324 1476 unione
1357 1435 1422 1476 ac
1447 1420 1659 1490 absque
1692 1419 1918 1484 unione,
1947 1416 2073 1473 ideo

490 1522 675 1573 actum
713 1515 886 1586 magis
915 1528 1018 1570 nos
1043 1529 1177 1570 vero
1205 1529 1377 1584 agens
1414 1512 1554 1568 illud
1584 1512 1918 1580 noscimusa

561 1608 659 1666 liis
684 1623 818 1664 vero
852 1609 928 1664 ita
965 1605 1382 1672 demonstratis,
1415 1621 1528 1660 non
1559 1604 1820 1660 unionem
1848 1601 1945 1658 sed
1977 1616 2077 1657 na-

492 1709 672 1757 turam
722 1701 782 1756 in
824 1700 914 1755 bis
950 1714 1076 1770 quae
1119 1697 1335 1754 ratione
1393 1704 1586 1752 carent
1637 1697 1725 1752 vel
1783 1693 2074 1749 rationalia

492 1800 645 1858 sunt,
691 1806 793 1846 ϐυτ
820 1798 985 1862 agant
1028 1790 1115 1846 νει
1157 1804 1256 1844 ουτ
1293 1797 1529 1860 agantur
1553 1803 1674 1843 esse
1698 1801 1943 1851 causam,
1979 1799 2073 1839 ex-

2168 590 2235 658 τῇ
2270 589 2526 661 σώματος
2555 588 2878 662 ἀχθήσεται.
2909 591 3022 646 Καὶ
3069 589 3224 646 ἔσται
3257 592 3388 663 ὑμῖν
3416 591 3481 644 τὸ
3509 590 3758 644 ἐναντίον

2168 678 2569 746 ἀποδεικνύειν,
2620 672 2698 734 ὧν
2746 679 2986 752 ἧρξασθε
3046 680 3506 747 κατασκευάζειν,
3553 682 3629 745 ὠς
3679 681 3760 752 τῷ

2169 769 2388 841 σώματι
2419 771 2735 828 τούναντίον
2769 773 2804 843 ἡ
2835 772 3088 837 σύνθεσις
3129 771 3228 826 τοῦ
3274 773 3433 842 ἄγειν
3459 790 3537 839 τι,
3583 773 3760 844 ἡγουν

2169 859 2268 932 τὴν
2305 860 2507 933 ψυχὴν,
2537 864 2636 917 καὶ
2663 863 2728 918 ού
2759 862 2853 918 τοῦ
2885 863 3142 933 ἄγεσθαι,
3175 863 3376 935 γέγονε
3401 865 3576 919 αἰτία.
3607 865 3760 920 Οὐκ-

2168 951 2264 1006 οῦν
2287 954 2411 1007 επεὶ
2442 953 2621 1008 ταῦτα
2661 953 2855 1022 οὕτως,
2894 960 3128 1026 μάταιον
3179 957 3401 1028 φρονεῖν
3429 956 3530 1026 τὴν
3554 956 3758 1028 ψυχὴν,

2168 1047 2371 1118 δηλαδὴ
2398 1047 2478 1119 τῷ
2507 1048 2672 1118 φύσει
2725 1043 2868 1104 εἶναι
2915 1049 3147 1120 λογικὴν
3195 1048 3254 1104 ἐν
3276 1066 3335 1104 τε
3381 1051 3448 1121 τῇ
3505 1049 3762 1104 συνθέσει

2172 1139 2268 1192 καὶ
2299 1138 2428 1194 ἄνευ
2462 1140 2798 1204 συνθέσεως’
2826 1140 2929 1194 οὐκ
2961 1141 3242 1212 ἀγομένην
3286 1158 3348 1195 τε
3405 1142 3500 1195 ὑπ’
3529 1140 3761 1196 ἐκείνων

2171 1230 2206 1286 ἃ
2235 1231 2500 1300 πέφυκεν,
2546 1231 2734 1300 ἄγειν·
2779 1230 2897 1284 ἀλλ’
2926 1231 3168 1302 ἄγουσαν
3209 1232 3351 1288 αὐτὰ
3371 1233 3620 1304 οῖδαμεν.
3647 1233 3763 1287 Καὶ

2171 1322 2234 1376 τὸ
2265 1322 2423 1393 σῶμα
2450 1323 2508 1376 δὲ
2535 1322 2670 1377 διότι
2695 1322 2892 1392 ἄλογον
2915 1324 3060 1379 κατά
3097 1323 3264 1396 φύσιν
3283 1324 3378 1379 καὶ
3399 1323 3612 1395 ἄψυχόν
3641 1325 3763 1378 ἐστι

2172 1413 2232 1468 ἐν
2259 1431 2319 1468 τε
2353 1418 2420 1488 τῇ
2454 1415 2705 1471 συνθέσει
2757 1419 2857 1473 καὶ
2910 1419 3041 1474 ἄνευ
3104 1417 3429 1486 συνθέσεως,
3485 1419 3764 1490 ἀγόμενον

2177 1507 2380 1580 μᾶλλον
2406 1508 2501 1564 καὶ
2529 1508 2633 1564 οὐκ
2659 1510 2794 1579 ἄγον
2820 1509 3190 1582 γινώσκομεν.

2246 1598 2467 1654 Τούτων
2505 1600 2564 1655 δὲ
2614 1600 2791 1666 οὕτως
2821 1601 3172 1668 δεικνύντων,
3210 1602 3294 1658 ὃτι
3321 1603 3422 1674 οὐχ
3445 1603 3480 1674 ἡ
3509 1601 3765 1668 σύνθεσις

2174 1692 2288 1747 ἀλλ’
2323 1694 2357 1763 ή
2399 1693 2562 1762 φύσις
2612 1694 2674 1748 τό
2713 1711 2774 1748 τε
2823 1694 3018 1763 ἄλογον
3054 1694 3088 1764 ἢ
3123 1695 3344 1764 λογικὸν
3391 1690 3538 1750 εἶναί
3567 1713 3624 1750 τι
3668 1696 3762 1751 τοῦ

2177 1785 2333 1854 ἄγειν
2369 1788 2404 1860 ἦ
2439 1788 2675 1856 ἄγεσθαι
2701 1789 2837 1844 αὐτὸ
2877 1790 3053 1844 αῐτιόν
3081 1792 3251 1857 ἐστιν,
3283 1789 3606 1857 ἐξεταστέον
3632 1793 3765 1862 ἡμῖν

491 1885 828 1957 quirendum
857 1891 1114 1956 superest
1156 1883 1316 1938 nobis
1347 1899 1414 1937 ex
1449 1882 1592 1954 juris
1619 1879 1981 1945 abundantia,
2011 1894 2075 1932 an

2182 1877 2369 1933 λοιπὸν
2419 1880 2485 1933 ὲκ
2537 1880 2882 1952 περιουσίας,
2913 1882 3011 1937 καὶ
3037 1884 3087 1937 εί
3116 1882 3225 1937 τῶν
3251 1881 3492 1952 λογικῶν
3526 1884 3561 1952 ἡ
3602 1882 3766 1952 φύσις

490 1979 905 2036 rationabilium
959 1988 1160 2035 natura
1192 1979 1248 2033 in
1302 1976 1564 2032 omnibus
1611 1990 1796 2046 agere,
1836 1990 1868 2029 a
1917 1973 2076 2028 nullo

489 2086 626 2127 vero
659 2085 904 2141 unquam
943 2069 1030 2141 agi
1061 2069 1286 2132 debeat,
1338 2075 1400 2123 ut
1445 2059 1687 2123 sciamus
1717 2074 1902 2120 utrum
1947 2079 2077 2120 vere

491 2163 816 2220 Dominicus
841 2163 1032 2228 homo,
1061 2162 1339 2238 siquidem
1357 2177 1389 2216 a
1414 2160 1600 2216 Verbo
1631 2159 1833 2230 agitur,
1866 2158 2078 2228 absque

493 2256 781 2312 intellectu
818 2270 885 2310 ac
914 2255 1132 2310 ratione
1180 2254 1253 2309 sit
1300 2251 1794 2308 demonstrandus.
1847 2249 1903 2305 Si
1947 2263 2078 2320 ergo

493 2348 721 2418 quidem
759 2361 873 2401 non
896 2346 1079 2416 agitur
1104 2359 1210 2400 nec
1242 2344 1492 2408 omnino,
1534 2357 1640 2398 nec
1669 2342 1871 2417 servia
1903 2339 2080 2394 domi-

493 2439 603 2506 nis,
637 2453 743 2493 nec
773 2437 1024 2493 civitasa
1061 2435 1224 2498 duce,
1258 2450 1363 2490 nec
1399 2433 1603 2488 milites
1637 2433 1707 2487 ab
1744 2432 2078 2501 imperatore

494 2530 606 2586 acti
651 2537 784 2586 sunt
815 2529 904 2584 vel
937 2542 1178 2597 unquam
1215 2531 1484 2596 agentur;
1534 2524 1639 2579 etsi
1692 2523 1856 2577 etiam
1901 2535 2078 2590 usque

495 2622 564 2677 ad
594 2628 832 2675 mortem
869 2618 964 2674 illo
990 2617 1222 2690 iubente
1255 2607 1400 2670 trahi
1436 2614 1767 2680 videantur;
1807 2628 1911 2667 nec
1943 2625 2081 2682 quo-

495 2729 606 2786 que
628 2714 826 2769 anima:
848 2720 1188 2776 sanctorum,
1211 2724 1313 2764 nec
1341 2707 1544 2779 angeli,
1567 2721 1671 2762 nec
1700 2705 1951 2760 Virtutes
1976 2718 2080 2758 nec

494 2805 798 2878 quidquam
846 2803 1136 2859 beatorum
1171 2800 1430 2856 ordinum
1480 2797 1758 2854 exercitus
1805 2794 2080 2850 rationale

494 2897 582 2954 vel
613 2895 904 2968 spirituale
931 2895 986 2950 in
1015 2894 1126 2949 ullo
1155 2909 1186 2949 a
1217 2892 1332 2947 Deo
1363 2898 1642 2962 ageretur,
1679 2887 2080 2960 proutsagaci-

494 3000 580 3047 tas
605 2999 789 3046 vestra
820 2989 942 3045 vult
985 2989 1388 3044 demonstrare.
1438 2985 1532 3042 Vel
1579 2984 1795 3056 agitur,
1838 2991 2080 3052 tuncque

493 3081 724 3137 omnino
781 3080 998 3136 ratione
1051 3078 1283 3150 destitui
1334 3077 1764 3132 demonstratur.
1831 3074 2080 3144 Namque

495 3173 602 3229 hoc
621 3171 823 3228 dedisti
846 3181 1107 3242 tanquam
1130 3169 1407 3226 ratiocinii
1434 3177 1844 3242 argumentum,
1869 3167 2082 3224 scilicet

2178 1965 2333 2039 ἄγειν
2393 1973 2459 2045 δὴ
2505 1975 2649 2029 κατὰ
2703 1975 2885 2029 πάντα
2921 1975 3212 2046 -πέφυκεν,
3247 1975 3484 2046 ἄγεσθαι
3533 1977 3594 2030 δὲ
3641 1979 3763 2031 κατ’

2177 2064 2328 2118 οὐδὲν
2356 2064 2639 2130 οὐδέποτε,
2673 2066 2763 2122 ῖνα
2805 2067 3025 2138 γνῶμεν
3062 2069 3112 2120 εί
3150 2068 3343 2134 ὅντως,
3389 2068 3554 2142 εἴπερ
3577 2070 3764 2138 ἄγοιτο

2179 2157 2286 2212 ὑπὸ
2336 2156 2429 2212 τοῦ
2480 2159 2681 2228 Λόγου,
2717 2161 2746 2214 ὁ
2785 2160 3068 2232 Κυριακὸς
3113 2161 3421 2234 ἄνθρωπος,
3467 2163 3636 2226 ἄνους
3671 2165 3763 2216 καὶ

2176 2252 2369 2321 ἄλογος
2421 2252 2792 2324 δειχθήσεται.
2842 2255 2906 2309 Et
2943 2256 3044 2326 μὲν
3072 2251 3170 2310 οὖν
3230 2257 3333 2311 οὒκ
3387 2257 3590 2326 ἄγεται
3642 2257 3765 2312 οὐδὲ

2177 2344 2336 2410 ὅλως,
2382 2343 2507 2398 οὔτε
2553 2345 2888 2414 θεράποντες
2926 2347 3033 2401 ὑπὸ
3079 2347 3369 2415 δεσπότου,
3394 2351 3458 2402 οὐ
3487 2349 3648 2414 πόλις
3675 2349 3766 2403 ὑπ’

2179 2439 2464 2511 ἄρχοντος,
2497 2439 2598 2509 οὐχ
2643 2440 2865 2493 ὁπλῖται
2905 2441 3014 2495 ὑπὸ
3040 2439 3138 2494 τοῦ
3171 2441 3484 2514 στρατηγοῦ
3513 2442 3766 2512 meum

2179 2532 2214 2603 ἦ
2276 2531 2609 2603 ἀχθήσονται
2661 2531 2912 2586 πώποτε’
2946 2532 3129 2587 καίτοι
3171 2534 3271 2588 καὶ
3319 2533 3487 2604 μέχρι
3525 2533 3764 2588 θανάτου

2179 2623 2258 2693 τῷ
2286 2624 2500 2678 ἐκείνου
2549 2623 2781 2694 νεύματι
2816 2615 3212 2695 καθελκόμενοι
3237 2625 3475 2696 ὁρῶνται
3498 2641 3514 2656 ⁶
3552 2625 3681 2680 οὔτε
3711 2626 3766 2680 δὲ

2179 2715 2353 2787 ψυχαὶ
2391 2716 2553 2770 ὁσίων
2584 2715 2713 2771 οὔτε
2771 2716 2997 2786 ἄγγελοι
3030 2717 3156 2771 οὔτε
3180 2718 3454 2788 Δυνάμεις
3487 2720 3523 2790 η
3552 2737 3608 2772 τι
3633 2719 3765 2781 ὅλως

2179 2809 2280 2878 τῆς
2319 2807 2428 2867 τῶν
2463 2808 2826 2879 ἁγιοπρεπῶν
2875 2808 3088 2874 τάξεων
3149 2809 3434 2878 φάλαγγος
3483 2808 3766 2878 λογικὸνῆ

2181 2900 2367 2972 νοερὸν
2397 2899 2505 2955 ὑπὸ
2546 2899 2683 2954 Θεοῦ
2715 2901 2905 2970 ἄγοιτο
2945 2901 3013 2955 ἂν
3043 2901 3167 2955 κατ’
3195 2901 3373 2967 οὐδὲν,
3404 2901 3481 2967 ὡς
3513 2901 3767 2972 βούλεται

2180 2992 2453 3048 δεικνύειν
2484 2992 2555 3047 τὰ
2587 2993 2689 3064 τῆς
2712 2994 2990 3064 ὑμετέρας
3024 2995 3332 3065 ἀγχινοίας.
3375 2995 3448 3048 Ἣ
3471 2994 3764 3066 ᾴγόμενον,

2181 3087 2379 3157 ἄλογον
2406 3088 2682 3142 δείκνυται
2733 3088 2936 3158 πάντη.
2969 3087 3257 3141 Δεδώκατε
3314 3086 3426 3159 γὰρ
3462 3087 3631 3140 τοῦτο
3657 3085 3764 3140 ὥσ-

2107 3221 2149 3278 c
2183 3198 2292 3252 περ
2328 3181 2636 3252 τεκμήριον
2668 3179 2915 3250 λογικοῦ,
2943 3181 3005 3234 τὸ
3029 3179 3116 3250 μὴ
3147 3179 3400 3250 ἄγεσθαι
3423 3179 3655 3247 ἁπλῶς,
3692 3180 3766 3250 μὴ

491 3265 805 3336 simpliciter
843 3281 948 3320 non
995 3265 1106 3336 agi,
1161 3278 1270 3318 non
1326 3262 1519 3318 addito
1563 3262 1712 3332 quod
1764 3261 2075 3316 addendum

2181 3275 2519 3347 προσθέντες
2565 3274 2795 3338 δεόντως
2852 3274 2917 3328 τὸ
2973 3273 3053 3344 μὴ
3092 3273 3248 3329 κατὰ
3273 3275 3477 3328 πάντα
3509 3274 3766 3339 ἀνεξου-

494 3366 651 3416 erat:
684 3369 798 3414 non‘
830 3359 888 3413 in
934 3358 1178 3412 omnibus
1219 3357 1514 3411 necessario
1551 3355 1660 3426 agi.
1710 3354 1802 3410 Sic
1851 3353 2075 3424 quidem

496 3449 618 3507 haec
671 3458 856 3506 vestra
910 3449 1164 3520 pulchra,
1228 3464 1264 3504 ο
1311 3447 1528 3520 optimi,
1586 3457 1930 3518 argumenta,
1978 3463 2077 3504 vos

496 3541 635 3600 risui
658 3541 748 3599 bis
775 3526 871 3613 qui
901 3554 1032 3598 vere
1055 3541 1460 3598 ratiocinantur
1487 3541 1728 3596 tradunt.

1113 3674 1265 3731 CAP.
1292 3674 1456 3732 XVII.

567 3806 725 3874 Quod
755 3815 954 3862 natura
992 3807 1339 3879 impassibile
1370 3820 1476 3872 est,
1506 3806 1756 3878 passibili
1791 3808 1939 3864 uniri
1961 3824 2074 3863 non

491 3907 676 3969 potest
700 3916 716 3964 ;
743 3914 867 3970 qua:
890 3900 1040 3955 enim
1073 3899 1132 3954 in
1161 3900 1424 3955 unionem
1453 3899 1644 3955 venire
1670 3899 1934 3955 videntur
1986 3900 2074 3954 vel

495 3991 834 4062 impassibilc
875 3992 1211 4064 participare
1257 3993 1528 4058 dicemus,
1555 3993 1643 4048 vel
1678 3992 1940 4064 passibile
1963 4007 2072 4046 non

494 4084 630 4154 pati,
657 4084 754 4140 sed
781 4084 956 4140 videri
985 4092 1199 4141 tantum
1225 4087 1652 4156 suspicaremur.
1700 4085 1759 4141 Si
1807 4100 1937 4155 ergo
1981 4101 2076 4139 na-

497 4183 622 4232 tura
654 4175 842 4231 divina
889 4177 946 4232 in
977 4178 1227 4248 patiente
1272 4193 1504 4248 corpore
1549 4186 1718 4243 esset,
1771 4178 1859 4232 vel
1909 4175 2077 4247 igitur

494 4283 601 4324 nec
631 4269 750 4340 ipsa
779 4268 1142 4341 impassibilis
1170 4271 1458 4334 remansit,
1512 4271 1600 4325 vel
1660 4285 1765 4325 nec
1790 4284 1920 4325 caro
1947 4283 2076 4325 vere

493 4361 601 4417 fuit
629 4377 810 4432 passa.
861 4362 1172 4418 Mirandum
1223 4369 1310 4418 est
1341 4363 1387 4418 si
1420 4361 1501 4417 sic
1540 4361 1860 4433 cogitemini
1905 4371 1965 4416 ut
1990 4361 2074 4415 lo-

493 4451 753 4522 quimini,
779 4467 814 4508 o
843 4453 1278 4525 sapientissimi;
1327 4467 1493 4508 nemo
1527 4453 1676 4508 enim
1733 4452 1867 4507 illud
1916 4451 2073 4517 dicit,

2177 3368 2328 3433 σίως
2367 3367 2638 3437 ἄγεσθαι.
2684 3367 2797 3422 Καὶ
2815 3366 2992 3422 ταῦτα
3034 3367 3137 3438 μὲν
3179 3367 3250 3425 τὰ
3283 3367 3476 3438 κομψὰ
3503 3366 3692 3438 ὑμῶν,
3720 3360 3766 3422 ὦ

2179 3460 2468 3532 βέλτιστοι,
2499 3461 2907 3533 ἐπιχειρήματα
2957 3460 3414 3533 συλλογιζόμενα,
3456 3461 3642 3526 οὕτως
3686 3463 3764 3526 εἰς

2176 3555 2388 3624 γέλωτα
2419 3553 2568 3622 ὑμᾶς
2605 3555 2720 3618 τοῖς
2750 3553 2921 3618 ὅντως
2953 3555 3196 3623 λογικοῖς
3223 3554 3570 3627 προτιθέασι.

2776 3689 3027 3745 ΚΕΦΑΛ.
3059 3692 3159 3746 lZ'.

2245 3828 2318 3881 Τὸ
2335 3827 2498 3898 φύσει
2521 3827 2756 3893 ἀπαθὲς,
2799 3827 3031 3898 παθητῷ
3059 3828 3387 3900 συγκεῖσθαι
3409 3830 3475 3885 ού
3500 3831 3761 3888 δύναται·

2176 3918 2286 3973 τῶν
2339 3921 2453 3990 γὰρ
2491 3921 2574 3984 είς
2623 3920 2687 3974 τὸ
2722 3919 2979 3975 σύνθετον
3017 3922 3270 3991 γίνεσθαι
3313 3925 3685 3994 φαινομένων,
3729 3926 3761 3996 ἢ

2177 4012 2362 4065 καὶτὸ
2388 4012 2602 4075 ἀπαθὲς
2657 4015 2952 4083 μετασχεῖν
2983 4014 3235 4085 λέξομεν,
3278 4016 3311 4087 ἦ
3359 4016 3501 4088 μηδὲ
3561 4017 3627 4072 τὺ
3663 4035 3762 4072 παι

2179 4103 2342 4173 θητδν
2374 4104 2730 4171 πεπονθέναι,
2775 4105 2917 4158 ἄλλά
2967 4105 3128 4178 μόνον
3159 4107 3342 4162 δοκεῖν
3366 4108 3758 4181 ὑπολάϐοιμεν.

2178 4197 2241 4252 Ei
2269 4193 2362 4251 οὖν
2395 4198 2518 4252 θεία
2563 4197 2727 4268 φύσις
2756 4195 2826 4271 ἦν
2869 4200 2928 4253 ὲν
2968 4198 3048 4271 τῷ
3089 4200 3360 4272 πάσχοντι
3394 4202 3636 4272 σώματι,
3659 4205 3761 4274 ἄρα

2177 4289 2210 4360 ἢ
2243 4291 2338 4344 καὶ
2370 4291 2508 4362 αὐτὴ
2540 4292 2642 4346 οὐκ
2687 4293 2909 4363 ἀπαθὴς
2958 4293 3295 4366 μεμένηκεν,
3333 4295 3368 4368 ἢ
3401 4296 3525 4350 οὐδὲ
3553 4299 3587 4368 ἡ
3628 4298 3760 4369 σὰρξ

2179 4379 2397 4450 ἀληθῶς
2463 4378 2726 4434 πέπονθε.
2783 4380 3112 4452 Θαυμαστὸν
3183 4383 3235 4435 εί
3263 4381 3440 4447 οὕτως
3509 4386 3757 4456 φρονεῖτε

2179 4468 2369 4539 ὥσπερ
2409 4468 2508 4522 καὶ
2551 4469 2784 4534 λαλεῖτε,
2829 4464 2874 4524 ὦ
2917 4471 3262 4540 σοφώτατον
3300 4473 3363 4527 ού
3413 4473 3525 4546 γὰρ
3567 4475 3633 4545 δή
3679 4491 3757 4538 τις

492 4552 599 4600 nec
619 4559 688 4600 ex
712 4545 941 4601 omnino
969 4546 1175 4612 stultis,
1207 4545 1423 4602 scilicet
1463 4560 1592 4601 cum
1635 4545 1852 4614 corpori
1882 4544 2075 4598 unitur

2177 4562 2333 4616 τοῦτό
2367 4579 2523 4634 φησι,
2546 4563 2668 4616 οὐδὲ
2691 4561 2798 4616 τῶν
2819 4563 2999 4634 πάντη
3017 4564 3267 4635 ἠλιθίων,
3289 4565 3365 4629 ὡς
3384 4544 3508 4620 ἐπεῖ
3540 4544 3758 4635 σύγκει·

493 4635 697 4704 anima,
718 4637 883 4692 simul
908 4653 1033 4692 cum
1058 4638 1154 4693 illo
1170 4638 1408 4702 concidi,
1433 4636 1676 4694 caleﬁeri
1701 4653 1764 4692 ac
1780 4637 2073 4701 viviﬁcari,

491 4724 623 4780 licet
646 4741 755 4781 non
785 4727 860 4782 sit
883 4727 1132 4797 ejusdem
1166 4729 1396 4798 apathiae
1428 4743 1493 4782 ac
1513 4727 1793 4793 divinitas,
1850 4727 1946 4783 sed
1997 4727 2079 4782 in-

493 4817 755 4874 distincte
800 4835 932 4891 erga
978 4819 1180 4875 divina:
1209 4831 1422 4875 natura:
1469 4821 1746 4891 aput/tiam
1792 4821 2073 4878 differens.

491 4905 613 4962 Non
647 4908 726 4964 ita
755 4918 979 4977 tamen;
1016 4925 1144 4964 cum
1188 4926 1300 4965 non
1344 4911 1461 4980 ipsa
1489 4911 1818 4967 concidatur
1849 4924 2079 4984 propter

493 4999 697 5068 ipsum,
747 5016 850 5057 nec
900 5017 1104 5073 corpus
1149 5003 1324 5073 ipsius
1375 5018 1506 5059 vere
1557 5004 1774 5061 concidi
1817 5007 1905 5061 vel
1933 5007 2076 5062 vivi-

494 5090 648 5146 ﬁcari
700 5095 998 5164 quisquam
1043 5094 1276 5150 diceret.
1319 5095 1518 5151 Anima
1561 5108 1748 5154 autem
1789 5101 2079 5169 passiones

495 5200 621 5255 quae
649 5184 730 5240 illi
758 5185 1066 5240 obveniunt
1091 5186 1253 5241 aliter
1279 5188 1598 5258 experitur;
1625 5206 1734 5247 non
1762 5192 1911 5247 enim
1941 5207 2077 5248 con-

493 5277 740 5334 cisuram
799 5279 886 5333 vel
911 5279 1245 5336 divisionem
1295 5281 1549 5348 membri,
1579 5283 1684 5339 etsi
1727 5283 1974 5340 dolorem
2019 5286 2076 5339 in

493 5372 604 5428 illis
633 5387 794 5443 passa
817 5383 903 5428 est
924 5374 1144 5430 .anima.
1182 5375 1290 5433 Sed
1331 5387 1460 5433 ante
1491 5378 1698 5443 omnia,
1733 5378 1869 5434 illud
1917 5381 2080 5436 vobis

494 5464 912 5532 denuntiamus,
957 5468 1192 5536 scilicet,
1243 5487 1370 5527 cum
1419 5487 1487 5527 eo
1521 5474 1669 5543 quod
1721 5473 2079 5544 impassibilis

492 5557 592 5620 sit,
630 5553 844 5615 natura;
875 5562 1124 5631 passibili
1147 5580 1257 5620 non
1289 5565 1438 5621 uniri
1467 5567 1640 5621 Deum
1665 5566 1906 5622 Verbum
1929 5567 2080 5624 ἀίων

493 5650 588 5716 tis,
615 5651 690 5707 ita
717 5662 778 5708 ut
806 5655 977 5712 nullis
1007 5657 1141 5727 ipsis
1178 5659 1561 5715 accidentibus
1589 5659 1945 5730 passionibus
1986 5661 2075 5716 di-

491 5744 700 5802 vinitas
726 5747 782 5803 in
815 5748 932 5820 ipsa
955 5749 1222 5809 derelicta
1245 5754 1534 5822 subsistat,
1560 5756 1710 5810 illam
1734 5757 1921 5827 potius
1945 5772 2076 5814 con-

496 5844 745 5897 temnere
785 5857 951 5913 quam
1002 5846 1328 5917 gloriﬁcare.
1367 5848 1422 5918 Si
1457 5849 1607 5906 enim
1646 5851 1793 5921 quod
1843 5867 1953 5906 non
2004 5852 2076 5909 sit

2179 4672 2268 4708 ται
2298 4654 2444 4726 ψυχὴ
2474 4653 2553 4725 τῷ
2579 4654 2798 4726 σώματι
2822 4695 2838 4721 ,
2884 4658 3104 4722 πάντως
3139 4659 3237 4713 καὶ
3274 4659 3636 4730 συντέμνεται
3669 4660 3757 4714 καὶ

2180 4745 2545 4799 συνθάλπεται
2585 4746 2682 4800 καὶ
2726 4746 3076 4818 συμψύχεται
3105 4764 3120 4777 ·
3172 4749 3353 4803 καίτοι
3391 4750 3454 4803 οὐ
3489 4750 3757 4820 τοσαύτην

2177 4837 2469 4892 ἀπάθειαν
2493 4839 2966 4911 μεμαρτυρημένη
3001 4841 3126 4895 ὅσον
3145 4840 3205 4895 τὸ
3238 4840 3404 4904 θεῖον,
3442 4842 3558 4895 ἀλλ’
3590 4845 3756 4910 ἀσυγ-

2178 4926 2382 4999 κρίτως
2422 4927 2561 4998 πρὸς
2597 4928 2658 4980 τὸ
2695 4929 2796 4999 τῆς
2846 4929 2996 4994 θείας
3045 4929 3260 4999 φύσεως
3305 4931 3536 4999 ἀπαθὲς
3569 4931 3755 5002 διαφέ-

2179 5033 2369 5086 ρουσα.
2394 5015 2470 5070 Ού
2510 5016 2694 5086 μέντοι
2714 5034 2728 5046 ·
2769 5019 2893 5070 ἐπεὶ
2927 5018 3004 5090 μὴ
3033 5021 3175 5091 αὐτὴ
3213 5021 3472 5092 τέμνεται
3495 5022 3586 5076 διὰ
3617 5024 3751 5088 τόδε,

2177 5107 2301 5161 οὐδὲ
2334 5107 2396 5161 τὸ
2423 5107 2631 5178 ταύτης
2661 5109 2823 5180 σῶμα
2847 5109 3066 5180 ἀληθῶς
3099 5113 3400 5182 τέμνεσθαι
3430 5114 3464 5185 ἢ
3488 5114 3754 5187 ψύχεσθαι

2179 5198 2324 5253 εἴποι
2349 5217 2434 5263 τις
2456 5199 2543 5254 ἄν.
2579 5199 2740 5270 Ψυχὴ
2767 5201 2824 5254 δὲ
2846 5200 2957 5255 τῶν
2998 5203 3081 5266 είς
3107 5204 3286 5257 ἐκεῖνο
3323 5207 3629 5276 γινομένων
3658 5226 3752 5261 πα-

2179 5291 2309 5353 θῶν,
2345 5291 2548 5360 ἑτέρως
2593 5293 3091 5364 ἀντιλαμϐάνεται·
3127 5297 3250 5350 οὐδὲ
3301 5299 3411 5369 γὰρ
3447 5300 3549 5370 τὴν
3588 5301 3752 5374 τομὴν

2179 5385 2211 5455 ἢ
2248 5384 2514 5456 διαίρεσιν
2547 5385 2641 5438 τοῦ
2670 5386 2923 5456 ὀργάνου,
2959 5388 3010 5442 εί
3035 5389 3131 5443 καὶ
3159 5389 3274 5462 τὴνζ
3293 5391 3486 5462 ὀδύνην
3516 5395 3613 5446 ἐπὶ
3641 5394 3752 5447 τούΔ

2177 5493 2291 5539 τοις
2317 5475 2588 5530 πέπονθεν
2622 5478 2656 5548 ἡ
2687 5477 2857 5550 ψυχή.
2900 5479 3046 5551 Πλὴν
3089 5481 3310 5536 πάντων
3339 5485 3544 5552 μᾶλλον
3584 5489 3752 5540 ἐκεῖνο

2177 5572 2308 5642 ύμῖν
2331 5589 2532 5642 φαμεν,
2557 5571 2632 5637 ὡς
2675 5573 2724 5625 εί
2747 5574 2837 5627 διὰ
2884 5573 2945 5627 τὸ
2979 5574 3139 5645 φύσει
3170 5575 3382 5641 ἀπαθὲς
3413 5578 3489 5649 μὴ
3518 5581 3752 5632 συντίθε-
3773 5633 3779 5649 ,

2180 5662 2304 5718 σθαι
2338 5667 2404 5736 τῇ
2448 5665 2664 5737 παθητῇ
2707 5666 2867 5740 φύσει
2904 5666 3093 5736 λέγετε
3132 5669 3226 5722 τὸν
3264 5647 3628 5740 ΘεὸννΛόγον,
3670 5647 3777 5724 ἴναί

2182 5760 2255 5830 μή
2278 5777 2330 5812 τι
2356 5758 2465 5813 τῶν
2494 5759 2901 5830 συμϐαινόντων
2927 5761 3064 5833 αὐτῇ
3095 5762 3286 5817 παθῶν
3317 5764 3676 5833 καταλειφθὲν
3697 5766 3750 5817 ἐν

2180 5856 2319 5926 αὐτῇ
2348 5853 2557 5925 ὑποστῇ
2604 5853 2665 5907 τὺ
2689 5852 2834 5919 θεῖον
2855 5897 2869 5922 ,
2904 5855 3107 5927 μᾶλλον
3141 5857 3276 5913 αὐτὸ
3300 5857 3664 5932 καθυϐρίζετε
3692 5859 3747 5913 ὲν
