3916 6582
68 434 103 498 1
118 436 263 500 469

1118 445 1510 508 ADVERSUS
1547 446 2094 529 NESTORIANOS.
2131 476 2203 488 -
2233 451 2378 512 LIB.
2407 452 2437 512 Ι

3289 457 3427 524 1470

68 565 197 616 ρον
228 546 503 619 σπέρμα
535 546 676 602 κατά
702 547 880 617 γένος,
917 549 1009 604 καὶ
1039 550 1219 622 ψυχὰς
1262 555 1508 625 ἑρπετῶν
1532 556 1739 622 ξωσῶν,

1867 560 2083 631 iamque
2145 563 2257 617 feni
2309 562 2572 618 facientes
2618 578 2806 620 semen
2836 566 2987 637 juxta
3021 582 3197 639 genus
3240 586 3427 635 suum,

52 641 193 694 καὶ
226 640 318 693 τά
352 639 535 693 λοιπά
557 656 571 670 °
603 638 776 704 οὕτως
799 641 905 695 ἔδει
967 642 1062 696 καὶ
1095 644 1190 698 νῦν
1240 646 1414 717 ἑτέρῳ
1448 647 1598 718 μέσῳ
1621 649 1745 719 Ξτὴν

60 731 518 802 δημιουργίαν
535 732 928 804 ἐπιτρέψαντα,
959 737 1033 805 μὴ
1066 736 1257 789 ἑαυτὸν
1285 738 1375 790 διά
1395 739 1495 808 τῆς
1518 740 1747 811 αὐτουρ-

65 826 243 890 γὶας
283 824 411 893 τῆς
456 823 813 894 ἀνθρωπίνης
849 827 1122 897 ποιήσεως
1152 827 1542 898 καθυϐρίζειν·
1568 830 1649 883 ἔτι
1688 832 1746 885 δὲ

81 915 262 985 μηδὲ
303 917 448 968 κατ’
499 916 683 970 εἰκόνα
715 917 855 970 ἰδίαν
882 920 977 971 καὶ
1009 920 1269 990 ὁμοίωσιν
1288 921 1477 976 τοῦτον
1504 940 1747 994 προαγα-

80 1009 269 1074 γεῖν,
312 1007 425 1060 καὶ
454 1008 548 1060 τὸν
583 1007 713 1062 ἴδιον
735 1010 1066 1080 χαρακτῆρα
1095 1012 1153 1065 ὲν
1181 1011 1262 1083 τῷ
1315 1013 1485 1083 χοῖκῷ
1516 1014 1747 1068 καταϐι-

82 1099 326 1163 ϐάζειν
368 1100 663 1170 φυράματι
685 1116 702 1133 ·
759 1100 840 1155 ἔτι
875 1101 934 1154 δὲ
972 1103 1209 1171 μάλιστα
1241 1104 1377 1174 μηδὲ
1414 1104 1592 1175 ψυχὴν
1641 1105 1748 1168 ζῶ-

89 1206 219 1242 σαν
261 1191 379 1244 καὶ
436 1190 613 1262 πνοὴν
670 1191 816 1263 ζωῆς
871 1192 952 1263 τῷ
1003 1194 1118 1264 ἰδίῳ
1166 1195 1524 1266 ὲμφυσήματι
1546 1196 1745 1251 ἐνιέναι

93 1282 305 1351 αὐτῷ,
345 1283 453 1335 καὶ
481 1282 773 1348 ὲνοικίζειν
804 1284 998 1338 ἑαυτὸν
1026 1285 1085 1350 ἐξ
1126 1287 1305 1357 ἀρχῆς
1334 1288 1412 1358 τῷ
1437 1288 1613 1359 πηλῷ,
1651 1289 1746 1342 καί

97 1374 332 1446 ὥσπερ
358 1375 666 1447 ἀρραϐῶνα
690 1377 791 1446 τῆς
822 1378 960 1447 πρὸς
996 1378 1160 1432 αὐτὸν
1224 1379 1532 1443 συνθέσεως
1579 1398 1747 1434 κατα-

103 1470 447 1525 ϐάλλεσθαι
480 1472 545 1525 ἐκ
582 1471 684 1541 τῆς
715 1471 924 1535 οἰκείας
947 1472 1164 1540 φύσεως
1189 1473 1325 1546 πρὸς
1358 1474 1460 1545 τὴν
1504 1474 1613 1527 ἀπὸ
1642 1476 1748 1545 γῆς

110 1565 326 1632 σάρκα
371 1580 387 1592 ’
428 1565 493 1618 οὐ
517 1564 626 1633 γάρ
644 1565 711 1635 δὴ
739 1564 830 1618 διά
861 1582 982 1618 τινα
1014 1565 1225 1619 οἰκείαν
1262 1566 1746 1637 εύεργεσίανωὺδὲ

111 1656 261 1708 τάδε
300 1656 634 1727 πέπραχεν·
687 1658 736 1710 εἰ
786 1658 843 1710 δὲ
892 1657 1085 1724 ταῦτα,
1120 1657 1318 1730 ἑτέραν
1372 1659 1470 1728 μὲν
1516 1658 1747 1728 δυνάμει

123 1748 383 1815 μείζονα
411 1744 481 1818 ἦν
519 1747 611 1801 τοῦ
631 1749 808 1801 ποιεῖν
827 1763 842 1778 ⁸
878 1748 939 1801 οὐ
969 1748 1077 1820 γάρ
1107 1748 1169 1820 δή
1193 1765 1246 1802 τι
1266 1748 1440 1811 οὕτως
1463 1747 1615 1811 Θείας
1648 1748 1749 1818 φύ-

126 1858 285 1905 σεως
322 1843 832 1914 χαρακτηριστικόν
892 1844 1065 1907 ἐστιν,
1125 1844 1201 1907 ὡς
1256 1844 1316 1897 τὸ
1358 1845 1466 1898 τῶν
1513 1844 1748 1912 λογικῶν

1854 654 2067 708 animas
2119 670 2342 724 quoque
2406 655 2711 708 viventium
2773 658 3056 726 reptilium
3087 668 3144 713 et
3194 670 3425 729 caetera;

1854 744 1935 800 sic
1975 761 2082 799 non
2117 744 2172 799 in
2204 746 2382 815 ipsum
2410 746 2478 800 ad
2513 747 2746 801 alterum
2803 749 3041 803 medium
3092 752 3430 807 creationem

1853 845 2267 892 convertentem
2302 846 2529 908 propter
2566 855 2705 908 opus
2733 856 2893 893 suum
2928 840 3153 897 factura:
3179 843 3432 898 humana:

1854 925 2291 980 redundaturum
2342 938 2463 980 erat
2511 926 2792 993 dedecus;
2844 945 2947 984 nec
2993 932 3158 985 etiam
3206 948 3330 986 eum
3362 933 3430 987 ad

1854 1017 2147 1087 imaginem
2205 1034 2360 1071 suam
2413 1034 2475 1072 ac
2521 1018 2942 1075 similitudinem
2991 1022 3143 1075 illum
3203 1023 3429 1087 faceret,

1856 1109 2311 1178 imprimeretque
2338 1110 2715 1165 characterem
2746 1126 2905 1165 suum
2938 1112 2993 1166 in
3048 1113 3221 1166 infimi
3256 1130 3433 1170 massa

1853 1200 1989 1266 luti;
2024 1215 2126 1255 nec
2148 1201 2201 1254 in
2224 1201 2417 1271 primis
2440 1217 2564 1255 cum
2595 1202 2831 1256 animam
2852 1204 3127 1259 viventem
3153 1206 3437 1276 spiritum-

1854 1307 1961 1361 que
1991 1291 2117 1346 vita:
2157 1308 2256 1346 suo
2309 1292 2491 1346 aﬂlatu
2532 1293 2587 1346 in
2648 1308 2776 1348 eum
2825 1294 3125 1364 inspiraret
3170 1311 3338 1365 seque
3367 1311 3435 1349 ex

1854 1383 2131 1453 principio
2162 1383 2279 1437 luto
2308 1383 2667 1447 immisceret,
2698 1385 2856 1453 quasi
2886 1385 3110 1440 unionis
3162 1385 3231 1439 ad
3280 1386 3436 1439 illum

1852 1491 1919 1531 ex
1968 1477 2189 1546 propria
2237 1486 2435 1531 natura
2468 1476 2535 1530 ad
2588 1493 2809 1533 carnem
2844 1494 2912 1533 ex
2964 1489 3107 1533 terra
3163 1487 3436 1548 sumptam

1854 1569 2224 1623 arrhabonem
2286 1568 2537 1635 tradens;
2571 1586 2679 1624 non
2728 1571 2874 1625 enim
2928 1579 3152 1641 propter
3197 1571 3438 1640 aliquem

1854 1676 2014 1715 suum
2044 1660 2393 1717 benefactum
2415 1679 2517 1718 nec
2548 1664 2675 1718 talia
2706 1664 3016 1734 huiusmodi
3046 1674 3304 1732 operatus
3332 1671 3435 1717 est.

1856 1752 1911 1808 Si
1937 1768 2071 1806 vero
2120 1754 2237 1808 hinc
2283 1754 2357 1807 ita
2410 1770 2469 1809 se
2508 1755 2767 1818 habeant,
2811 1755 2945 1809 alias
2979 1755 3199 1824 quidem
3234 1757 3439 1826 majora

1856 1852 1984 1896 sunt
2009 1844 2214 1897 virtute
2246 1858 2411 1912 quam
2433 1859 2633 1913 opere;
2669 1844 2820 1897 nulla
2848 1844 2996 1897 enim
3024 1844 3205 1898 estita
3241 1845 3439 1900 divina}

126 1934 304 1999 ζώων
339 1934 764 2007 δημιουργικὸν,
803 1935 925 1988 καθ’
955 1934 983 1987 ὃ
1008 1935 1224 1989 πάντων
1253 1934 1364 1989 τῶν
1394 1935 1632 1989 κτιστῶν
1656 1937 1752 1989 καὶ

1867 1945 2065 1989 naturae
2093 1944 2221 1990 nota
2244 1936 2577 2001 evidentior,
2608 1938 2751 1991 sicut
2783 1938 3041 1992 animalia
3062 1937 3273 1991 ratione
3296 1954 3439 2008 prte-

130 2026 364 2097 νοερῶν
390 2029 419 2080 ὁ
455 2026 615 2096 μόνος
650 2027 896 2097 Κτίστης
928 2026 1037 2081 τῶν
1065 2027 1274 2097 νοητῶν
1306 2046 1368 2081 τε
1396 2029 1489 2083 καὶ
1517 2028 1751 2098 λογικῶν

1867 2027 1968 2082 lita
2003 2044 2216 2093 creare,
2249 2044 2376 2083 cum
2418 2029 2487 2082 ab
2532 2030 2791 2084 omnibus
2824 2031 3210 2100 corporalibus
3239 2046 3301 2085 ac
3328 2031 3441 2102 spi-

135 2115 381 2169 πάντων
410 2116 787 2171 διαστέλλεται
806 2132 821 2147 °
858 2118 911 2170 τί
940 2118 1071 2188 ὑμῖν
1097 2119 1441 2189 ἀπεμφαίνον
1465 2120 1641 2186 ἔδοξεν
1670 2121 1753 2184 εἰς

136 2209 214 2263 τὰ
236 2206 349 2278 τῆς
381 2207 618 2273 κτίσεως
634 2206 728 2262 τοῦ
756 2208 1048 2280 ἀνθρώπου
1076 2210 1267 2281 μηδενὶ
1287 2210 1460 2282 ἑτέρῳ
1482 2212 1589 2265 τῶν
1621 2213 1752 2282 παρ’

141 2301 320 2355 αὐτὸν
361 2302 460 2355 καί¹
492 2302 582 2355 ὑπ’
614 2302 777 2356 αὑτὸν
812 2303 980 2366 ὅντως
1028 2302 1501 2375 ἐγχειρισάμενος,
1540 2304 1635 2358 καὶ
1659 2302 1754 2355 νῦν
1806 2318 1819 2329 ‘

143 2394 220 2449 τά
248 2397 351 2465 τῆς
374 2394 714 2458 ἀνακτίσεως
753 2394 918 2448 αὑτοῦ
953 2394 1335 2465 αύτουργικῶς
1361 2396 1521 2459 αὐτὸς
1553 2394 1752 2448 ὑπεδύ-

152 2503 333 2552 σατο;
371 2487 454 2540 ἔτι
479 2487 537 2541 δὲ
567 2488 621 2540 τί
664 2487 732 2542 ἂν
769 2487 977 2540 εἴποιτε
1019 2488 1300 2552 Μωῡσέως
1348 2488 1578 2557 ἄγγελον
1635 2504 1755 2542 συν-

154 2579 454 2649 οδοιπόρον
486 2579 581 2633 καὶ
616 2579 811 2650 ὁδηγὸν
853 2579 990 2651 πρὸς
1034 2578 1131 2650 τὴν
1156 2578 1261 2647 γῆν
1292 2580 1393 2649 τῆς
1423 2577 1757 2647 ἐπαγγελίας

158 2671 223 2736 ἐξ
247 2670 531 2740 Αἰγύπτου
587 2671 662 2741 μὴ
713 2670 1152 2741 κᾶταδεχομένου
1198 2671 1387 2724 λαϐεῖν
1418 2709 1433 2735 ,
1485 2670 1579 2723 τοῦ
1617 2669 1753 2723 Θεοῦ

157 2763 324 2817 τοῦτο
356 2763 736 2835 προτείνοντος
768 2763 919 2834 αύτῷ
938 2781 953 2830 ;
974 2762 1121 2815 Ἀλλ’
1147 2765 1196 2816 εί
1229 2764 1326 2833 μὲν
1355 2762 1516 2825 αὐτὸς
1544 2779 1757 2833 συμπο-

166 2855 339 2930 ρεύσῃ
368 2855 488 2924 μεθ’
518 2856 698 2926 ἡμῶν,
742 2856 1038 2927 φήσαντος,
1102 2854 1307 2908 ὲπείτοι
1332 2872 1396 2924 γε
1426 2854 1527 2908 οὐκ
1550 2854 1760 2923 ἀναϐησ-

166 2951 412 3021 σόμεθα·
472 2951 569 3005 καὶ
623 2952 721 3022 τῆς
768 2950 1110 3021 θεοπρεποῦς
1177 2948 1597 3021 φιλανθρωπίας
1653 2946 1758 3000 τοῦ

171 3038 384 3110 ἀγαθοῦ
411 3038 629 3094 πάντων
649 3039 879 3110 Κυρίου,
909 3040 1002 3092 καὶ
1029 3036 1191 3092 τοῦτο
1237 3038 1561 3106 διακονῆσαι
1618 3035 1761 3090 κατά

174 3131 278 3201 τὴν
303 3129 397 3185 τοῦ
435 3131 568 3185 ἰδίου
598 3130 930 3203 θεράποντος
957 3130 1236 3198 ἀπόφασιν
1275 3126 1722 3198 καταδεξαμένης
1742 3144 1758 3159 ο

1856 2118 2151 2172 ritualibus
2176 2118 2327 2172 solus
2356 2117 2585 2172 Creator
2616 2119 3067 2173 intellectualium
3108 2136 3171 2173 ac
3198 2120 3441 2175 rationa-

1854 2206 2047 2262 bilium
2072 2208 2448 2277 dignoseatur.
2473 2209 2614 2275 Quid
2640 2211 2798 2265 vobis
2818 2227 2927 2265 non
2959 2211 3259 2265 verisimile
3288 2211 3443 2266 vide-

1857 2308 1949 2353 tur
1979 2300 2035 2353 in
2086 2300 2328 2354 hominis
2379 2302 2658 2356 creatione
2710 2303 2754 2356 si
2807 2303 2943 2356 nulli
2998 2303 3155 2357 alteri
3189 2318 3355 2372 supra
3386 2309 3443 2357 et

1858 2391 2001 2446 infra
2028 2392 2181 2446 illum
2219 2391 2429 2459 favens,
2463 2409 2614 2448 nunc
2655 2394 3101 2449 reformationem
3150 2394 3298 2449 illius
3326 2395 3443 2463 ipse

1855 2485 2212 2554 susceperit?
2245 2484 2389 2551 Quid
2444 2485 2625 2539 adhuc
2656 2486 2936 2549 diceretis,
2978 2485 3160 2557 Moyse
3190 2486 3444 2556 angelum

1857 2578 2116 2631 comitem
2163 2577 2474 2645 ducemque
2499 2577 2713 2632 itineris
2741 2578 2806 2631 ad
2834 2586 3036 2632 terram
3062 2576 3447 2647 promissionis

1858 2684 1982 2722 cum
2010 2683 2077 2721 ex
2121 2667 2355 2738 Egypto
2379 2670 2555 2723 exiret
2595 2669 2751 2739 sequi
2798 2670 3043 2736 nolente,
3082 2671 3303 2740 quando
3342 2670 3449 2722 hoc

1858 2760 2240 2830 adjumentum
2289 2760 2395 2829 ipsi
2440 2760 2695 2819 mittebat
2721 2760 2908 2815 Deus?
2938 2759 3043 2815 Sed
3097 2761 3143 2815 si
3183 2761 3298 2831 ipse
3324 2760 3450 2829 qui-

1860 2853 1986 2908 dem
2011 2853 2300 2908 nobiscum
2331 2852 2720 2917 ambulaverit,
2754 2852 2872 2921 ipso
2890 2852 3054 2906 etiam
3080 2861 3446 2921 contestante,

1863 2962 2049 3001 nonne
2094 2945 2505 3002 ascendemus?
2540 2945 2771 3011 Quando
2804 2945 2989 3021 divina
3019 2945 3265 3000 Charitas
3316 2946 3451 3003 boni

1862 3037 2111 3092 omnium
2146 3038 2243 3091 Dei
2272 3037 2439 3091 etiam
2461 3037 2566 3092 hoc
2602 3037 2915 3091 ministrare
2944 3037 3121 3092 invito
3148 3053 3250 3092 suo
3286 3053 3451 3093 servo

1863 3129 2121 3201 dignatus
2154 3129 2339 3184 fuerit.
2374 3130 2511 3184 Cum
2552 3130 2755 3183 dixerit
2785 3129 3097 3199 pr0pheta:
3146 3128 3261 3183 Non
3290 3146 3453 3201 ange—

180 3225 310 3278 καὶὸ
330 3224 505 3294 φήσας
531 3223 588 3276 δὲ
611 3224 920 3294 προφήτηςο
940 3222 1062 3275 Οὐκ
1079 3221 1355 3291 ἄγγελος,
1376 3218 1513 3273 ἀλλ’
1533 3217 1714 3283 αὐτὸς
1730 3219 1763 3271 ό

1868 3221 1972 3285 lus,
2008 3222 2097 3276 sed
2122 3223 2235 3292 ipse
2259 3222 2513 3276 Dominus
2537 3222 2761 3277 salvavit
2787 3240 2878 3275 nos
2902 3223 2943 3253 “
2973 3240 2988 3289 ;
3033 3222 3309 3291 quomodo
3338 3238 3451 3277 non

179 3315 390 3383 Κύριος
417 3317 653 3369 ἔσωσεν
684 3313 864 3383 ἡμᾶς,
900 3313 1017 3377 πῶς
1047 3313 1108 3366 ού
1134 3311 1256 3365 καθ’
1289 3312 1433 3382 ὑμᾶς
1449 3310 1628 3363 ταῦτα
1657 3309 1757 3381 ἤδη

180 3407 442 3474 ἀπαξιοῦν
468 3409 796 3480 ἡγούμενος,
832 3408 926 3461 τὸν
987 3406 1154 3478 μηδὲν
1206 3406 1289 3467 εἰς
1345 3404 1557 3458 οἰκείαν
1602 3401 1765 3472 φύσιν

186 3501 508 3571 ὠνούμενον,
536 3502 637 3571 τὴν
696 3501 972 3572 ἡμετέραν
1033 3497 1306 3568 σωτηρίαν
1340 3494 1624 3551 δι’έαυτοῦ
1676 3495 1771 3548 ἀν-

199 3594 569 3666 επαισχύντως
595 3591 948 3666 ἐργάζεσθαι,
969 3591 1084 3646 ἀλλ’
1133 3592 1193 3645 οὐ
1229 3591 1379 3661 μέσῳ
1406 3590 1515 3642 τινὶ
1538 3587 1769 3657 διακόνῳ

192 3674 481 3757 κεχρῆῦθαι
508 3687 587 3749 εἰς
623 3686 722 3757 τὴν
755 3685 877 3738 καθ’
900 3685 1047 3755 ἡμᾶς
1073 3683 1203 3752 παρ’
1225 3680 1388 3735 αὑτοῦ
1420 3680 1765 3750 εὐεργεσίαν,

195 3779 270 3848 πῆ
299 3778 402 3833 τῶν
428 3777 627 3844 λογίων
655 3776 1055 3847 διεμαρτύρετο
1078 3777 1135 3842 ;ὁ
1158 3776 1267 3844 γὰρ
1294 3771 1562 3841 αἰσχύνης
1595 3788 1771 3823 κατα-

198 3871 465 3943 φρονήσας
486 3870 720 3924 θανάτου
750 3868 1011 3938 σταυροῦ,
1035 3866 1197 3930 αὐτὸς
1227 3860 1379 3927 οὗτος
1401 3860 1493 3935 ἦν,
1519 3863 1661 3916 κατὰ
1680 3864 1770 3914 τὸν

214 3964 521 4017 ’Δπόστολον
539 3961 629 4014 τὸν
660 3960 1022 4024 θεοδίδακτον,
1046 3959 1117 4012 ἐν
1140 3955 1347 4027 μορφῇ
1380 3955 1530 4011 Θεοῦ
1577 3954 1767 4023 ὑπάρ-

206 4071 324 4126 χων
344 4052 437 4107 καὶ
466 4052 684 4105 ἑαυτὸν
714 4055 813 4121 οὐχ
833 4050 920 4103 ἒτε
932 4065 1022 4119 ρον
1054 4047 1319 4111 κενώσας.

276 4145 332 4198 Εἰ
359 4144 413 4198 δὲ
464 4142 612 4196 ἔστιν
672 4143 816 4212 ὑμᾶς
871 4139 1113 4202 εὐσεϐῶς
1146 4137 1471 4201 ἀνοίξαντας
1528 4135 1601 4188 τά
1656 4128 1772 4188 ὦτα

209 4238 567 4308 ἀνοιγομένοις
583 4237 821 4307 χείλεσιν
847 4233 1196 4288 ὑποτίθεσθαι
1230 4232 1327 4285 καὶ
1391 4230 1598 4300 ἑτέρως
1626 4246 1680 4282 τι
1710 4228 1771 4281 τὸ

210 4331 622 4404 προσγενόμενον
680 4330 1029 4402 εὐεργέτημα
1058 4328 1215 4397 ἡμῖν,
1248 4324 1345 4379 καὶ
1372 4324 1452 4395 τῷ
1505 4320 1772 4405 Κύριακῷ

216 4422 491 4494 ἀνθρώπῳ,
518 4423 619 4476 οὐκ
645 4423 773 4477 ἀνευ
831 4420 933 4491 τῆς
969 4420 1106 4492 πρὸς
1134 4418 1226 4471 τὸν
1264 4417 1421 4485 λόγον
1468 4416 1772 4479 συνθέσεως

217 4516 387 4579 αὐτοῦ,
417 4517 516 4570 οὐκ
544 4514 776 4585 ἠδύνατο
830 4513 1124 4567 διαϐαίνειν
1171 4513 1251 4574 εἰς
1288 4511 1461 4581 ἡμᾶς,
1527 4510 1625 4563 σὺν
1652 4506 1771 4577 Θεῷ

217 4608 287 4681 τῷ
311 4609 514 4679 Σωτῆρι
551 4607 708 4679 ἡμῶν
755 4603 1239 4676 ἀποκρινούμεθα⁸
1272 4603 1367 4656 καὶ
1411 4601 1602 4673 χρείαν
1632 4596 1773 4653 εῖναι

220 4703 415 4766 πάντως
444 4702 708 4770 φήσομεν,
744 4700 840 4753 καὶ
886 4696 1202 4765 ἀναγκαίως
1247 4695 1506 4762 γενέσθαι
1535 4693 1623 4745 διὰ
1674 4692 1772 4761 τῆς

222 4794 345 4865 πρὸς
384 4792 543 4846 αὑτὸν
594 4789 900 4853 συνθέσεως
957 4789 1056 4859 τὴν
1112 4787 1391 4858 ἡμετέραν
1440 4785 1772 4839 ἀνανέωσινο

225 4884 392 4956 ὥσπερ
414 4885 523 4956 γὰρ
559 4882 614 4936 εἰ
639 4900 720 4946 τις
750 4881 814 4935 ἐκ
844 4898 986 4945 τινος
1021 4879 1306 4933 δακτυλίου
1353 4878 1626 4949 σφραγῖδα
1650 4880 1779 4930 ἀνα-

227 4978 589 5048 τυπωσάμενος
620 4977 677 5028 ὲν
708 4974 869 5044 φύσει
895 4972 1062 5041 ἁγνοῦ
1091 4969 1287 5040 κηροῦ,
1322 4969 1526 5040 ταύτην
1554 4969 1609 5022 δὲ
1640 4968 1778 5021 κατά

230 5068 321 5137 γῆς
336 5066 593 5121 πεσοῦσαν
621 5067 716 5120 καὶ
744 5065 890 5119 κόνει
918 5061 1404 5135 προσπλασοεῖσαν
1454 5060 1666 5125 λοιπὸν,
1730 5060 1779 5112 εἰ

238 5159 541 5230 θεασάμενος
564 5160 716 5231 εὖροι
746 5160 834 5212 διὰ
875 5158 968 5211 τὸν
1003 5154 1393 5227 ὲμπλασθέντα
1424 5153 1556 5225 χοῦν
1592 5154 1655 5206 ἐκ
1681 5153 1779 5224 τῆς

238 5252 328 5321 γῆς
348 5252 726 5322 ἀμαυρὼτατον
754 5249 858 5322 ἠδη
884 5248 1179 5319 γενόμενον
1205 5247 1302 5301 καὶ
1350 5244 1690 5317 ἀγνώριστον
1719 5243 1781 5297 τὸ

240 5344 435 5412 ἔναγχος
458 5343 665 5397 ἔνδοθὲν
687 5343 765 5412 τῷ
789 5340 947 5412 κηρῷ
963 5341 1260 5412 ἐκμαγεῖον
1291 5338 1386 5392 τοῦ
1434 5337 1784 5409 χαρακτῆρος

240 5434 323 5490 τοῦ
363 5434 663 5497 δακτυλίου,
696 5434 1021 5505 βουλόμενος
1070 5433 1128 5486 δὲ
1162 5432 1440 5503 τρανῶσαι
1479 5430 1644 5483 πάλιν
1694 5429 1789 5482 καὶ

245 5524 622 5596 ἀνανεῶσαιτὴν
656 5525 848 5596 πρώην
869 5524 1214 5579 τυπωθεῖσαν
1239 5522 1508 5594 σφραγῖδα
1532 5521 1634 5591 τὴν
1656 5536 1788 5589 συγ-

250 5616 579 5686 καλυφθεῖσαν
597 5616 690 5669 ἐπὶ
726 5620 792 5688 τῇ
819 5615 1219 5687 συναναφύρσει
1250 5614 1345 5668 τοῦ
1379 5614 1501 5686 χοὸς
1525 5615 1594 5685 τῇ
1625 5629 1782 5682 γενο-

254 5711 368 5783 μένῃ
390 5708 521 5780 πρὸς
556 5707 746 5779 κηρὸν,
782 5708 873 5761 τὸν
924 5707 1212 5762 δακτύλιον
1245 5708 1411 5762 πάλιν
1444 5705 1630 5773 αὐτὸν,
1681 5705 1776 5775 ἀφ’

315 5887 347 5919 ¹¹
376 5887 471 5942 lsa.
500 5901 645 5953 mn,
675 5883 729 5941 9.
810 5885 851 5944 ‘8
882 5885 1121 5957 Philipp.
1154 5901 1213 5951 ιι,
1241 5884 1296 5941 7.

1806 4648 1849 4701 Ι)

1865 3313 2021 3382 juxta
2068 3326 2167 3365 vos
2220 3312 2336 3366 haec
2390 3311 2816 3389 dedignaturum
2855 3312 2966 3382 jam
3024 3311 3269 3375 duxisse,
3302 3312 3453 3365 hunc

1868 3419 1979 3458 non
2008 3404 2064 3458 in
2088 3419 2186 3459 sua
2214 3415 2411 3459 natura
2432 3404 2800 3474 redemptum,
2831 3414 3076 3459 nostram
3096 3405 3327 3458 salutem
3352 3420 3453 3474 per

1869 3494 2111 3563 seipsum
2151 3511 2255 3549 nec
2288 3495 2706 3549 erubescentem
2745 3496 2985 3564 operari,
3024 3495 3118 3548 sed
3152 3495 3305 3548 nullo
3337 3510 3455 3549 me-

1870 3585 2083 3641 diatore
2110 3585 2364 3640 ministro
2395 3602 2553 3639 usum
2577 3602 2698 3640 esse
2734 3587 2788 3639 in
2818 3586 3105 3640 henel'aeto
3132 3586 3274 3655 quod
3299 3587 3456 3656 juxta

1872 3697 1974 3736 nos
2014 3680 2081 3735 ad
2109 3682 2261 3734 illum
2290 3681 2509 3743 attinet,
2547 3682 2792 3751 quadam
2820 3682 3042 3736 oracula
3072 3692 3264 3737 testata
3294 3684 3455 3738 sunt?

1872 3772 2087 3826 Etenim
2138 3772 2533 3840 turpitudinem
2594 3774 2788 3826 mortis
2837 3773 3019 3827 crucis
3076 3785 3454 3840 contemnens,

1872 3859 1964 3913 hic
2008 3860 2125 3929 ipse
2175 3872 2295 3915 erat
2328 3862 2481 3931 juxta
2528 3861 2809 3916 doctorem
2841 3864 3164 3933 Apostolum
3198 3866 3254 3917 in
3283 3867 3456 3935 {arma

1872 3946 1971 4003 Dei
2001 3950 2334 4021 seipsumque
2366 3967 2476 4029 non
2493 3952 2728 4007 alterum
2759 3952 3082 4008 exinanieus
3110 3956 3176 4007 ".

1946 4132 2003 4189 Si
2060 4148 2161 4187 vos
2197 4132 2289 4203 pie
2349 4131 2417 4187 ad
2463 4132 2609 4187 labia
2668 4142 2860 4188 nostra
2911 4142 3101 4203 aperta
3138 4140 3354 4189 vestras
3404 4142 3460 4189 et

1874 4241 2040 4281 aures
2085 4226 2442 4296 aperueritis,
2494 4227 2660 4281 aliter
2712 4242 2933 4297 quoque
2982 4227 3461 4296 quaasieritiseur

1874 4318 2048 4389 gratia
2091 4318 2253 4373 nobis
2281 4334 2567 4383 concessa,
2608 4318 2935 4389 hominique
2990 4320 3299 4382 Dominieo,
3348 4334 3460 4374 non

1873 4411 1994 4466 sine
2029 4410 2205 4481 ipsius
2247 4411 2455 4465 unione
2492 4411 2561 4465 ad
2610 4410 2873 4477 Verbum,
2909 4412 3061 4465 nullo
3084 4410 3247 4464 modo
3277 4410 3332 4464 in
3360 4425 3462 4465 nos

1876 4506 2117 4562 transire
2144 4507 2409 4577 potuerit,
2436 4521 2562 4560 cum
2585 4506 2697 4560 Deo
2723 4513 2915 4561 nostro
2938 4505 3219 4560 Salvatore
3236 4521 3463 4574 respon-

1878 4598 2134 4654 debimus
2169 4616 2183 4652 :
2232 4597 2708 4653 Restaurationem
2743 4604 2988 4651 nostram
3016 4608 3072 4651 et
3100 4595 3461 4650 necessariam

1877 4692 2103 4746 omnino
2134 4706 2276 4754 esse,
2298 4690 2720 4757 necessarioque
2750 4687 2867 4743 ﬁeri
2895 4704 2995 4757 per
3030 4688 3288 4741 unionem
3312 4687 3378 4741 ad
3396 4687 3464 4741 il-

1876 4785 1990 4839 lum
2040 4782 2312 4837 dicemus.
2365 4779 2841 4847 Quemadmodum
2878 4779 3025 4833 enim
3053 4779 3096 4833 si
3122 4779 3247 4847 quis
3280 4778 3464 4847 aliquo

1878 4875 2082 4930 annulo
2117 4874 2356 4945 sigillum
2391 4873 2446 4926 in
2481 4887 2619 4941 pura
2674 4886 2803 4925 cera
2849 4870 3211 4940 impresserit,
3251 4869 3466 4937 hocque

1879 4964 1935 5018 in
1983 4972 2186 5018 terram
2251 4961 2453 5016 cadens
2502 4959 2702 5015 deinde
2758 4959 2983 5029 pulvere
3046 4957 3468 5027 superindutum

1879 5054 2080 5122 fuerit;
2105 5054 2150 5108 si
2169 5055 2280 5125 jam
2305 5053 2377 5108 ob
2411 5059 2787 5123 tegumentum
2835 5049 3045 5128 sordidi
3076 5048 3319 5120 pulveris
3373 5049 3472 5103 ob-

1880 5155 2154 5203 scuratam
2227 5162 2331 5201 nec
2369 5146 2482 5216 jam
2568 5142 2969 5214 agnoscendam
3026 5142 3168 5196 hanc
3217 5141 3273 5195 in
3329 5141 3472 5195 inte-

1881 5236 2031 5297 riore
2082 5257 2210 5297 cera
2257 5238 2679 5310 impressionem
2730 5236 2891 5308 sigilli
2938 5236 3130 5291 annuli
3158 5235 3471 5299 invenerit;

1895 5343 2028 5389 tunc
2069 5333 2261 5388 volens
2320 5344 2583 5401 apparere
2622 5328 2821 5383 iterum
2866 5325 3273 5393 restaurarique
3320 5323 3478 5393 prius

1892 5426 2041 5498 quod
2063 5426 2395 5497 impressum
2416 5424 2598 5478 fuerat
2623 5421 2886 5492 sigillum,
2909 5418 3005 5475 sed
3024 5418 3171 5489 quod
3194 5417 3475 5472 obtectum

1890 5518 1998 5575 fuit
2028 5527 2346 5590 legumento
2369 5513 2616 5588 pulveris
2639 5528 2777 5568 cera:
2801 5512 2996 5577 additi,
3032 5510 3297 5566 annulum
3328 5508 3476 5561 hunc

1890 5612 2097 5667 iterum
2150 5625 2262 5682 quo
2309 5610 2579 5680 impressa
2624 5605 2793 5660 fuerit
2830 5605 2985 5675 prior
3027 5603 3227 5672 imago,
3260 5601 3315 5655 in
3349 5614 3477 5653 cera

1881 5704 2206 5779 superponit
2240 5711 2297 5761 et
2318 5702 2696 5761 accommodat
2713 5700 3062 5769 validiusque
3087 5692 3263 5764 inﬁgit
3280 5690 3480 5747 iterum
