4032 6574
436 411 566 476 1471
1702 425 1998 487 LEONTII

2099 426 2454 488 YZANTlNI
2545 500 2550 506 ,
3545 427 3682 492 me

425 529 484 585 in
536 531 638 583 hac
665 543 790 584 cera
821 529 928 586 hoc
959 530 1220 602 sigillum,
1260 533 1544 600 nitidiore,
1574 535 1918 591 accuratiore
1937 511 1998 593 ac

2104 532 2168 591 οῦ
2193 537 2475 590 τετύπωτο
2495 535 2592 590 καὶ
2624 535 2871 609 πρὼηνή
2899 535 3084 602 εἰκὼν,
3111 536 3170 590 ἐν
3199 536 3276 608 τῷ
3313 537 3472 611 κηρῷ
3500 541 3679 605 ἐνθεὶς

425 619 755 689 perfectiore
803 621 1164 692 impressione
1198 624 1332 680 ferri
1357 626 1423 679 in‘
1459 641 1570 698 quo
1595 626 1811 697 signum
1839 629 1998 683 caela-

2107 629 2202 682 καὶ
2247 627 2491 696 συνάψας
2549 627 2908 698 σφοδρότερον
2955 628 3135 698 ἐνίησι
3179 629 3260 701 τῷ
3314 629 3463 701 αὐτῷ
3513 632 3681 685 πάλιν

426 717 537 774 tur,
566 720 732 781 atque
767 711 822 766 in
851 712 956 768 hac
984 714 1207 770 sordida
1228 731 1378 781 cera,
1407 732 1518 772 non
1550 718 1777 774 alterius
1811 719 1998 776 forma:

2104 714 2261 786 κηρῷ
2290 715 2380 768 τὸν
2409 715 2636 785 ἔναγχος
2666 715 2994 788 χαρακτῆρα
3025 715 3176 787 μετά
3210 717 3546 788 τρανοτέρας
3575 723 3681 790 τῆς

422 802 634 870 capaci,
676 804 830 873 prior
861 813 1043 860 tamen
1072 806 1250 861 forma
1303 823 1498 862 rursus
1530 807 1886 878 imprimitur.
1918 810 1999 867 Ita

421 909 645 964 quoque
692 896 838 951 Deus
889 907 1145 952 naturam
1197 898 1494 953 humanam
1540 899 1610 953 ad
1655 916 1810 954 suam
1859 902 1998 957 ima-

419 985 602 1056 ginem
633 995 896 1053 creatam,
927 989 1024 1044 sed
1052 1005 1175 1059 qua:
1198 991 1551 1047 terrestribus
1581 990 1746 1046 rebus
1772 991 2000 1047 obvolu-

423 1087 500 1142 ta,
547 1078 800 1150 imaginis
839 1080 1042 1136 divina:
1076 1082 1548 1151 pulchritudinem
1581 1082 1995 1147 obscuraverat,

420 1167 754 1223 studiosiore
776 1169 1190 1241 elIicacioreque
1224 1172 1397 1243 gratia
1420 1187 1520 1227 sua
1546 1173 1848 1228 secundum
1879 1172 1995 1242 pri-

421 1257 622 1317 stinam
672 1259 792 1329 ejus
835 1261 1306 1330 pulchritudinem
1341 1277 1463 1332 quae
1515 1271 1598 1316 est
1631 1261 1820 1317 divina
1849 1263 2002 1318 simi-

421 1349 621 1415 litudo,
645 1367 838 1408 rursus
869 1353 1205 1417 reformavit,
1231 1355 1480 1409 divinum
1505 1357 1679 1425 ipsius
1707 1356 2002 1411 indumen-

422 1447 539 1496 tum
583 1445 830 1498 terrestri
871 1452 1021 1501 veste
1074 1446 1450 1515 superindutis
1478 1447 1710 1510 donans,
1737 1447 2002 1517 spiritua-

418 1531 639 1603 lemque
691 1551 816 1591 cum
863 1536 984 1608 ipso
1036 1539 1299 1594 unionem
1347 1539 1404 1595 in
1465 1539 1552 1594 his
1589 1539 1686 1610 qui
1738 1539 1792 1594 in
1835 1555 2001 1595 carne

420 1625 616 1681 vivunt
656 1643 915 1698 operans.

2105 806 2462 877 παραθέσεως
2489 806 2587 860 καὶ
2618 804 3011 878 προσενὼσεως
3043 807 3140 862 καὶ
3170 807 3557 878 ὲμὸατεύσεως
3578 812 3682 879 τῆς

2101 895 2499 964 διαπλαπικῆς
2527 895 2742 966 φύσεως
2787 896 2882 950 τοῦ
2912 896 3131 968 σιδήρου
3184 897 3305 952 καθ’
3347 897 3406 952 ὃν
3437 899 3468 952 ό
3503 917 3683 970 χαρα-

2103 986 2244 1058 κτὴρ
2275 986 2540 1054 ἔγκειται,
2563 985 2658 1039 καὶ
2688 985 2952 1055 γεωθέντι
2981 985 3058 1058 τῷ
3106 987 3261 1058 κηρῷ
3291 988 3389 1041 καὶ
3449 989 3552 1042 οὐκ
3585 989 3683 1042 εὑ-

2101 1079 2428 1150 παραδέκτῳ
2449 1079 2719 1150 γινομένῳ
2743 1079 2843 1149 τῆς
2872 1079 3373 1150 μεταμορφώσεως,
3409 1081 3561 1152 ὅμως
3580 1082 3684 1153 τὴν

2103 1170 2375 1244 προτέραν
2427 1165 2581 1234 αὖθις
2623 1170 2839 1243 μορφὴν
2886 1170 3323 1226 διατυπώσεταιο
3374 1171 3520 1226 οῦτω
3585 1174 3684 1228 καὶ

2103 1264 2236 1328 Θεὸς
2260 1264 2358 1336 τὴν
2389 1262 2512 1317 κατ’
2563 1263 2749 1317 είκόνα
2807 1262 3004 1317 ἑαυτοῦ
3038 1264 3349 1318 κτισθεῖσαν
3394 1264 3685 1336 ἅνθρωπός

2102 1373 2262 1426 τητα,
2298 1356 2392 1409 καὶ
2434 1358 2498 1427 τῇ
2522 1355 2632 1410 τῶν
2657 1355 2864 1426 γηΐνων
2893 1356 3224 1427 περιπλοκῇ,
3269 1358 3332 1410 τὸ
3378 1357 3476 1427 τῆς
3529 1357 3684 1420 θείας

2104 1447 2314 1518 εἰκόνος
2343 1446 2540 1512 κάλλος
2567 1447 2999 1519 ἀμαυρώσασαν,
3032 1445 3122 1501 διὰ
3168 1447 3268 1518 τῆς
3293 1447 3491 1502 ἑαυτοῦ
3517 1449 3683 1502 πάλιν

2104 1537 2364 1602 ἐνδόσεως
2383 1539 2773 1610 ὲκτενεστέρας
2798 1539 2892 1592 καὶ
2922 1538 3366 1610 δραστικωτέρας
3428 1541 3568 1610 πρὸς
3619 1541 3684 1594 τδ

2105 1631 2334 1704 ἀρχαῖον
2359 1629 2531 1700 αὐτῆς
2560 1631 2656 1685 ἀπ’
2680 1630 2845 1686 αὑτοῦ
2864 1631 3085 1696 κάλλος,
3116 1632 3145 1685 ὅ
3174 1633 3368 1687 ὲστιτὸ
3394 1633 3495 1703 τῆς
3523 1632 3682 1697 θείας

417 1717 732 1788 ὁμοιώσεως
759 1720 1290 1794 ἀνετυπώσατο,τὴν
1317 1723 1504 1796 θεῖκὴν
1537 1725 1732 1778 ἑαυτοῦ
1794 1721 2165 1796 χαρισάμενος
2233 1722 2554 1794 συμπλοκὴν
2618 1723 2734 1786 τοῖς
2776 1725 2844 1794 τῇ
2913 1723 3076 1794 γηῖνῃ
3130 1723 3682 1795 προσπεπλασμένοις

419 1811 601 1884 στολῇ,
625 1816 722 1869 καὶ
747 1816 845 1888 τὴν
873 1816 1067 1872 ἕνωσιν
1098 1817 1264 1873 αὐτοῦ
1315 1818 1414 1890 τὴν
1459 1819 1834 1891 πνευματικὴν
1865 1820 1980 1882 τοῖς
2019 1818 2121 1888 τὴν
2149 1817 2421 1890 σαρκικὴν
2487 1817 2799 1890 σῦμφυρσιν
2864 1817 3128 1873 παθοῦσιν
3157 1819 3461 1892 ἐνεργήσας
3486 1837 3502 1852 '
3537 1831 3679 1875 παν-

415 1906 706 1979 τοδυνάμῳ
740 1909 851 1982 γάρ
880 1911 1202 1981 ἀγαθότητι,
1237 1912 1400 1978 αὐτὸς
1427 1915 1508 1978 είς
1536 1915 1731 1969 ἑαυτὸν
1756 1914 1886 1978 τοὺς
1913 1913 2168 1983 λογικοὺς
2188 1913 2217 1967 ό
2244 1912 2401 1983 λόγος
2433 1913 2828 1968 ἀνεκαλέσατο.

1025 2045 1178 2102 CAP.
1235 2047 1380 2104 XIX.

495 2155 702 2229 Corpus
733 2151 930 2216 anima}
965 2162 1338 2217 essentialiter
1383 2163 1622 2230 unitum,
1651 2163 1719 2219 ab
1768 2164 1886 2234 ipsa
1914 2162 1995 2216 vi-

417 2259 526 2306 tam
559 2251 1058 2324 sensibilitatemque
1088 2262 1398 2321 mutuatur;
1443 2271 1645 2325 corpus
1671 2263 1854 2310 autem
1887 2255 1996 2309 Do-

418 2339 553 2395 mini
591 2341 966 2396 essentialiter‘
1018 2342 1236 2396 unitum
1287 2345 1440 2415 juxta
1474 2361 1590 2408 vos,
1645 2346 1777 2416 quid
1811 2346 1995 2401 dicitis

417 2433 796 2503 acquisivisse,
851 2426 1250 2490 sensibilitatem
1293 2438 1383 2492 vel
1432 2439 1684 2493 motum?
1742 2438 1849 2494 Sed
1878 2439 1994 2494 haec

416 2541 488 2580 ex
539 2525 720 2580 anima
752 2526 936 2582 habet.
975 2527 1544 2598 lmpassibilitatemne
1569 2539 1733 2601 atque
1767 2531 1993 2585 immor-

419 2617 726 2673 talitatem?
769 2618 875 2675 Sed
928 2620 1032 2675 hoc
1063 2637 1130 2675 ex
1165 2622 1572 2678 resurrectione
1610 2624 1867 2679 habuisse
1896 2640 1994 2680 vos

417 2709 624 2775 dicitis,
658 2711 1120 2782 quemadmodum
1170 2729 1360 2769 omnes
1395 2715 1645 2770 homines
1678 2725 1806 2770 sunt
1835 2715 1992 2770 habi-

419 2802 550 2856 turi.
575 2799 804 2868 Quando
826 2802 991 2874 igitur
1013 2803 1322 2859 substantia
1346 2805 1438 2860 Dei
1464 2823 1572 2860 non
1600 2815 1753 2868 esset
1770 2806 1994 2861 inferior

418 2893 616 2947 animze
642 2893 965 2949 substantia:
992 2910 1117 2949 cum
1150 2911 1258 2950 una
1293 2891 1462 2950 multa
1489 2895 1567 2950 illi
1600 2897 1991 2962 communicet,

419 2984 734 3054 nulliusque
778 2985 851 3040 sit
896 2985 1065 3041 altera
1113 2995 1258 3042 nota:
1327 2988 1590 3043 melioris.
1619 2989 1815 3043 Annon
1860 3004 1993 3043 vero

420 3075 608 3132 dicitis
641 3078 760 3132 sine
800 3078 1010 3134 semine
1054 3078 1223 3134 fuisse
1251 3079 1585 3134 formatum?
1612 3081 1721 3136 Sed
1758 3081 1863 3137 hoc
1889 3081 1995 3136 fuit

421 3167 638 3239 signum
673 3169 898 3225 virtutis
943 3169 1184 3240 Spiritus
1232 3171 1428 3237 sancti,
1475 3187 1586 3226 non
1617 3172 1994 3228 substantialis

420 3257 645 3313 unionis
661 3257 825 3312 Verbi
851 3257 1246 3315 demonstratio
1272 3277 1286 3313 :
1315 3260 1612 3332 Antequam
1641 3263 1779 3315 enim
1812 3278 1996 3316 conve-

421 3348 620 3411 nirent,
633 3350 847 3402 inventa
870 3357 944 3402 est
967 3350 1020 3403 in
1039 3357 1188 3403 utero
1209 3348 1402 3404 habens
1418 3350 1481 3403 de
1497 3349 1698 3421 Spiritu
1722 3357 1905 3404 sancto
1928 3351 1989 3404 ¹³.

423 3437 531 3494 Sed
579 3439 828 3509 prodigia
878 3447 1044 3509 atque
1091 3440 1361 3496 virtutes?
1404 3440 1511 3497 Sed
1552 3449 1608 3496 et
1654 3441 1742 3497 his
1790 3443 1998 3513 majora

423 3529 678 3584 fecerunt
719 3529 977 3598 apostoli,
1025 3530 1179 3601 juxta
1214 3530 1388 3600 ipsius
1441 3531 1656 3586 Domini
1686 3531 1897 3585 dictum
1927 3531 1996 3586 ad

423 3618 592 3691 ipsos.
632 3618 739 3674 Sed
763 3619 1106 3689 dignitatem,
1135 3621 1564 3677 dominationem
1591 3629 1880 3694 n’omenque
1909 3641 2000 3678 su-

425 3728 519 3782 per
565 3728 718 3766 omne
755 3727 944 3765 nomen
970 3713 1033 3744 ¹⁸⁶
1074 3713 1152 3767 illi
1181 3713 1408 3768 datum?
1433 3713 1644 3785 Cuique
1673 3715 1779 3770 hoc
1810 3716 1999 3771 datum

423 3810 509 3858 est
551 3803 623 3857 ob
672 3802 1019 3858 essentialem
1064 3805 1325 3858 unionem
1382 3820 1507 3859 cum
1559 3805 1674 3860 Deo
1726 3805 1900 3861 Verbo
1931 3806 1999 3860 ad

425 3894 658 3950 melius?
690 3893 902 3963 Cuique
944 3895 1159 3950 meliori
1200 3895 1416 3950 unitum
1453 3905 1538 3951 est
1575 3897 1856 3952 Verbum?
1891 3896 1999 3953 Sed

425 3986 579 4040 carni
633 4001 728 4040 seu
777 3996 988 4042 natura:
1034 3997 1256 4043 nostrae.
1293 3987 1535 4044 Primum
1579 3989 1747 4059 igitur
1775 3989 1998 4058 quidem

424 4091 493 4131 ex
534 4092 646 4145 quo
703 4077 994 4138 audivistis
1043 4079 1233 4133 datum
1282 4080 1383 4148 ipsi
1439 4079 1722 4153 dignitatis
1773 4095 1996 4145 nomen,

426 4175 682 4235 naturam
715 4167 1080 4234 substituitis;
1129 4170 1375 4224 secundo
1404 4186 1534 4225 vero
1561 4171 1649 4225 his
1683 4170 1777 4240 qui
1807 4171 2000 4226 dicunt

425 4257 747 4326 dignitatem
794 4257 1168 4314 indistinctam
1212 4276 1353 4316 ,esse
1403 4261 1663 4316 unionem
1715 4276 1782 4316 ex
1833 4277 1999 4318 carne

425 4357 614 4403 nostra
649 4347 718 4402 ad
771 4349 946 4404 Deum
992 4351 1258 4414 Verbum,
1309 4366 1421 4405 non
1456 4359 1638 4405 autem
1692 4351 1997 4406 naturalem

353 4475 357 4480 -
426 4441 891 4510 conjunctionem,
911 4442 1276 4498 adversamini
1294 4461 1308 4508 ;
1329 4443 1494 4497 tertio
1512 4443 1557 4497 si
1578 4443 1814 4514 dignitas
1833 4452 2000 4513 atque

425 4532 732 4588 dominatio
773 4533 1014 4589 hominis
1065 4550 1132 4589 ex
1181 4534 1342 4589 nobis
1387 4535 1653 4604 assumpti
1696 4550 1804 4589 non
1844 4536 2000 4590 adest

427 4625 506 4680 illi
561 4642 627 4680 ex
673 4627 909 4696 propriae
957 4627 1280 4682 substantiae
1330 4627 1636 4690 voluntate,
1686 4627 1999 4684 dilectionis

2681 2047 2935 2100 ΚΕΦΛᾹ.
2974 2049 3077 2101 ΙΘ¹.

2168 2159 2243 2213 Τὸ
2268 2160 2427 2231 σῶμα
2455 2160 2577 2214 κατ’
2602 2159 2790 2214 οὐσίαν
2822 2157 3179 2229 συγκείμενον
3223 2159 3291 2231 τῇ
3337 2156 3512 2230 ψυχῇ,
3545 2175 3679 2231 κερ-

2098 2250 2268 2304 δαίνει
2293 2251 2358 2304 ὲκ
2385 2250 2590 2320 ταύτης
2614 2249 2676 2304 τὸ
2703 2249 2803 2322 ζῇν
2840 2250 2935 2304 καὶ
2963 2249 3023 2302 τὸ
3045 2247 3459 2304 αἰσθάνεσθαι·
3513 2248 3574 2302 τὸ
3618 2249 3681 2302 δὶ

2101 2343 2262 2413 σῶμα
2309 2342 2404 2397 τοῦ
2456 2342 2663 2413 Κυρίου
2695 2341 2951 2396 συντεθὲν
2997 2341 3270 2404 οὐσιωδῶς
3320 2341 3446 2395 καθ’
3506 2341 3676 2411 ὑμᾶς,

2098 2435 2288 2487 εἴπατε
2307 2433 2360 2486 τί
2386 2435 2814 2505 προσεκτήσατο,
2843 2433 3154 2500 αἴσθησιν,
3180 2431 3213 2502 ἢ
3235 2431 3480 2501 κίνησιν;
3512 2431 3678 2485 Ἀλλά

2099 2525 2271 2580 ταῦτα
2301 2523 2446 2596 εἶχεν
2466 2526 2531 2578 ὲκ
2553 2525 2653 2595 τῆς
2681 2523 2861 2596 ψυχῆς
2877 2541 2892 2554 ·
2920 2523 3037 2576 ἀλλ’
3059 2521 3326 2577 ἀπάθειαν
3342 2523 3438 2577 καὶ
3466 2521 3679 2592 ἀφθαρ-

2101 2617 2258 2682 σίαν;
2287 2615 2423 2669 ἀλλά
2475 2612 2635 2668 τοῦτο
2687 2614 2746 2678 ὲξ
2787 2613 3138 2677 ἀναστάσεως
3172 2613 3469 2685 ἐσχηκέναι
3513 2610 3675 2680 φατὲ,

2100 2708 2242 2762 καθὰ
2275 2708 2370 2762 καὶ
2405 2708 2605 2769 πάντες
2627 2705 2912 2776 μέλλουσιν
2933 2703 3082 2775 ἔχειν
3115 2707 3165 2768 οἱ
3198 2704 3477 2773 ἀνθρωττοι
3500 2717 3516 2733 ·
3552 2701 3678 2763 πῶς

2097 2798 2191 2855 οὖν
2221 2801 2280 2853 οὐ
2313 2800 2558 2871 χείρωνὴ
2583 2798 2742 2852 οὐσία
2767 2797 2861 2851 τοῦ
2889 2795 3026 2850 Θεοῦ
3052 2797 3150 2865 τῆς
3178 2796 3443 2867 ψυχικῆς,
3490 2791 3607 2862 είγε
3635 2793 3673 2860 ἠ

2102 2894 2201 2964 μὲν
2228 2891 2438 2944 πολλῶν
2465 2889 2614 2960 αὐτῷ
2639 2888 3016 2960 μεταδίδωσιν,
3052 2889 3087 2959 ἡ
3127 2887 3182 2941 δὲ
3215 2887 3427 2950 οὐδενὸς
3483 2883 3676 2956 κρείτ-

2099 3001 2251 3048 τονος
2273 2981 2689 3055 γνωρίσματοςς
2725 2976 2835 3051 ἄρα
2867 2979 2924 3033 δὲ
2964 2979 3038 3050 μὴ
3063 2980 3123 3032 τὸ
3163 2979 3292 3033 ἀνευ
3317 2977 3529 3046 σπορᾶς
3555 2975 3680 3028 δια-

2099 3074 2408 3130 πεπλάσθαι
2439 3072 2574 3143 φατέ
2596 3089 2611 3138 ;
2633 3071 2799 3126 Ἀλλά
2819 3071 2977 3125 τοῦτο
2998 3070 3277 3142 ἐνεργείας
3297 3067 3566 3140 σύμϐολον
3579 3064 3679 3120 τοῦ

2098 3167 2256 3238 ἁγίου
2287 3166 2625 3238 Πνεῦματος,
2639 3165 2739 3218 οὐκ
2755 3163 3046 3228 οὖσιὼδους
3060 3182 3124 3218 συ
3134 3164 3379 3234 μπλοκῆς
3388 3161 3482 3216 τοῦ
3497 3161 3676 3229 Λόγου

2099 3259 2422 3330 τεκμήριον.
2459 3257 2608 3325 Πρὶν
2635 3255 2673 3325 ἢ
2700 3255 2811 3324 γὰρ
2843 3255 3166 3310 συνελθεῖν
3195 3254 3439 3330 αὐτοὺς,
3460 3250 3678 3319 εὑρέθη

2099 3351 2172 3406 ἐν
2198 3349 2413 3420 γαστρὶ
2439 3348 2671 3418 ἔχουσα
2692 3347 2760 3401 ἐκ
2800 3347 3144 3416 Πνεύματος
3175 3345 3348 3416 ἁγίου
3368 3361 3384 3376 ο
3408 3343 3548 3398 ἀλλὰ
3579 3360 3682 3412 ση-

2101 3443 2229 3512 μεῖα
2259 3438 2355 3493 καὶ
2385 3438 2677 3508 δυνάμεις;
2709 3437 2844 3491 ἀλλά
2878 3437 2973 3491 καὶ⁸
2998 3437 3204 3490 τούτων
3230 3433 3453 3506 μείζονα
3483 3433 3676 3505 Emin-

2099 3550 2198 3586 σαν
2223 3532 2272 3585 οἱ
2311 3529 2622 3595 ἀπόστολοι,
2651 3529 2796 3582 κατά
2838 3529 2937 3599 τὴν
2965 3527 3129 3582 αὑτοῦ
3162 3526 3256 3581 τοῦ
3287 3526 3498 3598 Κυρίου
3536 3525 3679 3596 πρὸς

2098 3625 2295 3688 αὐτοὺς
2311 3622 2645 3690 ἐπαγγελίαν
2667 3637 2680 3652 °
2713 3621 2829 3675 ἀλλ’
2859 3621 3016 3686 ἀξίαν
3055 3621 3151 3675 καὶ
3184 3618 3528 3703 δεσποτείαν⁴ι
3578 3617 3678 3671 καὶ

2099 3718 2287 3787 ὄνομα
2302 3715 2367 3770 τὸ
2383 3715 2535 3784 ὑπὲρ
2560 3713 2682 3769 πᾶν
2698 3715 2886 3783 ὄνομα
2903 3713 3054 3767 δοθὲν
3072 3711 3219 3782 αὑτῷ
3235 3729 3250 3779 ;
3269 3711 3364 3764 καὶ
3385 3710 3492 3763 τίνι
3512 3708 3675 3776 ἐδόθη

2097 3810 2360 3865 τοῦτοδιά
2390 3809 2492 3878 τῆς
2511 3808 2650 3878 πρὸς
2681 3806 2741 3860 τὸ
2786 3808 3032 3876 κρεῖττον
3080 3802 3374 3865 οὑσιώδους
3427 3800 3678 3862 ἑνώσεως

2098 3902 2218 3974 Θεῷ
2246 3902 2437 3972 Λόγῳ;
2470 3902 2564 3954 καὶ
2595 3899 2704 3951 τίνι
2732 3897 3000 3969 κρείττονι
3023 3895 3205 3968 ήνώθη
3244 3897 3273 3947 ό
3304 3894 3502 3962 Λόγος;
3536 3891 3678 3945 ἀλλά

2102 3994 2266 4065 σαρκὶ
2297 3993 2465 4064 ἧγουν
2498 3988 2770 4062 ἀνθρώπῳ
2797 3988 2874 4058 τῷ
2907 3989 2966 4054 ὲξ
2998 3986 3188 4059 ἡμῶν·
3211 3984 3406 4040 οὐκοῦν
3455 3983 3677 4054 πρῶτον

2103 4084 2200 4154 μὲν
2233 4083 2344 4137 ἰδοὺ
2373 4081 2436 4136 τὸ
2468 4081 2567 4151 τῆς
2599 4079 2755 4146 ἀξίας
2781 4079 3072 4140 ἀκούοντες
3117 4077 3289 4147 ὄνομα
3317 4076 3467 4129 δοθὲν
3499 4074 3673 4143 αὐτῷ,

2097 4176 2197 4245 τὴν
2244 4171 2407 4241 φύσιν
2439 4171 2817 4239 ἀντεισάγετε·
2849 4169 3102 4240 δεύτερον
3151 4168 3208 4222 δὲ
3251 4170 3366 4231 τοῖς
3420 4166 3676 4234 λέγουσιν

2098 4265 2256 4332 ἀξίαν
2285 4264 2615 4334 ἀσύγκριτον
2643 4260 2784 4318 εἶναι
2808 4262 2904 4333 τὴν
2929 4262 3122 4315 ἕνωσιν
3142 4261 3243 4331 τῆς
3264 4261 3322 4325 ἐξ
3350 4259 3505 4329 ἡμῶν
3540 4274 3677 4327 σαρ-

2098 4356 2193 4418 κὸς
2214 4356 2350 4428 πρὸς
2385 4355 2475 4408 τὸν
2506 4355 2640 4409 Θεὸν
2666 4355 2859 4423 Κόγον,
2893 4353 2990 4408 καὶ
3045 4353 3105 4407 οὗ
3141 4351 3377 4422 φυσικὴν
3395 4349 3671 4429 σύνθεσὶν,

2099 4448 2256 4517 ὑμεῖς
2285 4445 2642 4518 ἀντιφέρεσθε
2669 4462 2686 4478 ο
2719 4445 2900 4517 τρίτον
2927 4445 3030 4514 είὴ
3087 4443 3214 4511 ἀξία
3251 4443 3346 4495 καὶ
3381 4442 3674 4495 δεσποτεία

2097 4538 2190 4592 τοῦ
2217 4538 2274 4604 ἐξ
2301 4539 2459 4608 ἡμῶν
2491 4536 2804 4608 ἀνθρώπου,
2850 4536 2951 4590 οῦκ
2985 4538 3049 4589 ὲκ
3085 4536 3184 4605 τῆς
3223 4533 3431 4596 οἰκείας
3482 4532 3672 4593 οὐσίας

2100 4631 2388 4700 πρόσεστιν
2410 4627 2560 4698 αὐτῷ
2593 4627 2888 4698 θελήσεως,
2917 4627 3139 4697 ἀγάπης
3167 4625 3272 4696 ἀρα
3297 4625 3391 4678 καὶ
3418 4624 3673 4685 εὐδοκίας

423 4716 556 4789 ergo
583 4718 1088 4790 benevolentiaeque
1117 4720 1322 4775 donum
1342 4735 1461 4775 esse
1485 4720 1626 4774 hanc
1642 4735 1868 4776 necesse
1891 4728 1995 4787 est,

2099 4722 2343 4793 χάρισμα
2355 4715 2492 4772 εἶναι
2521 4718 2694 4789 αὐτὴν
2713 4718 2949 4788 ἀνάγκη,
2976 4718 3076 4771 οὐκ
3089 4716 3381 4798 οῦσιώδους
3402 4713 3672 4777 ἑνώσεως,

424 4825 538 4865 non
579 4811 886 4867 essentialis
920 4813 1140 4868 unionis
1172 4813 1413 4879 donum;
1445 4813 1715 4883 siquidem
1759 4813 1896 4868 nihil
1927 4829 1996 4868 ex

426 4902 598 4956 unitis
629 4904 783 4974 juxta
821 4904 1186 4960 substantiam
1217 4906 1538 4978 dignitatem
1575 4906 1865 4977 quamdam
1907 4906 1993 4961 vel

424 4992 857 5055 dominationem
899 4995 977 5050 illi
1036 4998 1204 5051 donet
1243 4998 1332 5066 cui
1386 4997 1598 5052 unitur.
1659 4996 1767 5052 Sed
1812 5011 1994 5052 nonne

425 5085 924 5156 impeccubilitutem-
955 5087 1196 5142 hominis
1241 5089 1517 5144 Dominici
1549 5089 1743 5143 dicunt
1792 5087 1996 5157 proba-

426 5177 632 5230 tionem
673 5192 794 5232 esse
835 5178 1147 5233 essentialis
1183 5179 1252 5234 ad
1289 5181 1530 5236 Verbum
1562 5180 1828 5235 unionis?
1850 5178 1996 5246 Quo-

428 5266 592 5321 modo
623 5283 754 5336 ergo
793 5268 862 5324 ad
907 5268 1169 5339 Spiritum
1206 5278 1457 5326 sanetum
1491 5270 1597 5325 hoc
1641 5270 1810 5326 refert
1838 5286 1996 5326 sacra

429 5360 713 5430 Scriptura
746 5362 1090 5429 dicens:Qui
1123 5382 1215 5435 per
1244 5364 1502 5436 Spiritum
1531 5373 1787 5419 internum
1816 5365 1998 5435 (aliter

427 5449 688 5520 sanctum)
712 5453 1043 5522 semetipsum
1076 5453 1263 5507 obtulit
1305 5453 1708 5508 immaculatum
1729 5453 1895 5523 LDeo?
1923 5454 1998 5508 Ac

427 5541 643 5611 spiritus
683 5541 796 5614 (sic)
840 5543 966 5599 Iesu
1012 5545 1313 5600 emundabit
1345 5549 1718 5611 conscientiam
1760 5554 1996 5600 nostram

428 5633 496 5688 ab
524 5632 763 5705 operibus
783 5637 1003 5691 mortuis
1039 5636 1103 5692 “.
1139 5637 1207 5693 Et
1243 5638 1378 5693 alibi
1409 5656 1422 5692 :
1450 5638 1806 5708 Justiﬁcatum
1839 5646 1914 5692 est
1941 5637 1996 5690 in

501 5831 550 5864 “
573 5829 761 5890 Matth.
794 5850 834 5900 1,
870 5832 958 5889 18.
1035 5834 1100 5867 ¹³’
1132 5833 1368 5907 Philipp.
1399 5852 1455 5898 η.
1483 5835 1534 5891 9.
1617 5838 1658 5870 “
1692 5836 1859 5894 Hebr.
1897 5853 1972 5904 Ix,
2008 5837 2093 5893 ιι.

2096 4810 2353 4882 δώρημα*
2388 4809 2512 4864 ἐπεὶ
2572 4809 2738 4880 μηδὲν
2777 4810 2888 4862 τῶν
2937 4809 3058 4862 κατ’
3107 4807 3295 4862 οὐσίαν
3347 4806 3670 4878 ἠνωμένων,

2097 4903 2255 4968 ἀξίαν
2279 4901 2400 4956 τινὰ
2422 4899 2518 4954 καὶ
2549 4900 2867 4954 δεσποτείαν
2892 4899 3148 4970 δωρεῖται
3171 4891 3324 4968 ᾧπερ
3348 4898 3414 4952 ἀν
3431 4899 3637 4969 ἥνωται
3652 4913 3670 4928 ο

2096 4997 2211 5051 ἀλλ’
2242 4991 2350 5065 ἆρα
2379 4992 2456 5067 μὴ
2483 4993 2543 5046 τὸ
2580 4991 2999 5061 ἀναμάρτητον
3022 4990 3120 5044 τοῦ
3152 4989 3431 5064 Κυριακοῦ
3457 4989 3674 5060 ἀνθρὼ-

2101 5106 2205 5142 που
2229 5088 2448 5157 λέγουσι
2465 5086 2764 5156 τεκμήριον
2780 5084 2882 5152 τῆς
2911 5083 3202 5148 οὐσιὼδους
3233 5082 3472 5155 πρὸςτὸν
3495 5082 3674 5150 Λόγον

2099 5179 2346 5240 ἑνὼσεως
2369 5195 2384 5242 ;
2413 5177 2509 5230 καὶ
2537 5177 2654 5239 πῶς
2676 5177 2768 5230 ἐπὶ
2795 5175 2858 5229 τὸ
2886 5175 3111 5245 Πνεῦμα
3137 5175 3198 5228 τὸ
3229 5175 3381 5244 ἅγιον
3408 5175 3673 5244 ἀναφέρει

2098 5273 2255 5326 τοῦτο
2268 5271 2440 5343 ἡ³θεία
2456 5271 2648 5344 Γραφὴ
2667 5270 2922 5338 λέγουσα,
2944 5272 3049 5336 Ὃς
3070 5268 3169 5322 διὰ
3186 5269 3676 5349 Πνεύματοςαὶω-

2096 5363 2230 5417 νίου
2243 5361 2462 5417 ἑαυτὸν
2487 5361 2903 5431 προσήνεγκεν
2923 5361 3165 5430 ἄμωμον
3187 5359 3266 5426 τῷ
3294 5360 3415 5425 Θεῷ
3437 5400 3450 5422 .
3471 5359 3570 5413 καὶ
3601 5359 3672 5412 τὸ

2099 5453 2341 5523 Πνεῦμα
2372 5455 2578 5521 Ἰησοῦ
2615 5452 2886 5522 καθαριεῖ
2924 5453 3038 5520 τὴν
3085 5452 3445 5517 συνείδησιν
3502 5450 3673 5518 ἡμῶν

2096 5545 2216 5599 ἀπὸ
2263 5543 2492 5615 νεκρῶν
2540 5546 2775 5615 ἕργων;
2811 5546 2904 5600 καὶ
2946 5543 3203 5614 ἀλλαχοῦ,
3232 5543 3573 5609 Ἐδικαιώθη
3600 5543 3674 5596 ἐν

2097 5638 2434 5710 Πνεύματι;
2465 5637 2660 5694 οὐκοῦν
2685 5638 2765 5712 τῷ
2800 5637 3078 5710 Πνεῦματι
3101 5637 3162 5693 ὲν
3213 5632 3258 5708 ᾧ
3303 5637 3670 5702 δεδικαίωται,
