4032 6526
293 425 432 532 ιιτθ

1253 470 1649 535 AlW-ERSUS
1688 473 2239 540 NESTORIANOS.
2269 505 2336 514 -
2369 481 2513 541 LIB.
2551 480 2605 540 Ι.

3424 475 3554 542 1474

292 579 387 633 καὶ
418 577 482 632 ού
516 574 593 649 τῷ
620 576 765 647 λόγῳ
789 577 848 631 ἐν
869 569 916 647 ᾧ
945 577 1007 632 τδ
1034 578 1160 631 κατ’
1186 578 1373 633 ούσίαν
1394 595 1410 612 ·
1438 580 1597 635 ἔσται
1626 582 1683 635 δέ
1704 582 1866 647 οὕτως

1979 586 2182 658 Spiritu
2225 590 2291 641 ¹³.
2325 588 2536 659 Spiritu
2560 602 2693 658 ergo
2718 588 3051 658 iustiﬁcatus
3076 594 3182 655 est,
3229 603 3338 644 non
3371 587 3556 647 Verbo

292 669 385 724 καὶ
406 669 470 722 ού
519 670 925 741 προαιρετικὸν,
954 669 1069 723 ἀλλ’
1107 670 1369 736 οὐσιῶδες
1405 672 1468 726 τὺ
1511 673 1873 746 κατόρθωμα.

360 846 576 918 Ὠσπερ
618 849 668 902 oi
702 848 803 913 τάς
851 850 1096 920 μεγάλας
1144 854 1424 924 πυρκαϊὰς
1470 854 1729 921 ἐξάπτειν
1750 857 1872 911 ἐθέ-

290 939 494 1003 λοντες,
523 941 620 994 καὶ
640 941 719 1014 τῷ
752 945 1038 1016 παμφάγῳ
1068 947 1203 1018 πυρὶ⁵
1231 947 1550 1019 νικώμενοι,
1586 952 1725 1019 μετά
1772 952 1875 1023 τὴν

288 1030 390 1100 τῆς
436 1031 731 1103 ἁδροτέρας
760 1033 894 1103 ὕλης
921 1036 1170 1108 δαπάνην
1206 1039 1606 1110 μαραγγιῶσαν
1637 1042 1740 1112 ήδη
1776 1044 1875 1097 αύ-

287 1124 403 1187 τοῖς
429 1124 529 1194 τὴν
568 1123 743 1192 φλόγα
793 1125 1081 1197 θεώμενοι,
1141 1128 1345 1201 καὶμὴ
1389 1131 1720 1202 διαρκοῦσαν
1773 1134 1874 1205 τὴν

291 1214 424 1286 ὓλην
461 1216 542 1280 είς
568 1217 890 1289 παραμονὴν
914 1218 1010 1272 τοῦ
1037 1219 1484 1292 σπουδαζομένου
1515 1224 1870 1293 κεκτημένοι,

290 1307 683 1378 καρφολογίαις
737 1310 849 1364 τισὶ
897 1310 1105 1382 ταύτην
1160 1311 1219 1378 ἐξ
1266 1313 1505 1386 ἀπορίας
1551 1315 1872 1385 ἐπιστρέφειν

288 1399 707 1463 σπουδάζουσιν,
737 1399 826 1455 ἵνα
862 1402 936 1472 μὴ
960 1401 1183 1467 τελείως
1209 1404 1393 1468 αὐτοῖς
1421 1406 1454 1476 ὴ
1484 1404 1710 1476 λαμπάς
1739 1408 1873 1460 ἀπο‹

286 1490 578 1545 σϐέννυται
599 1508 614 1523 ο
649 1491 793 1546 οὕτω
819 1492 884 1564 δὴ
921 1493 1015 1547 καὶ⁸
1051 1494 1211 1565 ὑμεῖς
1250 1495 1344 1549 νῦν
1368 1495 1468 1567 τῆς
1521 1496 1631 1551 τῶν
1663 1496 1869 1567 προτά-

287 1580 431 1635 σεων
473 1581 627 1651 ὑμῶν
657 1581 1093 1650 ἐξαναλωθείσης
1122 1583 1304 1654 πάσης
1347 1584 1677 1654 ύλαιοτάτης
1734 1596 1869 1653 σουρ-

287 1674 610 1743 φετολογίας
656 1675 735 1745 τῷ
775 1675 870 1729 τοῦ
932 1675 1166 1746 ψεύδους
1208 1676 1528 1748 ἀναλωτικῷ
1584 1678 1721 1749 πυρὶ
1771 1677 1870 1747 τῆς

286 1763 571 1834 ἀληθείας,
603 1764 980 1835 βαττολογίαις
1010 1767 1122 1820 τισὶ
1174 1767 1335 1839 μόνον
1361 1768 1461 1839 τὴν
1507 1769 1869 1823 ἐκκαυθείσαν

287 1857 417 1928 ύμῖν
468 1856 606 1941 ἔριν,
662 1857 799 1930 πρὸς
847 1859 994 1929 ὑμᾶς
1051 1861 1479 1931 παρυφάπτετε⁶
1545 1859 1707 1914 ποίαν
1759 1861 1869 1932 γὰρ

1979 679 2035 735 in
2083 694 2193 750 quo
2226 681 2532 735 secundum
2580 679 2946 737 substantiam
2995 682 3193 736 inerat.
3231 681 3323 738 Sic
3368 691 3553 738 autem

1976 770 2084 824 erit
2116 784 2226 824 non
2274 770 2448 825 libera
2503 769 2599 824 sed
2633 771 2944 826 essentialis
2981 772 3279 827 rectitude.

2045 862 2517 930 Quemadmodum
2549 865 2586 918 ii
2616 864 2711 933 qui
2736 863 3013 933 ingentem
3036 865 3221 935 ignem
3241 866 3553 922 accendere

1973 954 2189 1018 volunt,
2245 969 2395 1019 cum,
2444 962 2770 1024 consumpta
2816 955 2967 1008 omni
3014 957 3268 1022 materia,
3293 958 3398 1011 sibi
3439 960 3550 1028 iam

1973 1043 2419 1115 languescentem
2458 1045 2732 1101 ﬂammam
2788 1045 3015 1099 videant
3042 1088 3056 1111 ,
3097 1047 3414 1103 devorantis
3459 1051 3547 1103 in-

1975 1138 2156 1192 cendii
2183 1138 2380 1193 ardore
2412 1138 2677 1208 superati,
2703 1139 2965 1207 quoniam
2994 1137 3063 1193 ad
3086 1139 3344 1193 alendum
3364 1143 3547 1207 ignem

1974 1242 2085 1281 non
2128 1228 2373 1297 suppetit
2407 1244 2505 1298 par
2539 1229 2827 1293 materies,
2863 1228 3189 1299 colligendis
3223 1230 3445 1297 stipulis
3477 1229 3549 1283 ob

1973 1316 2214 1386 inepiam
2246 1315 2378 1370 dant
2416 1332 2639 1387 operam
2678 1318 2883 1387 quibus
2931 1317 3150 1373 ﬂamma
3174 1320 3455 1373 nutriatur
3479 1334 3551 1375 ne

1972 1408 2198 1463 omnino
2250 1409 2435 1463 lumen
2460 1410 2864 1479 exstinguatur,
2916 1409 2990 1464 ita
3022 1418 3078 1464 et
3121 1426 3221 1465 vos
3247 1450 3260 1474 ,
3299 1426 3365 1465 eo
3402 1411 3550 1479 quod

1972 1498 2228 1556 immanis
2257 1509 2565 1555 vestrorum
2610 1510 3065 1571 argumentorum
3108 1500 3272 1572 agger
3304 1491 3554 1557 veritatis

1972 1592 2099 1662 igne
2146 1592 2562 1647 mendaciorum
2616 1592 2787 1649 edace
2831 1593 3051 1663 penitus
3092 1594 3418 1663 absumptus
3443 1604 3549 1660 est,

1973 1683 2177 1753 ineptis
2222 1690 2434 1739 tantum
2492 1684 2939 1739 cavillationibus
2998 1684 3239 1755 iurgium
3288 1685 3553 1740 adversus

1970 1792 2072 1831 nos
2098 1777 2399 1846 incoeptum
2427 1776 2574 1831 alitis
2601 1794 2614 1830 :
2640 1777 2918 1847 quomodo
2945 1778 3149 1831 etenim
3182 1777 3549 1833 universalem

1972 1868 2392 1923 similitudinem
2443 1868 2670 1925 inducet
2713 1869 2806 1924 illa
2845 1871 3185 1940 comparatio
3219 1870 3467 1940 corporis
3495 1879 3554 1925 et
3646 1880 3654 1888 '

282 1926 419 2019 ἡμῖν
475 1926 724 2020 ἀνάγκην
756 1926 946 2015 ἐπάξει
982 1926 1279 2023 καθολικῆς
1307 1954 1627 2024 ὁμοιότητος
1661 1955 1694 2024 ἡ
1728 1926 1866 2024 πρός

1971 1961 2166 2015 anima:
2194 1960 2397 2015 avobis
2419 1960 2473 2014 in
2502 1961 2725 2015 modum
2752 1926 2989 2031 exempli
3020 1962 3217 2017 allata?
3244 1926 3381 2016 Illud
3399 1962 3550 2015 enim

283 2059 339 2095 τι
370 2039 467 2094 τοῦ
519 2040 965 2113 παραδείγματος
989 2044 1089 2113 τῆς
1119 2043 1298 2114 ψυχῆς
1339 2045 1434 2099 καὶ
1462 2045 1556 2098 τοῦ
1614 2045 1867 2114 σώματος

285 2131 349 2196 ἐξ
376 2131 815 2204 ύμῶνείρημένη
857 2130 1362 2205 παράθεσις;⁷Αρα
1388 2135 1497 2205 γάρ
1528 2134 1691 2187 πάλιν
1721 2135 1869 2204 ὑμᾶς

283 2224 781 2297 ύπομνήσορεν,ὠς
810 2224 969 2279 τοῦτο
998 2227 1329 2297 ἠγνοήσατε,
1353 2221 1399 2281 ὧ
1430 2225 1755 2297 σοφώτατοι,
1785 2229 1868 2281 ὅτι

284 2318 346 2371 ού
380 2317 601 2382 πάντως
634 2311 710 2373 ὧν
734 2318 793 2371 αἱ
817 2318 1102 2383 συνθέσεις
1123 2320 1182 2372 αί
1204 2319 1369 2373 αὑταὶ
1400 2320 1543 2374 κατά
1572 2336 1627 2372 τι
1659 2319 1869 2372 τούτων

285 2413 382 2467 καὶ
404 2415 459 2467 αἱ
485 2411 762 2483 ἐνέργειαι
812 2413 870 2466 αί
901 2412 1065 2465 αὐταὶ
1118 2414 1314 2476 πᾶσαι,
1350 2413 1385 2484 ἢ
1432 2413 1503 2467 τά
1547 2412 1722 2475 άλλως
1747 2412 1870 2466 ἐπό-

288 2520 463 2572 μενα;
491 2503 604 2555 ἀλλ’
636 2502 738 2556 ούκ
762 2501 917 2571 οἶμαι
940 2500 1101 2555 τοῦτο
1147 2502 1295 2573 ὑμᾶς
1329 2503 1451 2556 ὅλον
1500 2502 1865 2572 ἠγνοηκέναιο

285 2593 426 2665 ἀνὴρ
445 2592 556 2665 γάρ
575 2586 731 2665 ἀνδρῖ
755 2593 1076 2650 ητάἷτόπον
1102 2594 1311 2664 ἥνωται
1337 2593 1429 2649 τὸν
1453 2594 1512 2647 ἐν
1547 2593 1868 2663 Ἐκκλησίᾳο

286 2684 384 2740 καὶ
432 2684 606 2755 ψηφὶς
652 2683 849 2755 ψηφίδι
880 2684 1083 2755 ὁμοίως
1135 2685 1278 2740 κατά
1324 2686 1491 2739 τόπον
1548 2684 1756 2755 ἥνωται
1812 2686 1870 2737 ἐν

1966 2052 2125 2106 vobis
2148 2051 2204 2107 in
2230 2052 2551 2106 memoriam
2574 2053 2957 2108 revocabimus
3008 2052 3165 2123 quasi
3201 2053 3549 2123 ignoraretis,

1967 2142 2382 2211 sapientissimi,
2430 2157 2544 2196 non
2582 2143 2809 2196 omnino
2843 2143 3058 2198 scilicet
3101 2143 3549 2213 coniunctionem

1968 2236 2210 2301 illarum,
2244 2252 2367 2306 quae
2407 2234 2711 2290 secundum
2754 2234 2885 2302 quid
2915 2234 3125 2288 similes
3156 2244 3303 2298 sunt,
3327 2250 3447 2289 esse
3471 2234 3551 2289 si-

1967 2324 2126 2379 miles
2146 2334 2271 2379 actu
2300 2332 2395 2379 aut
2417 2340 2607 2379 earum
2627 2335 2824 2377 czetera
2850 2323 3225 2377 consectaria?
3242 2324 3348 2378 Vos
3365 2334 3550 2378 autem

1968 2416 2194 2471 minime
2215 2430 2416 2470 censeo
2441 2416 2558 2470 haec
2580 2414 2765 2469 omnia
2798 2413 3083 2484 ignorasse
3106 2432 3118 2467 :
3146 2414 3234 2468 vir
3256 2414 3403 2469 enim
3430 2415 3554 2468 viro

1969 2507 2275 2564 secundum
2322 2507 2507 2561 locum
2546 2505 2605 2559 in
2644 2505 2889 2559 Ecclesia
2922 2504 3280 2575 coniungitur
3320 2513 3376 2560 et
3411 2504 3555 2574 lapis

1967 2600 2175 2669 lapidi:
2205 2599 2310 2653 viri
2334 2608 2517 2653 autem
2542 2598 2860 2668 coniunctio
2880 2636 2895 2661 ,
2930 2611 3027 2651 seu
3063 2595 3423 2666 iuxtapositio
3473 2595 3555 2650 fa-

1968 2690 2344 2745 miliaritatem
2394 2705 2492 2744 seu
2533 2690 2861 2745 charitatem
2926 2697 3178 2742 mutuam
3237 2697 3295 2743 et
3352 2698 3551 2755 cetera

286 2777 425 2847 αὐτῇ
447 2792 461 2807 ⁸
494 2775 591 2830 καὶ
617 2776 698 2847 τῷ
727 2776 827 2847 μὲν
856 2777 890 2847 ἡ
924 2775 1177 2836 σύνθεσις
1206 2777 1239 2847 ἢ
1272 2777 1604 2848 παράθεσις.
1650 2776 1866 2846 ὁμιλίαν

1971 2777 2290 2850 huiusmodi
2344 2779 2401 2833 in
2452 2777 2689 2832 alterum
2741 2775 2937 2848 gignit,
2976 2775 3223 2846 lapidum
3254 2791 3389 2831 vero
3415 2790 3553 2830 con-

285 2882 347 2921 τι
379 2866 475 2921 καὶ
503 2867 714 2937 θέρμην
746 2866 846 2937 τὴν
867 2868 928 2934 ἐξ
953 2866 1199 2938 ἀλλήλων
1225 2866 1322 2922 καὶ
1347 2868 1416 2922 τά
1432 2867 1597 2922 λοιπά
1630 2866 1866 2938 ἀμφοτέ-

1971 2870 2180 2943 iunctio
2221 2869 2361 2924 nihil
2393 2869 2575 2924 simile
2606 2866 2786 2938 parit;
2831 2866 2969 2921 illud
3009 2875 3195 2921 autem
3240 2867 3402 2921 vobis
3433 2872 3555 2921 erat

287 2975 405 3028 ροις
429 2958 748 3029 χαρίζεταιο
800 2956 912 3012 τῶν
965 2957 1024 3010 δὲ
1072 2959 1108 3029 ἡ
1152 2957 1403 3023 σύνθεσις
1439 2959 1597 3013 οὐδὲν
1626 2958 1866 3012 τοιοῦτον

1971 2960 2333 3032 spectandum
2351 2974 2589 3030 quorum
2619 2975 2730 3014 non
2758 2960 2966 3015 eadem
2996 2967 3206 3013 natum
3241 2971 3430 3012 eorum
3456 2973 3553 3010 ne-

284 3049 690 3103 ἐπιδείκνυται·
713 3048 836 3103 δέον
881 3048 941 3102 δὲ
974 3049 1121 3120 ὑμᾶς
1168 3045 1249 3123 ἦν’
1287 3050 1449 3105 τοῦτο
1489 3050 1866 3116 ἐπισκέπτειν,

1971 3069 2077 3125 que
2118 3052 2338 3109 easdem
2369 3065 2492 3108 esse
2530 3052 3111 3118 communicationes;
3145 3049 3417 3120 siquidem
3458 3064 3553 3103 ne-

283 3142 363 3208 ὼς
382 3135 460 3197 ὧν
483 3141 538 3196 αί
565 3140 761 3212 φύσεις
788 3141 888 3210 ούχ
941 3141 1000 3194 αί
1034 3139 1224 3207 αὐταὶ,
1249 3141 1372 3195 ούδέ
1408 3143 1463 3195 αί
1510 3142 1828 3213 μεταδόσεις
1851 3157 1866 3173 ’

1971 3162 2074 3218 que
2096 3155 2226 3202 sunt
2255 3143 2457 3202 eaedem
2480 3143 2874 3215 proprietates,
2908 3160 3012 3199 nec
3030 3143 3235 3198 eaedem
3263 3141 3553 3197 facultates

286 3234 411 3287 ἐπεὶ
444 3232 580 3304 μηδέ
610 3233 668 3285 αί
704 3231 992 3303 ποιότητες
1030 3232 1088 3285 αἱ
1116 3233 1280 3286 αύταί
1316 3235 1454 3286 είσιν
1479 3273 1495 3297 ,
1533 3233 1669 3305 μηδέ
1692 3235 1749 3287 αἱ
1770 3234 1861 3287 δυ-

1971 3249 2065 3294 aut
2101 3239 2383 3310 potentiae,
2413 3241 2629 3295 etiamsi
2657 3240 3079 3311 coniunctiones
3105 3238 3313 3295 eaedem
3344 3252 3554 3307 suppo-

284 3325 529 3396 νάμειςῆ
558 3325 614 3378 αἱ
646 3323 918 3394 ἐνέργειαι
942 3323 1186 3391 γένοιντο
1201 3322 1269 3377 ἂν
1302 3325 1360 3378 αί
1387 3325 1574 3389 αὑταὶ,
1605 3327 1655 3379 εἰ
1686 3327 1781 3378 καὶ
1803 3328 1860 3379 at

1971 3340 2178 3387 nantur
2197 3350 2211 3386 :
2245 3341 2583 3403 quapropter
2603 3333 2950 3403 postulamus
2967 3340 3027 3387 ut
3050 3332 3212 3387 nobis
3228 3328 3554 3385 ostendatur

287 3417 564 3481 συνθέσεις
593 3414 704 3470 εἷεν
756 3419 812 3470 αἱ
855 3416 1019 3471 αύταί
1054 3434 1171 3480 πως
1207 3415 1525 3488 νοούμεναιο
1553 3416 1726 3471 ταῦτα
1771 3413 1865 3472 οὖν

1971 3425 2139 3480 vitam
2166 3426 2555 3495 vegetativam,
2602 3442 2826 3482 sensum
2873 3432 2929 3481 et
2967 3426 3201 3482 localem
3250 3423 3551 3478 motionem

286 3510 424 3582 πρὸς
452 3511 514 3563 τὸ
545 3511 798 3564 ἀπαιτεῖν
826 3512 975 3580 ἡμᾶς
1001 3509 1236 3581 φυτικὴν
1272 3511 1419 3582 ζωὴν
1457 3511 1555 3565 καὶ
1605 3511 1861 3581 αἴσθησιν

1971 3532 2037 3572 ex
2087 3516 2269 3572 Verbo
2333 3517 2489 3573 carni
2538 3519 2857 3587 provenire.
2894 3518 3025 3589 quia
3092 3517 3212 3572 haec
3250 3512 3437 3571 Omnia
3484 3530 3553 3571 ex

282 3604 513 3674 τοπικὴν
559 3605 624 3656 ἐκ
651 3601 746 3656 τοῦ
778 3602 939 3671 λόγου
981 3601 1153 3667 δεῖξαι
1197 3603 1265 3673 τῇ
1315 3604 1480 3671 σαρκὶ
1532 3602 1857 3672 γενομένην,

1967 3606 2152 3661 anima
2182 3609 2405 3679 corpori
2445 3609 2742 3680 coniuncta
2786 3611 3067 3665 eveniant.

280 3692 418 3747 διότι
440 3690 615 3745 ταῦτα
642 3692 708 3744 ἐκ
736 3689 916 3760 ψυχῆς
946 3690 1157 3759 πέφυκε
1203 3690 1448 3759 γίνεσθαι
1474 3691 1863 3762 συντιθεμένης
1898 3693 1975 3765 τῷ
2002 3694 2237 3768 σώματι.

364 3781 587 3852 Ἐπειδὴ
638 3782 695 3835 δέ
721 3783 769 3835 εί
824 3782 919 3836 καὶ
975 3781 1051 3852 μὴ
1080 3780 1149 3835 τὰ
1178 3782 1277 3853 τῆς
1298 3782 1503 3853 ψυχῆς,
1544 3782 1659 3835 ἀλλ’
1713 3784 1865 3854 ὅμως

281 3873 389 3929 κάν
408 3874 596 3945 ἕτερόν
620 3891 673 3928 τι
718 3873 850 3927 ίδείν
884 3872 994 3927 τῶν
1031 3874 1209 3944 παρά
1245 3873 1341 3927 τοῦ
1385 3873 1547 3941 λόγου
1574 3875 1643 3944 τῇ
1697 3875 1866 3945 σαρκὶ

281 3964 716 4037 κερδαινομένων
746 3965 892 4033 ἡμᾶς
916 3965 1297 4031 είσπράττετε,
1319 3965 1456 4033 εἴγε,
1491 3967 1566 4028 ὥς
1589 3981 1751 4034 φατε,
1786 3964 1863 4035 μὴ

286 4056 473 4128 μέλλοι
500 4057 678 4128 πάντη
708 4056 969 4125 ἀνόνητος
1000 4054 1179 4127 ταύτῃ
1208 4051 1350 4110 εἶναι
1382 4057 1482 4124 τῆς
1504 4055 1658 4117 θείας
1681 4053 1866 4108 συνθέ-

285 4168 425 4215 σεως
459 4151 485 4203 ὁ
504 4150 725 4222 τρόπος,
770 4149 936 4221 μηδέν
965 4169 1019 4205 τι
1043 4151 1152 4204 τῶν
1176 4151 1277 4221 τῆς
1300 4151 1479 4221 ψυχῆς
1511 4152 1544 4221 ἡ
1571 4151 1711 4221 ὑπὲρ
1733 4148 1865 4202 ταύ-

281 4259 385 4314 την
415 4242 553 4313 αὐτῇ
585 4242 929 4315 δωρούμενος
950 4260 967 4275 ’
1016 4244 1177 4298 τοῦτο
1199 4244 1320 4313 ῑγὰρ
1348 4243 1595 4311 βούλεται
1642 4242 1797 4314 ὑμῶν
1829 4244 1864 4315 ἡ

285 4334 445 4405 ῥῆσις
467 4333 771 4402 φάσκουσα,
801 4334 885 4387 ὅτι
915 4334 979 4388 Ei
1010 4334 1280 4388 ἀπάθειαν
1326 4334 1423 4388 καὶ⁵
1453 4334 1774 4405 ἀφθαρσίαν
1794 4336 1863 4405 τῇ

284 4426 530 4480 συνθέσει
563 4428 1036 4499 μαρτυρήσοιμεν,
1079 4426 1423 4497 ψευδόμεθα·
1459 4428 1618 4482 τοῦτο
1661 4427 1771 4497 γὰρ
1806 4427 1864 4494 ἐξ

282 4519 636 4584 ἀναστάσεως
666 4520 1010 4590 ἐσχηκέναιὸ
1038 4521 1320 4592 Κυριακος
1342 4520 1628 4593 ἄνθρωπος
1652 4539 1868 4593 μεμαρ-

282 4612 516 4684 τύρηται
536 4628 551 4644 ·
579 4611 884 4665 ἀκούσεσθε
905 4612 1037 4684 παρ’
1068 4614 1225 4684 ἡμῶν
1255 4615 1349 4667 καὶ
1381 4615 1509 4686 περὶ
1528 4614 1682 4668 τοῦδε
1711 4613 1859 4679 τάδε,

281 4706 331 4759 οί
369 4704 478 4759 τῶν
509 4704 668 4759 θείων
696 4704 916 4774 δωρεῶν
948 4705 1358 4773 ἀνεπίσκεπτοι,
1379 4708 1461 4761 ὅτι
1492 4708 1603 4761 Καὶ
1636 4706 1867 4760 πλεῖστά

282 4798 389 4851 εἰσι
419 4796 490 4850 τά
517 4798 584 4850 ἐκ
613 4796 707 4851 τοῦ
746 4796 926 4864 Λόγου
970 4799 1040 4868 τῇ
1080 4799 1246 4868 σαρκὶ
1271 4798 1578 4870 δωρήματα
1620 4800 1715 4852 καὶ
1772 4799 1868 4869 μέ-

2039 3788 2177 3845 Cum
2209 3800 2395 3846 autem
2430 3806 2461 3845 a
2500 3789 2665 3845 nobis
2702 3782 2936 3860 exigatis
2975 3799 3071 3855 ut,
3118 3790 3226 3844 nisi
3269 3805 3391 3859 quae
3424 3798 3554 3844 sunt

1966 3880 2207 3946 animae,
2248 3880 2400 3935 aliud
2444 3890 2628 3935 tamen
2679 3879 2812 3949 quid
2870 3895 3232 3951 agnoscamus
3288 3896 3319 3934 a
3369 3879 3555 3935 Verbo

1966 3986 2189 4026 carnem
2219 3972 2534 4043 accepisse,
2582 3987 2653 4027 ne
2684 3972 2913 4026 omnino
2939 4013 2953 4038 ,
3006 3980 3067 4026 ut
3120 3970 3307 4026 dicitis
3334 4013 3349 4037 ,
3395 3971 3447 4026 ei
3480 3971 3557 4025 sit

1966 4063 2179 4118 inutilis
2212 4064 2399 4119 divina
2430 4065 2583 4131 unio,
2615 4065 2661 4120 si
2694 4080 2877 4135 neque
2916 4079 2981 4121 ea
3013 4081 3137 4135 quae
3171 4066 3370 4120 animae
3401 4074 3552 4130 sunt,

1966 4169 2149 4224 neque
2176 4154 2283 4210 alia
2312 4170 2435 4226 quae
2471 4171 2640 4225 super
2665 4171 2786 4211 eam
2808 4199 2823 4223 ,
2852 4156 2981 4211 inde
3011 4156 3166 4211 carni
3205 4164 3503 4227 suppetant
3538 4172 3577 4209 το

1967 4246 2104 4301 illud
2132 4248 2283 4302 enim
2328 4248 2433 4303 sibi
2481 4248 2602 4303 vult
2629 4246 2682 4302 id
2715 4247 2862 4318 quod
2899 4248 3116 4313 dicitis,
3162 4263 3267 4303 nos
3296 4246 3556 4313 mentiri,

1968 4337 2465 4408 impassibilitatem
2529 4345 2586 4393 et
2668 4338 3255 4408 incorruptibilitatem
3331 4336 3557 4391 unionis

1970 4441 2230 4501 tanquam
2270 4446 2452 4486 causa:
2487 4430 2797 4486 tribuentes
2821 4470 2835 4496 ,
2883 4446 3010 4485 eum
3043 4446 3110 4485 ex
3141 4428 3555 4484 resurrectione

1967 4521 2086 4577 haac
2105 4521 2369 4576 habuisse
2399 4521 2680 4576 hominem
2711 4522 3060 4577 Dominicum
3096 4521 3257 4591 plane
3281 4527 3496 4575 constet
3537 4535 3551 4572 :

1968 4629 2000 4669 a
2033 4615 2196 4670 nobis
2228 4615 2488 4681 audietis,
2524 4630 2557 4669 ο
2578 4613 2851 4669 donorum
2874 4613 2971 4668 Dei
2999 4612 3199 4684 ignari,
3232 4612 3406 4666 multa
3432 4626 3554 4666 esse

1970 4716 2028 4762 et
2073 4706 2533 4777 praestantissima
2570 4705 2715 4761 dona
2748 4721 2776 4760 a
2812 4706 2993 4761 Verbo
3031 4706 3185 4760 carni
3232 4706 3429 4760 collata
3458 4722 3472 4759 :
3507 4705 3555 4760 si

1967 4801 2173 4857 etenim
2205 4809 2261 4855 et
2282 4799 2782 4870 impassibilitatem
2804 4807 2861 4854 et
2884 4798 3469 4868 incorruptibilitatem
3489 4812 3556 4873 es

283 4904 479 4958 γιστα’
514 4890 563 4942 εἰ
586 4888 699 4959 γὰρ
736 4890 835 4944 καὶ
860 4887 960 4960 τὴν
997 4888 1270 4943 ἀπάθειαν
1296 4891 1392 4944 καὶ
1425 4891 1523 4961 τὴν
1551 4890 1863 4962 ἀφθαρσίαν

1971 4895 2379 4950 resurrectione
2419 4893 2651 4960 habuit,
2695 4908 2809 4947 non
2847 4892 2974 4963 pius
3008 4908 3073 4947 ac
3106 4907 3300 4947 omnes
3325 4908 3429 4948 nos
3458 4892 3559 4947 ho-

284 4985 343 5049 ἐξ
399 4986 750 5049 ἀναστάσεως
802 4984 1116 5050 ἐπεδέξατο,
1144 4985 1288 5038 καθά
1337 4985 1539 5051 πάντες
1593 4985 1864 5057 μέλλομεν

283 5079 428 5149 ἔχειν
465 5079 514 5131 οί
549 5078 849 5148 ἄνθρωποι,
878 5077 1016 5131 ἀλλά
1047 5078 1142 5131 καὶ
1171 5077 1280 5148 πρὸ
1322 5078 1697 5143 ἀναστάσεως,
1728 5080 1864 5133 πᾶσι

283 5172 396 5232 τοῖς
430 5173 642 5232 πιστοῖς
670 5168 742 5222 τὰ
786 5169 927 5241 ὑπὲρ
958 5168 1270 5239 ἄνθρωπον,
1307 5170 1477 5241 ἤγουν
1516 5170 1865 5241 θαυματουρ-

284 5258 417 5328 γικὰ
452 5259 1090 5332 δεδώρηταιχαρίσματα
1110 5278 1124 5292 ·
1160 5262 1255 5316 καὶ
1273 5262 1658 5334 άναμαρτησία
1682 5262 1739 5316 δέ
1768 5264 1865 5318 καὶ

287 5350 504 5419 ἐξουσία
532 5352 699 5423 πολλή
732 5370 792 5407 τε
823 5354 919 5407 καὶ
953 5354 1213 5417 ποικίλως
1243 5354 1661 5425 μαρτυρηθέντα
1699 5354 1859 5425 αὐτῇ,

288 5442 451 5501 πόθεν
481 5445 879 5514 προσγενέσθαι
899 5448 963 5518 τῇ
992 5446 1155 5517 σαρκὶ
1177 5446 1428 5518 εἴποιμεν
1454 5448 1589 5517 αὐτῇ
1613 5464 1628 5513 ;
1664 5447 1724 5499 ού
1751 5447 1862 5516 γὰρ

286 5538 353 5590 ἂν
400 5536 593 5601 ἁπλῶς
627 5555 714 5601 τις
744 5538 889 5591 εἴποι
942 5538 1074 5592 αὐτὸ
1103 5538 1266 5593 τοῦτο
1323 5540 1383 5593 τὸ
1415 5540 1472 5593 ἐν
1516 5539 1861 5611 ὑποκειμένῳ

286 5629 658 5702 θεωρούμενον
689 5632 944 5702 πρᾶγμα,
989 5633 1083 5686 καὶ
1113 5633 1188 5705 μὴ
1252 5633 1385 5687 αὐτὸ
1420 5633 1652 5704 βεϐηκὸς
1705 5634 1861 5688 νοού-

288 5739 473 5793 μενον,
499 5724 668 5794 ἤγουν
688 5724 788 5793 τὴν
827 5724 1145 5791 ἀνάστασιν,
1176 5725 1336 5796 φύσιν
1368 5724 1508 5781 εἷναί
1530 5745 1653 5781 τινα
1708 5728 1863 5799 ἐνερ-

286 5814 521 5886 γητικὴν
549 5816 822 5889 ἐγέρσεως
843 5818 938 5872 καὶ
969 5818 1239 5884 ἀπαθείας
1278 5821 1373 5875 καὶ
1397 5819 1709 5894 ἀφθαρσίας
1755 5818 1861 5875 σώ-

361 5935 405 5969 ¹⁸
437 5936 456 5989 1
492 5935 635 5990 Tim.
670 5951 750 6002 m,
796 5936 885 5991 16.

1971 4987 2151 5042 mines
2175 5003 2369 5042 sumus
2397 4986 2667 5051 habituri,
2693 4992 2936 5041 attamen
2962 4993 3019 5040 et
3049 4992 3179 5040 ante
3197 4985 3561 5040 resurrectio-

1971 5095 2098 5136 nem
2133 5079 2392 5134 omnibus
2451 5078 2707 5134 ﬁdelibus
2767 5094 2833 5133 ea
2880 5094 3001 5149 qua;
3060 5092 3228 5147 super
3278 5076 3540 5131 hominen

1970 5182 2122 5239 sunt,
2154 5174 2271 5228 sive
2301 5171 2742 5243 thaumaturgica
2782 5171 2926 5226 dona
2950 5171 3179 5242 largitus
3208 5178 3292 5225 est
3311 5211 3328 5237 ,
3354 5169 3534 5240 impec

1970 5264 2224 5320 cabilitas
2252 5278 2473 5334 quoque
2498 5272 2553 5319 et
2591 5277 2785 5333 magna
2820 5263 3065 5333 potentia
3104 5260 3259 5315 varia
3319 5260 3554 5315 manife-

1971 5365 2115 5412 stata
2143 5397 2156 5420 ,
2198 5356 2349 5411 unde
2389 5356 2543 5411 carni
2592 5355 2703 5409 huc
2736 5354 3037 5410 accessisse
3087 5352 3371 5408 dicemus?
3437 5352 3554 5407 Non

1967 5450 2116 5505 enim
2162 5448 2495 5520 insipienter
2540 5446 2824 5503 diceretur
2868 5446 3004 5501 illud
3032 5455 3244 5501 tantum
3285 5444 3434 5514 ‘quod
3472 5453 3559 5499 est

1966 5540 2342 5597 essentialiter
2365 5540 2423 5594 in
2447 5538 2699 5609 subiecto
2724 5581 2739 5606 ,
2784 5554 2897 5593 non
2924 5546 3111 5594 autem
3145 5537 3296 5608 quod
3334 5549 3391 5592 et
3422 5552 3553 5605 sup-

1968 5641 2270 5705 poneretur
2309 5647 2411 5702 per
2441 5630 2702 5687 accidens
2727 5631 3013 5695 accedere,
3047 5630 3229 5702 qualis
3257 5639 3341 5685 est
3371 5643 3557 5683 resur-

1970 5728 2175 5792 rectio,
2206 5726 2320 5781 vim
2353 5724 2647 5796 quamdam
2674 5740 2797 5781 esse
2826 5724 3168 5780 elIectricem
3191 5722 3557 5779 resurrectio-

1968 5818 2057 5875 nis
2074 5859 2089 5886 ,
2118 5817 2578 5891 impassibilitatis
2598 5826 2654 5875 et
2672 5816 3107 5890 incorruptionis
3127 5814 3375 5887 corporis
3391 5813 3555 5871 Chri-
