3916 6564
102 498 278 563 1477
1114 497 1511 560 ADVERSUS
1549 496 1754 556 NESTt

1861 495 2095 557 mnos.
2138 518 2210 532 —-
2246 497 2393 559 LI'B.
2432 497 2482 558 Ι.
3222 578 3225 581 _
3288 494 3427 561 ms

101 612 437 681 φήσομεν,
473 607 556 661 δτι
586 623 663 661 ων
700 606 757 660 ai
785 605 1073 677 γεννήσεις
1100 605 1348 675 διάφοροι
1369 607 1744 678 ἀσυγκρίτως,

1861 615 2014 661 erunt
2044 616 2293 663 naturae:
2329 609 2458 678 quia
2496 608 2562 663 ad
2600 625 2769 664 unum
2793 624 2960 666 nemo
2983 608 3225 681 ambiget
3250 626 3313 666 ea
3344 613 3428 667 in-

98 700 420 754 οὑδέποτε
444 700 500 751 αί
530 699 695 752 αὑταὶ
726 698 917 769 φύσεις
945 699 1308 767 γενήσονται·
1339 699 1422 751 ὅτι
1457 697 1567 769 γὰρ
1592 696 1652 750 τὸ
1683 698 1743 750 ἐν

1861 699 2312 768 :ompossibiliter
2336 700 2562 754 diﬂ‘erre
2594 716 2713 769 quae
2750 701 2807 754 in
2840 701 3108 771 oppositis
3135 702 3427 757 continen-

104 791 420 861 ἀνομίαις
449 791 823 862 συλληφθῆναι
856 791 1192 862 ἀσύγκριτον
1227 789 1340 860 ἔχει
1368 790 1430 843 τὸ
1461 790 1742 862 διάφορον,

1861 802 1971 856 iur;
2003 792 2085 845 sic
2101 807 2323 860 quoque
2346 808 2565 845 rursum
2582 792 2861 846 dicemus:
2890 793 2935 848 si
2965 793 3111 862 quod
3143 810 3210 848 ex
3237 810 3422 860 carne,

106 884 240 936 οὐκ
293 883 611 953 ἀμφιϐἁλοι
646 884 713 936 ἂν
744 882 866 935 οὑδέ
907 882 1045 945 ὅλως
1081 899 1168 944 τις
1194 883 1306 936 τῶν
1333 882 1503 936 ὄντων
1529 898 1542 911 ·
1582 881 1745 935 ἔτιδὲ

1861 898 1975 938 :aro
2010 894 2115 948 est,
2147 884 2292 953 quod
2333 894 2514 938 autem
2547 900 2612 938 ex
2648 885 2869 954 spiritu,
2902 886 3132 954 spiritus
3161 897 3243 941 est
3265 906 3277 947 ;
3300 904 3426 940 caro

109 977 237 1029 καὶ
287 974 481 1038 οὕτως
532 974 695 1028 πάλιν
725 973 1015 1047 ,ἐροῦμενο
1067 976 1131 1028 Ei
1176 974 1236 1027 τὸ
1284 975 1485 1044 ἐκοτῆς
1520 975 1743 1044 σαρκὸς,

1861 989 1981 1027 vero
2014 983 2069 1029 et
2096 976 2328 1043 spiritus
2352 991 2461 1029 non
2484 984 2615 1030 sunt
2634 976 2880 1045 ejusdem
2905 980 3161 1034 essentia:
3186 997 3200 1045 ;
3245 982 3426 1033 omnis

118 1065 293 1139 σάρξ
338 1068 500 1118 ἐστι’
537 1065 597 1118 τὸ
630 1065 687 1119 δέ
715 1066 780 1118 ἐκ
809 1064 902 1117 τοῦ
936 1065 1275 1136 Πνεὺματος,
1315 1065 1540 1136 Πνεῦμά
1586 1066 1702 1118 ἐστι
1728 1082 1743 1098 ·

1861 1076 2034 1120 autem
2067 1066 2235 1119 homo
2272 1082 2339 1121 ex
2374 1082 2560 1130 carne,
2588 1084 2654 1122 eo
2697 1069 2845 1137 quod
2876 1071 3431 1125 consubstantialiter

121 1155 293 1223 σὰρξ
330 1155 394 1207 δὲ
429 1155 525 1209 καὶ
570 1153 795 1225 Πνεῦμα
824 1155 885 1206 οὑ
914 1156 1014 1226 τῆς
1065 1156 1233 1225 αὑτῆς
1276 1157 1497 1219 οὐσίας·
1530 1158 1638 1221 πᾶς
1690 1157 1747 1211 δὲ

1861 1173 1914 1213 3x
1953 1158 2223 1217 carnesit
2249 1160 2489 1229 genitus.
2518 1160 2782 1213 Dominus
2831 1172 3013 1215 autem
3056 1171 3244 1216 noster
3269 1163 3429 1217 Jesus

123 1246 248 1299 ἄνθ
260 1263 459 1317 ρωπος
489 1245 626 1317 σὰρξ
649 1246 713 1299 ἐκ
737 1246 941 1317 σαρκός
960 1262 975 1275 ο
1010 1246 1093 1299 διὸ
1117 1246 1213 1300 καὶ
1242 1248 1307 1300 ἐκ
1330 1247 1533 1317 σαρκὸς
1556 1250 1749 1318 όμοου-

1861 1266 1878 1305 3
1910 1250 2120 1320 Spiritu
2146 1261 2339 1306 sancto
2367 1259 2421 1306 et
2453 1252 2620 1306 Maria
2656 1253 2881 1322 Virgine
2924 1269 3031 1307 non
3063 1253 3309 1323 ejusdem
3334 1271 3429 1308 na-

133 1338 289 1401 σίως
328 1336 644 1406 σαρκωθεὶς
678 1335 979 1407 ἐγεννήθη·
1020 1338 1048 1389 6
1094 1337 1151 1390 δὲ
1192 1338 1393 1409 Κύριος
1443 1340 1604 1410 ήμῶν
1644 1341 1748 1411 Ἰη-

1861 1344 2429 1409 ιυττείηοοτηοιυεοει;
2445 1345 2861 1415 quomodoergo
2878 1346 3259 1401 substantialis
3276 1348 3430 1401 unio-

137 1429 285 1491 σοῦς
325 1432 395 1482 ἐκ
423 1428 738 1499 Πνεύματος
775 1430 932 1497 ἁγίου
964 1431 1057 1483 καὶ
1094 1431 1309 1500 Μαρίας
1335 1431 1434 1501 τῆς
1469 1432 1747 1503 Παρθένου

138 1519 265 1570 τῶν
301 1519 670 1590 ἐτεροουσίων
705 1519 1007 1591 σαρκωθεὶς
1048 1521 1317 1593 ἐγεννήθη
1342 1538 1356 1555 ο
1389 1523 1504 1586 πῶς
1532 1520 1625 1577 οὖν
1648 1524 1747 1577 οὑκ

140 1611 469 1673 οὑσιώδους
500 1611 821 1680 συμπλοκῆς
860 1609 954 1663 τοῦ
990 1612 1166 1678 Λόγου
1201 1616 1566 1685 τεκμήριον,ή
1600 1615 1749 1669 τοιά-

143 1702 211 1755 δε
249 1703 518 1772 γέννησις
548 1704 607 1755 ἐν
704 1702 765 1756 τὸ
795 1703 888 1756 τοῦ
916 1704 1073 1771 ἁγίου
1105 1705 1420 1776 Πνεύματος
1453 1707 1745 1777 σύμϐολον,

146 1792 234 1857 ὡς
270 1793 565 1864 ἐνομίζετε
608 1794 765 1864 ὑμεῖς
796 1794 1015 1864 γέγονε;
1047 1796 1142 1850 καὶ
1179 1796 1240 1849 τὸ
1267 1793 1359 1851 οὖν
1388 1800 1452 1851 ἐκ
1495 1799 1745 1869 Πνεῦμα-

150 1902 256 1948 τος
310 1886 412 1939 καὶ
444 1884 669 1956 Πνεῦμα
706 1881 846 1939 εἶναι
903 1888 1042 1957 μετὰ
1098 1887 1195 1941 τοῦ
1247 1890 1342 1943 καὶ
1393 1892 1591 1962 σάρκα,
1626 1893 1747 1947 τόδε

1847 1434 1937 1487 nis
1960 1436 2115 1490 verbi
2140 1436 2358 1506 signum
2390 1452 2499 1490 non
2526 1446 2670 1491 esset
2698 1438 3008 1492 istiusmodi
3032 1439 3289 1492 nativitas
3313 1479 3328 1502 ,
3371 1438 3425 1493 in

1848 1541 1955 1595 qua
1981 1525 2221 1595 Spiritus
2243 1528 2416 1581 sancti
2450 1528 2690 1597 signum.
2721 1541 2781 1584 ut
2802 1529 2961 1583 vobis
2991 1530 3192 1599 placet,
3224 1529 3427 1583 factum

1847 1626 1931 1671 est
1955 1619 1977 1670 ?
2001 1619 2079 1672 Ex
2109 1619 2306 1689 spiritu
2342 1635 2463 1675 esse
2491 1630 2548 1674 et
2577 1620 2831 1690 spiritum
2868 1636 2990 1675 esse
3019 1622 3184 1675 simul
3218 1636 3283 1676 ac
3308 1636 3430 1675 car-

1848 1726 1997 1775 nem,
2027 1712 2133 1765 hoc
2166 1712 2319 1765 illum
2349 1714 2679 1775 constituit;
2713 1715 2943 1782 spiritus
2967 1724 3148 1768 autem
3183 1714 3349 1779 Deus,
3374 1721 3431 1766 et

1848 1802 2115 1857 Dominus
2145 1796 2377 1871 spiritus
2405 1820 2418 1856 :
2482 1814 2780 1874 conceptus
2813 1814 2897 1860 est
2938 1806 3085 1860 enim
3116 1805 3183 1859 de
3220 1804 3430 1874 Spiritu

1850 1903 2073 1960 sancto,
2110 1910 2223 1948 non
2273 1894 2420 1949 enim
2467 1896 2788 1965 simpliciter
2844 1898 2906 1949 de
2938 1899 3130 1963 spiritu
3180 1895 3427 1959 dicitur;

154 1976 507 2047 παρίστησιν
531 1976 694 2029 αὑτόν
715 1992 731 2007 ο
762 1977 986 2049 Πνεῦμα
1010 1979 1069 2032 δὲ
1102 1980 1130 2031 6
1158 1980 1290 2043 Θεός
1311 1998 1325 2011 ⁸
1354 1984 1448 2035 καὶ
1469 1961 1508 2037 6
1543 1984 1748 2053 Κύριος

1861 1987 1945 2042 illa
1971 2002 2104 2041 vero
2139 1988 2250 2042 sint
2275 1988 2422 2043 dicta
2456 1988 2524 2043 de
2554 2004 2618 2043 ea
2668 2005 2788 2058 quae
2831 1988 3100 2042 mirabilis
3133 1987 3289 2041 vobis
3319 2001 3431 2040 non

154 2066 223 2119 τὸ
247 2066 481 2137 Πνεῦμα
510 2068 647 2119 ἐστι·
679 2067 985 2140 συνελήφθη
1018 2070 1127 2142 γὰρ
1155 2073 1217 2124 ὲκ
1238 2072 1549 2143 Πνεύματος
1568 2076 1745 2143 ἁγίουο

1854 2079 2100 2145 videtur,
2127 2079 2311 2134 divina
2346 2079 2649 2135 Salvatoris
2689 2081 2865 2134 nostri
2903 2080 3214 2133 nativitate.

158 2161 225 2214 οὑ
275 2161 394 2232 γὰρ
436 2160 624 2224 ἁπλῶς
656 2163 995 2232 πνεύματος
1035 2164 1283 2235 είρηται’
1312 2166 1486 2220 ταῦτα
1526 2170 1624 2237 μὲν
1657 2170 1751 2224 οὖν
1788 2173 1883 2227 καὶ
1911 2173 2039 2242 περὶ
2067 2173 2165 2243 τῆς
2196 2173 2255 2225 οὐ
2301 2173 2564 2243 δοκούσης
2598 2172 2727 2243 ὑμῖν
2788 2173 3091 2239 παραδόξου
3158 2171 3309 2235 θείας
3337 2169 3430 2226 τοῦ

162 2253 427 2324 Σωτῆρος
460 2253 621 2323 ήμῶν
650 2257 978 2325 γεννήσεως.

237 2342 316 2395 Τὸ
370 2340 427 2394 δὲ
475 2341 666 2413 ἕτερον
713 2342 813 2412 τῆς
860 2341 1133 2412 ὑμετέρας
1169 2342 1443 2413 διαϐολῆς,
1475 2344 1532 2397 ἐν
1634 2364 1751 2412 πως

162 2433 270 2497 τὰς
322 2433 656 2503 θεοσημείας
719 2434 813 2488 τοῦ
868 2434 1128 2488 δεσπότου
1177 2435 1253 2501 ὡς
1307 2436 1460 2489 οὐδὲν
1513 2437 1657 2508 ἔχειν
1684 2440 1754 2491 δι’

167 2525 386 2588 οἰκείας
417 2523 750 2590 ἀποδείξεως
780 2527 1282 2596 παρεγχαράσσειν.
1327 2566 1341 2580 .
1387 2566 1401 2581 .
1445 2528 1569 2581 ὅθεν
1623 2532 1753 2600 ὑμῖν

170 2616 337 2670 τοῦτο
379 2616 453 2687 μὴ
509 2617 667 2671 Θεοῦ.
713 2656 727 2671 .
772 2656 787 2670 .
844 2616 1043 2680 Ἡδέως
1107 2617 1174 2672 ἂν
1224 2618 1384 2673 τοῦτο
1438 2620 1752 2691 πυθοίμεθα

173 2710 307 2781 παρ’
337 2709 521 2780 ὑμῶν·
544 2706 685 2781 Ἀρά
717 2726 781 2779 γε
817 2710 1080 2779 βασιλέως
1118 2711 1525 2782 λοιδορήσαντος
1546 2714 1580 2783 ἢ
1602 2714 1758 2767 ἀπει-

175 2802 445 2875 λήσαντος
477 2802 621 2873 λόγῳ
668 2802 816 2873 μόνῳ
864 2803 995 2869 τινὶ,
1026 2803 1135 2856 τῶν
1182 2805 1240 2858 δὲ
1291 2805 1480 2859 τούτου
1515 2810 1754 2860 ὑπασπι-

179 2895 322 2948 στῶν
367 2894 500 2963 παρ’
533 2892 674 2946 αὑτὰ
706 2894 798 2945 καὶ
852 2892 1175 2957 αίκιζόντων
1210 2894 1471 2959 πολλάκις
1516 2896 1548 2966 ἢ
1603 2896 1755 2950 ἀναι-

184 2986 424 3058 ρούντων
477 2985 570 3039 τὸν
626 2985 954 3057 ὑϐρισθέντα
1008 2986 1114 3040 ὑπὸ
1164 2987 1258 3040 τοῦ
1296 2989 1518 3063 ,Κυρίου
1553 2989 1754 3054 αὑτῶν,

182 3080 305 3133 ἐπεὶ
333 3077 582 3148 μείζονες
614 3080 671 3131 αί
714 3077 919 3148 πληγαὶ
969 3080 1169 3144 αὐτῶν,
1216 3081 1433 3149 μείζους
1468 3082 1501 3152 ἢ
1540 3083 1757 3152 ὁμοίους

183 3170 293 3239 ἄρα
324 3170 413 3221 καὶ⁵
437 3167 562 3231 τοὺς
593 3170 876 3239 ὑπηρέτας
899 3170 993 3222 τοῦ
1025 3171 1286 3238 βασιλέως
1313 3171 1564 3241 εἴποιμεν
1586 3169 1747 3240 εῖναις

184 3264 345 3318 πάλιν
380 3263 437 3315 ἐν
468 3262 809 3331 εὐεργεσίαις
852 3261 1025 3315 ταῦτα
1078 3264 1313 3333 ὁρῶντες
1355 3265 1747 3333 συμϐαίνοντα,

1925 2350 1997 2405 Ει
2050 2350 2119 2406 de
2160 2351 2333 2405 altera
2376 2359 2559 2405 vestra
2591 2351 2864 2406 calumnia
2892 2392 2907 2416 ,
2951 2352 3005 2406 in
3038 2368 3145 2422 qua
3180 2355 3431 2424 magistri

1854 2441 2329 2497 manifestationes
2355 2484 2369 2507 ,
2408 2450 2670 2511 tanquam
2717 2444 2855 2497 nihil
2901 2443 3169 2498 habentes
3198 2463 3306 2515 quo
3334 2463 3434 2517 per

1854 2535 2109 2603 proprias
2138 2543 2298 2588 notas
2327 2535 2794 2605 signarentur.....
2834 2536 2979 2590 unde
3034 2538 3193 2592 vobis
3220 2555 3326 2591 non
3365 2555 3431 2593 ex

1856 2627 2083 2681 Deo.....
2108 2628 2213 2682 hoc
2243 2643 2273 2681 a
2296 2628 2453 2682 vobis
2470 2628 2668 2682 vellem
2690 2644 2958 2698 quierere,
2977 2630 3242 2694 utrum,si
3268 2646 3430 2700 quem

1856 2733 1887 2771 a
1912 2733 2039 2788 rege
2068 2718 2241 2772 verbo
2274 2728 2436 2773 tenus
2459 2720 2680 2788 probris
2711 2728 2767 2773 et
2798 2720 2966 2774 minis
3014 2721 3271 2775 aﬂ'ectum
3313 2723 3434 2775 vul-

1857 2821 2116 2866 nerarent
2140 2812 2423 2865 autetiam
2448 2812 2834 2867 interimerent
2864 2814 2999 2883 regii
3034 2815 3298 2868 satellites
3324 2857 3337 2879 ,
3365 2831 3434 2869 eo

1857 2901 2003 2970 quod
2038 2903 2263 2954 istorum
2301 2901 2616 2956 acerbiores
2662 2911 2848 2957 essent
2894 2903 3034 2957 ictus
3060 2945 3073 2967 ,
3122 2904 3436 2961 diceremus

1859 2995 2095 3062 majores
2129 2996 2431 3048 autsallem
2470 2995 2713 3067 aequales
2748 2995 2861 3064 regi
2892 2996 3161 3049 satellites
3190 2996 3213 3049 ?
3243 2996 3435 3051 Denuo

1860 3084 2101 3152 itlipsum
2147 3086 2202 3139 in
2254 3086 2559 3140 benefactis
2614 3087 2730 3142 ﬁeri
2755 3088 3027 3151 videntes,
3068 3104 3191 3142 cum
3216 3090 3432 3143 scilicet

1855 3174 1995 3242 quia
2023 3190 2148 3243 rege
2168 3174 2444 3244 colloquio
2460 3185 2670 3229 tantum
2697 3186 2754 3230 et
2778 3191 3033 3230 sermone
3054 3176 3311 3242 dignatus
3328 3185 3433 3243 est,

1855 3278 1982 3317 eum
2018 3264 2346 3318 muneribus
2391 3264 2557 3319 variis
2583 3272 2638 3318 et
2662 3265 2969 3318 honoribus
2990 3269 3271 3320 cumulant
3299 3268 3434 3337 regii

186 3357 263 3419 ὼς
319 3348 469 3424 ᾧτινι
520 3355 679 3423 λόγου
714 3355 877 3426 μόνου
912 3357 1234 3423 μεταδίδωσι
1264 3358 1357 3410 καὶ
1398 3359 1687 3428 συντυχίας
1722 3359 1751 3410 6

1861 3353 2117 3417 ministri,
2143 3356 2375 3425 majores
2417 3370 2538 3409 esse
2584 3355 2970 3411 benefactorcs
2992 3358 3272 3411 ministros
3310 3373 3437 3411 cen—

190 3449 462 3520 βασιλεὺς,
517 3447 670 3517 δῶρά
711 3464 771 3499 τε
825 3448 1048 3502 ποικίλα
1106 3450 1201 3502 καὶ
1247 3450 1407 3519 τιμαὶ
1444 3452 1596 3521 παρὰ
1648 3450 1754 3504 τῶν

190 3541 440 3611 ὑπηκόων
471 3539 564 3593 τοῦ
605 3538 870 3610 βασιλέως
897 3541 1321 3612 προσφέρονται,
1367 3541 1620 3611 μείζονας
1667 3542 1759 3594 εύσ-

193 3631 412 3701 εργέτας
475 3626 619 3685 εἶναι
676 3631 922 3701 φήσομεν
977 3633 1103 3694 τοὺς
1159 3632 1537 3706 ὑπηκόους;ῆ
1589 3633 1757 3696 ὅντως

191 3724 305 3778 δέον
332 3724 526 3777 εἰδέναι
551 3725 680 3786 τοὺς
707 3724 837 3795 περὶ
861 3724 1051 3777 τούτου
1081 3724 1563 3791 διαγινώσκοντας,
1596 3725 1759 3779 πόθεν

195 3820 227 3887 ἡ
256 3816 391 3889 ἁρχὴ
415 3816 509 3869 τοῦ
540 3817 832 3887 γενομένου
870 3820 963 3869 καὶ
991 3816 1134 3880 τίνος
1167 3818 1451 3887 δυνάμεως
1484 3818 1755 3888 ἐνέργεια,

196 3910 301 3964 καὶ.
337 3910 416 3973 τίς
446 3913 479 3981 ή
527 3908 734 3963 τούτων
770 3909 1003 3980 πρώτως
1050 3911 1197 3963 αίτία
1231 3911 1755 3981 παρασκευαστικήξ

197 4003 245 4054 εί
283 4001 385 4072 γὰρ
421 4002 496 4071 μὴ
542 4000 756 4063 τούτοις
795 4000 1187 4071 ἐπισκέῴομεν,
1231 4002 1324 4054 καὶ
1378 4002 1479 4073 τὴν
1522 4000 1760 4071 μάστιγα

198 4086 326 4144 εἶναι
359 4092 580 4160 μείζονα
612 4090 863 4162 εἴποιμεν
890 4092 957 4145 ἂν
1000 4092 1094 4145 τοῦ
1119 4087 1358 4163 ἡνιόχου,
1393 4092 1488 4145 καὶ
1518 4093 1579 4144 τὸ
1606 4091 1759 4162 βέλος

197 4184 286 4237 τοῦ
310 4183 547 4248 τοξότου,
582 4185 676 4237 καὶ
716 4186 809 4237 τὸν
859 4185 1107 4256 μαθητὴν
1153 4186 1247 4237 τοῦ
1281 4185 1630 4249 διδασκάλου,
1666 4186 1760 4237 καὶ

199 4278 352 4341 πόδας
397 4279 488 4330 ἐπὶ
526 4277 793 4348 κεφαλὴν,
816 4279 876 4331 τὸ
906 4278 969 4347 δὴ
996 4278 1308 4347 λεγόμενον,
1338 4278 1715 4349 ἀνατρέψομεν
1735 4294 1751 4309 ·

200 4368 362 4431 ἄλλως
389 4368 446 4421 δὲ
486 4369 676 4423 πάλιν·
716 4370 778 4422 Ei
820 4369 943 4422 καθ’
978 4371 1123 4441 ὑμᾶς
1177 4370 1289 4423 ἴσον
1330 4369 1492 4423 αὑτὸν
1551 4370 1761 4431 ἑαυτοῖς

201 4463 247 4513 oi
279 4461 557 4515 ἀπόστολοι
602 4461 769 4514 αὑτοῦ
818 4465 993 4534 γήϊνοι
1035 4462 1187 4526 ὄντες
1216 4462 1623 4532 διεγνώκεισαν,
1667 4465 1761 4517 καὶ

204 4553 352 4615 αὑτὸς
402 4553 429 4603 6
486 4552 692 4606 τούτων
742 4556 838 4608 καὶ
907 4555 1065 4625 ήμῶν
1120 4554 1327 4625 Κύριος
1360 4595 1375 4619 ,
1449 4556 1566 4617 πῶς
1625 4554 1760 4624 μηδὲ

1855 3448 2143 3501 seremus?
2168 3447 2359 3500 Nonne
2386 3464 2511 3503 vere
2535 3448 2997 3503 considerandum
3031 3450 3097 3504 iis
3118 3450 3210 3518 qui
3242 3450 3309 3504 de
3334 3450 3439 3506 hoc

1852 3538 2103 3607 judicare
2134 3539 2365 3602 volunt,
2394 3539 2539 3593 unde
2572 3540 2703 3594 facti
2740 3541 3073 3609 principium
3100 3581 3114 3605 ,
3146 3543 3435 3610 cujusnam

1857 3629 2118 3698 potentiae
2151 3630 2203 3683 vi
2235 3640 2452 3696 ortum,
2503 3631 2628 3699 quis
2657 3633 2854 3686 horum
2892 3634 3102 3700 primus
3151 3650 3314 3687 causa
3358 3632 3441 3689 ef-

1857 3720 2091 3775 ﬁciens?
2118 3722 2231 3776 Nisi
2260 3723 2467 3777 ctenim
2496 3723 2561 3777 ad
2596 3722 2711 3777 haec
2730 3726 3100 3789 attendamus,
3126 3725 3440 3780 diceremus

1857 3812 2087 3881 ﬂagrum
2121 3812 2311 3882 auriga
2347 3825 2630 3882 praestare,
2656 3815 2906 3885 sagittam
2940 3816 3243 3885 sagittario,
3272 3818 3441 3873 disci-

1859 3901 2049 3969 pulum
2093 3902 2357 3971 magistro
2387 3912 2462 3967 et,
2494 3912 2554 3956 ut
2583 3904 2657 3958 ita
2689 3905 2867 3958 dicam
2893 3946 2907 3969 ,
2940 3907 3107 3975 capiti
3145 3907 3314 3976 pedes
3341 3922 3440 3959 an-

1858 4002 2151 4048 tevertere.
2191 3995 2350 4050 Nunc
2403 4007 2585 4050 autem
2641 3998 2845 4051 aliter:
2878 3998 2944 4062 si,
2990 4006 3050 4052 ut
3089 3999 3437 4065 existimatis,

1858 4087 1981 4157 ejus
2007 4087 2267 4157 discipuli
2294 4130 2308 4153 ,
2334 4088 2431 4157 qui
2462 4105 2529 4143 ex
2562 4076 2709 4143 ierra
2735 4100 2891 4145 erant
2919 4132 2933 4156 ,
2961 4107 3087 4145 eum
3119 4092 3222 4146 sibi
3250 4108 3439 4162 aequa-

1859 4179 1964 4233 lem
2000 4179 2341 4246 habuissent,
2372 4198 2541 4251 quare
2577 4198 2702 4237 cum
2734 4200 2923 4237 eorum
2955 4193 3009 4238 et
3033 4196 3221 4239 noster
3257 4186 3442 4239 Domi-

1860 4288 1965 4326 nus
2009 4272 2276 4327 vetuisset
2310 4290 2377 4328 ne
2408 4291 2570 4344 quem
2608 4275 2661 4328 in
2692 4277 2857 4330 terris
2894 4285 3158 4329 vocarent
3193 4286 3285 4330 aut
3338 4291 3407 4345 pa

1861 4374 2021 4433 trem,
2052 4376 2146 4421 aut
2180 4368 2525 4437 magistrum,
2556 4378 2649 4422 aut
2674 4370 2988 4434 Dominum,
3021 4379 3115 4423 aut
3137 4378 3442 4437 pne-cepto-

1861 4474 2001 4523 rem,
2053 4460 2130 4514 illi
2186 4476 2312 4514 eum
2345 4461 2522 4530 ipsum
2544 4462 2835 4525 vocabant,
2868 4462 3157 4513 Dominum
3184 4469 3241 4513 et
3266 4460 3437 4513 Deum

1861 4562 1917 4608 et
1950 4553 2387 4623 praeceptorem?
2440 4552 2546 4607 Sed
2590 4554 2680 4607 ille
2729 4553 2847 4623 ipse
2880 4554 2974 4621 qui
3008 4553 3081 4606 ita
3118 4553 3198 4606 eis
3226 4567 3438 4621 praece-

205 4646 403 4715 πατέρα
491 4646 625 4715 μηδὲ
695 4646 860 4716 ραϐϐὶ
918 4648 1057 4716 μηδὲ
1131 4648 1319 4718 κύριον
1395 4649 1427 4717 ἢ
1511 4647 1754 4717 καθηγη-

1862 4652 2041 4712 perat,
2094 4658 2215 4711 qua:
2253 4642 2323 4696 ab
2361 4643 2442 4697 eis
2476 4644 2806 4697 dicebantur
2842 4653 2899 4697 ut
2952 4652 3101 4697 recte
3147 4643 3251 4696 sibi
3281 4643 3440 4695 attri-

203 4738 294 4808 τὴν
337 4736 520 4790 καλεῖν
580 4754 702 4789 τινα
760 4738 869 4790 τῶν
945 4739 1036 4790 ἐπὶ
1087 4740 1192 4809 γῆς
1250 4739 1752 4809 προσταττομένης,

207 4830 395 4900 Κύριον
446 4827 610 4883 αὑτὸν
664 4830 760 4882 καὶ
819 4828 952 4883 Θεὸν
995 4831 1224 4883 ἐκάλουν
1275 4832 1370 4883 καὶ
1401 4830 1756 4895 διδάσκαλονς

218 4923 364 4976 Ἀλλὰ
393 4923 485 4977 καὶ
506 4925 533 4976 6
553 4917 727 4977 ταῦτα
750 4923 932 4986 αὑτοῖς
964 4923 1295 4994 προστάξας,
1320 4924 1397 4986 ὡς
1416 4924 1598 4987 καλῶς
1628 4923 1758 4994 παρ’

210 5014 371 5068 αὐτῶν
424 5015 549 5069 τάδε
627 5015 898 5085 λεγόμενα
962 5016 1112 5087 αὑτῷ
1168 5015 1498 5086 ἀπεδέχετο,
1550 5015 1754 5070 εἰπών’

225 5103 391 5172 Ὑμεῖς
420 5104 667 5172 φωνεῖτέ
689 5113 796 5175 ’με,
845 5107 878 5158 ό
921 5106 1136 5173 Κύριος
1162 5106 1261 5160 καὶ
1297 5108 1331 5160 ό
1362 5104 1757 5171 διδάσκαλος,

214 5194 301 5247 καί
326 5195 513 5261 καλῶς
549 5196 787 5265 λέγηθ’
835 5195 953 5265 εἰμί
986 5196 1096 5265 γάρ
1122 5212 1137 5226 ·
1179 5195 1376 5250 οὐκοῦν
1409 5196 1578 5264 σαφὲς
1607 5195 1681 5258 ὡς
1712 5197 1760 5248 εί

1864 4733 1995 4787 bula
2024 4732 2536 4802 probavitdicens:
2572 4732 2666 4786 Vos
2720 4734 2916 4785 vocatis
2958 4748 3075 4785 me:
3126 4732 3347 4785 Domine
3388 4741 3437 4785 et

1861 4826 2134 4896 Magister,
2166 4835 2211 4878 et
2236 4826 2361 4879 bene
2385 4825 2554 4878 dicitis
2584 4842 2601 4878 :
2635 4842 2750 4878 sum
2778 4826 2970 4878 etenim
2990 4827 3043 4891 7;
3079 4825 3224 4879 unde
3265 4825 3441 4895 liquet.

1863 4919 1909 4973 si
1937 4918 2138 4973 similia
2163 4927 2220 4972 et
2239 4917 2406 4972 etiam
2434 4917 2641 4986 majora
2672 4917 2739 4969 ab
2772 4917 2837 4970 iis
2866 4928 3162 4987 agerentur
3191 4933 3286 4971 eos
3311 4933 3443 4971 con-

1862 5010 2038 5065 fessos
2058 5025 2300 5064 essenon
2319 5025 2385 5064 ex
2403 5010 2520 5079 pari
2540 5009 2786 5079 potentia
2810 5008 2977 5062 fuisse
2992 5008 3155 5072 facta,
3177 5008 3271 5062 sed
3287 5009 3354 5061 ab
3374 5024 3441 5062 eo

1864 5114 2123 5171 tanquam
2154 5118 2184 5155 a
2218 5102 2471 5167 Domino,
2494 5116 2525 5154 a
2556 5116 2613 5155 se
2642 5109 2825 5154 autem
2852 5108 3112 5169 tanquam
3138 5117 3168 5154 a
3194 5102 3367 5156 servis
3386 5109 3443 5156 et

1864 5192 2155 5247 ministris.

213 5290 300 5340 καὶ
327 5286 391 5340 τὰ
419 5288 610 5358 αὐτ·ὰῆ
640 5289 733 5342 καὶ
763 5288 983 5359 μείζονα
1019 5290 1170 5359 παρὰ
1196 5289 1306 5342 τῶν
1369 5290 1548 5345 αὑτῶν
1597 5289 1825 5358 ἐγίνετο,
1863 5288 1961 5358 οὑχ
2018 5287 2219 5357 ὁμοίως
2272 5286 2393 5340 οὗδέ
2430 5283 2489 5350 ἐξ
2542 5284 2743 5355 ὁμοίων
2774 5284 3024 5354 γίνεσθαι
3052 5284 3441 5357 ὡμολόγησανο

214 5380 315 5435 ἀλλ’
347 5381 406 5432 ἐκ
435 5380 589 5433 τοῦδε
643 5381 762 5449 μὲν,
796 5382 872 5445 ὡς
921 5381 1130 5453 Κυρίου
1162 5381 1363 5447 αὑτῶν,
1397 5384 1462 5435 ἐκ
1496 5382 1676 5435 τῶνδε
1705 5381 1759 5434 δὲ
1797 5381 1871 5445 ὡς
1902 5379 2103 5434 δούλων
2132 5379 2295 5434 αὑτοῦ
2328 5380 2420 5434 καὶ
2449 5378 2801 5451 λειτουργῶν.
3212 5402 3217 5405 ·

275 5475 407 5546 Πλὴν
432 5476 525 5528 καί¹
556 5476 758 5530 τούτων
806 5479 886 5541 είς
936 5477 1158 5547 ἔλεγχον
1188 5477 1287 5545 τῆς
1317 5476 1622 5546 ἀποτομίας
1649 5476 1759 5529 τῶν

214 5565 495 5637 εἰρημέιων
547 5565 695 5636 ὑμῖν.
744 5606 758 5620 .
801 5606 815 5620 .
859 5565 941 5620 ἔτι
996 5566 1193 5637 μαθεῖν
1253 5566 1403 5636 ὅμως
1458 5563 1760 5636 βουλόμεθα

216 5659 329 5731 παρ’
356 5657 527 5729 ὑμῶν,
559 5657 662 5712 ποῦ
708 5658 741 5729 ἢ
787 5659 917 5713 πότε
946 5654 1093 5715 οῦτοι
1124 5662 1173 5713 εί
1205 5661 1300 5713 καὶ
1319 5660 1387 5713 τὰ
1420 5658 1579 5714 αὑτὰ.
1622 5697 1641 5714 .
1682 5697 1697 5711 .
1744 5697 1760 5713 .

219 5751 342 5805 κατὰ
364 5750 451 5805 τόν
491 5750 653 5805 αὐτὸν
686 5752 888 5822 τρόπον
916 5753 1067 5825 αὑτῷ
1096 5754 1270 5809 ταῦτα
1304 5752 1690 5827 προεϐάλοντο,
1723 5752 1756 5820 ἢ

285 5929 464 5985 'Joan.
507 5945 626 5996 xm,
660 5930 745 5984 15.

1936 5477 2229 5540 Prmterca,
2260 5474 2328 5529 ad
2366 5473 2842 5529 conﬁrmationem
2868 5487 3059 5527 eorum
3086 5486 3207 5541 qum
3229 5486 3260 5525 a
3283 5468 3443 5524 vobis

1866 5566 2245 5622 dicuntur.....
2282 5581 2313 5620 a
2337 5564 2496 5620 vobis
2516 5567 2682 5620 etiam
2723 5564 2938 5619 discere
2976 5562 3213 5618 velimus
3262 5560 3355 5615 ubi
3389 5569 3446 5615 et

1867 5660 2092 5729 quando
2123 5658 2201 5715 illi
2231 5659 2278 5714 si
2302 5659 2611 5714 eadem.....
2640 5657 2833 5713 eodem
2864 5656 3029 5711 modo
3058 5672 3123 5711 ac
3149 5654 3252 5725 ipsi
3284 5653 3437 5707 face-

1869 5744 2012 5817 rent,
2051 5750 2133 5805 vel
2155 5764 2213 5807 se
2242 5748 2480 5821 aequales
2513 5748 2589 5805 illi
2625 5748 2681 5804 in
2711 5747 2792 5805 eis
2825 5762 2947 5819 qua}
2972 5762 3139 5819 supra
3168 5743 3449 5799 hominem
