  <div class='ocr_page' id='page_1' title='image "/cluster/home/n/w/nwhite01/storage/ocr_20150623/86:1/hvd.32044019208909/747.png"; bbox 0 0 4032 6576; ppageno 0'>
   <div class='ocr_carea' id='block_1_1' title="bbox 449 493 589 559">
    <p class='ocr_par' dir='ltr' id='par_1_1' title="bbox 449 493 589 559">
     <span class='ocr_line' id='line_1_1' title="bbox 449 493 589 559; baseline 0 -1"><span class='ocrx_word' id='word_1_1' title='bbox 449 493 472 558; x_wconf 85' lang='grc'><strong>1</strong></span> <span class='ocrx_word' id='word_1_2' title='bbox 484 494 589 559; x_wconf 70' lang='grc' dir='ltr'><strong>ιτθ</strong></span> 
     </span>
    </p>
   </div>
   <div class='ocr_carea' id='block_1_2' title="bbox 1719 482 2537 545">
    <p class='ocr_par' dir='ltr' id='par_1_2' title="bbox 1719 482 2537 545">
     <span class='ocr_line' id='line_1_2' title="bbox 1719 482 2537 545; baseline -0.001 -1"><span class='ocrx_word' id='word_1_3' title='bbox 1719 482 2026 544; x_wconf 77' lang='lat' dir='ltr'><strong>LEONTII</strong></span> <span class='ocrx_word' id='word_1_4' title='bbox 2064 482 2472 545; x_wconf 62' lang='grc' dir='ltr'><strong>ΒῙἚΛΝΤῙΝΙ</strong></span> <span class='ocrx_word' id='word_1_5' title='bbox 2529 503 2537 512; x_wconf 89' lang='grc'>·</span> 
     </span>
    </p>
   </div>
   <div class='ocr_carea' id='block_1_3' title="bbox 3593 469 3741 534">
    <p class='ocr_par' dir='ltr' id='par_1_3' title="bbox 3593 469 3741 534">
     <span class='ocr_line' id='line_1_3' title="bbox 3593 469 3741 534; baseline 0 0"><span class='ocrx_word' id='word_1_6' title='bbox 3593 469 3741 534; x_wconf 73' lang='grc'><strong>1480</strong></span> 
     </span>
    </p>
   </div>
   <div class='ocr_carea' id='block_1_4' title="bbox 440 583 2056 668">
    <p class='ocr_par' dir='ltr' id='par_1_4' title="bbox 440 589 2044 668">
     <span class='ocr_line' id='line_1_4' title="bbox 440 589 2044 668; baseline -0.011 -7"><span class='ocrx_word' id='word_1_7' title='bbox 440 613 623 668; x_wconf 88' lang='lat' dir='ltr'><strong>erant,</strong></span> <span class='ocrx_word' id='word_1_8' title='bbox 666 589 967 655; x_wconf 81' lang='lat' dir='ltr'><strong>baberent?</strong></span> <span class='ocrx_word' id='word_1_9' title='bbox 999 595 1097 651; x_wconf 89' lang='lat' dir='ltr'><strong>llle</strong></span> <span class='ocrx_word' id='word_1_10' title='bbox 1143 592 1292 650; x_wconf 88' lang='lat' dir='ltr'><strong>enim</strong></span> <span class='ocrx_word' id='word_1_11' title='bbox 1320 592 1650 649; x_wconf 89' lang='lat' dir='ltr'><strong>auctoritate</strong></span> <span class='ocrx_word' id='word_1_12' title='bbox 1687 603 1744 647; x_wconf 91' lang='lat' dir='ltr'><strong>et</strong></span> <span class='ocrx_word' id='word_1_13' title='bbox 1770 599 2044 662; x_wconf 84' lang='lat' dir='ltr'><strong>potestate</strong></span> 
     </span>
    </p>
   </div>
   <div class='ocr_carea' id='block_1_5' title="bbox 2158 583 3738 668">
    <p class='ocr_par' dir='ltr' id='par_1_5' title="bbox 2158 583 3738 660">
     <span class='ocr_line' id='line_1_5' title="bbox 2158 583 3738 660; baseline -0.003 -16"><span class='ocrx_word' id='word_1_14' title='bbox 2158 591 2346 660; x_wconf 82' lang='grc' dir='ltr'>5μοίως</span> <span class='ocrx_word' id='word_1_15' title='bbox 2374 589 2528 660; x_wconf 86' lang='grc' dir='ltr'>αὑτῷ</span> <span class='ocrx_word' id='word_1_16' title='bbox 2572 589 2631 642; x_wconf 79' lang='grc' dir='ltr'>ὲν</span> <span class='ocrx_word' id='word_1_17' title='bbox 2671 587 2789 650; x_wconf 77' lang='grc' dir='ltr'>τοῖς</span> <span class='ocrx_word' id='word_1_18' title='bbox 2830 584 2974 654; x_wconf 83' lang='grc' dir='ltr'>ὑπὲρ</span> <span class='ocrx_word' id='word_1_19' title='bbox 3008 583 3296 654; x_wconf 75' lang='grc' dir='ltr'>ἄνθρωπον</span> <span class='ocrx_word' id='word_1_20' title='bbox 3325 584 3738 654; x_wconf 76' lang='grc' dir='ltr'>ὲγνωρίζοντο;</span> 
     </span>
    </p>
   </div>
   <div class='ocr_carea' id='block_1_6' title="bbox 441 684 2042 770">
    <p class='ocr_par' dir='ltr' id='par_1_6' title="bbox 441 684 2042 770">
     <span class='ocr_line' id='line_1_6' title="bbox 441 684 2042 770; baseline -0.011 -17"><span class='ocrx_word' id='word_1_21' title='bbox 441 691 924 770; x_wconf 87' lang='lat' dir='ltr'><strong>propria,propria</strong></span> <span class='ocrx_word' id='word_1_22' title='bbox 945 703 1168 761; x_wconf 89' lang='lat' dir='ltr'><strong>quoque</strong></span> <span class='ocrx_word' id='word_1_23' title='bbox 1205 687 1456 759; x_wconf 74' lang='lat' dir='ltr'><strong>iussione</strong></span> <span class='ocrx_word' id='word_1_24' title='bbox 1491 685 1669 740; x_wconf 79' lang='lat' dir='ltr'><strong>dixit:</strong></span> <span class='ocrx_word' id='word_1_25' title='bbox 1701 684 1850 747; x_wconf 83' lang='lat' dir='ltr'><strong>Volo,</strong></span> <span class='ocrx_word' id='word_1_26' title='bbox 1887 701 2042 736; x_wconf 85' lang='lat' dir='ltr'><strong>mun-</strong></span> 
     </span>
    </p>
   </div>
   <div class='ocr_carea' id='block_1_7' title="bbox 443 775 2038 854">
    <p class='ocr_par' dir='ltr' id='par_1_7' title="bbox 443 775 2038 854">
     <span class='ocr_line' id='line_1_7' title="bbox 443 775 2038 854; baseline -0.01 -10"><span class='ocrx_word' id='word_1_27' title='bbox 443 792 574 844; x_wconf 83' lang='lat' dir='ltr'><strong><em>dare</em></strong></span> <span class='ocrx_word' id='word_1_28' title='bbox 603 788 625 818; x_wconf 83' lang='grc'>⁸</span> <span class='ocrx_word' id='word_1_29' title='bbox 648 806 663 854; x_wconf 85' lang='grc'>;</span> <span class='ocrx_word' id='word_1_30' title='bbox 686 785 785 839; x_wconf 85' lang='lat' dir='ltr'><strong>illi</strong></span> <span class='ocrx_word' id='word_1_31' title='bbox 821 791 1005 838; x_wconf 87' lang='lat' dir='ltr'><strong>autem</strong></span> <span class='ocrx_word' id='word_1_32' title='bbox 1042 799 1057 835; x_wconf 88' lang='lat'><strong>:</strong></span> <span class='ocrx_word' id='word_1_33' title='bbox 1097 780 1162 835; x_wconf 86' lang='lat' dir='ltr'><strong>In</strong></span> <span class='ocrx_word' id='word_1_34' title='bbox 1198 780 1403 834; x_wconf 79' lang='lat' dir='ltr'><strong>nomini</strong></span> <span class='ocrx_word' id='word_1_35' title='bbox 1431 779 1557 832; x_wconf 72' lang='lat' dir='ltr'><strong>Iesu</strong></span> <span class='ocrx_word' id='word_1_36' title='bbox 1607 776 1801 832; x_wconf 75' lang='lat' dir='ltr'><strong>Christi</strong></span> <span class='ocrx_word' id='word_1_37' title='bbox 1855 775 2038 829; x_wconf 83' lang='lat' dir='ltr'><strong>Naza-</strong></span> 
     </span>
    </p>
   </div>
   <div class='ocr_carea' id='block_1_8' title="bbox 414 868 2040 946">
    <p class='ocr_par' dir='ltr' id='par_1_8' title="bbox 414 868 2040 946">
     <span class='ocr_line' id='line_1_8' title="bbox 414 868 2040 946; baseline -0.008 -11"><span class='ocrx_word' id='word_1_38' title='bbox 414 893 416 901; x_wconf 91' lang='lat'>&#39;</span> <span class='ocrx_word' id='word_1_39' title='bbox 445 883 583 946; x_wconf 84' lang='lat' dir='ltr'><strong>reni,</strong></span> <span class='ocrx_word' id='word_1_40' title='bbox 615 879 907 942; x_wconf 82' lang='lat' dir='ltr'><strong>dicebant,</strong></span> <span class='ocrx_word' id='word_1_41' title='bbox 959 890 1117 946; x_wconf 75' lang='lat' dir='ltr'><strong>surge</strong></span> <span class='ocrx_word' id='word_1_42' title='bbox 1146 883 1196 928; x_wconf 84' lang='lat' dir='ltr'><strong>et</strong></span> <span class='ocrx_word' id='word_1_43' title='bbox 1228 871 1512 937; x_wconf 79' lang='lat' dir='ltr'><strong>ambula’;</strong></span> <span class='ocrx_word' id='word_1_44' title='bbox 1567 883 1696 925; x_wconf 90' lang='lat' dir='ltr'><strong>ecce</strong></span> <span class='ocrx_word' id='word_1_45' title='bbox 1749 868 2040 922; x_wconf 81' lang='lat' dir='ltr'><strong>manifeste</strong></span> 
     </span>
    </p>
   </div>
   <div class='ocr_carea' id='block_1_9' title="bbox 444 953 2043 1040">
    <p class='ocr_par' dir='ltr' id='par_1_9' title="bbox 444 953 2043 1040">
     <span class='ocr_line' id='line_1_9' title="bbox 444 953 2043 1040; baseline -0.012 -10"><span class='ocrx_word' id='word_1_46' title='bbox 444 973 854 1034; x_wconf 82' lang='lat' dir='ltr'><strong>confitebantur</strong></span> <span class='ocrx_word' id='word_1_47' title='bbox 887 970 1009 1040; x_wconf 85' lang='lat' dir='ltr'><strong>ejus</strong></span> <span class='ocrx_word' id='word_1_48' title='bbox 1056 982 1180 1022; x_wconf 90' lang='lat' dir='ltr'><strong>esse</strong></span> <span class='ocrx_word' id='word_1_49' title='bbox 1213 953 1539 1036; x_wconf 86' lang='lat' dir='ltr'><strong>potentiam,</strong></span> <span class='ocrx_word' id='word_1_50' title='bbox 1576 962 1662 1016; x_wconf 91' lang='lat' dir='ltr'><strong>sui</strong></span> <span class='ocrx_word' id='word_1_51' title='bbox 1705 968 1890 1014; x_wconf 89' lang='lat' dir='ltr'><strong>autem</strong></span> <span class='ocrx_word' id='word_1_52' title='bbox 1933 958 2043 1012; x_wconf 88' lang='lat' dir='ltr'><strong>mi-</strong></span> 
     </span>
    </p>
   </div>
   <div class='ocr_carea' id='block_1_10' title="bbox 445 1049 2045 1130">
    <p class='ocr_par' dir='ltr' id='par_1_10' title="bbox 445 1049 2045 1130">
     <span class='ocr_line' id='line_1_10' title="bbox 445 1049 2045 1130; baseline -0.012 -11"><span class='ocrx_word' id='word_1_53' title='bbox 445 1081 480 1119; x_wconf 88' lang='lat' dir='ltr'><strong>n</strong></span> <span class='ocrx_word' id='word_1_54' title='bbox 507 1062 770 1128; x_wconf 73' lang='lat' dir='ltr'><strong>stet-iam:</strong></span> <span class='ocrx_word' id='word_1_55' title='bbox 821 1076 947 1130; x_wconf 63' lang='lat' dir='ltr'><strong>quae</strong></span> <span class='ocrx_word' id='word_1_56' title='bbox 991 1057 1142 1112; x_wconf 89' lang='lat' dir='ltr'><strong>enim</strong></span> <span class='ocrx_word' id='word_1_57' title='bbox 1168 1061 1268 1126; x_wconf 86' lang='lat' dir='ltr'><strong>per</strong></span> <span class='ocrx_word' id='word_1_58' title='bbox 1302 1053 1578 1108; x_wconf 81' lang='lat' dir='ltr'><strong>mirabilia</strong></span> <span class='ocrx_word' id='word_1_59' title='bbox 1621 1049 2045 1114; x_wconf 86' lang='lat' dir='ltr'><strong>ministrabant,</strong></span> 
     </span>
    </p>
   </div>
   <div class='ocr_carea' id='block_1_11' title="bbox 449 1140 2046 1208">
    <p class='ocr_par' dir='ltr' id='par_1_11' title="bbox 449 1140 2046 1208">
     <span class='ocr_line' id='line_1_11' title="bbox 449 1140 2046 1208; baseline -0.011 1"><span class='ocrx_word' id='word_1_60' title='bbox 449 1155 556 1208; x_wconf 88' lang='lat' dir='ltr'><strong>hoc</strong></span> <span class='ocrx_word' id='word_1_61' title='bbox 602 1168 670 1206; x_wconf 81' lang='lat' dir='ltr'><strong>ex</strong></span> <span class='ocrx_word' id='word_1_62' title='bbox 726 1150 834 1205; x_wconf 82' lang='lat' dir='ltr'><strong>(ide</strong></span> <span class='ocrx_word' id='word_1_63' title='bbox 893 1149 950 1203; x_wconf 90' lang='lat' dir='ltr'><strong>in</strong></span> <span class='ocrx_word' id='word_1_64' title='bbox 988 1161 1151 1202; x_wconf 89' lang='lat' dir='ltr'><strong>suum</strong></span> <span class='ocrx_word' id='word_1_65' title='bbox 1197 1145 1518 1208; x_wconf 86' lang='lat' dir='ltr'><strong>Dominum,</strong></span> <span class='ocrx_word' id='word_1_66' title='bbox 1556 1142 1664 1196; x_wconf 87' lang='lat' dir='ltr'><strong>hoc</strong></span> <span class='ocrx_word' id='word_1_67' title='bbox 1691 1142 1837 1197; x_wconf 82' lang='lat' dir='ltr'><strong>enim</strong></span> <span class='ocrx_word' id='word_1_68' title='bbox 1867 1140 2046 1194; x_wconf 91' lang='lat' dir='ltr'><strong>solum</strong></span> 
     </span>
    </p>
   </div>
   <div class='ocr_carea' id='block_1_12' title="bbox 448 1231 2045 1313">
    <p class='ocr_par' dir='ltr' id='par_1_12' title="bbox 448 1231 2045 1313">
     <span class='ocr_line' id='line_1_12' title="bbox 448 1231 2045 1313; baseline -0.01 -13"><span class='ocrx_word' id='word_1_69' title='bbox 448 1243 809 1313; x_wconf 83' lang='lat' dir='ltr'><strong>satagebant;</strong></span> <span class='ocrx_word' id='word_1_70' title='bbox 861 1238 996 1308; x_wconf 89' lang='lat' dir='ltr'><strong>quin</strong></span> <span class='ocrx_word' id='word_1_71' title='bbox 1031 1238 1143 1290; x_wconf 91' lang='lat' dir='ltr'><strong>imo</strong></span> <span class='ocrx_word' id='word_1_72' title='bbox 1172 1235 1411 1289; x_wconf 90' lang='lat' dir='ltr'><strong>ubinam</strong></span> <span class='ocrx_word' id='word_1_73' title='bbox 1460 1231 1752 1302; x_wconf 90' lang='lat' dir='ltr'><strong>proprium</strong></span> <span class='ocrx_word' id='word_1_74' title='bbox 1777 1231 1876 1284; x_wconf 92' lang='lat' dir='ltr'><strong>Dei</strong></span> <span class='ocrx_word' id='word_1_75' title='bbox 1910 1231 2045 1285; x_wconf 91' lang='lat' dir='ltr'><strong>cah-</strong></span> 
     </span>
    </p>
   </div>
   <div class='ocr_carea' id='block_1_13' title="bbox 451 1319 2046 1393">
    <p class='ocr_par' dir='ltr' id='par_1_13' title="bbox 451 1319 2046 1393">
     <span class='ocr_line' id='line_1_13' title="bbox 451 1319 2046 1393; baseline -0.01 -5"><span class='ocrx_word' id='word_1_76' title='bbox 451 1331 902 1393; x_wconf 89' lang='lat' dir='ltr'><strong>racteristicum,</strong></span> <span class='ocrx_word' id='word_1_77' title='bbox 953 1325 1296 1382; x_wconf 87' lang='lat' dir='ltr'><strong>creationem</strong></span> <span class='ocrx_word' id='word_1_78' title='bbox 1341 1322 1599 1386; x_wconf 90' lang='lat' dir='ltr'><strong>scilicet,</strong></span> <span class='ocrx_word' id='word_1_79' title='bbox 1649 1320 1796 1375; x_wconf 87' lang='lat' dir='ltr'><strong>sicut</strong></span> <span class='ocrx_word' id='word_1_80' title='bbox 1839 1320 1954 1390; x_wconf 90' lang='lat' dir='ltr'><strong>ipse</strong></span> <span class='ocrx_word' id='word_1_81' title='bbox 1990 1319 2046 1373; x_wconf 93' lang='lat' dir='ltr'><strong>in</strong></span> 
     </span>
    </p>
   </div>
   <div class='ocr_carea' id='block_1_14' title="bbox 449 1411 2048 1485">
    <p class='ocr_par' dir='ltr' id='par_1_14' title="bbox 449 1411 2048 1485">
     <span class='ocr_line' id='line_1_14' title="bbox 449 1411 2048 1485; baseline -0.01 -5"><span class='ocrx_word' id='word_1_82' title='bbox 449 1441 656 1481; x_wconf 63' lang='lat' dir='ltr'><strong>caecum</strong></span> <span class='ocrx_word' id='word_1_83' title='bbox 681 1439 710 1477; x_wconf 91' lang='lat' dir='ltr'><strong>a</strong></span> <span class='ocrx_word' id='word_1_84' title='bbox 745 1422 1036 1476; x_wconf 80' lang='lat' dir='ltr'><strong>nativitate</strong></span> <span class='ocrx_word' id='word_1_85' title='bbox 1063 1459 1077 1484; x_wconf 97' lang='lat'><strong>,</strong></span> <span class='ocrx_word' id='word_1_86' title='bbox 1118 1416 1196 1471; x_wconf 90' lang='lat' dir='ltr'><strong>illi</strong></span> <span class='ocrx_word' id='word_1_87' title='bbox 1237 1430 1460 1485; x_wconf 87' lang='lat' dir='ltr'><strong>quoque</strong></span> <span class='ocrx_word' id='word_1_88' title='bbox 1490 1413 1887 1483; x_wconf 86' lang='lat' dir='ltr'><strong>protulerunt?</strong></span> <span class='ocrx_word' id='word_1_89' title='bbox 1941 1411 2048 1478; x_wconf 87' lang='lat' dir='ltr'><strong>Qui</strong></span> 
     </span>
    </p>
   </div>
   <div class='ocr_carea' id='block_1_15' title="bbox 449 1503 2049 1576">
    <p class='ocr_par' dir='ltr' id='par_1_15' title="bbox 449 1503 2049 1576">
     <span class='ocr_line' id='line_1_15' title="bbox 449 1503 2049 1576; baseline -0.007 -9"><span class='ocrx_word' id='word_1_90' title='bbox 449 1513 599 1567; x_wconf 89' lang='lat' dir='ltr'><strong>enim</strong></span> <span class='ocrx_word' id='word_1_91' title='bbox 627 1510 884 1565; x_wconf 83' lang='lat' dir='ltr'><strong>vitaliora</strong></span> <span class='ocrx_word' id='word_1_92' title='bbox 917 1518 973 1563; x_wconf 90' lang='lat' dir='ltr'><strong>et</strong></span> <span class='ocrx_word' id='word_1_93' title='bbox 1005 1508 1167 1576; x_wconf 88' lang='lat' dir='ltr'><strong>plura</strong></span> <span class='ocrx_word' id='word_1_94' title='bbox 1223 1504 1472 1574; x_wconf 89' lang='lat' dir='ltr'><strong>corporis</strong></span> <span class='ocrx_word' id='word_1_95' title='bbox 1521 1503 1750 1557; x_wconf 88' lang='lat' dir='ltr'><strong>humani</strong></span> <span class='ocrx_word' id='word_1_96' title='bbox 1800 1503 2049 1558; x_wconf 89' lang='lat' dir='ltr'><strong>membra</strong></span> 
     </span>
    </p>
   </div>
   <div class='ocr_carea' id='block_1_16' title="bbox 451 1594 2050 1667">
    <p class='ocr_par' dir='ltr' id='par_1_16' title="bbox 451 1594 2050 1667">
     <span class='ocr_line' id='line_1_16' title="bbox 451 1594 2050 1667; baseline -0.006 -9"><span class='ocrx_word' id='word_1_97' title='bbox 451 1620 482 1657; x_wconf 89' lang='lat' dir='ltr'><strong>e</strong></span> <span class='ocrx_word' id='word_1_98' title='bbox 510 1606 628 1658; x_wconf 91' lang='lat' dir='ltr'><strong>luto</strong></span> <span class='ocrx_word' id='word_1_99' title='bbox 661 1602 840 1666; x_wconf 82' lang='lat' dir='ltr'><strong>ﬁnxit,</strong></span> <span class='ocrx_word' id='word_1_100' title='bbox 871 1599 918 1653; x_wconf 91' lang='lat' dir='ltr'><strong>is</strong></span> <span class='ocrx_word' id='word_1_101' title='bbox 967 1614 1065 1667; x_wconf 88' lang='lat' dir='ltr'><strong>per</strong></span> <span class='ocrx_word' id='word_1_102' title='bbox 1105 1611 1278 1650; x_wconf 91' lang='lat' dir='ltr'><strong>unum</strong></span> <span class='ocrx_word' id='word_1_103' title='bbox 1314 1594 1626 1649; x_wconf 86' lang='lat' dir='ltr'><strong>membrum</strong></span> <span class='ocrx_word' id='word_1_104' title='bbox 1657 1594 1944 1658; x_wconf 89' lang='lat' dir='ltr'><strong>ostendit,</strong></span> <span class='ocrx_word' id='word_1_105' title='bbox 1989 1609 2050 1650; x_wconf 90' lang='lat' dir='ltr'><strong>se</strong></span> 
     </span>
    </p>
   </div>
   <div class='ocr_carea' id='block_1_17' title="bbox 463 1687 2050 1762">
    <p class='ocr_par' dir='ltr' id='par_1_17' title="bbox 463 1687 2050 1762">
     <span class='ocr_line' id='line_1_17' title="bbox 463 1687 2050 1762; baseline -0.008 -11"><span class='ocrx_word' id='word_1_106' title='bbox 463 1696 692 1750; x_wconf 81' lang='lat' dir='ltr'><strong>tinxisse</strong></span> <span class='ocrx_word' id='word_1_107' title='bbox 757 1709 824 1747; x_wconf 82' lang='lat' dir='ltr'><strong>ex</strong></span> <span class='ocrx_word' id='word_1_108' title='bbox 886 1692 1003 1745; x_wconf 89' lang='lat' dir='ltr'><strong>luto</strong></span> <span class='ocrx_word' id='word_1_109' title='bbox 1066 1687 1312 1744; x_wconf 88' lang='lat' dir='ltr'><strong>hominis</strong></span> <span class='ocrx_word' id='word_1_110' title='bbox 1372 1702 1578 1758; x_wconf 89' lang='lat' dir='ltr'><strong>corpus</strong></span> <span class='ocrx_word' id='word_1_111' title='bbox 1633 1703 1664 1742; x_wconf 91' lang='lat' dir='ltr'><strong>a</strong></span> <span class='ocrx_word' id='word_1_112' title='bbox 1725 1687 2050 1762; x_wconf 77' lang='lat' dir='ltr'><strong>principio;</strong></span> 
     </span>
    </p>
   </div>
   <div class='ocr_carea' id='block_1_18' title="bbox 2142 673 3744 750">
    <p class='ocr_par' dir='ltr' id='par_1_18' title="bbox 2142 673 3744 750">
     <span class='ocr_line' id='line_1_18' title="bbox 2142 673 3744 750; baseline -0.004 -17"><span class='ocrx_word' id='word_1_113' title='bbox 2142 683 2171 734; x_wconf 89' lang='grc' dir='ltr'>ὁ</span> <span class='ocrx_word' id='word_1_114' title='bbox 2213 679 2313 749; x_wconf 81' lang='grc' dir='ltr'>μὲν</span> <span class='ocrx_word' id='word_1_115' title='bbox 2361 681 2471 750; x_wconf 82' lang='grc' dir='ltr'><strong>γάρ</strong></span> <span class='ocrx_word' id='word_1_116' title='bbox 2529 676 2931 748; x_wconf 74' lang='grc' dir='ltr'>αὑθεντιᾳκαὶ</span> <span class='ocrx_word' id='word_1_117' title='bbox 2975 675 3195 745; x_wconf 76' lang='grc' dir='ltr'>ἐξουσίᾳ</span> <span class='ocrx_word' id='word_1_118' title='bbox 3243 673 3353 745; x_wconf 70' lang='grc' dir='ltr'><strong>ἰδίᾳ</strong></span> <span class='ocrx_word' id='word_1_119' title='bbox 3398 675 3498 728; x_wconf 78' lang='grc' dir='ltr'>καὶ</span> <span class='ocrx_word' id='word_1_120' title='bbox 3541 675 3744 744; x_wconf 75' lang='grc' dir='ltr'>οἰκείῳ</span> 
     </span>
    </p>
   </div>
   <div class='ocr_carea' id='block_1_19' title="bbox 2151 761 3739 842">
    <p class='ocr_par' dir='ltr' id='par_1_19' title="bbox 2151 761 3739 842">
     <span class='ocr_line' id='line_1_19' title="bbox 2151 761 3739 842; baseline -0.002 -19"><span class='ocrx_word' id='word_1_121' title='bbox 2151 773 2561 842; x_wconf 72' lang='grc' dir='ltr'><strong>προστάγματι,</strong></span> <span class='ocrx_word' id='word_1_122' title='bbox 2593 771 2767 838; x_wconf 72' lang='grc' dir='ltr'>ἔλεγε·</span> <span class='ocrx_word' id='word_1_123' title='bbox 2799 769 2982 835; x_wconf 75' lang='grc' dir='ltr'>θέλω,</span> <span class='ocrx_word' id='word_1_124' title='bbox 3002 767 3426 835; x_wconf 66' lang='grc' dir='ltr'>καθαρίσθητι*</span> <span class='ocrx_word' id='word_1_125' title='bbox 3455 761 3602 820; x_wconf 74' lang='grc' dir='ltr'>οὗτοι</span> <span class='ocrx_word' id='word_1_126' title='bbox 3627 767 3690 820; x_wconf 79' lang='grc' dir='ltr'><strong>δέ</strong></span> <span class='ocrx_word' id='word_1_127' title='bbox 3721 782 3739 796; x_wconf 83' lang='grc'>⁶</span> 
     </span>
    </p>
   </div>
   <div class='ocr_carea' id='block_1_20' title="bbox 2156 857 3740 930">
    <p class='ocr_par' dir='ltr' id='par_1_20' title="bbox 2156 857 3740 930">
     <span class='ocr_line' id='line_1_20' title="bbox 2156 857 3740 930; baseline -0.005 -12"><span class='ocrx_word' id='word_1_128' title='bbox 2156 864 2258 918; x_wconf 78' lang='grc' dir='ltr'><em>Ἐν</em></span> <span class='ocrx_word' id='word_1_129' title='bbox 2277 864 2357 929; x_wconf 86' lang='grc' dir='ltr'>τῷ</span> <span class='ocrx_word' id='word_1_130' title='bbox 2388 865 2634 930; x_wconf 81' lang='grc' dir='ltr'>ὀνόματι</span> <span class='ocrx_word' id='word_1_131' title='bbox 2667 861 2862 928; x_wconf 83' lang='grc' dir='ltr'><strong>Ἰησοῦ</strong></span> <span class='ocrx_word' id='word_1_132' title='bbox 2909 859 3166 928; x_wconf 76' lang='grc' dir='ltr'><strong>Χριστοῦ</strong></span> <span class='ocrx_word' id='word_1_133' title='bbox 3204 859 3310 913; x_wconf 85' lang='grc' dir='ltr'><strong>τοῦ</strong></span> <span class='ocrx_word' id='word_1_134' title='bbox 3365 857 3740 927; x_wconf 75' lang='grc' dir='ltr'>Ναζωραίου,</span> 
     </span>
    </p>
   </div>
   <div class='ocr_carea' id='block_1_21' title="bbox 2148 949 3745 1026">
    <p class='ocr_par' dir='ltr' id='par_1_21' title="bbox 2148 949 3745 1026">
     <span class='ocr_line' id='line_1_21' title="bbox 2148 949 3745 1026; baseline -0.006 -16"><span class='ocrx_word' id='word_1_135' title='bbox 2148 955 2373 1026; x_wconf 77' lang='grc' dir='ltr'>ἐγειραι</span> <span class='ocrx_word' id='word_1_136' title='bbox 2394 954 2492 1009; x_wconf 81' lang='grc' dir='ltr'>καὶ</span> <span class='ocrx_word' id='word_1_137' title='bbox 2537 953 2865 1022; x_wconf 78' lang='grc' dir='ltr'>περιπάτει,</span> <span class='ocrx_word' id='word_1_138' title='bbox 2896 952 3181 1026; x_wconf 60' lang='grc' dir='ltr'>λέγοντεςξ</span> <span class='ocrx_word' id='word_1_139' title='bbox 3213 951 3322 1005; x_wconf 73' lang='grc' dir='ltr'><strong>ιδοὺ</strong></span> <span class='ocrx_word' id='word_1_140' title='bbox 3356 951 3548 1020; x_wconf 79' lang='grc' dir='ltr'>σαφῶς</span> <span class='ocrx_word' id='word_1_141' title='bbox 3590 949 3745 1003; x_wconf 70' lang='grc' dir='ltr'>ὲκεί-</span> 
     </span>
    </p>
   </div>
   <div class='ocr_carea' id='block_1_22' title="bbox 2146 1025 3744 1118">
    <p class='ocr_par' dir='ltr' id='par_1_22' title="bbox 2146 1025 3744 1118">
     <span class='ocr_line' id='line_1_22' title="bbox 2146 1025 3744 1118; baseline -0.004 -17"><span class='ocrx_word' id='word_1_142' title='bbox 2146 1025 2241 1101; x_wconf 85' lang='grc' dir='ltr'><strong>νου</strong></span> <span class='ocrx_word' id='word_1_143' title='bbox 2287 1043 2429 1100; x_wconf 78' lang='grc' dir='ltr'>εἶναι</span> <span class='ocrx_word' id='word_1_144' title='bbox 2474 1046 2572 1118; x_wconf 80' lang='grc' dir='ltr'>τὴν</span> <span class='ocrx_word' id='word_1_145' title='bbox 2615 1047 2919 1118; x_wconf 76' lang='grc' dir='ltr'><strong>ἐνέργειαν,</strong></span> <span class='ocrx_word' id='word_1_146' title='bbox 2965 1025 3234 1098; x_wconf 59' lang='grc' dir='ltr'>αὑτῶνϐὲ</span> <span class='ocrx_word' id='word_1_147' title='bbox 3269 1043 3371 1112; x_wconf 79' lang='grc' dir='ltr'>τὴν</span> <span class='ocrx_word' id='word_1_148' title='bbox 3421 1041 3744 1113; x_wconf 75' lang='grc' dir='ltr'><strong>ὑπουργίαν</strong></span> 
     </span>
    </p>
   </div>
   <div class='ocr_carea' id='block_1_23' title="bbox 2151 1133 3740 1212">
    <p class='ocr_par' dir='ltr' id='par_1_23' title="bbox 2151 1133 3740 1212">
     <span class='ocr_line' id='line_1_23' title="bbox 2151 1133 3740 1212; baseline -0.007 -17"><span class='ocrx_word' id='word_1_149' title='bbox 2151 1142 2386 1212; x_wconf 85' lang='grc' dir='ltr'>μάλιστα</span> <span class='ocrx_word' id='word_1_150' title='bbox 2415 1139 2734 1210; x_wconf 85' lang='grc' dir='ltr'>ὡμολόγουν</span> <span class='ocrx_word' id='word_1_151' title='bbox 2755 1155 2770 1168; x_wconf 73' lang='grc' dir='ltr'><strong><em>ο</em></strong></span> <span class='ocrx_word' id='word_1_152' title='bbox 2811 1138 2906 1191; x_wconf 81' lang='grc' dir='ltr'>καὶ</span> <span class='ocrx_word' id='word_1_153' title='bbox 2935 1135 3209 1208; x_wconf 81' lang='grc' dir='ltr'>αὑτὺ’γάρ</span> <span class='ocrx_word' id='word_1_154' title='bbox 3238 1133 3376 1196; x_wconf 84' lang='grc' dir='ltr'>ὅλως</span> <span class='ocrx_word' id='word_1_155' title='bbox 3403 1134 3468 1186; x_wconf 83' lang='grc' dir='ltr'>τδ</span> <span class='ocrx_word' id='word_1_156' title='bbox 3500 1133 3593 1186; x_wconf 79' lang='grc' dir='ltr'><strong>ὑπ’</strong></span> <span class='ocrx_word' id='word_1_157' title='bbox 3628 1133 3740 1186; x_wconf 73' lang='grc' dir='ltr'>αὑ-</span> 
     </span>
    </p>
   </div>
   <div class='ocr_carea' id='block_1_24' title="bbox 2145 1225 3741 1302">
    <p class='ocr_par' dir='ltr' id='par_1_24' title="bbox 2145 1225 3741 1302">
     <span class='ocr_line' id='line_1_24' title="bbox 2145 1225 3741 1302; baseline -0.007 -15"><span class='ocrx_word' id='word_1_158' title='bbox 2145 1233 2255 1287; x_wconf 82' lang='grc' dir='ltr'><strong>τῶν</strong></span> <span class='ocrx_word' id='word_1_159' title='bbox 2287 1231 2717 1302; x_wconf 79' lang='grc' dir='ltr'>διακονούμενον</span> <span class='ocrx_word' id='word_1_160' title='bbox 2751 1229 2840 1283; x_wconf 79' lang='grc' dir='ltr'>διὰ</span> <span class='ocrx_word' id='word_1_161' title='bbox 2871 1228 2979 1281; x_wconf 85' lang='grc' dir='ltr'>τῶν</span> <span class='ocrx_word' id='word_1_162' title='bbox 3005 1226 3302 1296; x_wconf 80' lang='grc' dir='ltr'><strong>θαυμάτων</strong></span> <span class='ocrx_word' id='word_1_163' title='bbox 3327 1227 3362 1296; x_wconf 81' lang='grc' dir='ltr'><strong>ἡ</strong></span> <span class='ocrx_word' id='word_1_164' title='bbox 3402 1226 3480 1288; x_wconf 72' lang='grc' dir='ltr'><strong>εἰς</strong></span> <span class='ocrx_word' id='word_1_165' title='bbox 3509 1225 3603 1278; x_wconf 80' lang='grc' dir='ltr'><strong>τὸν</strong></span> <span class='ocrx_word' id='word_1_166' title='bbox 3634 1227 3741 1276; x_wconf 85' lang='grc' dir='ltr'><strong>Δε-</strong></span> 
     </span>
    </p>
   </div>
   <div class='ocr_carea' id='block_1_25' title="bbox 2150 1309 3743 1392">
    <p class='ocr_par' dir='ltr' id='par_1_25' title="bbox 2150 1309 3743 1392">
     <span class='ocr_line' id='line_1_25' title="bbox 2150 1309 3743 1392; baseline -0.007 -13"><span class='ocrx_word' id='word_1_167' title='bbox 2150 1309 2356 1392; x_wconf 86' lang='grc' dir='ltr'>σπότην</span> <span class='ocrx_word' id='word_1_168' title='bbox 2379 1323 2558 1376; x_wconf 86' lang='grc' dir='ltr'>αὑτῶν</span> <span class='ocrx_word' id='word_1_169' title='bbox 2583 1323 2767 1385; x_wconf 78' lang='grc' dir='ltr'><strong>πίστις</strong></span> <span class='ocrx_word' id='word_1_170' title='bbox 2786 1317 2876 1392; x_wconf 80' lang='grc' dir='ltr'>ἦν,</span> <span class='ocrx_word' id='word_1_171' title='bbox 2897 1320 2926 1373; x_wconf 76' lang='grc' dir='ltr'><strong>ἃ</strong></span> <span class='ocrx_word' id='word_1_172' title='bbox 2941 1319 3036 1374; x_wconf 62' lang='grc' dir='ltr'><strong>καὶ</strong></span> <span class='ocrx_word' id='word_1_173' title='bbox 3069 1319 3230 1389; x_wconf 86' lang='grc' dir='ltr'>μόνον</span> <span class='ocrx_word' id='word_1_174' title='bbox 3250 1317 3616 1380; x_wconf 75' lang='grc' dir='ltr'><strong>ἐσπουδάζετο</strong></span> <span class='ocrx_word' id='word_1_175' title='bbox 3632 1316 3743 1368; x_wconf 88' lang='grc' dir='ltr'>αὑ-</span> 
     </span>
    </p>
   </div>
   <div class='ocr_carea' id='block_1_26' title="bbox 2147 1407 3746 1485">
    <p class='ocr_par' dir='ltr' id='par_1_26' title="bbox 2147 1407 3746 1485">
     <span class='ocr_line' id='line_1_26' title="bbox 2147 1407 3746 1485; baseline -0.006 -16"><span class='ocrx_word' id='word_1_176' title='bbox 2147 1417 2292 1479; x_wconf 83' lang='grc' dir='ltr'>τοῖς·</span> <span class='ocrx_word' id='word_1_177' title='bbox 2321 1414 2402 1468; x_wconf 79' lang='grc' dir='ltr'>ἔτι</span> <span class='ocrx_word' id='word_1_178' title='bbox 2429 1413 2558 1485; x_wconf 81' lang='grc' dir='ltr'>μὴν,</span> <span class='ocrx_word' id='word_1_179' title='bbox 2585 1412 2689 1466; x_wconf 84' lang='grc' dir='ltr'><strong>ποῦ</strong></span> <span class='ocrx_word' id='word_1_180' title='bbox 2719 1413 2781 1465; x_wconf 81' lang='grc' dir='ltr'>τὸ</span> <span class='ocrx_word' id='word_1_181' title='bbox 2816 1411 2961 1474; x_wconf 74' lang='grc' dir='ltr'>ἰδίως</span> <span class='ocrx_word' id='word_1_182' title='bbox 2985 1409 3124 1464; x_wconf 83' lang='grc' dir='ltr'>Θεοῦ</span> <span class='ocrx_word' id='word_1_183' title='bbox 3151 1408 3654 1480; x_wconf 69' lang='grc' dir='ltr'>χαρικτηριστικὸν</span> <span class='ocrx_word' id='word_1_184' title='bbox 3675 1407 3746 1460; x_wconf 81' lang='grc' dir='ltr'><strong>τὺ</strong></span> 
     </span>
    </p>
   </div>
   <div class='ocr_carea' id='block_1_27' title="bbox 2149 1498 3743 1578">
    <p class='ocr_par' dir='ltr' id='par_1_27' title="bbox 2149 1498 3743 1578">
     <span class='ocr_line' id='line_1_27' title="bbox 2149 1498 3743 1578; baseline -0.008 -17"><span class='ocrx_word' id='word_1_185' title='bbox 2149 1506 2545 1578; x_wconf 76' lang='grc' dir='ltr'>δημιουργικὸν</span> <span class='ocrx_word' id='word_1_186' title='bbox 2563 1503 2723 1572; x_wconf 82' lang='grc' dir='ltr'>λέγω,</span> <span class='ocrx_word' id='word_1_187' title='bbox 2748 1502 2939 1572; x_wconf 84' lang='grc' dir='ltr'>ὥσπερ</span> <span class='ocrx_word' id='word_1_188' title='bbox 2960 1501 3124 1563; x_wconf 79' lang='grc' dir='ltr'>αὐτὸς</span> <span class='ocrx_word' id='word_1_189' title='bbox 3142 1498 3302 1553; x_wconf 86' lang='grc' dir='ltr'>τοῦτο</span> <span class='ocrx_word' id='word_1_190' title='bbox 3318 1502 3398 1563; x_wconf 79' lang='grc' dir='ltr'>εἰς</span> <span class='ocrx_word' id='word_1_191' title='bbox 3417 1499 3509 1552; x_wconf 83' lang='grc' dir='ltr'>τδν</span> <span class='ocrx_word' id='word_1_192' title='bbox 3527 1500 3597 1553; x_wconf 75' lang='grc' dir='ltr'>ἐκ</span> <span class='ocrx_word' id='word_1_193' title='bbox 3608 1515 3743 1566; x_wconf 83' lang='grc' dir='ltr'>γεν-</span> 
     </span>
    </p>
   </div>
   <div class='ocr_carea' id='block_1_28' title="bbox 2149 1587 3742 1670">
    <p class='ocr_par' dir='ltr' id='par_1_28' title="bbox 2149 1587 3742 1670">
     <span class='ocr_line' id='line_1_28' title="bbox 2149 1587 3742 1670; baseline -0.009 -16"><span class='ocrx_word' id='word_1_194' title='bbox 2149 1601 2318 1670; x_wconf 82' lang='grc' dir='ltr'>νητῆς</span> <span class='ocrx_word' id='word_1_195' title='bbox 2345 1598 2565 1668; x_wconf 81' lang='grc' dir='ltr'>τυφλὸν,</span> <span class='ocrx_word' id='word_1_196' title='bbox 2588 1597 2684 1649; x_wconf 71' lang='grc' dir='ltr'><strong>καὶ</strong></span> <span class='ocrx_word' id='word_1_197' title='bbox 2703 1591 2852 1650; x_wconf 71' lang='grc' dir='ltr'>οὗτοι</span> <span class='ocrx_word' id='word_1_198' title='bbox 2869 1592 3250 1659; x_wconf 79' lang='grc' dir='ltr'>ὲπεδεὶξαντο;</span> <span class='ocrx_word' id='word_1_199' title='bbox 3278 1590 3306 1642; x_wconf 82' lang='grc' dir='ltr'><strong>ὑ</strong></span> <span class='ocrx_word' id='word_1_200' title='bbox 3325 1590 3434 1658; x_wconf 91' lang='grc' dir='ltr'><strong>γάρ</strong></span> <span class='ocrx_word' id='word_1_201' title='bbox 3454 1591 3521 1643; x_wconf 82' lang='grc' dir='ltr'>ἐκ</span> <span class='ocrx_word' id='word_1_202' title='bbox 3558 1587 3742 1658; x_wconf 78' lang='grc' dir='ltr'>πηλοῦ</span> 
     </span>
    </p>
   </div>
   <div class='ocr_carea' id='block_1_29' title="bbox 2148 1680 3743 1762">
    <p class='ocr_par' dir='ltr' id='par_1_29' title="bbox 2148 1680 3743 1762">
     <span class='ocr_line' id='line_1_29' title="bbox 2148 1680 3743 1762; baseline -0.008 -18"><span class='ocrx_word' id='word_1_203' title='bbox 2148 1691 2209 1744; x_wconf 80' lang='grc' dir='ltr'><strong>τὺ</strong></span> <span class='ocrx_word' id='word_1_204' title='bbox 2236 1709 2328 1744; x_wconf 78' lang='grc' dir='ltr'><strong>και</strong></span> <span class='ocrx_word' id='word_1_205' title='bbox 2335 1691 2494 1761; x_wconf 81' lang='grc' dir='ltr'>ριὼτε</span> <span class='ocrx_word' id='word_1_206' title='bbox 2501 1706 2594 1762; x_wconf 86' lang='grc' dir='ltr'><strong>ρον</strong></span> <span class='ocrx_word' id='word_1_207' title='bbox 2613 1689 2705 1740; x_wconf 75' lang='grc' dir='ltr'>καὶ</span> <span class='ocrx_word' id='word_1_208' title='bbox 2723 1684 3111 1755; x_wconf 83' lang='grc' dir='ltr'>ποικιλώτερον</span> <span class='ocrx_word' id='word_1_209' title='bbox 3130 1683 3296 1755; x_wconf 82' lang='grc' dir='ltr'>μέρος</span> <span class='ocrx_word' id='word_1_210' title='bbox 3316 1682 3425 1735; x_wconf 85' lang='grc' dir='ltr'><strong>τῶν</strong></span> <span class='ocrx_word' id='word_1_211' title='bbox 3451 1683 3509 1734; x_wconf 81' lang='grc' dir='ltr'>ὲν</span> <span class='ocrx_word' id='word_1_212' title='bbox 3527 1680 3743 1751; x_wconf 81' lang='grc' dir='ltr'>ἀνθρω-</span> 
     </span>
    </p>
   </div>
   <div class='ocr_carea' id='block_1_30' title="bbox 451 1773 2056 1857">
    <p class='ocr_par' dir='ltr' id='par_1_30' title="bbox 451 1779 2056 1857">
     <span class='ocr_line' id='line_1_30' title="bbox 451 1779 2056 1857; baseline -0.006 -16"><span class='ocrx_word' id='word_1_213' title='bbox 451 1788 579 1857; x_wconf 90' lang='lat' dir='ltr'><strong>quis</strong></span> <span class='ocrx_word' id='word_1_214' title='bbox 645 1785 861 1840; x_wconf 86' lang='lat' dir='ltr'><strong>amicus</strong></span> <span class='ocrx_word' id='word_1_215' title='bbox 923 1781 1302 1852; x_wconf 87' lang='lat' dir='ltr'><strong>apostolorum</strong></span> <span class='ocrx_word' id='word_1_216' title='bbox 1361 1788 1458 1832; x_wconf 88' lang='lat' dir='ltr'><strong>aut</strong></span> <span class='ocrx_word' id='word_1_217' title='bbox 1490 1779 1887 1848; x_wconf 74' lang='lat' dir='ltr'><strong>prophetarum</strong></span> <span class='ocrx_word' id='word_1_218' title='bbox 1927 1793 2056 1847; x_wconf 91' lang='lat' dir='ltr'><strong>pro-</strong></span> 
     </span>
    </p>
   </div>
   <div class='ocr_carea' id='block_1_31' title="bbox 2158 1773 3742 1857">
    <p class='ocr_par' dir='ltr' id='par_1_31' title="bbox 2158 1773 3742 1853">
     <span class='ocr_line' id='line_1_31' title="bbox 2158 1773 3742 1853; baseline -0.007 -16"><span class='ocrx_word' id='word_1_219' title='bbox 2158 1784 2289 1853; x_wconf 75' lang='grc' dir='ltr'>πείῳ</span> <span class='ocrx_word' id='word_1_220' title='bbox 2325 1781 2543 1852; x_wconf 80' lang='grc' dir='ltr'>σώματι</span> <span class='ocrx_word' id='word_1_221' title='bbox 2578 1779 2815 1842; x_wconf 85' lang='grc' dir='ltr'>πλάσας.</span> <span class='ocrx_word' id='word_1_222' title='bbox 2863 1779 2930 1831; x_wconf 85' lang='grc' dir='ltr'><strong>δι’</strong></span> <span class='ocrx_word' id='word_1_223' title='bbox 2970 1776 3090 1840; x_wconf 79' lang='grc' dir='ltr'>ἑνὸς</span> <span class='ocrx_word' id='word_1_224' title='bbox 3132 1775 3322 1846; x_wconf 72' lang='grc' dir='ltr'>μορίου</span> <span class='ocrx_word' id='word_1_225' title='bbox 3361 1773 3742 1844; x_wconf 79' lang='grc' dir='ltr'>παρέστησεν.</span> 
     </span>
    </p>
   </div>
   <div class='ocr_carea' id='block_1_32' title="bbox 457 1866 2050 1940">
    <p class='ocr_par' dir='ltr' id='par_1_32' title="bbox 457 1866 2050 1940">
     <span class='ocr_line' id='line_1_32' title="bbox 457 1866 2050 1940; baseline -0.006 -8"><span class='ocrx_word' id='word_1_226' title='bbox 457 1878 583 1932; x_wconf 90' lang='lat' dir='ltr'><strong>tulit</strong></span> <span class='ocrx_word' id='word_1_227' title='bbox 626 1877 784 1940; x_wconf 91' lang='lat' dir='ltr'><strong>alios,</strong></span> <span class='ocrx_word' id='word_1_228' title='bbox 837 1889 906 1927; x_wconf 89' lang='lat' dir='ltr'><strong>ne</strong></span> <span class='ocrx_word' id='word_1_229' title='bbox 959 1872 1139 1926; x_wconf 89' lang='lat' dir='ltr'><strong>dicam</strong></span> <span class='ocrx_word' id='word_1_230' title='bbox 1166 1870 1409 1939; x_wconf 90' lang='lat' dir='ltr'><strong>seipsum</strong></span> <span class='ocrx_word' id='word_1_231' title='bbox 1438 1910 1452 1934; x_wconf 92' lang='lat'><strong>,</strong></span> <span class='ocrx_word' id='word_1_232' title='bbox 1494 1884 1525 1923; x_wconf 91' lang='lat' dir='ltr'><strong>a</strong></span> <span class='ocrx_word' id='word_1_233' title='bbox 1579 1868 1813 1922; x_wconf 85' lang='lat' dir='ltr'><strong>mortuis</strong></span> <span class='ocrx_word' id='word_1_234' title='bbox 1873 1866 2050 1923; x_wconf 89' lang='lat' dir='ltr'><strong>susci-</strong></span> 
     </span>
    </p>
   </div>
   <div class='ocr_carea' id='block_1_33' title="bbox 2150 1864 3744 1944">
    <p class='ocr_par' dir='ltr' id='par_1_33' title="bbox 2150 1864 3744 1944">
     <span class='ocr_line' id='line_1_33' title="bbox 2150 1864 3744 1944; baseline 0.001 -18"><span class='ocrx_word' id='word_1_235' title='bbox 2150 1874 2226 1936; x_wconf 85' lang='grc' dir='ltr'>ὼς</span> <span class='ocrx_word' id='word_1_236' title='bbox 2258 1873 2421 1936; x_wconf 74' lang='grc' dir='ltr'>αὐτὸς</span> <span class='ocrx_word' id='word_1_237' title='bbox 2447 1868 2516 1944; x_wconf 77' lang='grc' dir='ltr'>ἦν</span> <span class='ocrx_word' id='word_1_238' title='bbox 2536 1873 2632 1926; x_wconf 69' lang='grc' dir='ltr'>καὶ</span> <span class='ocrx_word' id='word_1_239' title='bbox 2657 1873 2686 1925; x_wconf 90' lang='grc' dir='ltr'>ὁ</span> <span class='ocrx_word' id='word_1_240' title='bbox 2711 1869 2892 1924; x_wconf 82' lang='grc' dir='ltr'>λαϐὼν</span> <span class='ocrx_word' id='word_1_241' title='bbox 2916 1868 3046 1939; x_wconf 88' lang='grc' dir='ltr'>χοῦν</span> <span class='ocrx_word' id='word_1_242' title='bbox 3075 1867 3187 1922; x_wconf 80' lang='grc' dir='ltr'>ἀπὸ</span> <span class='ocrx_word' id='word_1_243' title='bbox 3213 1865 3314 1937; x_wconf 84' lang='grc' dir='ltr'>τῆς</span> <span class='ocrx_word' id='word_1_244' title='bbox 3341 1868 3454 1942; x_wconf 65' lang='grc' dir='ltr'>γῆς</span> <span class='ocrx_word' id='word_1_245' title='bbox 3477 1865 3538 1932; x_wconf 73' lang='grc' dir='ltr'><strong>ἐξ</strong></span> <span class='ocrx_word' id='word_1_246' title='bbox 3562 1864 3744 1935; x_wconf 72' lang='grc' dir='ltr'>ἀρχῆς</span> 
     </span>
    </p>
   </div>
   <div class='ocr_carea' id='block_1_34' title="bbox 455 1935 2056 2037">
    <p class='ocr_par' dir='ltr' id='par_1_34' title="bbox 455 1962 2045 2037">
     <span class='ocr_line' id='line_1_34' title="bbox 455 1962 2045 2037; baseline -0.006 -14"><span class='ocrx_word' id='word_1_247' title='bbox 455 1970 618 2024; x_wconf 83' lang='lat' dir='ltr'><strong>tare?</strong></span> <span class='ocrx_word' id='word_1_248' title='bbox 645 1967 948 2037; x_wconf 85' lang='lat' dir='ltr'><strong>Cujusnam</strong></span> <span class='ocrx_word' id='word_1_249' title='bbox 978 1965 1124 2018; x_wconf 88' lang='lat' dir='ltr'><strong>inter</strong></span> <span class='ocrx_word' id='word_1_250' title='bbox 1161 1977 1259 2016; x_wconf 91' lang='lat' dir='ltr'><strong>eos</strong></span> <span class='ocrx_word' id='word_1_251' title='bbox 1295 1962 1390 2031; x_wconf 85' lang='lat' dir='ltr'><strong>qui</strong></span> <span class='ocrx_word' id='word_1_252' title='bbox 1428 1977 1596 2031; x_wconf 88' lang='lat' dir='ltr'><strong>super</strong></span> <span class='ocrx_word' id='word_1_253' title='bbox 1627 1969 1831 2015; x_wconf 89' lang='lat' dir='ltr'><strong>terram</strong></span> <span class='ocrx_word' id='word_1_254' title='bbox 1876 1968 2045 2026; x_wconf 88' lang='lat' dir='ltr'><strong>sunt,</strong></span> 
     </span>
    </p>
   </div>
   <div class='ocr_carea' id='block_1_35' title="bbox 2158 1935 3743 2037">
    <p class='ocr_par' dir='ltr' id='par_1_35' title="bbox 2158 1935 3743 2034">
     <span class='ocr_line' id='line_1_35' title="bbox 2158 1935 3743 2034; baseline -0.006 -16"><span class='ocrx_word' id='word_1_255' title='bbox 2158 1935 2246 2021; x_wconf 68' lang='grc' dir='ltr'>κάι</span> <span class='ocrx_word' id='word_1_256' title='bbox 2275 1935 2488 2029; x_wconf 80' lang='grc' dir='ltr'>πλάσας</span> <span class='ocrx_word' id='word_1_257' title='bbox 2525 1968 2617 2017; x_wconf 78' lang='grc' dir='ltr'>τὸν</span> <span class='ocrx_word' id='word_1_258' title='bbox 2657 1935 2986 2034; x_wconf 76' lang='grc' dir='ltr'>ἄνθρωπον·</span> <span class='ocrx_word' id='word_1_259' title='bbox 3018 1961 3100 2025; x_wconf 76' lang='grc' dir='ltr'><strong>τις</strong></span> <span class='ocrx_word' id='word_1_260' title='bbox 3143 1960 3200 2014; x_wconf 71' lang='grc' dir='ltr'>δι</span> <span class='ocrx_word' id='word_1_261' title='bbox 3233 1935 3484 2030; x_wconf 54' lang='lat' dir='ltr'><strong>necavi}</strong></span> <span class='ocrx_word' id='word_1_262' title='bbox 3515 1973 3743 2028; x_wconf 76' lang='grc' dir='ltr'>προφη-</span> 
     </span>
    </p>
   </div>
   <div class='ocr_carea' id='block_1_36' title="bbox 454 2052 2048 2131">
    <p class='ocr_par' dir='ltr' id='par_1_36' title="bbox 454 2052 2048 2131">
     <span class='ocr_line' id='line_1_36' title="bbox 454 2052 2048 2131; baseline -0.006 -15"><span class='ocrx_word' id='word_1_263' title='bbox 454 2076 659 2131; x_wconf 89' lang='lat' dir='ltr'><strong>corpus</strong></span> <span class='ocrx_word' id='word_1_264' title='bbox 702 2060 761 2114; x_wconf 83' lang='lat' dir='ltr'><strong>in</strong></span> <span class='ocrx_word' id='word_1_265' title='bbox 798 2059 1055 2128; x_wconf 89' lang='lat' dir='ltr'><strong>sepulcro</strong></span> <span class='ocrx_word' id='word_1_266' title='bbox 1092 2057 1479 2124; x_wconf 87' lang='lat' dir='ltr'><strong>incorruptum</strong></span> <span class='ocrx_word' id='word_1_267' title='bbox 1521 2053 1874 2124; x_wconf 87' lang='lat' dir='ltr'><strong>permansit?</strong></span> <span class='ocrx_word' id='word_1_268' title='bbox 1914 2052 2048 2119; x_wconf 85' lang='lat' dir='ltr'><strong>Quis</strong></span> 
     </span>
    </p>
   </div>
   <div class='ocr_carea' id='block_1_37' title="bbox 456 2135 2062 2217">
    <p class='ocr_par' dir='ltr' id='par_1_37' title="bbox 456 2135 2062 2217">
     <span class='ocr_line' id='line_1_37' title="bbox 456 2135 2062 2217; baseline -0.006 -10"><span class='ocrx_word' id='word_1_269' title='bbox 456 2150 784 2207; x_wconf 87' lang='lat' dir='ltr'><strong>manifestus</strong></span> <span class='ocrx_word' id='word_1_270' title='bbox 812 2148 918 2203; x_wconf 83' lang='lat' dir='ltr'><strong>fuit</strong></span> <span class='ocrx_word' id='word_1_271' title='bbox 937 2157 1192 2217; x_wconf 88' lang='lat' dir='ltr'><strong>tanquam</strong></span> <span class='ocrx_word' id='word_1_272' title='bbox 1211 2153 1539 2216; x_wconf 89' lang='lat' dir='ltr'><strong>potestatem</strong></span> <span class='ocrx_word' id='word_1_273' title='bbox 1559 2145 1788 2209; x_wconf 87' lang='lat' dir='ltr'><strong>habens,</strong></span> <span class='ocrx_word' id='word_1_274' title='bbox 1808 2135 2062 2214; x_wconf 35' lang='lat' dir='ltr'><strong>ponendi.</strong></span> 
     </span>
    </p>
   </div>
   <div class='ocr_carea' id='block_1_38' title="bbox 455 2237 2048 2300">
    <p class='ocr_par' dir='ltr' id='par_1_38' title="bbox 455 2237 2048 2300">
     <span class='ocr_line' id='line_1_38' title="bbox 455 2237 2048 2300; baseline -0.006 0"><span class='ocrx_word' id='word_1_275' title='bbox 455 2243 695 2300; x_wconf 89' lang='lat' dir='ltr'><strong>animam</strong></span> <span class='ocrx_word' id='word_1_276' title='bbox 740 2257 898 2297; x_wconf 91' lang='lat' dir='ltr'><strong>suam</strong></span> <span class='ocrx_word' id='word_1_277' title='bbox 958 2249 1057 2295; x_wconf 91' lang='lat' dir='ltr'><strong>aut</strong></span> <span class='ocrx_word' id='word_1_278' title='bbox 1098 2241 1302 2294; x_wconf 89' lang='lat' dir='ltr'><strong>iterum</strong></span> <span class='ocrx_word' id='word_1_279' title='bbox 1338 2254 1460 2293; x_wconf 90' lang='lat' dir='ltr'><strong>eam</strong></span> <span class='ocrx_word' id='word_1_280' title='bbox 1515 2237 1809 2294; x_wconf 85' lang='lat' dir='ltr'><strong>sumendi?</strong></span> <span class='ocrx_word' id='word_1_281' title='bbox 1855 2238 2048 2292; x_wconf 88' lang='lat' dir='ltr'><strong>Nonne</strong></span> 
     </span>
    </p>
   </div>
   <div class='ocr_carea' id='block_1_39' title="bbox 455 2331 2050 2404">
    <p class='ocr_par' dir='ltr' id='par_1_39' title="bbox 455 2331 2050 2404">
     <span class='ocr_line' id='line_1_39' title="bbox 455 2331 2050 2404; baseline -0.006 -11"><span class='ocrx_word' id='word_1_282' title='bbox 455 2338 700 2404; x_wconf 85' lang='lat' dir='ltr'><strong>tandem,</strong></span> <span class='ocrx_word' id='word_1_283' title='bbox 729 2351 854 2392; x_wconf 88' lang='lat' dir='ltr'><strong>sero</strong></span> <span class='ocrx_word' id='word_1_284' title='bbox 888 2335 1080 2390; x_wconf 85' lang='lat' dir='ltr'><strong>saltem</strong></span> <span class='ocrx_word' id='word_1_285' title='bbox 1105 2373 1121 2399; x_wconf 89' lang='lat'><strong>,</strong></span> <span class='ocrx_word' id='word_1_286' title='bbox 1167 2333 1407 2387; x_wconf 86' lang='lat' dir='ltr'><strong>audietis</strong></span> <span class='ocrx_word' id='word_1_287' title='bbox 1453 2331 1730 2386; x_wconf 87' lang='lat' dir='ltr'><strong>dicentem</strong></span> <span class='ocrx_word' id='word_1_288' title='bbox 1766 2349 1779 2385; x_wconf 89' lang='lat'>:</span> <span class='ocrx_word' id='word_1_289' title='bbox 1810 2331 1940 2396; x_wconf 84' lang='lat' dir='ltr'><strong>Quis</strong></span> <span class='ocrx_word' id='word_1_290' title='bbox 1971 2339 2050 2385; x_wconf 79' lang='lat' dir='ltr'><strong>est</strong></span> 
     </span>
    </p>
   </div>
   <div class='ocr_carea' id='block_1_40' title="bbox 456 2423 2049 2499">
    <p class='ocr_par' dir='ltr' id='par_1_40' title="bbox 456 2423 2049 2499">
     <span class='ocr_line' id='line_1_40' title="bbox 456 2423 2049 2499; baseline -0.005 -17"><span class='ocrx_word' id='word_1_291' title='bbox 456 2431 611 2485; x_wconf 81' lang='lat' dir='ltr'><strong>homo</strong></span> <span class='ocrx_word' id='word_1_292' title='bbox 633 2430 725 2499; x_wconf 82' lang='lat' dir='ltr'><strong>qui</strong></span> <span class='ocrx_word' id='word_1_293' title='bbox 755 2428 888 2481; x_wconf 77' lang='lat' dir='ltr'><strong>vivet</strong></span> <span class='ocrx_word' id='word_1_294' title='bbox 916 2435 967 2480; x_wconf 82' lang='lat' dir='ltr'><strong>et</strong></span> <span class='ocrx_word' id='word_1_295' title='bbox 1010 2441 1117 2480; x_wconf 83' lang='lat' dir='ltr'><strong>non</strong></span> <span class='ocrx_word' id='word_1_296' title='bbox 1145 2425 1339 2478; x_wconf 78' lang='lat' dir='ltr'><strong>videbit</strong></span> <span class='ocrx_word' id='word_1_297' title='bbox 1365 2433 1609 2490; x_wconf 84' lang='lat' dir='ltr'><strong>mortem,</strong></span> <span class='ocrx_word' id='word_1_298' title='bbox 1638 2431 1783 2478; x_wconf 76' lang='lat' dir='ltr'><strong>eruet</strong></span> <span class='ocrx_word' id='word_1_299' title='bbox 1812 2423 2049 2476; x_wconf 86' lang='lat' dir='ltr'><strong>animam</strong></span> 
     </span>
    </p>
   </div>
   <div class='ocr_carea' id='block_1_41' title="bbox 458 2512 2050 2586">
    <p class='ocr_par' dir='ltr' id='par_1_41' title="bbox 458 2512 2050 2586">
     <span class='ocr_line' id='line_1_41' title="bbox 458 2512 2050 2586; baseline -0.004 -11"><span class='ocrx_word' id='word_1_300' title='bbox 458 2537 612 2577; x_wconf 78' lang='lat' dir='ltr'><strong>suam</strong></span> <span class='ocrx_word' id='word_1_301' title='bbox 675 2518 742 2572; x_wconf 85' lang='lat' dir='ltr'><strong>de</strong></span> <span class='ocrx_word' id='word_1_302' title='bbox 790 2533 953 2572; x_wconf 84' lang='lat' dir='ltr'><strong>manu</strong></span> <span class='ocrx_word' id='word_1_303' title='bbox 1005 2516 1222 2586; x_wconf 76' lang='lat' dir='ltr'><strong>inferi?</strong></span> <span class='ocrx_word' id='word_1_304' title='bbox 1279 2514 1543 2580; x_wconf 84' lang='lat' dir='ltr'><strong>Quisnam</strong></span> <span class='ocrx_word' id='word_1_305' title='bbox 1597 2528 1793 2568; x_wconf 90' lang='lat' dir='ltr'><strong>eorum</strong></span> <span class='ocrx_word' id='word_1_306' title='bbox 1866 2512 2050 2568; x_wconf 92' lang='lat' dir='ltr'><strong>dictus</strong></span> 
     </span>
    </p>
   </div>
   <div class='ocr_carea' id='block_1_42' title="bbox 457 2605 2048 2680">
    <p class='ocr_par' dir='ltr' id='par_1_42' title="bbox 457 2605 2048 2680">
     <span class='ocr_line' id='line_1_42' title="bbox 457 2605 2048 2680; baseline -0.005 -13"><span class='ocrx_word' id='word_1_307' title='bbox 457 2621 544 2668; x_wconf 89' lang='lat' dir='ltr'><strong>est</strong></span> <span class='ocrx_word' id='word_1_308' title='bbox 584 2611 844 2666; x_wconf 86' lang='lat' dir='ltr'><strong>habuisse</strong></span> <span class='ocrx_word' id='word_1_309' title='bbox 892 2616 1219 2680; x_wconf 88' lang='lat' dir='ltr'><strong>potestatem</strong></span> <span class='ocrx_word' id='word_1_310' title='bbox 1268 2607 1580 2676; x_wconf 90' lang='lat' dir='ltr'><strong>imperandi</strong></span> <span class='ocrx_word' id='word_1_311' title='bbox 1626 2606 1914 2679; x_wconf 90' lang='lat' dir='ltr'><strong>spiritibus</strong></span> <span class='ocrx_word' id='word_1_312' title='bbox 1942 2605 2048 2660; x_wconf 91' lang='lat' dir='ltr'><strong>im-</strong></span> 
     </span>
    </p>
   </div>
   <div class='ocr_carea' id='block_1_43' title="bbox 460 2695 2050 2767">
    <p class='ocr_par' dir='ltr' id='par_1_43' title="bbox 460 2695 2050 2767">
     <span class='ocr_line' id='line_1_43' title="bbox 460 2695 2050 2767; baseline -0.005 -9"><span class='ocrx_word' id='word_1_313' title='bbox 460 2701 704 2767; x_wconf 88' lang='lat' dir='ltr'><strong>mundis,</strong></span> <span class='ocrx_word' id='word_1_314' title='bbox 753 2707 849 2754; x_wconf 89' lang='lat' dir='ltr'><strong>aut</strong></span> <span class='ocrx_word' id='word_1_315' title='bbox 876 2698 1062 2753; x_wconf 86' lang='lat' dir='ltr'><strong>ventis</strong></span> <span class='ocrx_word' id='word_1_316' title='bbox 1096 2706 1153 2752; x_wconf 90' lang='lat' dir='ltr'><strong>et</strong></span> <span class='ocrx_word' id='word_1_317' title='bbox 1183 2697 1363 2751; x_wconf 86' lang='lat' dir='ltr'><strong>mari?</strong></span> <span class='ocrx_word' id='word_1_318' title='bbox 1411 2697 1523 2751; x_wconf 81' lang='lat' dir='ltr'><strong>Aut</strong></span> <span class='ocrx_word' id='word_1_319' title='bbox 1561 2697 1850 2767; x_wconf 71' lang='lat' dir='ltr'><strong>cuiusnam</strong></span> <span class='ocrx_word' id='word_1_320' title='bbox 1881 2695 2050 2750; x_wconf 84' lang='lat' dir='ltr'><strong>verba</strong></span> 
     </span>
    </p>
   </div>
   <div class='ocr_carea' id='block_1_44' title="bbox 461 2784 2048 2856">
    <p class='ocr_par' dir='ltr' id='par_1_44' title="bbox 461 2784 2048 2856">
     <span class='ocr_line' id='line_1_44' title="bbox 461 2784 2048 2856; baseline -0.004 -9"><span class='ocrx_word' id='word_1_321' title='bbox 461 2791 811 2847; x_wconf 87' lang='lat' dir='ltr'><strong>mirabantur</strong></span> <span class='ocrx_word' id='word_1_322' title='bbox 835 2802 1028 2842; x_wconf 89' lang='lat' dir='ltr'><strong>omnes</strong></span> <span class='ocrx_word' id='word_1_323' title='bbox 1053 2795 1316 2856; x_wconf 84' lang='lat' dir='ltr'><strong>tanquam</strong></span> <span class='ocrx_word' id='word_1_324' title='bbox 1347 2801 1415 2840; x_wconf 76' lang='lat' dir='ltr'><strong>ex</strong></span> <span class='ocrx_word' id='word_1_325' title='bbox 1451 2792 1724 2856; x_wconf 83' lang='lat' dir='ltr'><strong>potestate</strong></span> <span class='ocrx_word' id='word_1_326' title='bbox 1746 2784 2048 2854; x_wconf 87' lang='lat' dir='ltr'><strong>loquentis,</strong></span> 
     </span>
    </p>
   </div>
   <div class='ocr_carea' id='block_1_45' title="bbox 462 2877 2052 2949">
    <p class='ocr_par' dir='ltr' id='par_1_45' title="bbox 462 2877 2052 2949">
     <span class='ocr_line' id='line_1_45' title="bbox 462 2877 2052 2949; baseline -0.006 -10"><span class='ocrx_word' id='word_1_327' title='bbox 462 2899 573 2939; x_wconf 90' lang='lat' dir='ltr'><strong>non</strong></span> <span class='ocrx_word' id='word_1_328' title='bbox 603 2891 664 2936; x_wconf 92' lang='lat' dir='ltr'><strong>ut</strong></span> <span class='ocrx_word' id='word_1_329' title='bbox 685 2880 870 2936; x_wconf 61' lang='lat' dir='ltr'><strong>caeteri</strong></span> <span class='ocrx_word' id='word_1_330' title='bbox 904 2878 1321 2949; x_wconf 80' lang='lat' dir='ltr'><strong>loquebantur?</strong></span> <span class='ocrx_word' id='word_1_331' title='bbox 1363 2878 1462 2932; x_wconf 81' lang='lat' dir='ltr'><strong>Vel</strong></span> <span class='ocrx_word' id='word_1_332' title='bbox 1497 2877 1750 2947; x_wconf 85' lang='lat' dir='ltr'><strong>quisnam</strong></span> <span class='ocrx_word' id='word_1_333' title='bbox 1790 2877 1892 2932; x_wconf 87' lang='lat' dir='ltr'><strong>fuit</strong></span> <span class='ocrx_word' id='word_1_334' title='bbox 1920 2892 2052 2947; x_wconf 91' lang='lat' dir='ltr'><strong>apo-</strong></span> 
     </span>
    </p>
   </div>
   <div class='ocr_carea' id='block_1_46' title="bbox 463 2968 2051 3042">
    <p class='ocr_par' dir='ltr' id='par_1_46' title="bbox 463 2968 2051 3042">
     <span class='ocr_line' id='line_1_46' title="bbox 463 2968 2051 3042; baseline -0.005 -12"><span class='ocrx_word' id='word_1_335' title='bbox 463 2976 732 3030; x_wconf 88' lang='lat' dir='ltr'><strong>stolorum</strong></span> <span class='ocrx_word' id='word_1_336' title='bbox 765 2981 861 3027; x_wconf 92' lang='lat' dir='ltr'><strong>aut</strong></span> <span class='ocrx_word' id='word_1_337' title='bbox 889 2971 1289 3042; x_wconf 87' lang='lat' dir='ltr'><strong>prophetarum</strong></span> <span class='ocrx_word' id='word_1_338' title='bbox 1339 2985 1453 3040; x_wconf 92' lang='lat' dir='ltr'><strong>quo</strong></span> <span class='ocrx_word' id='word_1_339' title='bbox 1496 2968 1791 3033; x_wconf 89' lang='lat' dir='ltr'><strong>moriente,</strong></span> <span class='ocrx_word' id='word_1_340' title='bbox 1850 2969 2051 3024; x_wconf 63' lang='lat' dir='ltr'><strong>caelum</strong></span> 
     </span>
    </p>
   </div>
   <div class='ocr_carea' id='block_1_47' title="bbox 463 3059 2053 3130">
    <p class='ocr_par' dir='ltr' id='par_1_47' title="bbox 463 3059 2053 3130">
     <span class='ocr_line' id='line_1_47' title="bbox 463 3059 2053 3130; baseline -0.006 -8"><span class='ocrx_word' id='word_1_341' title='bbox 463 3076 522 3124; x_wconf 90' lang='lat' dir='ltr'><strong>et</strong></span> <span class='ocrx_word' id='word_1_342' title='bbox 557 3075 726 3130; x_wconf 86' lang='lat' dir='ltr'><strong>terra,</strong></span> <span class='ocrx_word' id='word_1_343' title='bbox 749 3065 830 3120; x_wconf 91' lang='lat' dir='ltr'><strong>sol</strong></span> <span class='ocrx_word' id='word_1_344' title='bbox 859 3073 918 3119; x_wconf 86' lang='lat' dir='ltr'><strong>et</strong></span> <span class='ocrx_word' id='word_1_345' title='bbox 970 3064 1122 3129; x_wconf 90' lang='lat' dir='ltr'><strong>luna,</strong></span> <span class='ocrx_word' id='word_1_346' title='bbox 1174 3062 1297 3116; x_wconf 87' lang='lat' dir='ltr'><strong>dies</strong></span> <span class='ocrx_word' id='word_1_347' title='bbox 1336 3070 1393 3116; x_wconf 88' lang='lat' dir='ltr'><strong>et</strong></span> <span class='ocrx_word' id='word_1_348' title='bbox 1440 3078 1572 3126; x_wconf 78' lang='lat' dir='ltr'><strong>nox,</strong></span> <span class='ocrx_word' id='word_1_349' title='bbox 1621 3060 1734 3115; x_wconf 77' lang='lat' dir='ltr'><strong>vivi</strong></span> <span class='ocrx_word' id='word_1_350' title='bbox 1761 3067 1817 3114; x_wconf 91' lang='lat' dir='ltr'><strong>et</strong></span> <span class='ocrx_word' id='word_1_351' title='bbox 1850 3059 2053 3114; x_wconf 91' lang='lat' dir='ltr'><strong>mortui</strong></span> 
     </span>
    </p>
   </div>
   <div class='ocr_carea' id='block_1_48' title="bbox 465 3153 2056 3226">
    <p class='ocr_par' dir='ltr' id='par_1_48' title="bbox 465 3153 2056 3226">
     <span class='ocr_line' id='line_1_48' title="bbox 465 3153 2056 3226; baseline -0.006 -11"><span class='ocrx_word' id='word_1_352' title='bbox 465 3158 727 3216; x_wconf 89' lang='lat' dir='ltr'><strong>commoti</strong></span> <span class='ocrx_word' id='word_1_353' title='bbox 759 3165 889 3212; x_wconf 93' lang='lat' dir='ltr'><strong>sunt</strong></span> <span class='ocrx_word' id='word_1_354' title='bbox 905 3165 1044 3212; x_wconf 77' lang='lat' dir='ltr'><strong>etex</strong></span> <span class='ocrx_word' id='word_1_355' title='bbox 1060 3154 1300 3226; x_wconf 88' lang='lat' dir='ltr'><strong>propriis</strong></span> <span class='ocrx_word' id='word_1_356' title='bbox 1325 3153 1534 3209; x_wconf 79' lang='lat' dir='ltr'><strong>finibus</strong></span> <span class='ocrx_word' id='word_1_357' title='bbox 1555 3164 1613 3208; x_wconf 89' lang='lat' dir='ltr'><strong>et</strong></span> <span class='ocrx_word' id='word_1_358' title='bbox 1642 3153 1781 3210; x_wconf 89' lang='lat' dir='ltr'><strong>locis</strong></span> <span class='ocrx_word' id='word_1_359' title='bbox 1811 3167 2056 3206; x_wconf 86' lang='lat' dir='ltr'><strong>recesse-</strong></span> 
     </span>
    </p>
   </div>
   <div class='ocr_carea' id='block_1_49' title="bbox 2149 2050 3743 2128">
    <p class='ocr_par' dir='ltr' id='par_1_49' title="bbox 2149 2050 3743 2128">
     <span class='ocr_line' id='line_1_49' title="bbox 2149 2050 3743 2128; baseline -0.004 -18"><span class='ocrx_word' id='word_1_360' title='bbox 2149 2057 2258 2110; x_wconf 82' lang='grc' dir='ltr'>τῶν</span> <span class='ocrx_word' id='word_1_361' title='bbox 2284 2058 2526 2128; x_wconf 79' lang='grc' dir='ltr'>ἐτέρους,</span> <span class='ocrx_word' id='word_1_362' title='bbox 2559 2055 2678 2108; x_wconf 84' lang='grc' dir='ltr'>ἀλλ’</span> <span class='ocrx_word' id='word_1_363' title='bbox 2718 2056 2869 2124; x_wconf 78' lang='grc' dir='ltr'>ὅμως</span> <span class='ocrx_word' id='word_1_364' title='bbox 2903 2054 3119 2120; x_wconf 78' lang='grc' dir='ltr'>ἑαυτὸν,</span> <span class='ocrx_word' id='word_1_365' title='bbox 3155 2054 3222 2106; x_wconf 78' lang='grc' dir='ltr'>ὲκ</span> <span class='ocrx_word' id='word_1_366' title='bbox 3245 2051 3460 2124; x_wconf 82' lang='grc' dir='ltr'>νεκρῶν</span> <span class='ocrx_word' id='word_1_367' title='bbox 3497 2050 3743 2121; x_wconf 79' lang='grc' dir='ltr'>ἀναστῆ-</span> 
     </span>
    </p>
   </div>
   <div class='ocr_carea' id='block_1_50' title="bbox 2151 2145 3744 2220">
    <p class='ocr_par' dir='ltr' id='par_1_50' title="bbox 2151 2145 3744 2220">
     <span class='ocr_line' id='line_1_50' title="bbox 2151 2145 3744 2220; baseline -0.004 -17"><span class='ocrx_word' id='word_1_368' title='bbox 2151 2168 2241 2204; x_wconf 87' lang='grc' dir='ltr'><strong>σαι</strong></span> <span class='ocrx_word' id='word_1_369' title='bbox 2284 2148 2525 2220; x_wconf 78' lang='grc' dir='ltr'>ἠδυνήθη</span> <span class='ocrx_word' id='word_1_370' title='bbox 2552 2165 2567 2215; x_wconf 91' lang='lat'><strong>;</strong></span> <span class='ocrx_word' id='word_1_371' title='bbox 2609 2148 2644 2218; x_wconf 83' lang='grc' dir='ltr'>ἢ</span> <span class='ocrx_word' id='word_1_372' title='bbox 2678 2147 2826 2211; x_wconf 81' lang='grc' dir='ltr'>τινος</span> <span class='ocrx_word' id='word_1_373' title='bbox 2857 2146 3186 2216; x_wconf 80' lang='grc' dir='ltr'>ἀδιάφθορον</span> <span class='ocrx_word' id='word_1_374' title='bbox 3211 2145 3274 2199; x_wconf 80' lang='grc' dir='ltr'><strong>τὺ</strong></span> <span class='ocrx_word' id='word_1_375' title='bbox 3303 2145 3466 2215; x_wconf 84' lang='grc' dir='ltr'>σῶμα</span> <span class='ocrx_word' id='word_1_376' title='bbox 3503 2145 3616 2198; x_wconf 86' lang='grc' dir='ltr'><strong>τῶν</strong></span> <span class='ocrx_word' id='word_1_377' title='bbox 3640 2145 3744 2196; x_wconf 74' lang='grc' dir='ltr'><strong>ἐπὶ</strong></span> 
     </span>
    </p>
   </div>
   <div class='ocr_carea' id='block_1_51' title="bbox 2147 2236 3744 2312">
    <p class='ocr_par' dir='ltr' id='par_1_51' title="bbox 2147 2236 3744 2312">
     <span class='ocr_line' id='line_1_51' title="bbox 2147 2236 3744 2312; baseline -0.003 -18"><span class='ocrx_word' id='word_1_378' title='bbox 2147 2242 2247 2312; x_wconf 72' lang='grc' dir='ltr'>τῆς</span> <span class='ocrx_word' id='word_1_379' title='bbox 2278 2241 2384 2311; x_wconf 81' lang='grc' dir='ltr'>γῆς</span> <span class='ocrx_word' id='word_1_380' title='bbox 2416 2243 2474 2294; x_wconf 81' lang='grc' dir='ltr'>ὲν</span> <span class='ocrx_word' id='word_1_381' title='bbox 2511 2241 2670 2310; x_wconf 73' lang='grc' dir='ltr'>τάφῳ</span> <span class='ocrx_word' id='word_1_382' title='bbox 2698 2239 2921 2308; x_wconf 80' lang='grc' dir='ltr'>γέγονεν</span> <span class='ocrx_word' id='word_1_383' title='bbox 2951 2255 2966 2304; x_wconf 90' lang='grc'><strong>;</strong></span> <span class='ocrx_word' id='word_1_384' title='bbox 2998 2238 3031 2310; x_wconf 78' lang='grc' dir='ltr'>ἢ</span> <span class='ocrx_word' id='word_1_385' title='bbox 3075 2237 3159 2301; x_wconf 81' lang='grc' dir='ltr'>τίς</span> <span class='ocrx_word' id='word_1_386' title='bbox 3185 2236 3330 2308; x_wconf 78' lang='grc' dir='ltr'>ἔχειν</span> <span class='ocrx_word' id='word_1_387' title='bbox 3358 2236 3610 2302; x_wconf 80' lang='grc' dir='ltr'>ἐξουσίαν</span> <span class='ocrx_word' id='word_1_388' title='bbox 3634 2236 3744 2304; x_wconf 78' lang='grc' dir='ltr'>τῆς</span> 
     </span>
    </p>
   </div>
   <div class='ocr_carea' id='block_1_52' title="bbox 2149 2328 3742 2402">
    <p class='ocr_par' dir='ltr' id='par_1_52' title="bbox 2149 2328 3742 2402">
     <span class='ocr_line' id='line_1_52' title="bbox 2149 2328 3742 2402; baseline -0.003 -16"><span class='ocrx_word' id='word_1_389' title='bbox 2149 2332 2464 2395; x_wconf 77' lang='grc' dir='ltr'>ἀποθέσεως</span> <span class='ocrx_word' id='word_1_390' title='bbox 2492 2333 2592 2402; x_wconf 83' lang='grc' dir='ltr'>τῆς</span> <span class='ocrx_word' id='word_1_391' title='bbox 2619 2329 2817 2386; x_wconf 80' lang='grc' dir='ltr'>ἑαυτοῦ</span> <span class='ocrx_word' id='word_1_392' title='bbox 2853 2330 3035 2401; x_wconf 77' lang='grc' dir='ltr'>ψυχῆς</span> <span class='ocrx_word' id='word_1_393' title='bbox 3078 2331 3174 2383; x_wconf 78' lang='grc' dir='ltr'>καὶ</span> <span class='ocrx_word' id='word_1_394' title='bbox 3205 2328 3492 2400; x_wconf 84' lang='grc' dir='ltr'>ἀπολαϐῆς</span> <span class='ocrx_word' id='word_1_395' title='bbox 3521 2345 3742 2400; x_wconf 82' lang='grc' dir='ltr'>μεμαρ-</span> 
     </span>
    </p>
   </div>
   <div class='ocr_carea' id='block_1_53' title="bbox 2149 2418 3742 2498">
    <p class='ocr_par' dir='ltr' id='par_1_53' title="bbox 2149 2418 3742 2498">
     <span class='ocr_line' id='line_1_53' title="bbox 2149 2418 3742 2498; baseline -0.003 -22"><span class='ocrx_word' id='word_1_396' title='bbox 2149 2425 2379 2498; x_wconf 85' lang='grc' dir='ltr'>τύρηται</span> <span class='ocrx_word' id='word_1_397' title='bbox 2403 2443 2418 2492; x_wconf 86' lang='grc'>;</span> <span class='ocrx_word' id='word_1_398' title='bbox 2449 2425 2568 2479; x_wconf 82' lang='grc' dir='ltr'>οὐδὲ</span> <span class='ocrx_word' id='word_1_399' title='bbox 2587 2423 2886 2497; x_wconf 74' lang='grc' dir='ltr'>ἀκούσεσθε</span> <span class='ocrx_word' id='word_1_400' title='bbox 2903 2422 3000 2492; x_wconf 79' lang='grc' dir='ltr'><strong>ὀψὲ</strong></span> <span class='ocrx_word' id='word_1_401' title='bbox 3032 2421 3166 2491; x_wconf 86' lang='grc' dir='ltr'>γοῦν</span> <span class='ocrx_word' id='word_1_402' title='bbox 3183 2421 3317 2476; x_wconf 79' lang='grc' dir='ltr'>πότε</span> <span class='ocrx_word' id='word_1_403' title='bbox 3343 2418 3441 2475; x_wconf 86' lang='grc' dir='ltr'><strong>τοῦ</strong></span> <span class='ocrx_word' id='word_1_404' title='bbox 3466 2419 3742 2489; x_wconf 79' lang='grc' dir='ltr'>λέγοντος,</span> 
     </span>
    </p>
   </div>
   <div class='ocr_carea' id='block_1_54' title="bbox 2154 2510 3748 2588">
    <p class='ocr_par' dir='ltr' id='par_1_54' title="bbox 2154 2510 3748 2588">
     <span class='ocr_line' id='line_1_54' title="bbox 2154 2510 3748 2588; baseline -0.004 -17"><span class='ocrx_word' id='word_1_405' title='bbox 2154 2517 2254 2583; x_wconf 86' lang='grc' dir='ltr'><strong>Τίς</strong></span> <span class='ocrx_word' id='word_1_406' title='bbox 2273 2518 2406 2571; x_wconf 84' lang='grc' dir='ltr'>ἐστι</span> <span class='ocrx_word' id='word_1_407' title='bbox 2425 2517 2736 2588; x_wconf 77' lang='grc' dir='ltr'>ἅνθρωπος</span> <span class='ocrx_word' id='word_1_408' title='bbox 2753 2516 2820 2582; x_wconf 84' lang='grc' dir='ltr'>ὃς</span> <span class='ocrx_word' id='word_1_409' title='bbox 2836 2513 3100 2583; x_wconf 78' lang='grc' dir='ltr'><strong>ζήσεται,</strong></span> <span class='ocrx_word' id='word_1_410' title='bbox 3130 2515 3230 2568; x_wconf 75' lang='grc' dir='ltr'>καὶ</span> <span class='ocrx_word' id='word_1_411' title='bbox 3257 2513 3374 2568; x_wconf 83' lang='grc' dir='ltr'>οὐκ</span> <span class='ocrx_word' id='word_1_412' title='bbox 3396 2513 3609 2582; x_wconf 68' lang='grc' dir='ltr'>ὄψεται</span> <span class='ocrx_word' id='word_1_413' title='bbox 3636 2510 3748 2565; x_wconf 73' lang='lat' dir='ltr'><strong>Od-</strong></span> 
     </span>
    </p>
   </div>
   <div class='ocr_carea' id='block_1_55' title="bbox 2150 2591 3746 2679">
    <p class='ocr_par' dir='ltr' id='par_1_55' title="bbox 2150 2591 3746 2679">
     <span class='ocr_line' id='line_1_55' title="bbox 2150 2591 3746 2679; baseline -0.001 -15"><span class='ocrx_word' id='word_1_414' title='bbox 2150 2628 2360 2675; x_wconf 70' lang='grc' dir='ltr'>νανον,</span> <span class='ocrx_word' id='word_1_415' title='bbox 2371 2611 2622 2678; x_wconf 77' lang='grc' dir='ltr'>ῥύσεται</span> <span class='ocrx_word' id='word_1_416' title='bbox 2645 2610 2761 2677; x_wconf 80' lang='grc' dir='ltr'><strong>τὴν</strong></span> <span class='ocrx_word' id='word_1_417' title='bbox 2785 2609 3001 2679; x_wconf 71' lang='grc' dir='ltr'><strong>ψυχὴν</strong></span> <span class='ocrx_word' id='word_1_418' title='bbox 3022 2607 3211 2662; x_wconf 80' lang='grc' dir='ltr'>αὑτοῦ</span> <span class='ocrx_word' id='word_1_419' title='bbox 3231 2591 3302 2662; x_wconf 60' lang='grc' dir='ltr'><strong>ἐπὶ</strong></span> <span class='ocrx_word' id='word_1_420' title='bbox 3319 2608 3522 2677; x_wconf 83' lang='grc' dir='ltr'>χειρὸς</span> <span class='ocrx_word' id='word_1_421' title='bbox 3550 2604 3705 2673; x_wconf 75' lang='grc' dir='ltr'><strong>ᾅδου</strong></span> <span class='ocrx_word' id='word_1_422' title='bbox 3724 2621 3746 2664; x_wconf 85' lang='lat'><strong>.&#39;</strong></span> 
     </span>
    </p>
   </div>
   <div class='ocr_carea' id='block_1_56' title="bbox 2150 2699 3746 2769">
    <p class='ocr_par' dir='ltr' id='par_1_56' title="bbox 2150 2699 3746 2769">
     <span class='ocr_line' id='line_1_56' title="bbox 2150 2699 3746 2769; baseline -0.004 -13"><span class='ocrx_word' id='word_1_423' title='bbox 2150 2702 2233 2766; x_wconf 86' lang='grc' dir='ltr'>τίς</span> <span class='ocrx_word' id='word_1_424' title='bbox 2263 2701 2320 2756; x_wconf 85' lang='grc' dir='ltr'><strong>δὲ</strong></span> <span class='ocrx_word' id='word_1_425' title='bbox 2353 2701 2537 2756; x_wconf 79' lang='grc' dir='ltr'>αὐτῶν</span> <span class='ocrx_word' id='word_1_426' title='bbox 2566 2701 2654 2755; x_wconf 74' lang='grc' dir='ltr'><strong>ἐπ’</strong></span> <span class='ocrx_word' id='word_1_427' title='bbox 2683 2700 2932 2766; x_wconf 77' lang='grc' dir='ltr'>ἐξουσίας</span> <span class='ocrx_word' id='word_1_428' title='bbox 2973 2700 3290 2754; x_wconf 73' lang='grc' dir='ltr'><strong>ἐπιτάσσειν</strong></span> <span class='ocrx_word' id='word_1_429' title='bbox 3317 2703 3430 2763; x_wconf 82' lang='grc' dir='ltr'>τοῖς</span> <span class='ocrx_word' id='word_1_430' title='bbox 3458 2699 3746 2769; x_wconf 83' lang='grc' dir='ltr'>πνεύμασι</span> 
     </span>
    </p>
   </div>
   <div class='ocr_carea' id='block_1_57' title="bbox 2151 2791 3748 2867">
    <p class='ocr_par' dir='ltr' id='par_1_57' title="bbox 2151 2791 3748 2867">
     <span class='ocr_line' id='line_1_57' title="bbox 2151 2791 3748 2867; baseline -0.003 -19"><span class='ocrx_word' id='word_1_431' title='bbox 2151 2796 2266 2859; x_wconf 83' lang='grc' dir='ltr'>τοῖς</span> <span class='ocrx_word' id='word_1_432' title='bbox 2292 2793 2646 2867; x_wconf 85' lang='grc' dir='ltr'>ἀκαθάρτοις,</span> <span class='ocrx_word' id='word_1_433' title='bbox 2671 2794 2706 2865; x_wconf 78' lang='grc' dir='ltr'><strong>ἢ</strong></span> <span class='ocrx_word' id='word_1_434' title='bbox 2740 2792 2828 2847; x_wconf 77' lang='grc' dir='ltr'><strong>ἐπ’</strong></span> <span class='ocrx_word' id='word_1_435' title='bbox 2857 2791 3113 2858; x_wconf 77' lang='grc' dir='ltr'>ἐξουσίας</span> <span class='ocrx_word' id='word_1_436' title='bbox 3161 2793 3424 2864; x_wconf 70' lang='grc' dir='ltr'>ἐπιτιμᾷν</span> <span class='ocrx_word' id='word_1_437' title='bbox 3461 2793 3576 2853; x_wconf 82' lang='grc' dir='ltr'>τοῖς</span> <span class='ocrx_word' id='word_1_438' title='bbox 3612 2791 3748 2844; x_wconf 80' lang='grc' dir='ltr'><strong>ἀνὲο</strong></span> 
     </span>
    </p>
   </div>
   <div class='ocr_carea' id='block_1_58' title="bbox 2156 2885 3747 2960">
    <p class='ocr_par' dir='ltr' id='par_1_58' title="bbox 2156 2885 3747 2960">
     <span class='ocr_line' id='line_1_58' title="bbox 2156 2885 3747 2960; baseline -0.001 -20"><span class='ocrx_word' id='word_1_439' title='bbox 2156 2904 2277 2958; x_wconf 89' lang='grc' dir='ltr'>μοις</span> <span class='ocrx_word' id='word_1_440' title='bbox 2310 2887 2407 2940; x_wconf 74' lang='grc' dir='ltr'>καὶ</span> <span class='ocrx_word' id='word_1_441' title='bbox 2434 2889 2501 2956; x_wconf 82' lang='grc' dir='ltr'><strong>τῇ</strong></span> <span class='ocrx_word' id='word_1_442' title='bbox 2542 2887 2792 2960; x_wconf 78' lang='grc' dir='ltr'>θαλάσσῃ</span> <span class='ocrx_word' id='word_1_443' title='bbox 2819 2886 3077 2960; x_wconf 72' lang='grc' dir='ltr'>εἷρηταις</span> <span class='ocrx_word' id='word_1_444' title='bbox 3113 2886 3147 2958; x_wconf 77' lang='grc' dir='ltr'>ἢ</span> <span class='ocrx_word' id='word_1_445' title='bbox 3180 2886 3328 2951; x_wconf 80' lang='grc' dir='ltr'>τινος</span> <span class='ocrx_word' id='word_1_446' title='bbox 3354 2885 3547 2958; x_wconf 71' lang='grc' dir='ltr'>ἑτέρου</span> <span class='ocrx_word' id='word_1_447' title='bbox 3574 2885 3747 2939; x_wconf 77' lang='grc' dir='ltr'>ἐθαυ-</span> 
     </span>
    </p>
   </div>
   <div class='ocr_carea' id='block_1_59' title="bbox 2155 2975 3749 3052">
    <p class='ocr_par' dir='ltr' id='par_1_59' title="bbox 2155 2975 3749 3052">
     <span class='ocr_line' id='line_1_59' title="bbox 2155 2975 3749 3052; baseline -0.001 -20"><span class='ocrx_word' id='word_1_448' title='bbox 2155 2978 2339 3050; x_wconf 86' lang='grc' dir='ltr'>μάσθη</span> <span class='ocrx_word' id='word_1_449' title='bbox 2379 2980 2408 3033; x_wconf 88' lang='grc' dir='ltr'><strong>ό</strong></span> <span class='ocrx_word' id='word_1_450' title='bbox 2463 2978 2621 3048; x_wconf 83' lang='grc' dir='ltr'>λόγος</span> <span class='ocrx_word' id='word_1_451' title='bbox 2670 2980 2754 3034; x_wconf 80' lang='grc' dir='ltr'>ὅτι</span> <span class='ocrx_word' id='word_1_452' title='bbox 2802 2981 2892 3033; x_wconf 79' lang='grc' dir='ltr'><strong>ἐπ’</strong></span> <span class='ocrx_word' id='word_1_453' title='bbox 2923 2979 3173 3045; x_wconf 79' lang='grc' dir='ltr'>ἐξουσίας</span> <span class='ocrx_word' id='word_1_454' title='bbox 3188 2975 3280 3052; x_wconf 78' lang='grc' dir='ltr'>ἦν,</span> <span class='ocrx_word' id='word_1_455' title='bbox 3311 2980 3407 3032; x_wconf 71' lang='grc' dir='ltr'>καὶ</span> <span class='ocrx_word' id='word_1_456' title='bbox 3442 2977 3544 3050; x_wconf 83' lang='grc' dir='ltr'>οὑχ</span> <span class='ocrx_word' id='word_1_457' title='bbox 3583 2978 3660 3042; x_wconf 83' lang='grc' dir='ltr'><strong>ὡς</strong></span> <span class='ocrx_word' id='word_1_458' title='bbox 3690 2977 3749 3031; x_wconf 85' lang='grc' dir='ltr'><strong>οι</strong></span> 
     </span>
    </p>
   </div>
   <div class='ocr_carea' id='block_1_60' title="bbox 2153 3069 3749 3142">
    <p class='ocr_par' dir='ltr' id='par_1_60' title="bbox 2153 3069 3749 3142">
     <span class='ocr_line' id='line_1_60' title="bbox 2153 3069 3749 3142; baseline -0.001 -19"><span class='ocrx_word' id='word_1_459' title='bbox 2153 3070 2263 3124; x_wconf 85' lang='grc' dir='ltr'><strong>τῶν</strong></span> <span class='ocrx_word' id='word_1_460' title='bbox 2302 3070 2543 3136; x_wconf 86' lang='grc' dir='ltr'>λοιπῶν;</span> <span class='ocrx_word' id='word_1_461' title='bbox 2575 3071 2722 3136; x_wconf 80' lang='grc' dir='ltr'>τίνος</span> <span class='ocrx_word' id='word_1_462' title='bbox 2767 3071 2824 3124; x_wconf 76' lang='grc' dir='ltr'><strong>δὲ</strong></span> <span class='ocrx_word' id='word_1_463' title='bbox 2865 3071 2976 3125; x_wconf 85' lang='grc' dir='ltr'><strong>τῶν</strong></span> <span class='ocrx_word' id='word_1_464' title='bbox 3022 3070 3337 3126; x_wconf 80' lang='grc' dir='ltr'>ἀποστόλων</span> <span class='ocrx_word' id='word_1_465' title='bbox 3379 3069 3414 3141; x_wconf 77' lang='grc' dir='ltr'>ἢ</span> <span class='ocrx_word' id='word_1_466' title='bbox 3443 3069 3749 3142; x_wconf 78' lang='grc' dir='ltr'>προφητῶν</span> 
     </span>
    </p>
   </div>
   <div class='ocr_carea' id='block_1_61' title="bbox 2156 3142 3746 3233">
    <p class='ocr_par' dir='ltr' id='par_1_61' title="bbox 2156 3142 3746 3233">
     <span class='ocr_line' id='line_1_61' title="bbox 2156 3142 3746 3233; baseline 0.008 -18"><span class='ocrx_word' id='word_1_467' title='bbox 2156 3160 2595 3232; x_wconf 82' lang='grc' dir='ltr'>ἀποθνήσκοντος</span> <span class='ocrx_word' id='word_1_468' title='bbox 2637 3161 2868 3231; x_wconf 78' lang='grc' dir='ltr'>οὑρανδς</span> <span class='ocrx_word' id='word_1_469' title='bbox 2916 3163 3010 3216; x_wconf 77' lang='grc' dir='ltr'>καὶ</span> <span class='ocrx_word' id='word_1_470' title='bbox 3051 3164 3152 3233; x_wconf 78' lang='grc' dir='ltr'><strong>γῆ.</strong></span> <span class='ocrx_word' id='word_1_471' title='bbox 3185 3159 3340 3232; x_wconf 68' lang='grc' dir='ltr'>ἣλιος</span> <span class='ocrx_word' id='word_1_472' title='bbox 3365 3142 3486 3215; x_wconf 51' lang='grc' dir='ltr'><strong>’καὶ</strong></span> <span class='ocrx_word' id='word_1_473' title='bbox 3520 3160 3746 3232; x_wconf 74' lang='grc' dir='ltr'>σελήνη.</span> 
     </span>
    </p>
   </div>
   <div class='ocr_carea' id='block_1_62' title="bbox 467 3245 2056 3329">
    <p class='ocr_par' dir='ltr' id='par_1_62' title="bbox 467 3245 2056 3318">
     <span class='ocr_line' id='line_1_62' title="bbox 467 3245 2056 3318; baseline -0.006 -11"><span class='ocrx_word' id='word_1_474' title='bbox 467 3251 631 3307; x_wconf 78' lang='lat' dir='ltr'><strong>runt?</strong></span> <span class='ocrx_word' id='word_1_475' title='bbox 660 3250 910 3318; x_wconf 90' lang='lat' dir='ltr'><strong>Quonam</strong></span> <span class='ocrx_word' id='word_1_476' title='bbox 965 3255 1232 3302; x_wconf 89' lang='lat' dir='ltr'><strong>nascente</strong></span> <span class='ocrx_word' id='word_1_477' title='bbox 1275 3246 1429 3301; x_wconf 81' lang='lat' dir='ltr'><strong>visus</strong></span> <span class='ocrx_word' id='word_1_478' title='bbox 1457 3255 1543 3300; x_wconf 93' lang='lat' dir='ltr'><strong>est</strong></span> <span class='ocrx_word' id='word_1_479' title='bbox 1571 3254 1764 3316; x_wconf 91' lang='lat' dir='ltr'><strong>partus</strong></span> <span class='ocrx_word' id='word_1_480' title='bbox 1812 3245 1931 3299; x_wconf 91' lang='lat' dir='ltr'><strong>sine</strong></span> <span class='ocrx_word' id='word_1_481' title='bbox 1972 3258 2056 3298; x_wconf 91' lang='lat' dir='ltr'><strong>se-</strong></span> 
     </span>
    </p>
   </div>
   <div class='ocr_carea' id='block_1_63' title="bbox 2158 3245 3748 3329">
    <p class='ocr_par' dir='ltr' id='par_1_63' title="bbox 2160 3253 3748 3326">
     <span class='ocr_line' id='line_1_63' title="bbox 2160 3253 3748 3326; baseline -0.001 -20"><span class='ocrx_word' id='word_1_482' title='bbox 2160 3253 2342 3324; x_wconf 83' lang='grc' dir='ltr'>ὴμέρα</span> <span class='ocrx_word' id='word_1_483' title='bbox 2390 3255 2483 3306; x_wconf 72' lang='grc' dir='ltr'>καὶ</span> <span class='ocrx_word' id='word_1_484' title='bbox 2531 3253 2650 3319; x_wconf 75' lang='grc' dir='ltr'>νὺξ,</span> <span class='ocrx_word' id='word_1_485' title='bbox 2680 3255 2867 3326; x_wconf 73' lang='grc' dir='ltr'>νεκροὶ</span> <span class='ocrx_word' id='word_1_486' title='bbox 2914 3255 3010 3310; x_wconf 74' lang='grc' dir='ltr'>καὶ</span> <span class='ocrx_word' id='word_1_487' title='bbox 3059 3255 3264 3320; x_wconf 77' lang='grc' dir='ltr'>ζῶντες</span> <span class='ocrx_word' id='word_1_488' title='bbox 3291 3254 3748 3325; x_wconf 84' lang='grc' dir='ltr'>συνεσείσθησαν,</span> 
     </span>
    </p>
   </div>
   <div class='ocr_carea' id='block_1_64' title="bbox 468 3335 2055 3410">
    <p class='ocr_par' dir='ltr' id='par_1_64' title="bbox 468 3335 2055 3410">
     <span class='ocr_line' id='line_1_64' title="bbox 468 3335 2055 3410; baseline -0.008 -11"><span class='ocrx_word' id='word_1_489' title='bbox 468 3347 638 3410; x_wconf 87' lang='lat' dir='ltr'><strong>mine,</strong></span> <span class='ocrx_word' id='word_1_490' title='bbox 678 3343 850 3398; x_wconf 65' lang='lat' dir='ltr'><strong>stella:</strong></span> <span class='ocrx_word' id='word_1_491' title='bbox 888 3341 992 3396; x_wconf 90' lang='lat' dir='ltr'><strong>sub</strong></span> <span class='ocrx_word' id='word_1_492' title='bbox 1021 3340 1162 3396; x_wconf 81' lang='lat' dir='ltr'><strong>C(elo</strong></span> <span class='ocrx_word' id='word_1_493' title='bbox 1189 3354 1409 3403; x_wconf 85' lang='lat' dir='ltr'><strong>cursus,</strong></span> <span class='ocrx_word' id='word_1_494' title='bbox 1463 3335 1780 3392; x_wconf 89' lang='lat' dir='ltr'><strong>canentium</strong></span> <span class='ocrx_word' id='word_1_495' title='bbox 1831 3335 2055 3405; x_wconf 83' lang='lat' dir='ltr'><strong>angelo-</strong></span> 
     </span>
    </p>
   </div>
   <div class='ocr_carea' id='block_1_65' title="bbox 470 3424 2055 3498">
    <p class='ocr_par' dir='ltr' id='par_1_65' title="bbox 470 3424 2055 3498">
     <span class='ocr_line' id='line_1_65' title="bbox 470 3424 2055 3498; baseline -0.009 -7"><span class='ocrx_word' id='word_1_496' title='bbox 470 3452 593 3492; x_wconf 90' lang='lat' dir='ltr'><strong>rum</strong></span> <span class='ocrx_word' id='word_1_497' title='bbox 624 3433 859 3490; x_wconf 89' lang='lat' dir='ltr'><strong>chorus?</strong></span> <span class='ocrx_word' id='word_1_498' title='bbox 904 3431 1173 3498; x_wconf 90' lang='lat' dir='ltr'><strong>Quisnam</strong></span> <span class='ocrx_word' id='word_1_499' title='bbox 1226 3444 1423 3484; x_wconf 89' lang='lat' dir='ltr'><strong>eorum</strong></span> <span class='ocrx_word' id='word_1_500' title='bbox 1465 3427 1524 3480; x_wconf 91' lang='lat' dir='ltr'><strong>in</strong></span> <span class='ocrx_word' id='word_1_501' title='bbox 1559 3424 1768 3479; x_wconf 87' lang='lat' dir='ltr'><strong>carnali</strong></span> <span class='ocrx_word' id='word_1_502' title='bbox 1822 3440 2055 3494; x_wconf 88' lang='lat' dir='ltr'><strong>corpore</strong></span> 
     </span>
    </p>
   </div>
   <div class='ocr_carea' id='block_1_66' title="bbox 469 3517 2056 3599">
    <p class='ocr_par' dir='ltr' id='par_1_66' title="bbox 469 3517 2056 3599">
     <span class='ocr_line' id='line_1_66' title="bbox 469 3517 2056 3599; baseline -0.009 -14"><span class='ocrx_word' id='word_1_503' title='bbox 469 3546 535 3586; x_wconf 85' lang='lat' dir='ltr'><strong>ea</strong></span> <span class='ocrx_word' id='word_1_504' title='bbox 564 3544 687 3599; x_wconf 66' lang='lat' dir='ltr'><strong>qua:</strong></span> <span class='ocrx_word' id='word_1_505' title='bbox 719 3526 1019 3596; x_wconf 89' lang='lat' dir='ltr'><strong>spirituum</strong></span> <span class='ocrx_word' id='word_1_506' title='bbox 1049 3531 1182 3578; x_wconf 91' lang='lat' dir='ltr'><strong>sunt</strong></span> <span class='ocrx_word' id='word_1_507' title='bbox 1214 3520 1502 3584; x_wconf 89' lang='lat' dir='ltr'><strong>ostendit,</strong></span> <span class='ocrx_word' id='word_1_508' title='bbox 1553 3517 1786 3589; x_wconf 76' lang='lat' dir='ltr'><strong>virginis</strong></span> <span class='ocrx_word' id='word_1_509' title='bbox 1825 3517 2056 3588; x_wconf 80' lang='lat' dir='ltr'><strong>integri-</strong></span> 
     </span>
    </p>
   </div>
   <div class='ocr_carea' id='block_1_67' title="bbox 473 3609 2058 3683">
    <p class='ocr_par' dir='ltr' id='par_1_67' title="bbox 473 3609 2058 3683">
     <span class='ocr_line' id='line_1_67' title="bbox 473 3609 2058 3683; baseline -0.007 -7"><span class='ocrx_word' id='word_1_510' title='bbox 473 3631 639 3677; x_wconf 88' lang='lat' dir='ltr'><strong>tatem</strong></span> <span class='ocrx_word' id='word_1_511' title='bbox 675 3617 954 3673; x_wconf 89' lang='lat' dir='ltr'><strong>nascendo</strong></span> <span class='ocrx_word' id='word_1_512' title='bbox 1007 3631 1118 3670; x_wconf 91' lang='lat' dir='ltr'><strong>non</strong></span> <span class='ocrx_word' id='word_1_513' title='bbox 1173 3614 1426 3668; x_wconf 87' lang='lat' dir='ltr'><strong>minuens</strong></span> <span class='ocrx_word' id='word_1_514' title='bbox 1470 3620 1527 3667; x_wconf 87' lang='lat' dir='ltr'><strong>et</strong></span> <span class='ocrx_word' id='word_1_515' title='bbox 1572 3627 1738 3683; x_wconf 88' lang='lat' dir='ltr'><strong>super</strong></span> <span class='ocrx_word' id='word_1_516' title='bbox 1797 3609 2058 3665; x_wconf 83' lang='lat' dir='ltr'><strong>ﬂuctibus</strong></span> 
     </span>
    </p>
   </div>
   <div class='ocr_carea' id='block_1_68' title="bbox 472 3702 2061 3785">
    <p class='ocr_par' dir='ltr' id='par_1_68' title="bbox 472 3702 2061 3785">
     <span class='ocr_line' id='line_1_68' title="bbox 472 3702 2061 3785; baseline -0.009 -16"><span class='ocrx_word' id='word_1_517' title='bbox 472 3712 862 3785; x_wconf 88' lang='lat' dir='ltr'><strong>perambulans</strong></span> <span class='ocrx_word' id='word_1_518' title='bbox 885 3749 900 3774; x_wconf 85' lang='lat'><strong>,</strong></span> <span class='ocrx_word' id='word_1_519' title='bbox 924 3710 980 3763; x_wconf 92' lang='lat' dir='ltr'><strong>in</strong></span> <span class='ocrx_word' id='word_1_520' title='bbox 1006 3722 1242 3779; x_wconf 91' lang='lat' dir='ltr'><strong>corpore</strong></span> <span class='ocrx_word' id='word_1_521' title='bbox 1267 3715 1460 3761; x_wconf 89' lang='lat' dir='ltr'><strong>autem</strong></span> <span class='ocrx_word' id='word_1_522' title='bbox 1503 3702 1802 3776; x_wconf 89' lang='lat' dir='ltr'><strong>spirituali,</strong></span> <span class='ocrx_word' id='word_1_523' title='bbox 1842 3711 1900 3756; x_wconf 89' lang='lat' dir='ltr'><strong>et</strong></span> <span class='ocrx_word' id='word_1_524' title='bbox 1938 3717 2061 3770; x_wconf 65' lang='lat' dir='ltr'><strong>quae</strong></span> 
     </span>
    </p>
   </div>
   <div class='ocr_carea' id='block_1_69' title="bbox 473 3796 2061 3871">
    <p class='ocr_par' dir='ltr' id='par_1_69' title="bbox 473 3796 2061 3871">
     <span class='ocr_line' id='line_1_69' title="bbox 473 3796 2061 3871; baseline -0.009 -12"><span class='ocrx_word' id='word_1_525' title='bbox 473 3815 604 3859; x_wconf 89' lang='lat' dir='ltr'><strong>sunt</strong></span> <span class='ocrx_word' id='word_1_526' title='bbox 633 3802 818 3860; x_wconf 90' lang='lat' dir='ltr'><strong>carnis</strong></span> <span class='ocrx_word' id='word_1_527' title='bbox 843 3799 1095 3871; x_wconf 91' lang='lat' dir='ltr'><strong>protulit,</strong></span> <span class='ocrx_word' id='word_1_528' title='bbox 1138 3799 1398 3855; x_wconf 90' lang='lat' dir='ltr'><strong>manibus</strong></span> <span class='ocrx_word' id='word_1_529' title='bbox 1453 3796 1795 3854; x_wconf 88' lang='lat' dir='ltr'><strong>sensibiliter</strong></span> <span class='ocrx_word' id='word_1_530' title='bbox 1840 3801 2061 3848; x_wconf 87' lang='lat' dir='ltr'><strong>contre-</strong></span> 
     </span>
    </p>
   </div>
   <div class='ocr_carea' id='block_1_70' title="bbox 474 3887 2060 3960">
    <p class='ocr_par' dir='ltr' id='par_1_70' title="bbox 474 3887 2060 3960">
     <span class='ocr_line' id='line_1_70' title="bbox 474 3887 2060 3960; baseline -0.006 -12"><span class='ocrx_word' id='word_1_531' title='bbox 474 3903 676 3958; x_wconf 88' lang='lat' dir='ltr'><strong>ctatus,</strong></span> <span class='ocrx_word' id='word_1_532' title='bbox 725 3908 909 3948; x_wconf 89' lang='lat' dir='ltr'><strong>escam</strong></span> <span class='ocrx_word' id='word_1_533' title='bbox 941 3906 1164 3960; x_wconf 90' lang='lat' dir='ltr'><strong>quoque</strong></span> <span class='ocrx_word' id='word_1_534' title='bbox 1214 3901 1341 3960; x_wconf 89' lang='lat' dir='ltr'><strong>post</strong></span> <span class='ocrx_word' id='word_1_535' title='bbox 1392 3887 1859 3944; x_wconf 87' lang='lat' dir='ltr'><strong>resurrectionem</strong></span> <span class='ocrx_word' id='word_1_536' title='bbox 1903 3900 2060 3940; x_wconf 86' lang='lat' dir='ltr'><strong>suam</strong></span> 
     </span>
    </p>
   </div>
   <div class='ocr_carea' id='block_1_71' title="bbox 476 3965 2056 4056">
    <p class='ocr_par' dir='ltr' id='par_1_71' title="bbox 476 3965 2056 4056">
     <span class='ocr_line' id='line_1_71' title="bbox 476 3965 2056 4056; baseline -0.006 -16"><span class='ocrx_word' id='word_1_537' title='bbox 476 3985 760 4056; x_wconf 85' lang='lat' dir='ltr'><strong>postulans</strong></span> <span class='ocrx_word' id='word_1_538' title='bbox 789 3991 846 4039; x_wconf 93' lang='lat' dir='ltr'><strong>et</strong></span> <span class='ocrx_word' id='word_1_539' title='bbox 868 3983 1227 4048; x_wconf 88' lang='lat' dir='ltr'><strong>manducans,</strong></span> <span class='ocrx_word' id='word_1_540' title='bbox 1251 3982 1359 4037; x_wconf 87' lang='lat' dir='ltr'><strong>etsi</strong></span> <span class='ocrx_word' id='word_1_541' title='bbox 1380 3997 1488 4036; x_wconf 90' lang='lat' dir='ltr'><strong>non</strong></span> <span class='ocrx_word' id='word_1_542' title='bbox 1511 3965 1838 4034; x_wconf 90' lang='lat' dir='ltr'><strong>nutritionis</strong></span> <span class='ocrx_word' id='word_1_543' title='bbox 1862 3994 2056 4034; x_wconf 87' lang='lat' dir='ltr'><strong>causa:</strong></span> 
     </span>
    </p>
   </div>
   <div class='ocr_carea' id='block_1_72' title="bbox 477 4071 2059 4144">
    <p class='ocr_par' dir='ltr' id='par_1_72' title="bbox 477 4071 2059 4144">
     <span class='ocr_line' id='line_1_72' title="bbox 477 4071 2059 4144; baseline -0.004 -15"><span class='ocrx_word' id='word_1_544' title='bbox 477 4091 575 4144; x_wconf 90' lang='lat' dir='ltr'><strong>per</strong></span> <span class='ocrx_word' id='word_1_545' title='bbox 613 4075 731 4128; x_wconf 64' lang='lat' dir='ltr'><strong>haec</strong></span> <span class='ocrx_word' id='word_1_546' title='bbox 758 4073 945 4128; x_wconf 87' lang='lat' dir='ltr'><strong>omnia</strong></span> <span class='ocrx_word' id='word_1_547' title='bbox 971 4072 1375 4127; x_wconf 67' lang='lat' dir='ltr'><strong>demonstrans</strong></span> <span class='ocrx_word' id='word_1_548' title='bbox 1393 4087 1450 4126; x_wconf 90' lang='lat' dir='ltr'><strong>se</strong></span> <span class='ocrx_word' id='word_1_549' title='bbox 1479 4071 1768 4140; x_wconf 87' lang='lat' dir='ltr'><strong>utriusque</strong></span> <span class='ocrx_word' id='word_1_550' title='bbox 1825 4079 2059 4135; x_wconf 65' lang='lat' dir='ltr'><strong>naturae,</strong></span> 
     </span>
    </p>
   </div>
   <div class='ocr_carea' id='block_1_73' title="bbox 477 4159 2061 4232">
    <p class='ocr_par' dir='ltr' id='par_1_73' title="bbox 477 4159 2061 4232">
     <span class='ocr_line' id='line_1_73' title="bbox 477 4159 2061 4232; baseline -0.003 -14"><span class='ocrx_word' id='word_1_551' title='bbox 477 4163 784 4232; x_wconf 89' lang='lat' dir='ltr'><strong>corporalis</strong></span> <span class='ocrx_word' id='word_1_552' title='bbox 813 4177 1012 4231; x_wconf 90' lang='lat' dir='ltr'><strong>nempe</strong></span> <span class='ocrx_word' id='word_1_553' title='bbox 1045 4170 1101 4216; x_wconf 87' lang='lat' dir='ltr'><strong>et</strong></span> <span class='ocrx_word' id='word_1_554' title='bbox 1130 4162 1458 4231; x_wconf 81' lang='lat' dir='ltr'><strong>spiritualis,</strong></span> <span class='ocrx_word' id='word_1_555' title='bbox 1487 4176 1610 4216; x_wconf 88' lang='lat' dir='ltr'><strong>esse</strong></span> <span class='ocrx_word' id='word_1_556' title='bbox 1634 4169 1940 4225; x_wconf 90' lang='lat' dir='ltr'><strong>auctorem,</strong></span> <span class='ocrx_word' id='word_1_557' title='bbox 1967 4159 2061 4230; x_wconf 88' lang='lat' dir='ltr'><strong>qui</strong></span> 
     </span>
    </p>
   </div>
   <div class='ocr_carea' id='block_1_74' title="bbox 478 4249 2061 4319">
    <p class='ocr_par' dir='ltr' id='par_1_74' title="bbox 478 4249 2061 4319">
     <span class='ocr_line' id='line_1_74' title="bbox 478 4249 2061 4319; baseline -0.003 -12"><span class='ocrx_word' id='word_1_558' title='bbox 478 4253 665 4307; x_wconf 89' lang='lat' dir='ltr'><strong>omnia</strong></span> <span class='ocrx_word' id='word_1_559' title='bbox 694 4253 824 4306; x_wconf 81' lang='lat' dir='ltr'><strong>facit</strong></span> <span class='ocrx_word' id='word_1_560' title='bbox 851 4260 909 4307; x_wconf 91' lang='lat' dir='ltr'><strong>et</strong></span> <span class='ocrx_word' id='word_1_561' title='bbox 948 4259 1300 4314; x_wconf 86' lang='lat' dir='ltr'><strong>transmutat,</strong></span> <span class='ocrx_word' id='word_1_562' title='bbox 1344 4265 1562 4319; x_wconf 90' lang='lat' dir='ltr'><strong>semper</strong></span> <span class='ocrx_word' id='word_1_563' title='bbox 1586 4249 1812 4304; x_wconf 84' lang='lat' dir='ltr'><strong>creandi</strong></span> <span class='ocrx_word' id='word_1_564' title='bbox 1843 4259 2061 4318; x_wconf 86' lang='lat' dir='ltr'><strong>potens,</strong></span> 
     </span>
    </p>
   </div>
   <div class='ocr_carea' id='block_1_75' title="bbox 480 4337 2066 4408">
    <p class='ocr_par' dir='ltr' id='par_1_75' title="bbox 480 4337 2066 4408">
     <span class='ocr_line' id='line_1_75' title="bbox 480 4337 2066 4408; baseline -0.004 -11"><span class='ocrx_word' id='word_1_565' title='bbox 480 4341 704 4398; x_wconf 88' lang='lat' dir='ltr'><strong>inomni</strong></span> <span class='ocrx_word' id='word_1_566' title='bbox 730 4351 877 4396; x_wconf 87' lang='lat' dir='ltr'><strong>statu</strong></span> <span class='ocrx_word' id='word_1_567' title='bbox 919 4339 1194 4395; x_wconf 87' lang='lat' dir='ltr'><strong>naturali:</strong></span> <span class='ocrx_word' id='word_1_568' title='bbox 1227 4339 1309 4392; x_wconf 89' lang='lat' dir='ltr'><strong>illi</strong></span> <span class='ocrx_word' id='word_1_569' title='bbox 1331 4346 1544 4391; x_wconf 90' lang='lat' dir='ltr'><strong>tantum</strong></span> <span class='ocrx_word' id='word_1_570' title='bbox 1569 4339 1665 4408; x_wconf 86' lang='lat' dir='ltr'><strong>qui</strong></span> <span class='ocrx_word' id='word_1_571' title='bbox 1699 4338 1907 4408; x_wconf 87' lang='lat' dir='ltr'><strong>aliquid</strong></span> <span class='ocrx_word' id='word_1_572' title='bbox 1932 4337 2066 4392; x_wconf 84' lang='lat' dir='ltr'><strong>fecit</strong></span> 
     </span>
    </p>
   </div>
   <div class='ocr_carea' id='block_1_76' title="bbox 481 4431 2066 4501">
    <p class='ocr_par' dir='ltr' id='par_1_76' title="bbox 481 4431 2066 4501">
     <span class='ocr_line' id='line_1_76' title="bbox 481 4431 2066 4501; baseline -0.003 -11"><span class='ocrx_word' id='word_1_573' title='bbox 481 4435 616 4491; x_wconf 90' lang='lat' dir='ltr'><strong>illud</strong></span> <span class='ocrx_word' id='word_1_574' title='bbox 651 4444 872 4490; x_wconf 86' lang='lat' dir='ltr'><strong>mutare</strong></span> <span class='ocrx_word' id='word_1_575' title='bbox 905 4432 1070 4488; x_wconf 82' lang='lat' dir='ltr'><strong>facile</strong></span> <span class='ocrx_word' id='word_1_576' title='bbox 1102 4438 1191 4487; x_wconf 91' lang='lat' dir='ltr'><strong>est</strong></span> <span class='ocrx_word' id='word_1_577' title='bbox 1217 4448 1232 4497; x_wconf 90' lang='lat'><strong>;</strong></span> <span class='ocrx_word' id='word_1_578' title='bbox 1261 4432 1388 4501; x_wconf 85' lang='lat' dir='ltr'><strong>quis</strong></span> <span class='ocrx_word' id='word_1_579' title='bbox 1406 4439 1590 4485; x_wconf 87' lang='lat' dir='ltr'><strong>autem</strong></span> <span class='ocrx_word' id='word_1_580' title='bbox 1615 4446 1812 4486; x_wconf 92' lang='lat' dir='ltr'><strong>eorum</strong></span> <span class='ocrx_word' id='word_1_581' title='bbox 1841 4431 1936 4501; x_wconf 89' lang='lat' dir='ltr'><strong>qui</strong></span> <span class='ocrx_word' id='word_1_582' title='bbox 1962 4431 2066 4486; x_wconf 89' lang='lat' dir='ltr'><strong>hu-</strong></span> 
     </span>
    </p>
   </div>
   <div class='ocr_carea' id='block_1_77' title="bbox 481 4521 2066 4587">
    <p class='ocr_par' dir='ltr' id='par_1_77' title="bbox 481 4521 2066 4587">
     <span class='ocr_line' id='line_1_77' title="bbox 481 4521 2066 4587; baseline -0.002 -5"><span class='ocrx_word' id='word_1_583' title='bbox 481 4542 658 4582; x_wconf 69' lang='lat' dir='ltr'><strong>mana:</strong></span> <span class='ocrx_word' id='word_1_584' title='bbox 697 4534 912 4582; x_wconf 87' lang='lat' dir='ltr'><strong>tantum</strong></span> <span class='ocrx_word' id='word_1_585' title='bbox 965 4533 1128 4581; x_wconf 88' lang='lat' dir='ltr'><strong>erant</strong></span> <span class='ocrx_word' id='word_1_586' title='bbox 1171 4534 1416 4587; x_wconf 56' lang='lat' dir='ltr'><strong>natura},</strong></span> <span class='ocrx_word' id='word_1_587' title='bbox 1453 4521 1659 4577; x_wconf 90' lang='lat' dir='ltr'><strong>dicitur</strong></span> <span class='ocrx_word' id='word_1_588' title='bbox 1689 4522 1839 4578; x_wconf 92' lang='lat' dir='ltr'><strong>solus</strong></span> <span class='ocrx_word' id='word_1_589' title='bbox 1871 4522 1926 4577; x_wconf 90' lang='lat' dir='ltr'><strong>in</strong></span> <span class='ocrx_word' id='word_1_590' title='bbox 1955 4538 2066 4579; x_wconf 64' lang='lat' dir='ltr'><strong>coa—</strong></span> 
     </span>
    </p>
   </div>
   <div class='ocr_carea' id='block_1_78' title="bbox 2158 3342 3752 3416">
    <p class='ocr_par' dir='ltr' id='par_1_78' title="bbox 2158 3342 3752 3416">
     <span class='ocr_line' id='line_1_78' title="bbox 2158 3342 3752 3416; baseline 0.001 -20"><span class='ocrx_word' id='word_1_591' title='bbox 2158 3345 2252 3396; x_wconf 84' lang='grc' dir='ltr'>καὶ</span> <span class='ocrx_word' id='word_1_592' title='bbox 2294 3342 2404 3395; x_wconf 84' lang='grc' dir='ltr'><strong>τῶν</strong></span> <span class='ocrx_word' id='word_1_593' title='bbox 2447 3343 2666 3398; x_wconf 78' lang='grc' dir='ltr'>οἰκείων</span> <span class='ocrx_word' id='word_1_594' title='bbox 2707 3345 2849 3415; x_wconf 82' lang='grc' dir='ltr'>ὅρων</span> <span class='ocrx_word' id='word_1_595' title='bbox 2883 3347 2979 3399; x_wconf 81' lang='grc' dir='ltr'>καὶ</span> <span class='ocrx_word' id='word_1_596' title='bbox 3003 3345 3185 3400; x_wconf 80' lang='grc' dir='ltr'>τόπων</span> <span class='ocrx_word' id='word_1_597' title='bbox 3219 3345 3524 3416; x_wconf 79' lang='grc' dir='ltr'>ἐξέστησαν</span> <span class='ocrx_word' id='word_1_598' title='bbox 3552 3363 3567 3407; x_wconf 85' lang='grc'>;</span> <span class='ocrx_word' id='word_1_599' title='bbox 3595 3346 3752 3409; x_wconf 81' lang='grc' dir='ltr'>τίνος</span> 
     </span>
    </p>
   </div>
   <div class='ocr_carea' id='block_1_79' title="bbox 2157 3435 3752 3510">
    <p class='ocr_par' dir='ltr' id='par_1_79' title="bbox 2157 3435 3752 3510">
     <span class='ocr_line' id='line_1_79' title="bbox 2157 3435 3752 3510; baseline 0.001 -21"><span class='ocrx_word' id='word_1_600' title='bbox 2157 3435 2215 3489; x_wconf 85' lang='grc' dir='ltr'><strong>δὲ</strong></span> <span class='ocrx_word' id='word_1_601' title='bbox 2233 3438 2290 3489; x_wconf 81' lang='grc' dir='ltr'>ὲν</span> <span class='ocrx_word' id='word_1_602' title='bbox 2307 3439 2373 3508; x_wconf 78' lang='grc' dir='ltr'><strong>τῇ</strong></span> <span class='ocrx_word' id='word_1_603' title='bbox 2393 3438 2649 3508; x_wconf 85' lang='grc' dir='ltr'>γεννήσει</span> <span class='ocrx_word' id='word_1_604' title='bbox 2687 3437 2928 3510; x_wconf 80' lang='grc' dir='ltr'>ἄσπορος</span> <span class='ocrx_word' id='word_1_605' title='bbox 2961 3437 3151 3510; x_wconf 83' lang='grc' dir='ltr'>ὡράθη</span> <span class='ocrx_word' id='word_1_606' title='bbox 3190 3439 3369 3504; x_wconf 80' lang='grc' dir='ltr'>τόκος,</span> <span class='ocrx_word' id='word_1_607' title='bbox 3389 3439 3622 3510; x_wconf 78' lang='grc' dir='ltr'>ἀστέρος</span> <span class='ocrx_word' id='word_1_608' title='bbox 3652 3438 3752 3494; x_wconf 85' lang='grc' dir='ltr'><strong>ἀπ’</strong></span> 
     </span>
    </p>
   </div>
   <div class='ocr_carea' id='block_1_80' title="bbox 2156 3527 3751 3602">
    <p class='ocr_par' dir='ltr' id='par_1_80' title="bbox 2156 3527 3751 3602">
     <span class='ocr_line' id='line_1_80' title="bbox 2156 3527 3751 3602; baseline 0.002 -21"><span class='ocrx_word' id='word_1_609' title='bbox 2156 3527 2388 3600; x_wconf 85' lang='grc' dir='ltr'>ούρανοῦ</span> <span class='ocrx_word' id='word_1_610' title='bbox 2432 3529 2660 3600; x_wconf 84' lang='grc' dir='ltr'>δρόμος,</span> <span class='ocrx_word' id='word_1_611' title='bbox 2691 3529 2940 3598; x_wconf 84' lang='grc' dir='ltr'>ἀγγέλων</span> <span class='ocrx_word' id='word_1_612' title='bbox 2985 3530 3280 3600; x_wconf 85' lang='grc' dir='ltr'>ὑμνολόγος</span> <span class='ocrx_word' id='word_1_613' title='bbox 3305 3531 3508 3602; x_wconf 82' lang='grc' dir='ltr'>χορός;</span> <span class='ocrx_word' id='word_1_614' title='bbox 3553 3531 3641 3595; x_wconf 84' lang='grc' dir='ltr'><strong>τις</strong></span> <span class='ocrx_word' id='word_1_615' title='bbox 3691 3532 3751 3584; x_wconf 80' lang='grc' dir='ltr'><strong>δὲ</strong></span> 
     </span>
    </p>
   </div>
   <div class='ocr_carea' id='block_1_81' title="bbox 2157 3613 3752 3696">
    <p class='ocr_par' dir='ltr' id='par_1_81' title="bbox 2157 3613 3752 3696">
     <span class='ocr_line' id='line_1_81' title="bbox 2157 3613 3752 3696; baseline 0.002 -22"><span class='ocrx_word' id='word_1_616' title='bbox 2157 3613 2336 3674; x_wconf 83' lang='grc' dir='ltr'>αὑτῶν</span> <span class='ocrx_word' id='word_1_617' title='bbox 2367 3621 2425 3674; x_wconf 79' lang='grc' dir='ltr'>ἐν</span> <span class='ocrx_word' id='word_1_618' title='bbox 2443 3621 2543 3696; x_wconf 84' lang='grc' dir='ltr'>μὲν</span> <span class='ocrx_word' id='word_1_619' title='bbox 2559 3621 2636 3692; x_wconf 80' lang='grc' dir='ltr'><strong>τῷ</strong></span> <span class='ocrx_word' id='word_1_620' title='bbox 2656 3621 2902 3693; x_wconf 76' lang='grc' dir='ltr'>σαρκικῷ</span> <span class='ocrx_word' id='word_1_621' title='bbox 2933 3622 3148 3693; x_wconf 83' lang='grc' dir='ltr'>σώματι</span> <span class='ocrx_word' id='word_1_622' title='bbox 3169 3624 3238 3677; x_wconf 81' lang='grc' dir='ltr'><strong>τὸ.</strong></span> <span class='ocrx_word' id='word_1_623' title='bbox 3280 3623 3632 3693; x_wconf 87' lang='grc' dir='ltr'>πνευματικά</span> <span class='ocrx_word' id='word_1_624' title='bbox 3649 3627 3752 3677; x_wconf 82' lang='grc' dir='ltr'><strong>ὲπ-</strong></span> 
     </span>
    </p>
   </div>
   <div class='ocr_carea' id='block_1_82' title="bbox 2167 3710 3753 3784">
    <p class='ocr_par' dir='ltr' id='par_1_82' title="bbox 2167 3710 3753 3784">
     <span class='ocr_line' id='line_1_82' title="bbox 2167 3710 3753 3784; baseline 0.002 -20"><span class='ocrx_word' id='word_1_625' title='bbox 2167 3710 2437 3778; x_wconf 79' lang='grc' dir='ltr'>εδείξατο,</span> <span class='ocrx_word' id='word_1_626' title='bbox 2479 3713 2678 3782; x_wconf 80' lang='grc' dir='ltr'>ὑμένος</span> <span class='ocrx_word' id='word_1_627' title='bbox 2713 3713 2874 3767; x_wconf 87' lang='grc' dir='ltr'>τοῦτο</span> <span class='ocrx_word' id='word_1_628' title='bbox 2893 3713 3223 3777; x_wconf 82' lang='grc' dir='ltr'>διαϐιϐἀζων</span> <span class='ocrx_word' id='word_1_629' title='bbox 3266 3710 3622 3784; x_wconf 77' lang='grc' dir='ltr'>παρθενικοῦ,</span> <span class='ocrx_word' id='word_1_630' title='bbox 3657 3715 3753 3767; x_wconf 75' lang='grc' dir='ltr'>καὶ</span> 
     </span>
    </p>
   </div>
   <div class='ocr_carea' id='block_1_83' title="bbox 2160 3803 3749 3878">
    <p class='ocr_par' dir='ltr' id='par_1_83' title="bbox 2160 3803 3749 3878">
     <span class='ocr_line' id='line_1_83' title="bbox 2160 3803 3749 3878; baseline 0.003 -22"><span class='ocrx_word' id='word_1_631' title='bbox 2160 3803 2369 3856; x_wconf 78' lang='grc' dir='ltr'>ὑδάτων</span> <span class='ocrx_word' id='word_1_632' title='bbox 2424 3804 2811 3872; x_wconf 79' lang='grc' dir='ltr'>ὲπιπολάζων;</span> <span class='ocrx_word' id='word_1_633' title='bbox 2841 3807 2901 3859; x_wconf 80' lang='grc' dir='ltr'>ὲν</span> <span class='ocrx_word' id='word_1_634' title='bbox 2925 3806 2984 3860; x_wconf 85' lang='grc' dir='ltr'><strong>δὲ</strong></span> <span class='ocrx_word' id='word_1_635' title='bbox 3012 3805 3092 3876; x_wconf 81' lang='grc' dir='ltr'><strong>τῷ</strong></span> <span class='ocrx_word' id='word_1_636' title='bbox 3120 3807 3478 3878; x_wconf 81' lang='grc' dir='ltr'>πνευματικῷ</span> <span class='ocrx_word' id='word_1_637' title='bbox 3507 3805 3749 3877; x_wconf 84' lang='grc' dir='ltr'>σώματι,</span> 
     </span>
    </p>
   </div>
   <div class='ocr_carea' id='block_1_84' title="bbox 2159 3893 3752 3970">
    <p class='ocr_par' dir='ltr' id='par_1_84' title="bbox 2159 3893 3752 3970">
     <span class='ocr_line' id='line_1_84' title="bbox 2159 3893 3752 3970; baseline 0.005 -26"><span class='ocrx_word' id='word_1_638' title='bbox 2159 3893 2229 3946; x_wconf 88' lang='grc' dir='ltr'><strong>τά</strong></span> <span class='ocrx_word' id='word_1_639' title='bbox 2262 3893 2501 3964; x_wconf 79' lang='grc' dir='ltr'>σαρκικὰ</span> <span class='ocrx_word' id='word_1_640' title='bbox 2550 3895 2908 3967; x_wconf 86' lang='grc' dir='ltr'>προεϐάλετο,</span> <span class='ocrx_word' id='word_1_641' title='bbox 2936 3899 3124 3969; x_wconf 76' lang='grc' dir='ltr'>χερσὶν</span> <span class='ocrx_word' id='word_1_642' title='bbox 3169 3899 3454 3969; x_wconf 72' lang='grc' dir='ltr'>αἰσθηταῖς</span> <span class='ocrx_word' id='word_1_643' title='bbox 3482 3900 3752 3970; x_wconf 78' lang='grc' dir='ltr'>ψηλαφώ-</span> 
     </span>
    </p>
   </div>
   <div class='ocr_carea' id='block_1_85' title="bbox 2164 3983 3752 4060">
    <p class='ocr_par' dir='ltr' id='par_1_85' title="bbox 2164 3983 3752 4060">
     <span class='ocr_line' id='line_1_85' title="bbox 2164 3983 3752 4060; baseline 0.005 -24"><span class='ocrx_word' id='word_1_644' title='bbox 2164 4000 2360 4055; x_wconf 87' lang='grc' dir='ltr'>μενος;</span> <span class='ocrx_word' id='word_1_645' title='bbox 2389 3985 2486 4038; x_wconf 77' lang='grc' dir='ltr'>καὶ</span> <span class='ocrx_word' id='word_1_646' title='bbox 2519 3983 2700 4057; x_wconf 80' lang='grc' dir='ltr'>βρωτά</span> <span class='ocrx_word' id='word_1_647' title='bbox 2733 3987 2872 4058; x_wconf 88' lang='grc' dir='ltr'><strong>μετά</strong></span> <span class='ocrx_word' id='word_1_648' title='bbox 2905 3987 3008 4058; x_wconf 82' lang='grc' dir='ltr'>τὴν</span> <span class='ocrx_word' id='word_1_649' title='bbox 3037 3989 3336 4043; x_wconf 82' lang='grc' dir='ltr'>ἀνάστασιν</span> <span class='ocrx_word' id='word_1_650' title='bbox 3366 3990 3472 4042; x_wconf 79' lang='grc' dir='ltr'>ὑπὸ</span> <span class='ocrx_word' id='word_1_651' title='bbox 3494 3989 3606 4043; x_wconf 86' lang='grc' dir='ltr'><strong>τῶν</strong></span> <span class='ocrx_word' id='word_1_652' title='bbox 3641 4009 3752 4060; x_wconf 87' lang='grc' dir='ltr'>μα-</span> 
     </span>
    </p>
   </div>
   <div class='ocr_carea' id='block_1_86' title="bbox 2163 4074 3752 4152">
    <p class='ocr_par' dir='ltr' id='par_1_86' title="bbox 2163 4074 3752 4152">
     <span class='ocr_line' id='line_1_86' title="bbox 2163 4074 3752 4152; baseline 0.005 -25"><span class='ocrx_word' id='word_1_653' title='bbox 2163 4074 2340 4145; x_wconf 83' lang='grc' dir='ltr'>θητῶν</span> <span class='ocrx_word' id='word_1_654' title='bbox 2372 4077 2754 4148; x_wconf 82' lang='grc' dir='ltr'>προσιέμενος,</span> <span class='ocrx_word' id='word_1_655' title='bbox 2797 4079 2893 4133; x_wconf 75' lang='grc' dir='ltr'>καὶ</span> <span class='ocrx_word' id='word_1_656' title='bbox 2936 4079 3156 4146; x_wconf 76' lang='grc' dir='ltr'>ἐσθίων,</span> <span class='ocrx_word' id='word_1_657' title='bbox 3191 4082 3241 4135; x_wconf 81' lang='grc' dir='ltr'>εἰ</span> <span class='ocrx_word' id='word_1_658' title='bbox 3279 4081 3379 4135; x_wconf 83' lang='grc' dir='ltr'>καὶ</span> <span class='ocrx_word' id='word_1_659' title='bbox 3415 4081 3492 4152; x_wconf 83' lang='grc' dir='ltr'>μὴ</span> <span class='ocrx_word' id='word_1_660' title='bbox 3542 4082 3752 4152; x_wconf 58' lang='grc' dir='ltr'>τρεφὸέ</span> 
     </span>
    </p>
   </div>
   <div class='ocr_carea' id='block_1_87' title="bbox 2165 4171 3752 4246">
    <p class='ocr_par' dir='ltr' id='par_1_87' title="bbox 2165 4171 3752 4246">
     <span class='ocr_line' id='line_1_87' title="bbox 2165 4171 3752 4246; baseline 0.004 -25"><span class='ocrx_word' id='word_1_661' title='bbox 2165 4183 2325 4237; x_wconf 80' lang='grc' dir='ltr'>μενος</span> <span class='ocrx_word' id='word_1_662' title='bbox 2351 4187 2366 4236; x_wconf 92' lang='grc'><strong>;</strong></span> <span class='ocrx_word' id='word_1_663' title='bbox 2393 4171 2610 4233; x_wconf 82' lang='grc' dir='ltr'>δεικνὺς</span> <span class='ocrx_word' id='word_1_664' title='bbox 2645 4171 2735 4225; x_wconf 84' lang='grc' dir='ltr'>διὰ</span> <span class='ocrx_word' id='word_1_665' title='bbox 2765 4171 2993 4238; x_wconf 86' lang='grc' dir='ltr'>τούτων,</span> <span class='ocrx_word' id='word_1_666' title='bbox 3020 4175 3107 4228; x_wconf 82' lang='grc' dir='ltr'>ὅτι</span> <span class='ocrx_word' id='word_1_667' title='bbox 3130 4175 3233 4243; x_wconf 82' lang='grc' dir='ltr'><strong>τῆς</strong></span> <span class='ocrx_word' id='word_1_668' title='bbox 3265 4175 3538 4246; x_wconf 81' lang='grc' dir='ltr'>σαρκικῆς</span> <span class='ocrx_word' id='word_1_669' title='bbox 3569 4192 3631 4228; x_wconf 86' lang='grc' dir='ltr'><strong>τε</strong></span> <span class='ocrx_word' id='word_1_670' title='bbox 3655 4177 3752 4230; x_wconf 75' lang='grc' dir='ltr'>καὶ</span> 
     </span>
    </p>
   </div>
   <div class='ocr_carea' id='block_1_88' title="bbox 2169 4262 3752 4338">
    <p class='ocr_par' dir='ltr' id='par_1_88' title="bbox 2169 4262 3752 4338">
     <span class='ocr_line' id='line_1_88' title="bbox 2169 4262 3752 4338; baseline 0.002 -23"><span class='ocrx_word' id='word_1_671' title='bbox 2169 4263 2550 4332; x_wconf 83' lang='grc' dir='ltr'>πνευματικῆς</span> <span class='ocrx_word' id='word_1_672' title='bbox 2590 4262 2806 4331; x_wconf 83' lang='grc' dir='ltr'>φύσεως</span> <span class='ocrx_word' id='word_1_673' title='bbox 2839 4265 3005 4329; x_wconf 83' lang='grc' dir='ltr'>αὑτός</span> <span class='ocrx_word' id='word_1_674' title='bbox 3034 4267 3183 4320; x_wconf 77' lang='grc' dir='ltr'>ἐστιν</span> <span class='ocrx_word' id='word_1_675' title='bbox 3232 4268 3262 4320; x_wconf 85' lang='grc' dir='ltr'><strong>ό</strong></span> <span class='ocrx_word' id='word_1_676' title='bbox 3298 4267 3530 4338; x_wconf 85' lang='grc' dir='ltr'>ποιητής</span> <span class='ocrx_word' id='word_1_677' title='bbox 3559 4283 3622 4320; x_wconf 75' lang='grc' dir='ltr'><strong>τε</strong></span> <span class='ocrx_word' id='word_1_678' title='bbox 3651 4267 3752 4320; x_wconf 78' lang='grc' dir='ltr'>καὶ</span> 
     </span>
    </p>
   </div>
   <div class='ocr_carea' id='block_1_89' title="bbox 2164 4354 3752 4428">
    <p class='ocr_par' dir='ltr' id='par_1_89' title="bbox 2164 4354 3752 4428">
     <span class='ocr_line' id='line_1_89' title="bbox 2164 4354 3752 4428; baseline 0.004 -23"><span class='ocrx_word' id='word_1_679' title='bbox 2164 4354 2641 4424; x_wconf 80' lang='grc' dir='ltr'>κατασκευαστὴς,</span> <span class='ocrx_word' id='word_1_680' title='bbox 2693 4357 2789 4410; x_wconf 75' lang='grc' dir='ltr'>καὶ</span> <span class='ocrx_word' id='word_1_681' title='bbox 2839 4358 3010 4412; x_wconf 82' lang='grc' dir='ltr'>ποιῶν</span> <span class='ocrx_word' id='word_1_682' title='bbox 3055 4358 3232 4412; x_wconf 79' lang='grc' dir='ltr'>πάντα</span> <span class='ocrx_word' id='word_1_683' title='bbox 3280 4358 3376 4411; x_wconf 58' lang='grc' dir='ltr'><strong>καὶ¹</strong></span> <span class='ocrx_word' id='word_1_684' title='bbox 3407 4358 3752 4428; x_wconf 62' lang='grc' dir='ltr'>μετασκευὼ-</span> 
     </span>
    </p>
   </div>
   <div class='ocr_carea' id='block_1_90' title="bbox 2166 4446 3752 4521">
    <p class='ocr_par' dir='ltr' id='par_1_90' title="bbox 2166 4446 3752 4521">
     <span class='ocr_line' id='line_1_90' title="bbox 2166 4446 3752 4521; baseline -0.001 -21"><span class='ocrx_word' id='word_1_685' title='bbox 2166 4446 2297 4512; x_wconf 79' lang='grc' dir='ltr'>ζων,</span> <span class='ocrx_word' id='word_1_686' title='bbox 2347 4449 2442 4501; x_wconf 80' lang='grc' dir='ltr'>καὶ</span> <span class='ocrx_word' id='word_1_687' title='bbox 2489 4447 2931 4521; x_wconf 85' lang='grc' dir='ltr'>θαυματουργείν</span> <span class='ocrx_word' id='word_1_688' title='bbox 2979 4450 3067 4504; x_wconf 73' lang='grc' dir='ltr'>ἀεὶ</span> <span class='ocrx_word' id='word_1_689' title='bbox 3111 4451 3433 4520; x_wconf 84' lang='grc' dir='ltr'>δυνάμενος,</span> <span class='ocrx_word' id='word_1_690' title='bbox 3474 4451 3534 4502; x_wconf 79' lang='grc' dir='ltr'>ὲν</span> <span class='ocrx_word' id='word_1_691' title='bbox 3575 4446 3752 4501; x_wconf 70' lang='grc' dir='ltr'>ἅπασι</span> 
     </span>
    </p>
   </div>
   <div class='ocr_carea' id='block_1_91' title="bbox 2166 4537 3750 4612">
    <p class='ocr_par' dir='ltr' id='par_1_91' title="bbox 2166 4537 3750 4612">
     <span class='ocr_line' id='line_1_91' title="bbox 2166 4537 3750 4612; baseline -0.001 -21"><span class='ocrx_word' id='word_1_692' title='bbox 2166 4541 2278 4602; x_wconf 87' lang='grc' dir='ltr'>τοῖς</span> <span class='ocrx_word' id='word_1_693' title='bbox 2319 4542 2572 4607; x_wconf 81' lang='grc' dir='ltr'>φυσικοῖς</span> <span class='ocrx_word' id='word_1_694' title='bbox 2617 4542 3040 4611; x_wconf 75' lang='grc' dir='ltr'>καταστήμασιο</span> <span class='ocrx_word' id='word_1_695' title='bbox 3091 4539 3169 4612; x_wconf 82' lang='grc' dir='ltr'><strong>τῷ</strong></span> <span class='ocrx_word' id='word_1_696' title='bbox 3215 4539 3324 4612; x_wconf 74' lang='grc' dir='ltr'><strong>γὰρ</strong></span> <span class='ocrx_word' id='word_1_697' title='bbox 3375 4537 3622 4592; x_wconf 84' lang='grc' dir='ltr'>ποιοῦντί</span> <span class='ocrx_word' id='word_1_698' title='bbox 3671 4553 3750 4599; x_wconf 86' lang='grc' dir='ltr'><strong>τι,</strong></span> 
     </span>
    </p>
   </div>
   <div class='ocr_carea' id='block_1_92' title="bbox 482 4615 2056 4702">
    <p class='ocr_par' dir='ltr' id='par_1_92' title="bbox 482 4615 2056 4676">
     <span class='ocr_line' id='line_1_92' title="bbox 482 4615 2056 4676; baseline -0.003 -1"><span class='ocrx_word' id='word_1_699' title='bbox 482 4622 596 4676; x_wconf 91' lang='lat' dir='ltr'><strong>lum</strong></span> <span class='ocrx_word' id='word_1_700' title='bbox 625 4619 944 4676; x_wconf 88' lang='lat' dir='ltr'><strong>ascendisse</strong></span> <span class='ocrx_word' id='word_1_701' title='bbox 979 4629 1078 4674; x_wconf 88' lang='lat' dir='ltr'><strong>aut</strong></span> <span class='ocrx_word' id='word_1_702' title='bbox 1108 4635 1140 4675; x_wconf 90' lang='lat' dir='ltr'><strong>e</strong></span> <span class='ocrx_word' id='word_1_703' title='bbox 1174 4619 1317 4674; x_wconf 87' lang='lat' dir='ltr'><strong>coelo</strong></span> <span class='ocrx_word' id='word_1_704' title='bbox 1348 4615 1747 4672; x_wconf 85' lang='lat' dir='ltr'><strong>descendisse?</strong></span> <span class='ocrx_word' id='word_1_705' title='bbox 1791 4617 1938 4671; x_wconf 89' lang='lat' dir='ltr'><strong>unde</strong></span> <span class='ocrx_word' id='word_1_706' title='bbox 1964 4632 2056 4671; x_wconf 90' lang='lat' dir='ltr'><strong>no-</strong></span> 
     </span>
    </p>
   </div>
   <div class='ocr_carea' id='block_1_93' title="bbox 2158 4615 3751 4702">
    <p class='ocr_par' dir='ltr' id='par_1_93' title="bbox 2165 4628 3751 4702">
     <span class='ocr_line' id='line_1_93' title="bbox 2165 4628 3751 4702; baseline -0.001 -21"><span class='ocrx_word' id='word_1_707' title='bbox 2165 4629 2342 4700; x_wconf 86' lang='grc' dir='ltr'>τούτῳ</span> <span class='ocrx_word' id='word_1_708' title='bbox 2387 4632 2534 4701; x_wconf 82' lang='grc' dir='ltr'>μόνῳ</span> <span class='ocrx_word' id='word_1_709' title='bbox 2569 4631 2666 4684; x_wconf 81' lang='grc' dir='ltr'>καὶ</span> <span class='ocrx_word' id='word_1_710' title='bbox 2718 4632 2781 4685; x_wconf 84' lang='grc' dir='ltr'>τὸ</span> <span class='ocrx_word' id='word_1_711' title='bbox 2829 4631 3261 4702; x_wconf 80' lang='grc' dir='ltr'>μετασκευάζειν</span> <span class='ocrx_word' id='word_1_712' title='bbox 3298 4629 3451 4696; x_wconf 79' lang='grc' dir='ltr'>αὐτὸ,</span> <span class='ocrx_word' id='word_1_713' title='bbox 3493 4628 3751 4682; x_wconf 75' lang='grc' dir='ltr'>εὑκολονο</span> 
     </span>
    </p>
   </div>
   <div class='ocr_carea' id='block_1_94' title="bbox 483 4709 2064 4779">
    <p class='ocr_par' dir='ltr' id='par_1_94' title="bbox 483 4709 2064 4779">
     <span class='ocr_line' id='line_1_94' title="bbox 483 4709 2064 4779; baseline -0.003 -9"><span class='ocrx_word' id='word_1_714' title='bbox 483 4713 572 4770; x_wconf 89' lang='lat' dir='ltr'><strong>bis</strong></span> <span class='ocrx_word' id='word_1_715' title='bbox 598 4714 652 4768; x_wconf 92' lang='lat' dir='ltr'><strong>in</strong></span> <span class='ocrx_word' id='word_1_716' title='bbox 679 4722 918 4769; x_wconf 88' lang='lat' dir='ltr'><strong>mentem</strong></span> <span class='ocrx_word' id='word_1_717' title='bbox 951 4727 1062 4766; x_wconf 90' lang='lat' dir='ltr'><strong>non</strong></span> <span class='ocrx_word' id='word_1_718' title='bbox 1085 4711 1286 4766; x_wconf 86' lang='lat' dir='ltr'><strong>incidit</strong></span> <span class='ocrx_word' id='word_1_719' title='bbox 1311 4709 1363 4764; x_wconf 92' lang='lat' dir='ltr'><strong>id</strong></span> <span class='ocrx_word' id='word_1_720' title='bbox 1386 4709 1552 4778; x_wconf 92' lang='lat' dir='ltr'><strong>impie</strong></span> <span class='ocrx_word' id='word_1_721' title='bbox 1575 4716 1843 4774; x_wconf 89' lang='lat' dir='ltr'><strong>statuere,</strong></span> <span class='ocrx_word' id='word_1_722' title='bbox 1863 4723 2064 4779; x_wconf 87' lang='lat' dir='ltr'><strong>nempe</strong></span> 
     </span>
    </p>
   </div>
   <div class='ocr_carea' id='block_1_95' title="bbox 483 4801 2063 4871">
    <p class='ocr_par' dir='ltr' id='par_1_95' title="bbox 483 4801 2063 4871">
     <span class='ocr_line' id='line_1_95' title="bbox 483 4801 2063 4871; baseline -0.004 -9"><span class='ocrx_word' id='word_1_723' title='bbox 483 4805 735 4863; x_wconf 87' lang='lat' dir='ltr'><strong>eamdem</strong></span> <span class='ocrx_word' id='word_1_724' title='bbox 772 4820 894 4861; x_wconf 88' lang='lat' dir='ltr'><strong>esse</strong></span> <span class='ocrx_word' id='word_1_725' title='bbox 925 4813 982 4860; x_wconf 89' lang='lat' dir='ltr'><strong>et</strong></span> <span class='ocrx_word' id='word_1_726' title='bbox 1020 4803 1308 4858; x_wconf 82' lang='lat' dir='ltr'><strong>hominum</strong></span> <span class='ocrx_word' id='word_1_727' title='bbox 1335 4809 1393 4856; x_wconf 91' lang='lat' dir='ltr'><strong>et</strong></span> <span class='ocrx_word' id='word_1_728' title='bbox 1421 4801 1818 4871; x_wconf 89' lang='lat' dir='ltr'><strong>omnipotentis</strong></span> <span class='ocrx_word' id='word_1_729' title='bbox 1843 4801 2063 4856; x_wconf 90' lang='lat' dir='ltr'><strong>Domini</strong></span> 
     </span>
    </p>
   </div>
   <div class='ocr_carea' id='block_1_96' title="bbox 485 4877 1635 4964">
    <p class='ocr_par' dir='ltr' id='par_1_96' title="bbox 485 4877 1635 4964">
     <span class='ocr_line' id='line_1_96' title="bbox 485 4877 1635 4964; baseline -0.003 -12"><span class='ocrx_word' id='word_1_730' title='bbox 485 4896 828 4953; x_wconf 89' lang='lat' dir='ltr'><strong>edendorum</strong></span> <span class='ocrx_word' id='word_1_731' title='bbox 861 4877 1256 4952; x_wconf 64' lang='lat' dir='ltr'><strong>miraculorum</strong></span> <span class='ocrx_word' id='word_1_732' title='bbox 1285 4901 1635 4964; x_wconf 89' lang='lat' dir='ltr'><strong>potestatem.</strong></span> 
     </span>
    </p>
   </div>
   <div class='ocr_carea' id='block_1_97' title="bbox 2169 4719 3752 4794">
    <p class='ocr_par' dir='ltr' id='par_1_97' title="bbox 2169 4719 3752 4794">
     <span class='ocr_line' id='line_1_97' title="bbox 2169 4719 3752 4794; baseline -0.001 -22"><span class='ocrx_word' id='word_1_733' title='bbox 2169 4720 2254 4783; x_wconf 79' lang='grc' dir='ltr'><strong>τίς</strong></span> <span class='ocrx_word' id='word_1_734' title='bbox 2297 4720 2355 4774; x_wconf 79' lang='grc' dir='ltr'><strong>δὲ</strong></span> <span class='ocrx_word' id='word_1_735' title='bbox 2399 4723 2480 4785; x_wconf 81' lang='grc' dir='ltr'><strong>εἰς</strong></span> <span class='ocrx_word' id='word_1_736' title='bbox 2527 4723 2758 4793; x_wconf 77' lang='grc' dir='ltr'>οὑρανὺν</span> <span class='ocrx_word' id='word_1_737' title='bbox 2801 4723 3166 4794; x_wconf 79' lang='grc' dir='ltr'>ἀναϐέϐηκεν,</span> <span class='ocrx_word' id='word_1_738' title='bbox 3211 4723 3245 4793; x_wconf 78' lang='grc' dir='ltr'>ἢ</span> <span class='ocrx_word' id='word_1_739' title='bbox 3281 4723 3346 4776; x_wconf 78' lang='grc' dir='ltr'>ἐκ</span> <span class='ocrx_word' id='word_1_740' title='bbox 3377 4721 3474 4776; x_wconf 87' lang='grc' dir='ltr'><strong>τοῦ</strong></span> <span class='ocrx_word' id='word_1_741' title='bbox 3515 4719 3752 4792; x_wconf 84' lang='grc' dir='ltr'>οὐρανοῦ</span> 
     </span>
    </p>
   </div>
   <div class='ocr_carea' id='block_1_98' title="bbox 2170 4811 3754 4886">
    <p class='ocr_par' dir='ltr' id='par_1_98' title="bbox 2170 4811 3754 4886">
     <span class='ocr_line' id='line_1_98' title="bbox 2170 4811 3754 4886; baseline 0.001 -22"><span class='ocrx_word' id='word_1_742' title='bbox 2170 4811 2614 4882; x_wconf 85' lang='grc' dir='ltr'>καταϐεϐηκέναι</span> <span class='ocrx_word' id='word_1_743' title='bbox 2691 4815 2850 4885; x_wconf 84' lang='grc' dir='ltr'>μόνος</span> <span class='ocrx_word' id='word_1_744' title='bbox 2929 4816 3353 4886; x_wconf 76' lang='grc' dir='ltr'>μεμαρτύρηται</span> <span class='ocrx_word' id='word_1_745' title='bbox 3385 4855 3401 4879; x_wconf 96' lang='grc'><strong>,</strong></span> <span class='ocrx_word' id='word_1_746' title='bbox 3473 4813 3582 4866; x_wconf 84' lang='grc' dir='ltr'>τῶν</span> <span class='ocrx_word' id='word_1_747' title='bbox 3652 4812 3754 4882; x_wconf 76' lang='grc' dir='ltr'>τῆς</span> 
     </span>
    </p>
   </div>
   <div class='ocr_carea' id='block_1_99' title="bbox 2169 4903 3756 4978">
    <p class='ocr_par' dir='ltr' id='par_1_99' title="bbox 2169 4903 3756 4978">
     <span class='ocr_line' id='line_1_99' title="bbox 2169 4903 3756 4978; baseline 0.001 -24"><span class='ocrx_word' id='word_1_748' title='bbox 2169 4903 2519 4976; x_wconf 77' lang='grc' dir='ltr'>ἀνθρωπίνης</span> <span class='ocrx_word' id='word_1_749' title='bbox 2541 4906 2713 4976; x_wconf 86' lang='grc' dir='ltr'>μόνης</span> <span class='ocrx_word' id='word_1_750' title='bbox 2743 4907 2912 4961; x_wconf 73' lang='grc' dir='ltr'>ὄντων</span> <span class='ocrx_word' id='word_1_751' title='bbox 2952 4907 3167 4978; x_wconf 83' lang='grc' dir='ltr'>φύσεως</span> <span class='ocrx_word' id='word_1_752' title='bbox 3191 4923 3206 4971; x_wconf 88' lang='grc'>;</span> <span class='ocrx_word' id='word_1_753' title='bbox 3231 4905 3426 4960; x_wconf 65' lang='grc' dir='ltr'>οὐκοῦν</span> <span class='ocrx_word' id='word_1_754' title='bbox 3451 4903 3756 4958; x_wconf 76' lang='grc' dir='ltr'>οὐδὲτοῦτο</span> 
     </span>
    </p>
   </div>
   <div class='ocr_carea' id='block_1_100' title="bbox 488 4989 3756 5075">
    <p class='ocr_par' dir='ltr' id='par_1_100' title="bbox 488 4989 3756 5075">
     <span class='ocr_line' id='line_1_100' title="bbox 488 4989 3756 5075; baseline -0.002 -28"><span class='ocrx_word' id='word_1_755' title='bbox 488 4995 616 5065; x_wconf 82' lang='grc' dir='ltr'>ὑμῖν</span> <span class='ocrx_word' id='word_1_756' title='bbox 669 4994 728 5044; x_wconf 70' lang='grc' dir='ltr'><strong>τὸ</strong></span> <span class='ocrx_word' id='word_1_757' title='bbox 767 4990 960 5052; x_wconf 82' lang='grc' dir='ltr'>ἀσεϐὲς</span> <span class='ocrx_word' id='word_1_758' title='bbox 999 4990 1352 5060; x_wconf 81' lang='grc' dir='ltr'>παραστῆσαι</span> <span class='ocrx_word' id='word_1_759' title='bbox 1388 4989 1532 5043; x_wconf 85' lang='grc' dir='ltr'><strong>κατά</strong></span> <span class='ocrx_word' id='word_1_760' title='bbox 1583 4989 1809 5060; x_wconf 87' lang='grc' dir='ltr'>γνωμην</span> <span class='ocrx_word' id='word_1_761' title='bbox 1837 4989 2167 5065; x_wconf 82' lang='grc' dir='ltr'>ἑκϐέϐηκεν,’</span> <span class='ocrx_word' id='word_1_762' title='bbox 2195 4995 2271 5062; x_wconf 84' lang='grc' dir='ltr'>ὡς</span> <span class='ocrx_word' id='word_1_763' title='bbox 2325 5000 2360 5070; x_wconf 79' lang='grc' dir='ltr'><strong>ἡ</strong></span> <span class='ocrx_word' id='word_1_764' title='bbox 2401 5000 2542 5071; x_wconf 75' lang='grc' dir='ltr'>αὑτὴ</span> <span class='ocrx_word' id='word_1_765' title='bbox 2594 5001 2704 5057; x_wconf 79' lang='grc' dir='ltr'>τῶν</span> <span class='ocrx_word' id='word_1_766' title='bbox 2743 5020 2802 5056; x_wconf 84' lang='grc' dir='ltr'>τε</span> <span class='ocrx_word' id='word_1_767' title='bbox 2844 5003 3007 5057; x_wconf 73' lang='grc' dir='ltr'>ὁσίων</span> <span class='ocrx_word' id='word_1_768' title='bbox 3075 5002 3302 5075; x_wconf 59' lang='grc' dir='ltr'>ἀνδρῶν,</span> <span class='ocrx_word' id='word_1_769' title='bbox 3339 5008 3436 5056; x_wconf 70' lang='grc' dir='ltr'><strong>και</strong></span> <span class='ocrx_word' id='word_1_770' title='bbox 3498 5003 3599 5072; x_wconf 66' lang='grc' dir='ltr'><strong>τῆς</strong></span> <span class='ocrx_word' id='word_1_771' title='bbox 3655 5006 3756 5055; x_wconf 77' lang='grc' dir='ltr'><strong>Δε-</strong></span> 
     </span>
    </p>
   </div>
   <div class='ocr_carea' id='block_1_101' title="bbox 490 5084 1717 5158">
    <p class='ocr_par' dir='ltr' id='par_1_101' title="bbox 490 5084 1717 5158">
     <span class='ocr_line' id='line_1_101' title="bbox 490 5084 1717 5158; baseline -0.012 -11"><span class='ocrx_word' id='word_1_772' title='bbox 490 5089 751 5158; x_wconf 80' lang='grc' dir='ltr'>σποτικῆς</span> <span class='ocrx_word' id='word_1_773' title='bbox 785 5086 1035 5152; x_wconf 76' lang='grc' dir='ltr'>ἐξουσίας</span> <span class='ocrx_word' id='word_1_774' title='bbox 1061 5087 1095 5156; x_wconf 81' lang='grc' dir='ltr'><strong>ἡ</strong></span> <span class='ocrx_word' id='word_1_775' title='bbox 1124 5084 1541 5158; x_wconf 82' lang='grc' dir='ltr'>θαυματουργία</span> <span class='ocrx_word' id='word_1_776' title='bbox 1577 5086 1717 5140; x_wconf 69' lang='grc' dir='ltr'>ἐστὶ,</span> 
     </span>
    </p>
   </div>
   <div class='ocr_carea' id='block_1_102' title="bbox 561 5182 2078 5255">
    <p class='ocr_par' dir='ltr' id='par_1_102' title="bbox 561 5182 2078 5255">
     <span class='ocr_line' id='line_1_102' title="bbox 561 5182 2078 5255; baseline 0.001 -15"><span class='ocrx_word' id='word_1_777' title='bbox 561 5187 676 5240; x_wconf 86' lang='lat' dir='ltr'><strong>lloc</strong></span> <span class='ocrx_word' id='word_1_778' title='bbox 709 5184 858 5239; x_wconf 89' lang='lat' dir='ltr'><strong>aliud</strong></span> <span class='ocrx_word' id='word_1_779' title='bbox 892 5183 1076 5238; x_wconf 89' lang='lat' dir='ltr'><strong>dicitis</strong></span> <span class='ocrx_word' id='word_1_780' title='bbox 1097 5183 1245 5255; x_wconf 90' lang='lat' dir='ltr'><strong>quod</strong></span> <span class='ocrx_word' id='word_1_781' title='bbox 1277 5182 1622 5254; x_wconf 78' lang='lat' dir='ltr'><strong>dignitatem,</strong></span> <span class='ocrx_word' id='word_1_782' title='bbox 1644 5184 2078 5242; x_wconf 86' lang='lat' dir='ltr'><strong>dominationem</strong></span> 
     </span>
    </p>
   </div>
   <div class='ocr_carea' id='block_1_103' title="bbox 491 5278 2068 5346">
    <p class='ocr_par' dir='ltr' id='par_1_103' title="bbox 491 5278 2068 5346">
     <span class='ocr_line' id='line_1_103' title="bbox 491 5278 2068 5346; baseline 0 -13"><span class='ocrx_word' id='word_1_783' title='bbox 491 5287 548 5333; x_wconf 90' lang='lat' dir='ltr'><strong>et</strong></span> <span class='ocrx_word' id='word_1_784' title='bbox 585 5291 787 5332; x_wconf 89' lang='lat' dir='ltr'><strong>nomen</strong></span> <span class='ocrx_word' id='word_1_785' title='bbox 819 5292 988 5346; x_wconf 90' lang='lat' dir='ltr'><strong>super</strong></span> <span class='ocrx_word' id='word_1_786' title='bbox 1020 5291 1184 5332; x_wconf 88' lang='lat' dir='ltr'><strong>omne</strong></span> <span class='ocrx_word' id='word_1_787' title='bbox 1209 5291 1410 5331; x_wconf 90' lang='lat' dir='ltr'><strong>nomen</strong></span> <span class='ocrx_word' id='word_1_788' title='bbox 1448 5287 1623 5346; x_wconf 85' lang='lat' dir='ltr'><strong>atque</strong></span> <span class='ocrx_word' id='word_1_789' title='bbox 1651 5287 1863 5346; x_wconf 76' lang='lat' dir='ltr'><strong>ca:tera_</strong></span> <span class='ocrx_word' id='word_1_790' title='bbox 1881 5278 2068 5334; x_wconf 89' lang='lat' dir='ltr'><strong>omnia</strong></span> 
     </span>
    </p>
   </div>
   <div class='ocr_carea' id='block_1_104' title="bbox 493 5368 2061 5440">
    <p class='ocr_par' dir='ltr' id='par_1_104' title="bbox 493 5368 2061 5440">
     <span class='ocr_line' id='line_1_104' title="bbox 493 5368 2061 5440; baseline 0.001 -17"><span class='ocrx_word' id='word_1_791' title='bbox 493 5388 525 5423; x_wconf 88' lang='lat' dir='ltr'><strong>a</strong></span> <span class='ocrx_word' id='word_1_792' title='bbox 555 5368 737 5423; x_wconf 82' lang='lat' dir='ltr'><strong>Verbo</strong></span> <span class='ocrx_word' id='word_1_793' title='bbox 771 5369 890 5438; x_wconf 87' lang='lat' dir='ltr'><strong>ipsa</strong></span> <span class='ocrx_word' id='word_1_794' title='bbox 915 5368 1132 5423; x_wconf 89' lang='lat' dir='ltr'><strong>meliori</strong></span> <span class='ocrx_word' id='word_1_795' title='bbox 1153 5369 1308 5424; x_wconf 92' lang='lat' dir='ltr'><strong>carni</strong></span> <span class='ocrx_word' id='word_1_796' title='bbox 1338 5368 1543 5423; x_wconf 89' lang='lat' dir='ltr'><strong>fuerint</strong></span> <span class='ocrx_word' id='word_1_797' title='bbox 1574 5368 1732 5436; x_wconf 89' lang='lat' dir='ltr'><strong>data,</strong></span> <span class='ocrx_word' id='word_1_798' title='bbox 1778 5384 1883 5424; x_wconf 88' lang='lat' dir='ltr'><strong>nec</strong></span> <span class='ocrx_word' id='word_1_799' title='bbox 1919 5385 2061 5440; x_wconf 82' lang='lat' dir='ltr'><strong>Opus</strong></span> 
     </span>
    </p>
   </div>
   <div class='ocr_carea' id='block_1_105' title="bbox 495 5459 2077 5533">
    <p class='ocr_par' dir='ltr' id='par_1_105' title="bbox 495 5459 2077 5533">
     <span class='ocr_line' id='line_1_105' title="bbox 495 5459 2077 5533; baseline 0.003 -20"><span class='ocrx_word' id='word_1_800' title='bbox 495 5460 566 5513; x_wconf 89' lang='lat' dir='ltr'><strong>sit</strong></span> <span class='ocrx_word' id='word_1_801' title='bbox 595 5475 661 5514; x_wconf 88' lang='lat' dir='ltr'><strong>ea</strong></span> <span class='ocrx_word' id='word_1_802' title='bbox 711 5459 903 5513; x_wconf 89' lang='lat' dir='ltr'><strong>unioni</strong></span> <span class='ocrx_word' id='word_1_803' title='bbox 947 5460 1224 5517; x_wconf 85' lang='lat' dir='ltr'><strong>ascribere</strong></span> <span class='ocrx_word' id='word_1_804' title='bbox 1244 5503 1259 5526; x_wconf 90' lang='lat'><strong>,</strong></span> <span class='ocrx_word' id='word_1_805' title='bbox 1309 5462 1529 5518; x_wconf 90' lang='lat' dir='ltr'><strong>sincere</strong></span> <span class='ocrx_word' id='word_1_806' title='bbox 1555 5461 1781 5532; x_wconf 85' lang='lat' dir='ltr'><strong>quidem</strong></span> <span class='ocrx_word' id='word_1_807' title='bbox 1813 5479 1916 5517; x_wconf 87' lang='lat' dir='ltr'><strong>nos</strong></span> <span class='ocrx_word' id='word_1_808' title='bbox 1948 5480 2077 5533; x_wconf 84' lang='lat' dir='ltr'><strong>pro-</strong></span> 
     </span>
    </p>
   </div>
   <div class='ocr_carea' id='block_1_106' title="bbox 498 5551 2074 5620">
    <p class='ocr_par' dir='ltr' id='par_1_106' title="bbox 498 5551 2074 5620">
     <span class='ocr_line' id='line_1_106' title="bbox 498 5551 2074 5620; baseline 0.003 -14"><span class='ocrx_word' id='word_1_809' title='bbox 498 5553 720 5606; x_wconf 73' lang='lat' dir='ltr'><strong>ﬁtentur</strong></span> <span class='ocrx_word' id='word_1_810' title='bbox 749 5551 866 5606; x_wconf 78' lang='lat' dir='ltr'><strong>[nec</strong></span> <span class='ocrx_word' id='word_1_811' title='bbox 891 5554 1076 5608; x_wconf 88' lang='lat' dir='ltr'><strong>omnia</strong></span> <span class='ocrx_word' id='word_1_812' title='bbox 1117 5569 1146 5609; x_wconf 85' lang='lat' dir='ltr'><strong>a</strong></span> <span class='ocrx_word' id='word_1_813' title='bbox 1175 5554 1358 5611; x_wconf 83' lang='lat' dir='ltr'><strong>Verbo</strong></span> <span class='ocrx_word' id='word_1_814' title='bbox 1389 5571 1512 5611; x_wconf 90' lang='lat' dir='ltr'><strong>esse</strong></span> <span class='ocrx_word' id='word_1_815' title='bbox 1543 5555 1670 5610; x_wconf 88' lang='lat' dir='ltr'><strong>data</strong></span> <span class='ocrx_word' id='word_1_816' title='bbox 1708 5574 1721 5610; x_wconf 92' lang='lat'>:</span> <span class='ocrx_word' id='word_1_817' title='bbox 1766 5570 1863 5620; x_wconf 81' lang='lat' dir='ltr'><strong>vos</strong></span> <span class='ocrx_word' id='word_1_818' title='bbox 1890 5564 2074 5610; x_wconf 86' lang='lat' dir='ltr'><strong>tamen</strong></span> 
     </span>
    </p>
   </div>
   <div class='ocr_carea' id='block_1_107' title="bbox 499 5639 2080 5717">
    <p class='ocr_par' dir='ltr' id='par_1_107' title="bbox 499 5639 2080 5717">
     <span class='ocr_line' id='line_1_107' title="bbox 499 5639 2080 5717; baseline 0.003 -18"><span class='ocrx_word' id='word_1_819' title='bbox 499 5647 605 5700; x_wconf 83' lang='lat' dir='ltr'><strong>hoc</strong></span> <span class='ocrx_word' id='word_1_820' title='bbox 630 5639 1135 5716; x_wconf 77' lang='lat' dir='ltr'><strong>interrogabimus:</strong></span> <span class='ocrx_word' id='word_1_821' title='bbox 1185 5663 1305 5717; x_wconf 68' lang='lat' dir='ltr'><strong>qua:</strong></span> <span class='ocrx_word' id='word_1_822' title='bbox 1335 5649 1389 5702; x_wconf 91' lang='lat' dir='ltr'><strong>in</strong></span> <span class='ocrx_word' id='word_1_823' title='bbox 1435 5650 1608 5704; x_wconf 87' lang='lat' dir='ltr'><strong>altero</strong></span> <span class='ocrx_word' id='word_1_824' title='bbox 1649 5657 1846 5702; x_wconf 87' lang='lat' dir='ltr'><strong>natura</strong></span> <span class='ocrx_word' id='word_1_825' title='bbox 1891 5648 2080 5704; x_wconf 89' lang='lat' dir='ltr'><strong>insunt</strong></span> 
     </span>
    </p>
   </div>
   <div class='ocr_carea' id='block_1_108' title="bbox 499 5737 2082 5806">
    <p class='ocr_par' dir='ltr' id='par_1_108' title="bbox 499 5737 2082 5806">
     <span class='ocr_line' id='line_1_108' title="bbox 499 5737 2082 5806; baseline 0.002 -13"><span class='ocrx_word' id='word_1_826' title='bbox 499 5746 557 5794; x_wconf 89' lang='lat' dir='ltr'><strong>et</strong></span> <span class='ocrx_word' id='word_1_827' title='bbox 594 5737 753 5792; x_wconf 83' lang='lat' dir='ltr'><strong>alteri</strong></span> <span class='ocrx_word' id='word_1_828' title='bbox 785 5737 1286 5806; x_wconf 89' lang='lat' dir='ltr'><strong>communicantur,</strong></span> <span class='ocrx_word' id='word_1_829' title='bbox 1312 5755 1443 5794; x_wconf 89' lang='lat' dir='ltr'><strong>num</strong></span> <span class='ocrx_word' id='word_1_830' title='bbox 1503 5748 1636 5794; x_wconf 89' lang='lat' dir='ltr'><strong>tunc</strong></span> <span class='ocrx_word' id='word_1_831' title='bbox 1664 5740 1745 5795; x_wconf 90' lang='lat' dir='ltr'><strong>sic</strong></span> <span class='ocrx_word' id='word_1_832' title='bbox 1774 5741 2082 5796; x_wconf 88' lang='lat' dir='ltr'><strong>communi-</strong></span> 
     </span>
    </p>
   </div>
   <div class='ocr_carea' id='block_1_109' title="bbox 574 5915 1026 5976">
    <p class='ocr_par' dir='ltr' id='par_1_109' title="bbox 574 5915 1026 5976">
     <span class='ocr_line' id='line_1_109' title="bbox 574 5915 1026 5976; baseline 0.009 -5"><span class='ocrx_word' id='word_1_833' title='bbox 574 5915 596 5946; x_wconf 82' lang='lat'>&#39;</span> <span class='ocrx_word' id='word_1_834' title='bbox 626 5917 820 5975; x_wconf 79' lang='lat' dir='ltr'><strong>Matth.</strong></span> <span class='ocrx_word' id='word_1_835' title='bbox 843 5936 962 5976; x_wconf 77' lang='grc' dir='ltr'>νιιι.</span> <span class='ocrx_word' id='word_1_836' title='bbox 991 5919 1026 5975; x_wconf 70' lang='lat'><strong>3</strong></span> 
     </span>
    </p>
   </div>
   <div class='ocr_carea' id='block_1_110' title="bbox 1119 5916 2118 5984">
    <p class='ocr_par' dir='ltr' id='par_1_110' title="bbox 1119 5916 2118 5984">
     <span class='ocr_line' id='line_1_110' title="bbox 1119 5916 2118 5984; baseline -0.003 -8"><span class='ocrx_word' id='word_1_837' title='bbox 1119 5921 1142 5952; x_wconf 84' lang='grc'>⁰</span> <span class='ocrx_word' id='word_1_838' title='bbox 1177 5918 1292 5976; x_wconf 75' lang='lat' dir='ltr'><strong>Act.</strong></span> <span class='ocrx_word' id='word_1_839' title='bbox 1325 5934 1405 5983; x_wconf 89' lang='lat' dir='ltr'><strong>In,</strong></span> <span class='ocrx_word' id='word_1_840' title='bbox 1433 5916 1484 5972; x_wconf 85' lang='lat'><strong>6.</strong></span> <span class='ocrx_word' id='word_1_841' title='bbox 1561 5920 1604 5952; x_wconf 82' lang='grc'><strong>⁹⁴</strong></span> <span class='ocrx_word' id='word_1_842' title='bbox 1637 5917 1778 5973; x_wconf 76' lang='lat' dir='ltr'><strong>Psal.</strong></span> <span class='ocrx_word' id='word_1_843' title='bbox 1814 5934 2000 5984; x_wconf 75' lang='lat' dir='ltr'><strong>LXVIII,</strong></span> <span class='ocrx_word' id='word_1_844' title='bbox 2030 5919 2118 5973; x_wconf 64' lang='grc'><strong>49.</strong></span> 
     </span>
    </p>
   </div>
   <div class='ocr_carea' id='block_1_111' title="bbox 2248 5187 3759 5266">
    <p class='ocr_par' dir='ltr' id='par_1_111' title="bbox 2248 5187 3759 5266">
     <span class='ocr_line' id='line_1_111' title="bbox 2248 5187 3759 5266; baseline 0.004 -23"><span class='ocrx_word' id='word_1_845' title='bbox 2248 5189 2323 5244; x_wconf 82' lang='grc' dir='ltr'>Τὸ</span> <span class='ocrx_word' id='word_1_846' title='bbox 2357 5190 2414 5245; x_wconf 81' lang='grc' dir='ltr'><strong>δὲ</strong></span> <span class='ocrx_word' id='word_1_847' title='bbox 2444 5191 2631 5264; x_wconf 76' lang='grc' dir='ltr'>ἕτερον</span> <span class='ocrx_word' id='word_1_848' title='bbox 2657 5187 2734 5248; x_wconf 80' lang='grc' dir='ltr'><strong>ὧν</strong></span> <span class='ocrx_word' id='word_1_849' title='bbox 2772 5194 2909 5264; x_wconf 74' lang='grc' dir='ltr'>φατέ</span> <span class='ocrx_word' id='word_1_850' title='bbox 2954 5195 3094 5257; x_wconf 77' lang='grc' dir='ltr'>ἐστι,</span> <span class='ocrx_word' id='word_1_851' title='bbox 3127 5193 3189 5248; x_wconf 80' lang='grc' dir='ltr'>τὸ</span> <span class='ocrx_word' id='word_1_852' title='bbox 3231 5194 3330 5266; x_wconf 86' lang='grc' dir='ltr'><strong>τὴν</strong></span> <span class='ocrx_word' id='word_1_853' title='bbox 3367 5192 3525 5258; x_wconf 78' lang='grc' dir='ltr'>ἁξέαν</span> <span class='ocrx_word' id='word_1_854' title='bbox 3555 5196 3652 5249; x_wconf 80' lang='grc' dir='ltr'>καὶ</span> <span class='ocrx_word' id='word_1_855' title='bbox 3677 5195 3759 5248; x_wconf 81' lang='grc' dir='ltr'><strong>δε·</strong></span> 
     </span>
    </p>
   </div>
   <div class='ocr_carea' id='block_1_112' title="bbox 2178 5283 3758 5356">
    <p class='ocr_par' dir='ltr' id='par_1_112' title="bbox 2178 5283 3758 5356">
     <span class='ocr_line' id='line_1_112' title="bbox 2178 5283 3758 5356; baseline 0.002 -21"><span class='ocrx_word' id='word_1_856' title='bbox 2178 5283 2434 5336; x_wconf 80' lang='grc' dir='ltr'>σποτείαν</span> <span class='ocrx_word' id='word_1_857' title='bbox 2479 5286 2575 5339; x_wconf 78' lang='grc' dir='ltr'>καὶ</span> <span class='ocrx_word' id='word_1_858' title='bbox 2603 5286 2774 5356; x_wconf 78' lang='grc' dir='ltr'>ὑνομα</span> <span class='ocrx_word' id='word_1_859' title='bbox 2801 5285 2863 5338; x_wconf 82' lang='grc' dir='ltr'>τὸ</span> <span class='ocrx_word' id='word_1_860' title='bbox 2897 5286 3038 5356; x_wconf 85' lang='grc' dir='ltr'>ὑπὲρ</span> <span class='ocrx_word' id='word_1_861' title='bbox 3077 5289 3185 5340; x_wconf 80' lang='grc' dir='ltr'><strong>πᾶν</strong></span> <span class='ocrx_word' id='word_1_862' title='bbox 3213 5287 3403 5355; x_wconf 73' lang='grc' dir='ltr'>ὄνομα,</span> <span class='ocrx_word' id='word_1_863' title='bbox 3437 5286 3536 5338; x_wconf 84' lang='grc' dir='ltr'>καὶ</span> <span class='ocrx_word' id='word_1_864' title='bbox 3562 5286 3634 5339; x_wconf 78' lang='grc' dir='ltr'>τὰ</span> <span class='ocrx_word' id='word_1_865' title='bbox 3653 5284 3758 5338; x_wconf 80' lang='grc' dir='ltr'>λοι-</span> 
     </span>
    </p>
   </div>
   <div class='ocr_carea' id='block_1_113' title="bbox 2167 5373 3755 5448">
    <p class='ocr_par' dir='ltr' id='par_1_113' title="bbox 2167 5373 3755 5448">
     <span class='ocr_line' id='line_1_113' title="bbox 2167 5373 3755 5448; baseline 0.001 -22"><span class='ocrx_word' id='word_1_866' title='bbox 2167 5373 2244 5427; x_wconf 78' lang='grc' dir='ltr'><strong>πά</strong></span> <span class='ocrx_word' id='word_1_867' title='bbox 2268 5375 2336 5444; x_wconf 80' lang='grc' dir='ltr'>τῇ</span> <span class='ocrx_word' id='word_1_868' title='bbox 2367 5377 2529 5445; x_wconf 79' lang='grc' dir='ltr'>σαρκὶ</span> <span class='ocrx_word' id='word_1_869' title='bbox 2560 5375 2666 5427; x_wconf 83' lang='grc' dir='ltr'><strong>ὑπὸ</strong></span> <span class='ocrx_word' id='word_1_870' title='bbox 2696 5374 2790 5428; x_wconf 87' lang='grc' dir='ltr'><strong>τοῦ</strong></span> <span class='ocrx_word' id='word_1_871' title='bbox 2822 5375 3133 5447; x_wconf 79' lang='grc' dir='ltr'>κρείττονος</span> <span class='ocrx_word' id='word_1_872' title='bbox 3171 5374 3342 5448; x_wconf 84' lang='grc' dir='ltr'>αὑτῆς</span> <span class='ocrx_word' id='word_1_873' title='bbox 3375 5374 3550 5443; x_wconf 82' lang='grc' dir='ltr'>Λόγου</span> <span class='ocrx_word' id='word_1_874' title='bbox 3596 5374 3755 5442; x_wconf 82' lang='grc' dir='ltr'>δοθῆ-</span> 
     </span>
    </p>
   </div>
   <div class='ocr_carea' id='block_1_114' title="bbox 2181 5463 3755 5537">
    <p class='ocr_par' dir='ltr' id='par_1_114' title="bbox 2181 5463 3755 5537">
     <span class='ocr_line' id='line_1_114' title="bbox 2181 5463 3755 5537; baseline 0 -19"><span class='ocrx_word' id='word_1_875' title='bbox 2181 5481 2289 5530; x_wconf 87' lang='grc' dir='ltr'>ναι,</span> <span class='ocrx_word' id='word_1_876' title='bbox 2329 5465 2423 5518; x_wconf 73' lang='grc' dir='ltr'>καὶ</span> <span class='ocrx_word' id='word_1_877' title='bbox 2461 5465 2536 5536; x_wconf 85' lang='grc' dir='ltr'>μὴ</span> <span class='ocrx_word' id='word_1_878' title='bbox 2571 5468 2690 5521; x_wconf 82' lang='grc' dir='ltr'>δέον</span> <span class='ocrx_word' id='word_1_879' title='bbox 2738 5463 2880 5522; x_wconf 77' lang='grc' dir='ltr'>εἶναι</span> <span class='ocrx_word' id='word_1_880' title='bbox 2915 5466 3164 5522; x_wconf 81' lang='grc' dir='ltr'>συνθέσει</span> <span class='ocrx_word' id='word_1_881' title='bbox 3191 5466 3364 5521; x_wconf 84' lang='grc' dir='ltr'>ταῦτα</span> <span class='ocrx_word' id='word_1_882' title='bbox 3401 5466 3755 5537; x_wconf 68' lang='grc' dir='ltr'><strong>προσλογίζε⁸</strong></span> 
     </span>
    </p>
   </div>
   <div class='ocr_carea' id='block_1_115' title="bbox 2185 5557 3760 5630">
    <p class='ocr_par' dir='ltr' id='par_1_115' title="bbox 2185 5557 3760 5630">
     <span class='ocr_line' id='line_1_115' title="bbox 2185 5557 3760 5630; baseline -0.001 -19"><span class='ocrx_word' id='word_1_883' title='bbox 2185 5558 2331 5612; x_wconf 85' lang='grc' dir='ltr'>σθαι.</span> <span class='ocrx_word' id='word_1_884' title='bbox 2398 5559 2638 5630; x_wconf 76' lang='grc' dir='ltr'>’Δληθῶς</span> <span class='ocrx_word' id='word_1_885' title='bbox 2693 5561 2790 5630; x_wconf 80' lang='grc' dir='ltr'>μὲν</span> <span class='ocrx_word' id='word_1_886' title='bbox 2824 5557 2921 5615; x_wconf 77' lang='grc' dir='ltr'>οὖν</span> <span class='ocrx_word' id='word_1_887' title='bbox 2968 5562 3034 5614; x_wconf 80' lang='grc' dir='ltr'>ἐκ</span> <span class='ocrx_word' id='word_1_888' title='bbox 3086 5559 3180 5614; x_wconf 88' lang='grc' dir='ltr'><strong>τοῦ</strong></span> <span class='ocrx_word' id='word_1_889' title='bbox 3211 5559 3384 5627; x_wconf 87' lang='grc' dir='ltr'>Λόγου</span> <span class='ocrx_word' id='word_1_890' title='bbox 3422 5557 3661 5611; x_wconf 80' lang='grc' dir='ltr'>δίδοσθαι</span> <span class='ocrx_word' id='word_1_891' title='bbox 3691 5559 3760 5611; x_wconf 66' lang='grc' dir='ltr'>τὰ</span> 
     </span>
    </p>
   </div>
   <div class='ocr_carea' id='block_1_116' title="bbox 2185 5647 3760 5720">
    <p class='ocr_par' dir='ltr' id='par_1_116' title="bbox 2185 5647 3760 5720">
     <span class='ocr_line' id='line_1_116' title="bbox 2185 5647 3760 5720; baseline 0.001 -22"><span class='ocrx_word' id='word_1_892' title='bbox 2185 5648 2451 5719; x_wconf 82' lang='grc' dir='ltr'>εἰρημένα</span> <span class='ocrx_word' id='word_1_893' title='bbox 2484 5648 2843 5719; x_wconf 79' lang='grc' dir='ltr'>συντιθέμεθα</span> <span class='ocrx_word' id='word_1_894' title='bbox 2865 5667 2879 5680; x_wconf 93' lang='grc'><strong>·</strong></span> <span class='ocrx_word' id='word_1_895' title='bbox 2918 5649 3060 5720; x_wconf 78' lang='grc' dir='ltr'>πλὴν</span> <span class='ocrx_word' id='word_1_896' title='bbox 3087 5647 3248 5702; x_wconf 84' lang='grc' dir='ltr'>τοῦτο</span> <span class='ocrx_word' id='word_1_897' title='bbox 3289 5649 3434 5719; x_wconf 79' lang='grc' dir='ltr'>ὑμᾶς</span> <span class='ocrx_word' id='word_1_898' title='bbox 3483 5649 3760 5720; x_wconf 79' lang='grc' dir='ltr'>ἐρωτήσο-</span> 
     </span>
    </p>
   </div>
   <div class='ocr_carea' id='block_1_117' title="bbox 2190 5741 3757 5812">
    <p class='ocr_par' dir='ltr' id='par_1_117' title="bbox 2190 5741 3757 5812">
     <span class='ocr_line' id='line_1_117' title="bbox 2190 5741 3757 5812; baseline 0.002 -18"><span class='ocrx_word' id='word_1_899' title='bbox 2190 5756 2322 5812; x_wconf 77' lang='grc' dir='ltr'>μενο</span> <span class='ocrx_word' id='word_1_900' title='bbox 2349 5741 2488 5796; x_wconf 86' lang='grc' dir='ltr'>Τάδε</span> <span class='ocrx_word' id='word_1_901' title='bbox 2515 5741 2581 5796; x_wconf 81' lang='grc' dir='ltr'>τὰ</span> <span class='ocrx_word' id='word_1_902' title='bbox 2611 5741 2741 5796; x_wconf 72' lang='grc' dir='ltr'>ὄντα</span> <span class='ocrx_word' id='word_1_903' title='bbox 2773 5742 2896 5798; x_wconf 90' lang='grc' dir='ltr'><strong>τινά</strong></span> <span class='ocrx_word' id='word_1_904' title='bbox 2924 5745 2985 5798; x_wconf 76' lang='grc' dir='ltr'>ἐν</span> <span class='ocrx_word' id='word_1_905' title='bbox 3015 5741 3150 5812; x_wconf 83' lang='grc' dir='ltr'><strong>τῷδέ</strong></span> <span class='ocrx_word' id='word_1_906' title='bbox 3175 5758 3281 5796; x_wconf 90' lang='grc' dir='ltr'>τινι</span> <span class='ocrx_word' id='word_1_907' title='bbox 3328 5741 3573 5809; x_wconf 82' lang='grc' dir='ltr'>φυσικῶς</span> <span class='ocrx_word' id='word_1_908' title='bbox 3605 5757 3757 5797; x_wconf 81' lang='grc' dir='ltr'>ποτε.</span> 
     </span>
    </p>
   </div>
  </div>
