3916 6552
126 424 295 490 1481

1166 424 1562 515 ADVERSUS
1600 423 2151 486 NESTORIANOSV
2180 453 2250 463 ·-
2274 430 2422 491 LIB.
2466 432 2514 494 Ι.

3302 437 3439 502 H89

121 541 249 595 καὶ
314 537 401 607 τῷ
448 537 505 591 δέ
549 555 657 591 τινι
708 533 1105 606 μεταδίδονται,
1131 535 1222 587 ὅτε
1272 533 1584 596 ἀσυνθέτως
1638 532 1752 602 ἔχει

1859 544 2056 589 cantur
2084 551 2209 592 cum
2244 538 2335 594 ille
2369 540 2464 609 qui
2491 540 2559 597 iis
2587 552 2739 600 caret
2760 557 3053 617 separatur
3077 548 3149 606 ab
3168 565 3236 606 eo
3259 554 3354 622 qui
3378 567 3446 611 ea

124 631 299 703 πρὸς
328 630 429 682 τὸν
458 628 674 700 ἔχοντα,
698 630 727 682 6
766 628 842 698 μὴ
867 626 1007 697 ἔχων
1048 625 1188 680 αὐτὰ
1216 626 1360 681 κατὰ
1387 624 1569 695 φύσιν,
1601 625 1635 696 ἢ
1666 625 1755 679 ὅτε

125 722 297 793 πρὸς
343 721 498 774 τόνδε
532 720 791 789 συνετέθη
815 735 830 782 ;
856 716 922 771 Τί
958 717 1158 789 δήποτε
1191 711 1306 783 οὗν,
1340 715 1553 771 πολλῶν
1585 716 1757 770 ὄντων

126 815 265 867 τῶν
320 812 645 868 ἀσυνθέτων
688 812 827 882 πρὸς
853 809 947 863 τὸν
985 809 1181 879 ἔχοντα
1217 809 1343 865 τάδε
1376 809 1643 879 φυσικῶς,
1675 808 1757 863 ἐνὶ

138 907 319 976 μόνῳ
347 903 487 975 τῷδε
519 903 794 968 δέδονται;
835 902 944 955 ἰδοὺ
972 902 1083 971 7&9
1109 903 1168 955 ὲν
1197 901 1604 973 παραδείγματι
1631 901 1755 972 βλέ-

130 1015 370 1067 πομεν,
406 996 482 1059 ὠς
531 995 697 1066 ἡνίκα
751 994 893 1048 κατὰ
939 992 1102 1062 φύσιν
1144 994 1370 1066 συντεθῇ
1428 992 1491 1047 τὸ
1521 991 1632 1064 πῦρ
1679 991 1757 1062 τῷ

132 1094 401 1164 σιδήρῳ,
448 1092 572 1146 τότε
622 1089 1023 1161 πεπυρωμένος
1066 1086 1285 1155 λέγεται
1332 1088 1361 1140 6
1410 1086 1648 1157 σίδηρος,
1695 1085 1757 1138 τὸ

132 1186 342 1256 ὄνομα
382 1185 477 1238 καὶ
526 1183 625 1254 τὴν
664 1184 741 1246 ὼς
790 1182 858 1236 ἄν
900 1198 988 1244 τις
1018 1180 1164 1234 εἴποι
1204 1178 1361 1246 ἀξίαν
1396 1177 1633 1249 φυσικὴν
1661 1175 1755 1231 τοῦ

137 1281 367 1350 πυρὸς,
400 1281 464 1332 ἐκ
499 1278 601 1349 τῆς
632 1276 937 1339 συνθέσεως
971 1274 1461 1346 προσκτησάμενος
1489 1288 1502 1302 ·
1542 1274 1638 1328 καὶ
1665 1273 1756 1326 ὅτε

138 1374 276 1445 φῶς
315 1373 401 1444 τῷ
432 1372 585 1427 ὕδατι
612 1370 903 1442 εἰσκραοὲν
935 1369 1096 1423 τοῦτο
1127 1369 1358 1437 φωτίσει
1410 1367 1552 1420 κατὰ
1574 1365 1758 1419 σύνθεο

140 1484 264 1528 σιν,
295 1463 718 1535 πεφωτισμένον
741 1461 1083 1533 ὀνομάζεται
1111 1461 1256 1532 ὕδωρ
1276 1476 1289 1489 ·
1325 1458 1422 1514 καὶ
1448 1459 1538 1512 ὅτε
1568 1457 1757 1529 χρυσῷ

141 1556 555 1627 ὲττιχριόμενος
602 1553 804 1623 ἑνωθῇ,
832 1553 957 1606 τότε
1010 1550 1244 1623 χρύσεος
1282 1548 1539 1621 ἀνδριά;’
1564 1548 1654 1602 ὅτε
1698 1546 1757 1600 δὲ

142 1649 234 1717 τῷ
273 1648 576 1717 σκεπάρνῳ
601 1648 681 1710 είς
709 1645 994 1715 ἐνέργειαν
1025 1643 1189 1712 μόνον
1219 1643 1425 1715 χρῆται
1460 1641 1489 1693 6
1522 1640 1753 1706 τέκτων,

143 1739 211 1790 οὐ
238 1737 395 1791 κατὰ
425 1735 677 1790 σύνθεσιν
704 1735 945 1804 φυσικὴν
972 1732 1123 1803 αὑτῷ
1157 1732 1460 1805 ἡνωμένος,
1492 1730 1611 1784 τότε
1633 1730 1756 1784 οὐδὲ

146 1830 215 1882 τὸ
259 1830 445 1900 ὄνομα
487 1829 611 1883 οὐδὲ
651 1828 751 1899 τὴν
796 1826 955 1893 ἀξίαν
995 1825 1162 1880 αὐτοῦ
1201 1825 1528 1896 μεταδίδωσι
1560 1823 1638 1895 τῷ
1665 1824 1756 1895 69-

1857 626 2191 682 naturaliter
2220 628 2416 696 habet,
2461 647 2532 687 an
2587 649 2715 689 cum
2769 638 2822 692 ei
2860 641 3254 712 conjungitur?
3292 643 3444 711 Quo-

1858 719 2024 774 modo
2052 731 2263 788 autem,
2288 738 2416 778 cum
2444 733 2525 780 tot
2545 726 2658 782 sint
2678 734 2917 800 separati
2948 736 3017 790 ab
3042 751 3109 791 eo
3131 738 3225 807 qui
3255 752 3321 792 ca
3342 753 3443 795 na-

1858 812 2112 868 turaliter
2129 815 2317 882 habet,
2333 817 2411 872 illi
2433 818 2536 873 soli
2563 819 2690 876 data
2718 821 2955 880 fuissent
2974 826 3162 893 ?Quod
3194 828 3248 882 in
3266 843 3447 884 exem-

1857 904 1965 973 plis
1998 904 2281 963 videmus:
2301 923 2427 964 cum
2452 927 2651 983 nempe
2677 914 2821 986 ignis
2844 920 3150 975 secundum
3188 930 3443 978 naturam

1857 996 2008 1053 ferro
2063 999 2456 1071 coniungitur,
2489 1012 2623 1060 tunc
2673 1007 2904 1078 ignitum
2962 1013 3168 1069 dicitur
3203 1016 3443 1085 ferrum,

1858 1090 2085 1146 nomine
2112 1100 2209 1158 et,
2247 1102 2308 1148 ut
2332 1094 2405 1149 ita
2436 1096 2616 1152 dicam
2642 1138 2657 1165 ,
2683 1103 2951 1159 naturali
2988 1104 3255 1176 dignitate
3302 1108 3445 1179 ignis

1857 1192 2085 1252 accepta
2108 1184 2164 1239 vi
2190 1187 2640 1257 coniunctionis;
2685 1191 2943 1250 similiter
2977 1211 3106 1253 eum
3146 1200 3244 1255 lux
3286 1216 3444 1271 aqua:

1861 1272 2107 1332 immista
2133 1292 2256 1333 eant
2288 1279 2568 1337 illuminat
2593 1282 2645 1337 vi
2674 1286 3103 1356 conjunctionis,
3132 1290 3443 1350 illuminata

1858 1364 2065 1422 dicitur
2093 1384 2267 1453 aqua;
2300 1387 2520 1428 necnon
2564 1383 2621 1431 et
2649 1392 2775 1432 cum
2808 1389 2987 1435 statua
3021 1398 3157 1439 auro
3185 1382 3440 1450 illinitur,

1858 1465 1991 1512 tunc
2034 1470 2227 1517 aurata
2250 1461 2485 1531 dicitur;
2518 1481 2646 1521 cum
2677 1477 2863 1526 autem
2905 1473 3055 1529 ascia
3086 1475 3441 1536 instrumenti

1860 1557 2073 1605 tantum
2106 1552 2164 1607 in
2202 1554 2428 1610 modum
2468 1558 2647 1614 utitur
2670 1560 2831 1618 faber
2853 1604 2868 1629 ,
2902 1580 3015 1620 non
3054 1567 3105 1621 ei
3136 1570 3443 1627 secundum

1858 1651 2116 1697 naturam
2146 1646 2478 1717 CODjllllCtlJS
2499 1689 2514 1713 ,
2551 1659 2687 1706 tunc
2707 1668 2889 1725 neque
2922 1671 3123 1712 nomen
3150 1675 3309 1715 suum
3338 1678 3441 1718 ne-

1857 1744 1965 1799 que
2016 1729 2341 1801 dignitatem
2394 1735 2766 1796 instrumento
2814 1746 3227 1821 communicat,
3261 1765 3444 1821 neque

1858 1821 1926 1875 ab
1956 1821 2330 1882 instrumento
2362 1829 2568 1900 accipit
2596 1818 2941 1891 artifextSed
2970 1852 3152 1909 neque
3186 1856 3281 1897 rex
3306 1883 3321 1907 ,
3345 1818 3443 1899 aut

149 1920 354 1990 γάνῳ,
407 1920 441 1989 ἢ
486 1917 617 1986 παρ’
658 1915 823 1970 αὐτοῦ
886 1914 1258 1987 μεταλήψεται
1300 1916 1328 1969 6
1368 1913 1752 2007 ἐργαζόμενος.

1860 1912 2247 1971 nobilissimus
2275 1919 2545 1991 quisque,
2581 1924 2626 1979 si
2654 1941 2825 1982 unum
2853 1944 2884 1983 e
2910 1930 3027 1986 suis
3056 1934 3231 1988 servis
3269 1951 3444 2007 quan-

164 2010 323 2065 Ἀλλ’
340 2010 452 2064 οὐδ’
485 2011 514 2063 6
552 2008 825 2080 βασιλεὺς,
858 2007 893 2078 ἢ
933 2008 1165 2080 εὐγενής
1211 2024 1296 2071 τις
1324 2006 1605 2061 ὁντιναοῦν
1641 2004 1754 2059 τῶν

151 2102 388 2169 οἰκείων
445 2102 795 2173 θεραπόντων
848 2100 895 2154 εί
943 2099 1329 2172 προσλάϐοιτο,
1362 2099 1459 2153 καὶ⁸
1513 2096 1753 2153 οίαισοῦν

154 2194 345 2261 ἀξίαις
372 2195 619 2266 τιμήσει,
645 2191 790 2247 κατὰ
825 2191 988 2262 φύσιν
1021 2192 1077 2245 δὲ
1103 2190 1254 2263 αὐτῷ
1284 2190 1360 2264 μὴ
1452 2190 1752 2259 συγκείμε-

154 2306 277 2353 νος,
309 2286 434 2341 οὖτε
467 2287 529 2342 τὸ
573 2287 764 2357 ὄνομα,
813 2283 938 2339 οὔτε
985 2285 1083 2356 τὴν
1120 2285 1279 2351 ἀξίαν
1309 2286 1406 2338 καὶ
1430 2282 1751 2338 δεσποτείαν

160 2383 267 2453 τὴν
305 2381 615 2454 βασιλικὴν,
646 2379 772 2434 οὔτε
804 2380 903 2451 τὴν
929 2379 1213 2448 εὐγένειαν
1242 2378 1409 2433 αὐτοῦ
1439 2378 1577 2448 τῷδε
1615 2393 1751 2444 συγ-

161 2476 473 2548 χωρήσειεν
494 2488 508 2503 ’
539 2473 660 2527 οὐδὲ
696 2472 805 2542 γὰρ
837 2470 1061 2524 δυνατόν
1086 2472 1235 2524 ἐστιν
1250 2468 1373 2523 οὐδὲ
1399 2469 1449 2521 εί
1484 2467 1749 2539 βούλοιτο,

163 2568 363 2638 ὥσπερ
411 2564 507 2619 οὖν
555 2561 933 2632 ὑποδείξομεν,
964 2564 1089 2616 ὅσον
1122 2560 1191 2614 ἂν
1240 2559 1579 2613 καλλωπίσοι
1623 2558 1750 2612 τινα

165 2660 279 2715 τῶν
310 2659 458 2713 ἰδίων
484 2658 689 2721 ἵππων,
715 2655 1002 2726 ἄνθρωπον
1036 2652 1199 2706 αὐτὸν
1220 2651 1508 2723 ὀνομάζειν
1532 2649 1750 2720 ἀληθῶς

167 2751 309 2806 εἶναι
348 2747 776 2822 ὡμολογημένον
810 2746 1096 2817 ὀνόματος,
1132 2744 1226 2798 καὶ
1259 2744 1319 2797 οὐ
1347 2744 1439 2797 δύο
1472 2744 1580 2797 τῶν
1611 2743 1750 2814 ὑπὲρ

170 2849 351 2904 πάντα
377 2846 448 2900 τὰ
480 2844 686 2916 φυσικὰ
715 2842 955 2914 ὀνόματα
978 2860 991 2873 ·
1029 2844 1159 2915 τρία
1189 2841 1299 2913 7&9
1332 2840 1425 2897 καὶ
1460 2838 1574 2911 οὐχ’
1606 2837 1664 2892 ἓν
1699 2838 1750 2893 εί

168 2939 240 2993 τὰ
279 2934 622 2991 ὑποστατικὰ
665 2934 787 2988 θεῖα
840 2933 937 2987 καὶ
975 2931 1315 3003 ὑπερέχοντα
1350 2932 1423 3001 φῇ
1454 2946 1558 2995 τις,
1600 2929 1652 2981 τί
1683 2928 1751 2982 ἂν

170 3032 299 3087 ἄλλο
320 3031 478 3085 τοῦτο
508 3030 660 3083 ἔσται
691 3027 784 3099 ἥδ
817 3027 949 3091 Θεὸς
971 3027 1067 3081 καὶ
1088 3026 1293 3097 Κύριος
1321 3027 1350 3077 6
1373 3022 1567 3094 φύσεις
1598 3023 1627 3078 ὃ
1665 3022 1757 3077 θέ-’

173 3139 258 3175 σει
286 3124 393 3192 γὰρ
430 3118 554 3174 οὕτε
606 3118 752 3191 μόνῳ
797 3117 947 3189 αὐτῷ
990 3116 1254 3189 χαρισθὲν
1300 3114 1427 3169 οὔτε
1467 3115 1609 3187 ὑπὲρ
1642 3116 1751 3169 πᾶν

172 3214 347 3283 ὄνομά
377 3214 527 3265 ἐστι’
563 3209 776 3263 πολλῶν
806 3210 975 3264 ὄντων
1008 3209 1152 3263 κατά
1184 3226 1238 3262 τι
1271 3206 1586 3276 λεγομένων
1612 3205 1751 3260 θεῶν

172 3325 233 3361 τε
260 3308 350 3360 καὶ
379 3306 584 3375 κυρίων
629 3306 691 3357 ἐν
725 3302 939 3375 οὐρανῷ
969 3319 1029 3355 τε
1073 3302 1167 3356 καλ⁵
1198 3303 1291 3372 γῇ.
1339 3301 1398 3354 El
1441 3296 1534 3354 οὖν
1565 3298 1753 3369 ἕτερος

174 3399 331 3453 τοῦτο
380 3397 535 3452 λάϐοι
574 3396 727 3469 παρὰ
765 3397 857 3449 τὸν
897 3395 1066 3457 ὅντως
1116 3393 1277 3463 φύσει
1322 3393 1478 3456 Θεὸν,
1533 3391 1750 3460 ἀνάγκη

177 3493 324 3557 ἐστὶν
353 3491 386 3563 ἦ
410 3491 691 3562 ἀνώνυμον
727 3492 906 3561 μεῖναι
925 3489 1016 3542 τὸν
1044 3486 1280 3560 δόντα,ἢ
1314 3489 1371 3541 ἐν
1417 3486 1629 3558 θατέρῳ
1657 3485 1755 3539 αὑ-

176 3584 282 3638 τῶν
311 3584 520 3655 ψευδῶς
549 3582 913 3653 ὀνομάζεσθαι
942 3581 1129 3634 λοιπὸν
1154 3580 1318 3634 τοῦτο
1339 3595 1354 3612 °
1382 3581 1415 3652 ἦ
1441 3579 1552 3652 7&9
1571 3581 1636 3633 ὲκ
1659 3577 1754 3631 τοῦ

181 3677 506 3747 προσφάτως
534 3676 665 3729 αὐτὸ
685 3673 1056 3744 λαμϐάνοντος
1080 3672 1423 3742 ἑτεροουσίου
1452 3671 1623 3734 ὄντος.
1658 3671 1754 3725 καὶ

180 3769 239 3821 οὐ
277 3767 477 3838 κυρίως
529 3766 663 3821 αὐτὸ
714 3764 1082 3835 κτησαμένου,
1130 3762 1341 3833 ψευδῶς
1394 3762 1752 3833 κέκληταιοῆ

182 3862 271 3914 ἐπὶ
303 3859 392 3913 τοῦ
446 3857 637 3931 πρώην
680 3857 897 3928 ἔχοντος
956 3856 1109 3923 αὐτὸ,
1142 3856 1242 3910 οὐκ
1287 3854 1506 3925 ἀληθῶς
1533 3854 1753 3923 λέγεται

182 3951 376 4016 λοιπὸν,
396 3950 472 4015 ὡς
497 3951 693 4003 νεωστὶ
711 3949 1195 4020 ἁποκτησαμένου,
1217 3947 1315 4001 καὶ
1343 3948 1416 4018 μὴ
1446 3946 1751 4017 μείναντος,

189 4043 314 4113 μηδὲ
364 4042 421 4094 ἑν
454 4044 520 4112 τῇ
557 4039 665 4111 ἰδίᾳ
695 4040 857 4108 φύσει
907 4038 1003 4093 τοῦ
1040 4039 1325 4110 ὀνόματος.
1371 4038 1485 4091 Πᾶν
1514 4035 1623 4107 7&9
1652 4052 1755 4104 φυ-

187 4135 326 4188 σικὸν
357 4134 547 4203 κύριον
592 4133 785 4203 ὄνομα,
825 4134 955 4203 μιᾶς
1005 4132 1099 4185 καὶ
1142 4132 1205 4185 οὐ
1243 4131 1337 4184 δύο
1388 4130 1606 4201 φύσεων
1633 4130 1752 4183 δια-

187 4229 359 4298 φόρων
405 4226 588 4281 ὲστίνο
635 4226 668 4299 ἦ
708 4221 804 4281 οὖν
845 4227 906 4279 οὐ
944 4225 1151 4297 κυρίως
1198 4226 1292 4279 καὶ
1335 4223 1553 4295 ἀληθῶς
1595 4221 1755 4275 τοῦτο

186 4319 419 4373 δεδόσθαι
440 4319 659 4388 λέγεταί
691 4335 821 4385 τινι,
855 4318 886 4390 ἢ
914 4321 963 4372 εί
994 4317 1245 4388 ἀψευδῶς
1273 4316 1503 4381 δέδοται,
1536 4317 1602 4369 ἐκ
1624 4331 1751 4369 συν-

188 4412 375 4477 θέσεως
422 4412 589 4466 αὐτοῦ
621 4411 714 4464 τοῦ
756 4411 947 4464 τούτου
979 4412 1145 4480 μόνου
1177 4409 1393 4479 ἀληθῶς
1421 4406 1754 4480 ὀνομαζομέ-

190 4524 274 4559 νου
305 4505 423 4559 κατ’
451 4505 583 4558 αὐτὸ
620 4504 714 4557 καὶ
761 4504 896 4575 πρὸς
922 4504 984 4556 τὸ
1018 4502 1222 4574 ἑτέρως
1247 4502 1530 4574 μετεδόθη.
1560 4501 1749 4565 Οὕτως

1861 2006 2157 2078 tiscunque
2195 2010 2505 2070 honoribus
2554 2019 2946 2087 cumulaverit,
2993 2039 3096 2080 nec
3145 2006 3328 2084 tamen
3360 2031 3442 2087 illi

1859 2099 2250 2171 conjuugatur,
2277 2119 2517 2173 nomen,
2544 2118 2640 2163 aut
2685 2110 3040 2183 dignitatem.
3091 2128 3188 2174 aut
3233 2121 3440 2193 regiam

1858 2197 2187 2258 potestatem
2215 2236 2229 2258 ,
2261 2205 2359 2251 aut
2388 2199 2738 2257 nobilitatem
2770 2204 2848 2258 illi
2876 2205 3164 2276 impertire
3196 2228 3442 2283 unquam

1859 2290 2080 2348 posset;
2132 2300 2243 2340 non
2290 2288 2438 2342 enim
2480 2292 2744 2360 possibile
2773 2303 2882 2359 est,
2912 2298 3016 2352 etsi
3048 2300 3201 2365 velit,
3229 2302 3311 2357 uti
3344 2319 3440 2360 os-

1861 2370 2174 2439 tendemus,
2222 2381 2634 2446 quantumlibet
2659 2400 2833 2439 unum
2862 2401 2893 2441 e
2916 2387 3036 2443 suis
3062 2392 3222 2460 cquis
3267 2393 3437 2451 deco-

1858 2468 1964 2526 ret,
1994 2462 2150 2519 illum
2179 2482 2379 2524 vocare
2409 2470 2692 2528 hominem
2720 2490 2937 2539 verum,
2969 2478 3243 2549 siquidem
3266 2499 3440 2541 unum

1857 2555 2034 2611 solum
2058 2559 2227 2615 modo
2257 2577 2461 2620 nomen
2494 2577 2781 2637 receptum
2798 2611 2813 2634 ,
2846 2586 2959 2627 non
2986 2584 3173 2630 autem
3197 2576 3309 2631 duo
3336 2594 3442 2648 pro

1857 2644 1946 2703 his
1975 2664 2099 2718 qua:
2124 2662 2256 2708 sunt
2273 2671 2441 2725 super
2464 2658 2650 2714 omnia
2671 2663 2949 2720 naturalia
2969 2668 3223 2735 nomina;
3243 2670 3289 2725 si
3312 2672 3442 2741 quis

1855 2740 2274 2811 enimtres,non
2308 2756 2492 2804 autem
2523 2768 2688 2808 unam
2723 2771 3014 2826 personam
3047 2765 3441 2830 praestantissi-

1857 2848 2001 2889 mam
2028 2835 2083 2890 in
2112 2837 2317 2894 divinis
2354 2841 2520 2908 dicat,
2554 2844 2687 2914 quid
2713 2848 2821 2903 nisi
2848 2850 2943 2919 qui
2970 2862 3167 2908 natura
3191 2856 3338 2912 Deus
3354 2866 3444 2913 est

1856 2936 1915 2980 et
1951 2924 2261 2984 Dominus?
2289 2930 2444 2997 Quod
2477 2932 2791 3004 adoptionis
2820 2947 2925 3005 est,
2961 2956 3141 3012 neque
3171 2946 3273 2999 soli
3302 2958 3438 3002 con-

1856 3018 2029 3083 venit,
2086 3036 2267 3091 nequc
2323 3034 2411 3079 est
2458 3040 2626 3096 super
2675 3044 2840 3085 omne
2892 3047 3118 3101 nomen,
3170 3052 3297 3091 cum
3329 3039 3444 3096 sint

1864 3110 2027 3167 multi
2056 3110 2112 3165 in
2140 3113 2298 3170 coalis
2325 3124 2381 3169 et
2410 3115 2465 3170 in
2502 3127 2650 3174 terra
2678 3121 2983 3177 secundum
3014 3126 3150 3195 quid
3179 3128 3312 3185 dicti
3348 3132 3441 3187 dei

1857 3212 1914 3258 et
1930 3202 2172 3273 domini;
2195 3207 2241 3262 si
2262 3207 2429 3279 igitur
2447 3226 2651 3267 nomen
2676 3213 2814 3269 illud
2838 3216 3073 3286 quilibet
3086 3220 3229 3276 alius
3242 3233 3444 3293 praeter

1858 3313 2049 3351 verum
2063 3298 2235 3353 Deum
2251 3312 2733 3371 usurpet,necesse
2744 3314 2831 3361 est
2843 3309 2929 3363 vel
2948 3309 3067 3366 sine
3079 3314 3302 3371 nomine
3316 3333 3443 3373 esse

1855 3403 1982 3442 eum
2005 3390 2099 3458 qui
2123 3390 2297 3457 dedit,
2322 3393 2408 3448 vel
2436 3392 2492 3449 in
2535 3396 2806 3453 alterutro
2838 3402 3071 3458 mendax
3090 3420 3212 3461 esse
3237 3423 3441 3467 nomen

1854 3479 1989 3535 illud
2016 3498 2030 3547 ;
2058 3482 2333 3553 siquidem
2362 3498 2457 3541 aut
2490 3486 2535 3541 is
2573 3488 2669 3558 qui
2704 3505 2897 3547 recens
2924 3497 3166 3566 accepit,
3194 3513 3319 3556 cum
3368 3503 3444 3559 sit

1858 3574 2096 3630 diversae
2149 3583 2383 3644 naturae,
2436 3595 2541 3635 nec
2593 3582 2818 3651 proprie
2854 3583 3041 3652 habet,
3096 3590 3443 3649 mendaciter

1851 3666 2190 3731 nominatur;
2217 3670 2311 3739 qui
2337 3679 2520 3725 autem
2548 3673 2858 3743 antiquitus
2884 3675 3175 3745 habuerat,
3190 3682 3302 3751 jam
3329 3700 3443 3742 non

1851 3771 1984 3811 vero
2033 3759 2374 3825 nominatur,
2424 3760 2629 3831 quippe
2659 3762 2757 3832 qui
2800 3780 2980 3835 nuper
3012 3767 3294 3836 alienavit,
3337 3789 3442 3831 nec

1852 3846 1907 3901 in
1938 3850 2162 3918 propria
2196 3851 2439 3906 nominis
2474 3863 2671 3908 natura
2707 3858 3033 3925 permansit.
3087 3860 3262 3918 Omne
3288 3866 3436 3921 enim

1850 3939 2135 4009 proprium
2159 3950 2215 3995 et
2244 3943 2495 3998 naturale
2524 3958 2747 4010 nomen,
2782 3947 2948 4003 unius
2981 3959 3193 4007 tantum
3224 3964 3440 4013 natura:

1850 4047 2054 4086 nomen
2094 4040 2208 4097 est,
2244 4048 2357 4087 non
2401 4043 2589 4090 autem
2633 4037 2869 4092 duarum
2894 4040 3239 4100 diversarum
3270 4057 3435 4104 natu-

1852 4138 2074 4190 rarum;
2113 4123 2261 4180 unde
2310 4126 2396 4181 vel
2438 4142 2550 4182 non
2601 4137 2789 4199 potest
2818 4132 2926 4187 dici
2960 4137 3185 4207 proprie
3216 4148 3274 4195 et
3304 4156 3437 4196 vere

1852 4216 2017 4271 alicui
2048 4232 2170 4273 esse
2208 4218 2429 4285 datum,
2459 4220 2545 4275 vel
2578 4221 2622 4276 si
2660 4224 2885 4293 pr0prie
2914 4225 3102 4282 datum
3141 4238 3260 4297 est,
3298 4249 3437 4288 non-

1851 4307 1959 4361 nisi
1990 4324 2058 4363 ex
2089 4309 2483 4380 conjunctione
2514 4311 2667 4369 illius
2696 4316 2791 4384 qui
2824 4316 2977 4372 solus
3000 4334 3129 4375 vere
3158 4336 3227 4377 eo
3249 4325 3433 4380 nomi-

1852 4409 2033 4467 natur,
2059 4417 2185 4457 cum
2216 4403 2327 4457 alio
2355 4405 2599 4472 diverso,
2634 4407 2825 4462 datum
2847 4418 2953 4465 est.
2991 4411 3084 4468 Sic
3112 4416 3259 4470 enim
3293 4428 3350 4472 et
3377 4418 3433 4474 in

1850 4492 2048 4547 eodem
2090 4495 2316 4564 proprio
2350 4497 2574 4552 nomine
2617 4505 2674 4552 et
2700 4500 2867 4554 simul
2910 4501 2965 4556 in
2998 4503 3108 4557 alio
3139 4506 3264 4570 erit,
3298 4523 3431 4576 pro-

191 4599 288 4669 γὰρ
319 4598 408 4650 καὶ⁹
436 4596 514 4649 ἔτι
540 4594 618 4665 τῷ
648 4595 797 4666 αὐτῷ
827 4596 1190 4665 ἐνυπάρχοντι
1212 4595 1433 4664 ὀνόματι
1458 4595 1555 4647 καὶ
1584 4595 1640 4646 ὲν
1672 4594 1750 4665 τῷ

1857 4594 1977 4654 pter
2030 4601 2158 4640 eum
2208 4587 2302 4656 qui
2349 4587 2407 4643 in
2460 4588 2580 4659 ipso
2608 4589 2786 4645 factus
2814 4600 2901 4646 est
2936 4615 2951 4646 ς
2982 4609 3092 4647 non
3123 4596 3269 4650 enim
3302 4615 3433 4663 vere

193 4692 345 4757 ἑτέρῳ
388 4688 565 4752 ἔσται,
613 4687 703 4741 διὰ
745 4688 836 4740 τὸν
886 4686 1182 4755 γενόμενον
1227 4687 1285 4738 ὲν
1334 4685 1519 4755 αὐτῷ’
1550 4686 1611 4738 οὐ
1642 4688 1752 4755 γάρ

194 4782 297 4835 ἐστί
347 4798 401 4834 τι
450 4778 551 4849 τῆς
598 4776 813 4849 φύσεως
882 4777 1053 4848 ὄνομα
1121 4776 1335 4847 ἀληθῶς
1393 4775 1753 4846 ὀνομάζεσθαι

193 4869 493 4941 ἀποχωροῦν
540 4870 633 4923 τοῦ
693 4868 825 4923 ἰδίου
851 4868 1215 4937 ὑποκειμένου
1238 4882 1251 4895 ·
1286 4868 1489 4937 ὁμοίως
1519 4868 1577 4921 δὲ
1608 4868 1701 4921 καὶ
1726 4870 1756 4922 6

195 4963 279 5030 τῆς
309 4962 456 5029 ἀξίας
483 4962 578 5015 καὶ
603 4959 921 5022 δεσποτείας
953 4958 1112 5027 λόγος
1163 4958 1259 5011 καὶ
1292 4958 1358 5013 τὰ
1395 4959 1558 5014 λοιπὰ
1577 4960 1755 5014 πάντα

197 5057 392 5111 νοεῖται.

272 5146 411 5199 Ἐπεὶ
442 5142 534 5219 οὖν
558 5147 645 5199 διὰ
671 5146 847 5198 ταῦτα
870 5146 1007 5215 ἡμῖν
1042 5144 1141 5215 μὲν
1167 5144 1232 5198 ὲκ
1261 5144 1363 5215 τῆς
1402 5143 1618 5213 φύσεως
1664 5144 1752 5197 δο-

204 5238 343 5306 θῆναι
391 5239 485 5289 καὶ
515 5237 576 5291 τὸ
619 5238 719 5305 τῆς
750 5237 907 5305 ἀξίας
950 5236 1142 5307 ὄνομα,
1180 5236 1275 5289 καὶ
1297 5236 1457 5305 φύσιν
1485 5230 1622 5290 εἶναι
1653 5237 1754 5301 τὴν

205 5326 341 5391 ἀξίαν
365 5326 455 5379 ἐπὶ
509 5326 666 5388 Θεοῦ,
701 5327 763 5380 οὐ
803 5328 913 5399 γὰρ
951 5326 1246 5395 ὲπίκτητόν
1286 5343 1410 5380 τινα
1435 5326 1752 5398 περιϐολὴν,

205 5425 316 5495 ὑμῖν
347 5422 401 5475 δὲ
436 5421 509 5483 ὡς
538 5420 731 5481 ἔοικεν,
759 5420 881 5491 οὐχὶ
904 5418 1078 5472 ταῦτα
1107 5418 1283 5481 οὕτως
1306 5418 1451 5488 ἔχειν
1481 5418 1750 5487 φαίνεται,

206 5515 370 5567 εἴπατε
403 5509 457 5561 τί
516 5508 749 5580 μάλιστα
798 5508 1052 5579 βούλεσθε
1119 5509 1270 5578 ἡμᾶς
1320 5509 1501 5574 νοεῖν,
1534 5507 1753 5580 ἀληθῶς

204 5599 345 5657 οὖσαν
374 5599 473 5667 τὴν
495 5597 637 5650 κατὰ
664 5598 899 5668 Χριστὸν
921 5598 1081 5664 ἀξίαν
1103 5597 1200 5651 καὶ
1227 5598 1550 5653 δεσποτείαν
1579 5599 1754 5653 καὶτὸ

205 5693 352 5761 δνομα
385 5706 398 5720 ·
442 5689 537 5741 καὶ
568 5688 803 5757 είδῶμεν
828 5690 875 5741 εί
910 5689 985 5759 μὴ
1018 5689 1236 5752 πάντως
1267 5688 1389 5771 ὅσον
1414 5688 1480 5741 ἂν
1510 5690 1586 5761 τῷ
1619 5690 1754 5759 μᾶλ-

207 5784 282 5835 λον
303 5779 551 5849 ὑπερέχοι
575 5780 645 5831 τὰ
676 5778 797 5831 καθ’
822 5779 990 5849 ἡμᾶς,
1017 5780 1078 5833 τὸ
1096 5779 1387 5851 λεγόμενον
1417 5781 1548 5852 παρ’
1575 5782 1749 5853 ὑμῶν,

209 5874 311 5928 ἐπεὶ
338 5869 473 5934 εἶδος
502 5869 660 5923 τοῦτο
687 5871 791 5924 οὐκ
820 5871 1161 5936 ἐξαλλάσσει.
1228 5873 1341 5924 Καὶ
1372 5874 1481 5943 γὰρ
1512 5873 1578 5927 ἂν
1610 5873 1752 5928 οὕτω

496 5960 768 6023 PATBOL.
813 5963 932 6020 Gn.
970 5961 1309 6025 LXXXVI.

1855 4677 1966 4732 dici
1997 4676 2051 4731 id
2084 4687 2265 4747 potest
2308 4695 2511 4736 nomen
2562 4690 2775 4738 natura:
2803 4686 2952 4754 quod
2981 4702 3011 4740 a
3043 4690 3267 4759 proprio
3302 4693 3433 4748 sub-

1849 4768 1999 4838 jecto
2052 4768 2334 4837 discedit;
2388 4772 2648 4829 similiter
2705 4784 2893 4831 autem
2951 4778 3310 4849 judicandum
3361 4784 3433 4843 do

1855 4858 2119 4929 dignitate
2140 4869 2197 4917 et
2215 4870 2487 4933 potestate
2514 4873 2681 4934 atque
2711 4865 2942 4936 paribus
2977 4870 3210 4928 caeteris.

1925 5132 2061 5187 Cum
2082 5131 2249 5202 igitur
2271 5132 2430 5187 nobis
2451 5131 2702 5189 videatur
2716 5149 2783 5188 ex
2806 5144 3001 5191 natura
3030 5138 3151 5193 dari
3175 5146 3233 5195 et
3257 5154 3432 5210 ipsum

1856 5223 2142 5292 dignitatis
2188 5239 2412 5288 nomen,
2464 5221 2791 5295 dignitatem
2839 5236 3023 5283 autem
3067 5246 3097 5284 a
3153 5231 3266 5288 Deo
3311 5251 3435 5293 esse

1856 5327 2142 5385 naturam;
2165 5332 2273 5373 non
2295 5317 2442 5371 enim
2468 5318 2801 5387 acquisitum
2827 5322 3120 5391 quemdam
3138 5326 3435 5393 amictum;

1854 5411 2015 5465 vobis
2040 5426 2174 5465 vero
2202 5426 2311 5464 non
2357 5408 2452 5473 ita,
2481 5416 2543 5462 ut
2593 5410 2787 5479 liquet,
2815 5411 3035 5467 videtur
3060 5429 3073 5465 :
3100 5415 3268 5473 dicite
3303 5434 3439 5490 ergo

1855 5504 1989 5575 quid
2030 5504 2252 5560 tandem
2284 5517 2385 5558 nos
2416 5502 2601 5558 velitis
2630 5518 2858 5558 censere
2882 5503 2950 5560 de
2973 5520 3103 5560 vera
3121 5505 3326 5564 Christi
3349 5511 3439 5565 div

1856 5598 2062 5669 gnitate
2108 5606 2166 5651 et
2218 5605 2526 5667 potestate,
2572 5596 2705 5667 quid
2754 5596 2822 5651 de
2880 5613 3014 5654 vero
3054 5601 3278 5657 nomine
3337 5620 3417 5657 τε

1858 5690 2097 5745 sciamus
2129 5705 2199 5744 an
2248 5705 2360 5744 non
2410 5691 2817 5760 quammasime
2875 5699 3097 5760 praestet
3148 5693 3297 5764 quod
3335 5707 3437 5748 nos

1856 5781 2096 5837 dicimus
2120 5780 2380 5836 omnibus
2408 5796 2529 5851 qua:
2563 5797 2593 5834 a
2634 5780 2793 5835 vobis
2838 5781 3122 5849 dicuntur,
3162 5784 3433 5854 siquidem

1859 5874 2068 5943 speciesl
2104 5873 2197 5928 illa
2222 5889 2332 5928 non
2365 5881 2629 5928 mutatur.
2666 5872 2759 5930 Sic
2782 5874 2930 5929 enim
2963 5874 3144 5931 omnis
3167 5875 3333 5934 homo
3360 5877 3431 5932 ab

2938 5965 3015 6025 Ῐιτ
