4032 6546
512 432 650 500 1483

504 547 660 604 omni
731 542 958 600 homine
1016 555 1218 613 genere
1269 537 1525 594 diﬂ‘erret
1575 549 1591 588 :

506 645 824 698 sam-torum
849 636 1094 690 virorum
1143 631 1377 688 similem
1415 643 1537 685 esse
1570 626 1884 691 Christum,
1918 637 2088 695 quem

506 745 610 785 nos
626 743 821 784 verum
847 727 1021 782 Deum
1042 734 1099 780 et
1126 723 1222 778 Dei
1247 721 1486 776 viventis
1516 717 1713 773 Filium
1738 715 2086 780 conﬁtemur,

510 819 859 892 supponitis?
887 814 1240 873 Audiendum
1265 826 1398 882 ergo
1418 807 1694 880 quomodo
1723 806 1812 862 hic
1844 807 1900 860 in
1924 805 2089 861 Chri-

509 925 596 969 sto
612 911 1010 984 dignationem,
1040 921 1151 962 non
1185 911 1371 960 autem
1409 900 1715 956 naturalem
1737 897 2089 967 compesitio-

510 1019 636 1058 nem
673 1016 795 1058 esse
821 997 1085 1070 arguatis,
1109 995 1205 1066 qui
1227 993 1548 1064 dignitatem
1570 1006 1638 1046 ex
1663 989 1949 1044 voluntate
1966 1003 2090 1043 esse

512 1095 719 1149 dicitis.
751 1090 1022 1159 Quoniam
1044 1087 1251 1144 etenim
1276 1101 1344 1140 ex
1365 1081 1753 1138 benevolentia
1785 1087 1914 1135 sunt
1939 1087 1992 1134 et
2023 1094 2088 1134 ea

512 1187 630 1257 ipsa
667 1199 794 1255 qua:
823 1183 890 1238 ad
921 1179 1357 1236 incarnationem
1389 1174 1687 1246 pertinent,
1729 1170 1857 1226 ideo
1895 1170 2088 1240 digna-

511 1279 591 1334 tio
606 1275 854 1348 quaadam
877 1273 986 1329 erit
1000 1287 1163 1326 omne
1193 1269 1423 1324 donum.
1450 1265 1556 1321 Sed
1575 1263 1642 1319 ad
1671 1263 1788 1318 haec
1813 1260 2086 1320 dicimus:

512 1370 652 1438 Quia
697 1367 1020 1439 dignitatem
1070 1359 1416 1418 arbitramini
1459 1358 1731 1418 honorem
1791 1352 2086 1424 quemdam

509 1478 632 1518 esse
659 1477 728 1517 ex
752 1475 820 1516 eo
845 1456 991 1529 quod
1012 1471 1082 1511 ex.
1104 1453 1390 1510 voluntate
1419 1449 1584 1504 detur
1607 1465 1623 1512 ;
1643 1457 2090 1517 reponemusnos

509 1563 654 1610 ictus
677 1565 895 1622 quoque
925 1554 982 1604 et
1010 1554 1234 1602 catenas
1265 1550 1323 1598 et
1355 1540 1589 1596 mulctas
1615 1537 1800 1609 pravis
1825 1535 2003 1592 servis
2035 1542 2092 1589 et

509 1644 726 1700 civibus
747 1656 814 1695 ex
842 1639 1124 1694 voluntate
1158 1650 1189 1688 a
1221 1631 1460 1688 dominis
1492 1638 1548 1685 et
1570 1627 1986 1700 magistratibus
2009 1626 2092 1681 in-

509 1733 622 1805 ﬂigi
656 1749 670 1787 :
697 1731 843 1788 unde
862 1745 932 1785 ex
958 1726 1159 1784 vestris
1193 1722 1514 1789 sententiis,
1541 1720 1672 1792 quia
1704 1735 1775 1774 ex
1801 1718 2090 1774 voluntate

507 1823 854 1896 procedant,
901 1834 1082 1892 poena:
1140 1818 1272 1888 ipsa:
1328 1812 1673 1886 dignationes
1723 1824 1846 1866 esse
1897 1822 2091 1863 cense-

508 1917 738 1972 buntur.
773 1915 963 1985 Neque
992 1910 1262 1966 recusetis
1293 1909 1410 1964 haec
1437 1905 1753 1963 obnimiam
1775 1901 2093 1958 absurdita-

510 2020 622 2067 tem
648 2010 858 2075 dicere,
890 2005 1201 2078 pmsertim
1255 2003 1408 2074 quia,
1457 2017 1582 2057 cum
1621 1999 1884 2071 ponimus
1926 2004 2094 2052 natu-

508 2104 682 2160 ralem
717 2101 1004 2165 unionem,
1035 2097 1083 2153 si
1128 2096 1444 2152 diceremus
1471 2109 1593 2149 eam
1623 2108 1735 2147 non
1766 2105 1834 2146 ex
1854 2090 2096 2145 benevo-

507 2195 678 2250 lentia
715 2202 772 2249 et
813 2190 1160 2250 humanitate
1192 2201 1314 2243 esse
1343 2184 1536 2256 Optimi
1572 2183 1693 2248 Dei,
1741 2167 1855 2236 non
1887 2181 2094 2236 absone

507 2281 856 2339 allirmaretis
906 2295 1017 2335 non
1063 2292 1185 2333 esse
1232 2276 1518 2338 unionem,
1574 2286 1700 2326 cum
1740 2285 1852 2324 non
1889 2283 1959 2323 ex
1981 2266 2094 2322 Dei

508 2375 891 2433 benevolentia
946 2369 1254 2427 incarnatio
1281 2366 1642 2438 procederet;
1701 2377 1850 2418 nunc
1909 2369 2094 2416 autem

509 2467 676 2523 altius
696 2478 861 2536 quam
885 2476 986 2517 vos
1031 2460 1135 2531 ipsi
1169 2452 1472 2513 clamamus
1514 2455 1816 2510 maximum
1845 2465 1967 2507 esse
1997 2450 2096 2506 bo-

508 2556 701 2616 nitatis
745 2560 1130 2624 argumentum
1185 2549 1334 2619 quod
1389 2545 1709 2618 huiusmodi
1766 2543 1901 2600 unio
1925 2545 1999 2600 sit
2027 2558 2095 2599 ex

509 2645 898 2705 benevolentia
933 2661 947 2697 :
983 2642 1158 2713 probe
1193 2638 1403 2696 etenim
1429 2638 1635 2693 scimus
1688 2653 1804 2693 non
1855 2635 2096 2692 invidio-

510 2754 634 2796 sum
683 2751 807 2792 esse
834 2733 1055 2790 Numen
1091 2731 1344 2804 divinum
1393 2728 1542 2798 quod
1575 2729 1737 2784 nobis
1767 2743 1879 2784 non
1914 2727 2092 2783 solum

507 2839 857 2884 communem
891 2828 988 2877 aut
1015 2819 1303 2892 profanam
1329 2818 1604 2874 concessit
1625 2818 1966 2890 dignitatem,
1994 2815 2093 2872 sed

509 2916 818 2974 naturalem
856 2925 912 2970 et
959 2912 1201 2985 ingentis
1240 2911 1448 2983 pretii:
1476 2925 1587 2965 non
1617 2908 1766 2965 enim
1799 2906 1949 2962 aliud
1989 2905 2095 2961 δοες

508 3023 665 3074 num,
709 3005 806 3062 sed
840 3005 1084 3076 seipsum
1142 3004 1307 3060 nobis
1354 3001 1652 3058 concessit.
1703 3000 1863 3068 Quod
1900 2999 1948 3054 si
1983 3013 2091 3070 qua

508 3110 708 3155 natura
739 3098 911 3154 ditior
957 3105 1054 3152 aut
1082 3097 1281 3151 melior
1307 3101 1490 3166 potest
1533 3093 1750 3163 concipi
1780 3107 1946 3163 quam
1992 3090 2091 3147 Dei

511 3199 732 3256 natura,
758 3189 816 3245 id
853 3188 1018 3245 nobis
1047 3187 1218 3243 dicite
1242 3194 1300 3243 et
1319 3186 1475 3242 vobis
1501 3183 1932 3240 consentiemus.

584 3369 694 3426 Sed
743 3367 1030 3438 quoniam,
1067 3365 1157 3422 his
1177 3365 1335 3433 victi,
1387 3365 1569 3421 adhuc
1614 3370 1800 3420 autem
1843 3371 2093 3421 extremo

512 3459 712 3532 Spiritu
747 3459 1108 3521 reluctantes,
1129 3471 1273 3511 verae
1302 3455 1522 3526 pietatis
1553 3453 1795 3510 sermoni
1825 3468 1938 3508 non
1962 3468 2096 3510 con-

514 3552 754 3617 sentitis,
778 3551 872 3606 sed
890 3551 1052 3606 nobis
1071 3549 1352 3604 allirmatis
1366 3547 1785 3619 impeccantiam
1802 3545 2094 3617 in,Christo

514 3646 749 3702 Domino
777 3653 969 3698 nostro
997 3641 1219 3697 unionis
1240 3655 1350 3695 non
1389 3654 1510 3695 esse
1539 3639 1778 3710 signum,
1799 3638 1855 3692 id
1874 3650 2094 3708 quoque

493 3732 801 3794 'vobiscum
831 3734 1197 3806 inquiremus.
1221 3732 1282 3787 In
1303 3731 1507 3802 quibus
1528 3740 1772 3802 potestas
1804 3731 2092 3801 peccandi,

515 3831 574 3885 in
599 3829 710 3884 illis
733 3828 1003 3882 miramur
1036 3824 1456 3895 impeccantiam
1490 3839 1504 3876 :
1540 3839 1652 3878 non
1694 3824 1842 3879 enim
1883 3822 2096 3892 simpli-

511 3921 655 3978 citer
688 3919 984 3975 dicendum
1014 3915 1164 3988 quod
1204 3914 1567 3986 impeccantia
1613 3913 1687 3970 sit
1729 3912 2094 3968 admiratione

513 4015 700 4085 digna.
731 4012 1028 4067 Videamus
1053 4024 1188 4081 ergo
1212 4007 1360 4064 unde
1393 4015 1679 4078 peccatum
1715 4024 1728 4062 :
1769 4021 1953 4062 nonne
1977 4005 2095 4061 evi-

512 4103 711 4157 denter
769 4116 838 4155 εκ
873 4099 1130 4154 libertate
1197 4097 1431 4169 singulis
1479 4096 1798 4152 hominibus
1845 4097 2090 4167 propria,

511 4189 978 4262 quemadmodum
1003 4197 1060 4243 et
1078 4187 1332 4259 iustitia?
1356 4186 1465 4241 nisi
1495 4186 1646 4240 enim
1665 4201 1735 4241 ex
1757 4186 2012 4241 libertate
2037 4195 2093 4241 et

511 4279 785 4337 electione
816 4287 1040 4348 peccata
1066 4287 1124 4332 et
1153 4276 1404 4347 iustitiae,
1425 4285 1488 4330 ut
1511 4276 1697 4330 omnia
1711 4285 1911 4331 cetera
1931 4278 2094 4331 omit-

513 4381 731 4438 tamus,
786 4371 1022 4442 injustus
1053 4379 1200 4424 esset
1250 4368 1505 4439 quisquis
1545 4383 1673 4424 eum
1729 4368 1952 4438 puniret
1995 4367 2091 4438 qui

511 4464 722 4534 absque
771 4462 1032 4516 libertate
1069 4467 1394 4532 peccasset,
1428 4467 1525 4514 aut
1552 4458 1808 4514 mercede
1851 4455 2104 4515 alliceret

1743 419 2053 481 LEONTII
2092 418 2498 481 BYZANTINI
2704 491 2713 500 ,

1643 534 1865 588 cuinam
1916 532 2087 602 igitur

2192 530 2300 593 πᾶς
2323 529 2419 584 ἄνθ
2428 544 2606 599 ρωπος
2628 526 2832 592 παντὸς
2852 525 3144 599 ἀνθρώπου
3169 523 3510 596 ὲτεροούσιος
3534 523 3760 592 γένοιτο,

2111 3220 2158 3282 C

3627 413 3758 477 1484

2191 622 2337 676 κατὰ
2399 621 2523 675 τίνα
2566 615 2706 675 εἶναι
2747 620 2858 674 τῶν
2885 620 3046 674 ὁσίων
3074 616 3381 688 ἀνθρώπων
3410 619 3504 670 τὸν
3534 617 3764 688 Χριστὸν

2191 713 2326 781 ἡμῖν
2352 710 2446 764 τὸν
2471 710 2638 774 ὅντως
2656 709 2793 764 θεὸν
2814 709 2910 762 καὶ
2939 709 3069 762 Υίδν
3099 705 3237 760 Θεοῦ
3262 705 3465 770 ζῶντος
3485 705 3763 778 ὡμολογη-

2194 803 2355 874 μένον
2379 801 2730 868 ὐποτίθεσθε;
2760 802 3014 856 Ἐνεστιν
3031 800 3126 855 οῦν
3147 799 3442 869 ἀκηκοέναι
3456 797 3766 863 ὃπωςάξίαν

2189 893 2330 950 εἶναι
2359 894 2453 949 καὶ
2489 894 2551 948 οὐ
2599 893 2866 947 σύνθεσιν
2899 892 3138 964 φυσικὴν
3165 889 3370 961 ταύτην
3399 888 3494 942 ἐπὶ
3532 887 3764 958 Χριστοῦ

2190 983 2638 1050 κατασκευάζετε
2693 983 2970 1053 λέγοντες,
3011 983 3087 1047 ὡς
3116 983 3150 1053 ή
3203 981 3334 1048 ἀξία
3381 982 3448 1034 ὲκ
3496 979 3766 1049 θελήσεως

2192 1076 2418 1133 δίδοται.
2475 1075 2630 1130 Ἐπεὶ
2661 1071 2754 1131 οὖν
2814 1073 3039 1146 εὐδοκία
3065 1074 3360 1143 γεγένηται
3429 1071 3528 1128 καὶ
3554 1075 3626 1126 τά
3667 1073 3768 1140 τῆς

2190 1167 2510 1238 οἰκονομίας
2529 1204 2545 1230 ,
2572 1167 2797 1231 πάντως
2827 1165 2957 1230 ἀξία
2988 1183 3075 1230 τις
3111 1166 3267 1220 ἔσται
3295 1164 3359 1218 τδ
3385 1164 3563 1219 δοθέν.
3610 1163 3770 1216 Ἀλλ-ἰ

2189 1258 2288 1312 καὶ
2315 1257 2456 1328 πρὸς
2480 1255 2640 1311 τοῦτό
2673 1273 2856 1327 φαμεν
2879 1271 2898 1287 ·
2926 1256 3011 1311 ὅτι
3042 1255 3145 1325 μὲν
3181 1257 3259 1318 ὡς
3305 1256 3472 1327 τιμήν
3502 1271 3628 1310 τινα
3659 1255 3768 1308 olis-

2192 1349 2285 1402 σθε
2313 1351 2412 1420 την
2437 1348 2597 1415 ἀξίαν
2628 1348 2719 1403 διὰ
2747 1348 2810 1402 τὸ
2840 1349 2907 1402 ὲκ
2931 1348 3203 1421 θελήσεως
3230 1347 3501 1411 δεδόσθαι,
3535 1347 3770 1420 ἐροῦμεν

2191 1441 2321 1510 ὑμῖν
2369 1440 2452 1494 ὅτι
2501 1438 2598 1492 καὶ
2642 1438 2853 1508 πληγαὶ
2911 1439 3007 1492 καὶ
3069 1437 3231 1490 πέδαι
3269 1435 3366 1491 καὶ
3409 1435 3634 1506 ἀτιμίαι
3661 1438 3771 1498 τοῖς

2191 1529 2524 1602 κακούργοις
2580 1529 2823 1593 οίκέταις
2857 1532 2956 1583 καὶ
2998 1528 3262 1600 δημόταις
3298 1529 3364 1582 ὲκ
3395 1528 3671 1600 θελησεως
3693 1529 3772 1581 δί-

2189 1624 2372 1677 δονται
2400 1621 2512 1676 τῶν
2536 1621 2757 1676 οἰκείων
2783 1621 3068 1693 ἀρχόντων
3095 1622 3192 1677 κα)⁸
3213 1620 3494 1676 δεσποτῶν
3514 1639 3528 1653 ·
3565 1621 3646 1693 τῷ
3678 1617 3770 1678 οῦν

2189 1716 2317 1771 καθ’
2351 1716 2499 1787 ὑμᾶς
2522 1715 2672 1787 λόγῳ
2696 1715 2817 1769 ἐπεὶ
2843 1715 2910 1769 ὲκ
2943 1714 3220 1786 θελήσεώς
3266 1715 3386 1769 έστι
3415 1714 3596 1769 ταῦτα
3625 1714 3771 1769 δεδο-

2197 1808 2353 1880 μένα,
2402 1807 2553 1873 ἀξίαι
2607 1806 3026 1878 λογισθήσονται
3089 1807 3186 1861 καὶ
3236 1807 3420 1877 τιμαί.
3450 1808 3546 1877 Μὴ
3572 1806 3632 1860 δὲ
3663 1807 3770 1878 γάρ

2195 1901 2354 1956 τοῦτο
2386 1901 2516 1971 ὑμῖν
2545 1902 2626 1966 είς
2671 1899 2902 1954 ἀτοπίαν
2948 1899 3132 1971 πλήρη
3172 1899 3510 1973 παροράσθω
3541 1899 3722 1969 λέγειν
3753 1917 3769 1930 ο

2195 1993 2373 2058 ἄλλως
2408 2010 2468 2046 τε
2502 1994 2552 2046 εί
2587 1992 2855 2063 λεγόντων
2882 1991 3042 2063 ἡμῶν
3071 1992 3172 2064 τὴν
3218 1993 3461 2065 φυσικὴν
3494 1993 3769 2055 σύνθεσιν,

2200 2083 2276 2156 μὴ
2303 2085 2428 2138 κατ’
2459 2084 2710 2138 εὐδοκίαν
2732 2083 2828 2137 καὶ
2859 2081 3274 2155 φιλανθρωπίαν
3302 2083 3470 2136 αὐτοῦ
3502 2083 3599 2157 τοῦ
3641 2102 3776 2146 πανο

2195 2175 2402 2245 αγάθου
2460 2174 2598 2230 Θεοῦ
2652 2175 2861 2246 ταύτην
2915 2174 3127 2245 ἔφαμεν
3172 2173 3451 2244 γενέσθαι,
3481 2175 3660 2246 εἴχετε
3710 2175 3777 2228 ἀν

2195 2269 2346 2333 είκὸς
2377 2269 2446 2323 ὲκ
2472 2267 2568 2322 τοῦ
2595 2267 2675 2340 μὴ
2704 2267 2828 2322 κατ’
2862 2266 3108 2322 εὐδοκίαν
3137 2261 3277 2322 εἶναι
3308 2267 3410 2338 τὴν
3435 2267 3773 2338 οἰκονομίαν,

2198 2361 2276 2435 μὴ
2308 2360 2562 2416 σύνθεσιν
2614 2355 2772 2418 εῖναι,
2805 2357 3256 2414 διαϐεϐαιοῦσθαι
3295 2375 3310 2390 ·
3345 2357 3442 2412 νῦν
3503 2359 3566 2412 δὲ
3618 2357 3778 2411 τοῦτο

2193 2455 2328 2512 αὐτὸ
2385 2452 2746 2524 ὐπερϐοῶμεν
2781 2450 2938 2524 ὑμῶν
2981 2451 3059 2516 ὡς
3088 2450 3429 2522 ἀγαθότητος
3464 2450 3776 2522 ἀκροτάτην

2194 2547 2419 2616 ἔνδειξιν
2476 2545 2615 2617 ἔχει,
2642 2544 2706 2598 τὸ
2770 2543 2892 2598 κατ’
2921 2543 3172 2598 εὐδοκίαν
3230 2539 3371 2596 εἶναι
3416 2543 3518 2613 τὴν
3564 2542 3773 2596 τοιάνδε

2195 2639 2488 2694 σύνθεσινο
2517 2635 2695 2700 οὕτως
2738 2633 2848 2706 γάρ
2911 2633 3071 2706 ἴσμεν
3118 2632 3401 2697 παντελῶς
3449 2633 3685 2704 ἄφθονον
3711 2635 3774 2687 τὸ

2199 2729 2375 2796 Θεῖον,
2410 2727 2488 2792 ὠς
2547 2726 2795 2781 εὐδοκεῖν
2831 2726 2893 2780 οὐ
2923 2724 3339 2797 συμϐεϐηκυίας
3392 2725 3515 2779 οὐδὲ
3558 2726 3774 2779 ἀνοσίου

2191 2821 2338 2885 τινὸς
2371 2819 2529 2886 ἀξίας
2574 2817 2900 2892 μεταδοῦναι
2952 2820 3086 2890 ἡμῖν
3123 2818 3319 2890 μόνον’,
3348 2817 3488 2873 ἀλλά
3533 2820 3770 2890 φυσικῆς

2193 2911 2292 2968 καὶ
2321 2911 2555 2984 ταύτης,
2591 2913 2653 2966 οὐ
2687 2912 2788 2982 τῆς
2815 2910 3088 2983 τυχούσης
3110 2928 3126 2944 °
3153 2912 3252 2983 οὐχ
3279 2911 3470 2984 ἐτέρου
3495 2913 3610 2984 γὰρ
3633 2913 3771 2980 ἀγα-

2195 3005 2316 3070 θοῦ,
2348 3004 2465 3060 ἀλλ’
2493 3003 2689 3060 ἑαυτοῦ
2733 3006 2871 3076 ἡμῖν
2903 3004 3017 3069 τοῖς
3053 3003 3220 3060 αὐτοῦ
3262 3004 3639 3075 μεταδέδωκεν
3671 3021 3686 3035 ο
3714 2999 3777 3059 οὐ

2189 3099 2246 3154 τί
2274 3098 2342 3154 ἂν
2380 3100 2466 3168 εῐη
2490 3098 2680 3152 λοιπὸν
2723 3100 2826 3169 τὴν
2869 3096 3085 3152 οἱανοῦν
3126 3097 3288 3167 φύσιν
3317 3097 3716 3169 ἀφθονωτέραν
3743 3099 3777 3170 ῆ

2191 3188 2554 3260 ἀγαθωτέραν
2583 3187 2723 3242 Θεοῦ
2753 3188 2958 3243 ἐννοεῖν
2984 3186 3326 3260 συγχωροῦν,
3350 3187 3543 3243 εἴπατε
3575 3188 3802 3260 ὑμεῖς,’

2196 3283 2292 3337 καὶ
2325 3283 2384 3335 έν
2411 3280 2595 3352 τούτῳ
2625 3280 2757 3350 ὑμῖν
2778 3281 3242 3352 συμφωνήσομεν.

2277 3373 2416 3428 Ἀλλ’
2455 3371 2580 3426 ἐπεὶ
2631 3371 2729 3426 καὶ
2785 3370 2922 3443 πρὸς
2984 3371 3144 3425 τοῦτο
3201 3369 3642 3442 καταϐληθέντες
3693 3369 3778 3424 ἔτι

2194 3463 2629 3538 ψυχορῤαγικῶς
2656 3464 3028 3536 ἀσπαίροντες
3057 3463 3159 3518 οὐκ
3187 3463 3457 3518 ένδιδόατε
3483 3462 3562 3533 τῷ
3583 3463 3782 3534 ἀληθεῖ

2193 3551 2294 3622 τῆς
2364 3551 2654 3616 εὐσεϐείας
2707 3549 2894 3622 λόγῳ,
2929 3551 3066 3606 ἀλλά
3119 3550 3217 3605 καὶ
3269 3551 3332 3605 τὸ
3387 3543 3779 3622 ἀναμάρτητον

2198 3644 2336 3714 ἡμῖν
2365 3641 2428 3696 οὐ
2453 3641 2608 3707 θείας
2631 3642 2884 3708 ἑνώσεως
2913 3637 3058 3697 εἶναι
3096 3641 3370 3713 σύμϐολον
3402 3644 3496 3697 ἐπὶ
3543 3643 3640 3696 τοῦ
3671 3647 3778 3697 Δε-

2196 3734 2400 3790 σπότου
2467 3735 2628 3806 ἡμῶν
2687 3733 2928 3807 Χριστοῦ
2985 3733 3423 3798 διαϐεϐαιοῦσθε,
3458 3736 3555 3789 καὶ
3613 3735 3780 3789 τοῦτο

2195 3827 2327 3897 ὑμῖν
2357 3824 2807 3897 συνεξετάσομεν.
2851 3825 2940 3880 Ἐν
2970 3822 3052 3890 οἷς
3082 3825 3184 3896 μὲν
3214 3821 3307 3881 οῦν
3333 3827 3453 3881 ἐστι
3485 3826 3546 3880 τὸ
3589 3828 3778 3897 ἀμαρ-

2193 3917 2403 3985 τάνειν,
2425 3919 2484 3972 ὲν
2517 3916 2729 3984 τούτοις
2751 3917 3097 3990 θαυμάζεται
3122 3919 3216 3973 καὶ
3239 3919 3300 3973 τὸ
3337 3920 3730 3993 ἀναμάρτητον
3759 3935 3777 3951 ο

2194 4006 2320 4060 ἐπεὶ
2351 4006 2476 4060 οὐδὲ
2505 4007 2710 4078 κυρίως
2741 4008 3031 4062 ἐπαινετὸν
3053 4008 3236 4078 λέγειν
3268 4010 3332 4064 τὸ
3363 4012 3776 4082 ἀναμάρτητον.

2188 4098 2354 4180 ,Τίνος
2382 4097 2477 4154 οῦν
2525 4098 2728 4170 ἴδωμεν
2751 4101 2786 4172 ἠ
2825 4099 3088 4172 ἁμαρτία,
3113 4100 3147 4173 ἢ
3177 4100 3336 4174 δῆλον
3364 4102 3443 4168 ὡς
3471 4103 3568 4157 τοῦ
3605 4104 3774 4159 καθέ-

2195 4205 2400 4243 καστον
2452 4188 2564 4244 τῶν
2613 4188 2919 4261 ἀνθρώπων
2960 4187 3353 4259 αὐτεξουσίως
3417 4193 3609 4249 τούτου
3662 4198 3778 4268 γὰρ

2193 4281 2349 4351 καὶὴ
2383 4279 2698 4352 δικαιοσύνη
2723 4298 2738 4313 ·
2780 4282 2831 4336 εί
2854 4283 2965 4355 γάρ
3004 4283 3079 4357 μὴ
3112 4283 3207 4338 τοῦ
3258 4285 3403 4341 κατά
3446 4288 3775 4361 προαίρεσιν

2195 4373 2293 4426 καὶ
2315 4372 2402 4441 ἐφ’
2431 4375 2568 4446 ἡμῖν
2599 4377 2654 4430 αι
2688 4376 2961 4448 ἁμαρτίαι
2988 4394 3052 4431 τε
3077 4377 3175 4431 καὶ
3198 4378 3255 4432 at
3278 4378 3648 4448 δικαιοσύναι,
3681 4382 3773 4435 ἵνα

2196 4463 2378 4518 πάντα
2408 4463 2864 4537 παραλείψωμεν,
2895 4466 3081 4530 ἄδικος
3108 4467 3137 4520 ό
3167 4467 3415 4533 κολάζων
3443 4470 3538 4524 τόν
3567 4487 3628 4525 τε
3667 4471 3774 4525 οὐκ

511 4569 640 4611 eum
671 4551 768 4624 qui
796 4565 910 4606 non
941 4564 1010 4605 ex
1052 4565 1111 4606 se
1167 4549 1309 4605 bene
1344 4549 1571 4620 egisset.
1587 4547 1746 4616 Quod
1801 4548 1846 4603 si
1881 4548 2087 4619 absque

2193 4553 2254 4621 ἐξ
2301 4555 2495 4610 ἑαυτοῦ
2548 4556 2956 4629 ἁμαρτάνοντα,
2988 4561 3081 4613 καὶ
3111 4562 3388 4634 γεραίρων
3422 4565 3516 4618 τὸν
3548 4564 3653 4619 οὐκ
3673 4567 3772 4636 ἀφ’

512 4648 684 4704 dubio
715 4655 772 4702 et
801 4655 1088 4718 peccatum
1123 4652 1180 4700 et
1203 4643 1420 4716 justitia
1472 4659 1543 4700 ex
1569 4643 1828 4698 libertate
1879 4651 2088 4698 naturae

511 4748 715 4795 nostra:
743 4737 990 4810 propria,
1035 4735 1400 4807 impeccantia
1424 4750 1559 4791 vero
1585 4736 1702 4791 sive
1728 4735 1945 4808 justitia
1979 4734 2087 4788 Do-

511 4833 650 4888 mini
675 4831 1010 4888 nostriJesu
1041 4828 1249 4885 Christi
1276 4844 1306 4884 a
1340 4828 1552 4900 Spiritu
1598 4837 1791 4885 sancto
1819 4843 1941 4884 esse
1966 4843 2091 4898 per-

514 4925 762 4990 hibetur,
821 4937 1048 4978 necesse
1095 4929 1268 4977 estut
1321 4920 1695 4977 conﬁteamini
1739 4920 1796 4975 in
1825 4921 1946 4993 ejus
1993 4935 2091 4991 po-

515 5025 713 5074 testate
745 5015 914 5070 fuisse
965 5013 1114 5084 quod
1138 5015 1322 5086 justus
1363 5013 1574 5077 fuerit,
1622 5012 1767 5069 sicut
1808 5012 1865 5068 in
1902 5019 2090 5067 nostra

514 5119 602 5166 est
633 5115 927 5178 potestate.
949 5104 1009 5160 Si
1039 5115 1228 5161 autem
1258 5104 1314 5160 id
1355 5104 1504 5175 quod
1552 5105 1611 5161 in
1649 5113 1850 5159 nostra:
1891 5103 2092 5158 anima:

514 5208 785 5270 potestate
804 5207 889 5254 est
921 5207 977 5254 et
998 5199 1226 5270 iustitiae
1253 5208 1456 5254 nostrae
1476 5211 1662 5260 causa,
1677 5197 1732 5251 in
1755 5195 1960 5252 Christi
1988 5212 2089 5252 na-

514 5301 641 5346 tura
663 5291 832 5346 fuisse
850 5291 1056 5346 scimus
1099 5290 1367 5362 Spiritum
1397 5299 1670 5364 sanctum,
1699 5290 1795 5360 qui
1818 5305 1982 5345 verus
2007 5297 2092 5345 est

516 5382 975 5453 Deus,quomodo
1005 5382 1441 5449 evidentissime,
1468 5383 1597 5440 licet
1616 5381 1796 5449 inviti,
1820 5397 1932 5438 non
1955 5397 2090 5437 con-

512 5475 710 5532 ceditis
761 5474 1003 5531 divinam
1045 5483 1298 5531 naturam
1347 5476 1402 5531 in
1437 5475 1656 5532 Christo
1694 5491 1794 5546 per
1825 5475 2088 5546 Spiritum

511 5573 762 5622 sane-tum
802 5563 1010 5621 fuisse?
1047 5567 1141 5636 qui
1186 5582 1365 5637 nuper
1393 5581 1560 5637 prave
1597 5565 1886 5636 ponebatis
1933 5565 2085 5620 illum

511 5657 676 5714 nobis
706 5658 944 5714 similem
993 5673 1154 5724 esse,
1229 5673 1379 5713 nunc
1431 5672 1564 5711 vero
1600 5655 1658 5710 in
1705 5656 1842 5712 facie
1893 5657 1963 5712 ab
2021 5673 2088 5713 eo

511 5750 775 5817 convicti,
823 5766 952 5806 eum
985 5765 1153 5820 super
1199 5764 1301 5804 nos
1333 5763 1454 5802 esse
1483 5746 1687 5803 deb'ere
1721 5749 1950 5820 intelligi
1993 5748 2086 5820 qui

510 5843 674 5901 nobis
713 5843 912 5900 similis
958 5841 1270 5898 videbatur.
1307 5840 1465 5908 Quod
1511 5842 1719 5897 etenim
1767 5841 1975 5910 partito
2031 5841 2088 5897 in

2190 4648 2386 4703 ἐαυτοῦ
2444 4648 2967 4721 δικαιοπραγοῦντα.
2999 4653 3065 4708 Εί
3108 4649 3203 4708 οὖν
3259 4654 3702 4728 ὡμολογημένως
3730 4662 3766 4730 ἠ

2190 4742 2437 4814 ἁμαρτία
2489 4759 2556 4796 τε
2586 4742 2684 4797 καὶ
2717 4743 2751 4814 ή
2785 4743 3102 4815 δικαιοσύνη
3133 4745 3198 4799 ὲκ
3240 4746 3338 4800 τοῦ
3372 4748 3459 4816 ἐφ’
3480 4750 3649 4820 ἡμῖν,
3675 4753 3771 4805 καὶ

2189 4832 2287 4887 τοῦ
2335 4833 2480 4889 κατά
2519 4834 2684 4904 φύσιν
2721 4835 2882 4907 ἡμῶν
2910 4834 3286 4904 αὐτεξουσίου,
3315 4837 3378 4891 τὸ
3414 4838 3473 4892 δὲ
3514 4839 3770 4912 ἀναμάρ-

2195 4941 2360 4999 τητον
2409 4927 2580 4999 ἤγουν
2633 4927 2842 4982 δίκαιον
2898 4927 2992 4982 τοῦ
3049 4931 3324 4984 Δεσπότου
3376 4930 3537 5001 ἡμῶν
3592 4933 3771 5004 Ἰησοῦ

2189 5018 2426 5092 Χριστοῦ
2475 5022 2542 5074 έκ
2605 5020 2927 5092 Πνεύματος
2979 5022 3138 5090 ἀγίου
3201 5023 3643 5096 μεμαρτύρηται,
3679 5027 3773 5080 καὶ

2191 5109 2324 5181 ὑμῖν
2376 5110 2589 5182 ἀνάγκη
2653 5112 2771 5166 ἐστὶ
2824 5111 2985 5167 τοῦτο
3008 5109 3148 5167 εἶναι
3180 5113 3365 5181 αὐτοῦ,
3392 5114 3457 5168 τὸ
3508 5117 3772 5184 αὐτεξού-

2195 5219 2335 5268 σιον,
2371 5200 2430 5267 ἐξ
2490 5195 2665 5273 οὗπερ
2725 5202 3016 5274 ἐδικαιώθη
3053 5218 3068 5233 ⁸
3103 5202 3291 5276 ὥσπερ
3353 5207 3451 5259 καὶ
3505 5208 3671 5277 ἡμεῖς
3709 5211 3772 5261 ὲκ

2192 5291 2290 5346 τοῦ
2330 5292 2449 5347 καθ’
2474 5294 2623 5364 ἡμᾶς
2670 5291 3042 5358 αὐτεξουσίου.
3079 5294 3142 5350 Εἰ
3169 5295 3227 5350 δὲ
3261 5297 3401 5368 ὅπερ
3442 5297 3540 5368 τῆς
3569 5299 3774 5368 ἡμετέ-

2195 5401 2294 5455 ρας
2341 5382 2557 5452 φύσεὼς
2596 5385 2718 5438 ἐστι
2768 5383 3119 5450 αὐτεξούσιον
3156 5387 3251 5440 καὶ
3281 5386 3383 5458 τῆς
3417 5388 3775 5462 δικαιοσύνης

2190 5474 2349 5546 ἡμῶν
2373 5476 2568 5541 αίτιον,
2603 5477 2765 5530 τοῦτο
2789 5475 2891 5548 τῆς
2929 5477 3168 5547 Χριστοῦ
3195 5477 3410 5546 φύσεως
3439 5479 3602 5550 ἴσμεν
3631 5476 3773 5535 εἶναι

2189 5563 2251 5617 τὸ
2288 5564 2516 5635 Πνεῦμα
2561 5565 2624 5618 τὸ
2667 5565 2846 5635 ἅγιον,
2881 5565 3038 5619 τοῦτο
3075 5566 3130 5619 δὲ
3166 5566 3386 5637 ἀληθῶς
3411 5567 3542 5632 Θεὸς
3578 5569 3767 5638 ἀληθι-

2191 5655 2302 5721 νὸς,
2324 5656 2440 5720 πῶς
2458 5658 2580 5729 οὐχὶ
2607 5658 2924 5728 σαφέστατα
2943 5660 3076 5731 ἡμῖν
3094 5699 3110 5724 ,
3129 5659 3220 5712 καὶ
3237 5662 3482 5726 ἄκοντες,
3505 5661 3608 5731 τὴν
3619 5662 3770 5714 θείαν

2189 5749 2352 5818 φύσιν
2387 5748 2478 5802 διὰ
2505 5749 2598 5804 τοῦ
2624 5749 2941 5821 Πνεύματος
2964 5752 3024 5804 ὲν
3054 5751 3276 5823 Χριστῷ
3300 5747 3440 5806 εἶναι
3460 5751 3767 5818 δεδώκατε;

2188 5843 2237 5895 oi
2276 5841 2468 5914 πρώην
2519 5841 2620 5912 μὲν
2651 5843 3132 5914 ὑπολαμϐάνοντες
3159 5843 3393 5915 ἀνομίαν
3420 5884 3436 5911 ,
3467 5844 3548 5899 δτι
3577 5844 3769 5915 ὅμοιός
