4032 6542
514 437 646 503 1487

1759 442 2070 506 LEONTII
2104 443 2510 507 BYZANTINI

3641 447 3781 517 1488

510 548 846 608 carnationis
880 547 1042 603 Verbi
1079 547 1264 603 omnia
1290 563 1612 620 argumenta
1641 563 2085 622 perscrutantur,

2192 570 2283 615 σιν
2331 553 2429 622 τῆς
2480 553 2809 626 σαρκώσεως
2850 556 2944 611 τοῦ
2979 556 3127 612 θείου
3156 558 3331 629 Λόγου
3369 560 3778 634 διερευνῶντες.

510 641 777 696 nimirum
834 654 1000 694 omne
1031 647 1208 694 totum
1234 655 1303 696 ex
1344 640 1583 697 diversis
1610 644 1864 713 partibus
1905 645 2090 700 coale-

509 746 670 790 scens
704 732 854 788 aliud
877 739 1124 802 apparet,
1157 731 1308 788 aliud
1335 749 1558 805 quoque
1587 736 1902 807 concipitur
1930 738 2001 793 ab
2026 738 2094 793 iis

508 837 579 878 ex
607 822 812 892 quibus
855 831 1103 878 constat.
1161 822 1219 878 Si
1279 823 1448 896 igitur
1496 840 1565 882 ex
1612 826 1851 882 homine
1893 837 1950 884 et
1979 829 2093 884 Deo

507 912 788 980 Christus,
812 929 917 970 nec
946 929 1113 970 verus
1139 915 1308 981 Deus,
1335 931 1440 971 nec
1461 932 1628 973 verus
1659 919 1825 974 homo
1846 928 1930 974 est
1954 936 1968 974 :
1993 918 2092 975 sed

509 1007 753 1077 primum
793 1006 911 1076 ipsa
949 1007 1260 1078 argumenti
1285 1007 1451 1078 hujus
1478 1008 1614 1064 falsa
1646 1018 1731 1065 est
1747 1011 2091 1082 suppositio:

508 1100 711 1155 accidit
733 1100 882 1156 enim
912 1108 973 1155 ut
1004 1107 1178 1155 totum
1210 1115 1242 1155 e
1277 1100 1510 1156 diversis
1541 1111 1826 1167 constans,
1867 1119 1970 1160 nec
2003 1104 2094 1160 di-

507 1193 659 1248 citur
703 1207 810 1248 nec
851 1192 1166 1262 concipitur
1225 1191 1373 1246 aliud
1418 1192 1488 1246 ab
1534 1208 1864 1264 unaquaque
1908 1204 2090 1266 parte,

509 1286 595 1341 vel
636 1294 864 1356 propter
887 1283 1299 1354 praevalentiam
1327 1284 1612 1354 cujusdam
1639 1285 1812 1355 partis
1853 1285 1910 1341 in
1943 1302 2093 1342 com-

507 1377 804 1449 positione,
827 1376 970 1433 sicut
1006 1375 1246 1433 dicimus
1270 1375 1395 1431 olus
1419 1385 1549 1432 ante
1578 1377 1884 1432 coctionem
1913 1389 1972 1435 et
2012 1379 2092 1435 si-

508 1470 715 1525 militer
741 1470 866 1524 olus
912 1476 1205 1539 postquam
1265 1483 1390 1524 cum
1430 1468 1688 1538 pluribus
1722 1471 2094 1527 condimentis

508 1570 731 1617 coctum
784 1567 890 1626 est,
947 1567 1005 1615 et
1035 1560 1249 1629 pariter
1295 1559 1532 1616 similam
1573 1573 1632 1617 et
1675 1562 1972 1633 legumina,
2004 1563 2091 1619 vel

507 1654 638 1724 quia
664 1667 775 1708 non
805 1652 1033 1706 omnino
1059 1650 1267 1707 diversi
1313 1652 1534 1722 generis
1561 1651 1770 1709 factum
1793 1663 1879 1709 est
1912 1663 2089 1710 totum

506 1753 766 1800 constans
814 1743 1068 1814 partibus
1118 1742 1354 1800 diversae
1404 1744 1630 1815 quidem
1692 1746 1920 1816 speciei,
1977 1762 2091 1802 non

505 1845 690 1893 autem
716 1836 923 1892 diversi
955 1835 1198 1907 generis.
1229 1835 1321 1891 Sic
1371 1851 1472 1907 par
1527 1852 1790 1893 numerus
1819 1845 1875 1894 et
1909 1839 2090 1910 impar

505 1930 564 1986 in
603 1945 778 1985 unum
840 1937 1018 1985 totum
1049 1929 1447 1994 coalescentes,
1493 1937 1727 2001 septem,
1759 1931 1922 1986 verbi
1964 1948 2089 2002 gra-
2121 1911 2161 1966 Β

507 2021 603 2088 tia,
627 2031 684 2077 et
715 2030 858 2086 octo,
890 2037 1001 2077 non
1032 2021 1300 2092 praebent,
1332 2020 1387 2075 in
1422 2021 1762 2092 quindecim,
1795 2039 2088 2081 numerum

504 2112 787 2168 diversum
842 2113 912 2169 ab
980 2113 1176 2183 impari
1225 2112 1389 2168 simul
1449 2123 1507 2168 et
1558 2113 1720 2184 pari,
1768 2118 1865 2171 sed
1911 2116 2091 2187 impar

503 2205 708 2262 dicitur
739 2220 851 2260 non
879 2220 1039 2260 secus
1063 2220 1127 2260 ac
1167 2205 1338 2261 altera
1377 2221 1445 2261 ex
1476 2205 1595 2261 suis
1620 2206 1875 2277 partibus
1900 2225 1914 2262 :
1943 2209 2091 2264 unde

505 2298 583 2352 nil
619 2297 675 2351 in
707 2311 797 2362 eo,
839 2296 1071 2366 perinde
1114 2313 1178 2352 ac
1211 2312 1317 2352 nec
1357 2297 1414 2351 in
1446 2306 1682 2369 septem,
1716 2299 1942 2370 imparis
1986 2317 2090 2356 nu-

508 2388 648 2444 meri
695 2387 833 2443 ﬁnes
857 2372 1094 2444 excedit.
1119 2388 1359 2445 Evidens
1399 2389 1567 2461 igitur
1615 2399 1719 2457 est,
1775 2392 1831 2447 iu
1886 2393 2090 2464 quibus

506 2487 709 2548 praeter
781 2477 1159 2534 diversitatem
1230 2480 1510 2558 partium,
1566 2491 1797 2552 apparet
1853 2484 1911 2538 in
1972 2492 2089 2540 toto

505 2571 648 2624 ratio
681 2569 884 2625 diversi
943 2570 1200 2641 generis,
1261 2573 1582 2628 necessario
1654 2575 1918 2630 mutanda
1967 2591 2088 2633 esse

503 2662 760 2718 notiones
782 2671 838 2718 et
863 2662 1214 2718 deﬁnitiones
1239 2674 1296 2718 et
1321 2665 1548 2720 nomina
1569 2704 1584 2730 ,
1645 2666 1792 2737 quod
1825 2682 1856 2722 a
1885 2668 2091 2738 princi-

502 2755 595 2825 pio
649 2770 746 2810 eos
794 2755 979 2811 latuit.
1004 2756 1146 2812 Vere
1203 2756 1372 2828 igitur
1420 2757 1626 2814 dicitur
1676 2760 1856 2831 impar
1912 2769 2089 2817 totum

501 2847 891 2917 compositum,
943 2847 1262 2918 quindecim
1317 2850 1530 2906 scilicet
1562 2851 1706 2907 sicut
1763 2860 1820 2908 et
1858 2862 2091 2923 septem,

500 2946 558 2993 et
589 2938 642 2991 in
672 2953 772 2993 sua
792 2938 1063 2994 totalitate
1082 2949 1280 3010 septem
1311 2940 1490 3010 impar
1507 2955 1641 2997 vere
1669 2944 2096 3013 comprehendit

500 3043 610 3082 non
655 3028 1053 3086 adulteratum.
1084 3030 1294 3086 Eodem
1323 3031 1489 3087 modo
1541 3049 1690 3089 nunc
1735 3035 1872 3090 mihi
1912 3038 2105 3108 cogita

501 3119 744 3176 Verbum
812 3137 942 3178 vere
1001 3123 1173 3178 Deum
1229 3139 1397 3190 esse,
1451 3133 1509 3181 et
1553 3141 1774 3182 carnem
1831 3145 1961 3185 vere
1992 3130 2094 3185 ho-

2193 647 2276 700 ὃτι
2309 648 2418 700 πᾶν
2454 648 2516 700 τὸ
2558 649 2623 701 ὲκ
2652 648 2928 719 διαφόρων
2977 651 3164 723 μερῶν
3211 655 3576 727 συγκείμενον
3632 657 3776 722 ὅλον.

2193 736 2381 807 ἕτερόν
2407 755 2468 790 τε
2505 740 2724 810 ὁρᾶται,
2763 741 2858 795 καὶ
2912 741 3120 812 ἑτέρως
3169 743 3499 816 ὀνομάζεται
3527 750 3676 820 παρὰ
3709 752 3782 806 τὰ

2193 826 2254 892 ἐξ
2285 819 2360 882 ὧν
2393 827 2566 884 ἐστιν.
2600 825 2777 885 Είοῦν
2803 832 2868 886 ὲκ
2908 832 3046 887 Θεοῦ
3079 836 3174 890 καὶ
3207 837 3499 911 ἁνθρὼπού
3527 819 3782 910 σύνθετος

2193 919 2222 972 6
2245 919 2502 990 Χριστὸς,
2529 918 2653 974 οὔτε
2687 921 2822 986 Θεὸς
2851 923 3087 995 ἀληθῶς,
3119 925 3245 981 οὕτε
3275 928 3590 1001 ἄνθρωπος.
3617 933 3781 1006 [1ρῶ-

2195 1025 2286 1061 τον
2323 1007 2424 1080 μὲν
2451 1006 2545 1064 οὖν
2577 1013 2675 1067 καὶ
2694 1013 2854 1067 τοῦδε
2877 1012 3080 1087 ψευδὴς
3109 1018 3143 1088 ἡ
3175 1018 3455 1087 ἀπόφασις
3473 1038 3488 1052 ⁸
3529 1023 3782 1097 ἔστιγὰρ

2196 1100 2284 1170 ἐφ’
2307 1093 2384 1156 ὧν
2411 1101 2686 1175 διαφόρων
2742 1107 2930 1178 μερῶν
2972 1110 3166 1184 ὀλότης
3190 1113 3484 1186 γενομένη,
3515 1117 3620 1171 οὐκ

2196 1194 2330 1265 παρ’
2357 1195 2603 1267 ἑκάτερα
2655 1197 2725 1252 τὰ
2774 1201 2916 1273 μέρη
2958 1204 3134 1275 αὐτῆς
3166 1209 3370 1260 νοεῖται
3400 1207 3433 1278 ἢ
3462 1209 3710 1277 λέγεται,
3746 1212 3778 1283 ἢ

2193 1286 2263 1340 δι’
2286 1288 2645 1360 ἐπικράτειαν
2687 1291 2918 1366 θατέρου
2941 1296 3054 1350 τῶν
3082 1297 3268 1370 μερῶν
3295 1303 3354 1355 ἐν
3382 1304 3452 1373 τῇ
3483 1303 3738 1358 συνθέσει
3764 1320 3779 1335 ·

2194 1379 2385 1452 ὥσπερ
2440 1382 2627 1453 φαμὲν
2665 1385 2728 1465 τό
2769 1403 2828 1439 τε
2858 1387 3098 1458 ἄνεφθον
3132 1389 3388 1470 λάχανον,
3418 1397 3518 1448 καὶ
3547 1395 3610 1448 τὸ
3641 1399 3781 1466 μετὰ

2197 1468 2350 1541 μίξιν
2399 1472 2703 1542 καρυκείας
2730 1473 2998 1532 πλειόνων
3060 1468 3266 1551 ἑψηθέν
3297 1483 3502 1553 ὁμοίως
3548 1485 3783 1554 λάχανον

2185 1563 2289 1616 ’καὶ
2347 1563 2631 1635 σεμίδαλιν
2679 1567 2774 1621 καὶ
2826 1568 2897 1622 τὰ
2933 1569 3176 1642 ὄσπριαο
3207 1573 3241 1643 ἢ
3275 1574 3364 1630 διὰ
3414 1575 3478 1629 τὸ
3505 1576 3586 1648 μὴ
3639 1575 3781 1635 εἶναι

2193 1655 2329 1718 ὅλως
2357 1655 2546 1728 ἔτερόν
2570 1674 2620 1713 τι
2642 1653 2785 1723 εἶδος
2812 1662 3101 1734 γινόμενον
3132 1665 3198 1719 ὲκ
3217 1666 3328 1729 τῶν
3367 1670 3656 1740 ὁμογενῶν
3683 1673 3778 1726 τοῦ

2195 1747 2455 1802 συνθέτου
2490 1747 2674 1823 μερῶν
2697 1755 2805 1807 τῶν
2827 1755 3231 1825 ἀνομοιοειδῶν.
3257 1761 3356 1815 Διά
3377 1778 3461 1816 τοι
3491 1763 3604 1835 γὰρ
3625 1763 3782 1819 τοῦτο

2195 1841 2291 1894 καὶ⁸
2317 1839 2506 1911 ἄρτιον
2536 1843 2707 1916 μέρος
2739 1845 3001 1918 ἀριθμοῦ,
3025 1852 3123 1904 καὶ
3168 1853 3427 1924 περιττὸν
3454 1856 3781 1912 συντεθέντα

2191 1934 2271 1997 είς
2307 1933 2435 2005 μίαν
2485 1934 2739 2008 όλότητα,
2767 1940 2796 1993 6
2847 1940 2988 1996 ἑπτὰ
3036 1943 3202 2014 τυχὸν
3261 1946 3409 2000 καὶὸ
3464 1946 3646 2015 όκτὼ,
3685 1949 3782 2021 οὐχ

2191 2028 2380 2099 ἕτερον
2409 2023 2554 2093 εἷδος
2578 2029 2822 2102 ἀριθμοῦ
2848 2033 3005 2105 παρά
3033 2053 3094 2090 τε
3137 2039 3229 2092 τὸν
3257 2039 3446 2110 ἄρτιον
3470 2042 3567 2095 καὶ
3593 2059 3783 2113 περιτο

2189 2119 2282 2172 τὸν
2335 2119 2599 2190 ἐποίησαν
2652 2123 2712 2176 ὲν
2765 2123 3109 2181 δεκαπέντεο
3136 2128 3252 2183 ἀλλ’
3302 2133 3508 2204 ὁμοίως
3567 2134 3784 2207 θατέρῳ

2189 2210 2301 2264 τῶν
2319 2211 2513 2266 ἑαυτοῦ
2540 2229 2606 2284 με
2616 2213 2725 2285 ρῶν
2738 2214 3032 2289 λεγόμενον
3049 2223 3324 2290 περιττόν·
3349 2224 3656 2281 διότιούδὲν
3680 2247 3783 2283 πα-

2193 2301 2265 2374 ρὰ
2286 2302 2379 2356 τὸν
2407 2305 2535 2376 ὃρον
2557 2304 2652 2360 τοῦ
2687 2309 2946 2379 περιττοῦ
2969 2311 3092 2366 οὐδὲ
3117 2313 3177 2366 ὲν
3201 2314 3352 2384 αὐτῷ
3392 2315 3573 2387 ὤφθη,
3593 2317 3782 2389 ῶσπερ

2191 2394 2313 2448 οὐδὲ
2341 2396 2400 2448 ὲν
2422 2396 2502 2468 τῷ
2523 2397 2758 2471 ἑϐδόμῳ.
2776 2401 2944 2472 Δῆλον
2970 2397 3064 2458 οὖν
3090 2404 3166 2468 ὡς
3181 2407 3267 2476 ἐφ’
3292 2401 3368 2462 ὧν
3390 2408 3527 2478 πρὸς
3553 2409 3633 2481 τῷ
3662 2411 3780 2464 δια-

2194 2487 2347 2560 φόρῳ
2366 2487 2476 2544 τῶν
2499 2491 2869 2547 συνελθόντων
2892 2495 3078 2565 μερῶν
3102 2498 3199 2553 καὶ
3223 2499 3413 2572 ἕτερος
3431 2502 3610 2564 εἴδους
3624 2503 3782 2574 λόγος

2193 2580 2254 2634 ὲν
2285 2579 2365 2651 τῷ
2383 2582 2490 2654 ὅλῳ
2513 2586 2684 2656 φανῇ,
2707 2585 2829 2639 τότε
2864 2586 3219 2653 ἐξαλλάσσειν
3241 2591 3455 2666 ἀνάγκη
3480 2594 3614 2649 τάτε
3677 2597 3786 2668 6pc-

2197 2671 2299 2727 στὰ
2361 2673 2458 2728 καὶ
2503 2675 2630 2740 τοὺς
2678 2677 2946 2748 όρισμοῦς
2981 2679 3078 2734 καὶ
3130 2683 3200 2736 τὰ
3229 2682 3475 2751 ὀνόματα
3498 2725 3514 2750 ,
3549 2685 3696 2758 ὅπερ
3726 2686 3784 2752 ἐξ

2196 2761 2374 2833 ἀρχῆς
2412 2763 2715 2836 ἠγνόησαν.
2750 2767 2986 2838 Λέγεται
3016 2765 3111 2826 οὖν
3144 2775 3401 2845 περιττὸς
3439 2776 3661 2849 ἀληθῶς
3692 2779 3785 2834 καὶ

2195 2854 2224 2908 6
2245 2854 2546 2910 δεκαπέντε
2571 2858 2826 2925 σύνθετος
2850 2862 2997 2928 ὅλος,
3019 2863 3096 2929 ῶς
3120 2865 3150 2918 6
3173 2867 3404 2939 ἕϐδομος
3427 2885 3441 2900 '
3470 2871 3567 2925 καὶ
3597 2872 3785 2944 περιέ-

2196 2963 2280 3018 χει
2310 2947 2370 3003 δὲ
2399 2949 2458 3003 ὲν
2487 2952 2554 3022 τῇ
2584 2952 2764 3023 οἰκείᾳ
2782 2954 3000 3028 ὁλότητι
3025 2958 3244 3029 ἀληθῶς
3278 2962 3535 3032 περιττὸν
3579 2963 3763 3033 φυλατ

2195 3040 2423 3111 τόμενον
2449 3042 2540 3096 τὸν
2568 3044 2708 3099 ἑπτὰ
2730 3047 2790 3101 έν
2815 3049 3015 3120 ἐαυτῷ.
3049 3050 3239 3116 Οὕτως
3271 3049 3368 3108 οὗν
3425 3072 3518 3126 μοι
3549 3058 3660 3109 νόει
3694 3055 3786 3109 τόν

2195 3147 2255 3185 τε
2310 3132 2485 3202 Λόγον
2532 3134 2667 3190 Θεὸν
2701 3137 2895 3206 ὅντως,
2928 3140 3023 3196 καὶ
3053 3141 3154 3214 τὴν
3179 3144 3360 3217 σάρκα
3385 3146 3678 3220 ἄνθρωπον
3703 3149 3786 3202 όν-

503 3213 733 3276 minem,
786 3222 844 3269 et
893 3213 1174 3270 Christum
1209 3230 1278 3269 ex
1315 3214 1520 3283 Verbo,
1556 3230 1667 3272 non
1691 3231 1759 3273 ex
1790 3226 2008 3284 natura,
2038 3230 2089 3276 cl

2195 3238 2335 3287 τωςο
2367 3223 2466 3278 καὶ
2492 3225 2729 3297 Χριστὸν
2759 3229 2853 3285 τὸν
2885 3232 3030 3287 κατά
3051 3213 3225 3305 Λόγον
3253 3213 3315 3290 ού
3342 3213 3507 3308 φύσιν
3538 3254 3553 3270 ο
3583 3239 3682 3294 καὶ
3697 3239 3786 3293 τὸν

503 3321 632 3361 eum
688 3321 819 3362 vere
855 3307 1026 3362 Deum
1056 3316 1113 3361 et
1140 3306 1444 3364 hominem.

1112 3512 1268 3569 CAP.
1316 3513 1487 3571 xxu.
2076 3593 2078 3595 b

579 3602 964 3673 Si,inquiunt,
996 3605 1308 3660 naturalem
1352 3606 1612 3664 unionem
1653 3619 1709 3664 et
1734 3625 1832 3667 vos
1860 3613 2091 3669 conlite—

504 3696 664 3761 mini,
699 3695 754 3749 in
788 3711 899 3766 quo
946 3696 1116 3767 igitur
1172 3697 1408 3753 differtis
1449 3716 1479 3754 a
1533 3699 1846 3758 Severianis
1890 3705 1984 3774 qui
2013 3704 2098 3759 di-

505 3794 640 3840 cunt
669 3801 832 3840 unam
873 3793 1087 3840 tantum
1133 3800 1256 3842 esse
1301 3787 1510 3843 Christi
1563 3792 1864 3846 naturam?
1903 3792 2098 3849 Omnis

504 3876 653 3931 enim
684 3875 952 3931 naturalis
984 3875 1136 3940 unio,
1181 3884 1434 3932 naturam
1470 3881 1762 3949 quamdam
1807 3882 1974 3938 ellicit
2006 3882 2093 3938 di-

505 3982 720 4024 versam
769 3984 799 4022 a
850 3969 1062 4024 naturis
1089 3969 1372 4035 unitis;et
1393 3971 1666 4041 siquidem
1700 3973 1866 4029 homo
1895 3983 2092 4030 natura

506 4075 618 4115 una
658 4067 766 4124 est,
799 4059 1059 4129 quoniam
1105 4059 1274 4114 homo
1304 4076 1414 4117 non
1461 4061 1668 4130 plures,
1697 4077 1876 4134 neque
1917 4063 2090 4120 solius

506 4151 726 4215 animae,
754 4165 932 4220 neque
955 4151 1132 4206 solius
1161 4152 1410 4221 corporis
1429 4161 1648 4218 natura,
1686 4169 1867 4224 neque
1891 4155 2085 4210 ambo-

507 4257 631 4296 rum
663 4240 958 4310 separatim
991 4241 1357 4311 proprietates
1391 4243 1672 4298 naturales
1705 4242 1760 4298 in
1789 4259 1847 4300 se
1872 4244 2039 4300 habet
2074 4263 2090 4303 :

509 4333 816 4388 mortalitas
837 4332 1045 4388 etenim
1087 4333 1142 4387 in
1178 4333 1425 4399 homine,
1450 4349 1560 4389 non
1593 4343 1776 4390 autem
1798 4335 1854 4391 in
1885 4338 2089 4407 anima,

505 4425 603 4482 sed
626 4440 808 4496 neque
837 4425 1060 4496 proprie
1085 4426 1142 4480 in
1161 4440 1417 4496 corpore.
1437 4426 1631 4482 Nonne
1650 4467 1666 4492 ,
1715 4444 1924 4499 quaeso,
1953 4430 2087 4488 ferri

502 4525 556 4570 et
592 4515 736 4587 ignis
769 4524 1091 4570 naturarum
1130 4526 1216 4570 est
1245 4515 1424 4571 unio?
1469 4517 1607 4572 etin
1653 4517 1780 4574 lana
1817 4523 2085 4594 sanguine

499 4878 646 4933 aliud
676 4879 788 4938 hic.
825 4888 880 4935 et
913 4888 1039 4950 post
1074 4879 1491 4937 substantialem
1513 4885 1793 4954 unionem,
1818 4889 1926 4946 nisi
1963 4900 2085 4948 tan-

499 4980 616 5025 tum
667 4971 873 5026 ferrum
916 4972 1149 5042 ignitum
1204 4983 1261 5029 et
1327 4975 1453 5031 lana
1505 4989 1828 5050 cruentata,
1877 4993 1934 5040 et
1962 4986 2086 5044 duae

499 5065 750 5120 naturae?
780 5063 888 5120 Sed
917 5063 1143 5129 scitote,
1180 5066 1225 5122 si
1260 5077 1440 5124 tamen
1463 5071 1569 5128 hoc
1583 5073 1740 5130 vobis
1761 5079 2080 5147 persuaderi

497 5156 693 5225 possit,
722 5156 1045 5212 multimode
1065 5173 1187 5213 esse
1212 5168 1268 5214 et
1298 5160 1408 5216 dici
1437 5165 1746 5221 naturalem
1771 5169 2030 5227 unionem
2065 5191 2078 5228 :

496 5247 576 5302 sic
611 5247 760 5302 enim
798 5247 1004 5304 dicitur
1040 5251 1306 5306 naturalis
1343 5253 1476 5310 unio
1499 5260 1864 5326 quorumdam
1901 5263 2083 5320 diver-

495 5353 709 5404 serum,
753 5354 863 5394 non
911 5349 1097 5396 autem
1133 5351 1486 5415 naturarum,
1535 5350 1631 5405 εθά
1666 5361 1846 5408 tamen
1880 5371 2080 5412 secun-

495 5429 628 5483 dum
663 5431 955 5500 quamdam
1001 5442 1257 5488 naturam
1284 5437 1442 5508 cujus
1464 5439 1688 5511 aliquod
1715 5445 2078 5504 substantiale

377 5538 388 5543 ·
495 5521 828 5596 principium
861 5541 1053 5580 eorum
1086 5529 1345 5597 producit
1385 5533 1679 5600 unionem,
1715 5536 1858 5593 sicut
1889 5539 2078 5596 divina

491 5621 687 5669 natura
721 5616 1033 5670 divinarum
1063 5633 1453 5688 personarum,
1509 5633 1565 5680 et
1613 5628 1815 5683 mentis
1877 5639 2073 5685 natura

487 5714 826 5777 potestatum
880 5712 1100 5777 animat,
1145 5720 1202 5768 et
1236 5713 1378 5785 ignis
1419 5726 1616 5773 natura
1673 5722 2072 5791 proprietatum

486 5803 631 5873 ignis
671 5804 1148 5861 substantialium.
1176 5807 1363 5862 Altera
1389 5822 1574 5867 autem
1605 5812 1814 5870 dicitur
1845 5825 2074 5874 natura-

481 5892 556 5950 lis
579 5897 736 5962 unio,
773 5897 826 5952 id
864 5909 949 5954 est
1001 5899 1346 5968 similitudo,
1406 5906 1712 5962 secundum
1765 5911 2073 5967 naturalem

2194 3313 2416 3387 ἀληθῶς
2442 3315 2578 3373 Θεδν
2605 3320 2702 3375 καὶ
2721 3321 3027 3397 ἄνθρωπον.

2775 3532 3027 3591 ΚΕΦΑΛ.
3089 3535 3220 3593 ΚΒ’.

2266 3616 2328 3669 El
2356 3612 2472 3682 οὖν.
2506 3621 2661 3688 φασὶ,
2684 3621 2780 3676 καὶ
2806 3624 2966 3696 ὑμεῖς
2993 3631 3230 3700 φυσικὴν
3245 3631 3346 3704 τὴν
3367 3634 3568 3691 ἕνωσιν
3591 3638 3783 3710 ὁμολοο

2193 3711 2362 3777 γείτε,
2389 3711 2442 3766 τί
2492 3711 2819 3785 διαφέρεσθε
2867 3718 3010 3789 πρὸς
3067 3722 3197 3787 τοὺς
3224 3726 3353 3796 περὶ
3379 3726 3627 3801 Σεδῆρον
3657 3732 3782 3802 μίαν

2196 3801 2359 3870 φύσιν
2388 3802 2646 3874 λέγοντας
2677 3807 2918 3876 Χριστοῦ
2947 3827 2962 3875 ;
2989 3812 3147 3868 Πᾶσα
3178 3815 3287 3888 γὰρ
3319 3819 3531 3892 φυσικὴ
3586 3801 3783 3888 ἕνωσις

2200 3893 2365 3963 φύσιν
2390 3896 2515 3950 τινὰ
2547 3898 2678 3968 μίαν
2701 3901 2856 3971 παρὰ
2881 3907 2978 3970 τὰς
3016 3908 3321 3975 ἐνωθείσας
3366 3913 3616 3970 δείκνυσι
3637 3935 3653 3949 ’
3682 3918 3781 3986 φύ-

2197 4003 2282 4051 σις
2328 3989 2493 4060 γὰρὸ
2538 3992 2830 4063 ἄνθρωπος
2893 3999 3031 4069 μίαο
3094 4001 3171 4066 ὡς
3223 4004 3514 4078 ἄνθρωπος
3570 4011 3669 4065 καὶ
3721 4011 3780 4064 ού

2194 4078 2452 4169 πλείους·
2487 4081 2610 4136 οὔτε
2659 4084 2860 4157 ψυχῆς,
2890 4089 3016 4144 οὔτε
3081 4093 3340 4167 σώματος
3405 4099 3595 4169 μόνου,
3657 4101 3779 4157 οὕτε

2192 4167 2364 4238 ἄμφω
2391 4171 2520 4237 τοὺς
2548 4172 2741 4242 λόγους
2766 4178 2963 4248 μόνους
2983 4181 3186 4254 ἔχουσα
3209 4189 3338 4253 τοὺς
3388 4167 3693 4259 φυσικούςσ
3719 4195 3778 4248 τὸ

2192 4260 2524 4359 γὰρθνητὸν
2553 4268 2610 4359 εν
2651 4268 2935 4359 ,ἀνθρώπῳ
2959 4275 3079 4346 μὲν,
3113 4278 3240 4335 οὔτε
3270 4282 3327 4336 δὲ
3351 4283 3410 4338 ὲν
3450 4285 3622 4359 ψυχῇ,
3656 4289 3777 4344 οὕτε

2189 4351 2249 4403 ἐν
2268 4350 2483 4420 σώματι
2515 4356 2623 4429 ἰδίᾳ
2642 4358 2781 4415 ὲστί.
2819 4362 2885 4415 Τί
2909 4361 3026 4430 οὖν,
3053 4362 3099 4422 ὦ
3123 4364 3293 4436 οὗτοι,
3315 4373 3413 4427 καὶ
3641 4381 3774 4452 πρὸς

2192 4441 2410 4515 σίδηρον
2441 4446 2542 4502 οὐκ
2569 4448 2687 4504 ἐστι
2711 4451 2824 4506 τῶν
2846 4455 3061 4525 φύσεων
3085 4459 3318 4527 ἔνωσιςς
3346 4467 3441 4521 καὶ
3471 4441 3569 4522 ἐπὶ

2189 4536 2552 4609 αἱμοόαφοῦς,
2570 4543 2631 4597 ού
2658 4547 2769 4602 τῶν
2789 4549 2991 4608 οὐσιῶν
3011 4554 3046 4624 ἡ
3074 4557 3365 4632 συμπλοκὴ
3385 4561 3497 4616 τῶν
3528 4579 3773 4634 σωματιο

2189 4815 2298 4914 γαρ
2328 4816 2455 4873 ἄλλο
2499 4821 2627 4876 τάδε
2661 4826 2776 4907 ’καὶ
2806 4829 2946 4900 μετὰ
2974 4832 3076 4905 τὴν
3103 4834 3340 4908 ούσιώδη
3361 4837 3580 4904 ἕνωσιν,
3612 4842 3664 4894 εί
3695 4843 3767 4914 μὴ

2190 4905 2410 5000 σίδηρος
2463 4904 2898 4990 πεπυρωμένος.
2933 4904 3038 4977 xci.
3059 4927 3232 4990 πόκος
3263 4904 3649 5000 ᾑματωμένος,
3676 4904 3766 4988 δύό

2187 5011 2247 5048 τε
2279 4996 2474 5066 φύσεις
2501 5002 2795 5073 ὡσαύτως;
2826 5009 2968 5062 ’Δλλ⁹
2998 5013 3134 5080 ἴστε,
3156 4996 3317 5087 είπερ
3339 4996 3595 5073 πείθεσθε
3627 4996 3763 5092 μανι

2188 5085 2468 5156 θάνοντες,
2530 5093 2609 5160 ὡς
2667 5098 2958 5171 πολλαχῶς
3004 5085 3297 5176 θεωρεῖται
3341 5110 3438 5164 καὶ
3478 5085 3762 5184 λέγεταιή

2183 5180 2390 5275 Ῠρᾲσικὴ
2435 5183 2633 5275 ἕνωσις
2656 5205 2670 5220 ·
2701 5189 2734 5260 ἠ
2795 5192 2895 5262 μὲν
2927 5197 3037 5267 γὰρ
3069 5196 3292 5266 λέγεται
3321 5202 3529 5275 φυσικὴ
3559 5180 3761 5269 ἕνωσις

2183 5269 2361 5326 ἄλλων
2384 5273 2548 5328 τινῶν
2571 5279 2666 5332 καὶ
2689 5281 2750 5334 ού
2781 5283 2997 5352 φύσεων
3025 5283 3162 5344 οὖσα
3186 5307 3200 5321 ο
3231 5293 3374 5348 κατά
3387 5310 3512 5348 τινα
3546 5296 3651 5366 μέν
3679 5313 3758 5350 τοι

2185 5361 2370 5458 φύσιν,
2428 5364 2623 5458 ἓνωσις
2649 5386 2662 5400 ο
2700 5370 2821 5443 ἅμα
2851 5374 2908 5429 δὲ
2961 5377 3057 5432 καὶ
3088 5382 3305 5448 φύσεως
3336 5361 3588 5440 οὐσιώδέι
3621 5387 3758 5458 λόγῳ

2180 5451 2354 5522 αὐτῆς
2379 5455 2481 5524 τὴν
2511 5457 2707 5512 ἕνωσιν
2738 5461 2906 5516 τῶνδε
2935 5466 3220 5536 ύφιστῶσα
3243 5485 3258 5499 ο
3291 5464 3405 5525 οἷον
3434 5475 3467 5543 ἡ
3499 5471 3622 5527 θεία

2182 5559 2267 5606 σις
2295 5545 2403 5600 τῶν
2438 5547 2598 5604 θείων
2629 5552 3001 5623 ὑποστάσεων,
3064 5562 3160 5613 καὶ
3189 5562 3222 5631 ἡ
3247 5562 3346 5632 τῆς
3387 5564 3568 5635 ψυχῆς
3598 5566 3751 5635 φύσις

2179 5635 2402 5691 ἐπὶτῶν
2431 5638 2682 5711 ψυχικῶν
2712 5645 3017 5718 δυνάμεων,
3071 5653 3165 5706 καὶ
3189 5653 3221 5724 ἡ
3261 5654 3356 5707 τοῦ
3385 5656 3560 5728 πυρὸς
3595 5659 3752 5729 φύσις

2177 5727 2286 5781 τῶν
2349 5731 2626 5789 ούσιωδῶν
2657 5738 2825 5792 αὐτοῦ
2884 5744 3425 5820 ποιοτήτων.⁹Ετέρα
3449 5749 3506 5804 δὲ
3537 5750 3750 5818 λέγεται

2179 5822 2388 5894 φυσικὴ
2409 5824 2630 5892 ἓνωσις,
2657 5829 2690 5900 ἢ
2717 5833 2858 5886 κατὰ
2891 5833 2954 5886 τὸ
2987 5837 3219 5904 φυσικὴν
3242 5833 3384 5903 εἶδος
3411 5840 3522 5893 τῶν
3563 5842 3746 5913 διαφό-

2177 5931 2288 5984 ρων
2314 5915 2668 5976 ὐποστάσεων
2687 5924 2948 5994 ὁμοίωσις
2971 5943 2984 5956 ·
3014 5923 3130 5982 οἷον
3157 5929 3389 6000 ἀγγέλου
3415 5932 3553 6006 πρὸς
3581 5934 3747 6002 ἄγγε-
