4032 6532
322 463 457 530 1489

1288 479 1685 541 ADVERSUS
1722 481 2267 549 NESTORIANOS.
2294 515 2364 525 -
2401 491 2549 553 LIB.
2591 491 2641 552 Ι.

3433 494 3570 560 1490

318 580 430 639 λον.
472 581 567 636 καὶ
622 582 793 638 ἵππου
824 584 962 656 πρὸς
995 584 1161 640 ἵππον
1193 602 1207 618 ο
1228 589 1405 657 ,ἑτέρα
1433 591 1490 643 δέ
1522 593 1638 645 ἐστι
1681 594 1887 664 φυσικὴ

1993 598 2228 665 speciem
2253 639 2268 664 ,
2297 616 2654 669 personarum
2679 602 3043 669 diversarum,
3078 615 3136 661 ut
3170 608 3345 677 angeli
3376 608 3444 662 ad
3470 625 3572 662 an-

314 674 541 738 Ξνωσις,
605 676 639 745 ἡ
684 675 955 749 διαφόρων
1002 678 1217 747 φύσεων
1270 681 1351 744 είς
1418 681 1634 752 φύσεως
1696 685 1889 756 γέννης

314 783 401 820 σιν
453 768 779 841 καινοτέρας
839 770 1189 837 συνέλευσιςο
1248 768 1437 848 ὥσπερ
1492 780 1524 849 ή
1577 780 1676 851 τῆς
1708 780 1889 852 ψυχῆς

313 858 409 912 καὶ
461 859 557 912 τοῦ
615 859 867 930 σώματος
930 862 1134 931 φύσις,
1205 868 1285 929 εἰς
1334 867 1622 939 ἀνθρώπου
1695 870 1887 938 φύσιν,

313 948 412 1004 καὶ
485 950 597 1005 τῶν
654 952 696 1005 δ’
749 954 1031 1025 στοιχείων
1106 962 1189 1021 είς
1274 961 1476 1031 σαρκὸς
1541 961 1727 1031 φύσιν,
1794 963 1891 1019 καὶ

310 1044 573 1098 πλειόνων
608 1045 756 1099 ποῶν
786 1048 864 1110 είς
892 1047 1247 1120 ἑμπλάστρου
1279 1051 1446 1119 φύσιν
1477 1071 1492 1086 ο
1523 1054 1647 1125 ἥτις
1677 1056 1771 1109 καὶ
1802 1054 1890 1110 λέ-

309 1151 467 1202 γεται
497 1134 1067 1211 δημιουργική.”Αλλη
1100 1140 1158 1194 δὲ
1188 1141 1406 1211 λέγεται
1434 1144 1646 1217 φυσικὴ
1669 1145 1886 1211 ἓνωσις,

311 1227 344 1296 ή
376 1227 503 1280 καθ’
542 1226 843 1284 ὑπόστασιν
868 1229 999 1299 μίαν
1036 1231 1301 1287 πλειόνων
1340 1234 1559 1304 φύσεων
1607 1238 1884 1310 συνδρομὴ

310 1322 407 1373 καὶ
455 1322 535 1385 είς
556 1321 722 1392 φύσιν
748 1324 897 1394 μίαν·
921 1319 1081 1396 οἷονὴ
1104 1326 1197 1380 τοῦ
1215 1328 1357 1382 κατὰ
1381 1329 1537 1401 τήνδε
1556 1330 1653 1401 τὴν
1675 1330 1888 1403 ἡμέραν

311 1411 491 1479 φωτὸς
543 1412 640 1466 καὶ
669 1413 831 1484 ἀέρος
874 1415 982 1469 τῶν
1023 1416 1241 1487 φύσεων
1285 1419 1574 1491 συμπλοκή
1605 1437 1620 1452 °
1657 1422 1754 1476 καὶ
1787 1423 1885 1477 τοῦ

310 1498 485 1570 πυρὸς
520 1500 633 1553 ’καὶ
683 1502 903 1573 σιδήρου
951 1506 1145 1571 ἓνωσις
1197 1508 1402 1580 φυσικὴ
1458 1508 1725 1582 λεγομένη
1754 1554 1769 1579 ,
1810 1513 1887 1578 ὡς

310 1592 453 1644 κατὰ
483 1591 582 1655 τὰς
617 1592 811 1661 φύσεις
844 1596 1027 1653 αὐτῶν
1058 1599 1152 1652 καὶ
1180 1600 1241 1653 οὐ
1276 1601 1421 1654 κατά
1454 1618 1579 1657 τινα
1604 1606 1853 1676 συμ6ε6η
1872 1635 1887 1647 -

310 1683 443 1735 κότα
477 1683 660 1748 αὐτοῖς
693 1685 830 1740 οὖσα
862 1687 1057 1754 ἓνωσις
1103 1692 1303 1757 αὐτῶν.
1338 1693 1461 1757 Πῶς
1491 1690 1585 1748 οῦν
1609 1697 1889 1768 παρατρέ-

308 1792 499 1845 χοντες
530 1776 604 1848 μὴ
661 1780 901 1834 συνιέναι
946 1782 1071 1835 καθ’
1100 1784 1166 1854 ην
1205 1784 1384 1855 φαμὲν
1416 1785 1613 1839 ἕνωσιν
1646 1788 1886 1861 φυσικὴν

304 1864 400 1918 τοῦ
430 1866 606 1935 Λόγου
636 1870 737 1940 τὴν
763 1872 1046 1943 σάρκωσιν
1074 1876 1253 1945 ἡμεῖς,
1286 1877 1410 1929 καθ’
1436 1878 1505 1949 ἣν
1535 1878 1714 1933 ἄτοπα
1750 1881 1882 1952 ὑμῖν

1992 689 2195 760 gelum,
2241 691 2370 760 equi
2412 690 2489 746 ad’
2525 708 2765 763 equum;
2821 696 2994 750 altera
3041 713 3263 767 quoque
3302 700 3571 759 naturalis

1992 781 2149 847 unio,
2182 784 2570 839 concurrentia
2603 785 2818 843 scilicet
2859 786 3204 842 diversarum
3240 798 3567 844 naturarum

1991 869 2059 924 ad
2089 871 2509 940 productionem
2540 872 2822 943 cujusdam
2852 890 3007 929 novm
3029 886 3256 939 naturae,
3280 878 3425 932 sicut
3454 878 3569 932 ani-

1991 977 2093 1017 ma:
2121 970 2177 1017 et
2204 964 2452 1033 corporis
2478 974 2673 1021 natura
2702 965 2770 1020 ad
2794 966 3034 1021 hominis
3067 976 3318 1022 naturam
3356 970 3567 1025 emisti-

1992 1054 2273 1120 tuendam,
2302 1065 2358 1110 et
2380 1063 2619 1126 quatuor
2648 1058 3049 1112 elementorum
3078 1058 3145 1112 ad
3186 1059 3371 1113 carnis
3402 1069 3570 1113 natu-

1991 1162 2129 1212 ram,
2151 1156 2207 1203 et
2233 1149 2471 1218 plurium
2495 1149 2790 1206 herbarum
2821 1149 2890 1205 ad
2932 1151 3216 1220 emplastri
3255 1160 3509 1205 naturam
3543 1168 3557 1204 :

1989 1253 2110 1308 qua:
2143 1238 2275 1294 unio
2315 1239 2520 1294 dicitur
2560 1241 2955 1306 constitutiva;
3000 1240 3170 1295 altera
3200 1255 3334 1295 vero
3362 1239 3569 1295 dicitur

1989 1331 2258 1385 naturalis
2295 1331 2449 1394 unio.
2471 1347 2596 1386 cum
2615 1332 2827 1388 scilicet
2849 1332 3034 1402 plures
3070 1339 3281 1386 naturae
3308 1330 3362 1385 in
3402 1345 3567 1385 unam

1988 1435 2267 1487 naturam,
2314 1423 2621 1478 secundum
2664 1438 2977 1493 personam,
3033 1422 3371 1485 coalescunt,
3424 1422 3569 1477 sicut

1989 1512 2303 1582 conjunctio
2336 1521 2549 1567 natura:
2599 1510 2742 1567 lucis
2786 1521 2842 1567 et
2882 1519 3094 1566 naturae
3125 1510 3269 1566 aeris
3311 1509 3379 1565 ad
3419 1509 3566 1565 diem

1988 1603 2435 1672 producendum;
2468 1604 2610 1675 ignis
2635 1605 2800 1658 etiam
2834 1613 2891 1658 et
2916 1601 3051 1658 ferri
3074 1602 3338 1657 naturalis
3363 1600 3567 1657 dicitur

1973 1693 2143 1759 ~unio,
2181 1692 2311 1763 quia
2340 1694 2419 1760 ﬁt,
2473 1710 2580 1748 non
2614 1709 2714 1765 per
2764 1694 2948 1763 aliqua
2991 1709 3184 1749 eorum
3235 1693 3563 1758 accidentia,

1987 1784 2083 1840 sed
2124 1800 2223 1855 per
2253 1786 2398 1856 ipsas
2426 1801 2619 1840 eorum
2651 1794 2877 1839 naturas
2914 1801 2929 1838 :
2980 1784 3257 1853 quomodo
3291 1799 3423 1854 ergo
3474 1799 3564 1839 re-

1987 1887 2221 1931 nuentes
2246 1876 2553 1946 intelligere
2591 1874 2895 1931 secundum
2924 1890 3220 1945 quamnam
3256 1874 3564 1929 naturalem

305 1958 690 2032 συρῤάψουσιν
729 1962 806 2027 ὡς
856 1965 950 2018 καὶ
980 1943 1475 2038 τοϊςήΣεῦηρίταις,
1506 1971 1649 2025 κατὰ
1676 1943 1881 2045 ταύτην

1992 1966 2247 2021 unionem
2294 1965 2459 2021 Verbi
2498 1964 2934 2019 incarnationem
2986 1963 3335 2025 confitemur,
3372 1979 3565 2019 secun-

306 2050 612 2120 ἐνδέχονται
660 2053 782 2108 τόδε
834 2056 1127 2128 λεγόμενον
1182 2060 1275 2112 καὶ
1316 2059 1408 2128 ὑφ’
1444 2060 1646 2130 ήμῶν;
1683 2064 1798 2117 ἀλλ’
1826 2067 1884 2120 ὲν

302 2142 477 2196 τοῖσδε
535 2145 743 2201 οὑτωσὶ
792 2150 1222 2221 καταλελυμένοι
1260 2192 1275 2216 ,
1321 2150 1415 2205 καί
1465 2170 1516 2206 τι
1583 2153 1885 2228 δεινότερον

306 2233 604 2308 πρόϐλημα
668 2238 812 2294 κατὰ
879 2242 978 2313 τῆς
1046 2241 1323 2315 ἡμετέρας
1382 2241 1623 2309 πίστεως
1677 2247 1883 2302 τοιόνδε

305 2326 493 2393 φασίν.

877 2424 1130 2483 ΚΕΦΑΛ.
1188 2427 1314 2481 ΚΓν.

377 2512 500 2568 Ὀτι
531 2515 563 2586 ἡ
597 2514 720 2569 καθ’
750 2516 1050 2571 ὑπόστασιν
1092 2517 1363 2585 σύνθεσις,
1399 2520 1581 2575 εῐτουν
1621 2519 1716 2574 τοῦ
1746 2519 1881 2574 Θεοῦ

307 2606 444 2675 πρὸς
492 2606 799 2679 ἄνθρωπον,
832 2608 864 2679 ἢ
895 2608 1036 2681 ὑπὲρ
1068 2609 1231 2680 φύσιν
1259 2610 1379 2666 ἐστὶ
1405 2613 1505 2684 τῆς
1538 2612 1816 2684 θεότητος,
1848 2612 1881 2683 ἢ

306 2697 460 2768 παρὰ
510 2698 693 2766 φύσιν,
729 2699 762 2772 ἢ
789 2701 931 2755 κατὰ
959 2701 1120 2771 φύσιν
1152 2743 1167 2768 ,
1200 2704 1315 2773 εἴγε
1359 2703 1529 2768 ὅντως
1576 2702 1691 2758 ἔστι
1718 2720 1731 2736 ·
1764 2702 1881 2757 ἀλλ’

305 2792 354 2844 εί
388 2792 487 2861 μὲν
526 2793 667 2862 ὑπὲρ
694 2792 856 2862 φύσιν
889 2794 1029 2856 αὕτη
1057 2798 1196 2861 ἐστὶ,
1239 2797 1488 2869 μείζονός
1509 2815 1568 2851 τε
1596 2797 1881 2867 δυνάμεως

305 2882 562 2955 ἔργονεες
589 2886 761 2957 αὐτὴν
790 2888 1009 2956 γέγονε,
1029 2889 1124 2941 καὶ
1150 2890 1229 2954 εις
1257 2890 1319 2943 τὸ
1343 2890 1484 2962 ὑπὲρ
1514 2890 1683 2959 αὐτὴν
1714 2888 1883 2961 ηὐξή-

306 2975 396 3047 θη,
426 2978 520 3030 καὶ
542 2978 642 3031 οὐκ
671 2978 885 3051 ἀληθῶς
910 2980 1319 3053 παντοδύναμος
1352 2981 1515 3052 αὐτη,
1548 2982 1669 3036 οὐδὲ
1701 2983 1881 3037 πάντα

303 3066 464 3135 λόγον
492 3067 855 3139 ὑπερέχουσα.
892 3071 953 3123 Εἰ
978 3071 1034 3125 δὲ
1069 3071 1223 3143 παρὰ
1253 3072 1417 3141 φύσιν
1442 3072 1577 3144 αὐτη
1610 3073 1749 3139 ἐστὶ,
1773 3072 1885 3143 χεί-

307 3175 418 3228 ρων
436 3174 496 3211 τε
525 3151 696 3229 αὐτῆς
718 3160 931 3228 γέγονε,
951 3162 1048 3215 καὶ
1070 3164 1281 3235 τρεπτὴ
1308 3163 1595 3229 δέδεικται,
1626 3166 1719 3217 καὶ
1746 3165 1882 3237 πρὸς

304 3247 500 3320 ὕφεσιν
529 3253 877 3325 κατηνέχθη’
906 3257 955 3308 εί
1011 3255 1067 3309 δὲ
1127 3256 1267 3311 κατὰ
1322 3256 1486 3327 φύσιν
1528 3257 1665 3343 αὕτη
1711 3259 1878 3321 ἐστὶν,
1909 3286 1951 3341 C

303 3342 429 3397 οὔτε
458 3345 645 3417 χάριτι
673 3348 706 3418 ἡ
744 3348 1017 3420 σάρκωσις
1040 3349 1135 3404 τοῦ
1165 3351 1362 3419 Λόγου,
1395 3350 1518 3405 οὐτε
1574 3352 1734 3423 μόνου
1788 3352 1880 3406 τοῦ

306 3436 438 3490 Υίοῦ
462 3479 479 3504 ,
501 3437 637 3492 ἀλλὰ
669 3441 762 3493 καὶ
794 3440 890 3493 τοῦ
926 3442 1139 3515 Πατρὸς
1175 3443 1271 3497 καὶ
1302 3443 1397 3497 τοῦ
1432 3444 1747 3515 Πνεύματος
1788 3446 1882 3500 τοῦ

304 3528 491 3597 ἁγίου.
529 3531 595 3583 Τί
644 3531 701 3585 δὲ
752 3532 860 3604 ἄρα
890 3534 980 3587 καὶ
1018 3534 1163 3588 κατὰ
1193 3534 1355 3605 φύσιν
1397 3532 1555 3599 οῦσα,
1588 3537 1756 3591 πάλαι
1784 3538 1884 3607 μὲν

303 3618 406 3671 οὐκ
432 3618 671 3687 ἐγένετο,
702 3621 796 3675 νῦν
822 3622 879 3676 δὲ
910 3622 1181 3693 ἐπράχθη,
1213 3623 1288 3686 ὡς
1322 3623 1547 3688 ἀτελοῦς
1568 3625 1692 3678 τότε
1718 3624 1884 3696 οῦσης

304 3712 408 3783 τῆς
430 3713 667 3783 φύσεως,
701 3714 797 3769 καὶ
828 3717 893 3768 ἐκ
922 3715 1016 3769 τοῦ
1051 3715 1283 3785 δυνάμει
1316 3718 1397 3779 είς
1422 3716 1483 3768 τὸ
1506 3718 1758 3788 ἐνεργείᾳ
1790 3717 1885 3773 νῦν

309 3805 711 3876 προαχθείσης;
745 3805 894 3861 Είδὲ
950 3806 1127 3862 πάντα
1177 3806 1357 3862 ἄτοπά
1414 3807 1531 3861 ὲστι
1582 3808 1673 3861 ἐπὶ
1724 3807 1884 3871 θεοῦ,

305 3897 435 3950 ἄνευ
467 3896 525 3951 δὲ
569 3897 776 3952 τούτων
829 3897 1082 3952 ὲνοῦσθαι
1118 3897 1313 3968 φύσεις
1351 3898 1452 3952 οὐκ
1486 3896 1656 3961 ἔστιν,
1693 3899 1725 3970 ἢ
1763 3899 1886 3953 άτόο

307 4006 428 4051 πως
453 3989 684 4058 ἥνωται,
714 3989 746 4060 ἢ
788 3990 887 4060 οὐχ
915 3989 1139 4060 ἥνωται,
1180 3991 1337 4061 φησι,
1367 3991 1490 4043 καθ’
1524 3991 1822 4045 ὑπόστασιν
1852 3993 1885 4063 ἡ

313 4079 434 4135 θεία
483 4082 646 4151 φύσις
685 4082 849 4155 ἑτέρᾳ
876 4082 1059 4151 φύσει.
1096 4083 1280 4138 Ταῦτα
1306 4083 1371 4137 ἂν
1404 4083 1578 4149 οὕτως
1613 4081 1781 4156 εἶχεν,
1812 4086 1885 4151 εί,

311 4172 498 4237 ἁπλῶς
554 4175 757 4239 παντὸς
814 4177 1141 4246 πράγματος
1165 4177 1456 4249 γινομένου
1476 4221 1491 4243 ,
1524 4177 1687 4246 φύσις
1720 4174 1789 4250 ἦν
1824 4179 1886 4233 τὸ

309 4268 579 4338 προσεχὲς
609 4270 784 4322 αἴτιον
806 4285 820 4298 ο
850 4268 912 4321 τὸ
950 4268 1059 4338 γάρ
1095 4268 1171 4338 μὴ
1209 4268 1469 4339 νήχεσθαι
1504 4269 1626 4323 καθ’
1665 4269 1882 4338 ὓδατος,

309 4361 343 4430 ἢ
373 4361 448 4433 μὴ
477 4360 756 4433 κυϐιστᾷν,
781 4360 813 4432 ἢ
842 4361 1183 4415 κα).ω6ατεῖν
1205 4361 1353 4414 τόνδε
1382 4362 1506 4416 τινὰ
1558 4364 1649 4417 τὸν
1675 4362 1886 4435 ἄνθρω-

311 4470 432 4520 πον,
463 4455 516 4508 τί
542 4453 609 4509 ἂν
644 4454 790 4508 εἴποι
811 4471 896 4519 τις
929 4455 1012 4509 ὅτι
1050 4454 1191 4526 ὑπὲρ
1222 4453 1385 4525 φύσιν
1418 4455 1570 4527 αὐτῷ
1592 4437 1758 4521 ὲστίς
1789 4458 1885 4510 καὶ

315 4546 423 4617 μὴν
474 4547 722 4618 όμοφυὴς
772 4546 922 4617 αὐτῷ
964 4547 1091 4601 τάδε
1138 4548 1370 4618 πράττει
1404 4563 1418 4577 ο
1448 4549 1564 4602 ἀλλ’
1595 4551 1679 4604 ὅτι
1733 4530 1886 4622 παρὰ

1986 2057 2116 2111 dum
2148 2057 2297 2111 illam
2325 2073 2487 2127 quam
2530 2057 2736 2111 insulse
2776 2056 3059 2111 vobiscum
3084 2064 3140 2111 et
3168 2071 3291 2109 cum
3317 2054 3567 2110 Severia—

1985 2149 2072 2204 nis
2097 2157 2570 2213 commentantur,
2602 2150 2771 2204 verba
2806 2158 2995 2203 nostra
3026 2149 3347 2219 accipiunt?
3375 2148 3468 2204 sed
3507 2148 3562 2202 in

1986 2240 2137 2297 hisce
2160 2242 2240 2297 sic
2269 2242 2506 2297 conﬂicti
2534 2242 2651 2296 lucc
2679 2241 3014 2297 terribiliora
3046 2241 3100 2296 in
3124 2240 3288 2296 ﬁdem
3320 2246 3563 2297 nestram

1982 2333 2161 2405 jacula
2192 2332 2545 2404 detorquent.

2581 2425 2734 2481 CAP.
2774 2422 2965 2479 XXIII.

2054 2515 2387 2586 Conjunctio
2415 2515 2719 2570 secundum
2753 2530 3064 2586 personam,
3092 2529 3190 2568 seu
3227 2513 3358 2567 unio
3389 2513 3482 2567 Dei
3510 2520 3567 2567 et

1986 2607 2226 2662 hominis
2247 2648 2261 2671 ,
2287 2608 2373 2662 vel
2401 2617 2484 2662 est
2500 2622 2667 2677 supra
2686 2618 2934 2669 naturam
2962 2606 3387 2672 divinitatis,vel
3413 2615 3567 2662 extra

1985 2707 2261 2764 naturam,
2314 2698 2398 2752 vel
2444 2699 2748 2753 secundum
2775 2707 3054 2763 naturam,
3108 2699 3153 2752 si
3207 2706 3385 2752 tamen
3432 2713 3566 2751 vere

1984 2791 2229 2860 exsistit;
2261 2792 2358 2847 sed
2400 2792 2443 2846 si
2496 2807 2663 2861 supra
2711 2798 2985 2855 naturam,
3039 2790 3093 2843 in
3139 2806 3203 2844 ea
3247 2790 3568 2859 supervenit

1983 2902 2123 2957 opus
2155 2886 2377 2957 majoris
2418 2886 2697 2956 potentiae,
2726 2895 2782 2940 et
2810 2899 2975 2954 super
3008 2899 3065 2938 se
3092 2892 3252 2938 aucta
3272 2892 3387 2947 est;
3422 2882 3566 2937 unde

1984 2996 2092 3035 non
2125 2988 2211 3035 est
2235 2979 2604 3048 omnipotens,
2633 2992 2736 3031 nec
2767 2990 2986 3031 omnem
3027 2974 3294 3028 rationem
3326 2973 3563 3029 excedit.

1983 3073 2039 3128 Si
2086 3082 2268 3127 autem
2302 3079 2456 3126 extra
2483 3078 2760 3134 naturam,
2790 3068 2971 3137 seipsa
3004 3066 3187 3120 minor
3220 3065 3360 3120 facta
3392 3074 3477 3120 est
3510 3075 3567 3120 et

1984 3165 2531 3234 mulabilisapparet,
2563 3170 2618 3217 et
2642 3162 2697 3216 in
2719 3160 3165 3216 extenuationem
3190 3159 3413 3229 delapsa
3439 3167 3523 3213 est
3548 3175 3563 3223 ;

1984 3258 2027 3313 si
2050 3257 2352 3328 verojuxta
2386 3264 2661 3319 naturam,
2690 3269 2871 3324 neque
2901 3268 2965 3308 ex
2994 3251 3170 3323 gratia
3203 3251 3367 3306 Verbi
3390 3252 3568 3305 incar-

1991 3349 2163 3412 natio,
2184 3363 2363 3417 neque
2386 3347 2559 3402 solius
2578 3345 2724 3410 Filii,
2742 3344 2837 3399 sed
2856 3353 2911 3399 et
2931 3344 3174 3399 Patriset
3188 3343 3565 3414 Spiritussan-

1990 3442 2095 3495 eti:
2120 3440 2215 3495 sed
2237 3448 2293 3495 et
2313 3454 2437 3503 cur,
2461 3437 2506 3493 si
2528 3438 2596 3492 sit
2620 3439 2773 3509 juxta
2796 3446 3072 3501 naturam,
3092 3451 3203 3490 non
3234 3444 3393 3489 antea
3424 3434 3565 3488 facta

1989 3544 2092 3600 est,
2118 3535 2212 3591 sed
2233 3550 2403 3597 nunc,
2420 3535 2576 3605 quasi
2602 3543 2797 3589 natura
2824 3535 2983 3605 prius
3006 3531 3325 3603 imperfecta
3347 3531 3563 3592 fuisset,

1988 3638 2046 3683 ct
2082 3644 2231 3682 nunc
2276 3628 2344 3683 de
2376 3626 2625 3698 potentia
2659 3626 2728 3681 ad
2783 3636 2969 3681 actum
3025 3625 3310 3679 transierit
3340 3624 3495 3678 ?Sed
3521 3624 3565 3677 si

1990 3723 2175 3774 omnia
2199 3721 2313 3775 haec
2352 3720 2406 3774 in
2440 3720 2552 3774 Deo
2594 3726 2724 3774 sunt
2747 3718 3007 3781 absurda,
3043 3733 3149 3771 nec
3174 3716 3567 3787 possintaliter

1992 3813 2249 3885 conjungi
2274 3823 2506 3879 naturze,
2527 3813 2612 3867 vel
2636 3811 2875 3867 absurde
2894 3811 3267 3882 conjungitur,
3284 3808 3563 3879 inquiunt,

1994 3907 2077 3961 vel
2118 3888 2342 3960 omnino
2386 3921 2497 3960 non
2548 3905 2901 3975 coniungitur
2932 3912 3129 3957 natura
3174 3901 3360 3956 divina
3407 3902 3567 3956 alteri

1993 4005 2225 4051 naturae.
2265 3995 2375 4051 Sed
2424 3999 2497 4051 ita
2550 4003 2698 4050 esset
2750 3997 2819 4059 si,
2879 3994 2985 4050 hoc
3033 3993 3356 4063 simpliciter
3398 3993 3566 4055 facto,

1992 4098 2189 4142 natura
2235 4097 2382 4143 esset
2433 4103 2601 4144 causa
2638 4087 2953 4142 immediata
2988 4104 3001 4140 :
3038 4100 3277 4155 namque
3324 4101 3433 4140 non
3469 4102 3568 4139 na-

1993 4190 2107 4236 tare
2137 4181 2192 4234 in
2228 4182 2405 4250 aquis.
2435 4197 2544 4236 non
2577 4181 2631 4235 in
2674 4186 2841 4251 caput
2876 4181 3097 4245 saltare,
3133 4190 3230 4236 aut
3262 4179 3318 4234 in
3348 4180 3569 4234 rudenti

1993 4274 2275 4330 ambulare
2312 4275 2523 4331 huncce
2566 4274 2871 4338 hominem,
2918 4273 3196 4345 quomodo
3255 4273 3382 4344 quis
3423 4272 3571 4327 dicat

1994 4368 2110 4422 haec
2163 4382 2327 4438 supra
2378 4375 2630 4422 naturam
2683 4369 2803 4439 ejus
2869 4368 3039 4422 esse?
3096 4367 3370 4437 siquidem
3428 4366 3570 4421 alius

1994 4459 2238 4530 ejusdem
2278 4468 2487 4514 natura:
2515 4459 2631 4514 haec
2660 4459 2791 4514 facit
2816 4477 2829 4513 :
2863 4468 2957 4513 aut
2979 4470 3133 4514 extra
3160 4456 3569 4513 naturam?sed

1994 4550 2140 4620 quod
2180 4566 2245 4605 ea
2282 4566 2391 4604 non
2438 4550 2589 4612 facit,
2634 4566 2743 4605 non
2787 4550 2972 4604 minus
3014 4566 3083 4605 eo
3123 4558 3208 4604 est
3244 4550 3445 4613 homo;
3475 4558 3572 4603 aut

314 4638 478 4706 φύσιν
504 4657 519 4705 ;
543 4640 637 4691 καὶ
666 4638 774 4710 μὴν
819 4639 971 4693 οὐδὲν
998 4635 1163 4711 ἦττον
1190 4638 1477 4710 ἄνθρωπός
1509 4643 1625 4696 ἐστι
1678 4644 1773 4696 καὶ
1808 4643 1883 4714 μὴ

1992 4640 2290 4696 secundum
2324 4641 2619 4695 naturam?
2652 4641 2749 4695 sed
2797 4640 3076 4710 quomodo
3118 4640 3213 4710 qui
3254 4656 3363 4694 non
3396 4647 3569 4703 natat,

315 4731 570 4802 πράττων
624 4729 749 4783 τάδε
774 4747 787 4761 ⁸
820 4729 935 4784 ἀλλ’
987 4730 1069 4784 ὅτι
1128 4734 1269 4786 κατὰ
1299 4734 1501 4803 φύσιν;
1536 4733 1632 4786 καὶ
1664 4733 1783 4797 πῶς
1815 4734 1892 4805 μὴ

313 4822 613 4894 νηχόμενος
646 4824 679 4894 ἢ
716 4822 1009 4889 κυὸιστῶν,
1042 4824 1077 4895 ἢ
1108 4824 1444 4879 καλωὸατῶν
1475 4827 1534 4878 ὲν
1582 4827 1696 4889 τοῖς
1749 4826 1893 4880 κατὰ

316 4916 479 4985 φύσιν
503 4915 655 4969 οὐδὲν
686 4914 907 4969 ἔλαττον
934 4916 1120 4983 Eant;
1156 4918 1365 4971 Οὐκοῦν
1400 4917 1589 4987 σαφῶς
1619 4918 1762 4973 κατὰ
1793 4921 1893 4988 τὴν

314 5007 563 5062 εὐδοκίαν
612 5008 729 5062 ἐστὶ
761 5008 886 5062 τάδε
930 5008 1029 5079 τῆς
1088 5009 1342 5080 φύσεως,
1390 5012 1573 5065 καὶού
1626 5010 1768 5066 κατὰ
1795 5010 1894 5082 τὴν

317 5099 481 5170 φύσιν
501 5099 595 5153 τοῦ
612 5100 956 5165 εὐδοκοῦντος
981 5101 1092 5173 ἔχει
1120 5103 1217 5174 τὴν
1242 5103 1420 5157 αἰτίαν
1445 5104 1697 5173 πρώτως.
1722 5103 1894 5157 Τινῶν

317 5193 427 5262 γὰρ
458 5192 722 5247 ἐναντίων
770 5193 918 5263 ἀρχὴ
962 5195 1057 5246 καὶ
1089 5193 1332 5261 ἐξουσία,
1357 5196 1391 5265 ὴ
1420 5196 1615 5264 γνώμη
1649 5196 1769 5249 ἐστὶ
1797 5196 1894 5249 καὶ

316 5284 417 5353 οὐχ
448 5284 482 5352 ἡ
539 5281 719 5351 φύσις.
762 5283 904 5336 Ἀλλ’
939 5282 1102 5352 αὕτη,
1136 5284 1293 5354 φησὶ,
1346 5287 1380 5355 ὴ
1411 5284 1607 5349 ένωσις
1631 5285 1726 5339 τοῦ
1754 5285 1891 5340 Θεοῦ

318 5374 442 5428 καθ’
472 5375 617 5444 ἡμᾶς
668 5377 870 5446 φυσικῇ
921 5374 1169 5429 συνθέσει
1201 5376 1540 5448 ἀπετελέσθη
1568 5392 1581 5406 ·
1610 5377 1809 5450 γνώμῃ
1836 5378 1895 5432 δὲ

322 5468 428 5539 ἰδίᾳ
461 5466 624 5536 φύσις
652 5466 751 5538 οὐχ
792 5468 1181 5523 ὑποτέτακται.
1221 5471 1296 5522 Οὐ
1331 5471 1440 5542 γάρ
1492 5471 1616 5523 ἐπεὶ
1672 5471 1891 5525 εὐδοκία

321 5563 441 5614 ἐστὶ
496 5559 715 5623 πολλοῖς
768 5560 1119 5631 ἀδαμαντίνῳ
1150 5562 1182 5628 ἢ
1226 5563 1398 5633 άερὶῳ
1427 5562 1640 5633 σώματι
1671 5567 1894 5633 συγκεῖ-

322 5653 447 5707 σθαι
482 5653 663 5707 αὐτῶν
686 5653 786 5724 τὴν
816 5652 977 5720 φύσιν
1000 5654 1099 5724 τῆς
1127 5654 1325 5725 ψυχῆς,
1344 5656 1446 5726 ἤδη
1470 5658 1561 5709 καὶ
1587 5657 1893 5725 σύγκειται·

321 5746 439 5800 ἀλλ’
470 5746 638 5809 ὅντως
689 5744 865 5808 οὕτως
918 5746 1031 5817 ἔχει
1098 5747 1244 5812 τάδε,
1268 5749 1359 5818 ὲφῖ
1385 5742 1461 5803 ὧν
1486 5750 1667 5820 ἥττων
1689 5752 1839 5803 ἐστὶν
1864 5753 1897 5822 ἡ

322 5838 541 5893 εὐδοκία
595 5841 662 5910 τῇ
691 5839 922 5910 δυνάμει
977 5840 1075 5910 τῆς
1123 5840 1341 5907 φύσεως
1372 5842 1467 5895 τοῦ
1491 5842 1838 5907 εὐδοκοῦντος
1879 5861 1892 5876 ·

300 5931 446 5985 οὐδὲ
473 5932 579 6003 γὰρ
608 5934 653 5985 οἱ
680 5932 834 5997 πεζοὶ
863 5932 1144 5999 πτηνῶσαι
1167 5935 1394 5999 ἑαυτοὺς
1424 5935 1683 6007 ἱσχύομεν
1707 5937 1892 6006 φύσει,

1993 4748 2102 4787 non
2138 4733 2193 4787 in
2242 4742 2407 4801 caput
2447 4732 2647 4797 saltat,
2694 4740 2791 4786 aut
2840 4732 3212 4794 funeincedit,
3236 4747 3345 4785 non
3390 4730 3573 4783 minus

1992 4839 2115 4894 qua:
2144 4831 2273 4878 sunt
2306 4822 2612 4878 secundum
2658 4831 2908 4877 naturam
2953 4823 3060 4877 alia
3104 4821 3369 4877 habebit?
3400 4821 3574 4875 Mani-

1993 4916 2130 4971 feste
2195 4915 2362 4985 igitur
2407 4916 2523 4970 haec
2584 4925 2714 4969 sunt
2787 4914 3096 4970 secundum
3166 4914 3573 4984 beneplacitum

1994 5017 2224 5071 natura},
2246 5022 2353 5060 non
2384 5005 2438 5061 in
2465 5017 2660 5061 natura
2692 5006 3072 5061 benevolentis
3093 5021 3313 5061 causam
3342 5006 3573 5076 primam

1996 5098 2222 5155 habent.
2252 5099 2511 5170 Regimen
2541 5099 2688 5154 enim
2711 5107 3031 5169 etpotestas
3050 5115 3234 5153 rerum
3266 5099 3574 5154 contraria-

1996 5207 2140 5256 rum,
2165 5192 2419 5247 voluntas
2441 5200 2546 5255 est,
2562 5208 2672 5246 non
2697 5200 2916 5246 natura.
2943 5191 3183 5256 Sed,ait,
3212 5191 3301 5245 illa
3326 5191 3459 5245 unio
3478 5190 3572 5243 Dei

1997 5283 2285 5340 nobiscum
2308 5282 2545 5339 naturali
2561 5284 2950 5354 conjunctione
2969 5283 3072 5337 fuit
3089 5283 3329 5354 perfecta
3346 5300 3359 5336 :
3378 5291 3573 5336 natura

1997 5386 2180 5432 autem
2214 5378 2451 5448 propriae
2487 5376 2754 5431 voluntati
2792 5391 2901 5430 non
2937 5376 3205 5447 subjacet.
3253 5374 3577 5431 Veientibus

1997 5470 2144 5525 enim
2168 5470 2423 5540 plurimis
2442 5470 2682 5524 animam
2710 5484 2863 5523 suam
2901 5470 3159 5540 conjungi
3191 5484 3316 5524 cum
3344 5484 3576 5539 corpore

1999 5563 2353 5618 adamantino
2365 5572 2458 5617 aut
2473 5562 2734 5627 atthereo,
2757 5577 2865 5616 non
2888 5572 2972 5618 est
2994 5564 3048 5617 in
3067 5578 3261 5618 eorum
3280 5570 3574 5633 potestate;

2001 5657 2073 5710 ita
2100 5664 2283 5709 autem
2317 5664 2422 5719 est,
2453 5655 2583 5725 quia
2607 5654 2861 5709 voluntas
2884 5655 3065 5710 minor
3098 5664 3183 5709 est
3216 5664 3425 5709 natura!
3459 5662 3580 5723 pot—

1999 5758 2191 5803 estate.
2224 5748 2342 5803 Non
2372 5748 2519 5802 enim
2549 5763 2676 5803 cum
2706 5748 2991 5819 pedestres
3021 5750 3215 5812 simus,
3235 5757 3431 5801 natura
3455 5762 3579 5816 pos-

2002 5860 2192 5897 sumus
2217 5860 2316 5897 nos
2344 5842 2446 5897 alis
2484 5843 2782 5907 instruere,
2819 5843 3070 5913 quamvis
3112 5840 3343 5895 volitare
3392 5836 3581 5908 cupia-

2004 5953 2145 5991 mus.
2179 5936 2285 5991 Scd
2331 5936 2385 5990 in
2416 5936 2530 5991 Deo
2569 5936 2826 5991 voluntas
2861 5943 2917 5990 et
2950 5941 3147 5988 natura
3174 5930 3421 6003 ejusdem
3450 5939 3579 5984 sunt
