4032 6550
497 482 625 547 Nili

1751 485 2060 545 LEONTII
2103 483 2508 544 BY-ZANTINI

3617 473 3744 538 159?.

491 593 782 667 potestatis
805 601 860 647 et
891 590 1212 648 concordes.
1246 591 1450 646 Eorum
1490 592 1656 665 igitur
1693 608 1816 662 qua:
1858 593 1913 647 in
1945 594 2066 662 ejus

2171 591 2264 645 καί
2296 607 2378 643 τοι
2411 587 2726 658 βουλόμενοι
2754 585 3013 640 ἵπτασθαι
3038 602 3050 618 ·
3080 583 3176 638 τοῦ
3208 584 3266 639 δὲ
3296 581 3436 637 Θεοῦ
3471 583 3571 654 ἦτε
3598 585 3750 637 εὐδο-

489 703 746 748 naturam
786 693 944 756 fiunt,
981 689 1206 760 propria
1249 689 1507 743 voluntas
1540 702 1707 743 causa
1741 696 1828 745 est
1865 688 2066 742 volun-

488 785 620 841 tatis
661 782 856 854 ipsius,
903 781 1113 840 scilicet
1143 781 1330 836 volens
1362 790 1572 836 naturae
1603 780 1751 836 circa
1799 779 2062 850 seipsam,

489 873 608 944 ipsa
624 887 786 927 causa
808 881 920 938 est;
947 886 1124 942 neque
1146 871 1327 925 minor
1345 879 1611 940 quantum
1627 871 1696 924 ad
1715 877 2063 941 potestatem,

486 981 671 1035 neque
705 964 880 1034 major
904 963 1158 1019 voluntas
1183 970 1380 1017 natura
1403 963 1458 1016 in
1482 963 1595 1017 Deo
1625 961 1864 1032 simplici
1891 979 1904 1014 :
1947 977 2066 1016 om-

487 1055 581 1108 nia
617 1054 764 1108 enim
801 1067 1142 1122 quacunque
1177 1051 1394 1117 voluit,
1444 1051 1709 1106 Dominus
1741 1050 1913 1106 fecit:
1943 1065 2066 1122 qua:

487 1154 672 1199 autem
715 1159 829 1199 non
873 1145 1032 1210 ﬁunt,
1074 1159 1141 1199 ex
1183 1159 1251 1198 eo
1278 1159 1390 1198 non
1430 1141 1568 1197 ﬁunt
1613 1142 1761 1212 quod
1807 1143 1920 1197 Deo
1953 1159 2064 1198 non

487 1234 719 1306 placuit.
779 1236 972 1290 Potest
1021 1250 1154 1306 ergo
1207 1251 1550 1307 quaecunque
1607 1234 1880 1307 placuerit
1949 1235 2066 1290 haec

486 1325 672 1382 facere
700 1334 757 1381 et
789 1326 1048 1381 voluntas
1085 1335 1142 1382 et
1172 1337 1366 1383 natura
1410 1328 1616 1394 divina,
1666 1334 1725 1384 et
1762 1325 1903 1382 facta
1933 1327 2067 1382 sim-

486 1417 708 1487 pliciter
759 1416 1138 1472 demonstrant
1192 1419 1292 1474 Dei
1346 1420 1724 1484 voluntatem,
1773 1417 1903 1473 licet
1954 1431 2066 1472 non

487 1509 601 1565 sint
630 1525 796 1580 supra
830 1516 1101 1574 naturam,
1147 1526 1326 1581 neque
1363 1521 1520 1567 extra
1559 1520 1838 1575 naturam,
1885 1523 2066 1579 neque

489 1599 800 1656 secundum
823 1607 1106 1655 naturam.

1089 1713 1242 1771 CAP.
1273 1710 1466 1768 XXIV.

555 1827 798 1884 Verbum
823 1844 990 1886 verus
1019 1829 1187 1894 Deus,
1225 1827 1530 1898 simplicem
1562 1824 1773 1881 habens
1806 1825 2067 1881 substan-

2167 681 2259 733 κία
2286 680 2382 733 καὶ
2404 681 2437 748 ἠ
2469 677 2651 746 φύσις,
2678 675 3019 745 ίσοδύναμος,
3049 675 3144 729 καὶ
3159 675 3472 744 σύμφωνος.
3508 674 3634 728 Τῶν
3658 672 3748 729 οὖν

2166 771 2476 841 γενομένων
2519 771 2600 833 είς
2623 768 2724 840 τὴν
2757 767 2925 822 αὑτοῦ
2954 767 3139 836 φύσιν,
3168 768 3202 838 ἡ
3235 766 3344 820 ίδία
3381 765 3629 828 εὐδοκία,
3664 768 3751 820 al-

2165 863 2256 916 τία
2285 863 2384 932 τῆς
2412 862 2662 925 εὐδοκίας
2695 861 2891 930 αὑτῆς,
2915 859 2993 923 ὡς
3017 859 3316 913 εὑδοκοῦσα
3344 858 3486 929 αὑτὴ
3518 860 3552 929 ή
3589 860 3749 928 φύσις

2166 953 2294 1023 περὶ
2315 953 2533 1024 ἑαυτῆς,
2562 951 2702 1021 αὕτη
2730 953 2880 1006 ἐστὶν
2904 951 3074 1006 αίτία.
3105 949 3244 1005 Οὑτε
3264 946 3359 1004 οὗν
3378 952 3602 1022 χείρων,
3632 952 3752 1004 οὑδὲ

2166 1045 2432 1116 κρείττων
2465 1044 2610 1099 κατὰ
2630 1043 2860 1113 δύναμιν
2886 1043 3108 1096 εὐδοκία
3136 1044 3239 1114 τῆς
3275 1043 3497 1112 φύσεως
3532 1043 3628 1096 ἐπὶ
3652 1043 3747 1096 τοῦ

2166 1136 2303 1190 Θεοῦ
2332 1135 2426 1190 τοῦ
2459 1135 2629 1189 ἁπλοῦ
2657 1149 2674 1166 ⁶
2701 1135 2881 1189 πάντα
2911 1133 3014 1204 γάρ
3041 1135 3142 1187 ὅσα
3185 1133 3454 1204 ἠθέλησεν
3479 1135 3510 1187 ό
3535 1133 3745 1202 Κύριος

2167 1228 2392 1298 ἐποίησε
2429 1244 2443 1260 '
2487 1230 2584 1282 καὶ
2611 1229 2712 1282 ὅσα
2749 1227 2824 1298 μὴ
2881 1227 3124 1297 ποιῆται,
3161 1225 3296 1297 μηδὲ
3332 1225 3575 1278 εὑδοκείν
3615 1225 3745 1278 τάδε

2166 1319 2421 1390 πρώτως.
2456 1319 2694 1374 Δὺναται
2718 1314 2812 1373 οὑν
2855 1320 3032 1372 ποιεῖν
3081 1317 3220 1381 ὅλως
3254 1317 3604 1387 εὑδοκήσασά
3634 1335 3688 1370 τι
3713 1318 3749 1388 ἡ

2168 1410 2287 1465 θεία
2325 1409 2490 1481 βουλὴ
2516 1408 2763 1481 ὥσπερὴ
2809 1409 3009 1478 φύσιςο
3036 1409 3133 1462 καὶ
3183 1408 3326 1479 μήτε
3372 1408 3516 1462 κατὰ
3564 1407 3753 1477 φύσιν,

2169 1503 2308 1574 μήτε
2336 1502 2476 1573 ὑπὲρ
2509 1501 2694 1570 φύσιν,
2723 1502 2858 1572 μήτε
2889 1501 3040 1572 παρά
3069 1500 3232 1570 φύσιν
3261 1498 3390 1554 ὅντα
3419 1539 3437 1565 ,
3468 1500 3754 1555 δεικνύναι

2166 1593 2258 1648 τὸν
2290 1593 2615 1648 εὑδοκοῦντα
2641 1592 2774 1648 Θεὸν
2799 1593 2991 1656 ἁπλῶς
3025 1594 3089 1646 ἐκ
3111 1591 3290 1647 τοῦδε.

2747 1725 3000 1778 ΚΕΦΛΛ.
3043 1724 3173 1777 κεν.

2237 1839 2368 1904 Θεὸς
2397 1839 2650 1912 ἀληθινὸς
2681 1841 2710 1893 ό
2738 1838 2932 1907 Λόγος,
2978 1837 3162 1907 ἁπλῆν
3206 1835 3346 1907 ἔχων
3386 1836 3582 1890 οὑσίαν
3615 1835 3756 1890 κατὰ

487 1919 642 1985 tiam,
686 1921 992 1977 secundum
1021 1921 1386 1978 substantiam
1431 1919 1632 1975 Patris.
1675 1918 1734 1975 Si
1777 1933 1909 1990 ergo
1943 1934 2066 1973 car-

2171 1932 2266 2004 τὴν
2296 1931 2484 1987 οὑσίαν
2509 1931 2605 1986 τοῦ
2652 1931 2888 2002 Πατρός.
2927 1931 2992 1984 Εἰ
3028 1929 3145 2000 ἔχει
3170 1924 3265 1983 οὖν
3315 1929 3413 2000 τὴν
3450 1931 3633 2000 σάρκα
3675 1932 3757 1993 είς

485 2027 612 2068 nem
636 2014 690 2070 in
716 2029 872 2070 suam
896 2015 1256 2070 substantiam
1272 2012 1489 2084 recipit,
1509 2021 1571 2068 ut
1589 2011 1846 2085 IEgyptio
1863 2013 2064 2082 placet,

485 2119 518 2159 a
549 2120 680 2161 vera
719 2105 1126 2177 appellatione,
1167 2105 1327 2160 sicuti
1372 2119 1404 2159 a
1441 2119 1573 2159 vera
1615 2111 1815 2159 natura
1856 2103 2062 2159 deficit.

487 2201 594 2258 Sed
635 2217 860 2258 carnem
888 2218 1000 2258 non
1027 2202 1082 2257 in
1125 2201 1492 2258 substantiam
1521 2201 1687 2257 Verbi
1720 2209 1780 2256 ut
1819 2200 1944 2256 talis
1969 2216 2064 2255 re-

487 2293 646 2362 cipit,
677 2294 773 2350 sed
804 2295 859 2350 in
891 2310 1054 2349 unam
1102 2308 1293 2349 earum
1337 2309 1405 2348 ex
1451 2293 1654 2364 quibus
1692 2301 1911 2349 constat
1944 2293 2066 2362 ejus

486 2402 761 2456 persona,
825 2403 953 2443 cum
1010 2386 1264 2443 Christus
1307 2387 1380 2442 sit
1428 2387 1666 2456 duplicis
1720 2385 2060 2441 substantiae.

487 2476 594 2533 Sed
641 2479 685 2534 si
735 2487 961 2549 propter
1014 2480 1121 2535 hoc
1155 2480 1317 2535 Verbi
1364 2479 1672 2535 substantia
1710 2478 1771 2533 ﬁt
1816 2479 1998 2534 aliena
2032 2494 2063 2533 a

485 2571 739 2640 personis
765 2571 1110 2643 simplicibus
1143 2571 1248 2627 sibi
1298 2571 1880 2636 consubstantialibus,
1910 2571 2059 2642 quod

485 2678 636 2718 nunc
651 2673 879 2734 apparet
910 2663 963 2718 in
985 2654 1285 2733 composita
1317 2679 1573 2734 persona,
1594 2679 1722 2718 cum
1747 2663 2058 2719 substantia

486 2753 691 2817 carnis,
715 2761 865 2810 certe
888 2754 1118 2819 Joannis
1146 2754 1328 2809 anima
1357 2754 1462 2810 fuit
1480 2755 1711 2810 alterius
1738 2753 2064 2810 substantiae

486 2857 552 2898 ac
582 2844 792 2914 proprii
821 2843 1009 2900 fratris
1043 2844 1234 2901 Jacobi
1259 2846 1463 2911 anima,
1494 2860 1620 2900 cum
1655 2845 1748 2901 hic
1781 2844 1964 2917 gladio
1993 2845 2063 2901 ab

486 2933 702 2992 Herode
727 2936 888 3009 longe
910 2946 1036 2994 ante
1063 2937 1217 2992 illum
1237 2946 1465 2993 necatus
1486 2937 1688 2994 fuerit:
1708 2937 1891 2992 anima
1915 2937 2064 2993 enim

485 3030 677 3086 Jacobi
736 3041 862 3102 post
918 3039 1152 3087 mortem
1206 3032 1262 3086 in
1319 3032 1560 3104 simplici
1618 3047 1857 3104 persona
1913 3032 2061 3097 luit,

485 3122 716 3179 Joannis
747 3130 932 3178 autem
971 3123 1152 3179 anima
1173 3122 1356 3178 adhuc
1395 3123 1452 3182 in
1486 3124 1788 3195 composita
1828 3139 2065 3195 persona

488 3211 806 3268 videbatur.

1091 3328 1242 3384 CAP.
1293 3329 1458 3385 XXV.

560 3419 805 3478 Verbum
860 3422 1164 3478 secundum
1216 3439 1509 3494 personam
1565 3422 1891 3489 immensus,
1938 3439 2068 3480 caro

491 3521 678 3569 autem
709 3513 1014 3570 secundum
1043 3529 1334 3586 personam
1369 3515 1792 3572 mensurabilis.
1814 3514 1919 3582 Qui
1969 3517 2067 3571 Dei

490 3613 550 3660 et
590 3604 772 3661 carnis
812 3606 1074 3662 unionem
1123 3605 1427 3663 secundum
1466 3621 1761 3679 personam
1804 3605 2067 3673 aﬂirmat,

493 3697 588 3753 ille
619 3697 705 3752 vel
731 3697 905 3753 Deum
934 3697 989 3753 in
1015 3697 1546 3754 mensurabilitatem
1582 3697 1764 3755 carnis
1805 3696 2067 3762 demittit,

492 3791 580 3846 vel
615 3805 836 3847 carnem
866 3791 934 3846 ad
967 3791 1394 3847 immensitatem
1421 3789 1518 3846 Dei
1546 3791 1794 3858 extollit;
1834 3789 1931 3847 sed
1961 3791 2068 3845 nisi

494 3882 604 3937 hoc
625 3891 721 3937 aut
752 3882 845 3937 illo
867 3881 1034 3937 modo
1059 3881 1173 3948 ﬁat,
1200 3896 1310 3936 non
1341 3881 1602 3952 possibile
1627 3889 1715 3937 est
1741 3881 1916 3936 Deum
1941 3895 2068 3936 cum

497 3989 662 4032 carne
696 3973 1000 4030 secundum
1025 3990 1315 4044 personam
1351 3974 1519 4029 uniri.
1545 3973 1602 4028 Si
1627 3972 1799 4028 Verbi
1832 3973 2070 4027 immen-

493 4067 739 4131 sitatem,
768 4075 830 4122 ut
857 4066 1039 4121 carnis
1071 4067 1602 4122 mensurabilitatem
1639 4065 1708 4120 ad
1744 4065 2067 4121 continuam

494 4158 860 4227 quantitatem
889 4157 1127 4227 quodam
1162 4159 1327 4213 modo
1365 4159 1558 4225 refers,
1582 4168 1730 4214 recte
1770 4174 2070 4230 argumen-

494 4256 644 4304 tatus
681 4264 776 4314 es;
810 4247 854 4303 si
893 4256 1076 4302 autem
1122 4248 1282 4302 aliter
1324 4249 1653 4304 immensum
1701 4249 1966 4313 Verbum,
2008 4259 2072 4305 ut

495 4347 626 4408 puta
670 4347 961 4409 potestate,
997 4339 1387 4394 mensurabilis
1421 4349 1604 4394 autem
1641 4355 1795 4403 caro,
1838 4356 1948 4395 non
1984 4350 2070 4396 est

496 4430 796 4486 absurdum
863 4431 1206 4502 superiorem
1264 4433 1587 4502 putestatem
1662 4447 1787 4486 cum
1852 4432 2070 4489 minore

498 4523 662 4578 uniri.

1092 4635 1244 4692 CAP.
1277 4635 1468 4690 XXVI.

562 4727 813 4782 lncreata
847 4727 1014 4782 Verbi
1047 4741 1303 4797 persona,
1335 4735 1522 4782 creata
1567 4728 1754 4783 carnis
1776 4745 2011 4800 persona
2047 4748 2062 4796 ;

491 4818 592 4875 sed
636 4835 741 4875 nec
781 4829 963 4890 potest
1004 4819 1252 4875 increato
1281 4822 1444 4876 modo
1475 4836 1605 4876 caro
1639 4821 1822 4878 Verbo
1866 4823 2016 4878 uniri
2049 4863 2067 4892 ,

490 4924 599 4967 nec
630 4911 798 4966 modo
825 4918 1015 4965 creato
1043 4909 1286 4965 Verbum
1313 4911 1487 4966 carni.
1522 4911 1840 4968 Secundum
1872 4928 2071 4984 quam-

491 5017 623 5058 nam
655 5003 826 5074 igitur
863 5018 1156 5073 personam
1199 5004 1333 5058 unio
1377 5002 1520 5058 facta
1551 5013 1656 5069 est,
1703 5020 1827 5075 quae
1873 5020 2073 5060 secun—

493 5096 626 5149 dum
674 5109 968 5165 personam
1020 5094 1161 5150 facta
1209 5096 1330 5150 est?
1380 5095 1501 5151 Non
1553 5110 1743 5150 rerum
1787 5096 2070 5151 unitarum

493 5186 921 5257 przedicamenta
937 5185 1130 5242 eadem
1149 5196 1277 5243 sunt
1298 5189 1524 5244 omnino
1538 5203 1602 5243 ac
1627 5187 1803 5258 ipsius
1825 5189 2067 5245 unionis.

497 5276 640 5334 Unio
664 5277 834 5349 igitur
868 5279 1174 5335 secundum
1219 5296 1298 5340 se.
1349 5295 1528 5350 neque
1560 5287 1742 5334 creata
1771 5295 1954 5350 neque
1987 5281 2072 5334 in-

494 5377 682 5425 creata
727 5379 849 5438 est;
899 5388 1080 5443 neque
1133 5375 1337 5428 etenim
1395 5372 1625 5438 creatio,
1684 5388 1864 5443 neque
1914 5373 2068 5436 unio,

495 5463 854 5531 substantiae;
889 5473 1156 5521 creatura:
1183 5475 1370 5520 autem
1413 5473 1470 5519 et
1508 5465 1756 5520 increata
1813 5467 1960 5522 inter
2011 5483 2071 5524 se

494 5556 688 5620 unita,
743 5555 1065 5612 substantiae
1117 5566 1348 5612 essent:
1384 5555 1850 5627 quemadmodum
1901 5557 2072 5628 igitur

495 5647 631 5720 quin
676 5648 1130 5718 permanentibus
1178 5647 1380 5702 animis
1428 5663 1662 5719 corpora
1691 5648 1858 5703 nobis
1892 5650 1946 5703 in
1981 5665 2068 5704 re-

493 5743 842 5798 surrectione
876 5741 1091 5798 reddita
1134 5741 1279 5796 uniri
1332 5742 1411 5796 nil
1461 5742 1736 5812 prohibet,
1771 5742 1853 5797 sic
1890 5757 2070 5812 neque

493 5836 627 5906 quin
644 5835 826 5892 Verbo
843 5834 1255 5890 antcexsistenti
1278 5843 1336 5888 ut
1353 5833 1618 5899 increato,
1636 5851 1813 5905 nuper
1831 5844 2070 5890 creatam

495 5945 742 5996 carnem,
778 5928 1103 6000 simpliciter
1120 5936 1342 5999 propter
1364 5927 1528 5985 Verbi
1557 5927 2071 5998 prmexsistcntiam.

2097 4647 2145 4707 D

2167 2025 2376 2091 οὑσίαν,
2403 2025 2585 2089 καθὼς
2600 2024 2676 2096 τῷ
2706 2024 2986 2096 Αἰγυπτίῳ
3018 2024 3196 2088 δοκεῖ,
3228 2023 3326 2077 τοῦ
3370 2023 3632 2092 ἀληθινοῦ
3659 2023 3757 2093 ἠλ-

2165 2117 2475 2189 λοτρίωται,
2517 2117 2706 2190 ὥσπερ
2743 2117 2846 2188 τῆς
2889 2116 3126 2186 φύσεως,
3153 2114 3329 2179 οὕτως
3371 2116 3468 2168 καὶ
3495 2115 3597 2183 τῆς
3625 2115 3759 2183 κλή-

2166 2225 2326 2272 σεως.
2367 2207 2508 2261 Ἀλλ’
2548 2208 2648 2260 οὑκ
2689 2208 2769 2270 είς
2824 2205 3014 2259 οὑσίαν
3059 2206 3158 2275 τὴν
3193 2203 3270 2266 ὡς
3315 2202 3494 2270 Λόγου
3544 2200 3757 2270 γυμνοῦ

2165 2300 2276 2370 ἔχει
2312 2299 2410 2370 τὴν
2451 2301 2649 2371 σάρκα,
2695 2297 2811 2352 ἀλλ’
2857 2297 2937 2360 εἰς
2978 2295 3169 2350 οὑσίαν
3223 2296 3324 2363 τὴν
3369 2294 3446 2358 ὡς
3482 2293 3614 2364 μίαν
3650 2292 3758 2345 τῶν

2164 2394 2261 2463 τῆς
2295 2392 2649 2456 ὑποστάσεως
2683 2389 2874 2452 αὑτοῦ,
2911 2387 3005 2442 τοῦ
3039 2387 3134 2442 καὶ
3159 2385 3403 2440 διουσίου
3434 2385 3592 2447 δντος
3623 2385 3760 2452 Χρι-

2166 2483 2314 2540 στοῦ.
2349 2483 2411 2538 Εί
2442 2484 2499 2537 δὲ
2526 2484 2613 2538 διὰ
2631 2483 2750 2537 τόδε
2781 2481 3142 2553 ἠλλοτρίωται
3184 2479 3218 2549 ἡ
3260 2477 3354 2532 τοῦ
3385 2477 3564 2547 Λόγου
3595 2478 3759 2531 οὑσέα

2162 2577 2271 2632 τῶν
2301 2576 2605 2648 όμοουσίων
2662 2575 2800 2647 αὑτῇ
2845 2573 3033 2629 ἁπλῶν
3080 2571 3462 2635 ὑποστάσεων,
3511 2570 3652 2624 διότι
3697 2570 3758 2621 ὲν

2166 2658 2404 2742 συνθέτῳ
2445 2669 2741 2723 ὑποστάσει
2778 2667 2873 2722 νῦν
2911 2667 3050 2737 μετὰ
3080 2667 3181 2737 τῆς
3205 2665 3395 2730 οὐσίας
3418 2663 3520 2734 τῆς
3544 2663 3754 2735 σαρκδς

2163 2763 2376 2833 ὁρᾶται,
2407 2760 2519 2832 ἄρα
2559 2777 2624 2828 γε
2663 2759 2758 2813 καὶ
2803 2759 3050 2812 Ἰωάννου
3083 2760 3117 2828 ἡ
3148 2758 3297 2830 ψυχή
3330 2773 3464 2809 ποτε
3493 2752 3758 2824 ὲτεροοὺ-

2166 2870 2280 2917 σιος
2299 2848 2368 2925 ἦν
2407 2853 2542 2923 πρὸς
2566 2851 2664 2923 τὴν
2698 2850 2791 2906 τοῦ
2827 2851 2958 2906 ἰδίου
2989 2851 3223 2919 ἀδελφοῦ
3262 2849 3523 2904 Ἰακώϐου
3550 2848 3757 2919 ψυχὴν.

2163 2947 2223 3001 ὃν
2251 2945 2568 3015 προανεῖλεν
2598 2944 2762 2998 αὑτοῦ
2801 2946 3050 3017 μαχαίρᾳ
3089 2946 3116 2998 ὁ
3159 2942 3410 3016 Ἡρώδης
3435 2942 3628 2996 πάλαιο
3660 2934 3763 2994 καὶ

2163 3039 2331 3112 γὰρὴ
2377 3039 2475 3110 μὲν
2516 3037 2770 3092 Ἰακώϐου
2803 3037 2974 3110 ψυχὴ,
3022 3040 3080 3091 ἐν
3124 3038 3275 3109 ἁπλῇ
3319 3037 3622 3094 ὑποστάσει
3656 3034 3761 3104 γέ-

2163 3149 2288 3202 γονε
2321 3131 2460 3202 μετὰ
2490 3131 2740 3186 θάνατον·
2781 3134 2816 3204 ἠ
2874 3131 2932 3185 δὲ
2993 3130 3247 3186 Ἰωάννου
3296 3131 3354 3184 ὲν
3409 3128 3650 3199 συνθέτῳ
3688 3122 3763 3198 ἦν

2168 3228 2248 3282 ἔτι
2277 3227 2581 3300 φαινομένη
2618 3226 2939 3282 ὑποστάσει.

2743 3335 2994 3391 ΚΕΦΛΛ.
3038 3334 3136 3388 ΚΕ
3153 3371 3172 3389 .

2250 3427 2310 3480 '0
2342 3425 2515 3495 Λόγος
2548 3426 2671 3482 καθ’
2703 3427 3004 3480 ὑπόστασιν
3048 3425 3311 3496 ἄμετρος,
3360 3424 3395 3495 ἡ
3431 3421 3574 3494 σάρξ
3623 3421 3759 3475 καθ’

2170 3519 2468 3574 ὑπόστασιν
2520 3518 2818 3590 ἔμμετρος.
2854 3517 2912 3570 '0
2964 3517 3064 3588 τὴν
3109 3515 3235 3570 καθ’
3267 3515 3571 3570 ὑπόστασιν
3621 3513 3764 3567 Θεοῦ

2170 3613 2264 3667 καὶ
2297 3612 2496 3684 σαρκὸς
2527 3609 2870 3682 δογματίζων
2898 3609 3116 3674 ἕνωσιν,
3150 3608 3184 3680 ἢ
3232 3607 3323 3662 τὸν
3351 3607 3486 3662 Θεὸν
3512 3608 3767 3677 κάμπτει

2171 3706 2250 3768 εἰς
2275 3703 2336 3756 τὸ
2357 3701 2672 3773 σύμμετρον
2693 3701 2794 3771 τῆς
2821 3701 3051 3772 σαρκὸς,
3077 3699 3110 3772 ἢ
3133 3701 3234 3771 τὴν
3262 3699 3443 3770 σάρκα
3477 3699 3763 3755 ἀποτείνει

2171 3796 2251 3859 είς
2303 3795 2362 3848 τὸ
2409 3794 2646 3865 ἄμετρον
2694 3791 2795 3848 τοῦ
2841 3791 2999 3846 Θεοῦ·
3038 3793 3176 3864 μήτε
3224 3791 3336 3862 γὰρ
3382 3790 3579 3844 τούτου
3621 3792 3764 3860 μήτε

2171 3888 2384 3942 ἐκείνου
2431 3885 2745 3956 γινομένου,
2779 3884 3044 3941 ἀδύνατον
3075 3885 3240 3956 σαρκὶ
3283 3884 3406 3938 καθ’
3451 3883 3764 3937 ὑπόστασιν

2173 3978 2440 4049 ὲνωθῆναι
2471 3977 2562 4031 τδν
2599 3977 2754 4032 Θεόν.
2808 3975 2870 4030 Εἰ
2905 3975 2967 4029 τὸ
2997 3975 3239 4046 ἄμετρον
3272 3973 3368 4027 τοῦ
3400 3973 3580 4042 Λόγου
3619 3973 3763 4028 κατά

2171 4089 2224 4125 τι
2257 4070 2422 4124 ποσὸν
2453 4068 2676 4140 συνεχὲς
2714 4069 2855 4131 νοεῖς
2889 4067 3079 4138 ὥσπερ
3112 4067 3208 4120 καὶ
3249 4065 3310 4120 τὸ
3349 4065 3630 4136 ἔμμετρον
3661 4064 3763 4134 τῆς

2173 4163 2406 4233 σαρκὸς,
2451 4161 2626 4232 ὀρθῶς
2670 4159 3017 4228 συνελογίσω·
3050 4159 3101 4212 εί
3129 4158 3186 4211 δὲ
3218 4158 3422 4227 ἑτέρως
3453 4157 3702 4228 ἄμετρος
3728 4159 3757 4210 ό

2172 4255 2365 4322 Λόγος,
2395 4253 2560 4324 ἤγουν
2590 4253 2655 4323 τῇ
2685 4251 2935 4322 δυνάμει,
2975 4251 3010 4322 ἠ
3039 4249 3097 4303 δὲ
3147 4249 3285 4319 σάρξ
3336 4249 3642 4320 ἔμμετρος,
3672 4249 3764 4301 οὑ-

2172 4345 2262 4399 δὲν
2282 4342 2479 4398 ἄτοπον
2505 4343 2604 4415 τὴν
2635 4342 3012 4414 ὑπερέχουσαν
3041 4340 3273 4413 δύναμιν
3302 4339 3561 4394 ἐνοὺσθαι
3593 4339 3762 4394 ἐλάτ-

2173 4453 2306 4488 τονι.

2748 4637 2998 4692 ΚΕΦΑΛ.
3039 4634 3186 4706 Kq'.

2246 4734 2536 4796 ’Λκτιστος
2563 4731 2656 4786 τοὺ
2677 4732 2849 4801 Λόγου
2873 4733 2904 4801 ἡ
2933 4730 3254 4794 ὑπόστασις,
3271 4728 3468 4798 κτιστὴ
3494 4727 3596 4798 τῆς
3627 4743 3762 4797 σαρ-

2169 4824 2265 4890 κδς
2293 4826 2328 4895 ἡ
2355 4825 2672 4888 ὑπόστασιςο
2695 4822 2819 4879 οὔτε
2849 4826 2882 4895 ἡ
2911 4823 3047 4895 σάρξ
3073 4821 3346 4885 άκτίστως
3368 4820 3594 4874 δὺναται
3623 4820 3760 4872 ἑνωο

2172 4916 2334 4986 θῆναι
2362 4915 2441 4986 τῷ
2471 4916 2648 4985 Λόγῳ,
2671 4913 2796 4968 οὑτε
2835 4916 2864 4968 ὁ
2889 4915 3062 4983 Λόγος
3095 4913 3331 4976 κτιστῶς
3363 4911 3590 4965 δύναται
3619 4911 3758 4962 ἐνω-

2171 5009 2332 5080 θῆναι
2366 5010 2433 5079 τῇ
2465 5006 2646 5079 σαρκί.
2681 5006 2838 5062 Κατὰ
2871 5000 3137 5063 ποίανοὺν
3165 5005 3470 5059 ὑπόστασιν
3501 5003 3755 5071 γέγονεν,

2171 5100 2358 5174 ήκαθ’
2390 5101 2686 5154 ὑπόστασιν
2724 5099 2948 5164 ἕνωσις;
2973 5099 3054 5152 Τά
3093 5097 3203 5152 τῶν
3255 5095 3566 5167 ἑνουμένων
3624 5112 3759 5148 κατ-

2169 5193 2521 5266 ηγορήματα,
2551 5192 2670 5262 οὑχὶ
2706 5190 2879 5244 ταῦτα
2902 5191 2996 5245 καὶ
3027 5192 3128 5261 τῆς
3176 5187 3420 5251 ὲνὼσεὼς
3457 5189 3581 5242 ἐστι
3619 5188 3758 5240 πάν-

2171 5283 2538 5346 τως.’Ένωσις
2555 5283 2651 5354 μὲν
2674 5278 2769 5336 οὖν
2795 5281 2916 5336 καθ’
2939 5281 3130 5351 αὐτὴν,
3161 5279 3284 5334 οὔτε
3314 5279 3596 5345 ἄκτιστος,
3627 5279 3752 5333 οὑτσ

2173 5377 2363 5446 κτιστή
2400 5375 2482 5441 τίς
2519 5377 2690 5430 ἐστιν’
2717 5376 2816 5446 ἦτε
2844 5375 2954 5445 γὰρ
2992 5373 3172 5438 κτίσις
3207 5374 3304 5427 καὶ
3326 5374 3360 5443 ἠ
3403 5372 3626 5438 ἓνωσις,
3654 5372 3755 5426 οὑκ

2172 5469 2369 5524 οὑσίαιο
2391 5470 2666 5539 κτίσματα
2681 5469 2736 5523 δὲ
2772 5468 2867 5522 καὶ
2899 5467 3132 5521 άκτιστα
3159 5465 3430 5537 ἑνούμενα
3471 5464 3597 5519 καθ’
3622 5463 3755 5518 ὑπό-

2176 5577 2384 5622 στασιν,
2424 5561 2601 5613 οὑσίαι
2630 5561 2774 5623 τινὲς
2836 5559 2902 5613 ἂν
2932 5553 3064 5612 εἷεν⁶
3106 5557 3297 5628 ὥσπερ
3331 5551 3425 5612 οὗν
3455 5556 3755 5628 προοὺσαις

2174 5654 2295 5714 ταῖς
2325 5651 2521 5721 ψυχαῖς
2551 5648 2801 5703 ὲνοῦσθαι
2832 5649 2901 5703 τὰ
2931 5651 2988 5703 ὲν
3028 5651 3094 5720 τῇ
3123 5649 3418 5704 ἀναστάσει
3451 5649 3586 5718 ἡμῖν
3616 5648 3754 5700 ἀπο·

2175 5743 2423 5813 διδόμενα
2449 5742 2677 5814 σώματα
2705 5743 2766 5796 οὑ
2798 5741 3123 5808 κεκώλυται,
3147 5741 3322 5806 οὑτως
3378 5742 3503 5795 οὑδὲ
3537 5741 3618 5812 τῷ
3653 5742 3754 5810 ἐφ-

2175 5834 2691 5900 οσονοῦν,ἀκτίστως
2717 5837 3122 5908 προὺπάρχοντι
3147 5835 3326 5906 Λόγῳ,
3344 5834 3406 5888 τὸ
3423 5833 3753 5907 προσφάτοις

2179 5923 2492 5998 κτιζόμενον
2521 5927 2618 6000 τῆς
2659 5926 2881 6000 σαρκὸς,
2913 5926 3000 5980 διὰ
3032 5925 3132 5996 τὴν
3160 5923 3510 5998 προὺπαρξιν
3539 5920 3748 5984 ἁπλῶς.
