3916 6558
140 462 307 530 1493
1135 468 1524 529 ADVERSUS
1558 466 1774 527 NEST(

1882 467 2110 529 IANOS.
2145 493 2214 505 -
2243 469 2390 528 LIB.
2432 493 2480 532 ι.
3285 466 3420 534 1494

148 579 229 634 Et
280 580 344 631 δὲ
375 576 467 632 διὰ
502 576 602 647 τὴν
642 576 738 631 τοῦ
785 576 1040 630 ἀκτίστου
1068 576 1173 647 φὴς
1225 577 1363 648 πρὸς
1416 577 1478 630 τὸ
1523 576 1742 630 κτιστὸν

1882 576 2000 640 ευοά
2036 576 2081 630 si
2117 577 2269 632 dicas
2314 576 2708 645 impedimento
2742 591 2863 632 esse
2907 575 3285 631 diversitatem
3318 594 3420 633 na-

120 670 510 741 ἓτεροφυΐαν,
554 670 656 723 οὑκ
704 670 812 741 ἄρα
855 666 949 723 οὗν
998 670 1117 723 οὑδὲ
1156 670 1320 741 ἑτέρα
1362 670 1659 733 ὑπόστασις
1686 669 1745 735 ἐξ

1882 684 2100 724 urarum
2136 670 2278 724 inter
2311 669 2613 723 increatum
2644 677 2701 723 et
2733 677 3041 723 creaturam
3061 708 3077 732 ,
3126 668 3277 723 nulla
3306 670 3420 739 jam

122 761 494 831 ἀνομοφυῶν
548 762 733 817 ἔσται·
768 761 861 815 καί
898 779 978 815 τοι
1033 763 1182 814 πᾶσα
1243 760 1493 824 σύνθεσις
1527 762 1561 831 ἠ
1622 760 1747 815 καθ’

1884 760 1955 814 rit
2000 775 2235 830 persona
2282 758 2518 813 diversis
2552 767 2811 813 constans
2852 776 2865 813 :
2901 766 2959 814 et
3006 769 3188 815 tamen
3238 762 3421 815 omnis

126 852 470 907 ὑπόστασιν
490 853 548 919 ἐξ
577 851 966 921 ἀνομοουσίων,
996 852 1223 923 οὑδεμία
1252 852 1310 906 δὲ
1340 852 1401 917 ἐξ
1418 853 1751 922 όμοουσίων,

1882 852 1982 907 χιιίο
2008 852 2311 908 secundum
2338 866 2629 921 personam
2659 867 2727 906 ex
2752 850 2993 905 diversis
3018 851 3099 916 lit,
3134 852 3287 907 nulla
3326 868 3423 906 au-

127 944 306 1013 πλὴν
332 945 384 996 εἰ
415 943 490 1014 μὴ
542 942 651 1001 τῶν
695 942 1040 1014 ὁμοιομερῶν
1079 944 1164 1014 είη
1197 960 1281 1006 τις
1308 943 1743 1013 συλλογὴ.⁰Ωστι

1882 960 1960 1000 em
2000 959 2067 999 ex
2112 942 2701 1005 consubstantialibus,
2732 941 2838 995 nisi
2866 943 2941 995 sit
2973 942 3231 997 collectio
3265 944 3422 999 simi-

137 1034 376 1103 μᾶλλον
404 1036 470 1088 ὲκ
500 1033 600 1105 τῆς
621 1035 961 1105 ἁνομοφυιας
996 1034 1119 1089 καθ’
1147 1035 1443 1088 ὑπόστασιν
1470 1036 1748 1088 ὑποπτευ-

1882 1036 1984 1089 ium
2040 1034 2301 1104 partium.
2370 1032 2529 1090 Unde
2596 1032 2784 1101 potius
2845 1032 3272 1101 conjectandum
3335 1039 3424 1086 est

132 1127 293 1181 τέαν
324 1123 591 1199 εἶναιτὴν
617 1126 811 1183 ἱνωσιν
839 1125 935 1181 τοῦ
967 1126 1142 1196 Λόγου
1188 1126 1284 1180 καὶ
1321 1126 1424 1197 σῆς
1456 1126 1678 1199 σαρκός.

1882 1130 2113 1184 [nionem
2143 1128 2311 1183 Verbi
2355 1136 2416 1184 et
2446 1127 2629 1182 carnis
2672 1124 2979 1181 secundum
3017 1142 3310 1196 personam
3356 1142 3423 1181 ex

1851 1221 2089 1279 diversis
2118 1235 2261 1277 esse.

733 1329 987 1383 ΚΕΦΔΛ.
1041 1324 1169 1383 KZ'.

2433 1331 2588 1388 CAP.
2618 1331 2835 1387 XXVII.

1921 1445 2223 1502 Diversitas
2256 1445 2486 1500 increati
2538 1454 2595 1499 et
2640 1452 2910 1498 creaturae
2939 1442 3198 1497 unionem
3231 1456 3425 1496 secun-

1852 1539 1983 1594 dum
2015 1551 2303 1608 personam
2344 1535 2676 1590 naturaliter
2711 1533 2981 1604 impedit;
3013 1534 3109 1588 Dei
3149 1542 3206 1587 et
3242 1532 3427 1587 carnis

1853 1633 2158 1690 secundum
2214 1648 2507 1703 personam
2570 1632 2702 1686 unio
2744 1628 3121 1685 diversitatem
3171 1628 3316 1681 tollit
3345 1628 3429 1681 in-

239 1443 318 1497 Ἦ
366 1443 597 1515 διαφορὰ
642 1443 738 1497 τοῦ
798 1443 1055 1497 ἀκτίστου
1108 1442 1203 1496 καὶ
1227 1442 1342 1496 ’τοῦ
1389 1440 1610 1497 κτιστοῢ
1645 1440 1746 1513 τὴν

158 1535 302 1589 καθ’
341 1535 641 1588 ὑπόστασιν
668 1535 912 1603 φυσικῶς
943 1535 1141 1588 κωλύει
1169 1534 1383 1588 ἕνωσιν·
1415 1535 1449 1605 ἡ
1476 1535 1596 1587 καθ’
1622 1534 1753 1587 ὑπό-

153 1643 366 1680 στασιν
394 1626 590 1689 ἓνωσις
613 1626 749 1680 Θεοῦ
804 1628 901 1681 καὶ
950 1627 1176 1698 σαρκὸς,
1207 1626 1465 1681 ἀκτίστου
1499 1627 1596 1681 καὶ
1629 1644 1751 1680 κτι-

156 1719 301 1773 στοῦ
364 1720 578 1791 ἀναιρεῖ
620 1718 719 1790 τὴν
759 1719 1041 1789 διαφοράν.
1078 1718 1137 1772 '0
1186 1719 1295 1789 ἄρα
1336 1718 1753 1789 ὰναθεματίζων

1882 1724 2021 1779 :reati
2052 1734 2109 1778 et
2137 1731 2425 1778 creaturaa.
2458 1721 2566 1787 Qui
2598 1736 2730 1791 ergo
2754 1735 2851 1774 eos
2879 1717 3307 1773 anathematizat
3334 1716 3429 1785 qui

156 1809 301 1872 τοὺς
336 1809 412 1879 μὴ
440 1808 837 1877 ὁμολογοῦντας
871 1808 971 1879 τὴν
1018 1807 1143 1861 καθ’
1186 1807 1483 1861 ὑπόστασιν
1524 1808 1751 1873 ἕνωσιν,

1882 1815 2113 1869 [nionem
2143 1813 2448 1868 secundum
2476 1827 2767 1882 personam
2808 1826 2917 1864 non
2954 1808 3311 1872 confitentur,
3339 1807 3431 1860 ille

159 1899 303 1963 τοὺς
333 1898 731 1969 ὁμολογοῦντας
761 1899 1020 1952 ἁκτίστου
1052 1900 1145 1953 καὶ
1177 1897 1397 1953 κτιστοῦ
1426 1898 1525 1970 τὴν
1557 1898 1747 1967 διαφο-

1883 1922 1948 1961 os
1984 1908 2196 1976 pariter
2241 1904 2675 1959 anathematizat
2720 1903 2814 1973 qui
2863 1902 3241 1957 diversitatem
3288 1900 3433 1953 inter

167 1990 299 2059 ραν,
336 1989 746 2059 ἀναθεματίζει.
787 1990 885 2043 Διά
913 1989 966 2043 τί
1004 1990 1061 2043 δὲ
1107 1991 1216 2061 ἄρα
1259 1990 1458 2044 κωλύει
1486 1989 1583 2061 τὴν
1627 1988 1748 2043 καθ’

1882 2005 2162 2053 ncreatum
2233 2005 2291 2051 et
2358 2002 2671 2050 creaturam
2738 1990 3242 2064 agnoscuntuCur
3299 2004 3433 2042 vero

164 2080 478 2132 ὑπόστασιν
501 2080 693 2132 ἕνωσιν
722 2078 966 2148 φυσικῶς
998 2079 1090 2132 ἐπὶ
1113 2079 1208 2133 τοῦ
1233 2079 1490 2133 ἀκτίστου
1518 2078 1613 2131 καὶ
1639 2094 1754 2131 κτι-

1882 2091 2115 2144 mionem
2160 2088 2469 2143 naturalem
2515 2086 2819 2143 secundum
2867 2099 3155 2155 personam
3205 2081 3435 2151 impedit

169 2169 308 2225 στοῦ
336 2172 370 2243 ἠ
399 2171 650 2242 διαφορά.
699 2171 762 2223 Εἰ
792 2171 891 2240 μὲν
919 2170 1029 2243 γὰρ
1058 2173 1124 2241 τῇ
1150 2171 1380 2241 θατέρου
1416 2168 1754 2241 προῦπάρξει

1882 2182 2149 2236 liversitas
2189 2180 2419 2235 increati
2450 2186 2507 2234 et
2561 2178 2776 2234 creati?
2817 2175 3105 2246 Siquidem
3144 2213 3161 2237 ,
3209 2185 3436 2243 propter

164 2264 250 2327 ὡς
275 2262 354 2334 μὴ
379 2262 676 2334 δυναμένου
698 2262 844 2327 τινὸς
868 2264 1237 2318 συνάπτεσθαι
1263 2266 1329 2335 τῇ
1366 2264 1441 2334 μὴ
1475 2280 1756 2334 συμπροσ-

1882 2273 2343 2328 meexsistentiam
2402 2271 2745 2334 alterutrius,
2778 2269 2934 2339 quasi
2951 2285 3063 2323 non
3106 2276 3289 2337 posset
3332 2267 3437 2320 ali-

174 2355 412 2427 ελθούσῃ
458 2356 608 2427 αὑτῷ
647 2359 727 2416 εἰς
760 2356 822 2409 τὸ
866 2351 1007 2410 εἶναι
1043 2356 1225 2427 φύσει,
1256 2356 1365 2427 ἄρα
1409 2372 1473 2426 γε
1522 2356 1645 2410 οὑδὲ
1678 2358 1757 2429 τῷ

181 2447 479 2501 πλασθέντι
503 2448 721 2519 πρῶτον
742 2448 955 2519 σώματι
991 2447 1181 2519 ’Δδὰμ,
1198 2449 1260 2502 τὸ
1282 2448 1424 2501 θεῖον
1453 2448 1759 2519 ἐμφύσημα

184 2540 311 2594 καθ’
339 2539 634 2595 ὑπόστασιν
659 2538 863 2612 ήνώθη·
900 2541 949 2594 εί
985 2540 1043 2593 δὲ
1072 2541 1210 2611 αὑτὴ
1239 2541 1378 2604 ὅλως
1403 2543 1435 2610 ἡ
1468 2541 1611 2595 κατὰ
1654 2540 1758 2611 φύ-

190 2649 332 2696 σεως
356 2632 514 2699 λόγου
555 2630 879 2704 παραλλαγὴ
915 2633 1060 2686 ποιεῖ
1091 2632 1153 2685 τὸ
1177 2631 1495 2698 ἀσύμϐατον
1520 2633 1601 2694 εἰς
1629 2633 1762 2685 ἕνω-

191 2724 535 2790 σιν·τούτοις,
578 2723 701 2777 οὑδὲ
730 2724 841 2795 ἄρα
861 2741 915 2779 τι
955 2723 1092 2790 ζῶον
1124 2723 1277 2778 ἔσται
1307 2724 1366 2792 ἐξ
1395 2725 1632 2796 ἀοράτου
1667 2725 1763 2777 καὶ

192 2818 395 2885 όρατῆς
424 2814 670 2884 φύσεως,
707 2815 743 2885 ἢ
774 2815 975 2886 θνητῆς
1020 2815 1117 2869 καὶ
1165 2814 1459 2877 ἀθανάτου,
1512 2815 1757 2887 φθαρτῆς

196 2909 292 2960 καὶ
337 2906 649 2978 ἀφθάρτου·
689 2900 800 2960 οἷον
859 2909 888 2960 6
938 2906 1224 2977 ἄνθρωπος
1262 2908 1290 2959 ό
1338 2908 1403 2958 ἐκ
1454 2906 1634 2977 ψυχῆς
1673 2907 1768 2961 καὶ

200 2998 450 3069 σώματος
478 2992 557 3061 εἷς
586 2996 662 3051 ὥν
689 2998 786 3068 τὴν
813 2997 935 3051 καθ’
977 2997 1296 3051 ὑπόστασιν.
1328 2997 1389 3049 Εί
1421 2996 1477 3049 δὲ
1509 2998 1653 3049 εἴποι
1685 3014 1767 3059 τις

198 3092 297 3161 οὑχ
324 3090 511 3155 ἁπλῶς
540 3090 637 3162 τὴν
659 3090 946 3161 διαφορὰν,
975 3089 1112 3144 ἀλλὰ
1144 3089 1242 3156 τὴν
1266 3090 1407 3156 ἄγαν
1436 3083 1575 3141 εἰναι
1600 3088 1770 3141 κωλυ-

201 3182 359 3254 τικὴν
396 3183 494 3253 τῆς
532 3182 779 3246 ὲνώσεως
825 3181 916 3235 τοῦ
964 3180 1184 3235 κτιστοῦ
1237 3182 1369 3251 πρὸς
1401 3180 1463 3234 τὸ
1488 3180 1767 3245 ἆκτιστον,

1858 2363 1991 2433 quid
2034 2372 2247 2416 naturae
2293 2377 2404 2417 non
2443 2361 2607 2415 simul
2649 2360 2717 2415 ad
2758 2360 3142 2415 exsistentiam
3188 2358 3439 2413 adducta:

1860 2453 2031 2517 uniri,
2076 2468 2206 2523 ergo
2243 2467 2346 2507 nec
2382 2452 2603 2520 corpori
2650 2450 2825 2504 Adam
2873 2449 3029 2520 prius
3066 2448 3302 2503 formato
3341 2447 3438 2502 Dei

1862 2542 2157 2598 insulllatio
2190 2542 2345 2596 unita
2378 2550 2499 2606 est;
2536 2540 2581 2595 si
2611 2550 2797 2594 autem
2840 2539 2958 2610 ipsa
3005 2539 3304 2594 diversitas
3341 2553 3440 2592 na-

1864 2643 2110 2689 turarum
2155 2631 2388 2702 impedit
2437 2631 2665 2686 omnino
2719 2631 2982 2685 unionem
3012 2669 3028 2693 ,
3080 2628 3293 2682 nullum
3335 2627 3443 2681 erit

1862 2726 2065 2781 animal
2100 2723 2363 2781 invisibili
2392 2724 2567 2777 altera
2600 2731 2655 2777 et
2685 2723 2859 2776 altera
2884 2721 3117 2785 visibili,
3141 2719 3360 2774 mortali
3387 2726 3445 2773 ct

1864 2817 2180 2881 immortali,
2200 2815 2547 2885 corruptibili
2572 2824 2628 2869 et
2651 2812 3059 2883 incorruptibili
3091 2821 3283 2867 natura
3312 2828 3445 2866 con-

1866 2924 2038 2973 stans,
2073 2910 2236 2979 quale
2262 2918 2348 2962 est
2379 2907 2548 2962 homo
2596 2922 2662 2960 ex
2713 2906 2896 2959 anima
2926 2912 2983 2960 et
3021 2920 3257 2974 corpore
3301 2919 3445 2958 unus

1868 3002 2170 3059 secundum
2204 3014 2520 3069 personam.
2552 2997 2708 3065 Quod
2742 2997 2787 3051 si
2823 2996 2949 3066 quis
2970 2996 3139 3058 dicat,
3170 3011 3283 3049 non
3315 2994 3443 3048 siin-

1870 3094 2089 3164 pliciter
2113 3088 2514 3157 diversitatem,
2542 3088 2640 3143 sed
2668 3089 2787 3158 ejus
2817 3087 3158 3141 nimietatem
3177 3086 3444 3155 impedire

1874 3186 2135 3241 unionem
2165 3180 2392 3236 increati
2411 3190 2467 3235 et
2495 3180 2687 3245 creati,
2710 3187 2860 3235 certe
2892 3178 3059 3249 igitur
3078 3177 3250 3231 multo
3276 3176 3448 3245 magis

205 3249 569 3346 ἆρα-οὖνκαὶ
613 3274 715 3345 τὴν
744 3272 994 3327 ἐπίτασιν
1031 3274 1128 3344 τῆς
1176 3249 1492 3343 ὁμοιότητος
1548 3273 1772 3343 μᾶλλον,

1882 3275 2257 3337 similitudinis
2284 3274 2577 3328 intensitas
2610 3273 2781 3327 multa
2819 3270 3123 3327 secundum
3157 3282 3447 3338 personam

204 3366 457 3436 ἡνωμένα
489 3367 665 3418 ποιεῖν
711 3382 833 3417 τινα
876 3364 987 3417 δέοι
1037 3363 1160 3417 καθ’
1222 3364 1537 3417 ὑπόστασιν·
1582 3364 1636 3418 τί
1683 3360 1776 3417 οὖν

210 3461 407 3530 μᾶλλον
430 3461 613 3529 ὅμοιον
632 3457 711 3529 τῷ
738 3454 953 3528 σώματι
991 3456 1232 3527 Ἐφραίμ
1262 3455 1403 3509 κατὰ
1428 3454 1519 3508 τὸν
1549 3455 1777 3524 φυσικὸν

206 3552 361 3621 λόγον
403 3549 591 3615 αὑτοῦ,
627 3552 660 3622 ἠ
687 3549 834 3621 ψυχὴ
860 3550 1048 3613 αὑτοῦ,
1080 3550 1112 3620 ἢ
1144 3550 1205 3602 τὸ
1232 3548 1392 3619 σῶμα
1422 3548 1513 3603 τοῦ
1543 3548 1776 3616 ἀδελφοῦ

209 3639 367 3694 αὑτοῦ
398 3640 660 3712 Μανασσῆ
684 3658 698 3706 ;
729 3641 779 3693 εί
812 3640 868 3692 δὲ
900 3639 960 3692 τὸ
982 3639 1144 3709 σῶμα
1173 3640 1413 3705 πάντως,
1441 3638 1561 3702 πῶς
1582 3643 1648 3711 τῇ
1675 3640 1779 3711 μὲν

208 3733 445 3804 ἀνομοίῳ
487 3731 652 3786 αὑτοῦ
693 3731 839 3803 ψυχῇ
890 3732 1097 3803 ἥνωται
1152 3730 1274 3784 καθ’
1309 3731 1628 3795 ὑπόστασιν,
1682 3730 1777 3784 τοῦ

210 3825 266 3879 δὲ
300 3826 483 3894 ὁμοίου
518 3824 769 3894 σώματος
820 3823 970 3893 αὑτῷ
1019 3826 1084 3894 τῇ
1123 3822 1286 3892 φύσει
1330 3820 1614 3894 διώρισται
1656 3822 1780 3876 καθ’

215 3918 550 3971 ὑπόστασινῖ
582 3917 802 3971 Είποιεν
828 3917 878 3970 οἰ
912 3916 1252 3987 βουλόμενοι.

770 4028 1022 4083 ΚΕΦΑΛ.
1079 4028 1213 4082 ΚΗ’.

284 4124 344 4177 Εἰ
399 4124 467 4195 ἥν
500 4118 643 4194 εἶχεν
689 4124 717 4176 6
764 4123 898 4186 θεὸς
931 4124 1103 4191 Λόγος
1137 4120 1308 4192 χωρὶς
1360 4119 1610 4186 ὲνώσεως
1641 4118 1781 4174 ἰδίαν

218 4218 529 4281 ὑπόστασιν,
564 4216 658 4270 νῦν
685 4216 786 4269 οὑκ
825 4214 938 4286 ἔχει
960 4217 990 4269 ό
1018 4215 1213 4283 Λόγος,
1246 4216 1458 4286 ἐτράπη
1490 4214 1657 4287 ἄραὴ
1686 4214 1780 4269 τοῦ

218 4310 383 4378 Λόγου
414 4309 728 4372 ὑπόστασις·
754 4308 855 4378 τῆς
875 4308 931 4361 δὲ
956 4306 1050 4361 τοῦ
1071 4308 1244 4376 Λόγου
1274 4308 1625 4372 ὑποστάσεως
1647 4326 1781 4379 τρα-

219 4404 425 4473 πείσης,
470 4401 532 4466 ἐξ
569 4401 813 4469 ἀνάγκης
843 4401 935 4453 καὶ
979 4401 1008 4453 6
1050 4400 1147 4471 τῆς
1175 4398 1404 4468 Τριάδος
1435 4401 1780 4471 τραπήσεται

222 4496 407 4562 Λόγος.
451 4493 612 4546 Ἀλλὰ
658 4495 758 4564 τὴν
804 4492 973 4563 αὑτὴν
1020 4491 1154 4561 ἔχει,
1192 4490 1331 4561 μετὰ
1362 4490 1463 4560 μέν
1498 4508 1581 4544 τοι
1617 4508 1787 4560 προσ-

1879 3371 2039 3427 unire
2104 3368 2337 3422 deberet
2378 3384 2391 3418 :
2447 3373 2632 3418 utrum
2680 3372 2865 3417 autem
2913 3360 3130 3431 corpori
3186 3358 3446 3429 Ephraim

1872 3466 2027 3536 juxta
2074 3460 2357 3516 naturales
2411 3458 2588 3528 ipsius
2619 3455 2991 3527 proprietates
3020 3454 3278 3517 similius,
3325 3452 3449 3506 ani-

1880 3569 2039 3609 mane
2070 3554 2191 3623 ejus
2234 3566 2302 3604 an
2349 3564 2553 3619 corpus
2578 3548 2765 3602 fratris
2807 3547 3083 3601 Manasses
3116 3563 3129 3599 :
3167 3545 3213 3599 si
3248 3558 3450 3613 corpus

1879 3645 2127 3707 omnino,
2160 3658 2258 3698 cur
2281 3657 2413 3712 ergo
2445 3640 2645 3695 anima;
2681 3638 2937 3693 dissimili
2970 3637 3273 3693 secundum
3321 3651 3451 3704 per-

1880 3749 2070 3789 sonam
2102 3732 2317 3786 unitum
2362 3738 2467 3794 est,
2490 3745 2519 3783 a
2564 3742 2794 3796 corpore
2838 3735 3019 3779 autem
3055 3734 3247 3779 natura
3284 3722 3449 3778 simili

1880 3824 2183 3883 secundum
2224 3835 2512 3891 personam
2562 3818 2666 3872 fuit
2725 3816 3081 3886 separatum?
3116 3816 3309 3869 Dicant
3354 3811 3449 3882 qui

1884 3919 2079 3975 velint.

2441 4027 2596 4082 CAP.
2629 4024 2872 4081 XXVIII.

1951 4125 2009 4181 Si
2040 4124 2283 4179 Verbum
2330 4123 2477 4178 Deus
2520 4134 2685 4190 quam
2716 4128 2843 4171 ante
2907 4114 3168 4173 unionem
3220 4111 3455 4167 habebat

1881 4218 2161 4292 propriam
2195 4231 2507 4287 personam,
2552 4226 2699 4267 nunc
2728 4225 2848 4265 eam
2885 4223 2996 4263 non
3027 4206 3212 4271 habet,
3248 4211 3456 4258 mutata

1882 4322 1966 4368 est
1994 4312 2156 4368 Verbi
2189 4325 2457 4381 persona;
2492 4306 2588 4363 sed
2626 4312 2835 4358 mutata
2863 4300 3028 4357 Verbi
3067 4314 3323 4369 persona,
3355 4313 3454 4350 ne-

1884 4406 2126 4462 cessario
2155 4403 2440 4458 Trinitatis
2462 4400 2706 4456 Verbum
2739 4391 3188 4451 mutabitur.Sed
3205 4390 3455 4445 eamdem

1887 4498 2053 4552 habet
2084 4505 2142 4550 et
2185 4502 2309 4564 post
2334 4490 2705 4547 accessionem
2742 4483 3116 4557 personalium
3150 4478 3461 4550 proprieta-

218 4586 392 4656 θήκην
427 4583 537 4637 τῶν
576 4599 633 4635 τε
667 4581 1048 4635 ὑποστατικιῖΝ
1081 4580 1386 4650 ἰδιωμάτων
1420 4580 1520 4650 τῆς
1550 4582 1774 4651 σαρκὸς,

1886 4600 2001 4645 tum
2031 4589 2212 4644 carnis
2238 4600 2361 4656 qua;
2405 4590 2489 4639 est
2534 4584 2588 4635 in
2635 4596 2724 4642 eo,
2772 4593 2895 4647 qua:
2928 4584 3012 4631 est
3035 4575 3192 4644 ejus,
3242 4584 3459 4625 necnon

220 4678 313 4747 τῆς
346 4676 404 4727 ὲν
436 4674 586 4744 αὑτῷ
622 4690 681 4726 τε
724 4675 818 4726 καὶ
848 4672 1010 4727 αὑτοῦ
1049 4676 1143 4726 καὶ
1172 4672 1265 4726 τοῦ
1298 4674 1399 4743 τῆς
1427 4674 1565 4744 πρὸς
1597 4674 1777 4747 σάρκα

224 4768 462 4830 ὲνώσεως
490 4765 666 4835 Λόγου
708 4764 997 4834 ἰδιώματος
1025 4762 1209 4827 αὑτοῦ,
1232 4763 1326 4817 νῦν
1352 4764 1645 4833 ἐνουμένου
1690 4763 1784 4816 τοῦ

225 4858 414 4928 Λόγου·
442 4859 539 4912 καὶ
570 4858 679 4929 γὰρ
706 4860 764 4911 ὲν
792 4854 871 4927 τῷ
898 4857 997 4926 τῆς
1035 4855 1385 4919 ὑποστάσεως
1416 4854 1581 4909 αὑτοῦ
1646 4856 1789 4927 λόγῳ

225 4953 311 5004 καὶ
332 4950 410 5021 τῷ
445 4952 544 5021 τῆς
580 4950 783 5021 σαρκὸς
831 4948 1257 5020 προσλήμματι,
1293 4948 1485 5012 οὐσίας
1531 4948 1630 5017 μέν
1666 4950 1783 5002 ἐστι

229 5042 355 5111 πρὸς
379 5041 476 5113 τὴν
506 5040 672 5095 αὑτοῦ
706 5038 890 5093 οὑσίαν
924 5038 1193 5103 σύνθεσις,
1230 5039 1425 5110 ἰδίωμα
1464 5039 1522 5094 δὲ
1550 5041 1789 5113 ὑποστα-

231 5133 391 5197 τικδν,
435 5134 528 5186 καὶ
552 5133 668 5186 τόδε
700 5132 1015 5200 συνεισάγει
1045 5131 1124 5201 τῷ
1163 5131 1439 5203 προσώπῳ
1463 5112 1559 5186 τοὺ
1598 5132 1785 5197 αὑτοῦ,

233 5222 565 5295 διακριτικὸν
589 5226 681 5278 καὶ
720 5224 1147 5295 αὑτογενόμενον
1184 5223 1363 5291 τοῦτο,
1402 5227 1509 5280 ἀπὸ
1554 5226 1653 5297 τῆς
1682 5243 1788 5279 πα-

235 5312 419 5382 τρικῆς
448 5312 716 5383 ὁμοφυῖας
746 5314 841 5367 καὶ
871 5311 972 5382 τῆς
1000 5310 1093 5364 τοῦ
1126 5311 1442 5383 Πνεύματος
1475 5311 1569 5365 τοῦ
1603 5312 1785 5380 ἁγίου,

236 5406 337 5458 τῶν
364 5403 565 5473 ὁμοίων
590 5406 760 5477 αὑτῷ.

804 5522 1055 5575 ΚΕΦΛΛ.
1088 5520 1216 5574 KG‘.

304 5616 418 5671 K...
451 5614 559 5668 τῶν
589 5614 747 5668 θείων
784 5613 1136 5669 ὑποστάσεων
1169 5613 1271 5666 ἁ...
1303 5612 1350 5666 εἰ
1379 5610 1437 5664 δὲ
1478 5608 1788 5683 σαρκικὰ...

238 5708 370 5762 ὥστε
394 5708 601 5775 ὁΛόγος
613 5706 794 5761 οὑκέτι
820 5705 1005 5771 δεῖς...
1027 5705 1262 5778 ὓπαρξιν
1285 5703 1449 5776 τριῶν
1465 5701 1793 5770 ἄλλωνξὺπο-

243 5801 472 5854 στάσεων
502 5800 721 5855 δύναται
760 5800 1127 5872 πιστευθῆναι·
1161 5799 1301 5871 πλὴν
1334 5796 1427 5854 οὑν
1469 5798 1791 5865 ὑπόστασιν,

242 5894 287 5948 τί
319 5894 572 5966 νοοῦμεν;
613 5895 673 5948 ΕΞ
727 5896 826 5968 μὲν
856 5895 962 5967 γὰρ
998 5895 1069 5965 τῷ
1096 5895 1175 5950 ἑνὶ
1220 5894 1364 5965 μόνῳ
1405 5891 1655 5964 ἰδιώματι
1684 5890 1790 5944 διε-

1887 4693 1946 4738 et
1999 4679 2354 4751 proprietatis
2419 4675 2643 4730 unionis
2707 4670 2873 4725 Verbi
2928 4683 3054 4723 cum
3118 4678 3295 4751 carne,
3335 4669 3461 4751 post

1889 4749 2149 4825 unionem
2188 4766 2392 4821 Verbi:
2423 4762 2630 4818 etenim
2662 4760 2715 4813 in
2756 4756 2971 4812 ratione
3002 4767 3250 4822 personae
3286 4749 3460 4818 ipsius

1887 4873 1946 4920 et
1979 4860 2353 4931 assumptione
2381 4856 2585 4918 carnis,
2614 4854 2769 4908 adest
2791 4846 3109 4919 conjunctio
3141 4841 3460 4899 substant'ne

1889 4973 2017 5013 eum
2048 4957 2169 5026 ejus
2207 4951 2536 5012 substantia,
2563 4945 2872 5017 proprietas
2904 4949 3087 4995 autem
3128 4935 3457 5007 pcrsonalis,

1888 5058 1946 5106 et
1986 5050 2093 5103 hoc
2141 5046 2198 5099 in
2246 5058 2402 5099 suam
2433 5052 2729 5112 personam
2765 5031 3085 5089 intromittit
3113 5043 3223 5096 quo
3250 5027 3460 5080 discer-

1889 5150 2055 5197 natur
2083 5148 2138 5193 et
2158 5143 2442 5206 separetur
2472 5149 2501 5187 a
2524 5127 2689 5185 simili
2714 5133 2911 5180 natura
2934 5118 3114 5176 Patris
3142 5126 3197 5173 et
3220 5115 3462 5186 Spiritus

1889 5230 2065 5287 sancti
2092 5228 2195 5285 sibi
2228 5223 2514 5281 similium.

2487 5510 2638 5565 CAP.
2670 5505 2865 5561 XXIX.

1970 5650 1983 5664 .
2021 5650 2033 5663 .
2072 5646 2086 5661 .
2118 5645 2132 5660 .
2160 5647 2173 5659 .
2207 5604 2526 5659 Divinarum
2556 5607 3032 5669 personarum.....
3066 5588 3111 5643 si
3140 5594 3322 5641 autem
3349 5594 3463 5635 car-

1897 5700 2155 5757 nalia.....
2195 5696 2271 5751 ita
2318 5704 2379 5749 ut
2432 5691 2674 5747 Verbum
2710 5690 2820 5759 jam
2856 5699 2967 5738 non
3028 5680 3101 5734 sit
3150 5689 3465 5732 unum......

1897 5788 2275 5849 exsistcntiam
2300 5786 2464 5840 trium
2490 5784 2721 5839 aliarum
2753 5788 3114 5850 personarum
3140 5776 3320 5841 potest
3349 5779 3469 5819 crc-

1899 5886 2029 5942 dore
2060 5900 2075 5941 :
2108 5881 2207 5939 sed
2256 5888 2439 5936 tamen
2467 5876 2600 5951 quid
2638 5885 2926 5947 personam
2974 5852 3377 5934 intelligamus?
3408 5854 3468 5913 Si
