4032 6546
512 476 650 542 1435

1769 475 2077 535 LEONTII
2117 473 2485 534 ΒΥΖΑΝΤΙΝ
2495 472 2519 532 Ι

3615 471 3762 536 “96

504 583 656 638 enim
715 580 831 636 sola
893 577 1450 636 consubstantialium
1519 579 1855 650 proprietate
1917 578 2068 634 (ιίΠο-

2177 576 2394 632 στῶσαν
2420 576 2527 630 τῶν
2568 574 2939 647 ὁμοουσίων...
2981 575 3127 647 ἁπλῆ
3175 576 3444 648 φανείη...
3494 575 3572 647 τῷ
3612 572 3759 632 εἶναι

506 681 746 728 rant.....
781 672 1014 743 simplex
1052 671 1453 727 videretur.....
1488 687 1557 726 eo
1600 671 1748 742 quod
1797 672 2078 743 ingenitus

506 766 693 821 sit.....
724 764 822 819 sed
853 773 910 818 et
933 779 1000 820 eo
1022 763 1171 834 quod
1203 765 1277 820 sit
1303 763 1519 835 genitor
1553 764 1714 819 Verbi
1754 773 1812 819 et
1839 764 2079 834 spirator

505 857 746 928 Spiritus
765 855 962 918 sancti,
986 855 1104 925 ipse
1134 872 1241 911 non
1275 855 1617 926 procedens;
1657 855 1864 926 pariter
1893 865 2077 910 autem

503 954 561 1001 et
607 944 848 1014 Spiritus
899 945 1088 1015 plures
1135 954 1265 1000 sunt
1307 945 1696 1016 proprietates.
1741 945 1860 1000 Non
1907 945 2079 1016 igitur

502 1037 885 1107 multiplicitas
929 1038 1302 1108 personalium
1350 1038 1754 1108 proprietatum
1803 1039 2082 1108 composi-

504 1136 616 1182 tam
646 1127 812 1182 ellicit
853 1129 1161 1198 simplicem
1197 1129 1626 1198 proprietatem;
1660 1129 1759 1185 sed
1791 1129 1922 1184 licet
1949 1130 2077 1199 quis

501 1234 571 1272 ex
604 1219 859 1289 pluribus
881 1219 1132 1289 personis
1173 1234 1335 1272 unam
1375 1235 1663 1289 personam
1695 1221 1954 1290 componi
1983 1237 2077 1274 ar-

505 1312 925 1382 bitretur,quod
954 1328 1054 1366 nos
1072 1313 1218 1368 absit
1245 1313 1455 1378 dicere,
1483 1313 1578 1382 qui
1609 1313 1834 1368 minime
1858 1315 2078 1369 censui-

504 1419 630 1458 mus
665 1419 886 1459 carnem
933 1403 1086 1475 prius
1127 1403 1300 1461 fuisse
1367 1403 1661 1460 formatam
1701 1413 1758 1459 et
1805 1413 1993 1474 postea
2047 1421 2077 1460 a

506 1493 688 1548 Verbo
715 1504 1072 1564 assumptam,
1104 1494 1249 1550 sicut
1273 1494 1431 1550 vobis
1461 1495 1660 1564 placet,
1696 1495 1794 1551 sed
1823 1512 1890 1551 ex
1926 1498 2080 1567 prin-

507 1584 654 1655 cipio
683 1600 797 1641 sua:
821 1585 1157 1641 exsistentiae
1182 1586 1237 1640 in
1271 1601 1568 1656 personam
1595 1587 1761 1643 Verbi
1797 1587 1965 1642 fuisse
1993 1590 2077 1644 in-

505 1675 749 1742 ductam,
777 1675 920 1730 unde
942 1675 1215 1741 Christus,
1247 1692 1413 1746 quem
1431 1693 1527 1732 vos
1553 1677 1738 1747 potius
1765 1694 1833 1734 ex
1861 1678 2080 1737 duabus

501 1765 757 1835 personis
789 1765 844 1819 in
882 1764 1158 1836 duplicem
1187 1782 1474 1837 personam
1503 1767 1785 1839 eﬂingitis,
1819 1770 1928 1837 vel,
1966 1788 2076 1827 non

501 1868 920 1929 componentes,
981 1860 1253 1916 simulatis
1304 1861 1608 1924 unionem:
1659 1866 1805 1921 unde
1865 1866 2070 1922 Christi

501 1958 698 2006 natura
724 1966 834 2006 non
861 1953 1095 2024 amplius
1110 1953 1276 2009 habet
1295 1954 1362 2009 ad
1383 1956 1554 2012 Deum
1572 1967 1884 2029 respectum
1906 1977 2069 2031 quam

500 2053 826 2098 caeterorum
851 2044 1136 2102 hominum
1164 2057 1399 2115 natura;
1431 2063 1611 2120 neque
1630 2065 1730 2106 cur
1758 2051 1851 2106 ille
1871 2050 2074 2106 media-

502 2144 589 2188 tor
610 2151 753 2190 unus
778 2134 995 2191 dicatur
1018 2137 1115 2192 Dei
1140 2147 1197 2193 et
1226 2138 1512 2195 hominum
1539 2140 1725 2196 dicere
1748 2140 2000 2210 potestis.

1094 2248 1246 2305 CAP.
1283 2249 1452 2305 XXX.

567 2357 627 2413 Si
659 2359 767 2412 alia
806 2367 954 2414 esset
993 2359 1161 2416 Verbi
1213 2377 1450 2430 persona
1487 2362 1608 2419 sine
1653 2379 1818 2421 carne
1863 2377 1922 2422 et
1961 2367 2069 2422 alia

497 2464 624 2504 cum
649 2465 814 2504 carne
846 2451 1090 2520 propria,
1116 2453 1430 2508 necessario
1457 2469 1678 2524 quoque
1700 2456 1851 2512 aliud
1875 2457 2071 2513 fuisset

496 2540 741 2595 Verbum
786 2541 1108 2612 aliquando,
1152 2543 1302 2598 aliud
1344 2555 1528 2600 autem
1559 2556 1789 2616 postea:
1817 2550 2070 2619 sequitur

494 2631 644 2690 enim
691 2633 1005 2688 necessario
1051 2648 1300 2702 persona:
1339 2636 1720 2698 mutationem.
1776 2637 1926 2694 illius
1972 2640 2066 2709 qui

494 2738 786 2794 personam
798 2722 964 2778 habet
983 2723 1240 2779 mutatio.
1271 2723 1434 2779 Aliud
1454 2726 1782 2798 intelligitur
1797 2738 1856 2783 et
1872 2729 1941 2784 de
1954 2746 2070 2784 mu-

494 2815 700 2870 tatione
729 2823 940 2869 natura:
981 2824 1037 2870 et
1079 2813 1149 2870 de
1194 2817 1556 2886 acquisitione
1579 2827 1635 2874 et
1655 2818 1726 2874 de
1754 2821 2069 2876 accessione

493 2905 857 2976 quorumdam
908 2905 1377 2965 substantialium.
1409 2907 1500 2964 Sic
1520 2909 1638 2964 lana
1672 2921 1759 2966 est
1796 2911 1988 2967 eadem
2013 2919 2069 2966 et

492 3012 603 3053 non
617 2998 742 3062 alia,
753 3001 868 3055 sive
887 3001 930 3056 si
940 3009 957 3054 t
967 2997 1112 3064 alba,
1125 3011 1187 3057 ut
1197 3008 1280 3054 est
1293 3001 1756 3066 naturaliter.sive
1767 3011 2068 3073 purpurata

494 3089 659 3146 fuerit
695 3094 962 3164 sanguine
1007 3096 1348 3152 conchae"...
1383 3095 1616 3151 visa.....
1665 3102 1728 3149 ut
1765 3096 2066 3151 secundum

493 3185 855 3242 substantiam
906 3195 964 3242 et
1014 3203 1424 3258 personam.....
1455 3189 1662 3244 habere
1718 3189 1788 3244 ad
1841 3189 2066 3259 sangui-

492 3293 737 3335 nem.....
793 3280 938 3336 sicut
988 3297 1264 3337 omne.....
1314 3297 1600 3353 genus.....
1649 3281 1758 3337 alia
1811 3297 2056 3352 ergo.....
2089 3271 2135 3330 ο

492 3385 730 3441 persona
770 3371 1173 3444 intelligeretur
1211 3373 1494 3428 incarnata
1520 3389 1551 3428 a
1575 3389 1686 3429 non
1727 3373 2007 3430 incarnata
2043 3392 2058 3430 :

491 3478 602 3519 non
629 3464 777 3518 enim
808 3464 973 3520 Verbi
1017 3465 1248 3521 mutatio
1287 3466 1408 3536 ejus
1438 3465 1746 3521 incarnatio
1772 3507 1788 3532 ,
1820 3467 1916 3522 sed
1945 3475 2065 3521 tan-

495 3565 610 3610 tum
651 3556 698 3610 si
737 3555 978 3610 Verbum
1009 3571 1131 3613 esse
1154 3565 1428 3623 cessaret;
1457 3557 1604 3627 quod
1626 3566 1810 3614 autem
1835 3557 2064 3614 desierit

491 3662 715 3704 carnem
744 3663 854 3702 non
891 3648 1186 3704 habere....
1225 3663 1374 3704 nunc
1404 3649 1804 3705 incarnatio....
1832 3649 2061 3705 Filio....

490 3737 740 3795 divinum
762 3748 908 3796 esset
932 3741 1478 3796 attributum....non
1507 3749 1692 3797 autem
1723 3757 1833 3797 non
1861 3741 2064 3797 habere

491 3845 830 3888 carnem.....
860 3832 1026 3888 Verbi
1059 3847 1327 3902 personae.
1363 3831 1460 3888 Sic
1496 3832 1644 3887 enim
1686 3841 1743 3887 et
1787 3833 1969 3898 Pater,
2007 3841 2066 3888 et

493 3921 734 3993 Spiritus
776 3933 1018 3988 sanctus,
1059 3932 1115 3978 et
1143 3923 1320 3996 angeli
1347 3931 1404 3979 et
1445 3923 1640 3979 anima:
1669 3925 1824 3979 verba
1855 3934 2060 3990 essent,

489 4031 601 4070 non
633 4030 794 4071 secus
845 4030 910 4071 ac
966 4015 1516 4087 Filius;ncgativum
1566 4025 1750 4071 autem
1798 4015 2062 4086 primario

489 4106 978 4177 praedicamentum
1007 4107 1328 4163 substantia:
1369 4107 1565 4178 ipsius,
1604 4107 1933 4164 secundario
1960 4124 2063 4163 au-

489 4209 602 4252 tem
643 4212 894 4268 persona:
921 4198 1114 4267 ipsius,
1157 4207 1384 4268 propter
1415 4198 1775 4254 substantiam
1799 4199 1912 4269 jam
1943 4200 2063 4268 pri-

489 4292 616 4349 dem
650 4293 725 4347 ita
754 4291 1139 4362 praedicatatn;
1179 4308 1327 4347 nunc
1351 4307 1486 4347 vero
1532 4291 1601 4347 de
1637 4291 1943 4348 substantia
1979 4294 2062 4348 sic

488 4381 841 4452 praedicatur,
875 4396 986 4436 non
1017 4390 1201 4436 autem
1225 4381 1555 4452 simpliciter
1574 4388 1632 4435 et
1652 4381 1815 4436 unice
1847 4381 1916 4437 de
1937 4398 2063 4452 per-

489 4489 644 4537 sona,
671 4472 802 4542 quia
851 4472 969 4528 hanc
1011 4472 1067 4527 in
1115 4488 1176 4528 se
1223 4473 1436 4542 recepit
1484 4472 1648 4527 aliam
1694 4473 2058 4546 substantiam

485 4580 608 4636 qua:
635 4565 873 4620 carnalis
922 4564 1285 4634 praedicatur;
1313 4573 1369 4620 et
1423 4565 1540 4634 ipsa
1579 4564 1729 4619 valet
1781 4573 1842 4619 ut
1889 4565 2056 4621 Verbi

487 4668 717 4723 natura;
751 4656 1078 4712 secundario
1122 4657 1176 4711 in
1219 4671 1452 4728 persona
1491 4656 1611 4728 eius
1656 4656 1938 4726 proprium
1969 4669 2054 4713 at-

487 4749 757 4805 tributqu
807 4748 1106 4814 causabat;
1141 4749 1225 4803 sic
1263 4756 1321 4803 et
1359 4755 1556 4802 natura
1600 4747 1832 4818 hujusce
1875 4751 2058 4807 carnis

487 4841 817 4896 secundario
833 4843 890 4896 in
902 4857 1022 4896 eam
1036 4840 1210 4910 inligit
1230 4840 1513 4910 proprium
1536 4841 1886 4908 attributum,
1902 4843 1956 4898 id
1972 4854 2058 4900 est

484 4933 940 4998 incarnationem,
965 4932 1120 5004 quasi
1133 4947 1366 5002 persona
1382 4931 1522 4987 facta
1542 4931 1712 4988 fuerit
1732 4933 1783 4988 ei
1811 4938 2052 5006 propria;

481 5024 579 5080 sed
610 5041 720 5080 non
749 5023 860 5080 fuit
903 5025 1046 5080 alius
1072 5031 1234 5079 antea
1266 5035 1324 5078 et
1343 5023 1486 5078 alius
1510 5033 1699 5094 postea
1717 5067 1732 5090 ,
1759 5027 1854 5082 sed
1881 5028 2051 5093 idem,

480 5125 538 5170 at
560 5117 722 5172 aliter
755 5126 810 5171 et
826 5117 988 5172 aliter
1004 5133 1274 5188 apparens
1307 5117 1564 5190 Verbum,
1596 5120 1868 5193 siquidem
1903 5127 2056 5195 prius

481 5224 716 5277 persona
729 5209 1074 5265 solummodo
1087 5211 1378 5269 invisibilis
1406 5226 1543 5282 erat,
1564 5233 1710 5273 nunc
1725 5227 1907 5274 autem
1925 5219 2056 5275 visi-

489 5301 615 5356 bilis
635 5312 718 5356 est
732 5303 895 5356 etiam
916 5313 1139 5373 propter
1149 5303 1512 5362 visibileillud
1529 5309 1672 5379 quod
1689 5311 1742 5364 in
1755 5327 1812 5367 se
1828 5316 2050 5384 recepit.

487 5398 545 5454 δὲ
580 5395 670 5448 καὶ
723 5393 899 5458 ἄλλως
930 5396 1329 5470 ὲμφαινόμενος
1371 5400 1400 5452 6
1435 5401 1628 5469 Λόγος·
1653 5404 1776 5457 ἐπεὶ
1819 5406 1988 5462 πάλαι
2023 5411 2122 5480 μὲν

484 5486 655 5559 ὁρατὴ
681 5488 768 5542 διὰ
798 5487 860 5541 τὸ
884 5489 1077 5560 ὁρατὸν
1105 5492 1183 5554 εἰς
1226 5491 1426 5562 ἑαυτὴν
1453 5494 1814 5567 πρόσλημμα.

1062 5580 1213 5637 CAP.
1272 5583 1464 5639 XXXI.

551 5692 608 5748 Si
642 5693 806 5748 homo
849 5703 935 5750 est
991 5705 1306 5766 utrumque,
1344 5697 1487 5753 Deus
1515 5699 1728 5755 scilicet
1773 5710 1828 5757 et
1863 5702 2049 5765 homo,

481 5785 626 5840 sicut
671 5783 914 5842 Verbum
969 5786 1116 5842 Deus
1183 5796 1479 5859 utrumque
1530 5799 1637 5855 est.
1699 5793 2049 5850 manifestum

481 5887 589 5943 est,
626 5879 765 5934 Sit!"
817 5878 984 5936 homo
1032 5895 1141 5936 non
1195 5891 1281 5938 est
1334 5890 1532 5938 natura
1577 5883 1760 5953 Deus,
1813 5887 1895 5943 sic
1948 5904 2052 5944 nec

2178 669 2491 740 άγεννήτως
2515 670 2663 737 ἀφ...
2688 667 2826 722 ἀλλά
2856 668 2950 720 καὶ
2983 667 3062 738 τῷ
3096 669 3416 737 γεννητικὸς
3454 669 3549 722 τοῦ
3578 671 3758 738 Λόγου

2177 756 2339 825 εἶναι,
2386 761 2482 813 καὶ
2519 759 2910 830 ὲκπορευτικδς
2956 758 3052 813 τοῦ
3104 759 3423 830 Πνεύματος
3446 800 3464 825 ,
3504 763 3601 815 καὶ
3663 765 3758 816 ἁν-

2177 853 2530 920 εκπόρευτοςο
2561 852 2764 922 ὁμοίως
2794 851 2852 906 δὲ
2881 853 2977 905 καὶ
3018 852 3336 923 Πνεύματος
3355 893 3372 918 ,
3423 852 3601 906 πλείω
3640 857 3758 908 ἐστὶ

2176 943 2246 997 τά
2276 943 2406 998 ῖδια.
2431 944 2545 997 Οὑκ
2567 943 2677 1014 ἄρα
2688 943 2782 996 οὖν
2808 947 2837 997 6
2864 945 3204 1016 πλεονασμὸς
3230 945 3340 999 τῶν
3372 946 3759 999 ὑποστατικιῖνο

2183 1034 2510 1105 ῖδιωμάτων,
2566 1033 2824 1088 σύνθετον
2869 1037 3018 1088 ποιεῖ
3047 1037 3148 1106 τὴν
3193 1036 3379 1106 ἁπλῆν
3424 1037 3752 1090 ὑπόστασιν·

2179 1127 2295 1181 ἀλλ’
2328 1127 2488 1200 εἴπερ
2512 1127 2578 1181 ὲκ
2603 1127 2865 1181 πλειόνων
2902 1129 3255 1183 ὑποστάσεων
3287 1129 3418 1199 μίαν
3447 1129 3758 1182 ὑπόστασξν

2177 1235 2262 1282 τις
2289 1219 2604 1287 συγκεῖσθαι
2644 1219 2934 1290 ὑπόθηται,
2977 1221 3115 1291 ὅπερ
3157 1222 3289 1291 ἡμῖν
3330 1221 3642 1275 άπευκτέον
3675 1221 3756 1273 λέ-

2179 1325 2318 1380 γειν·
2350 1311 2484 1382 μηδὲ
2532 1310 2924 1382 διαπλασοῆναι
2953 1311 3054 1383 τὴν
3106 1312 3307 1382 σάρκα,
3356 1309 3475 1366 εἶτα
3514 1313 3759 1382 προσληο

2180 1400 2375 1470 φθῆναι
2417 1399 2497 1470 τῷ
2540 1401 2696 1471 Λόγῳ
2741 1401 3026 1472 ἐννοήσασί
3067 1418 3219 1465 ποτε,
3255 1400 3444 1473 ὥσπερ
3477 1401 3645 1470 ὑμεῖς
3673 1403 3759 1454 δο-

2181 1489 2393 1556 ξάζετε,
2426 1489 2541 1544 ἀλλ’
2565 1488 2626 1556 ἐξ
2669 1491 2842 1562 ἀρχῆς
2873 1490 3161 1563 ὑπάρξεως
3197 1493 3366 1562 αὑτῆς
3396 1494 3490 1546 ἐπὶ
3526 1492 3633 1560 τῆς
3661 1491 3756 1546 τού

2179 1583 2354 1652 Λόγου
2399 1582 2952 1654 προσωποποιηθῆναι
2995 1583 3346 1647 ὑποστάσεως
3375 1586 3454 1647 εἰς
3484 1583 3753 1656 Χριστόν⁹

2179 1675 2237 1730 ὃν
2269 1677 2426 1746 ὑμεῖς
2475 1674 2679 1746 μᾶλλον
2717 1676 2779 1729 ὲκ
2821 1675 2912 1729 δύο
2944 1675 3298 1729 ὑποστάσεων
3324 1674 3527 1728 τιθεῖτε
3561 1676 3650 1737 εἰς
3676 1673 3754 1726 δι’

2181 1767 2322 1838 πλῆν
2348 1767 2668 1821 ὑπόστασινο
2704 1767 2762 1838 ἢ,
2786 1767 2861 1838 μὴ
2895 1766 3199 1830 συνθέντες,
3225 1764 3619 1839 προσποιεῖσθε
3656 1766 3754 1834 τὴν

2179 1859 2393 1914 ἕνωσινο
2428 1860 2581 1914 οὐδὲν
2629 1859 2862 1931 ἐχούσης
2914 1859 3101 1914 πλεῖον
3147 1859 3256 1912 τῶν
3288 1859 3492 1912 λοιπῶν
3539 1859 3753 1928 ἀνδρῶν

2173 1952 2273 2023 τὴν
2299 1951 2437 2023 πρὸς
2473 1951 2604 2005 Θεὸν
2630 1949 2814 2022 σχέσιν
2839 1953 2940 2022 τῆς
2973 1951 3069 2005 τοῦ
3113 1949 3349 2021 Χριστοῦ
3375 1949 3623 2018 φύσεως·
3661 1952 3751 2002 καὶ

2174 2043 2338 2097 πόθεν
2371 2037 2525 2105 οὗτος
2565 2042 2727 2112 μόνος
2771 2035 2850 2106 εἷς
2881 2042 3110 2114 μεσίτης
3141 2041 3274 2096 Θεοῦ
3315 2042 3411 2096 καὶ
3441 2041 3752 2112 ἀνθρώπων

2171 2135 2408 2208 εἴρηται,
2438 2134 2618 2204 λέγειν
2643 2136 2741 2206 οὑχ
2765 2135 2937 2199 ἕξετε.

2767 2248 3024 2303 ΚΕΦΔΛ.
3064 2251 3143 2303 Λ’.

2240 2364 2302 2418 El
2329 2361 2462 2434 ἄλλη
2499 2357 2570 2433 ἦν
2601 2362 2634 2433 ἡ
2657 2361 2956 2425 ὑπόστασις
2982 2361 3078 2416 τοῦ
3103 2363 3280 2431 Λόγου
3313 2364 3484 2433 χωρὶς
3520 2361 3746 2430 σαρκὸς,

2170 2456 2267 2510 καὶ
2321 2455 2457 2526 άλλη
2501 2456 2598 2509 τοῦ
2647 2455 2822 2523 Λόγου
2859 2456 2895 2524 ἡ
2929 2455 3230 2518 ὑπόστασις
3281 2457 3420 2526 μετὰ
3466 2455 3570 2526 τῆς
3608 2455 3748 2522 ἰδίας

2171 2549 2396 2621 σαρκὸς,
2429 2549 2521 2603 καὶ
2549 2550 2579 2602 6
2607 2549 2780 2617 Λόγος
2808 2547 2868 2613 ἐξ
2900 2549 3142 2619 ἀνάγκης
3173 2549 3332 2611 ἄλλος
3358 2545 3427 2620 ἦν
3464 2566 3619 2611 ποτε,
3655 2550 3748 2601 καὶ

2169 2641 2326 2706 ἄλλος
2368 2641 2504 2710 μετὰ
2556 2640 2730 2694 ταῦτα
2761 2653 2777 2669 ⁸
2803 2640 3088 2696 ἀκολουθεῖ
3117 2642 3228 2714 γὰρ
3254 2644 3319 2712 τῇ
3349 2641 3623 2711 ἑναλλαγῇ
3651 2641 3748 2710 τῆς

2170 2733 2545 2797 ὑποστάσεως,
2569 2735 2603 2804 ἡ
2634 2733 2903 2804 ἐναλλαγὴ
2924 2733 3020 2786 τοῦ
3051 2733 3266 2802 ἔχοντος
3290 2732 3390 2803 τὴν
3416 2733 3743 2786 ὑπόστασιν.

2169 2826 2242 2880 Τὸ
2261 2826 2417 2880 ἄλλο
2441 2827 2536 2878 καὶ
2558 2814 2678 2878 κατ’
2702 2824 3006 2895 ιναλλαγὴν
3028 2825 3243 2894 φύσεως
3260 2827 3484 2890 νοεῖται,
3502 2825 3604 2879 καὶ
3625 2825 3747 2880 κατ’

2168 2919 2457 2988 ἐπίκτησιν
2494 2917 2588 2971 καὶ
2639 2917 2782 2972 κατὰ
2813 2916 3130 2989 παραϐολήν
3173 2935 3296 2971 τινα
3324 2917 3434 2970 τῶν
3474 2921 3748 2972 ὲπουσιω-

2167 3008 2377 3065 δῶν.Ἦ
2414 3009 2512 3080 μὲν
2543 3005 2637 3063 οὖν
2667 3009 2804 3079 αὑτὴ
2833 3010 3004 3072 πόκος
3025 3008 3144 3062 ἐστὶ
3167 3009 3263 3062 καὶ
3294 3009 3395 3062 οὑκ
3414 3007 3576 3080 άλλη·
3618 3010 3656 3079 ἥ
3687 3025 3745 3061 τε

2167 3102 2334 3174 λευκὴ
2359 3103 2602 3172 φυσικῶς
2643 3103 2706 3156 τὸ
2739 3102 2959 3174 χρῶμα,
2993 3102 3146 3173 καὶὴ
3180 3101 3249 3155 δι’
3276 3101 3506 3172 αἵματος
3545 3102 3745 3171 κόχλον

2170 3195 2424 3268 πορφύρα
2449 3196 2778 3267 γινομένη...
2796 3195 3118 3268 ὁρωμένη...
3143 3196 3220 3258 ὡς
3253 3194 3395 3247 κατά
3421 3196 3523 3265 τὴν
3551 3196 3745 3248 οὐσίαν

2166 3289 2262 3345 καὶ⁸
2315 3290 2614 3344 ὑπόστασιν
2661 3291 2856 3359 ὁμοι...
2902 3288 3046 3359 ἔχειν
3095 3286 3234 3358 πρὸς
3281 3281 3424 3361 αἷμα
3477 3288 3742 3342 λοιπὸν...

2165 3382 2354 3454 ὥσπερ
2392 3367 2608 3436 τοπᾶν
2644 3379 2789 3451 τῷ...
2838 3398 2976 3436 πο...
3005 3375 3213 3444 εἶδος...
3245 3379 3381 3448 άλλη
3409 3375 3575 3434 οὖν...
3609 3380 3745 3433 ὑπό·

2167 3491 2356 3538 στασις
2386 3476 2556 3528 νοοῖτο
2590 3473 2656 3528 ἂν
2688 3475 2721 3544 ἠ
2766 3475 3161 3543 σεσαρκωμένη
3181 3471 3320 3542 πρὸς
3344 3473 3445 3543 τὴν
3474 3472 3743 3544 άσαρκον·

2163 3567 2226 3621 οὐ
2250 3567 2358 3639 γὰρ
2389 3565 2566 3638 τροπὴ
2597 3565 2772 3634 Λόγου
2799 3567 2832 3637 ὴ
2871 3565 3151 3634 σάρκωσις
3173 3563 3362 3630 αὑτοῦ,
3399 3563 3515 3616 ἀλλ’
3543 3566 3580 3635 ἡ
3616 3564 3744 3617 ἀλοο

2163 3659 2280 3728 γίαο
2309 3660 2410 3728 τῆς
2431 3657 2489 3710 δὲ
2519 3656 2792 3727 άσαρκίας
2818 3655 2982 3709 αὑτοῦ
3003 3655 3284 3728 τροπὴν...
3313 3657 3743 3727 σεσαρκωμένοο

2163 3748 2324 3804 νῦν...
2359 3747 2454 3801 τοῦ
2494 3744 2695 3802 Υἱοῦ...
2729 3745 2848 3816 Θείη
2896 3745 2962 3798 ἂν
2990 3746 3026 3816 ἡ
3058 3745 3431 3816 κατηγορία...
3467 3745 3592 3815 οὐχὶ
3623 3746 3683 3798 δὲ
3708 3748 3741 3816 η

2163 3838 2405 3910 ἁσαρκία
2443 3837 2609 3892 τοῦ...
2647 3837 2748 3906 τῆς
2793 3836 2886 3890 τοῦ
2936 3837 3113 3904 Λόγου
3167 3837 3544 3900 ὑποστάσεως.
3579 3838 3739 3890 Οὕτω

2162 3931 2270 4003 γὰρ
2302 3930 2368 3985 ἂν
2413 3931 2508 3984 καὶ
2552 3930 2582 3982 6
2617 3929 2804 4000 Πατὴρ
2843 3929 2940 3982 καὶ
2980 3929 3044 3982 τὸ
3088 3929 3314 4002 Πνεῦμα
3337 3932 3400 3984 τὸ
3439 3931 3619 3996 ἅγιον,
3651 3931 3745 3983 καὶ

2162 4022 2385 4092 ἄγγελοι
2414 4022 2508 4075 καὶ
2524 4020 2714 4091 ψυχαὶ,
2739 4021 2912 4089 λόγοι
2936 4018 3002 4074 ἂν
3019 4016 3154 4082 εἷεν,
3182 4019 3326 4074 κατὰ
3346 4021 3435 4074 τὸν
3460 4019 3609 4073 Υἱόνο
3629 4020 3742 4072 ἔστι

2159 4116 2222 4170 δὲ
2269 4114 2606 4185 ἀποφατικὸν
2630 4115 2750 4185 τῆςσ
2781 4112 2972 4176 οὑσεας
2999 4112 3165 4167 αὑτοῦ
3189 4114 3560 4185 κατηγόρημα
3589 4110 3742 4183 πρώ-

2160 4227 2290 4274 τως,
2320 4208 2594 4280 δευτέρως
2621 4206 2678 4260 δὲ
2705 4205 2798 4260 καὶ
2823 4205 2924 4276 τῆς
2956 4206 3310 4270 ὑποστάσεως
3339 4204 3504 4260 αὑτοῦ
3535 4203 3626 4262 διὰ
3645 4205 3741 4273 τὴν

2161 4301 2350 4356 οὐσίαν
2401 4299 2575 4354 πάλαι
2622 4297 2795 4361 οὕτως
2849 4298 3367 4369 κατηγορουμένην·
3404 4296 3502 4350 καὶ
3547 4295 3647 4350 νῦν
3684 4295 3739 4348 δὲ

2160 4392 2263 4462 τῆς
2317 4391 2417 4461 μὲν
2451 4389 2639 4453 οὑσίας
2675 4387 2843 4443 αὑτοῦ
2887 4387 3152 4452 ὡσαύτως
3185 4391 3600 4460 κατηγορεῖται·
3641 4389 3742 4458 τῆς

2159 4485 2216 4538 δὲ
2249 4483 2598 4545 ὑποστάσεως
2629 4482 2726 4551 οὑχ
2758 4480 2944 4546 ἁπλῶς
2978 4483 3157 4536 εῖτουν
3192 4482 3371 4552 μόνως
3419 4495 3738 4551 κατηγορη-

2163 4572 2407 4643 θήσεταιο
2447 4569 2585 4644 διότι
2615 4569 2912 4636 ὑπεδέξατο
2942 4569 3080 4642 αὕτη
3111 4573 3169 4624 ὲν
3193 4573 3360 4642 ἑαυτῇ
3403 4570 3498 4625 καὶ
3538 4568 3736 4639 ἑτέραν

2161 4661 2351 4717 οὐσίαν
2396 4663 2516 4732 ἥτις
2558 4661 2796 4731 σαρκικὴ
2830 4655 2970 4714 εἶναι
3001 4663 3420 4731 κατηγορεῖται’
3453 4659 3548 4711 καὶ
3577 4657 3735 4711 δύναο

2163 4770 2254 4806 ται
2285 4752 2378 4805 καὶ
2418 4751 2558 4821 αὑτὴ
2593 4749 2784 4822 ὥσπερ
2814 4752 2848 4820 ἠ
2899 4750 3061 4820 φύσις
3092 4749 3188 4804 τοῦ
3229 4750 3426 4818 Λόγου·
3459 4748 3732 4818 δευτέρως

2164 4846 2371 4916 ιπῆγεν
2409 4848 2467 4899 ὲν
2512 4847 2577 4916 τῇ
2623 4844 2916 4899 ὑποστάσει
2963 4843 3135 4913 αὐτῆς
3191 4843 3252 4896 τὸ
3308 4843 3411 4911 τῆς
3461 4839 3732 4912 άσαρκίας

2165 4939 2295 4993 ἴδιον
2320 4937 2700 5007 κατηγόρημα,
2729 4936 2872 4990 οὑτω
2899 4936 2994 4991 καὶ
3020 4938 3055 5006 ἡ
3087 4935 3250 5005 φύσις
3270 4936 3432 5006 τῆσδε
3467 4934 3568 5003 τῆς
3602 4951 3732 5004 σαρ-

2163 5031 2257 5095 κὸς
2290 5029 2456 5083 αὑτοῦ
2508 5029 2854 5100 ἐπιῤῥίπτειν
2887 5029 3024 5099 αὑτῇ
3056 5027 3326 5096 δευτέρως
3373 5026 3476 5098 τὴν
3528 5024 3730 5093 ἑαυτῆς

2160 5121 2513 5193 κατηγορίαν,
2548 5121 2624 5184 ὡς
2672 5119 2806 5183 ἰδίας
2835 5119 3192 5182 ὑποστάσεως
3218 5120 3314 5172 κα)⁵
3354 5119 3530 5187 αὐτῆς
3577 5133 3728 5184 γενοο

2163 5215 2354 5286 μένης,
2385 5213 2552 5284 ἦγουν
2584 5212 2684 5283 τὴν
2718 5211 2994 5282 σάρκωσιν
3013 5227 3026 5241 ·
3055 5210 3170 5264 ἀλλ’
3203 5211 3305 5264 οὑκ
3344 5208 3506 5268 ἄλλος
3536 5207 3639 5277 μὲν
3663 5201 3729 5275 ἧν

2159 5305 2328 5361 πάλαι
2341 5303 2435 5357 καὶ
2449 5302 2604 5364 ἄλλος
2631 5301 2770 5373 μετὰ
2793 5301 2986 5355 ταῦτα’
3018 5300 3133 5354 ἀλλ’
3163 5303 3192 5354 6
3215 5299 3378 5364 αὑτὸς
3411 5299 3533 5368 μὲν,
3557 5298 3727 5357 άλλως

2165 5404 2323 5475 μόνον
2372 5398 2601 5469 ἀόρατος
2657 5389 2725 5466 ἦν
2771 5393 2910 5464 αὕτη
2943 5395 2977 5464 ἡ
3012 5392 3344 5460 ὑπόστασις,
3399 5391 3496 5446 νῦν
3537 5391 3600 5445 δὲ
3637 5393 3726 5446 καὶ

2744 5596 2996 5649 ΚΕΦΛΑ.
3028 5595 3154 5648 AA'.

2229 5707 2291 5760 Ei
2325 5705 2612 5776 ἀμφότερά
2649 5705 2796 5757 ἐστιν
2845 5705 2874 5756 6
2919 5703 3238 5776 ἄνθρωπος,
3289 5703 3581 5775 ἄνθρωπος
3633 5703 3721 5756 καὶ

2159 5797 2310 5862 Θεὸς,
2340 5797 2534 5867 ὥσπερ
2570 5791 2667 5849 οὖν
2707 5797 2800 5848 καὶ
2837 5795 2868 5847 6
2897 5795 3029 5860 Θεὸς
3059 5795 3230 5864 Λόγος
3261 5795 3428 5865 ἄμφω
3457 5796 3598 5859 ἐστὶ,
3628 5795 3720 5862 δῆ-

2159 5889 2247 5943 λον
2294 5891 2375 5943 ὅτι
2426 5888 2615 5960 ὥσπερ
2657 5889 2716 5942 οὑ
2774 5888 2934 5958 φύσει
2987 5889 3117 5952 θεὸς
3146 5889 3174 5942 6
3209 5887 3522 5960 ἄνθρωπος,
3553 5886 3719 5948 οὕτως
