3916 6562
67 454 255 522 1497

1090 466 1484 528 ADVERSUS
1522 464 2072 528 NESTORIANOS.
2111 494 2181 505 —
2219 471 2365 531 LIB.
2411 471 2461 531 Ι.

3276 469 3413 534 1498

58 571 230 625 οὐδὲ
270 574 308 625 6
360 571 543 640 Λόγος
572 571 731 640 φύσει
763 572 1068 645 ἄνθρωπος·
1102 578 1150 631 εξ
1194 577 1251 632 δὲ
1290 579 1368 651 μὴ
1399 581 1579 651 φύσει,
1617 582 1728 635 οὐδ’

1863 579 2071 635 Verbum
2099 591 2293 636 natura
2312 598 2434 637 esse
2450 580 2757 637 hominem:
2778 583 2824 640 si
2856 592 3037 639 autem
3059 598 3169 639 non
3190 594 3411 647 natura.

68 663 224 735 ἄρα
260 664 615 719 ὑποστάσει.
641 661 789 735 *Δρα
817 662 911 721 οὖν
934 668 984 720 εἴ
999 686 1051 721 τι
1079 668 1153 741 μὴ
1177 670 1336 739 φύσει
1368 674 1585 741 ταυτὸν,
1612 674 1735 728 οὐδὲ

74 756 495 824 ὐποστάσει;
523 757 577 811 τί
609 754 703 813 οὗν
739 760 865 811 ἐπεὶ
887 760 981 812 τοῦ
1007 760 1175 816 ἵππου
1204 765 1237 834 ή
1271 764 1417 835 ψυχὴ
1447 767 1509 836 ού
1538 766 1736 820 ταυτὸν

77 849 176 917 τῇ
217 846 420 917 φύσει
458 848 553 902 τοῦ
606 850 861 919 σώματος
909 853 1100 917 αὐτοῦ,
1134 857 1293 928 εῐπερ
1330 859 1363 928 ἠ
1401 860 1500 929 μὲν
1533 877 1739 930 κινητι-

84 938 219 1002 κδς
244 934 317 1012 ᾗ,
357 941 395 1011 ἠ
439 940 496 993 δὲ
536 941 811 1012 ἀκίνητος·
848 943 970 996 οὐδὲ
1013 945 1119 1017 ἄρα
1163 950 1228 1018 τῇ
1270 948 1596 1017 ὑποστάσει;
1630 952 1741 1005 Καὶ

93 1029 258 1082 ἐπεὶ
302 1031 375 1084 οὐ
430 1033 628 1084 ταυτὸν
672 1035 742 1104 τῇ
798 1033 958 1101 φύσει
1008 1037 1124 1105 φῶς
1164 1039 1274 1093 Καὶ
1324 1040 1454 1112 ἀὴρ,
1504 1043 1625 1097 οὐδὲ
1672 1045 1737 1115 τῇ

101 1121 465 1266 ζοστάσιι
494 1124 553 1177 ὲν
589 1123 776 1195 ἡμέρᾳ
815 1124 874 1179 ἓν
915 1129 1074 1191 εἰσιν,
1108 1128 1244 1183 ἀλλὰ
1271 1125 1552 1203 διώρισται
1578 1132 1742 1205 ἀλλή-

209 1228 270 1266 ν.

209 1228 270 1269 ν.

755 1332 1004 1386 ΚΕΦΛΛ.
1039 1334 1160 1389 ΛΒ¹.

222 1418 390 1487 Ἐγώ
419 1421 541 1491 ειμι
574 1421 669 1476 καὶ
699 1423 798 1476 οὐκ
827 1424 1162 1495 ὴλλοίωμαι,
1199 1426 1298 1498 βοᾷ
1325 1428 1353 1481 6
1381 1428 1543 1493 Θεός-
1580 1430 1746 1501 σαρκὶ

133 1510 281 1564 καθ’
322 1512 633 1566 ὑπόστασιν
677 1514 881 1585 ἥνωται
918 1515 947 1568 6
981 1518 1174 1585 Λόγος,
1219 1517 1318 1591 βοᾷ
1350 1521 1379 1573 6
1409 1520 1706 1589 Αἰγύπτιος
1728 1538 1743 1553 ·

132 1604 167 1657 6
200 1603 521 1675 δεχόμενος
551 1606 644 1659 τὸν
672 1606 941 1677 Κύριλλον
969 1608 1350 1679 ἀληθεύσαντα
1375 1612 1475 1683 (1).
1505 1612 1747 1683 ψεύστην

136 1697 306 1748 ποιεῖ
361 1696 461 1749 τδν
504 1697 657 1751 Θεόν.
702 1697 760 1752 '0
789 1696 883 1753 οῦν
913 1699 1084 1768 Λόγος
1128 1701 1236 1772 ἄρα
1266 1702 1552 1772 ὲνούμενος
1584 1705 1748 1771 σαρκὶ

140 1786 264 1839 κᾶν
325 1787 470 1860 μένῃ
520 1789 714 1859 Λόγος,
750 1791 1107 1860 ἀλογοῦνταμ
1147 1793 1182 1862 ἢ
1223 1792 1299 1863 μὴ
1337 1791 1514 1863 μένων
1548 1794 1745 1862 Λόγος,

146 1876 263 1933 κᾶν
291 1880 400 1949 ούχ
431 1880 641 1935 ἑνοῦται
672 1882 857 1952 σαρκὶ,
889 1884 1010 1937 τότε
1032 1883 1345 1955 ἠλλοίωται.
1378 1886 1441 1939 Ei
1467 1887 1575 1958 γὰρ
1602 1888 1634 1957 ή
1659 1888 1746 1940 ἓν·

1837 688 1939 726 nec
1964 681 2114 727 certe
2136 673 2439 727 secundum
2468 688 2781 742 personam.
2811 673 2965 740 Quod
2998 691 3109 729 non
3149 684 3236 730 est
3267 674 3417 729 idem

1837 772 2053 827 natura,
2102 778 2287 818 nonne
2341 743 2646 817 secundum
2694 780 2987 834 personam
3030 780 3149 820 esse
3194 765 3418 835 potest?

1837 853 1979 920 Quid
2027 854 2213 909 enim?
2255 856 2383 925 equi
2414 856 2597 910 anima
2634 873 2742 911 non
2791 867 2877 913 est
2914 857 3059 913 idem
3108 867 3304 913 natura
3352 874 3417 913 ac

1839 960 2039 1015 corpus
2089 948 2230 1017 ejus,
2281 962 2407 1001 cum
2469 947 2617 1003 istud
2672 950 2744 1003 sit
2799 950 3025 1015 mobile,
3079 950 3168 1004 illa
3231 958 3416 1005 autem

1841 1038 2137 1093 immobilis
2163 1056 2175 1091 :
2204 1054 2386 1096 nonne
2409 1049 2592 1095 tamen
2608 1040 2912 1097 secundum
2939 1041 3268 1111 personam?
3297 1040 3418 1096 Non

1843 1129 1988 1185 idem
2022 1139 2218 1186 natura
2240 1132 2416 1199 luxet
2450 1149 2564 1199 aer,
2586 1150 2764 1204 neque
2799 1134 3103 1189 secundum
3128 1148 3421 1204 personam

1842 1224 1900 1279 in
1945 1223 2037 1279 die
2089 1241 2260 1279 unum
2308 1235 2458 1292 sunt,
2501 1226 2596 1281 sed
2640 1227 2710 1281 ab
2759 1227 2995 1281 invicem
3046 1226 3331 1282 dill'eruut.

2412 1336 2564 1392 CAP.
2611 1336 2828 1392 XXXII.

1913 1427 2029 1498 Ego
2062 1443 2181 1483 sum
2204 1436 2261 1484 et
2286 1445 2395 1484 non
2428 1438 2632 1494 mutor,
2660 1430 2859 1485 clamat
2879 1431 3055 1496 Deus;
3109 1429 3263 1484 carni
3291 1444 3424 1484 con-

1841 1518 2091 1590 iungitur
2110 1521 2349 1576 Verbum
2380 1522 2683 1576 secundum
2705 1536 3019 1590 personam,
3044 1522 3244 1574 clamat
3261 1519 3424 1592 Egy-

1846 1610 1997 1679 ptius
2032 1628 2045 1663 :
2077 1611 2170 1679 qui
2207 1610 2471 1681 Cyrillum
2524 1626 2653 1665 vera
2686 1610 2962 1664 dicentem
3007 1608 3231 1678 recipit,
3263 1624 3423 1661 men-

1847 1699 2041 1755 dacem
2065 1702 2196 1755 facit
2220 1702 2412 1755 Deum.
2440 1700 2497 1755 Si
2532 1700 2701 1769 igitur
2724 1700 2985 1762 Verbum,
3005 1698 3154 1755 carni
3180 1697 3420 1755 unitum.

1850 1801 2093 1846 remanet
2115 1791 2377 1853 Verbum,
2405 1790 2648 1845 absurde
2672 1790 2977 1859 loquuntur
3000 1807 3014 1854 ;
3043 1789 3086 1843 si
3106 1796 3290 1841 autem
3314 1802 3426 1840 non

1849 1891 2099 1939 remanet
2150 1882 2412 1948 Verbum,
2467 1882 2722 1951 quamvis
2767 1897 2877 1935 non
2923 1881 3072 1935 carni
3148 1880 3422 1941 uniretur,

148 1989 298 2035 ωσις
348 1973 640 2037 ἀλλοίωσις
672 1976 820 2030 ἐστιν
850 1976 1041 2041 ἁπλῶς
1062 2016 1078 2043 ,
1136 1979 1284 2033 πᾶσα
1308 1980 1456 2052 ψυχὴ
1482 1982 1745 2036 ὲνωοεῖσα

1863 1984 2117 2030 mutatum
2148 1984 2251 2031 est.
2288 1974 2345 2029 Si
2371 1976 2517 2029 enim
2553 1974 2681 2028 unio
2714 1972 3037 2043 simpliciter
3064 1980 3148 2027 est.
3173 1969 3421 2033 mutatio,

153 2062 392 2135 σώματι
424 2066 731 2136 ἠλλοίωται.

759 2179 1010 2239 ΚΕΦΛΛ.
1045 2181 1169 2237 AI".

235 2269 315 2325 Σὺ
368 2271 399 2324 6
448 2269 613 2335 αὐτὸς
655 2266 739 2336 εἴ,
783 2271 883 2343 βοᾷ
917 2273 946 2326 6
974 2274 1263 2345 προφήτης
1292 2275 1422 2346 περὶ
1450 2276 1545 2329 τοῦ
1571 2277 1709 2331 θεοῦ
1730 2294 1747 2311 θ

162 2362 402 2434 ἀντισοᾷ
437 2364 465 2417 6
493 2362 791 2431 Αἰγύπτιος
820 2362 900 2433 τῷ
927 2366 1186 2438 προφήτῃ
1213 2369 1328 2429 τοῖς
1352 2367 1616 2437 δόγμασι·
1651 2369 1749 2430 Σὺ.

160 2456 192 2509 6
223 2454 392 2518 αὐτὸς
430 2454 531 2508 οὐκ
563 2451 649 2508 εἶ’
687 2456 919 2524 γέγονας
944 2456 1054 2528 γὰρ
1082 2457 1205 2511 καθ’
1235 2458 1535 2513 ὑπόστασιν
1563 2460 1751 2533 ἔτερος

164 2548 197 2601 6
224 2547 328 2601 οὐκ
357 2542 448 2616 ἦς.
480 2548 624 2619 Ἀρα
649 2548 743 2602 οὖν
771 2550 1162 2603 κατακαέντων
1191 2550 1262 2605 τὰ
1289 2552 1517 2623 σώματα
1541 2554 1752 2608 πολλῶν

174 2640 481 2711 μαρτύρων
509 2678 524 2705 ,
596 2642 714 2704 ταῖς
765 2640 824 2694 δὲ
876 2642 1076 2713 ψυχαῖς
1135 2644 1231 2697 καὶ
1278 2647 1392 2708 τοῖς
1443 2646 1753 2717 πνεύμασιν

171 2730 408 2795 ἑαυτοὺς
459 2731 903 2802 ἑμφανιζόντων,
957 2734 1052 2789 καὶ
1098 2735 1568 2808 ϐαυματουργίαις
1595 2739 1752 2792 πλεξ-

176 2838 332 2886 σταις
380 2823 605 2887 ἑαυτοὺς
633 2826 765 2895 ἡμῖν
793 2826 889 2879 καὶ
915 2826 1035 2879 νυνὶ
1061 2825 1271 2891 ζῶντας
1300 2829 1750 2895 συνιστανόντων,

177 2914 428 2983 εἴποιμεν
457 2915 641 2978 αὐτοῖς
658 2930 673 2945 ⁸
693 2916 883 2986 Ὑμεῖς
912 2918 961 2971 οε
986 2919 1141 2973 αὐτοὶ
1169 2920 1271 2974 οὐκ
1294 2921 1420 2982 ἔστέ
1442 2938 1456 2953 ·
1490 2923 1753 2990 γεγόνατε

178 3004 291 3076 γὰρ
309 3006 434 3060 καθ’
464 3007 764 3062 ὑπόστασιν
792 3009 1024 3081 ἄσαρκοι
1052 3010 1081 3064 6
1103 3011 1205 3065 οὐκ
1226 3008 1344 3083 ἦτε.
1380 3014 1489 3069 Καὶ
1513 3014 1677 3068 αὑτὸν
1697 3016 1755 3068 δὲ

182 3096 416 3167 Χριστὸν
438 3098 467 3150 6
512 3100 587 3168 μὴ
625 3098 916 3169 γινώσκων
948 3102 1134 3156 οὐκέτι
1170 3104 1314 3158 κατὰ
1345 3105 1545 3176 σάρκα,
1582 3108 1631 3159 si
1662 3109 1755 3161 καὶ

185 3189 325 3258 ιγνω
350 3189 501 3254 ποτὶ,
538 3185 648 3262 ἆρά
677 3208 742 3260 γε
767 3193 867 3247 οὐκ
894 3194 1076 3261 αὑτὸν,
1109 3196 1223 3250 ἀλλ’
1248 3197 1437 3268 ἕτερον
1462 3197 1750 3267 γινώσκεις

1848 2068 2030 2124 omnis
2075 2067 2256 2123 anima
2288 2067 2505 2138 corpori
2566 2068 2720 2121 unita
2764 2074 3031 2119 mutatur.

2410 2195 2562 2251 CAP.
2612 2194 2854 2251 XXXIII.

1919 2282 2002 2337 Tu
2031 2284 2173 2339 idem
2203 2298 2283 2350 es,
2324 2284 2523 2340 clamat
2562 2286 2850 2354 propheta,
2886 2284 2953 2339 de
2992 2285 3105 2339 Deo
3150 2283 3425 2353 loquens:

1850 2383 2039 2427 contra
2054 2374 2373 2443 prophetam
2389 2374 2587 2427 clamat
2604 2371 2887 2444 [Egyptius
2907 2371 3144 2442 dogmati
3157 2371 3259 2425 bus
3276 2369 3425 2425 suis:

1850 2466 1971 2520 Non
2004 2465 2150 2519 idem
2190 2481 2250 2521 es
2278 2483 2291 2519 :
2327 2465 2506 2520 factus
2535 2480 2595 2520 es
2627 2467 2774 2520 enim
2809 2464 3111 2520 secundum
3141 2478 3429 2533 personam

1852 2558 2023 2621 alius,
2054 2565 2109 2611 et
2160 2556 2307 2625 quod
2345 2572 2452 2609 non
2492 2570 2636 2610 eras.
2681 2554 3062 2609 Concrcmatis
3100 2551 3432 2623 corporibus

1852 2648 1989 2711 suis,
2044 2647 2204 2701 multi
2266 2654 2536 2717 martyres
2577 2662 2637 2700 se
2686 2645 2886 2699 animis
2925 2644 3349 2699 manifestarunt
3376 2652 3434 2697 es:

1852 2740 2106 2811 pluribus
2127 2738 2406 2805 miraculis
2423 2737 2575 2791 vivos
2600 2738 2758 2792 nobis
2778 2748 2899 2792 sese
2914 2738 3275 2793 ostenderunt
3298 2753 3312 2802 ;
3350 2736 3433 2790 eis

1852 2834 2141 2890 dicerem:
2197 2832 2306 2887 Vos
2349 2830 2513 2884 iidem
2561 2845 2671 2883 non
2722 2828 2888 2895 estis;
2938 2828 3071 2884 facti
3117 2828 3265 2883 enim
3300 2828 3435 2882 estis

1853 2926 2157 2981 secundum
2228 2936 2518 2993 personam
2594 2921 2801 2990 absque
2865 2920 3231 2989 corporibus,
3284 2919 3433 2989 quod

1852 3031 1964 3071 non
1990 3013 2178 3070 eratis.
2206 3010 2309 3079 Qui
2338 3018 2523 3065 autem
2542 3009 2828 3065 Christum
2849 3024 2958 3062 non
2981 3008 3134 3061 novit
3158 3007 3213 3059 in
3243 3020 3431 3063 carne.

1856 3108 1900 3163 si
1948 3106 2171 3177 quando
2215 3115 2407 3175 postea
2449 3102 2753 3173 cognoscit,
2806 3117 2992 3156 nonne
3036 3099 3294 3155 eumdem
3336 3096 3432 3153 sed

1857 3200 2025 3255 alium
2068 3196 2406 3268 cognoscet?
2433 3195 2567 3261 Quis
2604 3195 2757 3250 hisce
2799 3192 3164 3250 assentietur?
3192 3192 3435 3248 Verbum

187 3277 298 3334 Καὶ
312 3278 393 3339 τίς
418 3281 447 3332 6
462 3281 637 3334 τοῖσδε
653 3283 1063 3353 συντιθέμενοςς
1095 3286 1154 3340 Ὀ
1172 3262 1457 3355 Λόγος-οὖν
1474 3262 1621 3360 σὰρξ
1641 3262 1755 3355 ὲγέξ

1863 3291 2025 3363 igitur
2052 3262 2184 3345 caro
2209 3288 2414 3344 factum
2435 3294 2541 3351 est,
2568 3293 2626 3342 et
2655 3286 2800 3341 idem
2821 3294 2907 3341 est
2934 3295 2993 3341 et
3019 3284 3216 3341 eodem
3247 3282 3431 3339 modo.

192 3388 331 3438 νετο,
365 3372 460 3427 καὶ
491 3374 520 3426 6
548 3373 709 3437 αὐτός
733 3374 851 3428 ἐστι
879 3376 976 3429 καὶ
1001 3375 1195 3441 οὑτως.

753 3489 1006 3544 ΚΕΦΔΛ.
1041 3492 1162 3545 ΛΔ’.

261 3581 321 3635 Et
349 3581 492 3637 κατὰ
518 3583 617 3656 τὴν
642 3582 886 3653 ἄσαρκον
914 3581 1210 3637 ὑπόστασιν
1234 3582 1519 3653 όμοούσιος
1540 3586 1570 3639 6
1585 3584 1757 3653 Λόγος

192 3671 271 3743 τῷ
299 3673 501 3743 Πατρὶ,
555 3673 717 3744 δῆλον
758 3673 839 3726 ὅτι
869 3673 1012 3725 κατὰ
1037 3671 1135 3743 τὴν
1163 3670 1431 3743 ένσαρκον
1461 3672 1759 3728 ὑπόστασιν

199 3763 528 3835 ὲτεροούσιος
558 3766 587 3819 6
610 3764 786 3833 Λόγος
814 3764 892 3835 τῷ
918 3763 1111 3835 [ἰατρί.
1157 3764 1220 3817 El
1249 3764 1327 3835 τῷ
1360 3764 1434 3837 μὴ
1459 3763 1605 3835 ἔχειν
1635 3766 1759 3820 καθ’

200 3854 485 3908 ὑπόστασιν
518 3854 804 3924 ἡνωμένην
832 3852 1008 3923 σάρκα
1038 3851 1188 3923 αὐτῷ
1205 3892 1219 3915 ,
1267 3853 1445 3922 τούτῳ
1470 3848 1537 3923 ἦν
1561 3852 1760 3922 όμοού-

201 3964 309 4011 σιος
326 3950 352 4001 6
366 3947 535 4016 Λόγος
545 3946 621 4017 τῷ
637 3947 810 4017 Πατρὶ
829 3946 927 4017 τὴν
949 3946 1268 4009 ὑπόστασιν,
1286 3945 1513 4008 δεόντως
1530 3945 1591 4011 ἐξ
1605 3946 1761 4017 ὑμῶν

198 4040 596 4112 ἀπορηθήσεται
642 4040 781 4093 τόδε.
850 4040 911 4092 Ei
943 4039 1001 4093 δὲ
1030 4038 1110 4110 τῷ
1141 4038 1216 4110 μὴ
1241 4035 1381 4093 εἶναι
1411 4039 1569 4109 φύσει
1600 4041 1758 4111 σὰρξ,

202 4132 328 4187 ἀλλὰ
356 4132 486 4196 Θεδς
511 4132 610 4203 τὴν
629 4132 817 4185 οὐσίαν
844 4132 872 4184 6
898 4121 1069 4200 Λόγος
1096 4130 1271 4201 τούτῳ
1299 4131 1448 4184 ἐστὶν
1477 4131 1763 4202 όμοούσιος

204 4226 275 4297 τῷ
295 4226 406 4294 Θεῷ
430 4228 625 4297 Πατρὶ,
658 4227 754 4281 καὶ
785 4226 1075 4297 ὲνούμενος
1102 4228 1211 4297 ἄρα
1239 4228 1441 4298 σαρκὶ,
1472 4226 1575 4280 οὐκ
1603 4228 1763 4298 ἐτρά-

206 4336 276 4391 πη
304 4318 397 4391 τὴν
424 4318 517 4373 τοῦ
543 4319 678 4373 Θεοῦ
705 4319 893 4388 φύσιν·
925 4322 1020 4374 καὶ
1047 4320 1205 4392 δῆλον
1230 4320 1307 4384 ὡς
1331 4320 1427 4373 καὶ
1452 4320 1763 4391 μεμένηκεν

204 4410 470 4482 όμοούσιος
503 4414 536 4482 ἠ
563 4410 654 4464 τοῦ
678 4411 850 4480 Λόγου
883 4411 1182 4475 ὑπόστασις
1216 4410 1353 4480 πρὸς
1383 4409 1474 4463 τὸν
1503 4409 1723 4479 Πατέρα
1743 4423 1757 4437 ⁶

207 4504 479 4575 γεγένηται
533 4503 589 4556 δὲ
646 4502 815 4566 ὅντως
892 4504 988 4555 καὶ
1048 4502 1389 4573 ἑτεροούσιος
1467 4502 1602 4574 πρὸς
1666 4502 1761 4555 τὸν

2422 3486 2575 3542 CAP.
2629 3485 2869 3541 XXXIV.

1931 3579 1988 3636 Si
2027 3578 2327 3635 secundum
2358 3594 2649 3650 personam
2682 3578 2865 3633 carnis
2889 3586 3165 3648 expertem
3184 3576 3329 3632 Patri
3358 3574 3435 3629 si-

1863 3672 1992 3727 mile
2044 3680 2131 3727 est
2172 3671 2439 3736 Verbum,
2498 3669 2850 3725 manifestum
2891 3678 2977 3724 est
3022 3669 3325 3724 secundum
3351 3668 3439 3722 in-

1863 3770 2138 3817 carnatam
2178 3776 2333 3816 suam
2366 3776 2662 3831 personam
2708 3760 2977 3814 dissimile
3016 3776 3138 3814 esse.
3172 3760 3342 3813 Patri.
3378 3756 3437 3812 Si

1862 3869 1930 3909 ex
1969 3868 2038 3909 eo
2084 3853 2230 3923 quod
2256 3868 2477 3909 carnem
2526 3853 2833 3907 secundum
2860 3867 3149 3923 personam
3179 3852 3282 3905 sibi
3312 3851 3437 3904 uni-

1866 3958 1976 4003 tam
2029 3962 2141 4001 non
2184 3946 2417 4002 haberet
2456 3946 2720 4010 Verbum,
2756 3946 2879 4001 ideo
2926 3956 3046 4001 erat
3087 3946 3236 4000 Patri
3262 3944 3440 3999 simile

1865 4039 2173 4095 secundum
2222 4054 2536 4110 personam,
2591 4038 2698 4093 hoc
2742 4038 2905 4093 vobis
2942 4048 3088 4093 recte
3118 4036 3437 4107 negabitur.

1866 4135 1923 4191 Si
1959 4144 2143 4189 autem
2193 4149 2262 4189 ex
2316 4148 2384 4188 eo
2436 4132 2585 4203 quod
2636 4139 2836 4187 natura
2890 4146 2999 4185 non
3036 4138 3120 4185 est
3150 4143 3299 4193 caro,
3343 4126 3438 4182 sed

1865 4228 2012 4282 Deus
2051 4225 2517 4289 substantialiter,
2557 4224 2708 4278 carni
2746 4223 2962 4279 unitum
3016 4222 3071 4276 in
3115 4221 3301 4275 divina
3343 4234 3442 4273 na-

1868 4328 1993 4374 tura
2034 4333 2144 4372 non
2197 4325 2473 4371 mutatum
2519 4323 2623 4380 est,
2672 4321 2729 4369 et
2777 4313 3128 4368 manifestum
3180 4321 3265 4366 est
3315 4326 3442 4381 per—

1865 4427 2057 4467 sonam
2104 4410 2267 4467 Verbi
2319 4409 2650 4464 remansisse
2704 4409 2849 4462 Patri
2903 4407 3175 4468 similem,
3236 4402 3443 4457 factum

1866 4512 2052 4559 autem
2107 4502 2340 4556 diversa:
2392 4509 2602 4554 naturae
2647 4506 2873 4568 prepter
2916 4498 3144 4552 alteram
3193 4503 3444 4548 naturam

207 4596 388 4662 αὐτὸν,
435 4595 503 4651 δι’
526 4596 716 4666 ἑτέρας
749 4596 930 4667 μέντοι
962 4595 1327 4666 ἐγγενομένης
1354 4595 1490 4667 αὐτῇ
1523 4595 1755 4664 φύσεως.

1864 4596 1973 4651 sibi
2025 4593 2362 4665 adjunctam.

769 4711 1023 4765 ΚΕΦΑΛ.
1056 4711 1181 4768 ΛΕ¹.

275 4804 335 4859 El
366 4804 436 4875 μὴ
466 4802 763 4856 ὑπόστασιν
792 4802 859 4873 ἣν
885 4799 1029 4872 εἶχεν
1061 4802 1174 4873 ἔχει
1202 4804 1229 4855 6
1255 4802 1427 4871 Λόγος
1448 4843 1463 4867 ,
1498 4802 1622 4856 οὐδὲ
1651 4802 1761 4873 ἄρα

216 4893 356 4958 αὑτός
380 4894 524 4947 ἐστιν
557 4890 585 4944 6
613 4886 698 4961 ἦν.
742 4890 881 4945 Ἀλλ’
907 4891 1018 4961 ἔχει
1046 4891 1148 4962 τὴν
1173 4890 1344 4960 αὐτὴν
1374 4889 1636 4959 ἀνελλιπῆ
1665 4889 1762 4958 μὲν

216 4986 314 5047 τοῖς
341 4983 618 5053 προτέροις
649 4980 932 5051 ξδιώμασιο
985 4979 1126 5049 μετὰ
1156 4980 1257 5052 μέν
1286 4997 1367 5033 τοι
1396 4982 1488 5033 καὶ
1516 4979 1759 5050 προσθή-

220 5092 308 5144 κης
335 5076 526 5145 ἑτέρων
553 5074 860 5143 ἰδιωμάτων
884 5114 901 5142 ,
953 5073 1371 5145 διακρινομένην
1397 5073 1492 5127 νῦν
1523 5074 1631 5128 ἀπὸ
1654 5072 1764 5157 τῶν

221 5167 515 5237 ὀμοουσίων.
854 5176 857 5177 ⁷

772 5281 1024 5336 “om.
1056 5280 1196 5347 Δεῖν.

297 5369 461 5435 Ἀξίαν
507 5370 602 5424 καὶ
635 5372 920 5425 αύθεντίαν
986 5370 1083 5425 καὶ
1127 5368 1447 5422 δυναστείαν
1499 5367 1594 5421 τοῦ
1625 5367 1762 5421 Θεοῦ

226 5463 374 5531 Λόγου
409 5460 633 5515 δύναται
665 5462 808 5533 ἔχειν
844 5461 873 5513 ό
900 5459 1186 5531 ἄνθρωπος
1206 5476 1220 5490 ’
1261 5460 1357 5513 καὶ
1384 5459 1446 5512 τὸ
1485 5458 1584 5530 τὴν
1613 5456 1766 5522 τάξιν

228 5554 420 5624 ἐπέχειν
465 5553 587 5608 ὅλου
630 5556 723 5608 τοῦ
755 5554 891 5609 Θεοῦ
920 5555 1097 5623 Λόγου
1128 5553 1229 5624 τὴν
1257 5552 1554 5605 ὑπόστασιν
1640 5553 1766 5607 ἁδύ-

295 5736 356 5810 (l)
387 5738 578 5818 Severi
630 5736 1134 5818 llon_ophysitarum
1180 5736 1453 5818 Coryphaei
1492 5739 1763 5818 ineditnln

231 5824 367 5890 opus,
386 5810 707 5889 inscriptum
735 5810 1037 5880 Φιλαλήθης
1065 5826 1161 5864 seu
1200 5810 1487 5881 Κύριλλος,
1520 5828 1621 5881 ego
1646 5811 1767 5881 qui-

226 5876 337 5936 dem
357 5896 404 5935 ιιι
427 5880 685 5941 manibus
708 5879 885 5936 habeo
911 5897 924 5934 :
952 5890 1331 5936 verumtamen
1358 5883 1599 5939 Severus
1619 5881 1763 5937 haud

2450 4706 2601 4761 CAP.
2642 4703 2861 4758 XXXV.

1932 4800 1990 4855 Si
2025 4815 2189 4869 quam
2225 4814 2513 4869 personam
2561 4796 2799 4851 habebat
2834 4795 3099 4857 Verbum,
3139 4796 3281 4847 hanc
3329 4808 3442 4848 non

1856 4893 1969 4963 jam
2006 4891 2190 4953 habet,
2229 4906 2341 4943 non
2381 4899 2466 4944 est
2502 4887 2645 4941 idem
2680 4889 2791 4959 jam
2817 4886 2965 4957 quod
3009 4894 3149 4941 erat.
3182 4883 3289 4940 Sed
3319 4900 3441 4939 eam

1863 4982 2044 5038 adhuc
2073 4982 2242 5037 habet
2282 4980 2397 5036 suis
2438 4980 2721 5050 prioribus
2745 4978 3181 5049 preprietatibus
3234 4976 3443 5046 pollen-

1874 5081 2005 5137 tem,
2052 5072 2148 5128 sed
2190 5088 2315 5127 cum
2363 5070 2679 5127 accessione
2724 5071 2957 5125 aliarum
3005 5068 3443 5140 proprietatum,

1872 5164 1928 5219 in
1974 5166 2081 5220 hoc
2129 5180 2349 5235 quoque
2376 5163 2694 5217 distinctam
2736 5178 2767 5217 a
2804 5160 3189 5217 consimilibus
3238 5160 3371 5215 suis.

2428 5277 2580 5332 CAP.
2640 5275 2877 5330 XXXVI.

1939 5372 2293 5445 Dignitatem,
2344 5369 2730 5426 auctoritatem
2794 5377 2853 5424 et
2898 5376 3224 5440 potestatem
3276 5367 3444 5424 Verbi

1870 5465 1969 5519 Dei
2019 5472 2201 5534 potest
2234 5463 2399 5517 homo
2443 5461 2667 5525 habere,
2700 5460 2796 5515 sed
2833 5459 3172 5530 impossibile
3210 5468 3292 5514 est
3316 5474 3444 5529 per-

1872 5572 2062 5611 sonam
2081 5570 2298 5611 omnem
2326 5554 2491 5610 Verbi
2515 5553 2612 5608 Dei
2652 5552 3024 5609 telsitudinem
3055 5562 3263 5619 tenere,
3292 5566 3445 5606 crea-

1872 5740 1976 5814 fuit
2010 5750 2134 5814 ortu
2166 5739 2819 5814 Egyptiusquanquam
2865 5738 2922 5794 in
2965 5754 3033 5795 ea
3087 5750 3306 5810 quoque
3349 5749 3447 5791 res

1872 5812 2033 5882 gione
2056 5812 2154 5867 diu
2189 5813 2345 5867 vixit.
