4032 6582
477 437 500 501 1
518 439 618 503 499

1712 437 2021 499 LEONTII
2059 439 2432 500 BYZANTIN
2442 438 2468 498 Ι

3608 431 3768 498 15(30

473 546 561 587 ius
583 531 728 586 enim
747 528 934 593 homo,
960 527 1262 583 increatum
1281 537 1462 583 autem
1476 528 1621 583 Deus
1640 529 2063 597 Verbum.Quod

2179 547 2357 583 vatO‘I'
2419 529 2638 595 κτιστὸς
2688 530 2788 602 μὲν
2825 530 2935 602 γὰρ
2981 531 3010 586 6
3040 530 3331 603 ἄνθρωπος
3353 571 3370 597 ,
3407 531 3674 595 immo;
3709 535 3773 586 ἐξ

471 624 706 679 maxime
736 619 1061 676 incredibile
1091 627 1197 687 est,
1222 620 1509 691 supponis,
1545 621 1743 686 amice,
1789 622 1836 677 si
1878 630 2060 678 tamen

471 717 613 771 dicis
655 712 800 784 quod
865 713 1205 780 naturalem,
1258 728 1369 768 nou
1422 713 1843 779 aceidentalem,
1893 715 2060 771 Verbi

472 805 796 876 dignitatem
847 815 904 858 et
926 803 1311 858 auctoritatem
1344 810 1401 858 et
1429 803 1730 874 potentiam
1765 804 1931 859 homo
1963 820 2063 875 po-

475 906 583 952 test
629 895 855 960 habere,
881 903 938 949 et
969 911 1100 950 vere
1136 896 1321 949 locum
1358 902 1548 950 tenere
1581 897 1756 952 totius
1785 895 1952 953 Verbi
1978 896 2064 950 di-

473 983 609 1046 vini,
634 983 766 1037 licet
796 983 1030 1037 diversa:
1051 983 1123 1037 sit
1153 992 1382 1048 naturae,
1409 992 1465 1038 et
1486 993 1682 1039 natura
1701 1001 1808 1041 non
1827 986 2056 1044 differre

474 1075 544 1130 ab
587 1075 833 1131 increato
884 1075 1068 1132 Verbo
1121 1079 1448 1132 naturaliter
1484 1079 1629 1134 Deo.
1672 1080 1915 1136 Verbum
1952 1097 2054 1136 au-

477 1178 586 1226 tem
615 1170 761 1224 Deus
804 1171 861 1224 in
906 1185 1062 1224 suam
1093 1186 1384 1241 personam
1424 1171 1687 1228 inducere
1722 1188 1834 1228 non
1869 1182 2056 1239 posset

472 1275 728 1320 naturam
763 1264 1061 1319 humanam
1099 1283 1112 1319 :
1147 1267 1332 1335 itaque
1361 1267 1527 1321 homo
1555 1266 1763 1334 divina,
1798 1283 1912 1323 non
1952 1284 2054 1323 au-

477 1364 586 1409 tem
638 1356 784 1410 Deus
831 1356 1069 1411 humana
1125 1357 1378 1426 recipere
1405 1359 1634 1428 posset?

2160 626 2188 678 6
2212 623 2342 687 Θεὸς
2358 624 2551 692 Λόγος.
2571 624 2644 678 Τὸ
2669 624 2801 694 γοῦν
2827 625 3188 698 ἀπιστότερον
3213 625 3470 697 ὑποτίθη,
3500 620 3548 680 ὦ
3568 619 3768 688 οὗτος·

2161 719 2321 789 εἴπερ
2353 718 2463 788 γὰρ
2509 717 2609 787 τὴν
2644 716 2882 786 φυσικὴν
2905 756 2920 778 ,
2975 716 3038 770 οὑ
3075 717 3186 788 γὰρ
3225 717 3548 789 ἐπίκτητον,
3581 721 3771 790 ἐρεῖς,

2159 805 2256 860 τοῦ
2288 806 2464 875 Λόγου
2503 805 2601 877 τὴν
2638 804 2798 869 ἀξίαν
2831 806 2928 858 κα)⁸
2954 804 3244 860 αὑθεντίαν
3276 805 3374 860 καὶ
3399 805 3768 870 δυναστείαν,

2161 898 2261 967 τὴν
2295 896 2388 950 τοῦ
2419 897 2566 950 θείου
2597 895 2774 964 Λόγου
2808 895 3033 950 δύναται
3061 896 3207 968 ἔχειν
3235 898 3264 950 6
3293 898 3584 969 ἄνθρωπος
3604 915 3620 928 ·
3669 899 3771 951 καὶ

2162 990 2333 1054 ὅντως
2376 988 2532 1054 τάξιν
2580 987 2797 1058 ἐπέχειν
2825 988 2951 1042 ὅλου
2981 989 3076 1043 τοῦ
3101 988 3240 1042 Θεοῦ
3267 990 3450 1059 Λόγου
3470 1029 3487 1055 ,
3541 990 3644 1044 καί
3681 1007 3773 1042 τοι

2162 1081 2358 1152 ἑτέρας
2409 1080 2485 1134 ὢν
2529 1080 2780 1149 φύσεωςο
2839 1081 3202 1144 καὶ“κτιστὸς
3242 1079 3318 1136 ὢν
3358 1083 3426 1152 τῇ
3461 1079 3628 1150 φύσει
3666 1080 3771 1133 τοῦ

2161 1172 2418 1227 ἀκτίστου
2469 1172 2606 1226 Θεοῦ
2652 1172 2834 1241 Λόγου
2909 1174 2985 1246 μὴ
3035 1173 3321 1244 διαφέρειν
3368 1173 3467 1228 τοῦ
3514 1173 3769 1243 φυσικοῦ

2161 1265 2322 1320 Θεοῦ.
2357 1265 2415 1319 '0
2447 1266 2506 1318 δὲ
2557 1265 2690 1330 Θεὸς
2717 1264 2892 1336 Λόγος
2937 1265 3012 1337 μὴ
3039 1265 3268 1320 δύναται
3301 1267 3384 1329 είς
3412 1265 3514 1336 τὴν
3545 1264 3772 1318 οίκείαν

2165 1357 2465 1411 ὑπόστασιν
2526 1355 2849 1425 ύφιστάνειν
2904 1355 3003 1426 τὴν
3056 1355 3220 1424 φύσιν
3269 1355 3364 1410 τοῦ
3417 1353 3768 1426 ἀνθρώπου,

476 1449 584 1518 ἄρα
633 1447 745 1520 γὰρ
793 1451 821 1502 6
873 1448 972 1518 μὲν
1022 1449 1348 1520 ἄνθρωπος,
1406 1447 1518 1515 οἷός
1544 1468 1603 1504 τε
1634 1451 1994 1522 ὑποδέχεσθαι
2033 1452 2104 1507 τὰ
2127 1452 2280 1506 θεῖα·
2344 1451 2447 1506 όδὲ
2470 1450 2626 1517 Θεὸς,
2647 1449 2748 1520 οὑχ
2767 1443 2880 1513 οἷός
2917 1465 2977 1503 τε
3017 1447 3382 1520 ὑποδέχεσθαι
3428 1446 3500 1500 τὰ
3540 1442 3770 1516 ἀνθρώ-
3835 1535 3854 1550 ο

478 1557 609 1594 πινα
631 1557 648 1607 ;

1049 1655 1201 1713 CAP.
1229 1657 1494 1717 XXXVII.

549 1743 694 1798 Deus
719 1751 775 1797 et
801 1742 983 1798 anima
1001 1753 1051 1799 et
1072 1762 1295 1817 corpus,
1317 1765 1416 1819 per
1434 1746 1697 1806 unionem
1727 1751 2057 1821 naturalem,

2753 1654 3012 1710 ΚΕΦΔΛ.
3047 1655 3171 1708 AZ'.

2236 1749 2370 1814 Θεὸς
2424 1749 2519 1804 καὶ
2557 1747 2707 1819 ψυχὴ
2748 1748 2851 1805 ,καὶ
2893 1747 3055 1818 σῶμα
3105 1745 3227 1800 καθ’
3251 1746 3452 1801 ἕνωσιν
3487 1748 3767 1818 φυσικὴν,

479 1851 584 1892 nec
603 1837 767 1903 Deus,
788 1853 893 1893 nec
913 1838 1078 1895 homo
1098 1850 1212 1909 est;
1240 1842 1400 1910 adde,
1420 1843 1608 1915 solum,
1635 1852 1692 1899 et
1725 1845 1873 1916 quod
1899 1845 2059 1900 decet

2179 1841 2283 1897 ιῦτε
2316 1842 2469 1906 Θεὸς,
2520 1839 2645 1894 οὔτε
2689 1830 2976 1912 ἄνθρωπός
3001 1840 3138 1894 ἐστι.
3181 1838 3422 1910 Πρόσθες
3451 1838 3517 1892 τὸ
3536 1839 3765 1909 μόνον,

483 1945 554 1985 ne
594 1946 838 1988 recuses.

1021 2046 1172 2103 CAP.
1218 2048 1510 2106 XXXVIII.

553 2132 709 2199 Quod
759 2142 957 2191 natura
997 2146 1083 2192 est
1113 2137 1474 2209 impossibile,
1502 2141 1702 2197 asserit
1734 2141 2064 2214 Egyptius;

483 2225 716 2294 etquod
756 2243 787 2281 a
841 2228 1124 2285 voluntate
1155 2229 1917 2300 dependet,anathematizat.
1956 2233 2066 2290 Sed

485 2318 635 2386 quod
687 2319 830 2374 Deus
876 2321 1071 2387 voluit,
1132 2322 1238 2378 hoc
1291 2323 1394 2378 fuit
1435 2326 1672 2380 maxime
1709 2327 2069 2401 conveniens

487 2411 874 2479 superoptimaa
912 2412 1010 2466 Dei
1070 2421 1303 2480 naturae,
1353 2416 1598 2486 seipsum
1650 2418 1810 2474 nobis
1857 2419 2071 2474 scilicet

488 2497 708 2553 dedisse
754 2499 811 2555 in
867 2511 1054 2558 nostra
1114 2515 1332 2572 natura,
1390 2508 1598 2572 donum
1658 2513 2070 2570 excellentissi-

490 2606 666 2647 mum.

1047 2710 1200 2767 CAP.
1252 2711 1498 2771 XXXIX.

561 2821 618 2876 Si
665 2829 875 2878 natura:
920 2821 1210 2882 dilIicultas
1265 2827 1499 2899 impedit
1555 2831 1691 2901 quin
1745 2832 1910 2890 Verbi
1971 2836 2070 2892 Dei

487 2927 726 2982 persona
771 2914 1052 2972 hominem
1108 2918 1273 2974 modo
1300 2921 1542 2977 increato
1569 2923 1674 2978 sibi
1706 2925 1908 2981 habeat
1939 2929 2070 2982 uni-

491 3014 630 3066 tum,
670 3013 727 3060 et
776 3006 824 3060 si
874 3022 983 3062 non
1029 3008 1164 3064 sinit
1198 3009 1484 3082 [Egyptius
1517 3013 1798 3070 hominem
1855 3033 1923 3072 ex
1974 3019 2072 3074 Dei

491 3095 844 3165 providentia
883 3098 1205 3169 dignitatem
1246 3103 1414 3158 Verbi
1446 3103 1698 3172 induere,
1731 3107 1878 3164 inter
1905 3119 2072 3165 natu-

2168 1936 2264 1990 καὶ
2286 1935 2423 2005 ἄφες
2452 1933 2514 1988 τὸ
2541 1932 2682 1989 δέον.

2749 2043 3011 2098 ΚΕΦΛΛ.
3047 2043 3182 2096 AH'.
3206 2078 3210 2082 -

2253 2138 2312 2192 '0
2354 2136 2654 2208 Αἰγύπτιος
2708 2135 2770 2190 τὸ
2817 2135 3048 2206 φυσικὸν
3092 2133 3361 2189 ἀδύνατον
3405 2133 3762 2206 δογματίζει.

2169 2230 2264 2285 καὶ
2317 2229 2379 2283 τὸ
2423 2225 2787 2296 οἰκονομικῶς
2833 2225 3056 2280 δυνατὸν
3109 2224 3529 2296 άναθεματίζει.
3595 2224 3762 2277 Ἀλλὶ

2168 2323 2231 2376 τὸ
2254 2318 2632 2392 οίκονομηθὲν,
2665 2318 2824 2371 τοῦτο
2853 2317 2988 2370 αὑτὸ
3010 2312 3080 2388 ἦν
3105 2319 3174 2388 τῇ
3198 2315 3321 2388 θείᾳ
3347 2316 3564 2388 πρέπον
3587 2316 3764 2386 ὑπερ-

2171 2411 2501 2483 αγαθωτάτῃ
2531 2410 2715 2479 φύσει,
2766 2409 2828 2461 τὸ
2857 2409 2938 2473 είς
2961 2408 3061 2481 τὴν
3087 2406 3247 2478 ἡμῶν
3273 2405 3439 2476 φύσιν
3474 2405 3763 2478 ὑπερφυὲς

2171 2509 2303 2578 ἡμῖν
2331 2503 2578 2577 χάρισμα
2605 2501 2801 2556 ἑαυτὸν
2827 2497 3206 2570 δωρήσασθαι.

2771 2701 3023 2756 ΚΕΦΔΛ.
3055 2699 3187 2755 ΛΘ’.

2245 2821 2310 2874 Εἰ
2343 2819 2406 2872 τὸ
2435 2815 2708 2879 ἀκτίστως
2737 2813 2885 2886 ἔχειν
2913 2814 3006 2867 τὸν
3032 2812 3323 2885 ἄνθρωπον
3354 2811 3451 2866 τοῦ
3478 2812 3622 2866 Θεοῦ
3653 2811 3764 2866 Λό-

2173 2929 2272 2981 γου
2301 2911 2402 2980 τὴν
2429 2908 2730 2963 ὑπόστασιν
2782 2908 2817 2978 ἡ
2856 2905 3137 2977 ἀμηχανία
3165 2905 3263 2975 τῆς
3287 2903 3510 2974 φύσεως
3539 2905 3645 2958 οὐκ
3675 2906 3764 2976 ἐᾷ,

2172 3005 2268 3059 καὶ
2295 3003 2359 3057 τὸ
2371 3003 2506 3057 κατ’
2531 2999 2850 3070 οἰκονομίαν
2881 2997 3028 3069 ἔχειν
3052 2998 3148 3051 τὸν
3173 2997 3466 3069 ἄνθρωπον
3495 2997 3594 3049 τοῦ
3617 2995 3766 3050 Θεοῦ

2173 3096 2352 3165 Λόγου
2399 3094 2498 3166 τὴν
2540 3092 2700 3158 ἀξίαν
2736 3095 2765 3146 ό
2801 3091 3099 3160 Αἰγύπτιος
3125 3091 3224 3144 οὑκ
3254 3092 3318 3162 ἐᾷ
3339 3131 3356 3156 ,
3413 3089 3622 3160 μεταξὺ
3652 3091 3769 3159 ἄρα

493 3201 612 3241 ram
649 3197 706 3242 et
733 3187 1066 3260 Egyptium,
1103 3201 1254 3247 certe
1295 3193 1461 3250 homo
1509 3195 1647 3250 nihil
1697 3197 1864 3254 habet
1906 3200 2071 3256 Verbi

2179 3189 2277 3258 τῆς
2301 3188 2516 3258 φύσεως
2546 3184 2642 3239 καὶ
2668 3183 2764 3238 τοῦ
2791 3182 3092 3252 Αἰγυπτίου
3109 3223 3125 3248 ,
3165 3181 3318 3236 οὐδὲν
3347 3181 3462 3252 ἔχει
3492 3179 3591 3234 τοῦ
3619 3179 3767 3233 Θεοῦ

493 3279 690 3343 divini,
733 3296 914 3350 neque
965 3297 1279 3352 personam,
1332 3300 1515 3355 neque
1569 3287 1915 3358 dignitatem.
1967 3292 2074 3347 Sed

495 3371 660 3427 habet
704 3372 1001 3429 increatam
1055 3376 1224 3431 Verbi
1280 3377 1454 3433 divini
1507 3395 1798 3448 personam
1838 3391 1895 3439 et
1949 3401 2076 3455 per-

493 3479 686 3519 sonam
717 3475 1056 3522 constantem
1087 3483 1155 3523 ex
1177 3484 1274 3524 sua
1297 3479 1481 3526 creata
1505 3460 1848 3530 natura°cum
1871 3477 2074 3543 Verbo,

493 3563 550 3608 et
584 3555 748 3609 homo
781 3564 867 3611 est
895 3557 990 3627 qui
1039 3567 1125 3612 est
1157 3557 1213 3612 in
1256 3557 1478 3614 Christo
1509 3579 1522 3615 :
1574 3562 1743 3619 habet
1772 3568 1920 3621 enim
1951 3583 2079 3638 per-

493 3660 683 3700 sonam
725 3647 957 3702 alterius
1008 3648 1255 3705 increato
1302 3651 1466 3707 modo
1505 3664 1562 3710 et
1595 3656 1663 3711 ab
1695 3666 1903 3714 mterno
1935 3677 2078 3731 prie-

493 3738 886 3802 exsistentem;
937 3748 993 3794 et
1043 3752 1268 3812 preptcr
1315 3745 1484 3800 alium
1537 3747 1633 3816 qui
1700 3749 1757 3803 in
1811 3751 1928 3822 ipsa
1993 3764 2077 3809 est

494 3841 714 3887 creatus
731 3839 788 3886 et
812 3835 1151 3903 temporalis,
1182 3836 1236 3890 id
1261 3845 1344 3893 est
1367 3839 1662 3908 possibile;
1689 3841 1784 3896 sed
1810 3857 1932 3898 eam
1955 3860 2079 3914 per-

496 3937 691 3978 sonam
741 3934 953 3980 naturaa
1009 3941 1123 3980 sua:
1172 3929 1338 3984 modo
1378 3929 1626 3988 increato
1670 3933 1830 3989 etab
1867 3945 2077 3992 aeterno

495 4012 798 4081 possidere,
849 4015 982 4069 huic
1033 4015 1126 4070 alii
1181 4025 1378 4073 natura
1432 4031 1640 4088 creato,
1694 4023 2073 4093 impossibile:

496 4119 734 4174 namque
783 4113 981 4160 natura
1036 4108 1308 4176 partialis,
1369 4115 1648 4180 posterius
1695 4115 1927 4172 formata
1973 4133 2078 4173 nec

497 4192 746 4260 ejusdem
802 4196 1090 4264 temporis,
1151 4197 1206 4252 id
1255 4208 1360 4264 est,
1423 4203 1716 4258 oculorum
1765 4214 1963 4260 natura
2019 4206 2075 4260 in

499 4301 646 4341 caeco
693 4295 845 4352 nato,
903 4288 960 4343 in
1011 4291 1132 4360 ejus
1163 4294 1634 4361 praeexsistentem
1680 4307 1934 4354 naturam
1975 4300 2078 4356 fuit

499 4387 742 4448 recepta,
773 4387 830 4434 et
863 4389 988 4436 vere
1017 4391 1206 4451 postea
1240 4393 1300 4439 ut
1334 4387 1455 4457 ejus
1493 4403 1620 4457 pars
1646 4390 1908 4457 sumitur,
1947 4391 2077 4448 licet

498 4469 771 4538 completa
818 4470 934 4526 visa
982 4471 1152 4528 fuerit
1200 4491 1308 4530 una
1363 4493 1598 4547 persona
1650 4479 1900 4550 ejusdem
1946 4491 2075 4539 ante

2181 3281 2358 3349 Λόγου
2408 3281 2436 3334 6
2478 3277 2802 3349 ἄνθρωπος,
2853 3273 2976 3328 οὗτε
3007 3274 3107 3344 τὴν
3134 3274 3466 3340 ὑπόστασιν,
3505 3272 3632 3328 οὔτε
3664 3273 3768 3343 τὴν

2181 3373 2361 3438 ἀξίαν.
2401 3369 2545 3425 Ἀλλ’
2573 3371 2686 3440 ἔχει
2716 3367 2816 3440 τὴν
2842 3367 3101 3421 άκτιστον
3126 3367 3426 3420 ὑπόστασιν
3456 3365 3555 3419 τοῦ
3582 3365 3767 3433 Λόγου

2183 3469 2281 3522 καὶ
2332 3466 2432 3537 τῆς
2478 3465 2704 3534 κτιστῆς
2754 3460 2920 3516 αὑτοῦ
2972 3459 3190 3530 φύσεως
3239 3459 3408 3512 οὖσαν
3456 3458 3768 3512 ὑπόστασιν

2185 3561 2284 3614 σὺν
2333 3558 2410 3629 τῷ
2454 3557 2646 3628 Λόγῳ,
2696 3555 2792 3609 καὶ
2819 3555 2849 3608 6
2876 3552 3169 3624 ἄνθρωπος
3204 3552 3233 3606 ό
3263 3553 3322 3606 έν
3349 3550 3606 3622 Χριστῷ’
3644 3552 3768 3622 ἔχει

2186 3653 2288 3723 μὲν
2338 3651 2447 3721 γὰρ
2495 3647 2770 3709 ἀκτίστως
2822 3647 2921 3699 καὶ
2981 3644 3228 3715 ἀχρόνως
3279 3643 3767 3715 προῦποκειμένην

2182 3742 2305 3798 τινὰ
2346 3741 2646 3795 ὑπόστασιν
2695 3739 2888 3808 ἑτέρου
2913 3755 2925 3768 '
2985 3737 3081 3792 καὶ
3111 3736 3188 3807 τῷ
3217 3736 3388 3808 ἑτέρῳ
3417 3735 3497 3806 τῷ
3521 3736 3767 3798 κτιστῶς

2183 3834 2278 3888 καὶ
2319 3832 2591 3904 έγχρόνως
2633 3833 2692 3884 ὲν
2727 3831 2866 3901 αὑτῇ
2900 3828 3229 3892 ὑποστάντι,
3276 3828 3504 3882 δυνατόν
3527 3844 3541 3857 ·
3603 3827 3765 3881 ἀκτί-

2185 3942 2326 3985 στως
2365 3923 2422 3977 δὲ
2471 3922 2641 3991 αὐτὴν
2686 3920 2782 3974 καὶ
2823 3921 3074 3990 ἀχρόνους
3113 3918 3421 3990 κτήσασθαι
3453 3918 3766 3972 ὑπόστασιν

2181 4017 2283 4086 τῆς
2312 4013 2530 4083 φύσεως
2559 4007 2757 4066 ἑαυτοῦ
2787 4010 2925 4082 τῷδε
2953 4009 3032 4081 τῷ
3056 4009 3264 4081 κτιστῷ
3289 4009 3404 4063 ὸντι
3437 4008 3538 4081 τὴν
3566 4009 3762 4078 φύσιν,

2183 4105 2472 4161 ἀδύνατονο
2505 4103 2603 4158 καὶ
2635 4101 3118 4174 μεταγενεστέρως
3143 4102 3252 4173 γὰρ
3277 4100 3442 4156 αὑτοῦ
3473 4101 3766 4156 κτισθεῖσα

2183 4197 2276 4253 καὶ
2330 4197 2392 4250 οὑ
2445 4195 2748 4267 σύγχρονος
2797 4189 2934 4248 οὖσα
2985 4192 3152 4264 φύσις
3201 4193 3402 4265 μερικὴ
3450 4195 3485 4264 ὴ
3526 4193 3766 4262 τῶνόφ.

2183 4288 2405 4359 θαλμῶν
2445 4286 2540 4342 τοῦ
2583 4289 2649 4341 ἐκ
2682 4285 2955 4356 γεννητῆς
2980 4283 3186 4354 τυφλοῦ
3221 4287 3302 4350 είς
3329 4285 3430 4356 τὴν
3455 4285 3765 4340 ὑπόστασιν

2181 4381 2349 4438 αὑτοῦ
2399 4381 2500 4450 τὴν
2533 4378 3016 4452 προϋποκειμένην
3048 4378 3258 4450 ὑπέστη
3280 4395 3295 4411 ο
3346 4381 3440 4434 καὶ
3477 4379 3554 4443 ὡς
3590 4381 3766 4450 μέρος

2180 4473 2350 4544 αὑτῆς
2396 4470 2616 4543 άληθῶς
2656 4470 2719 4524 τὸ
2750 4469 2940 4524 λοιπὸν
2969 4469 3261 4540 θεωρεῖται
3287 4487 3303 4503 ο
3357 4471 3453 4524 καί
3500 4487 3586 4524 τοι
3625 4474 3763 4539 μιᾶς

497 4561 663 4616 etiam
717 4579 812 4618 eos
845 4565 1128 4631 formatos,
1162 4567 1482 4638 imperfecta
1516 4572 1741 4642 quidem
1776 4574 1880 4630 sub
1930 4591 2071 4645 quo-

2179 4565 2528 4627 ὑποστάσεως
2569 4562 2894 4625 άνελλιποῦς
2933 4561 3064 4632 ὅλης
3101 4561 3490 4634 θεωρουμένης
3523 4564 3620 4616 καὶ
3650 4564 3764 4633 πρὸ

499 4650 624 4704 dam
661 4663 911 4722 respectu
937 4667 1163 4727 propter
1191 4659 1555 4727 privationem
1585 4664 1851 4720 naturalis
1882 4667 2073 4735 partis,

499 4757 620 4811 quae
661 4744 892 4812 privatio
923 4749 1092 4818 magis
1118 4749 1384 4804 rationem
1410 4768 1656 4822 personae
1679 4755 1800 4826 ejus
1838 4755 2076 4812 faciebat

500 4833 709 4903 augeri,
761 4837 1022 4904 quoniam
1060 4839 1404 4896 manifestius
1431 4858 1552 4897 eam
1603 4860 1635 4900 a
1685 4846 2077 4904 consimilibus

501 4923 828 4976 secernebat
890 4925 981 4980 illa
1044 4927 1398 4998 ademptione
1459 4935 1862 5003 preprietatum
1933 4937 2074 5009 ejus.

499 5011 784 5083 Completa
807 5015 973 5086 igitur
994 5033 1183 5072 earum
1200 5030 1394 5077 natura
1417 5039 1515 5093 per
1538 5040 1667 5081 suas
1693 5036 1900 5096 partes,
1927 5031 2078 5086 nulla

501 5103 736 5174 indiguit
784 5121 1019 5175 persona
1069 5126 1137 5164 ex
1191 5113 1308 5167 suis
1359 5115 1820 5185 proprietatibus;
1853 5136 1966 5175 non
1993 5131 2080 5177 est

501 5207 633 5263 ergo
681 5193 1020 5264 impossibile
1067 5203 1506 5270 praaexsistentes
1552 5223 1818 5277 personas
1869 5212 2079 5282 aliquid

503 5299 606 5352 per
626 5284 1035 5355 adjunctionem
1061 5293 1116 5347 in
1145 5309 1204 5349 se
1249 5296 1520 5367 recipere,
1551 5302 2076 5376 quomodocunque,

505 5373 621 5430 sive
658 5376 821 5432 modo
853 5391 1061 5450 creato,
1112 5385 1230 5442 sive
1264 5385 1533 5457 increato,
1572 5373 1972 5462 praaexsistant.

1141 5587 1291 5645 CAP.
1329 5592 1442 5649 XL.

575 5670 632 5726 Si
663 5676 970 5731 secundum
1006 5680 1629 5744 consubstantiationem
1675 5689 1981 5750 divinitatis
2024 5701 2081 5750 et

505 5765 690 5820 carnis
738 5767 908 5825 Filius
956 5768 1062 5824 fuit
1097 5787 1242 5828 unus
1299 5774 1490 5843 Filius,
1531 5781 1763 5836 evidens
1807 5794 1892 5838 est
1949 5773 2077 5840 eum

507 5866 634 5913 ante
651 5861 1272 5922 consubstantiationem
1299 5883 1408 5924 non
1429 5869 1598 5929 fuisse
1622 5875 1858 5932 Verbum
1881 5893 2072 5945 unum,

2182 4656 2348 4712 τῶνδε
2397 4657 2498 4727 τῆς
2541 4655 2697 4710 τοῦδε
2718 4673 2731 4687 ·
2789 4655 3041 4719 ὲλλιποῦς
3071 4655 3128 4709 δὲ
3158 4656 3234 4720 ὡς
3263 4657 3406 4710 κατά
3435 4674 3556 4709 τινα
3581 4658 3763 4726 Λόγον

2183 4748 2397 4820 φύσεως
2423 4750 2518 4802 καὶ
2543 4745 2772 4818 φυσικοῦ
2803 4747 3004 4818 μέρους
3033 4747 3323 4820 στέρησινο
3353 4747 3476 4817 ἣτις
3500 4747 3765 4821 στέρησις

2183 4841 2278 4895 καὶ
2322 4838 2640 4902 πλεονάζειν
2688 4839 2890 4909 μᾶλλον
2935 4839 3028 4894 τὸν
3061 4840 3236 4908 Λόγον
3273 4839 3370 4909 τῆς
3401 4839 3764 4902 ὑποστάσεως

2183 4931 2349 4986 αὑτοῦ
2394 4931 2568 4984 ἐποίει
2601 4930 2924 5003 τρανότερον
2953 4930 3334 5000 διοριζομένης
3384 4932 3480 4984 καὶ
3507 4931 3650 5001 τῷδε
3685 4931 3763 5001 τῷ

2183 5023 2446 5095 ἐξαιρέτῳ
2475 5024 2533 5076 ὲν
2553 5025 2668 5086 τοῖς
2695 5023 2987 5093 ίδιώμασιν
3013 5023 3184 5092 αὐτῆς
3210 5022 3318 5076 άπὸ
3342 5023 3450 5075 τῶν
3473 5023 3760 5092 ὁμοφυῶν.

2185 5114 2578 5186 Τελειωθείσης
2605 5115 2738 5185 γοῦν
2772 5114 2954 5169 αὑτῶν
2984 5115 3085 5184 τῆς
3116 5114 3331 5184 φύσεως
3362 5116 3476 5178 τοῖς
3507 5114 3760 5185 μέρεσιν,

2183 5207 2285 5261 οὑκ
2333 5205 2547 5260 ὲνέὶιπέ
2591 5223 2646 5260 τι
2696 5204 3000 5270 ὑπόστασις
3049 5207 3164 5271 τοῖς
3213 5205 3500 5276 ίδιώμασιν
3546 5205 3758 5275 αὑτῆςο

2183 5300 2286 5355 οὑκ
2333 5300 2595 5354 ἀδύνατον
2639 5299 2750 5373 ἄρα
2797 5300 2942 5353 κατὰ
2987 5298 3282 5370 «πρόσθεσίν
3324 5316 3377 5352 τι
3430 5299 3512 5362 είς
3560 5298 3765 5361 ἑαυτὰς

2185 5392 2530 5464 ἐπιδέχεσθαι
2559 5391 2656 5455 τὰς
2682 5391 2955 5463 προούσας
2987 5391 3316 5456 ὑποστάσεις
3343 5390 3616 5456 ὁπωσοῦν,
3650 5392 3762 5444 εἴτε

2187 5484 2421 5550 κτιστῶς
2451 5487 2562 5540 εἴτε
2588 5486 2864 5550 άκτίστως
2896 5486 3166 5556 προῇσαν.

2782 5604 3034 5658 ΚΕΦΑΛ.
3065 5603 3156 5657 Μ’.

2255 5695 2320 5749 El
2372 5693 2516 5762 κατά
2559 5693 2662 5762 τὴν
2703 5693 3062 5747 συνουσίωσιν
3106 5691 3362 5762 θεότητος
3407 5690 3506 5745 καὶ
3549 5689 3758 5760 σαρκὸς

2187 5777 2268 5846 εἷς
2305 5783 2432 5846 Υίὸς
2480 5781 2510 5833 6
2552 5781 2677 5846 Υίὸς
2697 5822 2712 5847 ,
2763 5781 2922 5852 δῆλον
2952 5783 3036 5834 ὅτι
3061 5782 3170 5851 πρὸ
3193 5782 3293 5850 τῆς
3319 5778 3754 5841 συνουσιώσεως,

2188 5877 2287 5930 οὐκ
2317 5870 2384 5948 ἦν
2408 5869 2488 5939 εἷς
2515 5874 2544 5926 6
2569 5873 2759 5944 Λόγος,
2793 5872 2916 5928 οὔτε
2944 5873 3100 5939 Θεὸς,
3128 5871 3254 5927 οὔτε
3279 5872 3428 5937 Υίός.
3468 5870 3632 5924 Ἀλλὰ
3657 5876 3755 5928 καὶ
