3916 6556
108 496 279 563 1501

1140 487 1532 549 ADVERSUS
1569 478 2114 547 NESTORIANOS.
2136 508 2204 517 —
2233 480 2380 541 LIB.
2422 478 2472 538 Ι.

3284 464 3419 528 1502

94 615 250 685 πρὸ
304 609 414 679 τῆς
445 600 855 663 συνουσιώσεως
891 597 1026 661 Θεὸς
1054 596 1148 650 καὶ
1172 597 1299 659 Υἱὸς
1326 598 1353 649 6
1378 598 1550 665 Λόγος
1572 613 1586 627 ·
1643 595 1736 647 καὶ

1865 608 2019 663 neque
2046 592 2243 652 Deum,
2273 602 2452 655 neque
2488 581 2709 637 Filium.
2746 579 2854 636 Sed
2885 586 3010 634 ante
3049 576 3417 632 consubstan-

98 708 230 760 ἐπὶ
292 702 468 772 τῆσδε
513 697 753 769 ὁμοίως,
808 693 906 746 καὶ
946 691 1081 754 Θεὸς
1117 692 1212 743 καὶ
1243 690 1373 753 Υἱὸς
1406 690 1502 742 καὶ
1546 690 1741 756 Λόγος.

103 801 215 852 Οὐ
257 797 385 867 γὰρ
415 795 510 848 ἐπὶ
542 790 819 860 ἀναιρέσει
854 786 961 838 τῶν
991 784 1162 836 ὅντων
1192 782 1366 853 αύτῷ,
1402 781 1540 837 ἀλλὰ
1568 796 1745 850 προσ..

104 890 357 958 κτήσει
391 885 501 939 τῶν
528 884 630 937 οὐκ
658 881 907 943 ἐνόντων,
945 875 1137 944 γέγονε
1166 873 1402 945 Χριστὸς
1430 874 1458 926 6
1484 872 1619 935 Θεὸς
1642 870 1744 924 Λό-

105 1000 239 1052 γος
280 979 388 1034 καὶ
416 977 545 1039 Υἱὸς
573 973 667 1028 τοῦ
698 970 932 1042 Πατρός.

728 1186 984 1244 ΚΕΦΛΛ.
1018 1183 1161 1241 MA'.

227 1290 302 1344 '0
352 1287 486 1353 Θεὸς
529 1287 703 1355 Λόγος
754 1278 1053 1351 γνωμικῶς
1092 1276 1318 1330 δύναται
1361 1270 1631 1342 ὲνωθῆναι
1678 1271 1744 1340 τῇ

128 1384 363 1455 κτιστῇ
410 1379 613 1449 φύσει,
671 1372 918 1445 φυσικῶς
945 1370 1004 1423 δὲ
1050 1368 1111 1422 ού
1144 1365 1405 1421 δύναταιο
1469 1360 1593 1415 οὐδὲ
1638 1360 1748 1430 γὰρ

132 1452 360 1527 ἔκτισε
393 1472 493 1541 τὴν
522 1466 718 1523 ἑαυτοῦ
749 1464 945 1535 φύσιν,
998 1459 1124 1515 οὗτε
1173 1454 1545 1530 μεθαρμόζειν
1576 1452 1749 1523 αὐτὴν

135 1567 234 1630 είς
290 1563 495 1635 ἑτέραν
540 1558 734 1614 ούσίαν
784 1555 1032 1610 δύναται.
1083 1545 1236 1619 Ἀρά
1285 1564 1349 1617 γε
1400 1545 1477 1610 ὡς
1523 1541 1747 1616 μείζονα

138 1632 479 1728 δυναμένης
525 1651 690 1707 αὑτοῦ
724 1649 824 1717 τῆς
855 1644 1083 1715 γνώμης
1133 1639 1276 1710 ὑπὲρ
1319 1638 1419 1708 τὴν
1454 1634 1619 1706 φύσιν
1652 1632 1748 1685 δύ-

143 1768 328 1805 ναται
355 1743 672 1816 γνωμικῶς,
692 1742 727 1796 ἃ
750 1740 809 1793 ού
833 1737 1056 1792 δύναται
1080 1730 1347 1803 φυσικῶς,
1366 1729 1399 1799 ἦ
1420 1726 1497 1789 ώς
1514 1725 1746 1797 ἥττονας

151 1842 225 1895 Εἰ
247 1812 496 1910 μὲν-γὰρ
526 1834 602 1898 ώς
630 1831 873 1903 μείζονα,
903 1829 931 1881 6
952 1825 1030 1895 τῷ
1057 1818 1393 1894 ἰσχυροτέρῳ
1419 1816 1526 1870 τῶν
1549 1812 1746 1868 ἑαυτοῦ

147 1904 339 2002 ἤγουν
507 1924 700 1996 γνώμῃ
754 1923 821 1993 τῇ
867 1919 1064 1988 κτιστῇ
1098 1916 1263 1985 φύσει
1306 1908 1630 1980 συναφθεὶς,
1668 1904 1748 1977 τῷ
1781 1945 1822 2004 Β

150 2020 555 2091 ὲλαττοτέρῳ,
611 2019 782 2087 ἤγουν
828 2015 894 2083 τῇ
941 2010 1144 2080 φύσει,
1195 2003 1547 2073 εύκολότερον
1603 2016 1745 2068 συμ-

150 2114 518 2184 πλακήσεται
542 2125 558 2141 ·
598 2108 647 2161 εἰ
693 2106 750 2160 δὲ
797 2104 874 2167 ὡς
913 2104 1139 2174 ἥττονα,
1178 2098 1341 2167 δῆλον
1371 2095 1536 2148 πάλιν
1566 2092 1642 2155 ὡς
1670 2092 1748 2159 τῷ

152 2203 550 2275 ἀσθενεστέρῳ
578 2202 688 2255 τῶν
716 2196 911 2253 ἑαυτοῦ
940 2212 993 2248 τι
1024 2194 1199 2265 ῥᾷστα
1229 2186 1747 2259 καταπραξάμενος,

153 2299 242 2368 τῷ
290 2293 719 2367 δραστικωτέρῳ
772 2290 838 2344 ἂν
887 2286 1138 2358 μειζόνος
1183 2282 1340 2336 τοῦδε
1374 2277 1543 2333 αὑτοῦ
1582 2291 1750 2344 περι-

155 2364 464 2462 γενήσεται
488 2403 502 2416 ’
543 2385 637 2439 καὶ
683 2381 823 2436 οὕτω
858 2379 958 2450 μὲν
986 2376 1113 2431 τάδε
1133 2391 1147 2408 ·
1184 2373 1287 2427 οὐκ
1320 2371 1508 2424 ἔκτισε
1537 2366 1596 2421 δὲ
1628 2364 1752 2418 οὐδὲ

166 2456 515 2555 μεθαρμόζει
550 2478 648 2548 τὴν
685 2472 879 2529 ἑαυτοῦ
914 2470 1076 2541 φύσιν
1108 2468 1138 2520 6
1166 2466 1301 2529 Θεός
1324 2481 1338 2496 ο
1377 2462 1487 2534 ἄρα
1516 2477 1581 2530 γε
1609 2456 1753 2527 γνὼ-

167 2546 285 2648 ξιην
324 2546 480 2646 -έχων
536 2546 672 2625 ποτὲ
727 2565 882 2621 τοῦδε
954 2563 989 2634 ἦ
1047 2560 1171 2614 οὐδὲ
1223 2555 1451 2627 γνώμην
1501 2546 1755 2620 ἐσχηκὼς

164 2644 407 2723 τοιάνδε,
438 2664 513 2717 Τὸ
544 2662 644 2734 μὲν
665 2660 775 2729 γὰρ
802 2656 986 2711 κτίσαι
1011 2650 1229 2715 ἑαυτὸν,
1260 2649 1353 2703 καὶ
1378 2644 1753 2712 ἁνεπινόητοψ

168 2760 237 2814 τὸ
284 2759 347 2813 δὲ
400 2753 785 2829 μεθαρμόσαι,
838 2749 1069 2815 ἄλογον·
1134 2742 1240 2796 ποῦ
1294 2740 1405 2810 γὰρ
1466 2733 1758 2807 ὑφεστῶσα

173 2856 211 2925 ἡ
235 2828 430 2922 γνώμη
457 2846 623 2902 αὑτοῦ
652 2843 831 2898 κτίσει
856 2841 918 2894 τὸ
939 2836 1244 2909 γνωμικόν;
1274 2831 1391 2893 πῶς
1412 2830 1471 2883 δὲ
1494 2831 1523 2884 6
1540 2828 1602 2882 ὲν
1623 2828 1758 2880 πᾶσι

181 2918 557 3017 μακαριότησι
590 2938 666 2992 ῶν
689 2979 704 3003 ,
755 2933 986 3004 γνώμην
1017 2928 1133 2995 ἕξει
1167 2923 1538 2999 μεταστρέψαι
1567 2918 1759 2974 ἑαυτὸν

177 3006 260 3103 είς
290 3006 358 3091 τὸ
384 3006 564 3106 χεῖρον
591 3049 606 3098 ;
648 3030 708 3083 τὸ
737 3029 987 3099 κρεῑττον
1012 3023 1121 3094 γὰρ
1156 3022 1257 3076 οὐκ
1287 3018 1462 3071 ἔστιν.
1490 3016 1635 3083 Ἀρα
1664 3006 1759 3064 οὖν

176 3101 281 3186 ὅσα
332 3101 579 3201 ἠηφύσις
634 3122 785 3201 αὐτῷ
825 3119 1087 3180 δύναται,
1126 3112 1305 3166 ταῦτα
1335 3106 1485 3177 αὐτῷ
1514 3103 1630 3176 ἔχει
1667 3101 1763 3155 καὶ

179 3229 215 3297 ἠ
243 3195 435 3293 γνώμη
464 3220 639 3273 ποιεῖν
667 3198 829 3269 αὐτόν
848 3227 862 3242 ⁶
895 3210 993 3264 καὶ
1018 3209 1117 3262 ὅσα
1143 3207 1176 3275 ἡ
1204 3201 1400 3274 γνώμη
1427 3199 1563 3270 ἔχει,
1589 3195 1761 3249 ταῦτα

1846 680 2133 736 tiationem
2165 677 2410 731 Verbum
2442 673 2549 727 fuit
2577 673 2722 726 Deus
2756 678 2811 724 et
2862 668 3055 732 Filius,
3080 677 3135 722 et
3168 683 3266 737 per
3297 680 3420 720 eam

1844 772 1992 826 Deus
2049 777 2106 824 et
2182 768 2355 822 Filius
2426 772 2484 820 et
2565 762 2831 819 Verbum.
2926 758 3044 813 Non
3106 759 3254 812 enim
3320 771 3421 827 per

1845 862 2252 932 ademptionem
2285 872 2478 913 eorum
2507 871 2629 926 quae
2662 853 2922 917 habebat,
2952 851 3047 905 sed
3081 864 3179 920 per
3226 848 3419 917 acqui-

1843 956 2102 1011 sitionem
2156 966 2347 1007 eorum
2375 964 2498 1019 qua:
2522 962 2632 1001 non
2668 945 2929 1008 habebat,
2981 944 3128 997 Deus
3157 940 3419 1006 Verbum,

1844 1046 2026 1105 Patris
2075 1044 2270 1109 Filius,
2327 1042 2506 1097 factus
2546 1048 2631 1094 est
2675 1037 2950 1093 Christus.

2464 1153 2618 1210 CAP.
2673 1151 2813 1206 XLI.

1916 1252 2162 1311 Verbum
2183 1251 2330 1305 Deus
2346 1248 2629 1303 voluntate
2662 1251 2843 1315 potest
2866 1240 3012 1296 uniri
3038 1246 3250 1294 naturae
3278 1249 3426 1292 crea-

1850 1360 1939 1413 ta,
1986 1356 2185 1402 natura
2236 1351 2421 1397 autem
2474 1355 2585 1394 non
2638 1344 2824 1407 potest
2844 1354 2863 1405 ,ι
2911 1349 3022 1388 non
3071 1331 3221 1385 enim
3268 1343 3424 1383 suam

1848 1446 2101 1493 naturam
2162 1431 2446 1494 condidit,
2496 1443 2599 1484 nec
2648 1435 2829 1497 potest
2876 1440 2996 1479 eam
3062 1423 3119 1477 in
3171 1430 3425 1476 naturam

1850 1530 2013 1584 aliam
2060 1533 2454 1590 transmutarc,
2508 1532 2702 1577 utrum
2758 1518 2888 1589 quia
2937 1516 3109 1587 magis
3136 1514 3283 1569 valet
3308 1513 3427 1583 ejus

1846 1624 2105 1679 voluntas
2157 1634 2322 1691 quam
2352 1624 2572 1680 natura,
2611 1614 2892 1668 voluntate
2942 1616 3122 1678 potest
3164 1622 3287 1677 qua:
3318 1621 3428 1659 non

1850 1719 2033 1785 potest
2065 1708 2368 1766 secundum
2404 1714 2682 1768 naturam,
2705 1717 2772 1756 an
2794 1699 2922 1772 quia
2945 1698 3164 1753 minus?
3198 1696 3254 1752 Si
3278 1696 3427 1751 enim

1849 1805 1980 1875 quia
2003 1801 2194 1872 magis,
2226 1799 2322 1870 qui
2343 1795 2636 1866 potentiori
2672 1809 2739 1848 ex
2760 1793 2897 1855 suis,
2923 1791 2978 1844 id
2994 1797 3099 1852 est,
3120 1788 3427 1849 voluntate,

1851 1894 1956 1951 sibi
1983 1900 2224 1948 creatam
2250 1887 2409 1943 unire
2439 1892 2716 1948 naturam,
2746 1879 2970 1943 minori,
3005 1877 3177 1937 idest,
3208 1883 3427 1937 natura,

1849 1987 2065 2042 facilius
2103 1984 2326 2038 unietur
2349 1996 2365 2045 ;
2392 1977 2439 2033 si
2472 1985 2657 2032 autem
2682 1972 2813 2043 quia
2843 1970 3047 2033 minus,
3076 1964 3429 2021 manifestum

1712 2090 1748 2159 ᾧ
1847 2086 1931 2133 est
1967 2076 2168 2131 iterum
2212 2072 2369 2126 illum
2418 2066 2565 2136 quod
2610 2064 2869 2119 inferiore
2909 2076 2977 2116 ex
3013 2058 3130 2113 suis
3173 2056 3431 2111 facillime

1848 2170 2067 2231 fecerit,
2103 2165 2159 2221 id
2206 2159 2509 2235 potentiori
2557 2158 2735 2212 multo
2780 2155 2955 2225 magis
2986 2149 3210 2214 eﬂiciet,
3250 2159 3308 2203 et
3351 2147 3434 2202 sic

1850 2265 1920 2322 de
1968 2262 2104 2318 bis:
2144 2276 2258 2315 non
2304 2255 2555 2312 condidit
2609 2253 2757 2306 Deus
2802 2263 2959 2304 suam
3015 2253 3291 2307 naturam,
3328 2254 3434 2295 nec

1853 2362 2219 2420 transmutat;
2282 2351 2381 2407 sed
2427 2346 2644 2411 habuit,
2689 2345 2778 2399 vel
2838 2357 2949 2397 non
3016 2338 3213 2393 habuit
3266 2336 3433 2391 talem

1852 2451 2218 2505 voluntatem.
2284 2444 2353 2499 Se
2420 2440 2758 2501 condidisse,
2805 2432 3149 2505 impossibile
3194 2429 3434 2499 cogitatu

1853 2555 1975 2610 est;
2032 2558 2091 2599 se
2131 2545 2526 2600 transmutare,
2557 2530 2862 2588 absurdum
2900 2545 2915 2581 :
2954 2526 3047 2581 ubi
3073 2523 3224 2579 enim
3255 2520 3438 2577 subsi-

1854 2638 1993 2693 dens
2034 2635 2288 2689 voluntas
2334 2627 2657 2683 volitionem
2712 2619 2968 2691 eﬂinget?
3000 2615 3281 2687 quomodo
3334 2629 3437 2667 auo

1859 2740 1968 2785 tem
1991 2727 2085 2797 qui
2107 2723 2257 2780 omni
2279 2719 2546 2776 felicitate
2566 2715 2790 2787 gaudet,
2833 2711 3174 2767 voluntatem
3210 2704 3441 2761 habebit

1857 2838 1916 2879 se
1944 2818 2186 2890 in'pejus
2215 2810 2575 2869 immutandi?
2613 2806 2814 2863 melius
2834 2804 2984 2859 enim
3016 2817 3128 2857 non
3160 2808 3265 2856 est.
3288 2798 3443 2865 Quaa-

1858 2927 2079 2982 cunque
2106 2923 2237 2979 ergo
2281 2911 2463 2975 potest
2498 2902 2619 2971 ejus
2664 2898 2939 2960 voluntas,
2971 2894 3088 2948 haec
3126 2891 3312 2946 omnia
3338 2904 3440 2943 vo-

1858 3009 2042 3063 luntas
2088 3002 2209 3073 ejus
2253 3006 2339 3053 est
2368 2996 2551 3050 facere
2584 3010 2599 3059 ;
2640 3000 2697 3045 et
2745 2987 2892 3058 quod
2923 2986 3177 3040 voluntas
3205 2983 3328 3053 ejus
3355 2989 3442 3034 est

1859 3099 2065 3158 facere,
2101 3095 2207 3149 hoc
2250 3092 2372 3161 ejus
2420 3093 2603 3159 potest
2648 3091 2876 3141 natura;
2934 3093 3045 3133 non
3100 3074 3246 3131 enim
3295 3072 3443 3127 inter

1862 3209 1921 3248 se
1950 3196 2162 3246 certant
2186 3187 2241 3241 in
2271 3186 2383 3240 Deo
2430 3182 2590 3252 plane
2626 3171 3036 3246 simplicissime
3080 3179 3139 3224 et
3179 3168 3442 3222 immuta-

187 3258 215 3297 ιι
255 3258 434 3293 ινυιμιι
472 3258 635 3273 "ww
667 3258 823 3269 νου-τ
898 3258 991 3264 --ω
1164 3258 1176 3275 .
1216 3258 1228 3273 .
1324 3258 1337 3274 .
1388 3258 1400 3271 ,
1457 3258 1489 3270 η
1550 3258 1559 3263 ,

184 3319 280 3374 καὶ
303 3318 336 3388 ἡ
361 3314 523 3386 φύσις
546 3307 711 3366 αὑτοῦ
737 3305 962 3360 δύναται
986 3301 1190 3354 ποιεῖν.
1215 3296 1290 3351 Οὐ
1311 3294 1419 3365 γὰρ
1440 3290 1761 3362 διαμάχεται

1867 3285 1965 3341 bili
2019 3284 2131 3337 Deo
2185 3278 2419 3349 optimo,
2466 3273 2723 3327 voluntas
2769 3282 2826 3323 et
2867 3275 3099 3328 natura;
3161 3262 3347 3330 itaque
3394 3258 3441 3314 si

1936 3378 1949 3388 -
2039 3384 2049 3388 -
2097 3384 2106 3388 -
2257 3362 2717 3388 -u-_-L2---_:_:
2773 3360 2946 3388 ...ηιοη
2982 3355 3153 3388 "una,
3211 3364 3441 3388 πηιηη.

186 3415 245 3467 ἐν
277 3378 352 3481 τῶ
374 3378 559 3478 ’πάντη
592 3397 948 3467 ἁπλουστάτῳ
987 3393 1083 3448 καὶ
1110 3390 1386 3460 ἁδιαφόρῳ
1423 3382 1615 3453 ἀγαθῷ
1642 3378 1762 3449 Θεῷ

186 3476 379 3574 γνώμη
422 3476 753 3565 καὶὴφύσις·
807 3489 948 3542 ὥστε
980 3486 1028 3538 εί
1055 3478 1349 3553 γνωμικῶς
1377 3476 1601 3530 δύναται
1634 3487 1761 3523 συν-

191 3561 424 3664 άφθῆναι
455 3561 608 3661 ἡμῖν,
651 3581 831 3653 πολλῷ
863 3578 1064 3651 μᾶλλον
1094 3566 1361 3643 φυσικῶς.
1414 3568 1475 3620 Ἦ
1529 3567 1626 3636 μὲν
1654 3561 1764 3632 γὰρ

194 3651 350 3757 φύσις
396 3651 508 3736 καί.
536 3680 571 3749 ἡ
609 3651 860 3748 ἡμετέρα
882 3712 897 3737 ,
951 3664 1132 3736 ἀγαθὴ
1161 3662 1259 3717 καὶ
1284 3657 1634 3727 ἀδιάϐλητος,
1668 3651 1765 3706 καὶ

194 3744 253 3845 ἐξ
279 3744 439 3831 αύτοῦ
459 3789 473 3803 ⁸
506 3774 541 3843 ἡ
559 3744 848 3837 -δὲνγνώμη
876 3762 971 3816 καὶ⁵
999 3761 1055 3813 αἱ
1076 3755 1235 3829 ἡμῶν
1261 3750 1528 3823 ἁμαρτίαι
1554 3744 1770 3801 διιστῶ·

198 3835 279 3926 σίν
306 3868 406 3923 ἀνὰ
439 3835 604 3937 μέσον
630 3835 789 3932 ἡμῶν
814 3835 909 3911 καὶ
932 3850 1122 3908 αὐτοῦ’
1151 3846 1378 3917 γνώμην
1398 3842 1493 3896 οὖν
1514 3835 1766 3910 ἐσχηκὼς

199 3963 290 4020 καὶ
334 3929 464 4015 αὐτὸ
512 3929 683 4010 τοῦτο.
710 3952 879 4023 ἤγουν
918 3946 980 4000 τὸ
1023 3938 1384 4012 συναρμόζειν
1414 3935 1580 4004 ἑτέρα
1606 3929 1766 4000 οὐσία

200 4056 295 4127 τὴν
342 4047 535 4106 ἑαυτοῦ
589 4020 787 4115 φύσιν,
838 4039 940 4093 ούκ
983 4033 1351 4103 ἀδυνατήσειο
1406 4024 1627 4095 εὐδοκία
1676 4020 1768 4074 οὖν

202 4141 358 4199 αύτοῦ
390 4140 484 4195 ἅτε
514 4134 676 4207 φύσει
707 4128 913 4200 ἀγαθοῦ
934 4168 949 4194 ,
985 4125 1087 4196 τὴν
1119 4119 1355 4193 φυσικὴν
1380 4115 1546 4173 αὐτοῦ
1576 4114 1771 4168 ἕνωσιν

203 4237 331 4311 πρὸς
356 4235 524 4307 ἡμᾶς,
556 4226 735 4297 ὀρθῶς
764 4239 969 4294 φαμεν.

775 4336 1027 4393 ΚΕΦΛΛ.
1061 4330 1204 4387 MB'.

271 4460 332 4514 Ei
374 4456 466 4511 τοῦ
502 4451 637 4507 Θεοῦ
691 4444 1043 4521 βουληθέντος
1080 4439 1294 4510 δέχεται
1328 4431 1492 4489 αὐτοῦ
1537 4430 1768 4503 ἡφύσις

212 4548 551 4623 προσθήκην,
590 4540 813 4595 δύναται
844 4535 952 4606 ἄρα
980 4532 1075 4587 καὶ
1103 4528 1330 4600 μείωσιν
1356 4522 1611 4592 δέξασθαι
1641 4522 1769 4593 βου-

1862 3360 2145 3435 voluntate
2180 3378 2362 3443 potest
2385 3367 2547 3423 nobis
2569 3362 2744 3427 uniri,
2773 3360 2947 3417 multo
2982 3355 3156 3428 magis
3211 3364 3442 3409 natura:

1863 3475 2054 3523 nostra
2096 3461 2369 3533 siquidem
2407 3467 2627 3520 natura,
2677 3454 2823 3509 bona
2867 3459 2923 3505 et
2960 3451 3172 3519 integra
3216 3461 3281 3500 ex
3326 3444 3445 3515 ipso

1865 3568 1970 3624 est,
2010 3558 2267 3613 voluntas
2316 3560 2499 3607 autem
2540 3559 2597 3604 et
2621 3555 2848 3619 peccata
2877 3560 2981 3599 nos
3024 3543 3094 3596 ab
3127 3556 3194 3595 eo
3223 3552 3447 3607 separa-

1864 3659 2098 3716 verunt;
2156 3649 2496 3703 voluntatem
2549 3640 2720 3713 igitur
2764 3637 2977 3691 habens
3006 3634 3189 3697 istam,
3240 3629 3293 3684 id
3339 3636 3445 3691 est.

1868 3758 2022 3800 suam
2083 3747 2334 3795 naturam
2368 3734 2462 3789 alii
2510 3739 2721 3787 naturae
2762 3723 3156 3797 conjungendi,
3205 3736 3315 3775 non
3348 3721 3449 3773 im-

1869 3832 2119 3906 possibili
2152 3828 2458 3891 tenebitur;
2490 3823 2726 3892 ideoque
2770 3835 2841 3875 ex
2885 3818 3007 3888 ejus
3037 3812 3446 3872 benevolentia,

1871 3929 1926 3984 id
1970 3934 2056 3982 est
2104 3920 2379 3992 illius'qui
2415 3927 2611 3973 natura
2638 3915 2819 3969 bonus
2855 3918 2961 3973 est,
3017 3914 3166 3964 recte
3193 3906 3313 3976 ejus
3344 3919 3445 3959 na-

1871 4018 2107 4075 turalem
2159 4013 2450 4070 nobiscum
2508 4008 2772 4064 unionem
2808 4001 3193 4074 pmdiwmus.

2469 4301 2623 4359 CAP.
2676 4296 2845 4354 XLII.

1944 4434 2003 4492 Si
2055 4431 2168 4487 Dco
2220 4426 2460 4485 volente,
2508 4422 2629 4493 ejus
2671 4423 2869 4473 natura
2925 4411 3175 4469 additum
3220 4404 3447 4475 recipit,

1874 4534 2056 4601 potest
2115 4524 2283 4579 etiam
2329 4518 2569 4580 volente,
2607 4510 3033 4568 diminutionem
3083 4501 3372 4570 recipere:
3404 4496 3452 4551 si

211 4590 455 4717 ληθέντὸς
473 4590 648 4691 ἀἆτοῡ
672 4650 687 4666 ο
711 4590 719 4592 ⁷
740 4590 798 4684 ει
827 4590 896 4683 δι’
915 4590 1172 4682 ἀδύνατον
1202 4623 1261 4675 τδ
1286 4590 1537 4690 δεύτερον
1556 4657 1572 4683 ,
1631 4590 1761 4669 ἀδύ-

1869 4629 2052 4677 autem
2071 4612 2410 4686 impossibile
2439 4607 2735 4679 posterius,
2757 4617 2886 4672 ergo
2918 4609 2973 4654 et
2995 4597 3152 4667 prius
3177 4611 3191 4646 :
3219 4590 3315 4647 scd
3344 4604 3455 4643 non

2134 4706 2149 4717 ·
2413 4716 2419 4717 κ
2470 4715 2494 4717 κ-
2516 4711 2698 4717 mu..-
2734 4691 2897 4717 ιιι-ιιι
2930 4687 3176 4717 ..Αλιοηηι
3206 4680 3410 4717 νοροηςι
3437 4700 3451 4713 .

214 4706 357 4791 νατον
387 4730 499 4801 ἄρα
527 4725 620 4780 καὶ
645 4722 706 4776 τὸ
732 4713 1125 4791 πρῶτον.’Λλλ’
1154 4712 1270 4782 οὐχ’
1295 4712 1329 4781 ἠ
1357 4709 1541 4778 φύσις,
1572 4707 1606 4776 ὴ
1636 4706 1769 4758 ὑπό-

218 4842 389 4890 στασις
428 4798 488 4875 δὲ
535 4812 855 4888 προσθήκην
893 4806 1185 4871 ἐπεδέξατο
1223 4804 1256 4873 ἠ
1292 4800 1388 4855 τοῦ
1414 4800 1588 4867 Λόγου
1610 4814 1623 4827 ·
1678 4798 1774 4851 καὶ

218 4918 360 4973 τοῦτο
429 4912 527 4982 ούχ
580 4903 975 4963 ὑποστάσεως,
1030 4897 1166 4951 ἀλλὰ
1214 4892 1323 4947 τῶν
1371 4892 1447 4955 ὡς
1490 4887 1774 4957 στοιχείων

223 4975 557 5064 ὕποστόισεώς
586 4992 895 5065 νοουμένων
930 4987 1259 5057 ἰδιωμάτων,
1282 4982 1369 5035 διὰ
1393 4982 1492 5051 τῆς
1519 4979 1655 5053 πρὸς
1679 4975 1779 5045 φύ-

865 5081 965 5151 τῆς
1001 5045 1189 5140 ούσίας
1220 5045 1386 5129 αὑτοῦ
1417 5045 1761 5140 ἐπιγενηθέν‹

1880 5071 2091 5127 nullam
2133 5073 2315 5121 autem
2363 5076 2429 5115 ex
2459 5057 2575 5112 suis
2605 5052 2830 5110 aeternis
2857 5045 3296 5121 pr0prictatibus
3328 5059 3460 5114 per-

1673 5159 1784 5213 τῶν
1884 5163 2046 5228 didit,
2091 5159 2220 5231 quia
2249 5164 2467 5211 aeternae
2495 5155 2696 5213 erant;
2748 5143 2845 5200 sed
2888 5149 3017 5196 sunt
3057 5138 3304 5208 quaedam
3341 5135 3462 5190 alia:

230 5116 303 5153 σιν
330 5097 519 5167 ἑτέραν
566 5087 817 5149 ἑνώσεως

230 5207 326 5242 των
369 5163 536 5256 αύτῇο
592 5179 883 5251 ἀφαίρεσιν
935 5173 1046 5227 τῶν
1094 5166 1401 5238 ἰδιωμάτων
1453 5163 1626 5232 αὐτῆς

1874 4720 2091 4773 natura,
2134 4706 2275 4760 bene
2300 4716 2431 4778 vere
2469 4711 2705 4769 persona
2734 4691 2901 4748 Verbi
2929 4687 3178 4743 additum
3206 4680 3451 4752 recepit;

1877 4816 1981 4859 nec
2012 4810 2283 4870 personae,
2312 4791 2430 4853 sed,
2460 4797 2520 4843 ut
2546 4787 2620 4841 ita
2658 4785 2860 4845 dicam,
2894 4782 3294 4834 elementorum
3324 4788 3454 4843 pcr-

1879 4864 2047 4955 sonai,
2088 4902 2184 4943 seu
2245 4878 2675 4950 intelligibilium
2750 4870 3151 4942 proprietatum
3211 4864 3312 4934 ipsi
3356 4878 3459 4932 per

1880 4981 2136 5036 unionem
2158 4970 2474 5030 substantim
2489 4982 2612 5021 cum
2634 4965 2806 5018 altera
2827 4967 3021 5015 natura
3039 4956 3420 5027 adjunctarum
3440 4968 3457 5019 ;

240 5226 324 5242 *ψ’
369 5226 464 5240 ’⁵⁸⁵
592 5226 725 5250 ⁷“Υ’”“
772 5226 873 5229 ““““
952 5226 955 5227 ⁷
1217 5226 1228 5238 ι
1583 5226 1593 5232 .

233 5279 399 5335 ἀϊδίων
450 5226 545 5329 δέξιι
592 5226 830 5327 ἔκπαλαι
893 5265 968 5337 μὴ
1016 5259 1453 5330 καταδεχομένης
1512 5255 1588 5319 ὼς
1634 5252 1761 5307 am:

1887 5268 2009 5324 quae
2056 5246 2264 5319 augeri,
2302 5259 2412 5298 non
2449 5238 2624 5294 minui
2667 5243 2937 5307 possunt;
2975 5230 3124 5301 quod
3152 5228 3301 5284 enim
3332 5226 3464 5281 sim-

236 5369 435 5427 ἀϊδίωνο
491 5365 610 5418 ἐστὶ
640 5364 695 5416 δὲ
728 5360 825 5415 καὶ
852 5357 1024 5421 ἄλλα,
1066 5346 1141 5407 ὧν
1175 5349 1483 5417 ὲπαύξησις
1514 5346 1615 5417 μέν
1643 5346 1785 5411 ἐστι,

485 5455 581 5510 καὶ⁵
621 5454 882 5523 μείωσιςο
937 5418 1140 5515 τὸγὰρ
1177 5439 1551 5497 ἁπλούστατον
1586 5432 1700 5491 οἷον
1729 5454 1757 5489 τ

1890 5438 2088 5500 ditum,
2127 5431 2302 5488 minui
2337 5437 2521 5483 autem
2552 5434 2808 5493 tanquam
2845 5418 3093 5474 intimum
3125 5430 3311 5470 rerum
3341 5427 3466 5482 quae

239 5464 291 5517 ού
336 5459 438 5530 μὴν

244 5528 478 5624 σημεῖον,
512 5544 885 5614 ἐπαυξηθῆναι
916 5542 1014 5613 μὲν
1045 5540 1133 5592 διὰ
1160 5535 1489 5597 συνθέσεως,
1524 5528 1755 5585 δυνατόν
1776 5543 1791 5560 ·

1887 5319 2269 5419 plicissimum,
2321 5344 2383 5392 ut
2414 5344 2500 5392 est
2525 5333 2762 5403 signum,
2799 5327 2987 5399 augeri
3022 5331 3205 5396 potest
3237 5336 3336 5392 per
3362 5319 3463 5374 ad-

1892 5528 2143 5602 partibus
2194 5528 2452 5579 constant
2506 5532 2617 5573 non
2675 5521 2878 5585 potest,
2938 5511 3068 5582 quia
3121 5518 3305 5579 partes
3354 5518 3468 5559 non

248 5620 526 5718 μειωθῆναι
560 5638 618 5690 δὲ
663 5633 914 5704 ἐνεργείᾳ
945 5629 1154 5703 ἀμερὲς
1180 5628 1243 5682 ὸν
1274 5626 1350 5691 ὡς
1376 5623 1486 5679 τῶν
1516 5620 1793 5694 μεριστῶν
1895 5621 2079 5677 habet.

247 5739 475 5806 ἔσχατον,
505 5727 789 5783 ἀδύνατον.

805 5834 1056 5889 ΚΕΦΛΛ.
1084 5834 1220 5889 MI".

312 5940 367 5994 Ei
408 5935 543 6005 ὁμοῦ
588 5932 721 6031 Θεὸς
749 5930 841 5985 καὶ
868 5927 1152 5998 ἄνθρωπος
1181 5929 1209 5979 ό
1244 5925 1479 5996 Χριστος
1502 5963 1515 5990 ,
1552 5914 1796 5990 δηλονότι

2488 5808 2639 5865 CAP.
2688 5807 2874 5863 XLIII.

1974 5912 2031 5968 Si
2078 5909 2327 5967 Christus
2365 5907 2508 5962 Deus
2566 5902 2730 5959 simul
2772 5910 2828 5956 ct
2859 5900 3023 5954 homo
3083 5903 3188 5958 cst,
3230 5888 3469 5946 manife~
