4032 6578
477 483 614 548 1503

1707 475 2015 536 LEONTII
2054 471 2460 535 BYZANTINI

3621 448 3744 514 1504

474 613 592 658 tum
639 608 726 653 est
773 594 1051 653 Christum
1105 592 1379 662 imperare
1429 590 1594 646 simul
1638 599 1696 645 et
1728 590 1958 645 servire.
1997 588 2052 642 Si

2174 590 2292 657 ὅμου
2320 583 2574 649 δεσπόζει
2603 580 2701 636 καὶ
2727 576 3049 642 δεσπόζεται
3070 575 3100 626 6
3119 573 3372 644 Χριστός.
3409 570 3472 624 Ei
3505 570 3563 624 δὲ
3586 573 3620 640 ἡ
3637 570 3742 623 δια-

471 708 608 748 vero
636 705 747 745 non
792 695 879 743 est
928 687 984 741 in
1014 685 1236 740 Christo
1263 681 1549 737 distinctio
1584 680 1731 735 inter
1768 680 2058 750 imperium

472 792 532 840 et
565 781 872 843 servitium,
900 779 980 832 sic
1013 776 1226 832 tollitur
1266 773 1582 828 differentia
1633 772 1778 826 inter
1798 771 1971 825 Deum
2007 777 2063 824 et

475 874 773 930 hominem.
815 871 990 925 Simul
1021 869 1247 939 quidem
1281 875 1338 922 et
1379 867 1435 920 in
1483 864 1676 920 eadem
1708 878 1942 934 persona
1977 878 2065 918 se-

476 965 717 1026 cundum
741 962 1049 1017 naturalem
1074 975 1229 1015 suam
1257 957 1632 1014 conditionem
1656 955 1830 1010 servit
1867 970 2062 1025 usque-

479 1057 610 1111 dum
671 1056 966 1126 impleatur
1015 1051 1300 1106 humilitas
1331 1065 1454 1120 quae
1505 1048 1573 1102 ad
1624 1047 2064 1116 redemptionem

479 1147 750 1218 pertinet;
787 1144 904 1208 sed,
930 1144 977 1199 si
1010 1143 1182 1206 idem,
1211 1157 1321 1196 non
1354 1142 1410 1196 in
1440 1138 1649 1195 eisdem
1673 1138 1758 1193 sui
1783 1137 2063 1209 partibus:

480 1249 679 1294 natura
725 1237 874 1292 enim
929 1234 1116 1290 carnis
1168 1249 1280 1288 sua:
1307 1232 1484 1286 Pilato
1512 1230 1705 1295 servit,
1740 1239 1937 1285 natura
1963 1245 2066 1284 au-

483 1339 592 1384 tem
629 1326 791 1383 Verbi
846 1325 1114 1388 omnium,
1159 1331 1215 1380 et
1254 1323 1420 1377 etiam
1464 1321 1770 1377 cmlestium
1803 1320 2070 1375 Dominus

484 1429 570 1476 est
597 1417 888 1484 Christus;
943 1426 1222 1488 postremo
1270 1425 1478 1479 autem,
1528 1412 1833 1469 secundum
1877 1413 2073 1468 huma-

483 1513 710 1566 nitatem
731 1510 895 1565 etiam
925 1509 1060 1563 dicit
1094 1525 1108 1562 :
1145 1527 1162 1558 ι
1194 1508 1328 1562 Data
1351 1515 1436 1562 est
1469 1505 1599 1560 mihi
1625 1506 1806 1560 omnis
1830 1514 2074 1576 potestas

481 1597 541 1658 in
570 1601 707 1656 coelo
736 1608 792 1654 et
816 1599 870 1653 in
897 1607 1062 1653 terra.
1103 1616 1123 1648 ι

1085 1708 1240 1766 CAP.
1288 1705 1474 1763 XLIV.

555 1827 612 1884 Si
634 1827 798 1882 simul
856 1827 1002 1880 Deus
1045 1834 1102 1879 et
1139 1825 1308 1879 homo
1339 1823 1617 1887 Christus,
1640 1821 1833 1878 eodem
1862 1821 2073 1876 honore

2165 679 2310 751 φορά
2330 678 2426 732 τοῦ
2449 675 2737 739 δεσπόζειν
2757 671 2961 727 καὶτοῦ
2980 667 3342 733 δεσπόζεσθαι
3361 666 3420 717 ἐν
3436 663 3516 734 τῷ
3533 663 3747 733 Χριστῷ

2163 773 2267 825 οὑκ
2309 769 2460 833 ἔστι,
2513 767 2608 821 καὶ
2652 763 2791 818 Θεοῦ
2842 762 2951 834 ἄρα
2993 761 3090 815 καὶ.
3125 756 3418 830 ἀνθρώπου
3447 755 3745 822 ἀναιρεῖται

2165 863 2199 932 ἡ
2232 858 2490 931 διαφορά.
2543 856 2657 911 Καὶ
2687 855 2795 927 γάρ
2831 852 2970 925 ὁμοῦ
3001 851 3098 906 καὶ
3126 853 3183 903 ἐν
3209 846 3396 917 ταυτῷ
3423 844 3745 906 δεσπόζεται

2163 956 2231 1025 τῇ
2271 953 2477 1021 φυσικῇ
2513 948 2669 1014 τάξει
2718 947 2827 1010 ἓως
2864 943 3318 1016 συμπληρώσεως
3353 939 3454 1007 τῆς
3485 935 3633 990 κατά
3654 936 3745 1004 τὴν

2165 1043 2484 1114 οἰκονομίαν
2516 1037 2928 1102 ταπεινώσεως⁸
2977 1035 3096 1090 ἀλλ’
3126 1035 3188 1087 οὑ
3223 1033 3366 1087 κατά
3388 1030 3452 1084 τὸ
3478 1029 3614 1082 αὑτὸ
3644 1027 3745 1080 τῶν

2167 1134 2334 1190 αὑτοῦ
2391 1132 2580 1204 μερῶν
2630 1131 2659 1184 6
2701 1130 2889 1192 αὑτός.
2941 1128 3022 1200 Τῇ
3073 1127 3184 1199 γὰρ
3217 1123 3380 1194 φύσει
3417 1123 3521 1192 τῆς
3553 1120 3747 1190 σαρκὸς

2168 1227 2368 1292 αὑτοῦ,
2425 1227 2523 1280 καί
2563 1226 2672 1279 ὑπὸ
2701 1222 2939 1278 Πιλάτου
2969 1219 3301 1284 δεσπόζεται
3324 1231 3339 1247 ⁸
3398 1217 3469 1288 τῇ
3502 1214 3563 1268 δὲ
3597 1213 3750 1283 φύσει

2167 1323 2263 1375 τοῦ
2319 1323 2377 1375 ὲν
2422 1319 2574 1390 αὐτῷ
2622 1317 2797 1386 Λόγου
2859 1315 3124 1378 πάντων,
3181 1310 3277 1367 καί
3329 1309 3440 1363 τῶν
3488 1307 3750 1380 οὐρανίων

2169 1414 2197 1466 ό
2221 1412 2381 1475 αὐτὸς
2413 1409 2660 1482 κυριεύει
2688 1407 2926 1474 Χριστός
2948 1422 2962 1437 ο
3017 1404 3244 1476 ὕστερον
3272 1401 3330 1456 δὲ
3371 1401 3471 1456 καὶ
3511 1399 3657 1454 κατὰ
3697 1398 3752 1452 τὸ

2170 1503 2507 1576 ἀνθρώπινον
2523 1501 2655 1573 φησι
2671 1517 2716 1554 ἰ
2739 1499 2930 1572 Ἐδόθη
2951 1516 3043 1572 μοι
3061 1498 3211 1552 πᾶσα
3227 1495 3446 1562 ἐξουσία
3468 1495 3525 1546 ὲν
3545 1491 3753 1565 οὐρανῷ

2170 1599 2264 1651 καὶ
2298 1597 2391 1650 ἐπὶ
2413 1596 2536 1666 γῆς.
2579 1615 2598 1648 ι

2748 1706 3002 1762 ΚΕΦΛΛ.
3033 1705 3168 1760 MA'.

2244 1823 2307 1876 Εἰ
2346 1817 2487 1892 ὁμοῦ
2524 1822 2656 1886 Θεὸς
2687 1821 2783 1875 καὶ
2809 1821 3099 1892 ἄνθρωπος
3123 1821 3152 1874 6
3176 1820 3412 1892 Χριστὸς
3433 1859 3452 1884 ,
3488 1819 3754 1890 ὁμότιμος

484 1918 688 1988 dignus
732 1918 896 1971 homo
938 1927 1103 1985 atque
1138 1915 1321 1980 Deus;
1374 1915 1474 1970 sed
1524 1914 1570 1969 si
1612 1914 1806 1969 eodem
1856 1913 2068 1968 honore

2174 1915 2281 1987 ἄρα
2321 1916 2350 1969 ὁ
2393 1915 2684 1988 ἄνθρωπος
2715 1916 2792 1985 τῷ
2818 1915 2940 1986 Θεῷ
2965 1931 2980 1946 ·
3038 1916 3088 1968 εἰ
3117 1915 3174 1968 δὲ
3211 1914 3286 1987 μὴ
3311 1914 3580 1986 ὁμότιμος
3609 1915 3638 1967 6
3663 1914 3754 1968 άν-

484 2021 650 2083 atque
687 2011 833 2065 Deus
863 2025 972 2064 non
1003 2020 1091 2064 est
1137 2008 1340 2079 dignus
1378 2009 1568 2071 homo,
1613 2007 1814 2062 merito
1852 2005 2069 2076 respuit

485 2101 770 2173 Egyptius
793 2099 1172 2155 adorationem
1194 2115 1209 2164 ;
1234 2099 1281 2153 si
1304 2106 1490 2153 autem
1513 2097 1733 2168 dignus,
1761 2095 2070 2151 necessario

485 2193 771 2258 adoratur,
794 2201 852 2246 et
878 2191 1045 2262 impie
1075 2191 1240 2246 docet
1261 2189 1568 2262 Egyptius.
1597 2187 2070 2256 Quemadmodum

487 2299 616 2338 cum
667 2283 962 2339 adoramus
1013 2284 1182 2338 Deum
1212 2291 1276 2338 ut
1301 2281 1638 2337 adoranda‘m
1662 2290 1938 2344 naturam,
1961 2295 2071 2334 non

488 2385 576 2432 est
623 2391 763 2446 opus
786 2375 994 2446 triplici
1039 2375 1360 2430 adoratione
1395 2381 1509 2428 tres
1545 2372 1760 2427 divinas
1807 2387 2073 2442 personas

487 2468 744 2531 adorare,
791 2467 889 2524 sed
932 2483 1043 2522 una
1097 2474 1312 2520 tantum
1343 2465 1662 2520 adoratione
1696 2463 1958 2519 adoratur
1983 2472 2071 2542 to-_-

489 2559 676 2614 talitas
718 2559 812 2613 Dei
866 2567 1066 2614 natura
1109 2557 1400 2623 adorandi,
1446 2556 1522 2612 ita
1565 2565 1649 2611 est
1685 2563 1953 2625 quantum
2003 2554 2073 2608 ad

490 2650 975 2714 incarnationem;
1021 2649 1067 2702 si
1121 2648 1188 2702 ad
1243 2663 1539 2718 personam
1590 2645 1754 2702 Verbi
1803 2645 2073 2701 incarnati

487 2741 868 2797 adorationem
893 2740 1206 2796 referimus.
1236 2756 1347 2794 non
1373 2747 1458 2794 est
1485 2738 1859 2794 necessarium
1886 2737 2074 2793 dicere

487 2833 637 2904 quod
688 2834 794 2888 hoc
847 2833 903 2888 in
951 2832 1176 2889 Christo
1228 2833 1313 2888 vel
1349 2832 1486 2887 illud
1531 2832 1814 2898 adoratur,
1847 2831 1945 2888 sed
1975 2847 2076 2902 per

488 2923 873 2978 adorationem
929 2921 1100 2976 unius
1155 2935 1440 2991 personae,
1493 2936 1604 2976 una
1653 2921 1840 2984 Verbi,
1907 2922 2074 2976 etiam

490 3011 784 3074 incarnati,
849 3026 1085 3082 persona
1143 3011 1428 3076 adoratur,
1477 3011 1523 3066 si
1566 3010 1766 3066 adoras
1820 3021 2072 3066 naturam

490 3103 678 3170 Verbi,
711 3103 929 3158 Patrem
959 3119 1185 3173 quoque
1231 3111 1288 3157 et
1335 3103 1606 3174 Spiritum
1640 3113 1891 3159 sanctum
1928 3104 1986 3159 in
2008 3120 2076 3159 eo

489 3195 726 3261 adoras;
782 3195 878 3250 ubi
916 3204 1101 3250 autem
1150 3195 1314 3250 Pater
1370 3205 1426 3251 et
1465 3194 1709 3266 Spiritus
1747 3197 1803 3251 in
1848 3195 2074 3252 adorata

2171 2008 2390 2080 θρωπος
2413 2008 2496 2079 τῷ
2522 2009 2666 2079 Θεῷ,
2697 2008 2923 2073 δικαίως
2950 2008 3236 2062 διαϐάλλει
3267 2011 3297 2062 6
3322 2007 3630 2077 Αἰγύπτιος
3660 2007 3756 2078 τὴν

2173 2100 2664 2173 συμπροσκύνησιν
2690 2117 2706 2133 ·
2745 2103 2796 2155 εἰ
2823 2100 2880 2154 δὲ
2916 2100 3206 2172 ὁμότιμος,
3242 2100 3302 2168 ἐξ
3329 2100 3586 2171 ἀνάγκης
3618 2118 3757 2171 συμ-

2173 2195 2587 2263 προσκυνεῖται,
2615 2192 2713 2247 καὶ
2739 2192 2928 2246 ἀσεϐεῖ
2954 2193 2984 2244 6
3011 2191 3574 2262 Λίγύπτιος.Ὠσπερ
3598 2192 3759 2262 ἡνίκα

2169 2283 2246 2348 ὡς
2277 2283 2442 2353 φύσιν
2472 2285 2858 2356 προσκυνητὴν
2885 2283 3305 2356 προσκυνοῦμεν
3333 2284 3489 2347 Θεὸν,
3511 2285 3574 2337 οὑ
3601 2285 3759 2354 χρεία

2171 2372 2322 2442 τρισί
2380 2374 2811 2444 προσκυνήμασι
2875 2374 2976 2437 τὰς
3025 2375 3178 2444 τρεῖς
3227 2373 3379 2438 θείας
3427 2373 3759 2436 ὑποστάσεις

2173 2467 2546 2536 προσκυνεῖν,
2605 2464 2746 2524 ἀλλὰ
2801 2466 2904 2537 μιᾷ
2937 2467 3311 2537 προσκυνήσει
3357 2467 3391 2537 ἡ
3424 2466 3620 2536 όλότης
3665 2464 3757 2517 τοῦ

2174 2553 2553 2625 προσκυνητοῦ
2583 2552 2719 2608 Θεοῦ
2755 2554 2913 2624 φύσει
2945 2554 3388 2627 προσκεκύνηται
3408 2595 3423 2618 ,
3455 2553 3638 2618 οὕτως
3668 2555 3757 2606 ἐπὶ

2173 2645 2278 2716 τῆς
2311 2646 2627 2717 οἰκονομίας
2649 2663 2666 2679 ·
2723 2648 2774 2700 εἰ
2799 2647 2876 2712 ὡς
2903 2647 3203 2702 ὑποστάσει
3235 2650 3302 2719 τῇ
3333 2646 3430 2701 τοῦ
3457 2646 3637 2715 Λόγου
3665 2645 3756 2699 τοῦ

2177 2737 2606 2810 σεσαρκωμένου
2629 2739 3006 2811 προσάγοιμεν
3026 2737 3125 2812 τὴν
3147 2738 3542 2811 προσκύνησιν,
3561 2738 3624 2790 οὑ
3641 2739 3758 2791 δέον

2173 2848 2228 2884 τι
2258 2829 2438 2900 λέγειν
2463 2829 2652 2902 ἕτερον
2674 2831 2849 2903 ἑτέρῳ
2871 2831 3414 2904 συμπροσκυνεῖσθαι
3436 2833 3494 2884 ὲν
3509 2831 3752 2901 Χριστῷ,

2176 2922 2314 2976 ἀλλὰ
2365 2923 2498 2990 μιᾶς
2549 2922 2905 2987 ὑποστάσεως
2957 2925 3331 2996 προσκυνήσει
3378 2924 3650 2995 τιμᾶσθαι
3697 2924 3758 2978 τὸ

2175 3018 2271 3071 τοῦ
2302 3017 2480 3085 Λόγου
2512 3015 2806 3087 πρόσωπον
2836 3015 2916 3080 ἓν,
2951 3017 3000 3069 εἰ
3031 3016 3128 3070 καὶ
3159 3015 3505 3087 σεσάρκωται
3525 3032 3540 3044 ο
3577 3017 3626 3068 εἰ
3660 3016 3756 3084 μέν

2174 3127 2258 3166 τοι
2307 3110 2386 3174 ὡς
2436 3110 2599 3179 φύσιν
2649 3110 2979 3180 προσκυνεῖς
3025 3108 3126 3179 τὴν
3167 3108 3262 3160 τοῦ
3306 3109 3514 3176 Λόγου,
3555 3109 3649 3162 καὶ
3683 3106 3758 3176 τῷ

2177 3201 2355 3274 Πατρί
2385 3203 2714 3272 προσκυνεῖς
2752 3202 2810 3254 ὲν
2844 3199 2997 3271 αὑτῷ
3029 3199 3126 3255 καὶ
3154 3199 3232 3271 τῷ
3259 3200 3544 3271 Πνεὺματι
3563 3217 3579 3232 ο
3627 3200 3756 3256 ἔνθα

492 3289 716 3345 Unitate
767 3288 1136 3345 intenduntur
1176 3329 1192 3354 ,
1251 3288 1330 3344 ibi
1412 3304 1524 3343 non
1583 3289 2071 3359 comprehenditur

2175 3294 2235 3349 δὲ
2283 3293 2475 3365 Πατὴρ
2529 3293 2626 3347 καὶ
2671 3292 2901 3362 Πνεῦμα
2950 3293 3302 3364 ὲνθεωρεῖται
3343 3295 3410 3364 τῇ
3443 3292 3650 3347 Μονάδι
3688 3296 3753 3363 τῇ

487 3394 621 3441 caro
651 3395 718 3436 eo
759 3379 926 3435 modo
961 3387 1020 3433 ut
1058 3379 1322 3434 adoretur
1370 3388 1630 3448 tanquam
1677 3378 1744 3433 ad
1793 3379 2071 3435 Unitatem

491 3473 796 3543 pertinens.
821 3471 1057 3542 Oportet
1101 3486 1235 3542 ergo
1267 3470 1447 3526 tribus
1471 3471 1773 3540 aequalibus
1800 3470 2078 3525 adoratio-

489 3557 658 3618 m‘bus
711 3573 826 3618 tres
877 3561 1097 3618 divinas
1143 3577 1410 3631 personas
1455 3561 1685 3616 adorare
1721 3579 1734 3616 :
1764 3561 1950 3616 divina
1974 3554 2074 3616 au-

492 3665 603 3710 tem
660 3670 815 3720 caro,
869 3655 1001 3725 quia
1056 3669 1248 3710 earum
1298 3653 1602 3719 divinitati,
1656 3654 1933 3725 particeps
1988 3664 2075 3710 est

489 3759 687 3805 natura
741 3747 1043 3804 secundum
1097 3762 1412 3818 personam,
1458 3746 1723 3802 videlicet
1771 3762 1963 3803 earum
2016 3747 2071 3802 in

492 3856 602 3895 una
640 3839 1060 3910 comprehensa,
1117 3846 1175 3893 et
1223 3853 1381 3893 sacra
1429 3837 1734 3893 divinitatis
1786 3837 1841 3892 in
1893 3845 2068 3908 poste.

491 3946 616 3985 rum
650 3931 881 3999 recepit,
935 3929 1211 3984 adoranda
1257 3938 1345 3984 est
1403 3928 1458 3982 in
1506 3928 1646 3983 Filio
1696 3944 1840 3996 uno;
1877 3928 1934 3984 in
1974 3944 2075 3983 no-

491 4021 641 4076 mine
689 4021 839 4084 enim
867 4021 997 4078 Jesu
1030 4036 1195 4076 omne
1231 4037 1374 4091 genu
1402 4020 1692 4088 ﬂectetur;
1729 4021 1857 4092 quia
1893 4022 1944 4077 ei
1973 4022 2073 4078 da-

493 4122 611 4168 tum
644 4122 964 4167 estnomen
1014 4112 1161 4181 quod
1210 4121 1290 4167 est
1342 4128 1508 4182 super
1549 4128 1713 4169 omne
1745 4129 1967 4180 nomen,
2019 4113 2072 4168 id

491 4212 581 4260 est
627 4203 954 4266 divinitatis,
981 4203 1309 4257 naturaliter
1336 4213 1424 4259 est
1455 4203 1824 4266 adorandum,
1853 4214 2073 4259 servata

493 4295 717 4366 quidem
772 4295 1009 4349 naturali
1062 4293 1383 4350 diversitate
1415 4296 1536 4365 ejus
1589 4296 1684 4365 qui
1715 4295 1936 4365 propria
1972 4310 2073 4349 na-

495 4385 693 4442 turalia
719 4384 944 4440 donavit
969 4394 1025 4440 et
1045 4385 1164 4456 ejus
1185 4384 1279 4454 qui
1305 4385 1545 4441 donatus
1566 4393 1673 4450 est,
1695 4394 1752 4441 et
1784 4384 2064 4440 divinitati

494 4485 552 4532 et
598 4473 971 4529 divinisantis.

1103 4599 1254 4656 CAP.
1296 4599 1460 4656 XLV.

2178 3386 2674 3459 προσκυνουμένῃ,
2728 3383 2865 3456 σάρξ
2908 3383 3036 3456 τῇδε
3078 3385 3142 3437 οὐ
3183 3385 3638 3456 συμπεριέχεται,
3671 3387 3756 3440 ἵνα

2176 3479 2272 3532 καὶ
2318 3478 2396 3541 ὡς
2441 3477 2608 3548 τῆσδε
2652 3471 2788 3530 οὖσα
2823 3477 2924 3547 τῆς
2954 3475 3201 3540 Μονάδος
3232 3477 3754 3548 συμπροσκυνῆται.

2178 3569 2308 3623 Δέον
2332 3563 2428 3623 οῦν
2440 3569 2588 3640 τρισί
2617 3568 2717 3640 μὲν
2742 3567 3028 3639 ὁμοτίμοις
3056 3568 3466 3640 προσκυνήσεσι
3487 3568 3592 3632 τὰς
3611 3570 3756 3640 τρεῖς

2175 3655 2521 3723 ὑποστάσεις
2540 3657 2640 3721 τὰς
2671 3656 2825 3721 θείας
2859 3658 3226 3728 προσκυνεῖνο
3259 3659 3328 3725 τῇ
3362 3654 3484 3726 θείᾳ
3509 3654 3567 3708 δὲ
3595 3654 3756 3724 σαρκί

2173 3751 2250 3816 ὡς
2298 3748 2669 3820 συνθεωθείσῃ
2717 3748 2911 3812 αὑταῖς
2952 3747 3076 3802 καθ’
3106 3745 3405 3800 ὑπόστασιν
3445 3744 3628 3813 φύσει,
3660 3745 3756 3799 ἆτε

2174 3845 2234 3896 ιν
2285 3842 2386 3913 μιᾷ
2417 3839 2587 3895 τῶνδε
2638 3839 3047 3911 περιεχομένῃ,
3106 3837 3204 3891 καὶ
3251 3837 3319 3892 τὰ
3363 3836 3462 3908 τῆς
3503 3836 3756 3906 θεότητος

2177 3933 2298 4004 ίερά
2336 3932 2524 3986 λοιπὸν
2571 3929 3016 4002 προσδεχομένη,
3060 3928 3586 4000 συμπροσκυνητέον
3617 3927 3760 3982 κατὰ

2173 4026 2265 4080 τὸν
2292 4025 2390 4080 ἕνα
2419 4025 2546 4079 Υίόν
2565 4040 2580 4054 ⁸
2615 4026 2674 4077 ὲν
2701 4025 2811 4096 γάρ
2837 4022 2916 4094 τῷ
2944 4022 3169 4091 ὀνόματι
3201 4020 3377 4092 Ἰησοῦ
3406 4021 3621 4092 κάμψει
3649 4021 3759 4073 πᾶν

2175 4121 2304 4189 γόνυ
2323 4135 2339 4153 ο
2375 4120 2499 4174 ἐπεὶ
2527 4119 2624 4172 καὶ
2649 4116 2798 4189 αὑτῷ
2831 4117 3165 4188 κεχάρισται
3191 4115 3361 4186 ὄνομα
3388 4116 3450 4170 τὸ
3479 4117 3624 4188 ὑπὲρ
3652 4118 3759 4168 πᾶν

2175 4211 2383 4282 ὄνομα,
2437 4211 2606 4283 ἤγουν
2658 4210 2720 4262 τὸ
2762 4209 2863 4279 τῆς
2906 4209 3194 4278 θεότητος,
3232 4208 3393 4277 φύσει
3421 4207 3482 4260 δν
3514 4225 3757 4278 προσκυ-

2177 4303 2376 4375 νητόν⁶
2437 4302 2854 4373 φυλαττομένης
2905 4301 3007 4371 τῆς
3054 4301 3319 4372 διαφορᾶς
3358 4301 3459 4371 τῆς
3499 4301 3759 4372 φυσικῆς,

2177 4397 2272 4449 καί
2297 4393 2471 4456 οὕτως
2509 4393 2603 4448 τοῦ
2627 4394 3002 4465 χαρισαμένου
3034 4391 3102 4447 τὰ
3131 4392 3241 4446 ἴδια
3264 4393 3471 4461 φυσικά
3504 4392 3645 4464 πρὸς
3668 4392 3760 4445 τὸν

2176 4487 2551 4559 λαμϐάνοντα,
2597 4487 2694 4540 καί⁵
2721 4486 2814 4541 τοῦ
2844 4485 3142 4550 θεωθέντος
3173 4486 3313 4559 πρὸς
3341 4485 3431 4541 τὸν
3455 4486 3757 4540 θεώσαντα.

2765 4598 3022 4653 ΚΕΦΑΛ.
3056 4598 3194 4652 ME’.

563 4695 626 4751 Si
662 4709 794 4751 caro
825 4710 935 4750 non
959 4702 1046 4750 est
1067 4693 1354 4765 cujusdam
1380 4693 1584 4749 diversi
1611 4709 1641 4750 a
1663 4695 1845 4751 Verbo
1875 4706 2071 4754 natura

2249 4697 2314 4750 Ei
2347 4697 2380 4768 ἡ
2413 4695 2573 4767 φύσει
2606 4695 2747 4768 σὰρξ
2777 4697 2879 4750 οὑκ
2909 4694 3056 4749 ἐστιν
3084 4693 3277 4766 ἑτέρου
3303 4693 3452 4757 τινος
3482 4694 3639 4764 παρὰ
3668 4692 3762 4747 τὴν

494 4786 629 4850 Deo,
661 4784 756 4840 sed
780 4791 866 4839 est
888 4783 1052 4838 Verbi
1081 4783 1202 4847 Dei,
1237 4782 1619 4839 manifeste'ad
1643 4783 1809 4838 alium
1834 4787 2076 4855 pertinet

493 4893 625 4933 caro
649 4890 813 4944 quam
849 4875 916 4929 ad
951 4874 1194 4930 Verbum
1229 4874 1499 4929 naturalis
1525 4875 1851 4931 divinitatis.
1887 4877 2079 4933 Diver-

495 4983 571 5022 sa'
611 4966 834 5036 quidem
864 4972 1078 5018 natura:
1109 4972 1217 5029 est,
1247 4963 1344 5018 sed
1371 4963 1438 5018 ad
1474 4981 1765 5035 personam
1815 4969 2075 5038 pertinet.

498 5059 740 5114 Verbum
780 5056 929 5113 enim
980 5055 1135 5128 prius
1179 5056 1299 5112 sine
1333 5072 1520 5125 carne,
1548 5074 1699 5114 nunc
1732 5059 2078 5118 incarnatum

484 5149 848 5207 conﬁtemur.

1092 5259 1248 5318 CAP.
1295 5260 1481 5318 XLVI.

570 5364 627 5420 Si
663 5364 824 5435 plene
871 5363 1094 5435 recipis.
1136 5363 1412 5436 Egyptie,
1450 5362 1692 5418 divinam
1734 5363 1830 5420 Dei
1877 5364 1933 5419 in
1973 5364 2076 5420 ho—

487 5457 649 5514 snine
703 5455 1128 5520 habitationem,
1159 5472 1343 5512 cesses
1386 5455 1660 5512 aﬂirmare
1685 5455 1781 5512 Dei
1811 5466 1868 5512 et
1895 5458 2076 5512 carnis

495 5551 803 5608 secundum
845 5567 1135 5622 personam
1178 5551 1441 5607 unionem
1477 5569 1491 5606 :
1547 5567 1606 5608 se
1653 5551 1803 5607 enim
1838 5552 2074 5607 invicem

488 5644 798 5699 excludunt
853 5643 1119 5698 habitatio
1177 5653 1234 5699 et
1279 5642 1582 5698 secundum
1635 5659 1925 5714 personam
1975 5661 2076 5700 na-

489 5737 698 5794 inralis
748 5737 903 5792 unio.
963 5736 1022 5792 Si
1077 5737 1385 5807 personalis
1425 5736 1706 5792 diceretur
1756 5739 1920 5793 etiam
1975 5739 2073 5793 ha-

490 5829 716 5894 diitatio,
760 5829 814 5883 id
849 5838 954 5894 est,
981 5843 1231 5898 personae
1256 5828 1310 5882 in
1338 5845 1570 5898 persona
1601 5829 1887 5892 habitatio,
1927 5841 2073 5886 recte

487 5923 810 5996 doquereris
842 5940 853 5976 :
885 5921 1044 5978 sicut.
1064 5919 1124 5975 tit
1154 5931 1211 5976 et
1237 5919 1304 5976 de
1362 5920 1499 5992 legis
1534 5920 1736 5976 tabulis
1772 5937 1894 5992 quae
1917 5937 2074 5993 sepa-

2177 4790 2312 4843 Θεδν
2349 4787 2523 4858 Λόγον
2570 4787 2754 4858 φύσει,
2792 4786 2930 4840 ἀλλὰ
2961 4785 3054 4838 τοῦ
3085 4783 3222 4838 Θεοῦ
3257 4783 3431 4854 Λόγου
3455 4825 3470 4850 ,
3511 4782 3763 4854 δηλονότι

2180 4881 2367 4951 ἐτέρου
2398 4879 2574 4950 Λόγου
2607 4877 2727 4932 ιστί
2758 4879 2794 4948 ἡ
2828 4877 2967 4948 σάρξ
3001 4876 3153 4949 παρὰ
3186 4875 3278 4929 τὸν
3304 4877 3511 4946 φυσικῇ
3545 4874 3762 4945 θεότητι

2179 4976 2372 5042 Λόγον.
2417 4972 2642 5043 Ἑτέρας
2672 4971 2773 5040 μὲν
2801 4969 3019 5040 φύσεως
3049 4970 3200 5022 ἐστὶν
3222 5009 3236 5033 ,
3286 4967 3426 5022 ἀλλὰ
3456 4966 3552 5020 τοῦ
3586 4984 3758 5037 προσ-

2181 5065 2354 5120 ώπου.
2373 5064 2431 5119 Ὀ
2483 5063 2658 5132 Λόγος
2697 5060 2807 5134 γάρ
2837 5060 3083 5132 ἄσαρκος
3112 5061 3301 5123 πάλαι,
3340 5058 3437 5114 νῦν
3464 5058 3522 5113 δὲ
3555 5075 3759 5129 σεσαρε-

2185 5157 2432 5228 κωμένος
2457 5155 2829 5227 ὡμολόγηται.

2748 5263 3002 5331 ΚΕΦΑΛ.
3037 5261 3190 5330 Μετ’.

2254 5371 2320 5426 Εἰ
2365 5371 2503 5436 ὅλως
2535 5371 2799 5442 ἀποδέχῃ,
2835 5363 2881 5424 ὧ
2910 5369 3198 5438 Αἰγύπτιε,
3235 5367 3372 5422 Θεοῦ
3401 5369 3462 5422 ὲν
3490 5366 3762 5439 ἀνθρώπῳ

2184 5463 2335 5517 θείαν
2357 5462 2652 5532 ἐνοίκησιν,
2669 5460 2880 5516 παῦσαι
2904 5459 3040 5514 Θεοῦ
3067 5459 3162 5512 καὶ
3189 5457 3394 5530 σαρκὸς
3415 5456 3760 5527 δογματίζων

2181 5555 2284 5626 τὴν
2311 5553 2434 5608 καθ’
2464 5555 2763 5608 ὑπόστασιν
2789 5553 2987 5606 ἕνωσιν
3006 5567 3022 5582 ·
3080 5549 3330 5620 ἀλλήλων
3353 5550 3464 5621 γάρ
3492 5552 3632 5604 εἰσιν
3662 5551 3758 5602 ἀνα

2182 5644 2456 5714 αιρετικαὶ
2501 5645 2536 5716 ἡ
2568 5644 2843 5712 ὲνοίκησις
2873 5641 2966 5697 καὶ
2994 5643 3030 5713 ἡ
3060 5641 3183 5694 καθ’
3211 5641 3515 5695 ὑπόστασιν
3546 5641 3753 5710 φυσικὴ

2181 5736 2396 5801 ἓνωσις.
2475 5737 2538 5790 Εἰ
2598 5736 2935 5808 ὑποστατικὴ
2983 5736 3197 5803 λέγοιτο
3249 5734 3344 5787 καὶ
3396 5733 3430 5803 ἡ
3480 5733 3757 5803 ὲνοίκησις

2181 5831 2349 5900 ἦγουν
2379 5829 2454 5894 ὡς
2480 5831 2830 5895 ὑποστάσεως
2859 5830 2940 5894 εἰς
2972 5829 3272 5883 ὑπόστασιν
3303 5825 3644 5894 ἐνοικούσης,
3669 5823 3754 5878 όν·

2180 5936 2287 5983 τως
2319 5920 2424 5990 φής
2442 5937 2457 5952 '
2512 5918 2701 5991 ὥσπερ
2729 5919 2822 5973 καὶ
2855 5920 2948 5974 ἐπὶ
2975 5917 3084 5974 τῶν
3109 5916 3232 5973 καθ’
3255 5914 3426 5980 αὑτὰς
3456 5915 3555 5987 μὲν
3577 5914 3753 5983 ὕπαρ-ι
