4032 6522
266 406 288 471 1
300 408 406 474 505

1258 404 1659 468 ADVERSUS
1699 401 2248 464 NESTORIANOS.
2279 426 2349 437 -···
2376 401 2523 462 LIB.
2571 401 2617 460 I.

3408 388 3553 463 1506'

264 520 479 595 χουσῶν
524 519 753 573 πλακῶν
795 516 890 572 τοῦ
934 517 1100 589 νόμου
1138 517 1661 589 ίδιοπεριγράπτως,
1692 531 1854 584 περι-

1984 512 2121 566 atim
2177 520 2309 566 sunt
2354 509 2656 580 inscriptae,
2718 507 2813 565 sed
2874 506 3037 563 simul
3092 507 3147 561 in
3185 520 3311 561 arca
3367 507 3551 562 conti-

266 609 703 684 λαμϐανομένων
734 609 792 663 δέ
825 608 1093 663 πάντοθεν
1128 607 1236 660 ὑπὸ
1265 609 1364 678 τῆς
1392 604 1631 661 κιϐωτοῦ
1653 645 1668 671 ,
1707 604 1851 676 ἔχει.

271 704 331 757 El
385 702 443 756 δέ
504 701 738 771 ούσιακῇ
794 698 993 752 ἐνώσει
1043 696 1375 769 καθορῶμεν
1431 696 1533 768 τὴν
1583 697 1859 766 ἐνοίκησιν

267 795 460 862 ὥσπερ
506 797 536 849 6
576 792 752 864 λέγων
788 792 920 863 περὶ
954 791 1055 861 τῆς
1089 791 1289 844 ἐαυτοῦ
1316 788 1522 861 ψυχῆς,
1558 788 1640 842 ὅτι
1668 786 1859 857 ἐξῆλθε

270 889 367 943 καὶ
414 886 659 958 ἀπῆλθεν
706 886 803 940 ἀπ’
835 883 970 956 ἐμοῦ
1022 883 1215 955 ῶσπερ
1260 884 1289 937 6
1331 880 1620 937 καταλύων
1651 878 1860 950 σκηνὴν

270 983 484 1054 πήξας,
530 981 645 1046 πῶς
677 980 953 1036 κωλύεται
985 983 1019 1051 ἡ
1051 982 1175 1036 καθ’
1206 980 1509 1035 ὑπόστασιν
1540 978 1735 1040 ἕνωσις
1767 975 1862 1029 ἐπὶ

283 1072 533 1137 Ἐζεκίου
581 1070 853 1136 νοεῖσθαι,
910 1070 1133 1140 φύσεως
1168 1070 1330 1140 φύσει
1364 1066 1725 1134 ἐνοικούσης;
1762 1064 1860 1119 άν-

273 1164 495 1237 θρωπος
541 1163 598 1218 δὲ
651 1163 748 1217 καὶ
798 1160 939 1233 σὰρξ
988 1163 1017 1215 ό
1065 1162 1195 1226 Υίὺς
1246 1161 1343 1215 καὶ
1374 1161 1549 1227 Λόγος
1587 1154 1684 1210 τοῦ
1723 1153 1862 1209 Θεοῦ

276 1257 395 1322 πῶς
422 1256 661 1326 λέγεται,
684 1256 763 1327 τῷ
788 1255 889 1325 τῆς
911 1255 1246 1326 ἐνοικήσεως
1271 1252 1461 1315 ἁπλῶς
1484 1250 1675 1321 Λόγῳς
1706 1250 1736 1303 ό
1754 1246 1864 1320 γὰρ

277 1348 525 1414 ἐνοικῶν,
556 1348 618 1401 οὑ
643 1348 743 1418 τῆς
768 1346 864 1400 τοῦ
891 1346 1278 1416 ἐνοικουμένου
1312 1342 1687 1414 προσηγορίας
1715 1340 1866 1412 εὑρί-

279 1457 475 1495 σκεται
504 1440 733 1511 Κύριος.

861 1549 1116 1606 ΚΕΦΑΛ.
1138 1546 1272 1604 MZ'.

353 1671 416 1723 Εἰ
439 1669 531 1724 τὸν
561 1666 972 1737 παντοδύναμον
1020 1663 1181 1735 φύσει
1219 1661 1394 1733 Λόγον
1430 1661 1528 1717 καὶ
1552 1660 1857 1733 ἀναμάρτησ

278 1783 371 1820 τον
397 1762 653 1818 κοινωνὸν
680 1762 839 1833 ἔσχεν
872 1760 906 1831 ἡ
947 1757 1086 1832 σὰρξ
1105 1758 1207 1829 τῆς
1242 1757 1379 1821 ἰδίας
1415 1755 1722 1827 ὑπάρξεως,
1751 1753 1871 1818 πῶς

1960 613 2188 659 nentur.
2246 603 2305 659 Si
2341 612 2527 658 autem
2577 600 2918 657 conferimus
2964 598 3313 655 substantiali
3358 597 3555 652 unioni

1960 697 2447 760 inhabitationem,
2506 694 2653 749 sicut
2677 694 2773 763 qui
2822 694 2892 749 de
2938 709 3036 750 sua
3062 693 3245 748 anima
3285 690 3420 746 dicit
3447 708 3461 746 :
3487 706 3555 746 ex

1960 807 2050 847 me
2108 791 2247 846 exiit
2305 798 2363 845 ct
2399 787 2639 843 excessit
2665 787 2825 856 quasi
2850 787 2944 856 qui
2977 786 3393 841 tabernaculum
3421 799 3558 839 con-

1960 882 2211 939 volutum
2264 880 2401 950 ligat
2434 896 2448 933 :
2478 878 2615 948 quid
2671 877 2994 947 prohibebit
3033 877 3167 946 quin
3205 876 3263 931 in
3318 875 3557 931 Ezechia

1962 971 2271 1029 secundum
2309 983 2604 1040 personam
2652 967 2784 1021 unio
2815 967 3167 1037 concipiatur
3197 976 3260 1022 ut
3290 967 3559 1022 habitatio

1963 1073 2177 1120 natura:
2214 1063 2269 1118 in
2308 1061 2552 1117 natura?
2600 1059 2892 1127 Quomodo
2949 1059 3168 1113 ratione
3199 1058 3561 1115 habitationis

1963 1155 2295 1226 simpliciter
2328 1153 2536 1209 dicitur
2568 1152 2735 1207 homo
2786 1160 2843 1206 et
2875 1166 3026 1215 caro,
3058 1151 3303 1206 Verbum
3332 1152 3427 1206 Dei
3467 1151 3561 1206 Fi-

1964 1250 2126 1306 lius?
2173 1248 2279 1315 Qui
2323 1247 2473 1302 enim
2532 1244 2827 1312 inhabitat,
2884 1260 2996 1301 non
3035 1254 3121 1301 est
3162 1246 3430 1301 Dominus
3463 1260 3565 1301 no-

1967 1339 2138 1396 minis
2177 1337 2331 1394 illius
2379 1336 2438 1392 in
2486 1351 2599 1407 quo
2647 1344 2756 1392 est.
3496 1317 3504 1325 ’

2561 1560 2716 1618 CAP.
2761 1559 2971 1618 XLVII.

2043 1677 2102 1735 Si
2137 1687 2334 1734 natura
2357 1677 2712 1748 omnipotens
2731 1684 2787 1731 et
2812 1677 2884 1730 im
2892 1676 3173 1747 peccabile
3188 1678 3431 1734 Verbum
3452 1692 3567 1734 suae

1974 1772 2311 1828 cxsistentiaz
2343 1770 2556 1826 socium
2612 1769 2809 1823 habuit
2854 1784 3008 1835 caro,
3036 1769 3318 1838 quomodo
3351 1770 3568 1826 dicetur

281 1855 421 1926 α’ὑτη
457 1852 524 1907 ἂν
558 1852 645 1924 εἴη
693 1850 1080 1923 ἀναμάρτητος
1127 1847 1427 1919 λεγομένη;
1480 1846 1515 1919 ἢ
1566 1846 1700 1901 ποία
1743 1846 1867 1918 νίκη

1984 1863 2097 1933 ipsa
2120 1858 2522 1931 impeccabilis?
2542 1859 2627 1913 vel
2652 1874 2904 1928 quaenam
2925 1860 3043 1930 ejus
3069 1859 3295 1915 victoria
3316 1862 3382 1917 de
3399 1861 3565 1927 malo,

279 1947 443 2020 τῆσδε
471 1945 621 2018 ,πρὸς
681 1943 779 2016 τὴν
807 1944 1008 1998 κακίαν
1035 1941 1237 1996 τοιόνδε
1266 1939 1538 2011 λαϐούσης
1561 1938 1777 2011 βοηθὸν,
1811 1939 1869 1992 ὃν

280 2041 405 2095 οὐδὲ
435 2039 552 2093 ἐστι
581 2039 903 2109 νικηθῆναι;
933 2035 1089 2090 τοῦδε
1120 2035 1229 2107 γὰρ
1264 2034 1331 2089 ἂν
1361 2034 1456 2088 καὶ
1488 2033 1548 2087 οὑ
1578 2032 1746 2103 τῆσδε
1783 2033 1868 2103 εῐη

281 2134 344 2187 τὸ
366 2132 722 2205 κατόρθωμα.
746 2124 895 2201 τΛρα
928 2124 1023 2183 οὖν
1052 2129 1101 2182 oi
1131 2126 1452 2190 πεποιθότες
1495 2128 1589 2180 ἐπὶ
1617 2128 1686 2197 τῇ
1712 2125 1872 2180 δυνά·
1895 2166 1900 2171 .

287 2245 380 2299 μει
436 2225 615 2280 αὑτῶν
649 2223 746 2278 καὶ
782 2222 876 2276 ἐπὶ
902 2222 982 2293 τῷ
1029 2220 1228 2292 πλήθει
1275 2219 1372 2273 τοῦ
1407 2217 1641 2272 πλούτου
1688 2217 1872 2272 αὑτῶν

283 2318 634 2392 καυχώμενοι
663 2318 763 2372 ούκ
796 2313 1264 2388 ἐξομολογήσεσθε
1296 2314 1393 2368 σὺν
1431 2315 1564 2386 ἡμῖν
1592 2313 1674 2366 ὅτι
1721 2311 1875 2368 ἀδελ⁸

285 2416 386 2484 φὺς
414 2414 475 2468 οὑ
529 2410 844 2485 λυτροῦται,
876 2409 1000 2463 οὑδὲ
1048 2406 1389 2481 λυτρώσεται
1432 2405 1751 2476 άνθρωπος;
1781 2406 1875 2459 καὶ

285 2505 369 2560 ὅτι
396 2505 496 2559 οὑκ
536 2505 594 2557 ἐν
629 2503 773 2574 ίσχύῖ
804 2500 998 2555 ἐαυτοῦ
1032 2498 1255 2562 δυνατὸς
1305 2497 1467 2570 ἀνὴρ,
1506 2496 1643 2552 ἀλλὰ
1670 2495 1876 2566 Κύριος

287 2600 491 2670 ἀσθενῆ
516 2600 737 2670 ποιήσει
783 2596 875 2649 τὸν
922 2596 1195 2651 ἀντίδικον
1228 2592 1397 2648 αὑτοῦ
1433 2590 1639 2663 Κύριος
1683 2589 1873 2658 ἅγιοςο

289 2693 585 2757 ἀκούσατε,
608 2685 653 2745 ὦ
680 2682 849 2755 οὗτοι,
882 2688 977 2743 τοῦ
999 2688 1275 2758 λέγοντος·
1301 2686 1394 2756 Μὴ
1418 2682 1719 2756 καυχάσθω
1742 2684 1770 2737 6
1800 2685 1879 2737 ίσ-

289 2785 456 2858 χυρός
486 2786 544 2838 ἐν
569 2785 637 2855 τῇ
670 2780 815 2853 ἰσχύϊ
840 2779 1009 2834 αὑτοῦ
1032 2795 1046 2811 ⁸
1098 2781 1193 2834 καὶ
1229 2778 1403 2847 γνῶτε
1436 2777 1520 2830 ὃτι
1545 2775 1607 2829 τὸ
1638 2774 1761 2828 καθ’
1782 2773 1881 2827 αὑ-

288 2878 389 2949 τὴν
415 2875 695 2948 ἁμαρτίας
730 2873 1100 2943 κατακρατεῖν
1137 2870 1485 2941 ἀϐοηθήτως,
1518 2866 1734 2938 φύσεώς
1765 2866 1881 2919 ἐστι

295 2971 466 3041 μόνης
512 2969 612 3039 τῆς
670 2967 1100 3037 ἀναμαρτήτου·
1142 2949 1360 3037 καθ’ἥν
1397 2964 1447 3017 εἰ
1493 2963 1712 3034 εἴημεν,
1770 2961 1883 3016 θεοὶ

293 3065 463 3119 πάλαι
493 3062 558 3117 ἂν
585 3061 738 3124 ὄντες
771 3059 1116 3131 ἐδείχθημεν.
1182 3057 1455 3127 Πταιστῆς
1504 3055 1563 3109 δὲ
1593 3055 1743 3119 ὅντες
1782 3054 1884 3124 φύ-

1974 1969 2098 2024 quae
2130 1952 2296 2008 talem
2342 1949 2545 2004 habuit
2574 1949 2884 2021 adjutorem
2913 1950 3009 2020 qui
3040 1952 3189 2007 vinci
3212 1967 3324 2006 non
3352 1953 3570 2024 possit?

1973 2044 2043 2099 ad
2074 2044 2254 2108 illum,
2284 2057 2396 2097 non
2421 2050 2605 2097 autem
2635 2042 2702 2096 ad
2731 2058 2851 2096 eam
2881 2043 3184 2113 pertineret
3208 2044 3331 2098 laus
3366 2047 3565 2099 omnis.

1974 2134 2170 2189 Nonne
2195 2130 2290 2201 qui
2322 2132 2377 2185 in
2407 2146 2505 2187 sua
2531 2140 2803 2201 potestate
2834 2133 3115 2187 conﬁditis
3138 2142 3196 2188 et
3224 2134 3281 2187 in
3315 2133 3569 2189 multitu-

1978 2225 2110 2279 dine
2185 2223 2502 2279 divitiarum
2565 2239 2788 2278 suarum
2870 2225 3182 2294 gloriamini
3230 2226 3569 2282 :nobiscum

1976 2313 2343 2372 cofitebimini
2385 2312 2533 2382 quod
2564 2296 2739 2368 frater
2772 2329 2883 2367 non
2924 2314 3168 2381 redimit,
3202 2330 3307 2370 nec
3336 2316 3573 2373 redimet

1977 2410 2183 2464 homo?
2204 2408 2273 2463 Et
2293 2407 2442 2477 quod
2466 2422 2577 2461 non
2602 2421 2699 2461 sua
2722 2405 3048 2462 fortitudine
3066 2418 3263 2478 potens
3279 2419 3365 2465 est
3382 2409 3570 2476 homo,

1978 2502 2077 2557 sed
2102 2500 2251 2571 quod
2270 2500 2538 2554 Dominus
2562 2498 2820 2554 infirmus
2838 2498 3005 2554 faciet
3029 2499 3413 2557 adversarium
3430 2502 3573 2573 ejus,

1979 2593 2251 2647 Dominus
2280 2599 2524 2656 sanctus,
2582 2590 2739 2645 audit
2788 2590 3064 2645 dicentem
3105 2609 3120 2645 :
3168 2608 3279 2647 non
3308 2590 3575 2664 glorietur

1980 2686 2143 2742 fortis
2198 2686 2257 2741 in
2307 2684 2637 2741 fortitudine
2687 2701 2825 2752 sua;
2876 2694 2935 2741 et
2965 2686 3167 2742 scitote
3216 2690 3365 2759 quod
3413 2706 3481 2746 ex
3513 2706 3575 2746 sc

1983 2778 2100 2849 ipsa
2133 2780 2261 2835 sine
2290 2776 2573 2849 adjutorio
2595 2777 2947 2848 iniquitatem
2978 2795 3313 2850 superares;
3348 2798 3460 2837 non
3501 2784 3575 2838 sit

1984 2873 2093 2928 nisi
2124 2881 2334 2927 natura).
2358 2871 2759 2942 impeccabilis.
2783 2888 2949 2942 quam
2980 2874 3026 2928 si
3050 2874 3405 2941 haberemus,
3434 2876 3579 2933 Deos

1984 2978 2107 3019 esse
2132 2962 2244 3035 jam
2276 2962 2493 3032 pridem
2533 2977 2635 3017 nos
2669 2956 2968 3018 constaret.
2997 2963 3207 3019 Labilis
3235 2972 3417 3019 autem
3447 2980 3577 3021 cum

1987 3057 2161 3113 simus
2187 3063 2399 3109 naturae
2431 3062 2574 3109 eteo
2600 3053 2722 3124 ipso
2755 3054 2919 3110 facile
2941 3054 3168 3111 obnoxii
3202 3057 3427 3113 insidiis
3456 3059 3579 3130 ejus

295 3174 455 3221 σεως,
487 3154 583 3209 καὶ
633 3152 889 3208 ἐντεῦθεν
921 3150 1365 3205 εύεπιϐούλευτοι
1412 3146 1759 3212 καθεστῶτες
1806 3145 1878 3218 τῷ

1988 3146 2085 3217 qui
2112 3160 2214 3201 nos
2240 3151 2417 3201 tentat
2436 3144 2490 3198 in
2514 3154 2804 3214 peccatum
2828 3145 3116 3213 inducere,
3148 3163 3288 3218 opus
3308 3149 3581 3206 habemus

297 3248 613 3320 πειράζοντι
650 3246 747 3301 καὶ
797 3246 877 3308 εἰς
899 3243 1000 3316 τὴν
1039 3242 1291 3314 ἐνεργείᾳ
1342 3240 1617 3313 ἁμαρτίαν
1646 3238 1878 3295 κατασύ-

1986 3238 2276 3311 potestatis
2305 3238 2594 3309 cujusdam
2623 3255 2745 3309 quae
2782 3249 2986 3297 nostrae
3040 3251 3253 3298 natura;
3290 3244 3583 3301 imbecilli-

297 3359 469 3413 ροντι,
531 3338 776 3394 εὑκολοιο
825 3335 1112 3407 δυνάμεώς
1151 3352 1295 3399 τινος
1327 3333 1757 3407 ἐμφωλευούσης
1814 3333 1881 3405 τῇ

296 3432 571 3505 ἀδυναμίᾳ
599 3432 700 3501 τῆς
724 3432 1000 3502 ἡμετέρας
1029 3427 1243 3499 φύσεως
1262 3426 1544 3497 ἐδεόμεθα,
1566 3426 1656 3480 ἵνα
1677 3425 1753 3497 μὴ
1786 3442 1885 3478 κα-

298 3522 825 3589 ταδυναστευθῶμεν
866 3522 994 3575 ιὺπδ
1022 3520 1140 3592 ’τῆς
1192 3518 1580 3589 ἀντικειμένης
1608 3517 1740 3586 ἡμῖν
1766 3515 1887 3568 ἐπι-

300 3615 494 3670 ϐούλου
550 3613 856 3686 δυνάμεως,
895 3614 930 3685 ἦ
983 3630 1066 3677 τις
1114 3611 1196 3684 τῷ
1247 3611 1460 3682 κέντρῳ
1507 3608 1600 3663 τοῦ
1652 3608 1885 3662 θανάτου

301 3709 469 3780 ἦγουν
508 3709 575 3778 τῇ
620 3706 868 3777 ἁμαρτίᾳ
915 3705 1066 3775 ἡμᾶς
1088 3702 1573 3772 ἐπικεντρίζουσα,
1633 3698 1888 3770 θνήσκειν

301 3801 476 3854 ἐποίει
525 3800 622 3855 καὶ
667 3799 768 3869 τῆς
801 3795 1104 3861 ἀθανασίας
1156 3794 1406 3864 ἐστέρει·
1439 3791 1535 3846 καὶ
1587 3790 1747 3845 τοῦτο
1788 3789 1890 3843 οὑκ

302 3893 587 3965 ἐξωτέρως
616 3909 737 3954 πως
772 3891 874 3961 τῆς
918 3889 1128 3953 οὐσίας,
1167 3887 1291 3942 οὑδὲ
1324 3884 1710 3959 προσκαίρωςο
1754 3883 1890 3937 ἀθά-

303 3985 464 4048 νατός
493 4001 553 4039 τε
600 3983 710 4054 γὰρ
765 3984 794 4037 6
825 3980 1059 4054 εὑρετὴς
1085 3978 1197 4049 τῆς,
1238 3978 1443 4042 κακίας
1473 3972 1629 4041 οὗτος
1657 3976 1753 4031 καὶ
1780 3976 1891 4030 τῶν

305 4076 544 4149 καρδιῶν
578 4076 735 4147 ἡμῶν
773 4073 953 4128 αὑτῶν
1007 4070 1431 4143 ἐμϐατευτικός⁸
1460 4070 1557 4140 τῆς
1588 4068 1803 4139 φύσεώς
1832 4085 1892 4122 τε

306 4169 476 4239 αὐτῆς
497 4170 629 4239 ἡμῖν
661 4160 729 4237 ἦν
758 4166 792 4236 ἡ
823 4163 1105 4219 ἀσθένεια.
1141 4162 1382 4224 Εἰκότως
1419 4156 1512 4215 οὑν
1545 4163 1611 4232 τῇ
1643 4177 1704 4213 τε
1734 4159 1893 4228 φύσει

307 4260 469 4332 ἡμῶν
501 4260 535 4330 ἠ
564 4259 702 4331 πρὸς
734 4255 1082 4328 δικαιοσύνην
1102 4254 1467 4327 δυναμοποιὺς
1504 4254 1601 4308 καὶ
1627 4254 1896 4324 σωτήριος

1988 3340 2157 3388 tatem
2186 3331 2443 3403 Tadjuvet,
2490 3347 2560 3386 ne
2618 3331 2963 3390 insidiatoris
3001 3335 3364 3406 subjiciamur
3426 3349 3584 3409 pote-

1988 3423 2146 3491 stati,
2200 3437 2324 3492 quae
2376 3420 2576 3476 mortis
2622 3421 2873 3489 stimulo,
2926 3423 2979 3478 id
3024 3434 3130 3491 est,
3179 3436 3427 3496 peccato,
3482 3443 3585 3485 nos

1988 3532 2239 3589 pungens
2279 3530 2384 3571 nos
2436 3514 2580 3570 mori
2616 3514 2856 3571 faciebat
2903 3526 2961 3572 et
3007 3517 3428 3579 immortalitate
3467 3524 3586 3595 pri-

1988 3609 2175 3676 vabat,
2203 3623 2315 3663 non
2340 3617 2528 3663 autem
2568 3609 2810 3679 quodam
2842 3611 3009 3667 modo
3040 3612 3195 3670 foras
3232 3616 3584 3683 substantiae,

1990 3702 2089 3758 sed
2112 3716 2295 3772 neque
2320 3709 2668 3772 Opportune;
2697 3702 3029 3759 immortalis
3046 3706 3195 3760 enim
3223 3717 3308 3763 est
3336 3709 3427 3765 ille
3457 3711 3586 3768 mali

1992 3795 2253 3849 inventor
2304 3800 2363 3848 et
2414 3791 2671 3847 cordium
2719 3803 3037 3850 nostrorum
3077 3796 3319 3865 invasor,
3375 3811 3589 3859 natura:

1992 3898 2179 3943 autem
2232 3894 2438 3941 nostrae
2476 3887 2700 3957 propria
2754 3898 2877 3943 erat
2929 3888 3253 3957 infirmitas;
3291 3894 3419 3963 jure
3454 3911 3587 3966 ergo

1993 3993 2051 4040 et
2102 3983 2305 4039 merito
2331 3993 2550 4038 naturae
2583 3991 2787 4038 nostrae
2819 3982 2974 4039 unita
3020 3991 3105 4038 est
3144 3993 3340 4040 natura
3360 3986 3589 4056 justitiae

1995 4085 2197 4147 potens
2248 4083 2305 4131 et
2350 4074 2632 4139 salutaris,
2669 4075 2728 4129 in
2776 4090 2941 4130 unam
2974 4090 3128 4131 suam
3162 4090 3459 4146 personam
3488 4094 3591 4139 nos

1996 4167 2296 4237 recipiens,
2328 4181 2399 4221 ne
2446 4165 2501 4220 in
2536 4174 2787 4221 naturam
2830 4174 3097 4232 nostram,
3132 4168 3243 4238 jam
3276 4168 3421 4224 intra
3450 4186 3591 4241 pcr-

1997 4276 2188 4316 sonam
2243 4259 2394 4313 illam
2430 4258 2725 4323 inclusam,
2769 4273 2881 4313 non
2911 4258 3088 4328 possit
3136 4259 3590 4317 seintromittere

307 4354 472 4424 φύσις
524 4352 865 4421 συνεπλάκη,
924 4352 1005 4415 εἰς
1049 4350 1180 4421 μίαν
1228 4349 1531 4403 ὑπόστασιν
1565 4348 1665 4417 τὴν
1694 4346 1878 4416 ἐαυτῆς

1998 4350 2176 4407 hostis
2209 4358 2424 4415 noster,
2474 4350 2527 4404 ei
2559 4349 2929 4419 personaliter
2960 4351 3199 4420 quodam
3234 4352 3400 4407 modo
3433 4353 3597 4407 inha-

307 4443 459 4515 ἡμᾶς
491 4440 581 4495 διά
616 4441 714 4511 τῆς
740 4440 997 4512 ἀπαρχῆς
1025 4438 1479 4512 προσλαϐομένψ
1522 4437 1599 4500 ὡς
1634 4438 1701 4492 ἂν
1757 4440 1878 4509 μήτε

1999 4444 2205 4507 bitans,
2231 4449 2291 4496 ut
2325 4441 2629 4497 etiamnum
2661 4441 2717 4495 in
2736 4442 3149 4511 energumenis,
3189 4456 3331 4497 neve
3382 4442 3599 4497 nudam

308 4537 606 4609 ἐνδοτέρως
647 4534 809 4607 τῆσδε
860 4537 939 4598 είς
993 4533 1093 4606 τὴν
1140 4533 1305 4603 φύσιν
1353 4534 1513 4604 ήμῶν
1569 4532 1878 4604 ἐμϐατεύειι

2001 4548 2288 4604 nunquam
2344 4533 2590 4604 reperiat
2637 4542 2885 4593 nostram
2918 4540 3196 4596 naturam,
3248 4533 3303 4587 in
3334 4546 3400 4587 ea
3431 4533 3591 4587 habi-

308 4629 422 4701 ἔχοι
455 4631 485 4683 6
512 4626 705 4699 ἐχθρὸς
730 4627 854 4682 καθ’
890 4626 1193 4680 ὑπόστασιν
1234 4625 1587 4696 ἐγγινόμενός
1614 4641 1765 4689 πωςο
1806 4621 1878 4680 οἷα

2005 4637 2157 4684 tante
2180 4626 2433 4682 custodis
2465 4625 2643 4681 nostri
2677 4639 2933 4694 persona,
2966 4639 3089 4693 quae
3118 4632 3318 4679 natura
3355 4634 3441 4680 est
3467 4626 3604 4682 dia-

308 4723 451 4779 κάπὶ
478 4721 588 4776 τῶν
625 4719 1039 4792 ἐνεργουμένων
1071 4719 1233 4790 μέχρι
1267 4717 1384 4785 νῦν,
1415 4719 1552 4789 μήτε
1579 4718 1772 4791 καιρὸν
1800 4736 1878 4789 γυ¹

2005 4722 2135 4778 bolo
2180 4730 2239 4776 et
2268 4727 2496 4790 peccato
2520 4728 2577 4774 et
2604 4717 2767 4773 morti
2807 4717 3108 4787 impervia:
3142 4718 3235 4773 illa
3283 4718 3452 4790 igitur
3483 4720 3592 4776 hu-

312 4817 575 4887 μνώσεως
600 4814 701 4881 τῆς
737 4812 1014 4883 ἡμετέρας
1045 4810 1196 4883 εὖροι
1231 4811 1362 4866 ποτὲ
1404 4810 1643 4882 φύσεως,
1667 4813 1726 4866 ἐν
1759 4811 1878 4885 αὐτῇ

2005 4814 2273 4870 manitate
2327 4811 2606 4883 propriam
2661 4825 2819 4865 suam
2880 4824 3106 4865 carnem
3173 4804 3603 4882 impeccabileuu

313 4907 688 4979 ὑφεστηκυίας
742 4906 809 4975 τῇ
848 4902 945 4958 τοῦ
1002 4903 1241 4972 φύλακος
1284 4903 1444 4975 ἡμῶν
1483 4904 1805 4969 ὑποστάσει,
1861 4906 1878 4959 i

2004 4904 2169 4970 fecit;
2221 4910 2279 4957 et
2322 4909 2644 4973 peccatores
2699 4899 2751 4954 ei
2804 4899 3326 4968 consubstantiales,
3371 4902 3466 4958 hic
3492 4902 3604 4958 im-

312 5002 432 5053 ἐστι
460 4997 622 5068 φύσει
675 4995 752 5068 τῷ
788 5012 852 5049 τε
902 4993 1137 5065 διαϐόλῳ
1167 4995 1262 5048 καὶ
1290 4999 1359 5068 τῇ
1406 4997 1652 5071 ἁμαρτίᾳ
1697 4999 1794 5053 καὶ
1821 4999 1878 5071 τίι

2005 4995 2389 5069 peccabilitate
2449 4991 2758 5063 spiritualis
2815 4992 3131 5048 sanctitatis
3187 5000 3243 5049 et
3303 4993 3360 5048 in
3406 4992 3598 5050 futuro

312 5090 531 5161 θανάτῳ
567 5087 898 5152 ἀνεπίϐατος
918 5103 934 5118 ’
962 5087 1030 5157 τῇ
1059 5084 1240 5157 τοιᾷδε
1273 5082 1366 5139 οὑν
1414 5086 1685 5157 ὑπερφυεῖ
1712 5085 1878 5155 φιλαν

2006 5104 2192 5146 secum
2215 5085 2702 5156 impeccabilitatis
2723 5084 2968 5155 perfecta
2995 5084 3246 5141 donavit.
3292 5087 3463 5142 Deum
3491 5089 3613 5160 ἰδίει

313 5186 536 5259 θρωπίᾳ
586 5184 687 5256 τὴν
745 5181 881 5238 ίδίαν
915 5181 1096 5253 σάρκα
1126 5179 1513 5251 ἀναμάρτητον
1554 5180 1861 5252 κατέστησε

2006 5195 2097 5238 tur
2116 5180 2380 5243 Verbum,
2408 5178 2559 5249 quod
2586 5179 2668 5235 sic
2694 5178 2860 5235 nobis
2910 5177 3352 5250 redemptionem
3386 5181 3613 5240 invenit:

314 5277 411 5330 καὶ
451 5275 577 5339 τοὺς
608 5272 931 5346 όμοουσίους
969 5271 1107 5342 αὐτῇ
1143 5268 1525 5339 ἁμαρτωλοὺς,
1550 5268 1741 5324 ἐνθάδε
1800 5270 1878 5342 τῆς

2002 5283 2266 5333 aeternam
2312 5272 2706 5345 gloriﬁcamus.

314 5364 702 5435 ἀναμαρτήτου
775 5360 1159 5432 πνευματικῆς
1201 5356 1530 5423 οὑσιὼσεως,
1580 5360 1638 5413 ἐν
1688 5359 1767 5432 τῷ
1832 5361 2079 5433 μέλλοντι
2134 5366 2232 5420 σὺν
2282 5364 2457 5435 αὐτῇ,
2509 5363 2746 5435 ¹ίῑξίωσεν
2799 5362 3145 5436 ἀπεράντως.
3198 5365 3267 5420 '0.
3311 5362 3405 5424 οὖν
3466 5368 3612 5433 Θεὸς

319 5464 492 5532 Λόγος
514 5462 741 5516 αίωνίαν
774 5462 908 5533 ἡμῖν
939 5459 1212 5531 λύτρωσιν
1261 5459 1565 5530 εὑράμενος
1593 5461 1768 5529 οὑτως
1814 5465 2119 5533 δοξάζεται.

898 5575 1153 5629 ΚΕΦΛΆ.
1190 5574 1332 5630 MH'.

393 5688 504 5742 Καὶ
536 5687 655 5742 τόδε
683 5688 746 5757 δὴ
775 5689 904 5751 ἴσως
935 5688 1002 5742 ἂν
1033 5691 1165 5761 ἡμῖν
1220 5690 1558 5763 ἀπορήσοιεν
1596 5692 1644 5745 οξ
1682 5691 1780 5763 τὴν
1804 5693 1897 5748 τοῦ

318 5780 493 5849 Λόγου
518 5780 655 5853 πρὸς
677 5780 776 5851 τὴν
808 5780 988 5851 σάρκα
1016 5780 1213 5835 ἕνωσιν
1243 5781 1421 5855 ἀληθῆ
1451 5782 1575 5837 καθ’
1603 5783 1903 5838 ὑπόστασιν

321 5871 666 5943 ἀρνούμενοι.
691 5912 705 5930 .
722 5913 737 5928 .
764 5874 830 5927 ἂν
852 5872 1082 5943 ἄπειρον
1113 5875 1273 5943 φύσει
1301 5877 1453 5948 παρὰ
1488 5876 1549 5932 τὸ
1572 5877 1754 5947 φύσει,
1779 5875 1903 5931 καθ’

2591 5576 2746 5633 CAP.
2789 5576 3027 5635 XLVIII.

2080 5698 2150 5753 Et
2198 5699 2303 5755 hoc
2338 5697 2523 5755 forsan
2577 5695 2741 5753 nobis
2804 5706 3075 5769 reponent
3116 5696 3216 5766 qui
3252 5695 3428 5753 Verbi.
3470 5708 3605 5750 cum

2011 5803 2179 5843 carne
2264 5803 2451 5844 veram
2538 5788 2847 5845 secundum
2934 5802 3230 5860 personam
3327 5794 3603 5855 respuunt

2016 5879 2400 5937 unionem.....
2429 5889 2630 5938 natura
2660 5882 2965 5949 infinitum,
3000 5888 3200 5952 praeter
3232 5877 3380 5949 quod
3404 5886 3607 5935 natura
