3916 6494
409 393 544 472 1507

1640 385 1956 448 LEONTII
1995 384 2366 446 BYZANTIN
2374 386 2399 445 Ι

3524 378 3548 436 1
3559 376 3667 437 598

405 515 514 569 est,
562 503 869 561 secundum
930 515 1228 574 personam
1299 498 1450 555 uniri
1507 498 1872 569 impossibile.
1922 495 1981 550 Si

2097 495 2388 550 ὒπόστασιν
2412 493 2667 549 ένοῦσθαι
2695 492 2976 549 ἀδύνατον.
3012 489 3136 544 Εἴτε
3163 487 3274 558 γέρ
3301 485 3528 557 ἄπειρός
3545 485 3668 536 ἐστι

404 597 553 650 enim
586 592 801 649 inﬁnita
853 592 1024 647 estin
1064 599 1304 661 utroque
1352 603 1608 660 persona,
1640 604 1753 643 non
1801 595 1982 658 potest

405 684 644 748 ﬁnitum,
711 683 766 737 id
815 693 901 738 est
945 698 1098 747 caro,
1156 681 1212 736 in
1285 697 1408 736 eam
1463 690 1635 736 totam
1722 680 1982 750 penetra-

407 793 503 840 re;
578 778 625 832 si
703 786 890 833 autem
960 777 1136 842 ﬁnita,
1213 785 1388 831 totum
1467 775 1525 830 in
1585 790 1644 829 se
1704 773 1984 828 inﬁnitum

408 881 630 935 natura,
675 871 729 924 id
781 878 890 935 est,
936 872 1200 936 Verbum,
1259 871 1552 940 complecti
1617 885 1726 923 non
1781 876 1982 938 potest.

410 964 667 1032 Prompte
689 963 856 1033 igitur
879 971 937 1016 et
983 962 1050 1016 ad
1077 963 1194 1016 haec
1233 961 1678 1032 respondendum
1733 977 1747 1013 :
1805 961 1986 1030 primo

409 1060 632 1129 quidem
660 1061 894 1115 dicimus
929 1075 1149 1114 omnem
1186 1076 1479 1131 personam
1527 1037 1776 1130 propriis
1819 1057 1988 1112 ratio-

420 1149 592 1203 nibus
639 1149 710 1202 ab
757 1150 907 1203 omni
943 1164 1178 1218 persona
1215 1165 1312 1204 seu
1344 1149 1592 1221 ejusdem
1624 1165 1721 1204 seu
1755 1149 1988 1203 diversae

411 1238 616 1309 speciei
633 1239 951 1294 distinctam
966 1241 1198 1294 omnino
1213 1256 1336 1296 esse
1356 1241 1564 1294 ﬁnitam
1584 1258 1600 1305 ;
1627 1242 1673 1294 si
1692 1240 1823 1310 quid
1837 1239 1985 1294 enim

414 1327 658 1395 propriis
695 1328 954 1382 terminis
978 1343 1088 1382 non
1113 1328 1401 1392 deﬁnitur,
1424 1343 1530 1382 nec
1560 1328 1629 1382 ab
1646 1327 1840 1382 alienis
1874 1337 1988 1382 ter-

412 1419 576 1473 minis
609 1419 975 1486 discernitur;
1025 1421 1260 1490 ideoque
1296 1429 1494 1475 natura
1525 1419 1693 1475 Verbi
1722 1421 1778 1474 in
1814 1436 1874 1475 se
1907 1419 1992 1474 in-

413 1512 566 1566 ﬁmta
616 1529 728 1567 non
780 1520 966 1584 potest
1031 1513 1088 1567 in
1162 1528 1397 1583 persona
1456 1512 1814 1578 considerari,
1893 1512 1990 1568 sed

411 1618 592 1672 neque
623 1602 819 1667 Patris,
845 1618 1024 1673 neque
1057 1601 1298 1674 Spiritus
1345 1603 1518 1658 sancti
1550 1621 1563 1657 :
1591 1603 1686 1658 sed
1719 1603 1826 1657 erit
1858 1602 1991 1672 quid

416 1694 583 1762 plane
632 1692 913 1747 inﬁnitum
969 1701 1026 1748 et
1077 1694 1468 1764 impersonale,
1518 1709 1644 1748 cum
1678 1709 1786 1747 non
1817 1694 1994 1764 possit

415 1785 532 1838 suis
557 1783 866 1840 rationibus
906 1785 1147 1855 propriis
1195 1785 1424 1840 deﬁnita
1471 1801 1708 1856 persona
1740 1795 1990 1840 naturam

414 1875 887 1944 comprehendere
933 1876 1240 1931 secundum
1291 1876 1544 1948 proprias
1586 1877 1832 1932 rationes
1871 1877 1994 1930 inﬁ-

412 1964 608 2019 uitam.

483 2056 756 2112 Prmterea
804 2057 912 2111 alio
967 2057 1153 2121 modo,
1208 2057 1324 2112 Deo
1359 2056 1677 2129 adiuvante,
1733 2058 1995 2114 solvenda

411 2148 650 2216 quaestio
684 2148 752 2202 de
803 2148 1045 2206 inﬁnito.
1077 2150 1322 2204 Dicimus
1353 2150 1519 2222 igitur
1544 2150 1818 2205 inﬁnitum
1849 2152 1995 2206 mul-

415 2237 626 2293 timode
650 2237 762 2293 dici
790 2256 806 2293 :
838 2239 1044 2293 dicitur
1071 2239 1219 2293 enim
1247 2238 1524 2293 inﬁnitum
1559 2239 1862 2294 secundum
1898 2255 1996 2310 po-

417 2329 706 2394 sitionem,
754 2336 816 2383 ut
857 2337 943 2383 est
987 2329 1233 2383 circulus
1278 2345 1343 2383 ex
1394 2329 1562 2393 linea,
1593 2345 1735 2398 quze,
1787 2329 1993 2386 nullam

415 2420 633 2476 habens
663 2419 1039 2485 latitudinem,
1066 2419 1470 2490 longitudinem
1502 2419 1670 2476 habet
1699 2436 1809 2476 non
1847 2421 1995 2477 limi-

425 2522 618 2578 tatam,
684 2512 945 2567 omnibus
999 2511 1180 2566 oculis
1217 2511 1561 2581 imperviam,
1589 2522 1752 2568 etest
1783 2514 1838 2568 in
1879 2529 1998 2568 om-

415 2604 472 2657 ni
503 2619 606 2658 suo
646 2618 812 2657 cursu
842 2602 1130 2672 aequaliter
1159 2603 1391 2669 distans,
1422 2614 1496 2660 ita
1538 2612 1599 2659 ut
1641 2619 1823 2675 neque
1875 2607 1996 2676 ejus

419 2697 668 2760 initium,
699 2712 882 2766 neque
911 2696 1252 2766 ﬁnis,neque
1277 2697 1519 2752 medium
1537 2697 1774 2768 perspici
1799 2698 1991 2767 possit.

419 2791 634 2846 Dicitur
665 2805 886 2860 quoque
930 2789 1206 2844 inﬁnitum
1252 2790 1400 2860 quod
1429 2807 1666 2861 semper,
1699 2791 1754 2844 in
1774 2805 1833 2846 se
1867 2805 1998 2845 cou-

416 2897 665 2945 versum,
692 2890 951 2952 augetur,
985 2889 1046 2935 ut
1072 2891 1153 2937 est
1179 2897 1537 2936 numerorum
1569 2881 1952 2951 multiplicatio
1977 2901 1991 2936 :

417 2989 546 3028 cum
580 2973 729 3028 enim
757 2972 928 3027 millia
961 2973 1364 3040 numeraveris,
1394 2973 1595 3028 millies
1621 2973 1789 3028 millia
1815 2973 1997 3029 adhuc

417 3073 546 3120 sunt
589 3064 942 3128 numerandi,
973 3074 1029 3119 et
1067 3065 1266 3119 iterum
1297 3065 1498 3121 millies
1533 3065 1703 3121 millia
1737 3074 1792 3120 et
1817 3066 1997 3121 adhuc

419 3154 616 3222 millia,
638 3163 694 3210 et
713 3155 794 3210 sic
814 3155 870 3210 in
895 3155 1196 3210 inﬁnitum.
1219 3157 1462 3212 Dicimus
1484 3172 1703 3227 quoque
1721 3156 1996 3211 inﬁnitum
2022 3180 2067 3244 ρ

417 3247 568 3318 quod
585 3256 783 3302 natura
819 3262 1040 3317 semper
1067 3257 1153 3303 est
1181 3247 1481 3314 divisibile,
1517 3257 1576 3303 ut
1611 3257 1696 3305 est
1734 3257 1996 3320 punctum

416 3349 474 3394 et
502 3340 687 3394 unitas
715 3357 729 3394 :
757 3355 881 3409 quas
915 3338 1087 3394 dividi
1128 3340 1474 3410 concipimus
1520 3340 1575 3395 in
1615 3341 1752 3397 duas
1793 3353 1996 3412 partes,

417 3440 474 3486 et
501 3446 691 3486 earum
727 3431 1018 3485 dimidium
1054 3431 1109 3485 in
1155 3431 1371 3486 dimidii
1403 3432 1720 3500 dimidium,
1751 3444 1808 3490 et
1864 3434 2000 3489 illud

418 3521 586 3575 etiam
616 3520 670 3574 in
701 3520 784 3574 sui
815 3519 1132 3586 dimidium,
1186 3529 1245 3575 et
1286 3520 1366 3576 sic
1418 3521 1474 3575 in
1522 3521 1823 3589 inﬁnitum,
1875 3539 1999 3578 cum

418 3626 531 3666 non
567 3609 640 3664 sit
673 3609 822 3663 aliud
863 3625 1038 3680 genus
1089 3609 1268 3666 diviso
1320 3611 1554 3681 generi;
1613 3626 2000 3668 successurum

418 3720 487 3759 ex
513 3702 881 3773 productione
911 3701 1228 3767 divisionis,
1255 3711 1316 3757 ut
1341 3711 1428 3757 est
1456 3701 1580 3758 ﬁnis
1619 3703 1909 3760 divisionis
1945 3706 2001 3761 in

418 3793 586 3858 linea,
632 3791 687 3847 id
736 3800 843 3857 est,
878 3808 1006 3847 cum
1057 3793 1124 3846 ad
1159 3800 1429 3863 punctum
1459 3793 1632 3848 fuerit
1676 3803 2000 3864 perventum

419 3892 476 3941 et
507 3886 564 3940 in
609 3901 869 3951 numero,
919 3885 986 3939 ad
1037 3886 1347 3950 unitatem;
1390 3899 1501 3939 non
1547 3886 1659 3956 jam
1710 3887 1858 3941 enim
1917 3896 2003 3943 est

419 3992 691 4031 numerus
745 3985 869 4046 post
897 3975 1248 4031 divisionem.
1277 3975 1489 4030 Dicitur
1508 3977 1676 4030 etiam
1702 3977 2000 4045 inﬁnitum,

420 4067 598 4138 quod,
634 4077 871 4137 propter
900 4066 1228 4136 quantitatis
1261 4065 1608 4131 continuum,
1652 4082 1762 4121 non
1806 4068 2004 4139 recipit

423 4163 723 4218 terminum
771 4163 1026 4227 localem,
1079 4161 1226 4216 sicut
1261 4161 1501 4218 dicimus
1548 4162 1818 4218 inﬁnitam
1853 4164 2001 4219 sola-

421 4255 566 4308 rium
649 4253 934 4307 radiorum
987 4252 1455 4322 productionem;
1503 4268 1628 4309 cum
1681 4255 1831 4309 enim
1889 4270 2001 4310 non

420 4344 609 4401 obstat
636 4358 840 4413 corpus
865 4342 1092 4412 aliquod
1123 4343 1372 4413 opacius,
1399 4360 1430 4398 a
1456 4360 1674 4400 summo
1699 4346 1912 4401 oriente
1932 4345 2002 4401 ad

419 4445 734 4490 extremum
760 4434 1136 4501 occidentem,
1174 4434 1394 4490 etiamsi
1433 4435 1723 4506 perlucido
1767 4452 2000 4508 corpore

2085 589 2180 642 xui.
2205 590 2270 642 ἐκ
2296 587 2406 640 τῶν
2438 585 2766 657 ἀμφοτέρων
2803 583 3131 646 ὑπόστασις,
3155 579 3226 632 δι’
3255 579 3385 649 ὅλης
3447 576 3670 645 διήκειν

2081 680 2144 733 τὸ
2171 681 2410 752 περατὸν
2437 680 2622 750 φύσει,
2662 681 2830 751 ἤγουν
2868 679 2903 747 ἡ
2927 674 3088 745 σὰρξ,
3143 674 3204 726 ού
3236 671 3494 724 δύναται·
3550 667 3667 719 εἴτε

2084 773 2297 845 περατὴ
2331 773 2440 843 εἴη,
2476 771 2597 826 ὅλον
2628 770 2906 842 περιέχειν
2957 769 3016 820 ὲν
3047 765 3186 834 αὐτῇ
3225 762 3286 816 τὸ
3316 760 3475 829 φύσει
3501 760 3666 813 ἀπει-

2087 885 2178 940 ρον
2199 869 2367 938 ἤγουν
2390 869 2482 921 τὸν
2513 867 2708 934 Λόγον,
2731 865 2833 918 οὐκ
2875 859 3107 933 ίσχύσει.
3158 856 3422 927 Ἐτοίμως
3448 851 3542 908 οὖν
3572 853 3669 905 καὶ

2087 960 2262 1028 τούτῳ
2292 959 2629 1027 ὑπαντητέον
2649 973 2662 986 ·
2693 955 2907 1025 πρῶτον
2948 953 3046 1024 μὲν
3085 950 3369 1018 λέγοντας,
3399 947 3481 999 ὅτι
3514 945 3671 998 πᾶσα

2088 1049 2387 1112 ὑπόστασις
2445 1051 2558 1111 τοῖς
2585 1047 2810 1109 οἰκείοις
2857 1045 3035 1113 λόγοις
3081 1038 3414 1110 διωρισμένη
3457 1034 3668 1103 τυγχά-

2090 1157 2281 1202 νουσα,
2311 1140 2421 1194 ἀπὸ
2449 1138 2632 1208 πάσης
2657 1136 2942 1208 ὀμοουσίου
2962 1151 3021 1187 τε
3054 1133 3150 1186 καὶ
3173 1128 3518 1200 έτεροουσίου
3536 1127 3672 1178 6m-

2089 1231 2356 1294 στάσεως,
2416 1230 2636 1290 πάντως
2679 1227 2892 1298 περατή
2921 1227 3092 1278 ἐστιν.
3136 1223 3200 1275 Ei
3230 1221 3338 1290 γὰρ
3373 1218 3450 1289 μὴ
3495 1233 3672 1287 περαο

2094 1321 2285 1375 τοῦταί
2318 1339 2372 1374 τι
2398 1321 2550 1383 ίδίοις
2578 1320 2746 1391 ὅροις,
2779 1317 2902 1371 οὐδὲ
2940 1311 3345 1384 άποδιορίζεται
3369 1309 3478 1362 τῶν
3507 1307 3672 1362 ἀλλος

2090 1412 2260 1482 τρίων
2283 1413 2426 1484 ὅρων
2448 1427 2462 1441 °
2490 1412 2592 1464 οὐκ
2615 1411 2722 1481 ἄρα
2753 1406 2846 1463 οὖν
2874 1408 2994 1477 οὔδε
3031 1406 3152 1460 καθ’
3184 1405 3356 1476 αὐτὴν
3379 1404 3414 1472 ἡ
3439 1401 3669 1469 ἄπειρος

2089 1504 2184 1558 τοῦ
2213 1504 2388 1574 Λόγου
2422 1504 2606 1575 φύσις,
2635 1507 2694 1557 ὲν
2714 1502 3011 1556 ὑποστάσει
3061 1497 3388 1570 θεωρεῖσθαι
3420 1495 3667 1554 δύναται,

2091 1597 2212 1650 οὐδὲ
2253 1599 2288 1668 ἡ
2339 1597 2437 1650 τοῦ
2493 1595 2727 1666 Πατρὸς,
2771 1593 2891 1648 οὐδὲ
2921 1595 2956 1663 ὴ
3004 1590 3098 1645 τοῦ
3138 1588 3485 1659 Πνεύματος’
3550 1582 3667 1637 ἀλλ’

2093 1686 2246 1741 ἔσται
2277 1688 2617 1757 πανάπειρον
2646 1686 2810 1749 εὐθὺς
2841 1683 2936 1738 καὶ
2977 1681 3372 1743 ἀνυπόστατον,
3411 1676 3488 1748 μὴ
3511 1676 3669 1728 δυνα-

2097 1777 2266 1848 μένης
2293 1777 2541 1848 χωρῆσαι
2559 1775 2660 1847 τῆς
2681 1773 2823 1828 κατά
2852 1774 2978 1836 τοὺς
3017 1771 3250 1832 οἰκείους
3277 1769 3470 1836 λόγους
3489 1780 3662 1836 περα-

2092 1869 2193 1939 τῆς
2223 1868 2581 1933 ὑποστάσεως
2637 1867 2738 1939 τὴν
2769 1865 2914 1921 κατά
2944 1865 3035 1919 τὸν
3059 1863 3190 1919 ῐδιον
3233 1861 3391 1930 λόγον
3439 1861 3665 1929 ἄπειρον

2093 1959 2275 2032 φύσιν.

2177 2053 2303 2108 Ἐπὶ
2328 2053 2541 2119 τούτοις
2570 2052 2625 2107 δὲ
2663 2053 2758 2107 καὶ
2823 2051 3027 2122 έτέρως
3073 2050 3263 2104 λυτέον
3325 2047 3425 2102 σὺν
3458 2042 3578 2114 Θεῷ
3611 2043 3670 2096 τὸ

2093 2146 2342 2218 ἄπειρον.
2371 2145 2560 2217 Φαμὲν
2601 2144 2709 2215 γάρ
2764 2147 2847 2198 ὅτι
2871 2145 2932 2197 τὸ
2982 2144 3226 2214 ἄπειρον,
3270 2137 3552 2208 πολλαχῶς
3583 2135 3669 2188 λέ-

2095 2253 2252 2305 γεται
2272 2255 2287 2268 ·
2319 2238 2534 2310 εἴρηται
2555 2238 2666 2307 γὰρ
2693 2237 2923 2307 ἄπειρον
2943 2235 3002 2288 τδ
3035 2234 3175 2288 κατά
3200 2232 3348 2285 θέσιν
3369 2244 3384 2259 °
3416 2231 3609 2298 ὥσπερ
3640 2228 3670 2278 δ

2094 2327 2204 2383 ἀπὸ
2231 2328 2498 2401 γραμμῆς
2531 2328 2749 2391 κύκλος,
2781 2327 2982 2390 πλάτος
3028 2324 3129 2394 μὲν
3158 2323 3258 2376 οὐκ
3293 2321 3548 2392 ἐχούσης,
3575 2316 3668 2370 τοῦ

2094 2422 2153 2476 δὲ
2200 2424 2409 2492 μήκους
2461 2421 2631 2491 αὐτῆς
2665 2419 2922 2491 ἀορίστου
2952 2419 3045 2470 καὶ
3083 2416 3278 2486 ἀδήλου
3328 2415 3478 2475 ὄντος
3523 2411 3671 2480 πάσῃ

2096 2512 2195 2584 θέᾳ
2215 2528 2228 2543 ο
2255 2513 2352 2566 καὶ
2377 2509 2670 2580 ἀδιαφόρου
2697 2509 2837 2564 κατά
2863 2511 2969 2561 πᾶν
2993 2507 3166 2577 αὐτῆς
3190 2505 3250 2558 τὸ
3279 2503 3472 2572 διάστη
3483 2500 3671 2570 μα,ὡς

2099 2603 2173 2675 μὴ
2202 2602 2265 2656 τὸ
2298 2602 2397 2673 μὲν
2425 2600 2598 2670 αὐτῆς
2630 2599 2807 2671 ἀρχὴν
2837 2595 3143 2669 φαίνεσθαι,
3170 2595 3232 2648 τὸ
3275 2593 3333 2650 δὲ
3369 2591 3544 2662 πέρας
3576 2588 3672 2641 αύ-

2095 2699 2216 2770 τῆς,
2240 2698 2302 2752 τὸ
2327 2697 2384 2752 δὲ
2447 2697 2742 2770 μεσότητα.
2777 2697 3007 2764 Λέγεται
3049 2693 3274 2762 ἀπειρον
3314 2689 3410 2743 καὶ
3440 2687 3502 2740 τὸ
3532 2684 3671 2740 κατά

2097 2792 2198 2863 τὴν
2247 2792 2330 2854 είς
2371 2789 2534 2844 ἑαυτὸ
2571 2789 2811 2860 στροφὴν
2841 2786 3162 2854 ὲπαυξάνον,
3193 2779 3306 2837 οἷον
3333 2783 3362 2835 ὁ
3393 2778 3674 2834 πολυπλα-

2101 2884 2337 2955 σιασμδς
2361 2883 2469 2938 τῶν
2497 2880 2781 2953 ἀριθμῶνο
2829 2881 2926 2935 καὶ
2965 2880 3073 2952 γὰρ
3101 2879 3172 2932 τά
3213 2875 3385 2948 μύρια
3429 2871 3673 2944 ἀριθμή⁴

2099 2991 2316 3041 σαντες,
2346 2974 2581 3029 ἐστικαὶ
2623 2972 2882 3044 μυριάκις
2916 2971 3086 3042 μύρια
3142 2970 3547 3040 ἐπιμετρῆσαιο
3581 2965 3676 3019 καὶ

2099 3065 2263 3120 πάλιν
2301 3065 2565 3137 μυριάκις
2600 3064 2673 3119 τά
2729 3065 2931 3137 μύρια,
2981 3063 3148 3135 μύρια
3179 3063 3531 3134 ὲπαριθμεϊν,
3580 3057 3676 3112 καὶ

2099 3157 2273 3221 οὕτως
2301 3158 2381 3221 είς
2431 3155 2682 3228 ἄπειρον.
2745 3156 2929 3226 Φαμὲν
2972 3155 3029 3209 δὲ
3070 3155 3316 3224 ἄπειρον,
3347 3154 3444 3207 καὶ
3475 3152 3541 3205 τὸ
3586 3152 3676 3204 ἀεὶ

2099 3245 2368 3318 διαιρετὸν
2396 3249 2459 3318 τῇ
2490 3244 2670 3314 φύσει,
2695 3239 2806 3299 οἷον
2823 3247 2922 3317 τὴν
2937 3245 3170 3316 στιγμὴν
3192 3244 3290 3298 καὶ
3315 3243 3415 3313 τὴν
3434 3242 3639 3313 μονάδα
3656 3258 3674 3274 ο

2099 3337 2316 3409 καὶγὰρ
2337 3337 2465 3391 τάδε
2480 3337 2561 3402 είς
2589 3338 2795 3408 ἡμίσεα
2809 3339 3140 3410 διαιρεῖσθαι
3165 3337 3415 3409 νοοῦμενο
3439 3338 3537 3390 καὶ
3549 3337 3676 3389 τού-

2099 3446 2208 3482 των
2241 3428 2512 3501 τὸῆμισυ,
2532 3429 2808 3500 είςέτερον
2829 3430 3058 3502 ἡμίσεος
3073 3432 3266 3501 ἥμισυ·
3291 3432 3577 3484 καὶὲκεῖνο
3596 3429 3677 3489 εἰς

2101 3522 2228 3575 ἀλλο
2241 3523 2301 3576 τδ
2331 3521 2526 3576 ἑαυτοῦ
2547 3523 2718 3593 ἥμισυ
2738 3540 2753 3556 ο
2771 3525 2866 3578 καὶ
2894 3525 3052 3578 τοῦτο
3065 3523 3150 3577 ἐπ’
3174 3526 3398 3595 ἄπειρον
3413 3537 3429 3553 ο
3464 3522 3566 3574 οὐκ
3588 3520 3676 3573 δν-

2099 3630 2188 3678 τος
2208 3613 2351 3677 τινος
2372 3615 2543 3678 εἴδους
2565 3615 2751 3687 ἑτέρου
2775 3615 2870 3669 τοῦ
2897 3616 3199 3686 ὀφείλοντος
3217 3617 3284 3686 τῇ
3307 3615 3554 3668 ἐπιτάσει
3578 3613 3676 3683 τῆς

2102 3705 2434 3776 διαιρέσεως
2465 3706 2809 3772 διαδέξασθαι
2849 3710 2910 3761 τὸ
2954 3709 3328 3780 διαιρούμενον
3361 3704 3532 3770 εἶδος·
3569 3705 3674 3763 ὥστ

2101 3812 2208 3867 περ
2237 3799 2336 3868 τῆς
2365 3798 2633 3869 γραμμῆς
2665 3798 2761 3853 ἐπὶ
2787 3801 2920 3854 πολὺ
2943 3800 3347 3872 διαιρουμένης,
3401 3799 3585 3869 πέρας
3606 3794 3673 3868 ἦν

2100 3888 2202 3956 τῆς
2224 3887 2544 3958 διαιρέσεως
2572 3889 2764 3960 αὐτῆς,
2786 3891 2919 3962 ήείς
2945 3893 3169 3961 σημεῖον
3189 3891 3522 3960 κατάντησις
3541 3907 3555 3919 °
3580 3889 3674 3943 καὶ

2104 3977 2280 4050 πέρας
2305 3977 2540 4050 ἀριθμοῦ
2560 3981 2879 4052 διαιρέσεως
2903 3977 2992 4053 ἦν,
3017 3984 3051 4054 ἡ
3081 3984 3160 4048 είς
3184 3981 3386 4053 μονάδα
3405 3983 3674 4050 κατάντη-

2103 4083 2214 4132 σις·
2245 4066 2430 4122 λοιπὸν
2455 4069 2564 4140 γὰρ
2592 4069 2695 4124 οὐκ
2725 4067 3007 4144 ἀριθμὸςῆ
3030 4072 3060 4124 δ
3078 4069 3474 4143 διαιρούμενος.
3505 4073 3674 4138 Λέγε-

2101 4177 2191 4213 ται
2241 4160 2300 4215 δὲ
2325 4161 2575 4232 ἄπειρον,
2596 4167 2690 4216 καὶ
2717 4165 2779 4216 τὸ
2809 4165 2950 4218 κατά
2978 4181 3031 4217 τι
3080 4164 3303 4235 συνεχὲς
3335 4163 3504 4216 ποσοῦ
3554 4162 3670 4216 διά-

2104 4266 2290 4320 στημα
2337 4250 2512 4322 πέρας
2553 4252 2614 4304 οὐ
2681 4252 2958 4322 λαμϐάνον
2995 4254 3240 4320 τοπικδν,
3269 4254 3461 4324 ὥσπερ
3493 4254 3672 4323 φαμὲν

2101 4339 2329 4410 ἄπειρον
2389 4343 2452 4393 τδ
2487 4341 2662 4412 μῆκος
2693 4344 2804 4398 τῶν
2856 4344 3098 4415 ἡλιακῶν
3147 4345 3414 4399 ἀκτίνων·
3451 4344 3672 4416 καὶγὰρ

2107 4427 2364 4500 σώματος
2393 4431 2455 4484 ού
2486 4435 2957 4506 καταφράττοντος
2984 4436 3319 4508 παχυτέρου,
3363 4437 3460 4490 ἀπ’
3488 4437 3672 4508 ἀκρων

420 4527 638 4597 excepti
663 4526 799 4590 sint,
833 4525 1257 4596 producuntur:
1284 4526 1365 4581 sic
1384 4527 1551 4582 etiam
1577 4528 1746 4583 maris
1777 4543 1918 4596 aqua
1942 4529 1994 4584 in

2103 4519 2376 4573 ἀνατολῶν
2404 4521 2500 4574 καὶ⁵
2533 4522 2676 4594 ὑπὲρ
2707 4524 2832 4588 τοὺς
2879 4525 3168 4598 ἑσπερίους
3191 4525 3286 4579 τοῦ
3316 4526 3546 4598 ούρανοῦ
3584 4532 3673 4580 τό-

422 4615 701 4670 inﬁnitum
727 4614 934 4669 dicitur
974 4614 1031 4668 in
1057 4614 1286 4686 abyssos
1317 4614 1686 4683 descendere;
1718 4617 1996 4671 inﬁnitum

420 4723 643 4779 quoque
675 4707 904 4772 dicitur,
938 4707 1085 4778 quod
1117 4707 1414 4763 duratione
1443 4707 1768 4765 continuum
1800 4719 1857 4764 et
1878 4709 1996 4764 sine

421 4799 528 4854 ﬁne
546 4808 653 4862 est,
679 4808 740 4853 ut
759 4813 844 4854 εει
866 4797 1115 4854 futurum
1140 4799 1402 4854 saeculum
1424 4807 1481 4855 et
1501 4800 1612 4856 vita
1635 4801 1955 4872 angelorum
1978 4818 1994 4867 ;

421 4890 699 4945 inﬁnitum
765 4890 995 4959 insuper
1049 4889 1258 4945 dicitur
1310 4890 1460 4961 quod
1529 4899 1716 4946 mente
1784 4900 1995 4947 tantum

422 4984 649 5055 ponitur
693 4990 789 5036 aut
837 4981 1062 5051 aliquod
1101 4981 1307 5036 habere
1336 4990 1433 5036 aut
1459 4983 1573 5052 pati
1607 4983 1726 5038 sine
1757 4982 1887 5046 ﬁne,
1919 4983 1996 5038 si-

423 5085 517 5132 cut
544 5076 782 5132 dicimus
809 5075 866 5128 in
893 5073 1173 5130 inﬁnitum
1200 5074 1433 5144 produci
1460 5075 1546 5129 vel
1569 5075 1742 5130 dividi
1771 5076 1994 5132 lineam.

424 5168 706 5223 Inﬁnitum
747 5177 1017 5237 prmterea
1043 5167 1274 5232 dicitur,
1306 5166 1453 5237 quod
1484 5181 1595 5221 non
1629 5175 1828 5221 natura
1873 5183 1994 5232 sua,

423 5259 518 5314 sed
569 5267 782 5313 tantum
840 5258 1024 5328 quoad
1059 5274 1158 5313 nos
1203 5258 1277 5312 ita
1305 5274 1364 5313 se
1389 5257 1577 5322 habet,
1625 5268 1687 5313 ut
1740 5267 1827 5313 est
1870 5259 1996 5314 caeli

421 5350 679 5407 altitudo.
720 5350 1001 5404 Inﬁnitum
1030 5365 1252 5419 quoque
1276 5349 1482 5404 dicitur
1507 5348 1656 5419 quod
1684 5365 1752 5404 ex
1793 5351 1996 5406 mentis

421 5440 868 5495 consideratione
894 5441 1060 5495 ﬁnem
1085 5455 1191 5494 non
1221 5441 1409 5508 habet,
1443 5450 1503 5494 ut
1526 5440 1672 5496 istud
1703 5458 1718 5495 :
1753 5441 1798 5496 si
1829 5456 1995 5495 omne

421 5549 624 5603 corpus
655 5534 880 5599 inloco,
911 5535 1068 5589 locus
1113 5545 1297 5590 autem
1347 5550 1548 5605 corpus
1589 5545 1694 5598 est,
1745 5534 1995 5604 corporis

420 5642 553 5697 ergo
579 5627 731 5680 locus
762 5626 817 5680 in
845 5627 990 5691 loco,
1019 5637 1074 5682 et
1101 5628 1258 5681 locus
1291 5627 1397 5682 loci
1432 5645 1444 5680 :
1471 5642 1594 5696 quae
1626 5625 1995 5682 consideratio

424 5737 479 5774 tn
522 5718 797 5773 inﬁnitum
828 5719 1086 5790 protendi
1152 5728 1380 5789 potest;
1415 5718 1689 5774 inﬁnitum
1723 5721 1888 5774 etiam
1914 5719 1995 5772 vi-

422 5807 588 5865 detur
618 5823 762 5877 esse,
793 5810 940 5884 quod
966 5816 1234 5882 quantum
1267 5809 1334 5865 ad
1371 5820 1580 5866 natura:
1615 5809 1849 5865 activam
1891 5826 1992 5880 po-

2099 4627 2259 4676 πους,
2294 4612 2454 4685 εῐπερ
2496 4609 2565 4685 ἦν
2623 4631 2678 4667 τι
2710 4615 2970 4686 διαφανὲς
2989 4617 3049 4670 τὸ
3083 4617 3476 4689 ὑποδεχόμενον
3503 4619 3672 4683 αὑτάς

2098 4703 2511 4759 ἑπεκτείνονται
2530 4721 2544 4734 ο
2565 4706 2769 4760 τοιόνδε
2802 4708 2867 4776 δὴ
2913 4708 2980 4761 ἀν
3037 4709 3263 4778 λέγηται
3297 4710 3391 4762 καὶ
3423 4710 3485 4763 τὸ
3514 4710 3675 4764 πελά-

2097 4809 2220 4865 γιον
2251 4795 2399 4868 ὕδωρ
2428 4797 2510 4860 είς
2543 4796 2707 4868 βάθος
2735 4797 2823 4851 ἐπ’
2873 4798 3102 4870 ἄπειρον
3137 4801 3274 4872 πρὸς
3309 4801 3410 4871 τὴν
3437 4801 3673 4856 ἀσυσσον

2099 4887 2549 4960 καθικνούμενον.
2579 4889 2842 4962 Ἀπειρον
2866 4891 2924 4944 δὲ
2984 4891 3202 4964 εἴρηται
3232 4894 3324 4946 καὶ
3363 4894 3426 4946 τὸ
3450 4897 3592 4948 κατά
3611 4896 3672 4947 τὸ

2098 4980 2232 5033 ποτὲ
2265 4979 2514 5052 διηνεκὲς
2545 4983 2642 5036 καὶ
2670 4983 3028 5056 ἀτελεύτητον
3061 4986 3141 5050 δν,
3170 4986 3361 5058 ὥσπερ
3409 4989 3437 5041 ὁ
3464 4988 3671 5058 μέλλων

2097 5071 2256 5135 αἰὼν,
2291 5071 2386 5124 καὶ
2416 5072 2450 5143 ἡ
2485 5069 2599 5143 ζωὴ
2618 5073 2727 5125 τῶν
2755 5074 3024 5143 ἀγγέλων.
3050 5076 3310 5145 ’Δπειρον
3337 5075 3559 5144 λέγεται
3579 5076 3672 5130 καὶ

2095 5161 2158 5214 τὸ
2207 5164 2330 5215 κατ’
2380 5165 2629 5218 ὲπίνοιαν
2681 5166 2844 5234 μόνον
2885 5167 3209 5238 ἀπεράντως
3237 5167 3382 5238 ἔχειν
3418 5186 3472 5222 τι
3505 5169 3540 5240 ἢ
3568 5170 3672 5224 πά·

2099 5270 2246 5322 σχειν
2273 5252 2696 5326 θεματιζόμενον
2715 5273 2730 5288 ⁶
2762 5253 2876 5311 οἷον
2911 5260 2944 5328 ἡ
2981 5259 3069 5312 ἐπ’
3091 5259 3320 5330 ἄπειρον
3345 5261 3672 5330 ἐκφέρεσθαι

2097 5343 2363 5415 λεγομένη
2409 5345 2799 5419 ἢδιαιρεῐσθαι
2856 5351 3115 5422 γραμμή.
3159 5353 3427 5424 Ἄπειρον
3455 5353 3669 5422 λέγεται

2096 5439 2194 5490 καὶ
2215 5437 2275 5490 τὸ
2305 5437 2382 5502 ὡς
2411 5440 2550 5508 πρός
2579 5458 2634 5493 τι
2667 5443 2871 5497 τοιόνδε
2908 5445 2956 5496 εί
2992 5446 3086 5498 καὶ
3121 5445 3195 5514 μὴ
3227 5445 3408 5514 φύσει,
3470 5442 3584 5500 οἷον
3609 5447 3671 5499 τὺ

2098 5531 2230 5600 ὕψος
2265 5531 2360 5585 τοῦ
2385 5533 2618 5603 ούρανοῦ
2648 5534 2724 5598 ὡς
2753 5535 2899 5606 πρὸς
2923 5538 3092 5607 ἡμᾶς.
3141 5538 3404 5608 Ἀπειρον
3453 5537 3670 5607 λέγεται

2098 5625 2192 5677 καὶ
2237 5623 2300 5677 τὸ
2335 5625 2524 5688 ἀτελὲς
2550 5626 2692 5680 κατά
2718 5627 2972 5698 θεωρίαν,
3005 5622 3138 5692 οἷον,
3177 5630 3226 5681 εἰ
3260 5631 3369 5682 πᾶν
3420 5629 3581 5700 σῶμα
3612 5632 3668 5681 ἐν

2095 5718 2270 5787 τόπῳ,
2305 5717 2334 5769 ὁ
2377 5717 2435 5770 δὲ
2465 5717 2628 5782 τόπος
2656 5718 2836 5788 σῶμα,
2863 5721 2960 5772 καὶ
2981 5723 3009 5773 ὁ
3051 5719 3214 5782 τόπος
3243 5720 3350 5791 ἄρα
3369 5720 3462 5773 τοῦ
3488 5721 3672 5788 σώμα-

2095 5825 2185 5873 τος
2213 5811 2269 5863 ἐν
2301 5809 2470 5881 τόπῳ,
2495 5810 2589 5864 καὶ
2616 5813 2644 5864 ὁ
2670 5813 2834 5874 τόπος
2853 5811 2911 5867 δὲ
2936 5811 3030 5866 τοῦ
3060 5812 3224 5866 τύπου
3245 5830 3258 5844 ο
3289 5813 3382 5866 καὶ
3406 5814 3492 5866 ἐπ’
3516 5813 3670 5874 ἀπει-
