3916 6552
282 369 417 486 1509

1248 424 1650 485 ADVERSUS
1688 424 2241 487 NESTORIANOS.
2271 451 2343 464 -
2375 428 2521 489 LIB.
2567 429 2619 490 Ι.

3410 426 3544 491 1510

281 549 375 602 ρον
403 530 578 592 οὕτως
600 528 756 583 ἔσται
782 529 1154 601 προϐαίνουσα
1194 530 1228 602 ἠ
1277 532 1754 602 νόησις.”Απειρον
1777 533 1858 587 ἔτι

1972 534 2214 597 tentiam,
2243 550 2502 589 mensura
2542 550 2651 591 non
2687 533 2971 599 deﬁnitur,
2998 532 3093 590 sed
3154 534 3210 588 in
3258 539 3543 593 nonnullis

278 620 559 687 δοξάζεται
572 616 712 678 εἶναι
725 621 815 674 καὶ
826 621 888 674 τὸ
898 620 1040 676 κατὰ
1055 621 1158 691 τὴν
1168 622 1525 694 ἐνεργητικὴν
1536 624 1636 694 τῆς
1648 623 1863 694 φύσεως

276 715 507 785 δύναμιν
531 713 716 785 μέτρῳ
739 714 814 783 μὴ
831 714 1312 784 περιοριζόμενον,
1344 714 1376 784 ἢ
1412 716 1471 769 ὲν
1524 718 1706 779 ταῖςδέ
1749 734 1860 771 τισι

281 807 473 877 μόναις
495 808 619 870 ταῖς
630 807 937 877 ἐνεργείαις
960 804 1380 877 γνωριζόμενον.
1398 805 1565 859 Τοῦδε
1588 808 1696 878 γάρ
1719 824 1863 869 τινος

277 895 565 966 ἀνθρώπου
588 896 747 965 τυχὸν
773 896 1075 964 δυναμένου
1097 895 1191 948 δύο
1209 896 1401 950 στάδια
1428 896 1678 968 δραμεῖν,
1704 898 1736 968 ἢ
1770 899 1863 951 καὶ

278 990 415 1043 δέκα
449 989 608 1061 μόνον
632 1028 649 1053 ,
698 990 791 1042 καὶ⁸
840 987 997 1042 τοῦδέ
1055 1005 1201 1052 τινος
1238 989 1514 1059 ἰσχύοντος
1572 991 1623 1059 ρ’
1674 990 1863 1062 λίτρας

278 1076 412 1152 ἆραι
444 1080 476 1152 ἦ
508 1081 682 1151 χιλίας
714 1080 907 1151 μόνον’
939 1080 1037 1133 καὶ
1091 1081 1245 1135 τοῦδέ
1303 1099 1449 1146 τινος
1483 1085 1749 1153 γεωργεῖν
1801 1099 1861 1136 τε

278 1174 377 1228 καὶ
405 1178 710 1244 ναυπηγεῖν
730 1174 825 1228 καὶ
864 1175 1099 1246 γράφειν
1123 1176 1217 1227 καὶ
1244 1174 1412 1244 ἕτερά
1444 1192 1567 1229 τινα
1593 1174 1862 1246 διαπράτ-

276 1265 469 1319 τεσθαι
489 1265 793 1337 δυναμένου
828 1267 1028 1337 μόνον*
1067 1267 1145 1338 μὴ
1173 1266 1359 1338 μέντοι
1410 1267 1557 1332 τινὸς
1595 1266 1859 1340 τούτωνῆ

277 1358 525 1428 ἀπείρως
556 1358 981 1430 σταδιοδρομεῖν,
1034 1358 1357 1430 ἢάμέτρως
1411 1359 1763 1430 ἀχθοφορεῖν,
1827 1358 1861 1429 ἢ

278 1450 471 1515 ἁπλῶς
502 1454 900 1521 παντουργεῖν⁶
955 1451 1032 1514 ὡς
1088 1449 1186 1505 τοῦ
1233 1450 1401 1505 αὐτοῦ
1452 1452 1547 1504 καὶ
1603 1450 1864 1522 πολεμεῖν

278 1545 378 1598 καὶ
407 1543 733 1616 κιθαρῳδεῖν
760 1545 856 1600 καὶ
910 1542 1182 1615 ἰατρεύειν
1211 1545 1307 1599 καὶ
1347 1543 1528 1599 πάντα
1557 1545 1733 1598 ποιεῖν
1764 1546 1865 1598 ὅσα

280 1635 494 1705 γίνεται
525 1638 585 1689 ὲν
636 1636 829 1709 κόσμῳ
880 1636 1193 1709 ἰσχύοντοςο
1228 1638 1281 1691 εί
1324 1655 1410 1702 τις
1457 1637 1578 1692 καθ’
1608 1636 1865 1691 ὑπόθεσιν

282 1728 439 1799 ὤφθη
464 1727 709 1793 τοιοῦτος
740 1728 906 1801 ἀνὴρ,
936 1728 1127 1785 τοῦτον
1166 1726 1395 1803 ἄπειρον
1433 1732 1501 1802 τῇ
1536 1730 1863 1801 ὲνεργητικῇ

279 1817 509 1890 δυνάμει
539 1816 750 1889 ἔφημεν
782 1819 868 1874 ἄν.

1968 636 2178 681 tantum
2216 628 2531 682 actionibus
2588 628 2911 683 inualescit.
2945 627 3000 682 Si
3039 628 3185 683 enim
3238 628 3329 683 hic
3376 628 3544 684 homo

1964 720 2075 774 duo
2109 720 2284 774 stadia
2320 736 2547 775 currere
2591 720 2734 775 forte
2769 728 2971 790 potest,
3025 721 3113 774 vel
3166 721 3378 783 decem,
3431 737 3541 774 non

1963 821 2147 867 autem
2166 814 2436 882 amplius,
2468 821 2565 867 aut
2603 814 2648 867 si
2700 812 2792 867 ille
2842 821 3061 867 centum
3113 813 3284 867 libras
3334 821 3543 867 tantum

1962 916 2058 957 aut
2087 904 2236 958 mille
2263 905 2476 968 tollere,
2507 914 2603 960 aut
2632 906 2678 960 si
2710 906 2932 975 quidam
2973 905 3116 959 alius
3141 920 3301 960 arare
3329 915 3423 959 aut
3448 922 3545 959 na-

1962 996 2149 1067 vigare
2175 1004 2270 1050 aut
2293 996 2541 1051 scribere
2570 1006 2666 1051 aut
2691 996 2944 1067 quaedam
2973 997 3077 1051 alia
3105 996 3283 1052 facere
3306 1005 3542 1061 tantum,

1964 1096 2287 1144 nontamen
2337 1089 2556 1143 illorum
2607 1090 2808 1159 aliquis
2858 1089 2914 1143 in
2968 1088 3243 1143 inﬁnitum
3297 1105 3543 1153 currere,

1963 1188 2059 1235 aut
2088 1181 2418 1237 immensum
2461 1181 2677 1251 pondus
2718 1182 2911 1237 tollere
2940 1193 3035 1237 aut
3064 1182 3388 1252 simpliciter
3422 1198 3544 1236 om-

1963 1269 2057 1324 nia
2107 1270 2317 1333 facere,
2346 1271 2455 1327 dici
2499 1280 2706 1342 potest,
2768 1272 2843 1327 ita
2875 1274 3190 1349 ut.bellare
3233 1283 3290 1328 et
3336 1274 3545 1328 cithara

1964 1378 2183 1429 canere,
2217 1374 2272 1418 et
2300 1378 2498 1419 sanare
2528 1373 2583 1419 et
2608 1364 2790 1420 omnia
2827 1382 2947 1435 qme
2974 1365 3027 1419 in
3066 1366 3273 1418 mundo
3302 1374 3431 1419 sunt
3463 1365 3545 1418 fa-

1965 1455 2160 1509 cienda
2192 1456 2372 1511 facere
2399 1457 2616 1511 dicatur
2649 1475 2662 1510 :
2696 1458 2740 1513 si
2768 1467 2954 1512 autem
2991 1474 3058 1511 ex
3085 1457 3373 1526 supposito
3420 1455 3549 1511 talis

1965 1547 2323 1603 inveniretur
2353 1549 2541 1615 homo,
2574 1549 2729 1605 illum
2774 1551 3020 1620 potentia
3074 1549 3349 1604 inﬁnitum
3399 1547 3550 1603 dice-

1968 1655 2177 1694 remus.

351 1906 574 1964 Τούτων
607 1903 701 1964 οὖν
729 1909 904 1975 οὕτως
957 1908 1392 1981 διεγνωσμένων,
1450 1909 1732 1981 πυθόμεθα
1751 1908 1861 1963 τῶν

2034 1906 2247 1974 Quibus
2276 1909 2355 1964 sic
2382 1908 2678 1974 distinctis,
2701 1908 2769 1963 ab
2790 1909 2878 1964 his
2901 1909 2993 1979 qui
3024 1907 3223 1963 inﬁniti
3244 1922 3367 1961 cum
3395 1906 3549 1960 linito

279 2001 712 2071 ἀποφασκόντων
769 2001 868 2073 τὴν
900 2002 995 2055 τοῦ
1045 2001 1272 2073 ἀπείρου
1330 2002 1468 2073 πρὸς
1535 2001 1595 2055 τὸ
1632 2003 1867 2073 περατδν

282 2092 478 2146 ἕνωσιν
504 2108 519 2124 °
565 2088 677 2165 ἆρά
735 2110 801 2162 γε
833 2094 993 2149 τοῦτο
1021 2095 1084 2148 τὸ
1110 2094 1254 2148 θεῖον
1294 2093 1391 2148 τοῦ
1438 2093 1615 2163 Λόγου
1642 2093 1869 2165 ἄπειρον

282 2185 435 2237 ποῖον
457 2182 726 2249 νοοῦντες,
760 2185 983 2257 περατῷ
1006 2184 1256 2238 ἑνοῦσθαι
1284 2186 1346 2239 οὐ
1378 2184 1779 2257 συγχωροῦσιν.
1804 2183 1867 2236 Εἰ

288 2274 391 2346 μὲν
418 2271 512 2329 οὖν
537 2275 600 2329 τὸ
622 2276 765 2330 κατὰ
793 2276 967 2342 Θέσιν,
1004 2276 1037 2346 ἢ
1064 2276 1569 2348 πολυπλασιασμδν,
1600 2276 1633 2348 ἢ
1663 2276 1869 2346 διαίρε-

290 2382 375 2420 σιν
400 2365 638 2434 ὲροῦσιν,
663 2366 890 2432 εἰκότως
913 2367 1391 2439 ληροπαραπαίειν
1420 2366 1663 2434 δόξουσιν
1682 2381 1697 2396 ο
1726 2366 1774 2418 εἰ
1810 2364 1868 2418 δὲ

283 2456 348 2508 τὸ
378 2454 521 2509 κατὰ
549 2454 781 2528 τοπικὴν
800 2455 1142 2527 παρέκτασιν
1169 2456 1267 2526 τῆς
1296 2455 1434 2519 ἰδίας
1457 2455 1737 2525 συνεχείας
1768 2470 1871 2521 φα-

286 2546 391 2613 σὶν,
416 2545 632 2618 ἀνάγκη
653 2546 867 2602 τοσόνδε
885 2546 1112 2620 ἄπειρον
1143 2545 1203 2600 ὃν
1227 2548 1288 2601 τὸ
1318 2547 1479 2611 θεῖον,
1502 2546 1536 2618 ἢ
1572 2545 1749 2614 πάντη
1766 2544 1871 2609 ἔξω

286 2654 378 2690 ποι
398 2632 538 2691 εἶναι
566 2638 769 2703 παντὸς
791 2639 944 2693 τοῦδε
970 2637 1067 2693 τοῦ
1101 2636 1340 2710 περατοῦ
1362 2639 1588 2709 κόσμου,
1612 2638 1707 2691 καὶ
1718 2636 1874 2706 ἀσχέ-

284 2743 393 2791 τως
423 2727 568 2799 ἔχειν
595 2728 731 2800 πρὸς
754 2728 824 2784 τὰ
850 2729 977 2801 τῇδε
1007 2730 1186 2784 πάντα
1200 2727 1872 2804 ἀποδιωρισμένῳναύτῶν

286 2819 384 2874 καὶ
414 2819 663 2875 ὁπωσοῦν
693 2820 877 2876 αὐτῶν
895 2823 996 2894 οὐχ
1024 2822 1318 2894 ήνωμένων
1340 2838 1355 2854 ο
1398 2822 1494 2878 καὶ
1521 2821 1676 2875 ἔσται
1698 2819 1870 2891 ψευδῆ

287 2913 351 2967 τό
364 2915 521 2969 τεἘν
531 2916 682 2988 αὐτῷ
701 2916 883 2988 ζῶμεν
901 2920 999 2972 καὶ
1016 2916 1337 2988 κινούμεθα,
1355 2916 1451 2970 καὶ
1467 2915 1635 2986 ὲσμέν
1651 2916 1667 2946 ί
1680 2913 1869 2980 καὶτὸ,

300 3005 390 3073 Ἐξ
415 2999 477 3060 οῦ
510 3010 603 3063 καὶ
620 3011 679 3063 ὲν
708 3001 753 3077 ᾧ
775 3009 846 3062 τὰ
861 3008 1058 3064 πάντα·
1078 3011 1174 3064 καὶ
1199 3009 1283 3074 τὸ,
1298 3008 1406 3062 Τοῦ
1437 3009 1646 3072 πάντας
1660 3009 1717 3061 ὲν
1738 3007 1872 3060 πᾶσι

288 3102 667 3175 πληρουμένου
686 3118 702 3135 ο
722 3103 817 3157 καὶ
838 3097 1093 3173 «animi
1119 3101 1149 3155 ό
1175 3102 1308 3165 Θεὸς
1327 3100 1396 3154 τά
1422 3100 1599 3155 πάντα
1621 3102 1679 3153 ὲν
1697 3101 1830 3153 πᾶσι
1855 3103 1872 3121 ⁸

287 3196 383 3249 καὶ
403 3195 472 3249 τὰ
487 3195 669 3249 τοιάδε
696 3194 878 3249 πάντα
896 3194 1165 3265 εἰρημένα
1183 3209 1198 3224 ’
1221 3193 1255 3264 ἢ
1278 3193 1326 3246 εἰ
1339 3192 1463 3248 τάδε
1485 3191 1701 3263 ἀληθῶς
1718 3192 1872 3264 εἰρη-

287 3304 401 3353 ται,
431 3286 523 3340 καί
547 3303 629 3340 τοι
660 3287 890 3357 ἀπείρου
924 3285 1074 3349 ὄντος
1100 3283 1198 3338 τοῦ
1233 3282 1652 3355 Θεοῦ,περατοῦ
1679 3282 1738 3336 δὲ
1772 3280 1867 3337 τοῦ

289 3379 501 3449 κόσμου
523 3378 665 3433 κατά
689 3376 877 3443 τόπον,
916 3377 1095 3447 μάτην
1129 3376 1440 3446 ὑφορῶνται
1478 3373 1577 3446 τὴν
1624 3372 1720 3427 τοῦ
1756 3390 1871 3428 τοι·

289 3471 411 3525 οῦδε
441 3469 671 3540 ἀπείρου
697 3468 832 3539 πρὸς
857 3468 921 3522 τὸ
949 3467 1186 3539 περατδν
1205 3466 1419 3531 ἕνωσιν,
1452 3464 1743 3535 ἑνουμένου
1777 3464 1872 3519 καὶ

292 3563 627 3637 πληροῦντος
658 3561 753 3616 τοῦ
781 3560 917 3614 Θεοῦ
942 3561 1010 3612 τά
1056 3560 1235 3613 πάντα
1256 3573 1273 3591 ο
1332 3559 1381 3611 εἰ
1412 3557 1470 3610 δὲ
1491 3558 1574 3623 τὸ,
1610 3555 1768 3609 Κατά
1809 3554 1872 3608 τό

292 3673 425 3711 ποτε
448 3655 820 3726 ἀτελευτήτως
846 3652 989 3723 ἔχον,
1020 3649 1182 3704 τοῦτο
1234 3648 1329 3703 ἐπὶ
1375 3647 1534 3710 Θεοῦ,
1566 3648 1701 3716 φασὶ
1736 3647 1872 3700 νοεῖ·

293 3749 420 3803 σθαι
452 3747 634 3809 αὐτοῖς
664 3744 728 3798 τὸ
769 3743 845 3818 μὴ
876 3742 1163 3812 ἑνούμενον
1191 3741 1440 3809 ἄπειρον,
1471 3737 1698 3813 αὐτόθεν
1734 3737 1873 3790 εἰσὶν

292 3840 606 3909 εύέλεγκτοι
630 3838 696 3891 ὲκ
726 3837 827 3907 τῆς
866 3836 1001 3899 ἰδίας
1019 3833 1369 3893 ὑποστάσεως
1389 3848 1403 3862 ·
1427 3831 1521 3885 καὶ
1541 3830 1613 3899 γά
1621 3847 1651 3901 ρ
1670 3828 1873 3882 τούτων

291 3936 327 4005 ἡ
354 3932 502 4003 ψυχὴ
531 3931 759 4001 ἄπειρον
790 3927 989 3999 ἔχουσα
1014 3926 1116 3996 τὴν
1137 3922 1280 3979 κατὰ
1318 3923 1380 3976 τό
1404 3938 1535 3976 ποτε
1567 3921 1870 3992 διάρκειαν,

294 4026 454 4096 εἰπερ
488 4023 672 4086 αὐτοῖς
703 4022 871 4084 ὅντως
905 4018 1171 4078 ἀθάνατος
1201 4015 1370 4078 δοκεῖ,
1402 4014 1553 4084 ὅμως
1574 4012 1653 4083 τῷ
1680 4010 1755 4082 μὴ
1778 4009 1873 4063 νῦν

191 4164 195 4169 «
298 4113 501 4186 ῥᾳδίως
531 4109 752 4181 περατῷ
778 4107 992 4179 σώματι
1020 4105 1200 4161 αὐτῶν
1227 4105 1433 4175 ἥνωται
1455 4103 1550 4156 καὶ
1600 4100 1720 4155 καθ’
1745 4100 1875 4153 ὑπό-

298 4223 511 4262 στασιν.
549 4205 612 4258 Εἰ
641 4204 698 4257 δὲ
720 4201 985 4257 πάντοθεν
1012 4197 1432 4268 συνωθούμενοι,
1461 4195 1522 4260 ἐξ
1548 4194 1794 4263 ἀνάγκης
1813 4192 1875 4246 τὸ

295 4300 440 4356 κατά
473 4297 703 4368 δύναμιν
762 4294 987 4364 ἄπειρον
1044 4291 1136 4345 ἐπὶ
1185 4289 1281 4343 τοῦ
1314 4288 1459 4341 θείου
1486 4286 1619 4355 φασὶ
1672 4284 1872 4353 λέγειν,

296 4391 518 4447 λεκτέον
567 4390 772 4453 αὐτοῖς,
824 4386 900 4451 ὼς
950 4383 1011 4450 ἐξ
1038 4384 1283 4454 ἀνάγκης
1314 4380 1541 4450 θάτερον
1562 4378 1875 4449 ἀνατραπή-

301 4501 454 4540 σεται
504 4482 615 4537 τῶν
640 4481 768 4551 παρ’
802 4478 1013 4532 αὐτῶνθ
1054 4476 1088 4546 ἢ
1128 4474 1238 4544 γὰρ
1265 4472 1491 4544 ἄπειρον
1523 4469 1583 4524 ὃν
1614 4472 1681 4540 τῇ
1712 4469 1875 4523 δυνά·

1971 1999 2237 2069 rejiciunt
2262 2000 2680 2064 unionemJiztc
2699 2017 3008 2071 quaeramus
3037 2018 3051 2053 :
3079 1998 3357 2070 quomodo
3387 1997 3551 2052 intel-

1969 2085 2140 2157 ligitis
2174 2088 2349 2143 divini
2390 2088 2554 2143 Verbi
2588 2088 2941 2152 inﬁnitatem,
2984 2088 3078 2159 qui
3101 2103 3214 2142 non
3235 2084 3549 2142 conceditis

1970 2193 2091 2233 eam
2133 2178 2289 2234 ﬁnito
2323 2179 2471 2234 uniri
2518 2181 2727 2250 posse?
2757 2179 2813 2234 Si
2854 2179 3159 2235 secundum
3193 2177 3548 2249 positionem,

1969 2270 2066 2315 aut
2096 2263 2612 2332 multiplicationem
2644 2274 2740 2317 aut
2767 2263 3120 2327 divisionem,
3150 2261 3386 2316 delirare
3419 2275 3553 2313 con-

1969 2349 2305 2423 vincuntur;
2334 2351 2378 2406 si
2411 2367 2544 2406 vero
2573 2352 2879 2406 secundum
2910 2351 3141 2406 localem
3169 2349 3549 2404 extensionem

1971 2443 2093 2513 ejus
2126 2451 2359 2507 naturae,
2398 2444 2715 2498 necessario
2745 2442 2852 2497 hoc
2874 2442 3125 2497 divinum
3154 2440 3430 2495 inﬁnitum
3465 2440 3551 2492 vel

1971 2522 2199 2587 omnino
2251 2534 2361 2588 erit
2409 2541 2564 2588 extra
2626 2533 2775 2588 hunc
2827 2532 3093 2587 mundum
3153 2531 3393 2595 ﬁnitum,
3451 2546 3554 2585 nec

1973 2625 2413 2694 comprehendet
2457 2642 2802 2696 quacunque
2870 2626 2961 2680 hic
3019 2633 3186 2690 sunt,
3232 2640 3360 2679 cum
3409 2624 3555 2678 inter

1974 2727 2033 2767 se
2064 2715 2177 2768 sint
2204 2714 2463 2769 distincta
2494 2723 2551 2769 et
2586 2716 2994 2785 quodammodo
3026 2731 3138 2769 non
3174 2716 3326 2770 unita
3350 2755 3365 2779 ,
3408 2714 3553 2769 unde

1978 2798 2177 2853 falsum
2206 2798 2353 2868 quod
2375 2799 2434 2853 ln
2463 2800 2580 2869 ipso
2601 2800 2838 2854 vivimus
2862 2808 2918 2854 et
2944 2814 3230 2881 movemur
3255 2808 3311 2853 ct
3338 2812 3553 2863 sumus,

1979 2898 2037 2946 et
2068 2890 2215 2961 quod
2246 2907 2315 2945 ex
2345 2891 2466 2961 ipso
2485 2901 2543 2946 et
2577 2892 2630 2947 in
2673 2892 2795 2962 ipso
2843 2900 2973 2947 sunt
3028 2892 3233 2956 omnia,
3294 2900 3350 2945 et
3402 2891 3553 2960 quod

1975 2982 2159 3037 omnia
2204 2982 2260 3036 in
2307 2983 2569 3039 omnibus
2597 2983 2791 3052 replet,
2826 2991 2883 3037 et
2928 2980 3063 3036 illud
3102 2999 3114 3035 :
3163 2988 3223 3035 ut
3278 2982 3350 3036 sit
3409 2982 3555 3039 Deus

1975 3072 2162 3127 omnia
2190 3074 2246 3128 in
2278 3073 2555 3138 omnibus,
2592 3080 2648 3128 et
2670 3071 2852 3127 omnia
2898 3071 3100 3128 similia
3137 3072 3317 3137 dicta;
3365 3071 3453 3125 vel
3506 3070 3554 3126 si

1980 3165 2071 3220 illa
2098 3166 2283 3220 omnia
2310 3182 2437 3221 vere
2467 3164 2614 3221 dicta
2644 3173 2794 3230 sunt,
2825 3164 2957 3219 licet
2990 3163 3240 3219 inﬁnitus
3275 3164 3347 3218 sit
3384 3164 3551 3228 Deus,

1975 3258 2217 3313 mundus
2272 3267 2455 3312 autem
2486 3256 2590 3312 iste
2622 3256 2802 3327 quoad
2827 3256 3011 3310 locum
3038 3255 3248 3321 ﬁnitus,
3277 3254 3554 3309 immerito

1970 3372 2105 3429 ergo
2134 3356 2283 3413 illius
2331 3356 2533 3412 inﬁniti
2583 3373 2709 3412 cum
2746 3356 2902 3412 ﬁnito
2949 3364 3221 3426 respuunt
3265 3356 3551 3419 unionem,

1971 3466 2096 3506 cum
2126 3450 2275 3505 Deus
2307 3451 2513 3513 omnia,
2536 3449 2817 3504 adunante
2838 3457 2894 3504 et
2923 3448 3171 3518 replente
3201 3447 3386 3501 omnia
3406 3448 3551 3511 Deo;

1971 3537 2017 3593 si
2050 3537 2358 3593 secundum
2385 3537 2735 3591 durationem
2763 3537 2882 3591 sine
2909 3535 3037 3602 ﬁne,
3070 3535 3264 3590 dicunt
3290 3551 3350 3589 se
3383 3534 3548 3588 intel-

1969 3630 2143 3701 ligere
2184 3630 2355 3685 Deum
2410 3646 2519 3683 non
2567 3627 2715 3683 uniri
2766 3644 2834 3681 ex
2885 3626 3106 3697 propria
3150 3640 3431 3697 persona:
3466 3626 3549 3679 fa-

1971 3722 2179 3778 cillime
2220 3720 2602 3783 confutantur,
2638 3719 2912 3789 siquidem
2957 3734 3149 3773 eorum
3185 3718 3391 3781 anima,
3425 3734 3551 3772 cum

1973 3814 2177 3869 habeat
2230 3812 2443 3867 inﬁnite
2492 3811 2815 3867 duraturam
2864 3812 3311 3881 perpetuitatem,
3361 3819 3551 3879 utpote

1973 3920 2096 3976 quae
2135 3905 2272 3975 ipsis
2307 3904 2529 3959 videtur
2561 3904 2908 3969 immortalis,
2936 3904 3157 3973 corpori
3198 3914 3379 3958 tamen
3419 3920 3553 3959 sane

1975 3999 2131 4053 ﬁnito
2147 3998 2338 4053 unitur
2352 4009 2409 4053 et
2435 3996 2739 4052 secundum
2763 4011 3079 4066 personam.
3100 3994 3157 4049 Si
3182 4006 3366 4049 autem
3394 3996 3555 4050 undi-

1974 4106 2084 4161 que
2108 4090 2277 4161 pulsi,
2322 4104 2391 4145 ex
2427 4088 2759 4144 necessitate
2788 4088 2983 4142 dicunt
3031 4088 3200 4142 Deum
3247 4087 3552 4141 secundum

1975 4181 2281 4252 potentiam
2300 4195 2420 4236 esse
2448 4180 2747 4244 inﬁnitum,
2772 4179 2879 4234 illis
2896 4177 3272 4247 reponendum
3291 4185 3376 4232 est
3397 4178 3556 4232 alter-

1976 4284 2164 4328 utrum
2222 4270 2539 4327 necessario
2600 4285 2720 4325 esse
2769 4268 3129 4340 reﬁciendum
3189 4284 3257 4323 cx
3303 4268 3390 4322 his
3432 4284 3555 4338 qua:

1976 4365 2211 4420 dicunt:
2244 4364 2332 4419 vel
2358 4362 2508 4419 enim
2551 4361 2699 4433 quod
2735 4361 2981 4431 potentia
3030 4358 3307 4413 inﬁnitum
3359 4366 3444 4414 est
3498 4370 3556 4413 et

1976 4463 2126 4519 omni
2162 4478 2262 4533 par
2298 4461 2524 4527 actioni,
2565 4468 2752 4529 posset
2793 4458 2981 4522 etiam,
3010 4458 3163 4511 nullo
3195 4455 3552 4526 impediente,

302 4594 395 4650 μει
423 4575 521 4630 καὶ
547 4573 684 4644 πρὸς
716 4546 897 4626 πᾶσαν
925 4568 1208 4638 ἐνέργειαν
1234 4563 1413 4635 ἰσχύον
1443 4562 1659 4617 δύναιτο
1685 4559 1753 4615 ἂν
1778 4559 1870 4615 καὶ

1978 4557 2034 4611 in
2066 4555 2220 4610 ﬁnita
2270 4562 2467 4610 natura
2503 4567 2603 4608 sua
2642 4552 2827 4606 omnia
2870 4549 3094 4620 propria
3151 4550 3331 4602 facere
3360 4566 3373 4601 :
3404 4546 3552 4616 quod

298 4669 391 4723 διὰ
420 4664 668 4739 περατῆς
693 4667 911 4735 φύσεως
943 4658 1110 4731 μηδὲν
1138 4655 1245 4711 ὑπὸ
1265 4653 1491 4725 μηδενὸς
1511 4651 1871 4724 ἐμποδιζόμε-

280 4778 391 4814 ·νον
415 4758 662 4829 ἐνεργεῖν
686 4755 756 4809 τὰ
784 4753 891 4807 tam
924 4750 1104 4803 πάντα
1123 4762 1136 4777 ·
1174 4747 1203 4800 ὅ
1230 4747 1377 4799 ἐστιν
1402 4740 1727 4804 ὲνδιδοῦντος
1750 4741 1876 4792 ἑαυ-

300 4854 393 4906 τὸν
430 4849 512 4921 τῷ
540 4846 712 4918 ἑτέρῳ
743 4843 839 4898 καὶ
871 4841 1000 4913 μίαν
1043 4836 1344 4892 ὑπόστασιν
1388 4833 1450 4899 ἐξ
1493 4831 1739 4894 ἑνώσεως
1765 4829 1874 4885 τῶν

299 4942 504 4999 δύοτδιὰ
530 4940 629 5010 τῆς
669 4928 1437 5006 ἀλληλοχωρίαςοδεικνύντος’
1472 4926 1505 4997 ἢ
1536 4924 1611 4998 μὴ
1641 4924 1874 4995 δυνάμε-

300 5053 393 5092 νον
423 5035 518 5088 καὶ
538 5031 628 5085 διὰ
650 5025 891 5099 περατοῦ
932 5023 1001 5079 τά
1029 5023 1128 5093 τῆς
1161 5019 1365 5083 οἰκείας
1396 5017 1674 5086 δυνάμεως
1698 5014 1877 5069 πάντα

301 5127 570 5200 προάγειν
598 5124 694 5178 καὶ
724 5119 996 5193 παριστᾷν
1018 5111 1235 5178 ἑαυτοῦ,
1252 5113 1372 5167 ὅλον
1412 5110 1469 5165 ἓν
1498 5106 1639 5162 εἶναι
1670 5105 1748 5200 τῷ
1777 5121 1876 5200 πε-

306 5197 477 5292 ρατῷ,
508 5217 610 5271 οὐκ
632 5214 801 5277 ὅντως
831 5211 1057 5281 ἄπειρον
1087 5201 1226 5261 εἶναι
1254 5207 1320 5275 τῇ
1355 5201 1679 5273 ὲνεργητικῇ
1714 5197 1874 5252 δυνά-

307 5331 400 5385 μει
426 5307 679 5381 φωραθὲν
707 5304 852 5360 κατά
866 5318 988 5356 τινα
1009 5300 1232 5371 τρόπον,
1260 5297 1428 5366 ἧγουν
1451 5296 1518 5365 τῇ
1554 5292 1877 5385 σμικρότητι

303 5384 400 5457 τοῦ
437 5400 647 5471 ἐτέρου,
682 5395 1046 5465 κωλυόμενον,
1073 5391 1180 5445 ὑπὸ
1201 5388 1353 5444 τοῦδε
1382 5386 1481 5449 τὰς
1513 5384 1721 5448 οἰκείας
1742 5400 1879 5455 προ-

305 5500 463 5563 άγειν
492 5492 672 5553 πάσας
711 5486 992 5557 ἐνεργείας
1013 5499 1027 5515 ’
1086 5481 1274 5551 ὥσπερ
1322 5476 1507 5541 Δαϐιδ,
1542 5474 1746 5545 γυμνὸς
1780 5472 1880 5542 μὲν

307 5586 405 5641 καὶ⁹
445 5580 771 5652 ἀπερίθετος
823 5575 1025 5638 παντὸς
1083 5569 1363 5641 ἀλλοτρίου
1410 5566 1511 5637 τῆς
1555 5563 1880 5634 ποιμενικῆς

306 5674 620 5744 διασκευῆς,
672 5669 899 5731 δυνατὸς
952 5659 1420 5732 καταγωνίζεσθαι
1452 5657 1545 5712 καὶ
1573 5656 1729 5726 νικᾷν
1790 5653 1880 5744 τὸν

312 5762 501 5833 Γηλιὰθ
530 5743 620 5835 ἦν.
649 5756 1037 5830 Περικείμενος
1073 5753 1127 5806 δὲ
1167 5751 1391 5822 θώρακα
1417 5748 1511 5802 καὶ
1540 5746 1738 5818 κράνος
1790 5743 1882 5798 καὶ

310 5854 578 5927 κνημῖδας
616 5852 712 5907 καὶ
737 5847 940 5906 ἀσπίδα
960 5845 1060 5922 καὶ
1087 5845 1238 5915 ξίφος
1286 5842 1381 5898 καὶ
1413 5839 1599 5905 ἁπλῶς
1645 5837 1881 5910 ἀχθοφο-

1978 4657 2040 4701 ut
2075 4646 2196 4715 ejus
2227 4644 2407 4713 quise
2437 4642 2596 4698 alteri
2622 4641 2994 4698 communicat
3019 4648 3075 4695 et
3100 4640 3194 4710 qui
3237 4656 3303 4694 ex
3350 4639 3555 4694 unione

1975 4738 2212 4794 duorum
2236 4752 2336 4807 per
2364 4743 2612 4791 mutuam
2647 4734 3018 4790 accessionem
3060 4747 3225 4787 unam
3270 4730 3557 4786 constituit

1974 4841 2304 4898 personam;
2330 4826 2417 4880 vel
2452 4823 2599 4895 quod
2626 4838 2735 4878 non
2766 4830 2951 4892 posset
2974 4821 3157 4876 omnia
3194 4836 3307 4876 sua:
3348 4828 3546 4890 poten-

1981 4919 2071 4974 tia:
2106 4918 2330 4989 propria
2354 4932 2458 4987 per
2487 4915 2703 4970 ﬁnitum
2737 4915 2939 4970 elicere
2960 4921 3017 4969 et
3044 4913 3335 4971 ostendere
3374 4928 3549 4967 unum

1978 5009 2203 5062 omnino
2229 5023 2355 5061 cum
2390 5005 2545 5060 ﬁnito
2573 5012 2739 5071 esset,
2764 5020 2874 5058 non
2924 5004 3072 5058 enim
3128 5002 3370 5073 potentia
3421 5017 3553 5057 vere

1977 5108 2062 5154 est
2107 5100 2398 5162 inﬁnitum
2435 5097 2581 5169 quod
2628 5097 2731 5153 sub
2777 5097 2963 5166 aliquo
2994 5095 3558 5167 respectu,videlicet

1979 5191 2251 5246 tenuitate
2280 5191 2531 5254 alterius,
2565 5188 2895 5258 prohibetur
2922 5202 3117 5242 onmes
3156 5202 3288 5241 suas
3312 5186 3559 5242 actiones

1980 5282 2271 5355 proferre;
2311 5283 2452 5337 sicut
2481 5281 2649 5335 David
2674 5280 2859 5335 nudus
2885 5287 2940 5335 et
2966 5280 3110 5335 liber
3148 5278 3217 5333 ab
3262 5279 3412 5333 omni
3466 5294 3557 5333 ar-

1980 5382 2195 5430 matura
2228 5372 2331 5426 alia
2393 5387 2424 5425 a
2475 5370 2737 5441 pastorali
2789 5368 3003 5434 habitu,
3049 5370 3231 5439 potuit
3270 5367 3557 5423 decertare

1982 5480 2107 5520 cum
2129 5462 2350 5519 Goliath
2370 5471 2427 5517 et
2456 5461 2609 5515 illum
2631 5459 2876 5523 vincere;
2905 5457 3132 5513 indutus
3153 5466 3334 5512 autem
3361 5457 3557 5522 lorica,

1981 5558 2157 5629 galea,
2176 5554 2379 5619 ocreis,
2404 5554 2596 5625 clypeo
2617 5560 2673 5606 et
2700 5551 2882 5622 gladio
2903 5559 2959 5605 et
2978 5565 3090 5606 uno
3118 5550 3288 5606 verbo
3324 5559 3558 5605 onustus

1982 5648 2153 5703 armis
2189 5647 2341 5713 Saul,
2369 5645 2546 5714 impar
2585 5652 2705 5700 erat
2755 5642 3082 5697 debellando
3137 5652 3191 5697 et
3252 5642 3557 5697 occidendo

1985 5740 2171 5806 hosti;
2207 5739 2292 5793 vel
2334 5738 2502 5810 igitur
2550 5753 2659 5792 non
2686 5737 2792 5789 erit
2838 5734 3114 5789 inﬁnitum
3145 5735 3242 5789 Dei
3287 5734 3554 5795 Verbum,

1984 5834 2093 5901 vel,
2127 5831 2175 5889 si
2213 5832 2515 5900 inﬁnitum,
2548 5847 2657 5888 non
2688 5830 2891 5902 poterit
2921 5845 3018 5899 per
3050 5828 3257 5883 ﬁnitam
3296 5834 3554 5884 naturam
