3916 6560
454 396 588 466 1511

1711 396 2021 460 LEONTII
2059 397 2462 459 BYZANTINI
2550 406 2554 409 ’

3566 397 3698 460 1512

448 530 580 570 suas
612 509 866 583 proprias
897 521 1123 563 omnino
1167 507 1413 563 actiones
1450 505 1784 577 producere.
1835 508 2021 578 Itaque

2131 509 2245 579 ρῶν
2272 511 2384 572 τοῖς
2414 507 2600 570 ὅπλοις
2622 504 2718 560 τοῦ
2761 505 2958 568 Σαοὺλ,
2997 502 3261 567 ἀδύνατος
3309 497 3379 575 ἦν
3413 504 3552 573 πρὸς
3599 509 3698 576 τὴν

449 619 560 657 non
590 607 771 672 potest
793 597 922 652 inde
943 596 1311 651 demonstrari
1341 596 1698 665 impossibilis
1716 597 2020 652 secundum

449 706 743 763 personam
765 689 896 743 unio
923 702 1048 742 cum
1077 685 1231 740 finita
1260 694 1475 740 natura.

2131 601 2564 672 ἀντιπαράταξιν
2591 602 2686 654 καὶ⁹
2730 599 3009 670 ἀναίρεσιν
3037 597 3134 650 τοῦ
3188 597 3485 665 ἀλλοφύλου
3503 614 3520 630 ο
3549 598 3700 651 ἔσται

2126 690 2221 745 οὖν
2243 691 2452 760 σαφῶς,
2503 690 2536 762 ἢ
2563 693 2662 745 οὑκ
2708 690 2937 761 ἄπειρος
2962 686 3061 758 τὴν
3089 687 3320 757 δύναμιν
3350 688 3380 739 ό
3431 687 3562 751 θεὸς
3594 690 3699 741 Λό-

448 787 620 857 γος,ῆ
647 787 696 838 εί
717 785 963 855 ἄπειρος,
988 783 1088 834 οὑκ
1125 780 1414 844 ἀδύνατος·
1443 781 1539 835 καὶ
1595 779 1684 834 διὰ
1745 783 1990 853 περατῆς
2004 781 2221 852 φύσεως
2279 788 2456 840 πάντα
2493 787 2562 841 τά
2600 787 2708 840 ῐδια
2772 787 3002 840 πάντοτε
3067 787 3333 856 ινεργεῖν.
3368 784 3570 854 Διόπερ
3598 783 3696 836 οὑκ

447 883 596 938 ἔστιν
608 881 678 964 ξπ
702 877 858 932 τοῦδε
875 877 975 948 τὴν
1002 875 1122 930 καθ’
1147 875 1445 929 ὑπόστασιν
1467 874 1603 945 πρὸς
1627 875 1786 947 τήνδε
1811 877 2023 942 ἕνωσιν,
2061 878 2323 934 ἀδύνατον
2350 878 2721 950 παραστῆσαι.

1047 990 1200 1047 CAP.
1235 989 1426 1044 XLIX.

521 1102 649 1156 llaec
679 1099 1012 1170 compositio
1047 1114 1210 1169 quam
1242 1097 1451 1158 dicitis.
1487 1098 1766 1169 inquiunt,
1808 1099 1894 1154 vel
1921 1115 2026 1154 no-

447 1210 570 1248 vam
603 1203 858 1247 naturam
894 1190 1177 1262 produxit,
1225 1206 1396 1260 quare
1436 1189 1603 1261 igitur
1637 1206 1745 1245 non
1796 1205 2028 1246 consen-

449 1288 569 1343 titis
596 1287 684 1341 his
712 1286 807 1356 qui
833 1294 1060 1340 naturas
1084 1285 1350 1340 miscent?
1369 1283 1465 1338 Vel
1491 1299 1687 1338 novam
1713 1300 2023 1354 personam,

449 1390 508 1436 et
542 1396 642 1435 cur
672 1395 775 1434 nos
809 1377 1124 1448 repellitis?
1156 1378 1241 1432 vel
1295 1375 1406 1432 nec
1451 1385 1706 1431 naturam
1753 1393 1856 1432 nec
1901 1393 2029 1448 per-

450 1489 664 1538 sonam,
703 1480 760 1527 et
807 1481 938 1526 tunc
970 1470 1174 1524 frustra
1214 1469 1357 1525 facta
1403 1479 1507 1525 est.
1553 1469 1659 1524 Sed
1691 1485 1798 1524 non
1830 1484 2024 1524 neces-

451 1567 619 1630 sario,
651 1564 835 1628 amici,
862 1562 1190 1633 compositio
1213 1571 1310 1616 aut
1332 1571 1585 1616 naturam
1615 1569 1710 1616 aut
1734 1575 2024 1631 personam

451 1671 649 1710 novam
677 1654 954 1725 producit.
996 1653 1223 1708 Ferrum
1244 1651 1390 1706 enim
1414 1652 1468 1705 in
1491 1650 1824 1706 carbonibus
1843 1649 2027 1721 ignitis

453 1747 827 1810 combustum,
863 1761 1044 1816 neque
1073 1753 1324 1799 naturam
1355 1759 1537 1813 neque
1585 1757 1874 1814 personam
1927 1756 2025 1796 uo-

2708 991 2961 1046 ΚΕΦΑᾹ.
2986 989 3121 1045 ΜΘ’.

2230 1105 2276 1158 H
2320 1103 2587 1170 σύνθεσις,
2617 1106 2782 1176 φησὶν
2803 1145 2819 1170 ,
2842 1106 2907 1175 ἣν
2941 1103 3098 1174 φατὲ,
3125 1105 3158 1176 ἢ
3197 1103 3359 1174 φύσιν
3384 1103 3699 1176 καινοτέραν

2126 1198 2372 1266 εποίησε,
2405 1198 2500 1251 καὶ
2527 1197 2581 1251 τί
2605 1197 2680 1270 μὴ
2703 1196 3064 1267 καταδέχεσθε
3098 1197 3225 1260 τοὺς
3256 1195 3638 1267 μιξοφυσίταςς
3662 1196 3696 1268 ἢ

2127 1291 2423 1344 ὑπόστασιν
2446 1290 2736 1362 νεωτέραν,
2774 1292 2867 1343 καὶ
2891 1290 2980 1344 διὰ
3010 1289 3064 1342 τί
3092 1291 3238 1359 ἡμᾶς
3271 1287 3592 1342 ἀποσείεσθε
3621 1305 3636 1354 ;
3661 1289 3696 1361 ἢ

2127 1381 2248 1434 οὐδὲ
2279 1379 2440 1449 φύσιν
2481 1379 2605 1432 οὐδὲ
2634 1379 2954 1446 ὑπόστασιν,
3011 1379 3105 1432 καὶ
3155 1381 3330 1450 μάτην
3385 1379 3698 1448 γεγένηται.

2139 1473 2380 1528 ’Λλλόὑκ
2396 1473 2727 1543 ἀναγκαίως,
2745 1467 2788 1526 ὦ
2803 1465 2969 1538 οὗτοι,
2984 1473 3134 1526 πᾶσα
3151 1470 3416 1535 σύνθεσις,
3435 1471 3470 1543 ἦ
3489 1470 3560 1540 φύ
3569 1470 3697 1541 σινῆ

2103 1579 2106 1582 ’
2127 1567 2421 1620 ὑπόστασιν
2441 1565 2714 1636 νεωτέραν
2733 1564 2962 1618 ὲκτελεϊ.
2991 1563 3276 1635 Πυρωθεὶς
3293 1561 3402 1633 γὰρ
3423 1564 3454 1614 ό
3482 1561 3700 1631 σίδηρος

2127 1660 2184 1712 ἐν
2200 1657 2479 1730 ἄνθραξιν,
2504 1657 2628 1712 οὔτε
2643 1657 2806 1726 φύσιν
2827 1657 2948 1710 τινὰ
2963 1656 3121 1726 ξένην
3151 1654 3542 1715 ἐπιδείκνυται,
3571 1652 3696 1707 οὔτε

2127 1750 2423 1804 ὑπόστασιν
2464 1751 2619 1805 νέανο
2654 1750 2688 1821 ἦ
2722 1767 2781 1804 τε
2819 1749 2928 1822 γὰρ
2991 1749 3088 1804 τοῦ
3125 1749 3342 1819 σιδήρου
3403 1747 3700 1810 ὑπόστασις

449 1856 572 1894 vam
611 1837 1116 1908 praabet:persona
1149 1836 1296 1892 enim
1339 1835 1470 1890 ferri
1520 1843 1578 1890 et
1622 1849 1854 1905 persona
1899 1848 2022 1887 car-

2131 1843 2224 1896 καὶ
2260 1843 2294 1913 ἠ
2329 1842 2441 1896 τῶν
2478 1842 2721 1914 πυρίνων
2742 1842 3052 1913 ἀνθράκων,
3083 1843 3283 1912 ὁμοίως
3299 1839 3550 1910 έχουσιν⁶
3584 1837 3700 1891 ἀλλ’

453 1933 660 1987 bonum
693 1939 1010 1995 remanent;
1040 1929 1134 1984 sed
1162 1929 1216 1983 in
1251 1928 1380 1984 ferri
1401 1942 1636 1997 persona
1663 1934 1860 1981 natura
1885 1925 2024 1996 ignis

447 2037 517 2077 ex
544 2037 602 2076 se
626 2020 1032 2090 impersonalis,
1067 2019 1222 2074 unita
1244 2027 1327 2074 est
1356 2029 1568 2073 natura:
1591 2016 1747 2083 ferri,
1775 2015 2023 2086 ejusdem

448 2128 700 2182 personae
733 2127 798 2166 ac
848 2110 1029 2180 ipsum
1062 2109 1252 2164 facta:
1294 2107 1426 2179 quid
1474 2107 1644 2178 igitur
1695 2105 1750 2160 in
1804 2105 2026 2160 Christo

448 2203 816 2274 compositio?
844 2202 982 2257 nihil
1012 2201 1162 2256 aliud
1198 2216 1362 2270 quam
1394 2200 1539 2270 quod
1571 2198 1727 2270 prius
1770 2198 1841 2252 ab
1886 2199 2026 2254 invi-

448 2312 568 2352 cem
602 2302 874 2366 separata,
907 2295 1018 2365 jam
1063 2294 1475 2364 conjunguntur
1514 2289 1818 2346 secundum
1859 2304 2025 2343 unam

449 2402 746 2458 personam
781 2386 946 2441 unius
970 2386 1391 2456 conjunctorum
1421 2380 1606 2452 :quod
1659 2381 1793 2435 satis
1838 2392 1924 2436 est
1956 2380 2025 2436 ad

452 2479 738 2536 ditandam
784 2487 1030 2534 nostram
1082 2485 1335 2531 naturam
1376 2473 1530 2530 omni
1576 2482 1776 2528 natura
1817 2471 2022 2528 divina.

1111 2697 1260 2754 CAP.
1301 2696 1366 2752 L.

525 2811 620 2868 Vel
653 2808 925 2865 naturalis
969 2815 1055 2864 est
1083 2807 1173 2861 illa
1199 2820 1361 2876 quam
1392 2803 1578 2862 dicitis
1608 2807 1774 2863 Verbi
1817 2816 1873 2864 et
1901 2823 2024 2863 car-

464 2903 553 2959 nis
591 2902 746 2964 unio,
778 2909 836 2955 et
870 2899 924 2953 in
951 2914 1062 2969 quo
1083 2898 1320 2952 diﬂertis
1347 2897 1417 2952 ab
1443 2898 1534 2953 his
1562 2900 1656 2969 qui
1682 2899 1874 2955 dicunt
1901 2915 2023 2954 om-

453 2994 588 3050 nino
611 2992 848 3048 similem
867 3006 988 3046 esse
1011 2991 1066 3044 in
1087 2989 1308 3044 Christo
1331 3000 1387 3044 et
1408 2989 1463 3044 in
1491 2990 1714 3046 homine
1739 2991 2026 3046 unionem?

449 3088 540 3145 vel
575 3085 881 3158 personalis
905 3091 1010 3145 est,
1041 3092 1098 3138 ct
1123 3097 1225 3138 cur
1247 3081 1408 3136 nobis
1433 3098 1540 3137 non
1573 3084 1905 3139 consentitis
1925 3083 2023 3155 qui

451 3177 690 3235 dicimus
734 3191 857 3231 eam
913 3175 1147 3230 similem
1206 3190 1326 3230 esse
1381 3175 1573 3230 unioni
1616 3177 1852 3232 amantis
1897 3193 2021 3231 cum

451 3269 712 3326 amante?
739 3268 837 3323 Vel
867 3282 1046 3337 neque
1076 3267 1345 3321 naturalis
1370 3283 1551 3337 neque
1582 3269 1889 3337 personalis
1918 3279 2022 3334 est,

451 3365 510 3412 et
541 3365 673 3410 tunc
712 3363 901 3424 aperte
941 3354 1216 3409 ostendite
1242 3355 1372 3425 quid
1397 3355 1557 3410 vobis
1583 3356 1840 3413 videatur
1870 3359 2028 3413 esse?

454 3445 586 3512 Sed,
634 3462 668 3501 o
710 3444 994 3516 sophistae,
1036 3446 1189 3516 juxta
1221 3454 1402 3502 vestra
1435 3447 1602 3513 dicta,
1643 3464 1825 3518 nequc
1861 3459 2024 3504 natu-

453 3535 588 3590 ralis
616 3543 702 3589 est
749 3549 930 3604 neque
988 3535 1326 3604 personalis;
1384 3536 1480 3591 sed
1525 3539 1827 3594 secundum
1878 3541 2025 3610 piam

456 3627 810 3690 sententiam,
841 3635 992 3682 recte
1028 3637 1210 3697 potest
1243 3627 1352 3684 dici
1391 3637 1447 3684 et
1475 3631 1740 3686 naturalis
1785 3633 1949 3688 simul
1971 3643 2029 3688 et

453 3721 789 3790 pcrsonalis.
815 3719 1118 3790 [Equivoca
1178 3722 1324 3777 enim
1385 3738 1510 3778 cum
1549 3725 1660 3780 sint
1700 3726 1826 3793 ista,
1857 3727 2026 3782 alter-

453 3814 638 3868 native
667 3827 735 3867 εκ
766 3814 1033 3868 alterutra
1063 3813 1201 3869 subd
1216 3815 1381 3870 ucitis
1412 3815 1561 3885 quod
1614 3817 1704 3887 pie
1757 3819 2023 3874 sentitur.

452 3904 732 3960 Naturalis
777 3914 963 3959 autem
996 3905 1202 3960 dicitur
1234 3921 1356 3975 qua:
1405 3907 1460 3960 in
1501 3907 1687 3976 aliquo
1724 3909 2026 3964 secundum

453 3994 824 4063 proprietates
871 4004 1082 4049 natura:
1139 4007 1241 4059 est,
1291 3997 1437 4050 sicut
1486 4013 1640 4053 mors
1665 3997 1879 4064 Lazari,
1907 4016 2029 4070 quae

455 4100 564 4138 non
589 4094 732 4150 erat,
761 4087 916 4140 velut
937 4088 1059 4157 ejus
1082 4088 1443 4152 resurrectio,
1489 4104 1654 4159 supra
1702 4091 1822 4161 ejus
1868 4101 2030 4146 natu-

453 4192 592 4230 ram.
649 4178 929 4233 Naturalis
954 4194 1174 4249 quoque
1207 4179 1410 4234 dicitur
1440 4197 1561 4250 qua:
1588 4189 1672 4236 est
1703 4183 2030 4252 simpliciter

453 4268 588 4323 unio
617 4278 1052 4326 naturarumaut
1080 4283 1292 4328 natura:
1316 4283 1373 4328 et
1397 4289 1506 4327 non
1537 4273 1930 4339 accidentium,
1968 4285 2031 4332 ut

451 4369 537 4416 est
564 4361 828 4431 oxymelis
868 4362 1117 4417 mistura.
1175 4363 1294 4418 Non
1319 4365 1466 4419 enim
1513 4365 1732 4434 utrique
1778 4368 2029 4422 naturale

448 4459 536 4504 est
569 4464 750 4520 neque
788 4452 1164 4507 necessarium
1206 4452 1262 4507 in
1295 4453 1525 4509 mistura
1565 4455 1844 4526 conjungi,
1887 4457 2030 4511 sicut

2125 1933 2184 1985 ὲν
2209 1935 2274 2004 τῇ
2296 1931 2389 1985 τοῦ
2412 1933 2631 2004 σιδήρου
2662 1933 2981 1994 ὑποστάσει,
3011 1932 3171 2001 φύσις
3191 1933 3361 2002 πυρὸς
3391 1929 3700 1985 ἀνυπόστα-

2124 2042 2216 2086 τος
2249 2025 2371 2078 καθ’
2407 2024 2578 2095 αὑτὴν
2621 2020 2780 2087 οὖσα,
2835 2024 3096 2096 συνετέθη
3129 2026 3196 2094 τῇ
3233 2023 3396 2092 φύσει.
3426 2023 3522 2076 τοῦ
3555 2021 3701 2091 σιδή-

2129 2133 2242 2187 ρου.
2279 2117 2677 2179 συνυπόστατος
2698 2115 2834 2188 αὑτῇ
2889 2115 3178 2186 γοωμένη.
3223 2115 3289 2167 Τί
3321 2107 3414 2168 οὖν
3442 2112 3699 2182 ἐποίησεν

2125 2208 2158 2279 ἡ
2183 2207 2427 2272 σύνθεσις
2454 2207 2549 2261 καὶ
2583 2207 2678 2262 ἐπὶ
2709 2207 2981 2278 Χριστοῦς
3014 2206 3170 2260 οὐδὲν
3207 2205 3401 2277 ἕτερον
3427 2203 3542 2258 ἀλλ’
3565 2204 3600 2274 ἦ
3633 2203 3698 2257 τά

2125 2299 2318 2370 πρώην
2345 2299 2615 2354 ἀσύνθετα
2665 2297 2934 2369 ἀλλήλοις,
2968 2297 3200 2351 σύνθετα
3224 2293 3362 2350 εἶναι
3397 2295 3541 2350 κατά
3570 2295 3699 2365 μίαν

2125 2392 2221 2463 τὴν
2253 2392 2478 2463 θατέρου
2505 2391 2613 2445 τῶν
2641 2394 3018 2462 συγκειμένων
3053 2371 3392 2442 ὑπόστασινό
3434 2389 3573 2458 ὅπερ
3602 2389 3700 2457 ἀρ-

2125 2487 2212 2537 κεῖ
2241 2485 2377 2554 πρὸς
2406 2484 2469 2537 τὸ
2520 2483 2699 2554 πάσης
2733 2479 3128 2536 καταπλουτεὶν
3153 2478 3255 2550 τῆς
3299 2477 3448 2542 θείας
3484 2475 3698 2546 φύσεως

2124 2577 2222 2648 τὴν
2251 2576 2528 2649 ἡμετέραν
2569 2573 2754 2647 φύσιν.

2719 2697 2974 2752 ΚΕΦΛΛ.
3003 2693 3087 2750 Ν’.

2199 2809 2271 2864 Ἦ
2299 2809 2500 2880 φυσική
2533 2810 2681 2863 ἐστιν
2709 2809 2744 2879 ἠ
2773 2808 2963 2870 ἒνωσις
2986 2805 3125 2876 αὕτη
3148 2805 3216 2877 ὴν
3245 2803 3384 2874 φατὲ
3404 2803 3502 2858 τοῦ
3520 2801 3694 2870 Λόγου

2124 2901 2220 2955 καὶ
2241 2900 2342 2971 τῆς
2365 2899 2583 2972 σαρκὸς,
2615 2900 2711 2954 καὶ
2733 2899 2843 2952 τίνι
2873 2897 3196 2968 διαφέρεσθε
3253 2897 3390 2966 πρὸς
3440 2895 3570 2957 τοὺς
3606 2893 3694 2947 λέ-

2125 3009 2322 3061 γοντας
2351 2991 2540 3062 ὁμοίαν
2570 2990 2748 3060 πάντη
2781 2985 2922 3043 εἶναι
2953 2988 3048 3042 τοῦ
3074 2985 3361 3058 ἀνθρώπου
3378 2986 3477 3056 τὴν
3507 2985 3696 3038 σύνθε-

2126 3100 2232 3149 σιν,
2259 3084 2356 3136 καὶ
2376 3083 2475 3152 τὴν
2507 3080 2782 3154 Χριστούς
2817 3079 3211 3151 ἢὺποστατική
3265 3080 3405 3143 ἐστι,
3441 3078 3539 3131 καὶ
3583 3075 3695 3140 πῶς

2126 3175 2257 3246 ἡμῖν
2287 3174 2348 3226 οὑ
2371 3171 2788 3244 συμφθέγγεσθε
2821 3170 2897 3235 ὡς
2915 3169 3198 3240 ἀγαπητοῦ
3230 3170 3365 3240 πρὸς
3397 3169 3696 3237 ἀγαπῶντα

2127 3265 2424 3336 ἐξαιρέτως
2445 3263 2647 3333 ταύτην
2669 3262 3024 3328 δοξάζουσινς
3065 3261 3099 3333 ἢ
3131 3261 3252 3314 οὑδὲ
3299 3263 3504 3332 φυσική
3550 3262 3696 3314 ἐστιν

2127 3355 2250 3408 οὑδὲ
2285 3354 2644 3422 ὑποστατικὴ,
2678 3354 2774 3408 καὶ
2799 3353 2879 3416 τίς
2901 3351 3040 3420 αὕτη
3075 3348 3216 3405 εῖναι
3243 3351 3394 3404 δοκεί
3417 3351 3551 3420 ὑμῖν
3579 3351 3696 3404 δια-

2129 3446 2424 3516 σαφήσατε.
2442 3443 2602 3510 Ἀλλ’,
2621 3439 2668 3498 ὦ
2692 3443 3013 3511 σοφιστικοὶ,
3036 3442 3177 3496 κατά
3201 3444 3270 3495 τά
3291 3441 3349 3506 ἐξ
3369 3441 3526 3512 ὑμῶν
3547 3443 3698 3512 εἰρη-

2130 3536 2287 3608 μένα,
2312 3536 2432 3589 οὑδὲ
2459 3536 2663 3606 φυσικὴ
2703 3535 2826 3589 οὑδὲ
2854 3535 3191 3605 ὑποστατική
3211 3549 3224 3562 ·
3263 3533 3402 3587 κατά
3437 3534 3496 3588 δὲ
3518 3533 3588 3585 τὰ
3613 3534 3699 3586 si!

2129 3627 2309 3691 σεϐῶς
2334 3627 2629 3698 νοούμενα,
2651 3627 2747 3680 καὶ
2770 3627 2973 3699 φυσικὴ
3002 3627 3098 3680 καλ⁵
3119 3625 3459 3695 ὑποστατικὴ
3488 3623 3699 3692 λέγοιτο

2128 3721 2197 3776 ἂν
2236 3723 2394 3792 ἡμῖν⁸
2419 3720 2618 3791 ὀρθῶς.
2656 3719 2765 3774 Δύο
2819 3720 2928 3791 γὰρ
2981 3718 3157 3772 οὑσῶν
3209 3719 3318 3771 τῶν
3367 3716 3697 3788 ὁμωνυμιῶν

2126 3813 2318 3879 τῶνδε,
2365 3813 2594 3879 ὲναλλάξ
2625 3812 2853 3886 θάτερον
2901 3813 2966 3866 ὲκ
2995 3812 3228 3882 θατέρας
3253 3809 3600 3878 ὑπεκλέψατε
3636 3807 3697 3861 τὸ

2127 3905 2514 3976 εὐσεϐέστερον
2540 3904 2650 3958 τῶν
2689 3904 3125 3974 σημαινομένων.
3169 3901 3402 3971 Λέγεται
3448 3901 3560 3973 γὰρ
3593 3916 3693 3969 φυ-

2130 3996 2277 4068 σικὴ,
2320 3997 2354 4067 ὴ
2412 3995 2490 4060 ὡς
2539 3996 2682 4050 κατά
2737 3996 2911 4064 Λόγον
2951 3995 3166 4064 φύσεως
3209 3989 3344 4048 οὖσα
3376 3991 3522 4063 τῷδέ
3567 4009 3695 4057 τινι.

2127 4085 2240 4144 οἷον
2274 4092 2308 4160 ἡ
2337 4089 2596 4160 κοίμησις
2624 4088 2718 4142 τοῦ
2741 4087 2995 4158 Λαζάρου
3021 4102 3038 4118 ⁸
3067 4088 3127 4142 οὑ
3153 4076 3264 4155 γάρ
3283 4083 3476 4155 ὥσπερ
3499 4085 3534 4154 ἡ
3566 4085 3697 4137 ἀνα-

2127 4181 2318 4244 σίωσις
2349 4179 2516 4234 αὑτοῦ
2545 4179 2686 4252 ὑπὲρ
2730 4181 2902 4246 Λόγον
2948 4179 3047 4250 τῆς
3090 4179 3301 4250 φύσεως
3345 4174 3548 4240 αὐτού,
3605 4173 3696 4228 καὶ

2126 4274 2223 4344 ἥδε
2269 4269 2360 4346 ἦν.
2391 4274 2623 4342 Λέγεται
2667 4272 2905 4343 φυσικὴ,
2962 4272 3060 4325 καὶ
3101 4273 3132 4342 η
3176 4271 3251 4334 ὡς
3285 4266 3504 4338 φύσεών
3537 4282 3694 4320 τινων

2128 4364 2314 4426 ἁπλῶς
2337 4365 2371 4433 ἢ
2397 4363 2614 4434 φύσεως
2633 4360 2767 4418 οὖσα
2799 4363 2895 4417 κα)⁸
2924 4362 2985 4415 οὑ
3019 4360 3444 4432 συμϐεϐηκότων
3464 4374 3478 4388 ·
3509 4357 3693 4425 ὥσπερ

2129 4462 2164 4532 ἡ
2214 4461 2410 4533 κρᾶσις
2459 4459 2554 4513 τοῦ
2602 4458 2938 4530 ὀξυμέλιτος.
2975 4458 3052 4511 Ού
3083 4458 3192 4527 γὰρ
3249 4457 3309 4508 τὸ
3359 4453 3500 4509 κατά
3526 4453 3695 4523 Λόγον

452 4558 566 4596 non
601 4551 723 4596 erat
753 4544 1008 4598 naturale
1030 4543 1239 4600 Lazaro
1259 4545 1428 4612 mori;
1448 4546 1589 4601 hanc
1617 4563 1838 4617 quoque
1868 4549 2025 4602 unio—'

2131 4555 2358 4623 φυσικὸν
2387 4553 2592 4608 τούτων
2644 4553 2907 4624 ἑκάτερον
2935 4553 3030 4607 καὶ
3075 4550 3152 4620 τῷ
3181 4549 3242 4616 ἐξ
3289 4550 3538 4620 ἀνάγκης
3568 4551 3698 4604 ὑπο-

452 4650 578 4688 nem
620 4634 860 4690 dicimus
912 4637 1260 4703 naturalem;
1307 4639 1415 4693 mel
1463 4640 1670 4694 etenim
1699 4649 1757 4694 et
1801 4649 2018 4696 acetum

451 4727 527 4782 ita
577 4742 636 4783 se
696 4727 924 4794 habent,
976 4731 1192 4786 etiamsi
1247 4749 1529 4804 nunquam
1583 4733 1923 4790 misceantur
1967 4735 2022 4790 in

446 4821 719 4892 oxymele;
738 4820 976 4878 Lazarus
999 4832 1206 4890 autem,
1232 4839 1414 4880 nonne
1439 4834 1524 4880 est
1541 4825 1743 4881 animal
1769 4827 2022 4892 mortale,

443 4911 668 4968 etiamsi
701 4929 984 4984 nunquam
1033 4915 1106 4970 sit
1139 4917 1480 4972 moriturus?
1508 4917 1776 4975 Similiter
1839 4929 2022 4976 autem

449 5004 762 5073 personalis
789 5006 921 5060 unio
956 5006 1162 5061 dicitur
1214 5023 1334 5077 qua
1365 5016 1451 5064 est
1491 5010 1729 5079 partium
1774 5026 1897 5081 qua:
1956 5012 2024 5067 ad

452 5103 744 5158 personam
779 5095 1118 5164 referuntur,
1166 5099 1252 5153 vel
1285 5115 1677 5170 personarum;
1722 5102 2024 5157 naturalem

452 5191 639 5236 autem
670 5184 723 5238 in
766 5184 985 5242 Christo
1027 5188 1265 5244 dicimus
1328 5192 1612 5256 unionem,
1666 5191 1794 5262 quia
1847 5192 1903 5248 in
1958 5209 2026 5248 eo

457 5273 731 5330 uniuntur
746 5289 973 5335 naturae.
1014 5279 1172 5348 Quod
1199 5281 1244 5337 si
1269 5283 1480 5338 ratione
1496 5292 1706 5338 naturae
1726 5299 1848 5339 eam
1872 5284 2027 5340 dice-

455 5379 643 5421 remus
690 5383 811 5424 esse
859 5369 1084 5438 factam,
1135 5389 1256 5443 qua:
1310 5385 1436 5430 sunt
1486 5376 1730 5445 ejusdem
1794 5385 2026 5438 naturaa.

455 5458 618 5514 Pater
645 5460 856 5517 scilicet
875 5473 932 5519 et
957 5463 1200 5535 Spiritus
1218 5476 1464 5531 sanctus,
1493 5469 1643 5523 carni
1701 5470 2024 5535 unirentur;

453 5557 550 5612 sed
583 5569 640 5614 et
680 5575 873 5618 omnes
925 5563 1181 5619 homines
1218 5564 1264 5618 si
1317 5563 1532 5619 ratione
1564 5573 1776 5619 natura;
1809 5564 2028 5620 Christo

455 5650 712 5706 unirctor
736 5652 1070 5722 humanitas,
1105 5655 1330 5710 totidem
1361 5653 1566 5710 Christi
1589 5666 1794 5721 essent,
1817 5655 2027 5710 Pilatus

454 5758 676 5814 quoque
703 5753 760 5799 et
786 5743 1030 5802 llerodes
1062 5756 1119 5803 et
1148 5747 1305 5803 Anna
1335 5755 1392 5802 et
1426 5745 1683 5817 Caiphas,
1715 5757 1769 5802 et
1800 5747 2023 5818 quidem

456 5837 790 5907 necessario,
827 5838 970 5895 sicut
997 5855 1190 5897 omnes
1219 5839 1435 5896 ratione
1456 5846 1667 5896 natura:
1688 5839 2020 5907 moriuntur;

2129 4647 2342 4700 κεῖσθαι
2371 4647 2436 4717 τῇ
2455 4646 2592 4717 πρὸς
2619 4645 2823 4716 ἄλληλα
2856 4645 3050 4716 κράσει
3073 4659 3090 4676 °
3123 4643 3311 4716 ὥσπερ
3334 4644 3425 4697 τὸν
3449 4643 3698 4715 Λάζαρον

2129 4742 2196 4811 τῇ
2222 4740 2477 4810 κοιμήσει
2504 4739 2599 4793 τοῦ
2621 4738 2878 4803 θανάτου,
2904 4738 3140 4808 φυσικήν
3166 4753 3346 4807 φαμεν
3383 4736 3477 4790 καὶ
3502 4737 3662 4806 τήνδε
3681 4751 3696 4766 ·

2131 4827 2192 4880 τὸ
2217 4827 2327 4898 γὰρ
2358 4826 2481 4897 μέλι
2509 4827 2608 4882 καὶ
2633 4827 2694 4880 τὸ
2735 4825 2879 4892 ὅξος,
2913 4825 3174 4890 ὡσαύτως
3217 4826 3331 4896 έχιι
3366 4825 3456 4879 ἀεὶ
3491 4826 3598 4879 κᾶν
3627 4825 3700 4897 μὴ

2135 4919 2433 4975 συντεθῶσι
2479 4938 2612 4974 ποτε
2640 4921 2716 4983 ὡς
2748 4918 3007 4990 ὀξύμελι*
3059 4917 3307 4988 Λάζαρος
3353 4918 3413 4972 δὲ
3460 4919 3563 4972 οὑκ
3587 4920 3702 4972 ἐστι

2131 5014 2270 5080 ζῶον
2293 5013 2506 5084 θνητὸν,
2535 5013 2694 5084 εἴπερ
2719 5013 2794 5083 μὴ
2816 5011 2912 5066 καὶ
2960 5010 3257 5081 κοιμᾶσθαι
3314 5010 3500 5078 μέλλοι
3530 5010 3701 5075 ποτέ;

2129 5107 2390 5170 ὡσαύτως
2413 5106 2471 5160 δὲ
2493 5109 2588 5159 καὶ
2612 5105 2948 5176 ὑποστατικὴ
2978 5106 3011 5174 ὴ
3047 5103 3147 5173 μέν
3166 5119 3250 5166 τις
3279 5103 3500 5170 λέγεται
3521 5102 3702 5173 μερῶν

2132 5197 2276 5252 κατά
2312 5195 2470 5264 λόγον
2502 5195 2878 5258 ὑποστάσεως,
2903 5196 2937 5262 ἡ
2971 5193 3031 5246 δὲ
3070 5193 3146 5256 ὡς
3180 5191 3532 5246 ὑποστάσεων
3554 5207 3570 5221 ·
3601 5210 3701 5260 φυ-

2134 5290 2294 5359 σικὴν
2321 5289 2419 5360 μὲν
2443 5287 2537 5342 οὖν
2571 5303 2750 5357 φαμεν
2782 5288 2942 5357 ἡμεῖς
2966 5287 3065 5357 τὴν
3093 5286 3288 5338 ἓνωσιν
3321 5289 3414 5338 ἐπὶ
3441 5285 3701 5357 Χριστοῦ,

2130 5379 2206 5442 ὡς
2224 5377 2440 5448 φύσεων
2453 5379 2757 5448 ἡνωμένων
2769 5375 2892 5430 κατ’
2905 5376 3088 5430 αὑτόν.
3107 5375 3171 5430 El
3189 5375 3296 5448 7&9
3322 5375 3469 5444 λόγῳ
3490 5375 3706 5446 φυσικῷ

2132 5470 2334 5541 ταύτην
2389 5471 2660 5540 εἴποιμεν,
2704 5468 2813 5540 ἄρα
2842 5484 2906 5538 γε
2947 5468 3045 5538 τῆς
3092 5467 3263 5539 αὑτῆς
3304 5467 3455 5539 αὑτῷ
3487 5467 3702 5536 φύσεως

2130 5565 2262 5618 ὄντα
2291 5564 2321 5617 ὅ
2348 5579 2409 5616 τε
2437 5563 2628 5634 Πατὴρ
2649 5564 2743 5615 καὶ
2763 5561 2825 5614 τὸ
2843 5561 2998 5629 ἅγιον
3025 5559 3273 5629 Πνεῦμα,
3290 5561 3382 5614 καὶ
3413 5559 3557 5614 αὑτά
3573 5575 3701 5614 ποτε

2135 5653 2298 5726 σαρκὶ
2342 5651 2672 5722 ινωθήσεται
2697 5665 2710 5679 ⁸
2749 5649 2887 5704 ἀλλά
2924 5651 3016 5703 καὶ
3069 5649 3270 5712 πάντες
3312 5650 3366 5703 οἱ
3399 5648 3698 5720 ἄνθρωποι,

2131 5748 2178 5800 ει
2211 5745 2425 5816 φύσεως
2449 5745 2607 5815 Λόγῳ
2636 5743 2840 5815 ἥνωται
2873 5742 2992 5812 Θεῷ
3013 5743 3048 5813 ἡ
3067 5742 3444 5814 ἀνθρωπότης.
3473 5742 3700 5814 Χριστοὶ

2130 5837 2364 5899 ἔσονται,
2404 5834 2630 5899 Πιλάτος
2676 5849 2736 5886 τε
2785 5832 2884 5887 καὶ
2935 5832 3181 5905 Ἡρώδης
3237 5833 3333 5888 καὶ
3362 5833 3561 5897 ’Δννας
3607 5832 3700 5886 καὶ
