4032 6554
307 461 445 527 1513

1289 469 1682 532 ADVERSUS
1721 471 2266 535 NESTORIANOS.
2297 499 2364 509 —
2388 476 2533 535 LIB.
2576 477 2626 535 Ι.

3418 470 3551 536 1514
3596 434 3600 438 ’

302 575 560 644 Καϊάφας
579 575 644 642 ἐξ
657 575 902 646 ἀνάγκης
921 591 937 608 ·
979 576 1170 648 ὥσπερ
1198 577 1292 632 καὶ
1321 579 1519 644 πάντες
1555 580 1779 652 ὁμοίιος,
1816 581 1882 634 ὲκ

1988 583 2233 652 insuper,
2265 601 2295 639 c
2333 585 2578 654 potentia
2630 582 2699 637 ad
2745 593 2932 639 aetum
2977 585 3282 656 procedens
3316 585 3556 641 Verbum

305 665 539 735 φυσικοῦ
592 665 758 735 λόγου
793 665 1150 738 θνήσκουσιν·
1189 667 1268 721 ἔτι
1314 668 1422 740 μὴν
1467 670 1533 722 ὲκ
1579 669 1674 722 τοῦ
1721 669 1883 724 δυνά-

308 774 400 828 μει
430 758 512 820 εἰς
535 757 595 810 τὸ
627 756 878 828 ἐνεργείᾳ
907 759 1186 829 προκόψας
1205 761 1272 812 ,έν
1303 761 1416 824 τοῖς
1464 765 1714 830 φυσικοῖς
1750 763 1881 815 ἑαυ-

303 849 399 902 τοῦ
425 851 453 904 ὁ
479 848 652 918 Λόγος
688 853 937 920 φανεῖται
978 852 1118 904 κατὰ
1164 851 1262 922 τὴν
1303 851 1599 920 σάρκωσιν,
1636 854 1728 906 καὶ
1755 855 1882 906 ἁτε-

304 940 418 1004 λεῖς
469 941 551 994 ἔτι
591 943 622 994 ό
665 942 856 1014 Πατὴρ
884 943 980 996 καὶ
1029 943 1091 997 τὸ
1140 944 1294 1013 ἆγιον
1327 945 1550 1015 Πνεῦμα
1589 944 1886 1017 συγκριθήν

307 1049 521 1086 σονται·
541 1028 617 1086 ὧν
645 1033 698 1086 τί
720 1035 1112 1107 ἅσεϐέστερον;
1152 1038 1246 1090 καὶ
1277 1038 1648 1108 ὑποστατικὴν
1668 1037 1746 1100 δὲ,
1775 1055 1884 1107 φα-

308 1123 428 1194 μὲν,
454 1122 554 1195 τὴν
599 1124 791 1180 ἕνωσιν
822 1127 917 1180 ἐπὶ
942 1127 1180 1198 Χριστοῦ
1203 1144 1218 1159 ·
1269 1129 1534 1182 ἀνάπαλιν
1587 1129 1770 1200 μέντοι
1803 1129 1882 1201 τῷ

308 1217 694 1288 σημαινομένῳ
741 1219 876 1288 ἡμῖν
925 1219 1070 1272 κατὰ
1101 1220 1204 1290 τὴν
1246 1221 1483 1292 φυσικήν
1506 1239 1520 1253 ·
1553 1222 1612 1274 οὐ
1647 1221 1756 1293 γὰρ
1806 1221 1883 1284 ὼς

204 1353 218 1362 .
309 1307 683 1373 ὕποστάσεων,
716 1309 835 1362 ἀλλ’
861 1310 937 1374 ὡς
969 1311 1066 1366 τοῦ
1097 1311 1272 1380 Λόγου
1301 1308 1466 1366 οὖσαν
1499 1313 1597 1383 τῆς
1643 1313 1883 1367 ὑποστά-

311 1415 450 1461 σεως
471 1399 898 1471 αὑτοῦ.Ὦσπερ
957 1403 1066 1474 γὰρ
1111 1402 1220 1474 ἰδία
1270 1403 1444 1473 κρίνει
1475 1404 1566 1458 τὸν
1616 1404 1744 1458 Υἱὸν
1775 1404 1884 1458 ἀπὸ

306 1489 402 1543 τοῦ
429 1492 643 1562 Πατρός
671 1492 764 1546 καὶ
795 1493 890 1546 τοῦ
929 1493 1244 1564 Πνεύματος
1261 1496 1372 1548 τῶν
1399 1496 1707 1566 ὁμοουσίων
1734 1496 1882 1568 αὐτῷ

305 1583 342 1652 ἡ
395 1583 667 1654 γέννησις,
697 1584 790 1638 καλ⁵
819 1584 878 1637 τὸ
936 1585 1222 1655 αὐτολόγον
1255 1583 1416 1654 εἶναι,
1452 1589 1547 1642 καὶ
1574 1590 1641 1642 τὰ
1670 1589 1871 1643 τοιάδε·

303 1672 450 1727 οὕτω
480 1676 574 1728 καὶ
610 1675 643 1745 η
693 1676 970 1746 σάρκωσις
1003 1678 1167 1731 αὐτοῦ
1210 1679 1524 1748 ἀναγκαίως
1570 1680 1733 1734 αὑτὸν
1760 1679 1883 1734 τού-

301 1783 411 1819 των
457 1762 780 1832 διαστέλλει,
827 1767 923 1820 καὶ⁹
952 1769 1051 1839 οὐχ
1099 1769 1288 1842 ἕτερον
1339 1770 1448 1822 ἀπὸ
1487 1769 1595 1823 τῶν
1623 1769 1880 1841 ἀσάρκων

300 1858 559 1927 ὁμοφυῶν
609 1859 758 1929 αὑτῷ
801 1859 1142 1931 προσώπων·
1177 1863 1272 1916 καὶ
1331 1861 1528 1934 ἰδίωμα
1585 1864 1881 1933 ἐπίκτητον

305 1949 428 2020 μὲν,
455 1951 758 2022 ἀχώριστον
782 1951 840 2005 δὲ
887 1953 1094 2006 εἰσαεί·
1123 1956 1216 2006 καὶ¹
1241 1955 1360 2008 τόδε
1391 1956 1451 2008 ἐν
1487 1958 1554 2026 τῇ
1585 1956 1880 2010 ὑποστάσει
1913 1938 1954 1992 Β

299 2039 394 2093 τοῦ
425 2041 599 2108 Λόγου
627 2040 1043 2110 καταφαίνεται.
1077 2041 1218 2094 Ἀλλ’
1246 2043 1440 2113 ἑτέραν
1477 2043 1576 2113 τῆς
1625 2041 1880 2106 ἀσεὸείας

300 2133 556 2203 ἀφορμὴν
583 2132 1062 2204 προσποιούμενοι,
1091 2133 1180 2187 διὰ
1207 2134 1267 2187 τὸ
1317 2134 1392 2205 μὴ
1415 2133 1676 2188 δύνασθαι
1713 2134 1878 2188 ἰσότι-

303 2242 404 2295 μον
427 2223 567 2279 εἶναι
605 2225 684 2297 τῷ
717 2225 822 2297 ὅλῳ
855 2225 1082 2298 θάτερον
1125 2226 1234 2280 τῶν
1265 2226 1476 2297 μερῶν,
1509 2227 1644 2296 φασὶ
1671 2242 1877 2296 παραι-

298 2322 514 2377 τεῖσθαι
555 2321 653 2394 τὴν
701 2323 793 2376 ἐπὶ
829 2322 1068 2394 Χριστοῦ
1110 2323 1361 2378 σύνθεσιν
1383 2323 1480 2377 τοῦ
1525 2323 1698 2393 Λόγου
1737 2323 1876 2394 πρὸς

297 2415 398 2485 τὴν
425 2415 604 2487 σάρκα
629 2431 646 2448 ·
675 2416 894 2483 λέγουσι
915 2417 1023 2488 γὰρ
1056 2417 1150 2470 ἐπὶ
1169 2416 1370 2482 λέξεως
1401 2417 1581 2472 ταυτί·

881 2545 1133 2600 ΚΕΦΑΛ.
1163 2545 1294 2600 ΝΑ’.

387 2680 624 2752 Ἀνάγκη
659 2680 857 2744 αὐτοὺς
895 2678 1080 2748 λέγειν
1134 2678 1228 2735 τὸν
1267 2679 1504 2750 Χριστὸν
1557 2679 1742 2744 αὑτὸν,
1787 2676 1881 2731 τοῦ

300 2770 439 2826 Θεοῦ
473 2773 614 2827 κατὰ
648 2772 840 2843 μόνας,
888 2772 984 2826 καὶ
1024 2771 1118 2826 τοῦ
1168 2771 1454 2843 ἀνθρώπου
1501 2770 1646 2824 κατὰ
1693 2771 1881 2841 μόνας,

300 2865 548 2918 τουτέστι
581 2865 690 2917 τῶν
745 2863 964 2918 οἰκείων
1021 2863 1204 2935 μερῶν
1255 2863 1360 2917 ἀνά
1409 2862 1574 2934 μέρος
1617 2862 1712 2916 καὶ
1758 2861 1884 2916 καθ’

301 2957 472 3011 ἑαυτὰ
507 2957 930 3028 ἐπινοουμένων,
962 2956 998 3027 ἢ
1051 2957 1334 3026 κρείττονα
1375 2951 1516 3008 εἶναι
1556 2955 1698 3008 κατά
1725 2972 1798 3020 τι,
1842 2954 1875 3025 ἢ

299 3051 526 3121 ἥττονα.
584 3051 667 3104 Τὰ
719 3050 827 3121 γὰρ
881 3049 992 3133 τῶν
1046 3049 1504 3119 ἀποτελεσμάτων
1558 3049 1698 3118 μέρη
1756 3047 1881 3100 καθ’

302 3139 496 3206 ἑαυτὰ,
537 3139 632 3192 καὶ
673 3140 841 3210 χωρὶς
885 3138 986 3208 τῆς
1019 3138 1157 3210 πρὸς
1196 3137 1399 3208 ἄλληλα
1429 3135 1733 3199 συνθέσεως
1764 3138 1882 3188 ὲπι-

301 3232 592 3303 νοούμενα,
621 3231 838 3294 πάντως
884 3229 1027 3284 κατά
1069 3246 1122 3283 τι
1171 3230 1205 3302 ἢ
1260 3229 1546 3299 κρείττονα
1599 3227 1633 3299 ἢ
1684 3228 1880 3298 ἥττονα

301 3318 618 3387 εὑρίσκεται
647 3316 739 3370 τοῦ
773 3315 834 3381 ἐξ
861 3317 1040 3370 αὐτῶν
1069 3316 1510 3387 ἀποτελέσματος
1534 3332 1549 3347 ·
1589 3311 1701 3369 οἷον
1741 3315 1878 3368 λίθοι

301 3380 399 3462 καλ
434 3407 584 3474 ξύλα,
633 3408 776 3479 μέρη
805 3380 954 3460 οἴκου
1000 3407 1033 3478 ἢ
1066 3407 1196 3460 ναοῦ
1247 3380 1354 3461 τοῦ·
1385 3407 1490 3460 ὑπὸ
1534 3406 1878 3477 Σολομῶντος
1905 3380 1950 3441 C

302 3499 616 3562 κτισθέντος
638 3513 653 3528 ·
699 3499 794 3552 καὶ
823 3499 1090 3570 πρόδηλον
1131 3500 1213 3552 ὅτι
1242 3499 1505 3569 ἑκάτερον
1533 3498 1654 3552 καθ’
1695 3497 1877 3564 ἑαυτὸ,

299 3588 466 3663 ἦττον
517 3593 612 3646 τοῦ
652 3593 774 3646 ὅλου
820 3594 1007 3646 οἴκου·
1055 3592 1220 3645 πάλιν
1271 3590 1546 3654 ὑάκινθος,
1598 3589 1876 3662 πορφύρα,

303 3683 556 3737 κόκκινον
586 3683 987 3755 κεκλωσμὲνον,
1027 3683 1228 3755 βύσσος
1259 3683 1562 3754 νενησμένη
1604 3683 1745 3754 μέρη
1784 3685 1877 3736 τοῦ

306 3776 799 3847 καταπετάσματος
827 3776 926 3848 τῆς
982 3777 1218 3848 σκηνῆς·
1267 3777 1363 3830 καὶ
1408 3774 1617 3830 τούτων
1648 3775 1879 3831 ἕκαστον

305 3867 451 3921 κατὰ
479 3867 645 3938 μόνας
673 3866 892 3919 ἔλαττον
925 3867 1209 3939 προδήλως
1241 3867 1336 3920 τοῦ
1363 3862 1880 3938 καταπετάσματος·

304 3957 479 4020 οὕτως
510 3957 608 4010 καὶ
650 3957 747 4011 ἐπὶ
782 3957 876 4011 τοῦ
913 3957 1224 4027 ἀνθρώπου.
1278 3958 1437 4011 Κατὰ
1467 3959 1565 4028 μὲν
1593 3957 1717 4022 τοὺς
1741 3959 1881 4030 Χρι-

303 4047 556 4110 στιανοὺς
610 4048 874 4118 κρείττων
901 4049 928 4101 ό
969 4048 1254 4119 ἄνθρωπος
1301 4048 1434 4104 αὐτὸ
1475 4049 1635 4103 τοῦτο
1661 4049 1721 4103 τὸ
1761 4051 1880 4104 ὅλον

303 4139 464 4203 ζῶον,
497 4140 594 4193 καὶ
622 4139 722 4212 τῆς
753 4140 932 4210 ψυχῆς
978 4141 1073 4193 καὶ
1117 4139 1212 4193 τοῦ
1255 4141 1504 4212 σώματος
1528 4155 1543 4168 ·
1583 4141 1706 4194 ἐπεὶ
1741 4140 1882 4212 μετὰ

301 4230 402 4302 τὴν
429 4231 606 4296 ἔξοδον
636 4233 738 4303 τῆς
762 4233 942 4304 ψυχῆς
973 4235 1038 4287 ὲκ
1086 4233 1181 4287 τοῦ
1232 4233 1502 4302 σώματος,
1541 4235 1636 4287 καὶ
1670 4235 1705 4305 ἡ
1736 4233 1882 4306 ψυχὴ

302 4323 440 4394 πρὸς
480 4324 762 4396 ἐνέργειαν
823 4325 1180 4398 αὐτοκίνητον
1237 4327 1514 4391 ἀδυνάτως
1556 4325 1669 4397 ἔχει
1707 4327 1782 4388 ὡς
1821 4328 1880 4382 ἐν

303 4413 456 4487 ὕπνῳ
491 4416 796 4489 βαθυτάτῳ,
834 4418 929 4472 καὶ
967 4419 1101 4492 μηδὲ
1132 4419 1334 4489 ἑαυτὴν
1393 4419 1730 4491 ἐπισταμένη
1761 4418 1879 4473 διά-

300 4524 472 4575 γουσα
495 4525 510 4540 ·
538 4511 630 4562 καὶ
672 4508 780 4562 τῶν
814 4509 953 4580 μετὰ
1007 4509 1102 4562 τοῦ
1161 4509 1413 4581 σώματος
1449 4512 1702 4584 πράξεων
1732 4511 1873 4566 κατὰ
1904 4513 2002 4582 τὴν
2037 4508 2188 4562 θείαν
2230 4508 2268 4559 Γ
2275 4507 2453 4577 ραφὴν
2485 4506 2817 4577 ἐκδεχομένη
2861 4507 2960 4575 τὴν
2996 4508 3230 4578 ἀμοιϐήν
3255 4527 3269 4542 ·

1985 674 2042 729 in
2093 675 2208 730 suis
2253 677 2597 731 naturalibus
2639 675 2921 731 videbitur
2954 694 3056 748 per
3102 679 3556 743 incarnationem,

1983 767 2040 813 et
2059 758 2368 829 imperfecti
2381 759 2782 830 judicabuntur
2799 761 2962 816 Pater
2983 770 3040 816 et.
3061 762 3297 831 Spiritus
3313 772 3556 818 sanctus.

1983 849 2127 915 Quid
2161 859 2354 906 autem
2391 851 2484 906 his
2534 852 2706 922 magis
2736 853 3009 922 impium?
3038 854 3391 910 Pcrsonalem
3423 871 3560 926 quo-

1983 956 2092 1010 que
2143 940 2379 995 dicimus
2425 941 2480 995 in
2518 940 2747 997 Christo
2785 943 3070 1006 unionem,
3129 944 3225 999 sed
3281 945 3558 1000 contrario

1983 1043 2147 1084 sensu
2183 1044 2293 1098 quo
2317 1028 2559 1084 diximus
2578 1029 2886 1083 naturalem
2914 1046 2926 1082 :
2965 1030 3084 1083 Non
3115 1031 3263 1084 enim
3287 1046 3554 1100 persona-

1985 1133 2108 1172 rum
2131 1126 2217 1173 est
2269 1119 2422 1186 unio,
2455 1118 2552 1174 sed
2585 1117 2890 1172 secundum
2914 1118 3153 1174 Verbum
3167 1121 3288 1190 ejus
3303 1120 3560 1174 substan-

1984 1211 2137 1266 tiam.
2171 1211 2330 1267 Sicut
2358 1211 2508 1266 enim
2564 1210 2766 1264 Filium
2799 1226 2827 1266 a
2877 1210 3037 1264 Patre
3074 1219 3130 1264 et
3175 1210 3386 1280 Spiritu
3433 1226 3561 1264 san-

1991 1312 2082 1359 cto
2129 1303 2232 1359 sibi
2265 1301 2838 1357 consubstantialibus
2857 1301 3082 1371 proprie
3105 1300 3392 1366 discernit,
3413 1302 3559 1372 quod

1941 1419 1950 1432 ι
1986 1398 2058 1453 sit
2098 1397 2319 1468 genitus
2343 1404 2400 1451 et
2424 1411 2492 1450 ex
2515 1411 2573 1451 se
2599 1395 2840 1450 Verbum
2859 1404 2914 1449 et
2935 1393 3138 1448 similia
3167 1394 3296 1459 alia,
3320 1394 3401 1450 sic
3431 1410 3559 1450 eum

1983 1489 2294 1544 necessario
2318 1489 2439 1559 ejus
2460 1487 2788 1550 incarnatio,
2817 1501 2926 1542 non
2967 1495 3149 1541 autem
3174 1487 3344 1551 aliud,
3369 1487 3562 1542 abillis

1984 1581 2547 1637 consubstantialibus
2581 1587 2637 1634 et
2661 1579 3006 1648 incorporeis
3048 1578 3302 1650 personis
3354 1579 3562 1635 discer-

1984 1676 2088 1738 nit,
2138 1684 2193 1730 et
2215 1674 2333 1728 hinc
2373 1673 2717 1743 acquisititia
2747 1672 2972 1743 quidem
3002 1681 3087 1726 est
3107 1671 3436 1742 proprietas,
3462 1671 3558 1728 sed

1983 1782 2202 1836 semper
2248 1764 2633 1835 inseparabilis
2664 1773 2721 1818 et
2773 1763 2831 1818 in
2865 1763 3030 1818 Verbi
3083 1763 3310 1833 quidem
3388 1763 3562 1833 hypo-

1983 1857 2117 1912 stasi
2165 1855 2569 1910 manifestatur.
2623 1853 2731 1910 Sed
2799 1853 2960 1908 aliam
2997 1869 3218 1924 quoque
3262 1853 3562 1922 impietatis

1985 1949 2332 2006 occasionem
2382 1949 2514 2003 inde
2557 1956 2836 2002 sumentes
2871 1946 3017 2016 quod
3043 1961 3154 2000 non
3209 1946 3384 2016 possit
3432 1962 3560 2016 pars

1987 2048 2159 2103 altera
2201 2045 2300 2101 toti
2335 2061 2456 2101 esse
2487 2044 2738 2114 aequalis,
2785 2043 3143 2113 reiiciendam
3173 2059 3295 2100 esse
3332 2053 3560 2100 conten-

1985 2139 2124 2195 dunt
2158 2139 2216 2194 in
2254 2139 2476 2194 Christo
2503 2137 2672 2193 Verbi
2701 2145 2758 2192 et
2799 2137 2984 2192 carnis
3010 2137 3309 2203 unionem;
3350 2146 3409 2192 ct
3441 2138 3559 2194 hac

1983 2247 2085 2303 pro
2122 2246 2224 2286 suo
2259 2230 2410 2285 dicto
2428 2229 2669 2286 afferunt
2699 2245 2712 2282 :

2634 2539 2786 2595 CAP.
2825 2539 2912 2594 ιι.

2056 2677 2362 2736 Dicendum
2388 2677 2470 2732 eis
2499 2685 2586 2730 est
2605 2675 2888 2730 Christum
2915 2675 3120 2746 ipsum,
3151 2675 3240 2731 vel
3272 2676 3387 2732 Deo
3417 2676 3557 2742 solo,

1983 2773 2069 2830 vel
2105 2771 2325 2826 homine
2359 2769 2498 2833 solo,
2530 2767 2584 2821 id
2613 2775 2698 2823 est
2734 2766 2851 2822 suis
2895 2767 3146 2836 partibus
3181 2769 3480 2838 separatim
3505 2781 3563 2830 et

1985 2865 2042 2920 in
2075 2881 2134 2920 se
2164 2861 2552 2926 consideratis,
2579 2860 2665 2915 vel
2687 2860 2974 2914 meliorem
2999 2875 3120 2914 esse
3159 2861 3246 2916 vel
3287 2862 3557 2932 pejorem.

1991 2955 2183 3013 Omnis
2217 2955 2366 3010 enim
2403 2951 2694 3024 compositi
2719 2959 2907 3022 partes
2937 2951 2991 3006 in
3021 2968 3079 3008 se
3101 2961 3159 3007 et
3188 2953 3561 3025 independeu.

1985 3055 2070 3100 ter
2119 3043 2186 3098 ad
2232 3058 2387 3098 suam
2438 3041 2723 3105 unionem,
2771 3039 2860 3094 vel
2902 3039 3162 3094 meliores
3208 3041 3292 3095 vel
3344 3043 3560 3114 pejores

1985 3135 2303 3191 necessario
2340 3143 2469 3188 sunt
2500 3141 2616 3186 toto
2644 3147 2712 3186 ex
2741 3131 2877 3202 ipsis
2907 3132 3252 3189 coalescente
3277 3151 3292 3200 ;
3317 3137 3556 3206 exempli

1983 3229 2180 3299 gratia,
2212 3226 2421 3296 lapides
2462 3233 2518 3280 et
2555 3224 2726 3294 ligna,
2763 3239 2886 3294 qua:
2937 3233 3124 3295 partes
3185 3235 3314 3281 sunt
3362 3227 3560 3283 domus

1983 3320 2069 3374 vel
2133 3317 2321 3387 templi
2377 3315 2707 3380 Salomonis,
2762 3313 2991 3370 evidens
3043 3325 3128 3371 est
3151 3317 3365 3372 minora
3412 3334 3555 3383 esse,

1983 3409 2198 3479 singula
2218 3407 2341 3463 etin
2365 3422 2446 3473 se,
2462 3415 2576 3462 teta
2591 3406 2776 3460 domo.
2806 3405 2898 3460 Sic
2919 3405 3270 3477 hyacinthus,
3290 3425 3554 3480 purpura,

1984 3501 2296 3565 coccinum,
2323 3499 2518 3571 byssus
2540 3498 2703 3552 simul
2736 3497 2945 3552 intexta
2999 3507 3184 3568 partes
3210 3508 3340 3554 sunt
3389 3501 3550 3556 animi

1984 3593 2346 3658 tabernaculi,
2402 3607 2595 3646 eorum
2651 3599 2836 3645 autem
2889 3592 3322 3663 unumquodque
3375 3594 3557 3649 mani-

1983 3687 2121 3742 feste
2158 3685 2340 3739 minus
2394 3694 2478 3739 est
2536 3683 2729 3738 aulaeo.
2791 3682 2884 3737 Sic
2927 3684 3093 3738 etiam
3149 3683 3218 3739 de
3275 3685 3553 3741 homine:

1983 3774 2286 3830 secundum
2347 3771 2494 3826 enim
2551 3769 2915 3837 Christianos,
2978 3771 3175 3826 melior
3225 3782 3309 3828 est
3366 3773 3552 3839 homo,

1985 3866 2187 3921 animal
2216 3862 2349 3918 illud
2379 3871 2576 3926 totum,
2603 3869 2660 3916 et
2684 3861 2865 3915 anima
2892 3870 2948 3916 et
2979 3878 3211 3933 corpore
3240 3881 3256 3931 ;
3280 3863 3555 3934 siquidem

1984 3965 2108 4028 post
2129 3955 2324 4010 animae
2347 3953 2651 4008 discessum
2675 3969 2745 4008 ex
2765 3969 3019 4024 corpore,
3040 3955 3222 4011 anima
3252 3973 3365 4010 non
3391 3957 3558 4012 habet

1986 4058 2194 4103 motum
2217 4045 2322 4101 sibi
2358 4044 2664 4115 proprium,
2704 4053 2766 4099 ut
2800 4044 2942 4100 litin
2970 4047 3151 4102 altiori
3190 4063 3406 4112 somno,
3453 4065 3558 4105 nec

1980 4155 2040 4195 se
2071 4139 2246 4208 ipsam
2274 4135 2578 4207 cognoscit,
2626 4147 2683 4190 et
2732 4151 2923 4192 eorum
2979 4154 3101 4208 qua:
3150 4154 3276 4194 cum
3325 4156 3558 4212 corpore

1981 4232 2113 4302 egit,
2137 4228 2442 4285 secundum
2467 4227 2684 4283 divinas
2705 4225 3020 4299 Scripturas
3043 4231 3315 4286 rationem
3339 4233 3554 4295 reddet.

1981 4325 2115 4395 quin
2141 4321 2367 4393 effugiat
2397 4335 2498 4375 suo
2531 4336 2563 4374 a
2599 4335 2834 4390 corpore
2881 4321 3130 4377 discessu
3175 4332 3273 4378 aut
3304 4324 3361 4380 in
3402 4327 3558 4399 pejus

1981 4425 2211 4477 mutata,
2243 4431 2310 4470 ne
2353 4413 2654 4484 Scriptum
2685 4413 2980 4469 mendaces
3017 4415 3347 4473 efﬁciantur.

3334 4508 3558 4575 ἅστινας

299 4602 400 4654 οὐκ
418 4600 741 4669 ἐκφεύξεται
761 4600 840 4670 τῷ
868 4599 1133 4671 χωρισμῷ
1159 4599 1252 4653 τοῦ
1275 4601 1530 4671 σώματος
1553 4643 1568 4668 ,
1607 4596 1726 4655 οὐδὲ
1756 4603 1850 4655 ἐπὶ
1885 4600 1946 4654 τὸ
1977 4601 2158 4671 χεῖρον
2192 4598 2530 4668 τρεπομένη,
2568 4596 2652 4648 ἵνα
2679 4596 2753 4664 μὴ
2774 4594 2844 4647 τὰ
2876 4594 2973 4664 τῆς
2991 4595 3208 4668 Γραφῆς
3233 4598 3562 4674 memor}.

371 4693 593 4755 Τούτοις
621 4692 678 4745 δὲ
706 4691 920 4756 ἕπεται,
947 4691 1022 4762 τῷ
1061 4691 1196 4762 μηδὲ
1225 4692 1322 4744 ἐπὶ
1345 4692 1406 4745 τὸ
1434 4692 1872 4764 κρεῖττον,λέγω.

2051 4689 2130 4742 Ex
2161 4702 2228 4742 eo
2262 4686 2410 4756 quod
2435 4701 2538 4740 nec
2569 4685 2623 4738 in
2651 4685 2847 4739 melius
2869 4700 2974 4741 nec
3003 4685 3058 4739 in
3086 4689 3243 4758 pejus
3287 4697 3553 4756 mutatur,

299 4785 440 4858 μηδὲ
489 4786 584 4838 ἐπὶ
630 4782 691 4835 τὸ
734 4784 916 4852 χεῖρον
981 4781 1315 4853 τρέπεσθαι,
1359 4783 1392 4854 ἢ
1440 4783 1500 4834 τὸ
1559 4782 1874 4836 παντέλειαν

298 4877 479 4929 ἐκεῖνο
507 4874 600 4926 καὶ
645 4873 708 4925 τὸ
759 4871 1182 4942 παμμακάριον,
1231 4873 1292 4925 τὸ
1342 4870 1791 4942 προσδοκώμενον
1818 4874 1874 4925 ἐν

297 4971 365 5039 τῇ
387 4964 682 5021 ἀναστάσει
712 4965 910 5016 ἐνεῖναι
938 4965 1004 5033 τῇ
1031 4962 1189 5032 φύσει
1221 4963 1343 5035 ἤδη,
1371 4963 1404 5033 ἢ
1435 4964 1495 5016 τὸ
1528 4965 1705 5035 πάντη
1746 4966 1877 5036 ησυ-

297 5060 486 5132 χάζειν
519 5057 578 5112 τὺ
603 5056 840 5125 λογικὸν,
869 5056 990 5109 ἐπεὶ
1023 5056 1186 5126 μηδὲν
1226 5057 1666 5128 αὑτοπροαιρέτῳ
1711 5057 1872 5128 βουλῇ

297 5154 617 5222 κινούμενον
648 5148 874 5221 μηδενὸς
914 5148 1034 5218 ἕχον
1073 5149 1209 5211 ὅλως
1252 5149 1504 5220 αἴσθησίν
1531 5150 1706 5202 ἐστιν·
1739 5149 1878 5204 ἀλλὰ

295 5247 357 5299 τὸ
389 5245 658 5316 πρότερον
683 5241 792 5294 οὐδ’
835 5240 1280 5309 εἰσκεκόμισται·
1323 5241 1416 5293 τοῦ
1446 5239 1582 5294 Θεοῦ
1627 5241 1873 5312 κρεῖττόν

294 5357 349 5392 τι
382 5335 830 5405 προὸλεψαμένου
867 5332 993 5403 περὶ
1035 5331 1218 5402 ἡμῶν,
1255 5333 1342 5385 ἵνα
1391 5333 1465 5403 μὴ
1519 5333 1686 5403 χωρὶς
1714 5333 1873 5403 ἡμῶν

295 5431 346 5483 οἱ
377 5428 630 5499 πρότεροι
658 5423 985 5480 τελειωθῶσι
1005 5440 1020 5454 ·
1051 5423 1112 5477 τὸ
1138 5422 1391 5493 δεύτερον
1420 5425 1528 5495 ἄρα
1559 5423 1676 5477 ἐστί
1705 5441 1717 5454 ·
1751 5425 1873 5478 καθ’

295 5524 446 5594 ἡμᾶς
472 5516 564 5574 οῦν
595 5519 722 5580 τοὺς
747 5517 1112 5588 Χριστιανοὺς
1152 5520 1211 5570 οὐ
1248 5516 1512 5588 κρείττων
1537 5520 1565 5571 ὁ
1591 5517 1877 5590 ἄνθρωπος
1914 5520 1921 5528 ’

296 5614 408 5667 τῶν
441 5610 658 5664 οἰκείων
692 5609 874 5679 μερῶν
903 5607 1025 5662 καθ’
1056 5609 1225 5662 ἑαυτὰ
1249 5609 1640 5681 θεωρουμένων
1669 5612 1880 5665 δείκνυ-

296 5725 388 5761 ται
409 5723 420 5736 ·
448 5704 588 5758 κατὰ
604 5703 660 5755 δὲ
687 5703 814 5765 τοὺς
842 5702 1110 5772 ’Έλληνας
1143 5704 1239 5756 καὶ
1264 5705 1388 5768 τοὺς
1417 5705 1756 5776 Μανιχαίους
1783 5705 1878 5759 τοῦ

299 5799 400 5867 μὲν
453 5795 700 5866 σώματος
741 5793 1004 5864 κρείττων
1043 5796 1070 5846 ὁ
1103 5794 1386 5865 ἄνθρωπος
1407 5813 1421 5828 ·
1457 5797 1558 5867 τῆς
1585 5797 1640 5850 δὲ
1676 5797 1875 5868 ψυχῆς,

299 5893 476 5962 ἥττων
538 5888 711 5956 τούτῳ
769 5884 845 5955 τῷ
903 5885 1069 5955 λόγῳ.
1107 5887 1149 5938 Τ
1155 5886 1218 5955 ὴν
1266 5889 1365 5953 μὲν
1413 5890 1523 5959 γὰρ
1568 5889 1744 5961 ψυχὴν
1781 5891 1874 5943 καὶ

623 5981 892 6040 ΡΑτιιοι.
935 5976 1051 6038 Gn.
1097 5979 1430 6043 LXXXVI.

1983 4779 2112 4833 inde
2163 4779 2414 4847 sequitur
2469 4778 2554 4831 vel
2601 4777 2692 4830 ille
2725 4785 2903 4832 status
2951 4777 3133 4833 omnis
3176 4779 3552 4848 perfectionis,

1984 4871 2374 4938 immensaque
2418 4867 2784 4922 beatitudinis
2826 4884 2991 4938 quem
3041 4869 3096 4923 in
3145 4873 3554 4930 resurrectione

1982 4971 2383 5033 exspectamus,
2439 4962 2526 5015 vel
2574 4961 2806 5016 rationis
2874 4961 3124 5016 absoluta
3175 4962 3555 5030 immobilitas,

1981 5075 2108 5114 cum
2152 5058 2292 5112 nihil
2346 5065 2650 5126 spontanea
2739 5055 3017 5110 voluntate
3063 5057 3295 5113 minimc
3345 5067 3557 5114 motum

1981 5154 2189 5209 nullius
2223 5153 2304 5208 rei
2336 5167 2555 5207 sensum
2585 5151 2818 5213 habeat,
2847 5149 2943 5205 sed
2985 5150 3138 5220 prius
3178 5153 3424 5207 nondum
3455 5155 3554 5209 ad-

1980 5246 2152 5310 venit,
2179 5245 2290 5300 Deo
2315 5243 2512 5297 melius
2540 5241 2704 5296 nobis
2739 5241 3065 5311 providente
3088 5259 3156 5298 ne
3178 5253 3581 5302 antecessores.

1981 5337 2155 5392 nostri
2189 5337 2306 5390 sine
2338 5335 2497 5389 nobis
2527 5333 2755 5404 perfecti
2784 5332 2950 5398 liant;
2978 5335 3256 5402 posterius
3297 5352 3428 5408 ergo
3459 5353 3556 5393 ve.

1981 5446 2103 5484 rum
2137 5437 2259 5495 est;
2286 5426 2593 5484 secundum
2630 5441 2732 5480 nos
2757 5426 2964 5480 etenim
2987 5426 3352 5496 Christianos,
3387 5429 3556 5484 homo

1983 5539 2093 5576 non
2138 5529 2222 5576 est
2250 5520 2444 5575 melior
2489 5518 2722 5588 singulis
2769 5519 3018 5588 partibus
3047 5520 3250 5588 quibus
3299 5532 3552 5587 constat;

1980 5615 2282 5671 secundum
2342 5627 2476 5668 vero
2527 5614 2746 5668 Gnaeos
2788 5619 2845 5668 et
2891 5613 3240 5681 Manichazos,
3295 5630 3527 5685 corpore

1980 5709 2176 5762 melior
2204 5715 2289 5762 est
2312 5707 2500 5771 homo,
2533 5706 2714 5760 anima
2742 5721 2875 5761 vero
2903 5707 3081 5776 pejor,
3102 5717 3325 5777 propter
3345 5708 3554 5763 hancce

1983 5801 2252 5855 rationem
2283 5817 2296 5852 :
2327 5799 2569 5852 animam
2596 5797 2808 5854 scilicet
2835 5799 3072 5853 credunt
3107 5800 3326 5868 corpori
3354 5816 3554 5869 praeex-

1978 5893 2174 5947 sisterc
2205 5891 2338 5961 quin
2374 5907 2514 5962 opus
2543 5891 2743 5947 habeat
2780 5891 3152 5961 corporalium
3179 5905 3460 5955 sensuum,
3496 5899 3556 5948 et

3003 5982 3078 6043 ίι8
