4032 6544
501 447 636 512 1515

1761 441 2074 504 LEONTII
2115 441 2526 504 BYZANTINI

3635 446 3766 510 1516

496 576 795 636 antequam
839 564 894 619 in
929 576 1133 632 corpus
1186 546 1368 625 cadat,
1408 566 1467 612 ut
1499 557 1714 622 dicunt,
1765 557 1901 611 nihil
1933 556 2086 627 igno-

2190 557 2568 628 προϋπάρχειν
2595 555 2768 610 οἴδασι
2819 556 2913 610 τοῦ
2964 555 3234 628 σώματος,
3291 559 3517 631 ἀνενδεῆ
3555 578 3616 614 τε
3664 564 3769 614 τῶν

499 675 646 723 rare,
676 658 818 712 sicut
859 671 960 710 nec
990 663 1116 725 post
1144 653 1263 724 ejus
1311 651 1380 706 ab
1425 665 1496 706 eo
1529 649 1840 704 discessum
1885 667 1896 701 :
1933 647 2079 702 unde

498 764 565 825 ea
611 749 861 819 pejorem
909 746 1256 800 arbitrantur
1294 742 1600 806 hominem,
1638 739 1909 810 siquidem
1952 755 2081 794 eum

497 841 698 895 dicunt
739 840 922 910 seipsa
970 839 1216 910 pejorem
1254 837 1374 892 fieri
1403 851 1469 892 ex
1502 851 1600 891 sua
1644 836 1698 890 in
1729 849 1983 904 corpore,
2024 842 2086 888 ut

500 933 829 1003 loquuntur,
859 932 1207 1003 captivitate.
1265 930 1372 986 Sed
1405 930 1762 985 manifestum
1790 935 1875 982 est
1899 926 2084 980 homi-

499 1041 628 1081 nem
650 1041 884 1097 corpore
905 1041 1028 1081 esse
1052 1024 1342 1079 meliorem
1374 1022 1523 1093 quod
1551 1030 1828 1076 mortuum
1856 1029 2086 1090 apparet

499 1131 627 1193 post
665 1121 864 1176 animae
906 1119 1234 1182 discessum,
1263 1133 1389 1172 cum
1431 1131 1634 1186 corpus
1659 1116 1842 1184 scipso
1883 1113 2084 1170 melius

500 1222 768 1284 appareat
793 1221 1088 1282 antequam
1108 1210 1176 1264 ab
1199 1209 1384 1264 anima
1406 1218 1720 1280 separetur,
1750 1224 1817 1262 ex
1847 1222 1915 1261 eo
1935 1206 2082 1276 quod

498 1313 628 1374 post
671 1302 1077 1374 separationem
1129 1300 1198 1355 ab
1249 1299 1436 1354 anima
1495 1308 1599 1363 est,
1654 1299 1861 1368 liquet;
1900 1296 1974 1350 ita
2021 1305 2084 1351 ut

502 1392 872 1463 compositum
918 1391 991 1446 sit
1036 1390 1154 1445 suis
1188 1390 1444 1460 partibus
1498 1390 1555 1444 in
1601 1404 1661 1444 se
1723 1389 1958 1459 sumptis
1993 1388 2081 1443 vel

501 1484 706 1538 melius
760 1483 846 1538 vel
894 1483 1095 1554 pejus;
1139 1481 1287 1536 unde
1317 1481 1708 1536 necessitatem
1742 1481 1949 1536 habent
1993 1480 2081 1535 di-

502 1577 666 1632 cendi
694 1576 976 1632 Christum
1011 1591 1174 1630 suum
1218 1575 1304 1630 vel
1339 1575 1626 1629 meliorem
1654 1590 1776 1630 esse
1810 1574 1896 1628 vel
1933 1575 2084 1644 pejo-

503 1685 619 1723 rcm
654 1670 708 1723 in
736 1669 922 1738 aliquo
969 1669 1224 1738 partibus
1255 1668 1373 1722 suis
1399 1667 1455 1721 in
1479 1683 1537 1722 se
1573 1667 1830 1737 sumptis.
1874 1668 1918 1720 si
1953 1681 2081 1721 vere

503 1777 679 1816 unum
707 1762 910 1816 animal
937 1771 1020 1816 cst
1042 1760 1320 1825 Christus,
1339 1761 1496 1832 juxta
1521 1759 1646 1814 illos
1670 1775 1737 1814 ex
1768 1759 1881 1813 Deo
1898 1758 2082 1815 Verbo

507 1863 566 1908 et
601 1869 768 1908 carne
803 1853 1197 1923 compositum.
1250 1851 1356 1907 Sed
1411 1852 1456 1908 si
1514 1853 1803 1906 meliorem
1853 1851 2072 1914 dicunt,

504 1943 672 2014 impie
715 1944 932 2004 dicunt.
965 1944 1172 2013 aliquid
1213 1943 1572 1998 commentati
1610 1943 1722 1998 Deo
1756 1942 2082 2012 perfectius,

469 2059 471 2061 ί
501 2035 651 2106 quod
685 2051 908 2090 necesse
931 2035 1138 2090 habent
1176 2034 1338 2089 fateri
1373 2036 1532 2090 Patre
1567 2043 1621 2089 et
1647 2035 1859 2105 Spiritu
1891 2043 2084 2089 sancto

503 2127 684 2198 majus
713 2142 860 2181 csse.
886 2125 947 2180 Si
979 2125 1128 2180 enim
1177 2125 1383 2180 animal
1415 2127 1547 2181 illud
1571 2128 1742 2197 quod,
1778 2125 2084 2181 secundum

503 2219 652 2282 illos,
686 2234 754 2272 ex
775 2217 957 2272 Verbo
998 2217 1110 2271 Deo
1139 2225 1197 2270 et
1241 2231 1409 2271 carne
1438 2224 1677 2281 constat,
1696 2215 1898 2270 melius
1921 2215 2085 2269 estin

503 2309 694 2379 aliquo
722 2307 910 2364 Verbo
943 2307 1132 2361 divino
1162 2307 1217 2362 in
1261 2322 1320 2362 se
1355 2315 1596 2376 sumpto,
1641 2307 1840 2360 melius
1865 2322 2085 2376 quoque

504 2398 799 2454 manifeste
843 2399 954 2453 erit
991 2399 1152 2454 Patre
1187 2406 1243 2452 et
1288 2397 1500 2467 Spiritu
1539 2408 1730 2454 saneto
1760 2414 1868 2452 non
1905 2399 2086 2453 incar-

506 2491 676 2555 natis,
705 2490 983 2560 siquidem
1018 2490 1191 2545 Filius
1214 2489 1364 2543 Patri
1421 2499 1477 2545 et
1502 2490 1737 2560 Spiritui
1780 2479 1974 2545 saneto
2001 2498 2089 2546 est

504 2583 777 2653 aequalis;
811 2583 903 2638 ille
931 2591 1114 2637 autem
1151 2583 1242 2652 qui
1275 2585 1330 2639 in
1365 2583 1557 2653 aliquo
1597 2582 1693 2636 illo
1738 2583 1938 2635 melior
1978 2592 2084 2647 est,

505 2673 801 2729 evidenter
833 2674 996 2728 Patre
1041 2679 1098 2726 et
1133 2671 1341 2742 Spiritu
1371 2682 1565 2728 saneto
1617 2679 1702 2725 est
1746 2671 1966 2724 melior.
2028 2671 2086 2725 Si

505 2775 692 2819 autem
748 2765 908 2834 pejus
949 2763 1146 2818 dicunt
1172 2763 1308 2818 illud
1342 2763 1543 2818 animal
1573 2762 1755 2818 Verbo
1791 2762 1906 2816 Deo
1941 2761 1994 2815 in
2028 2776 2087 2816 se

505 2863 749 2926 sumpto,
775 2855 830 2908 in
864 2855 970 2909 hoc
995 2855 1163 2908 etiam
1196 2855 1350 2926 impii
1387 2863 1519 2910 sunt
1547 2871 1560 2907 :
1598 2853 1905 2908 secundum
1938 2853 2086 2907 enim

505 2947 748 3002 fabulam
777 2947 1094 3002 Graecorum
1118 2953 1175 3002 et
1200 2947 1629 3002 Manichaeorum
1654 2947 1721 3001 de
1749 2946 1933 3001 anima
1956 2947 2088 3002 Ver-

505 3038 641 3092 bum
670 3038 846 3092 Dcum
892 3036 1075 3107 seipse
1103 3043 1260 3108 pejus
1303 3036 1477 3093 fuisse
1532 3037 1736 3091 factum
1792 3047 2084 3092 asserunt:

505 3144 619 3184 non
645 3129 1029 3185 enimanimal
1063 3129 1206 3184 illud
1233 3143 1298 3184 ex
1327 3129 1439 3184 Deo
1487 3137 1544 3184 et
1586 3144 1753 3184 carne
1805 3137 2084 3192 constans,

2186 647 2281 700 τοῦ
2314 647 2568 718 σώματος
2613 649 2942 720 αἰσθήσεων,
2975 651 3070 704 καὶ
3114 652 3219 723 πρὸ
3257 652 3356 716 τῆς
3396 655 3478 716 είς
3519 654 3580 706 τὸ
3612 655 3772 724 σῶμα

2185 742 2615 808 καταπτώσεως,
2642 742 2718 807 ὥς
2751 761 2908 814 φασι,
2943 745 3108 816 μηδὲν
3134 746 3437 815 ἁγνοοῦσαν
3466 763 3482 777 ·
3513 747 3652 801 ἀλλὰ
3682 751 3773 802 καὶ

2189 832 2329 902 μετά
2354 834 2454 902 τὴν
2489 835 2554 887 ὲκ
2590 835 2782 889 τούτου
2833 836 3015 900 ἔξοδον
3051 837 3344 900 ὡσαύτως·
3395 839 3519 892 ὅθεν
3551 841 3647 893 καὶ
3679 841 3774 910 ἥτ-

2183 941 2314 978 τονα
2345 926 2552 980 οἴδασιν
2581 927 2753 998 αὐτῆς
2783 927 2875 981 τὸν
2925 929 3212 1001 ἄνθρωπον
3235 947 3250 961 θ
3285 931 3412 984 ἐπεὶ
3456 933 3554 986 καλ⁸
3609 933 3774 1002 αὐτὴν

2185 1017 2387 1088 ἑαυτῆς
2415 1018 2640 1088 χείρονα
2671 1018 2896 1087 λέγουσι
2929 1021 3184 1090 γενέσθαι
3225 1022 3314 1076 διὰ
3343 1023 3445 1093 τῆς
3471 1027 3530 1077 ἐν
3562 1024 3644 1093 τῷ
3671 1025 3774 1077 σῶ-

2188 1127 2318 1180 ματι
2351 1110 2624 1182 φυλακῆς,
2692 1112 2767 1176 ὥς
2796 1131 2950 1184 φασι.
3004 1115 3112 1170 Τοῦ
3166 1116 3222 1170 δὲ
3277 1117 3535 1188 σώματος
3580 1120 3776 1189 νεκροῦ

2186 1200 2564 1274 θεωρουμένου
2613 1205 2751 1273 μετὰ
2796 1205 2896 1276 τὴν
2926 1206 3198 1274 διάζευξιν
3245 1208 3347 1277 τῆς
3386 1208 3588 1279 ψυχῆς,
3638 1210 3776 1280 πρὸο

2183 1293 2343 1362 δηλον
2371 1294 2453 1347 ὅτι
2487 1295 2772 1367 κρείττων’
2794 1297 2824 1349 ὁ
2869 1297 3159 1369 ἄνθρωπος
3183 1314 3200 1328 ⁶
3241 1300 3366 1352 ἐπεὶ
3400 1301 3496 1354 καὶ
3545 1301 3678 1354 αὐτὸ
3715 1303 3778 1354 τδ

2186 1385 2348 1456 σῶμα
2378 1389 2628 1457 κρεῖττον
2658 1388 2855 1441 ἑαυτοῦ
2887 1389 3176 1460 θεωρεῖται
3221 1391 3328 1464 πρὸ
3365 1394 3460 1446 τοῦ
3485 1393 3775 1463 χωρισμοῦ

2181 1477 2278 1530 τοῦ
2307 1478 2370 1530 ἐκ
2391 1478 2490 1547 τῆς
2517 1477 2698 1548 ψυχῆς
2717 1497 2731 1511 ο
2773 1479 2849 1542 ὼς
2873 1481 3013 1551 πρὸς
3065 1482 3127 1535 τὸ
3179 1483 3316 1552 μετὰ
3343 1484 3406 1536 τὸ
3437 1485 3779 1556 χωρισθῆναι

2179 1573 2280 1642 τῆς
2310 1572 2488 1642 ψυχῆς
2513 1573 2849 1645 συνέστηκεν
2878 1577 3008 1646 ἄρα,
3054 1575 3130 1640 ὡς
3182 1577 3263 1631 ὃτι
3314 1578 3374 1630 τὸ
3425 1579 3781 1651 ἀποτέλεσμα

2179 1663 2290 1717 τῶν
2349 1665 2567 1718 οἰκείων
2623 1667 2825 1738 μερῶν.
2863 1667 2986 1720 καθ’
3035 1669 3204 1722 ἑαυτὰ
3258 1671 3692 1742 θεωρουμένων,
3743 1673 3778 1743 ἢ

2183 1754 2429 1824 κρεῖττόν
2464 1756 2580 1808 ἐστι
2607 1758 2746 1810 κατά
2778 1775 2852 1822 τι,
2885 1758 2917 1828 ἢ
2948 1753 3110 1830 ἦττον
3134 1777 3148 1791 '
3183 1760 3302 1814 ὅθεν
3338 1763 3553 1833 ἀνάγκη
3599 1763 3780 1830 λέγειν

2190 1846 2285 1900 καὶ
2308 1845 2541 1912 τούτοις,
2567 1848 2660 1901 τὸν
2686 1850 2921 1920 Χριστὸν
2953 1851 3155 1916 αὐτῶν,
3201 1852 3234 1922 ἢ
3285 1853 3484 1924 ἥττονα
3535 1850 3698 1916 εἶναι,
3745 1855 3779 1923 ἢ

2189 1941 2478 2010 κρείττονα
2513 1945 2657 1997 κατά
2699 1961 2752 1996 τι
2802 1944 2910 1999 τῶν
2952 1948 3172 2000 οίκείων
3219 1950 3402 2020 μερῶν
3435 1949 3560 2002 καθ’
3586 1952 3778 2014 ἑαυτὰ,

2187 2033 2624 2103 ὲπινοουμένων·
2674 2026 2740 2116 εἶ’
2763 2037 2900 2094 ὅλως
2932 2038 2991 2092 ἓν
3041 2040 3179 2104 ζῶόν
3231 2042 3348 2094 ἐστι
3403 2043 3530 2095 κατ’
3581 2044 3781 2104 αὑτοὶς

2185 2126 2214 2179 ὁ
2242 2126 2497 2196 Χριστὸς,
2531 2129 2595 2180 ὲκ
2620 2127 2756 2182 Θεοῦ
2790 2133 2883 2183 καὶ
2915 2131 3206 2199 ἀνθρώπου
3234 2134 3604 2189 ἁποτελεσθέν
3623 2151 3635 2161 ·
3663 2135 3781 2187 ἀλλ’

2199 2221 2248 2272 εί
2284 2221 2385 2290 μὲν
2413 2221 2722 2292 κρείττονα,
2763 2221 2994 2289 εἴποιεν,
3038 2225 3306 2280 δεδώκασι
3358 2228 3420 2280 τὸ
3452 2228 3671 2289 ἀσεϐὲς,
3695 2246 3784 2280 τε-

2186 2309 2457 2380 λειότερόν
2486 2329 2539 2364 τι
2568 2311 2661 2364 τοῦ
2718 2311 2853 2366 Θεοῦ
2889 2315 3289 2386 φανταζόμενοι
3316 2311 3483 2376 εἶναι.
3508 2318 3648 2388 ὅπερ
3687 2318 3782 2370 καὶ

2185 2397 2280 2451 τοῦ
2311 2399 2518 2470 Πατρδς
2539 2401 2750 2454 καὶτοῦ
2781 2403 3100 2471 Πνεύματος
3125 2403 3342 2474 ἀνάγκη
3369 2405 3553 2473 λέγειν
3582 2406 3778 2469 αὐτοὺς

2189 2491 2516 2560 ὑπέρτατον.
2553 2491 2615 2544 Εἰ
2647 2491 2758 2562 γὰρ
2790 2493 2851 2544 τὸ
2900 2494 3020 2546 κατ’
3062 2493 3260 2558 αὐτοὺς
3311 2496 3375 2547 ὲκ
3418 2493 3558 2546 Θεοῦ
3599 2493 3778 2560 Λόγου

2186 2583 2280 2636 καὶ
2310 2584 2512 2652 σαρκὸς
2553 2581 2713 2648 ζῶον,
2749 2587 2997 2652 κρεῖττον
3028 2585 3170 2638 κατά
3211 2603 3263 2638 τι
3294 2585 3388 2639 τοῦ
3435 2585 3572 2639 Θεοῦ
3602 2587 3777 2654 Λόγου

2187 2673 2310 2726 καθ’
2334 2674 2526 2726 ἑαυτὸν
2558 2675 2873 2746 νοουμένου,
2909 2675 3067 2729 τοῦτο
3095 2677 3228 2730 αὐτὸ
3258 2679 3509 2748 κρεῖττον
3532 2677 3779 2745 δηλονότι

2187 2765 2281 2819 καὶ
2309 2763 2402 2816 τοῦ
2435 2765 2651 2836 Πατρδς
2681 2767 2777 2819 καὶ
2807 2767 2902 2820 τοῦ
2931 2767 3252 2836 Πνεύματος
3296 2770 3372 2839 μὴ
3401 2770 3782 2838 συγκειμένων

2186 2859 2252 2928 τῇ
2283 2857 2481 2927 σαρκίο
2532 2858 2766 2930 ἐπείπερ
2816 2860 2929 2922 ἴσος
2975 2861 3003 2912 ό
3055 2859 3183 2922 Υἱὸς
3230 2859 3307 2930 τῷ
3361 2861 3538 2931 Πατρὶ
3581 2860 3676 2913 καὶ
3706 2859 3782 2926 τῷ

2190 2947 2504 3018 Πνεύματιο
2551 2949 2648 3003 καὶ
2694 2951 2722 3002 ὀ
2769 2949 2960 3003 τούτου
2997 2951 3262 3022 κρείττων
3295 2949 3460 3004 κατά
3496 2968 3571 3011 τι.
3608 2949 3782 3019 σαφὲς

2186 3037 2270 3090 ὅτι
2304 3037 2399 3090 καὶ
2431 3038 2524 3091 τοῦ
2558 3039 2771 3108 Πατρὸς
2803 3039 2900 3092 καὶ
2945 3039 3056 3094 τοῦ,
3091 3039 3410 3110 Πνεύματος
3447 3039 3544 3093 τοῦ
3595 3038 3778 3106 ἁγίου·

2189 3131 2238 3183 εί
2267 3131 2324 3184 δὲ
2355 3125 2521 3202 ἦττον
2569 3131 2775 3184 εἴποιεν
2826 3133 2976 3186 τουτὶ
3004 3133 3066 3186 τὸ
3112 3132 3252 3198 ζῶον
3281 3133 3373 3187 τοῦ
3415 3133 3553 3187 Θεοῦ
3602 3133 3782 3200 Λάγου

506 3221 837 3278 inveniretis
880 3221 991 3276 Deo
1040 3220 1244 3288 minus,
1297 3221 1404 3276 nisi
1451 3221 1607 3293 prius
1654 3222 1800 3277 Deus
1845 3220 2085 3277 Verbum

2190 3222 2314 3276 καθ’
2361 3221 2552 3284 ἑαυτὸν
2595 3221 2995 3294 θεωρουμένου,
3032 3225 3127 3276 καὶ
3155 3222 3328 3288 οὕτως
3357 3222 3618 3277 ἀσεϐοῦσι
3642 3239 3656 3251 ·
3689 3222 3786 3274 τὸν

505 3315 691 3385 seipso
733 3315 891 3385 pejus
931 3312 1135 3369 factum
1173 3312 1389 3368 fuisset.

2185 3312 2320 3366 Θεὸν
2347 3312 2456 3383 γὰρ
2485 3312 2656 3381 Λόγον
2691 3314 2891 3384 ἥττονα
2941 3314 3138 3368 ἑαυτοῦ
3183 3313 3493 3368 δεικνύουσι
3539 3313 3786 3383 γεγενῆ-

508 3409 634 3463 σθαι
669 3407 810 3460 κατὰ
853 3405 944 3458 τὸν
981 3403 1089 3457 τῶν
1141 3403 1408 3476 Ἑλλήνων
1451 3405 1548 3458 καὶ
1594 3405 1912 3475 Μανιχαίων
1967 3403 2099 3476 περὶ
2136 3405 2236 3476 τῆς
2264 3403 2444 3474 ψυχῆς
2469 3404 2660 3474 μῦθον.
2705 3407 2820 3460 Οὐκ
2849 3407 2914 3460 ἂν
2976 3409 3085 3480 γὰρ
3112 3408 3174 3461 τὸ
3201 3411 3266 3462 ὲκ
3288 3407 3421 3462 Θεοῦ
3449 3409 3545 3462 καὶ
3575 3407 3787 3478 σαρκὸς

507 3504 668 3569 ζῶον,
705 3497 870 3575 ἦττον
922 3500 1212 3572 ηὑρίσκετε
1270 3499 1366 3554 τοῦ
1424 3498 1561 3554 Θεοῦ
1615 3500 1758 3554 κατὰ
1809 3499 1998 3572 μόνας,
2037 3499 2088 3553 εί
2128 3497 2205 3573 μὴ
2268 3499 2536 3570 πρότερον
2564 3499 2726 3564 αὐτὸς
2775 3501 2960 3566 όΘεδς
3028 3503 3201 3578 Λόγος
3239 3502 3416 3573 ἥττων
3453 3501 3652 3556 ἑαυτοῦ
3692 3501 3790 3566 γέν-

515 3609 696 3663 γονεν.

585 3686 667 3743 Ad
701 3684 816 3739 haec
866 3685 1115 3739 dicemus
1175 3663 1376 3754 reipsa'
1399 3683 1704 3754 composita
1741 3699 1808 3739 ex
1842 3683 2093 3756 partibus

508 3779 597 3835 vel
638 3776 866 3832 meliora
909 3789 1030 3830 esse
1083 3773 1168 3829 vel
1215 3774 1404 3844 pejora
1455 3790 1786 3845 unaquaque
1841 3774 2088 3845 partium

509 3884 770 3935 suarum;
797 3867 893 3923 sed
922 3865 1150 3922 evidens
1174 3875 1260 3922 est
1297 3867 1402 3922 hoc
1449 3883 1560 3922 non
1593 3867 1920 3938 simpliciter
1945 3881 2090 3930 esse,

510 3961 610 4020 sed
656 3971 869 4017 tantum
915 3963 972 4015 in
1018 3960 1108 4015 his
1157 3975 1392 4030 quorum
1440 3970 1627 4031 partes
1679 3959 1912 4014 diversae
1960 3966 2092 4012 sunt

511 4061 727 4107 natura:
755 4057 814 4105 et
843 4057 1020 4104 totum
1064 4056 1404 4119 componunt
1440 4049 1526 4103 vel
1562 4063 1662 4118 per
1703 4045 2088 4110 mutationem,

512 4145 600 4200 vel
631 4158 730 4214 per
771 4141 1082 4204 misturam,
1111 4141 1196 4195 vel
1229 4155 1328 4210 per
1358 4148 1882 4209 temperamentum;
1909 4137 1953 4192 si
1981 4152 2090 4192 non

509 4233 828 4306 hujusmodi
850 4240 935 4288 est
967 4231 1318 4302 compositio,
1352 4232 1406 4288 id
1437 4241 1542 4296 est,
1574 4247 1682 4286 non
1705 4230 2087 4297 commiscens,

509 4337 612 4383 aut
643 4333 1011 4388 commutans,
1054 4322 1270 4377 diversa
1317 4323 1728 4393 componentia,
1769 4330 1865 4376 aut
1905 4321 1949 4376 si
1990 4336 2090 4375 na-

516 4429 655 4474 turae
690 4432 801 4472 non
835 4423 1070 4486 possunt
1107 4413 1328 4469 misceri
1359 4414 1445 4468 vel
1481 4413 1535 4468 in
1582 4413 1816 4468 invicem
1861 4413 2087 4479 mutari,

503 4504 793 4577 quomodo
837 4502 966 4558 inde
1001 4509 1178 4558 totum
1220 4500 1538 4556 censebitur
1581 4501 1736 4571 pejus
1766 4510 1861 4556 aut
1895 4503 2092 4556 melius

480 4601 779 4656 alterutra
845 4611 1077 4652 suarum
1138 4595 1426 4666 partium?
1502 4594 1843 4650 Manifestius
1907 4606 2090 4651 autem

516 4692 774 4762 exemplo
797 4689 1055 4761 ﬁetquod
1074 4688 1333 4744 dicimus.
1355 4685 1414 4742 Si
1440 4687 1566 4757 quis
1592 4703 1659 4742 ex
1683 4703 1811 4744 vase
1835 4699 2092 4760 argenteo

510 4783 682 4838 unius
726 4781 882 4836 librae
910 4788 966 4835 et
999 4795 1066 4835 ex
1094 4793 1222 4833 vase
1252 4777 1506 4848 plombeo
1547 4778 1805 4833 similiter
1838 4780 2001 4834 unius
2026 4779 2093 4834 li-

510 4870 629 4924 bra:
659 4868 823 4924 simul
847 4868 1102 4923 conﬂatis
1122 4882 1220 4922 vas
1251 4882 1458 4922 novum
1487 4866 1716 4934 faceret,
1736 4869 2087 4924 manifestum

513 4970 600 5017 est
663 4960 900 5030 aliquale
937 4960 1218 5015 exiturum
1282 4975 1567 5015 scamnum
1631 4971 1856 5032 argento
1912 4963 2087 5032 pejus,

513 5053 739 5124 plombo
782 5067 918 5107 vero
972 5051 1202 5107 melius:
1241 5052 1297 5106 in
1345 5051 1454 5106 illis
1495 5052 1641 5106 enim
1703 5059 1790 5107 est
1835 5053 2084 5122 quaedam

513 5142 752 5197 afﬁnitas
765 5152 821 5197 et
834 5140 1140 5196 similitudo
1152 5140 1354 5210 quibus
1375 5140 1518 5194 inter
1529 5139 2050 5212 se/transmittantur
2069 5155 2084 5205 ;

508 5235 563 5289 si
599 5235 724 5305 quis
761 5242 945 5288 autem
978 5248 1074 5288 vas
1113 5248 1342 5288 aureum
1379 5233 1546 5288 unius
1590 5233 1747 5287 librae
1799 5248 1923 5288 cum
1963 5246 2093 5286 vase

514 5327 673 5381 ﬁctili
729 5325 894 5381 unius
931 5325 1089 5381 libra:
1128 5325 1481 5380 combureret
1523 5325 1608 5379 vel
1641 5325 1876 5378 alterum
1917 5324 2092 5378 altero

508 5417 866 5473 circumdatis
897 5419 952 5472 in
976 5418 1423 5489 ignemmittcret
1451 5417 1710 5487 quoniam
1741 5427 1938 5472 natura
1979 5432 2089 5470 non

512 5516 697 5580 potest
727 5507 892 5566 ﬁctile
922 5525 1048 5565 cum
1087 5526 1224 5565 auro
1268 5510 1511 5576 misceri,
1558 5524 1670 5564 non
1711 5509 1989 5564 erit-istud
2021 5525 2090 5563 ex

470 5597 474 5601 ’
511 5611 653 5652 auro
678 5605 751 5652 et-
778 5597 933 5653 ﬁctili
980 5599 1346 5670 compositum
1391 5600 1587 5654 melius
1614 5614 1749 5654 auro
1782 5598 2088 5654 secundum

510 5686 934 5744 substantialem
979 5691 1338 5760 qualitatem;
1367 5705 1500 5745 ecce
1529 5689 1676 5744 enim
1726 5705 1920 5744 aurum
1967 5690 2088 5745 sine

514 5779 821 5835 mutatione
879 5797 1078 5851 purum
1112 5790 1169 5836 et
1205 5781 1584 5852 incorruptum
1615 5782 1781 5838 etiam
1827 5782 1882 5836 in
1933 5783 2086 5837 lictili

2267 3677 2531 3749 Είποιμεν
2557 3675 2652 3734 οῦν
2682 3681 2821 3751 πρὸς
2866 3681 3012 3746 τάδε,
3046 3683 3128 3736 ὅτι
3165 3682 3336 3747 ὅντως
3381 3685 3448 3736 τὰ
3479 3684 3544 3736 ἐκ
3586 3685 3780 3755 μερῶν

2195 3767 2638 3839 ἀποτελέσματα,
2672 3771 2704 3841 ἣ
2730 3772 3017 3844 κρείττονα
3047 3773 3080 3843 ἢ
3115 3773 3337 3845 χείρονα
3369 3775 3476 3826 τῶν
3518 3776 3787 3828 ἀποτελε-

2196 3859 2407 3913 σάντων
2437 3861 2669 3914 ἑκάστου
2704 3863 2810 3933 ἰδίᾳ
2839 3862 3125 3933 θεωρεῖται
3160 3878 3173 3892 ’
3212 3863 3348 3917 ἀλλὰ
3379 3866 3668 3936 πρόδηλον,
3706 3867 3785 3931 ὡς

2193 3951 2312 4004 τόδε
2345 3953 2444 4022 οὐχ
2472 3952 2680 4018 ἁπλῶς,
2714 3954 2831 4007 ἀλλ’
2863 3954 2948 4020 ἐφ’
2976 3948 3051 4008 ὧν
3099 3955 3377 4026 διαφόρων
3415 3955 3588 4008 ὄντων
3640 3957 3786 4010 κατά

2193 4041 2357 4111 φύσιν
2427 4042 2536 4096 τῶν
2597 4043 2801 4115 μερῶν,
2835 4045 2990 4113 καὶὴ
3057 4043 3329 4107 σύνθεσις,
3366 4044 3510 4097 κατὰ
3565 4044 3783 4115 τροπὴν

2195 4134 2294 4188 καὶ
2320 4133 2542 4206 φυρμὸν
2569 4134 2665 4187 καὶ
2698 4135 2895 4206 κρᾶσίν
2924 4153 3066 4199 τινα,
3096 4137 3244 4188 ποιεῖ
3264 4135 3324 4188 τὸ
3345 4134 3405 4199 ἐξ
3432 4135 3615 4189 αὐτῶν
3643 4138 3784 4190 ἀπο-

2192 4226 2453 4297 τέλεσμα.
2524 4229 2586 4281 Εί
2640 4219 2825 4298 μέντοι
2854 4229 2887 4299 ἡ
2925 4227 3174 4292 σύνθεσις
3192 4230 3256 4281 οὐ
3282 4228 3458 4280 τοιάδε
3482 4270 3500 4292 ,
3522 4229 3693 4298 ἤγουν
3714 4229 3782 4282 οὐ

2195 4317 2500 4390 συγχυτικὴ
2534 4319 2628 4372 καὶ
2659 4319 2983 4390 ἀλλοιωτικὴ
3011 4319 3122 4372 τῶν
3172 4319 3538 4373 συνελθόντων
3579 4320 3782 4388 διαφό-

2201 4425 2333 4478 ρων,
2355 4407 2478 4462 οὕτε
2537 4409 2593 4462 δὲ
2640 4411 2695 4462 αί
2757 4409 2951 4478 φύσεις
3007 4411 3090 4472 εἰς
3147 4409 3388 4480 ἀλλήλας
3453 4411 3784 4480 συγχεῖσθαι

2194 4498 2448 4552 δύνανται
2481 4499 2514 4570 ἢ
2545 4499 2868 4570 τρέπεσθαιο
2901 4499 3019 4563 πῶς
3047 4500 3300 4554 ἐντεῦθεν
3328 4503 3512 4572 χεῖρον
3538 4502 3570 4570 ἦ
3593 4505 3786 4572 κρεῖτ-

2195 4605 2288 4642 τον
2315 4589 2378 4642 τὸ
2409 4591 2530 4643 ὅλον
2570 4589 2800 4660 θατέρου
2831 4589 2939 4642 τῶν
2983 4591 3169 4662 μερῶν
3213 4590 3583 4662 κριθήσεται;
3617 4592 3782 4645 ἔσται

2193 4680 2253 4734 δὲ
2303 4681 2472 4750 σαφὲς
2509 4682 2712 4752 μᾶλλον
2769 4683 2832 4736 ἑκ
2864 4681 3310 4753 παραδείγματος
3360 4683 3421 4736 τὸ
3455 4683 3776 4755 λεγόμενον.

2194 4774 2386 4848 Είγὰρ
2415 4775 2578 4846 τυχὸν
2603 4775 2847 4847 λιτραῖον
2879 4776 3074 4840 σκεῦος
3105 4775 3380 4848 ἀργύρου,
3413 4777 3507 4829 καὶ
3533 4777 3784 4847 λιτραῖον

2195 4866 2391 4930 σκεῦος
2433 4867 2686 4931 μολίϐδου
2721 4885 2809 4933 τις
2858 4869 3284 4938 καταχωνεύσας
3324 4871 3542 4937 ποιήσει
3580 4870 3783 4932 axe-20;

2194 4958 2252 5024 ἐξ
2281 4959 2510 5028 ἀμφοῖνο
2547 4957 2704 5028 δῆλον
2731 4958 2808 5022 ὡς
2834 4959 3078 5029 ἀργύρου
3108 4957 3208 5028 μὲν
3238 4954 3421 5029 ἦττον,
3447 4961 3702 5029 κρεῖττον
3723 4959 3780 5011 δὲ

2203 5050 2459 5120 μολίϐδου
2520 5045 2610 5105 οἷα
2665 5052 2995 5123 κασσίτερος
3050 5055 3346 5120 φανεῖται·
3395 5052 3607 5120 πέφυκε
3671 5051 3780 5122 γὰρ

2191 5144 2318 5198 τάδε
2347 5145 2436 5198 διά
2461 5162 2584 5198 τινα
2619 5143 2860 5215 φυσικὴν
2910 5144 3211 5197 εὐπάθειαν
3280 5142 3375 5197 καί⁵
3426 5143 3772 5210 συγγένειαν-

2193 5235 2442 5308 ἀλλήλοις
2474 5235 3074 5308 προσμετασὰλλεσθαι.
3110 5235 3169 5287 Εἰ
3198 5234 3256 5286 δὲ
3286 5233 3526 5304 λιτραῖον
3564 5233 3767 5294 σκεῦος

2192 5328 2442 5398 χρυσίου,
2477 5326 2706 5397 λιτραίῳ
2752 5325 2936 5380 σκεύει
2979 5325 3187 5396 πηλίνῳ
3211 5324 3375 5396 τυχὸν
3405 5325 3640 5394 συνάψει
3665 5340 3777 5391 τις,

2191 5421 2223 5492 ἢ
2256 5419 2600 5486 περιπλάσας
2619 5419 2836 5490 θατέρῳ
2858 5419 3088 5488 θάτερον
3111 5418 3196 5486 ἐφ’
3223 5417 3445 5470 ὁσονοῦν
3471 5415 3780 5486 συμπυριξ-

2192 5530 2295 5580 σει,
2328 5513 2451 5566 ἐπεὶ
2485 5512 2559 5583 μὴ
2617 5511 2828 5581 πέφυκε
2887 5511 3099 5582 χρυσίῳ
3143 5510 3316 5580 πηλὸς
3381 5509 3525 5562 κατὰ
3573 5511 3777 5578 κρᾶσιν

2194 5604 2466 5676 φύρεσθαι
2497 5643 2512 5668 ,
2547 5604 2647 5657 ούκ
2685 5604 2841 5658 ἔσται
2866 5603 2986 5656 τόδε
3007 5603 3066 5656 τὸ
3103 5604 3168 5656 ὲκ
3197 5601 3370 5673 πηλοῦ
3400 5602 3496 5655 καὶ
3543 5601 3774 5671 χρυσίου

2189 5696 2537 5766 ἀποτέλεσμά
2583 5711 2714 5748 ποτε
2754 5698 3005 5766 κρεῖττον
3034 5693 3265 5766 χρυσίου
3299 5693 3442 5747 κατὰ
3473 5692 3535 5744 τὸ
3573 5690 3773 5745 οὐσιῶ-

2181 5785 2279 5849 δες
2303 5785 2454 5838 ποιόν
2479 5798 2493 5812 ’
2525 5783 2635 5837 ίδοὺ
2669 5784 2781 5857 γὰρ
2811 5783 3209 5855 ἀμεταϐλήτως
3261 5784 3354 5836 καὶ
3403 5783 3461 5836 ὲν
3504 5786 3572 5853 τῇ
3613 5798 3771 5851 περι-

509 5870 912 5947 eircumposilo
938 5883 994 5931 ct
1035 5874 1211 5942 unito,
1259 5875 1527 5943 dicemus,
1560 5891 1739 5948 neque
1765 5891 1902 5933 auro
1933 5875 2083 5932 nudo

2190 5877 2333 5932 θέσει
2360 5877 2452 5932 καὶ
2486 5878 2545 5933 έν
2578 5880 2644 5951 τῇ
2684 5877 2874 5936 ένὼσει
2907 5876 3002 5932 τοῦ
3037 5875 3236 5949 πηλοῦ,
3263 5876 3326 5931 τὸ
3346 5877 3572 5950 χρυσίον
3607 5874 3772 5946 ἁγνὸν
