4032 6566
267 426 398 493 1517

1205 434 1600 495 ADVERSUS
1637 434 2276 496 NESTORIANOS.-
2307 439 2454 500 LIB.
2497 439 2547 498 Ι.

3398 442 3526 508 1518
3574 408 3578 413 ’

260 543 498 616 ἐροῦμεν
529 542 588 596 δν
637 545 732 600 xui
779 545 1090 616 ἀκίϐδηλον,
1146 547 1301 599 οὐδὲν
1357 548 1548 601 διοίσει
1605 548 1831 619 χρυσίου

1945 549 2239 604 secundum
2281 562 2532 608 naturam
2569 553 2809 610 dilieret.
2840 558 2961 614 Non
2995 561 3144 618 enim
3188 558 3373 616 lictilis
3397 561 3508 615 cir-

259 633 468 705 γυμνοῦ
501 635 642 688 κατὰ
679 636 779 705 τὴν
817 636 1086 706 φύσιν.Ἦ
1115 637 1224 708 γὰρ
1255 638 1537 708 περίθεσις
1584 639 1678 692 τοῦ
1725 657 1832 710 πη-

260 724 356 778 λοῦ
384 726 484 779 οὐκ
508 727 789 780 ἀναπείθει
815 727 1070 798 σώφρονα
1091 727 1239 792 νοῦν,
1276 728 1577 798 βεϐλάφθαι
1615 730 1697 792 εἰς
1726 729 1831 798 φύ-

262 835 349 871 σιν
378 817 471 870 τὸν
495 818 714 888 χρυσὸν,
755 819 901 886 ἅπαξ
931 820 1331 890 διεγνωσμένον
1363 821 1463 890 τὴν
1491 818 1654 888 φύσιν
1694 816 1833 874 εἶναι

260 909 403 980 πρὸς
456 909 522 962 τὰ
571 905 790 979 χείρονα
840 912 1255 981 ἀμετάτρεπτον
1285 929 1299 943 ·
1332 911 1449 964 ἀλλ’
1498 911 1618 964 οὐδὲ
1669 912 1833 965 πάλιν

259 1002 553 1071 κρείττονα
587 997 726 1054 εἶναι
762 1003 970 1074 γυμνοῦ
1021 1002 1241 1076 χρυσίου
1291 1003 1379 1056 διὰ
1417 1003 1516 1074 τὴν
1545 1004 1833 1075 περίθεσιν

259 1091 359 1144 τοῦ
397 1091 570 1161 πηλοῦ
600 1111 682 1157 τις
715 1094 877 1148 αὐτὸν
904 1095 1204 1163 λογίσεται·
1229 1096 1291 1150 τδ
1324 1097 1431 1168 γὰρ
1460 1097 1608 1164 ἅπαξ
1654 1100 1836 1168 κρεῖτ-

258 1199 375 1247 τον,
404 1183 496 1236 ἐπὶ
522 1186 587 1255 τῇ
631 1185 932 1257 προσλήψει
959 1186 1052 1240 τοῦ
1085 1189 1330 1259 χείρονος
1384 1189 1581 1242 ἑαυτοῦ
1616 1188 1834 1244 πώποτε

261 1275 567 1345 φανήσεται
593 1292 608 1307 ο
640 1277 737 1330 xui
763 1277 871 1350 γάρ
900 1279 1020 1333 τόδε
1050 1281 1144 1334 xui
1181 1280 1360 1350 λέγειν
1393 1281 1643 1349 μάταιον.
1693 1280 1835 1334 Ἀλλ’

261 1365 406 1418 οὕτω
439 1367 536 1436 μὲν
561 1367 706 1424 τάδε.
934 1421 940 1425 .
1457 1384 1459 1387 ’

338 1456 453 1525 Τῆς
478 1456 535 1510 δὲ
570 1458 897 1528 ἀποφάσεως
926 1460 1081 1531 ὑμῶν
1113 1462 1262 1532 ὅμως
1285 1463 1318 1533 ἢ
1343 1465 1592 1534 κρεῖττον
1621 1464 1654 1536 ἢ
1678 1459 1839 1537 ἧττον

261 1546 496 1616 ὁρᾶσθαι
528 1549 664 1620 πρὸς
688 1551 754 1605 τά
783 1553 887 1605 ἴδια
920 1553 1061 1624 μέρη
1088 1554 1148 1606 τὸ
1178 1554 1527 1626 ἀποτέλεσμα
1551 1556 1835 1628 λεγούσης,

260 1639 332 1692 τὰ
383 1641 802 1712 παραδείγματα
862 1645 990 1714 ὑμῖν
1045 1645 1172 1701 ἄλλο
1236 1665 1288 1700 τι
1350 1647 1628 1718 βούλονται
1689 1651 1838 1720 παρὰ

260 1731 324 1785 τὸ
356 1733 664 1804 εἰρημένον
694 1751 710 1766 ο
773 1738 992 1798 πάντως
1040 1738 1149 1808 γάρ
1221 1741 1468 1810 κρεῖττον
1539 1735 1681 1794 εἶναι
1732 1742 1840 1794 πᾶν

264 1824 521 1878 σύνθετον
569 1825 678 1878 τῶν
732 1829 811 1890 εἰς
855 1828 988 1881 αὐτὸ
1028 1829 1390 1884 συνελθόντων
1435 1831 1617 1902 μερῶν
1664 1849 1833 1903 φησι’

1937 638 2266 707 cumpositio
2293 641 2596 709 sapientem
2637 653 2878 699 mentem
2924 648 3281 716 persuadebit
3311 664 3509 703 aurum

1936 726 1993 781 in
2041 745 2136 783 sua
2189 741 2382 786 natura
2425 731 2593 788 fuisse
2643 734 2854 803 laesum,
2898 753 3023 794 cum
3061 739 3391 810 jampridem
3441 741 3514 795 sit

1936 831 2128 878 notum
2151 823 2287 878 illud
2307 836 2504 882 natura
2527 843 2638 882 non
2661 845 2821 899 posse
2843 831 2896 885 in
2920 833 3108 901 pejora
3129 834 3509 899 transmutari;

1936 917 2033 971 sed
2065 934 2244 987 neque
2286 919 2508 974 aliunde
2549 922 2838 991 quisquam
2872 924 3004 979 illud
3031 941 3097 980 ex
3126 927 3511 981 circumdante

1936 1007 2055 1062 luto
2106 1009 2310 1065 factum
2339 1027 2459 1066 esse
2511 1012 2660 1067 nudo
2708 1029 2846 1068 auro
2890 1016 3087 1072 melius
3145 1018 3509 1073 existimabit.

1937 1099 2096 1166 Quod
2122 1101 2268 1156 enim
2281 1104 2450 1158 semel
2471 1113 2556 1160 est
2581 1106 2879 1172 melius,ex
2891 1109 3266 1178 assumptione
3283 1110 3510 1179 pejoris.

1938 1207 2220 1263 nunquam
2263 1197 2441 1266 seipso
2474 1198 2673 1252 melius
2704 1198 3004 1255 videbitur.
3054 1199 3162 1256 Sed
3183 1202 3290 1257 hoc
3328 1201 3513 1258 dicere

1937 1298 2140 1340 vanum
2188 1294 2306 1354 est;
2345 1303 2513 1357 quare
2539 1288 2686 1343 dicta
2720 1289 3012 1346 suﬂiciant.

2009 1461 2283 1528 Quantum
2307 1461 2372 1516 ad
2395 1471 2631 1518 vestram
2653 1465 2978 1519 sententiam
2999 1480 3105 1533 qua
3129 1463 3316 1519 dicitis
3339 1473 3512 1519 totum

1938 1552 2026 1606 vel
2076 1552 2272 1607 melius
2319 1554 2408 1608 vel
2456 1555 2614 1624 pejus
2665 1571 2787 1610 esse
2837 1555 2953 1610 suis
3007 1556 3275 1624 partibus,
3329 1564 3514 1610 vestra

1939 1642 2186 1711 exempla
2231 1643 2379 1697 aliud
2428 1644 2809 1701 demonstrant
2851 1646 2958 1700 nisi
3016 1646 3067 1700 id
3108 1645 3256 1715 quod
3289 1646 3512 1702 dicitis:

1940 1733 2132 1788 dicunt
2155 1735 2302 1789 enim
2324 1736 2572 1794 absolute
2594 1753 2754 1793 omne
2780 1739 3146 1808 compositum
3179 1754 3302 1794 esse
3317 1739 3515 1794 melius

1941 1824 2056 1878 suis
2084 1825 2362 1895 partibus;
2398 1828 2684 1884 meliorem
2731 1845 2852 1885 esse
2885 1831 3108 1884 domum
3157 1830 3432 1899 lapidibus
3458 1837 3516 1884 et

261 1915 426 1970 λίθων
457 1935 514 1971 τε
555 1917 664 1990 γὰρ
709 1921 806 1972 xui
851 1919 1032 1984 ξύλων
1071 1923 1358 1992 κρείττονα
1393 1924 1486 1976 τὸν
1521 1921 1672 1978 οἶκον
1695 1964 1710 1990 ,
1743 1925 1837 1978 καὶ

1945 1915 2122 1985 lignis,
2181 1919 2413 1974 aulaaum
2469 1920 2664 1977 melius
2710 1937 2832 1977 esse
2881 1938 3149 1992 purpura,
3200 1921 3434 1976 coccino
3457 1931 3514 1974 et

260 2009 551 2080 πορφύρας
631 2011 719 2064 xui
791 2012 1045 2071 κοκκίνου
1122 2015 1219 2066 xui
1283 2014 1482 2084 βύσσου
1537 2015 1598 2068 τὸ
1668 2034 1838 2070 κατα-

260 2104 520 2168 πέτασμα
586 2105 676 2156 καὶ
732 2104 908 2176 ψυχῆς
971 2105 1067 2160 xui
1116 2106 1368 2177 σώματος
1418 2109 1510 2162 τὸν
1552 2110 1836 2180 ἄνθρωπόν

262 2215 423 2269 φησι.
472 2196 858 2268 Συγχωρητέον
937 2195 1030 2253 οῦν
1102 2199 1233 2269 ὑμῖν
1309 2200 1405 2254 xui.
1489 2203 1608 2255 τόδε
1641 2213 1666 2232 ·’
1718 2198 1837 2256 εἶτα

263 2294 465 2364 ῥητέον
496 2294 570 2358 ὡς
601 2295 749 2348 ἔστιν
774 2295 946 2358 ὅντως
974 2297 1068 2349 xui
1100 2295 1260 2348 τοῦτο
1298 2297 1495 2368 ἀληθὲς
1525 2299 1616 2352 ἐπί
1650 2316 1833 2352 τινων*

259 2382 380 2437 ἀλλ’
404 2385 506 2437 οὐκ
543 2384 654 2438 ίστε
701 2385 849 2448 ὅπως
890 2385 1058 2449 ἐστὶν,
1090 2386 1138 2437 εἰ
1167 2385 1261 2438 xui
1281 2387 1362 2439 ὅτι
1394 2386 1543 2451 ἐστι,
1580 2388 1680 2441 οὐκ
1718 2384 1835 2442 οἶδα

261 2474 384 2537 πῶς
443 2475 670 2544 ἔγνωτε..
705 2476 842 2528 Τότε
895 2475 1002 2547 γὰρ
1053 2477 1304 2545 κρεῖττόν
1338 2477 1456 2530 ἐστι
1489 2479 1551 2532 τὸ
1576 2479 1695 2532 ὅλον
1725 2480 1836 2532 τῶν

258 2564 478 2621 οἰκείων
527 2567 709 2638 μερῶν
768 2568 1029 2632 ἑκάστου,
1065 2569 1153 2621 ὅτε
1206 2568 1300 2621 ἐπὶ
1341 2571 1407 2639 τῇ
1449 2569 1698 2622 συνθέσει
1743 2571 1838 2624 xui

259 2656 450 2727 ἔτερόν
481 2676 530 2711 τι
556 2659 738 2722 αὐτοῖς
763 2660 968 2729 σχῆμα,
993 2658 1025 2729 ἢ
1052 2660 1224 2725 ποιὸν,
1255 2660 1290 2730 ἢ
1326 2655 1464 2724 εἶδός
1491 2678 1544 2714 τι
1594 2661 1838 2730 ἐπιγίνε-

261 2766 358 2802 ται
388 2767 402 2781 ν
444 2751 502 2803 ὲν
547 2749 724 2803 οὐδενὶ
779 2749 960 2802 αὐτῶν
990 2745 1116 2821 ἦνῆ
1175 2749 1344 2813 ἔστιν,
1381 2749 1519 2802 ἀλλὰ
1565 2749 1661 2802 xui
1691 2747 1838 2803 κατά

263 2837 560 2912 πρόσθεσιν
587 2842 738 2912 παρά
769 2842 838 2894 τὰ
870 2841 980 2894 τῶν
1011 2841 1194 2911 μερῶν
1235 2841 1348 2913 εἴδη
1381 2841 1559 2894 πάντα
1592 2841 1788 2911 ὁρᾶται
1818 2855 1835 2873 ο

260 2931 400 3000 τῷδε
427 2927 522 2986 οὖν
553 2931 869 2986 πλεονεκτεῖ
895 2934 922 2985 ὁ
945 2926 1092 2995 οἶκος
1126 2931 1266 3001 ὑπὲρ
1304 2930 1400 3001 τὴν
1427 2930 1536 2982 τῶν
1561 2929 1722 2982 λίθων
1744 2929 1840 2981 xui

265 3020 438 3086 ξύλων
468 3020 630 3090 φύσιν
656 3021 717 3074 τὸ
762 3023 950 3091 σχῆμα
1004 3020 1166 3091 ἔχων,
1199 3021 1293 3074 xui
1339 3021 1549 3075 τοιάνδε
1578 3019 1748 3086 θέσιν,
1773 3019 1840 3088 ἣν

263 3113 388 3166 οὐδὲ
449 3113 603 3178 ξύλον
656 3112 775 3166 οὐδὲ
817 3112 966 3176 λίθος
1022 3111 1126 3184 ἰδίᾳ
1157 3128 1171 3142 ·
1202 3112 1261 3165 ού
1312 3111 1495 3182 μέντοι
1553 3111 1839 3181 κρείττονα

266 3204 459 3274 ἑτέραν
488 3205 651 3274 φύσιν
674 3204 793 3258 οὐδὲ
821 3199 975 3268 οὗτος
1000 3204 1113 3275 ἔχει
1134 3220 1148 3236 ⁸
1176 3204 1378 3274 ὁμοίως
1398 3204 1456 3258 δὲ
1473 3204 1647 3258 καὶτὸ
1672 3221 1842 3257 κατα-

265 3296 549 3366 πέτασμα,
577 3295 752 3366 πλοκῇ
785 3297 880 3349 xui
909 3295 1155 3348 συνθέσει
1185 3296 1353 3348 τῶνδε
1396 3294 1506 3349 τῶν
1534 3297 1842 3366 χρωμάτων

265 3391 405 3461 πρὸς
461 3389 668 3457 ἄλληλα
712 3389 974 3461 ὑπερέχει
1024 3387 1133 3440 τῶν
1191 3387 1310 3442 καθ’
1341 3389 1482 3442 αὐτὰ
1533 3388 1843 3443 ἀσυνθέτων

266 3482 520 3537 ἑκάστου.
560 3483 635 3535 Οὐ
668 3481 777 3551 γὰρ
837 3480 1135 3552 χρώματος
1184 3479 1359 3535 ἁπλοῦ
1418 3481 1561 3551 λόγῳ
1598 3481 1844 3550 κρεῖττόν

267 3575 386 3627 ἐστι
426 3573 536 3626 τῶν
569 3573 713 3627 ἰδίων
751 3573 970 3627 πάντων
1012 3574 1350 3644 χρωμάτων·
1381 3573 1477 3626 xui
1503 3574 1532 3626 ὁ
1559 3572 1847 3642 ἄνθρωπος

267 3665 326 3719 δὲ
355 3665 446 3718 ἵνα
495 3667 590 3720 xui
616 3665 744 3736 δοθῇ
775 3666 904 3735 ὑμῖν
951 3666 1212 3734 κρείττων
1260 3665 1439 3734 ψυχῆς
1475 3667 1588 3729 τοῖς
1625 3663 1718 3718 διά
1746 3664 1848 3736 τὴν

265 3759 377 3813 τῶν
401 3759 618 3812 οἰκείων
645 3759 930 3828 δογμάτων
955 3758 1210 3812 σύστασιν
1240 3763 1414 3811 πάντα
1435 3756 1510 3820 ὡς
1535 3756 1692 3826 ἔτυχέ
1715 3773 1848 3826 προ·-

267 3849 642 3923 ομολογοῦσιν,
675 3851 766 3904 ἐπὶ
791 3853 856 3922 τῇ
888 3851 1132 3903 συνθέσει
1178 3848 1492 3918 καινοτέρας
1517 3847 1669 3910 τινὰς
1697 3847 1848 3918 παρὰ

265 3943 447 4015 ψυχήν
486 3959 545 3997 τε
574 3942 666 3996 xui
719 3943 878 4012 σῶμα
921 3943 1190 4012 ἰδιότητας
1223 3945 1458 4010 φυσικάς
1507 3941 1850 4011 προΐσχεται,

267 4034 333 4087 Ei
363 4030 457 4088 οὖν
505 4034 714 4088 καὶτοῦ
767 4034 928 4103 λόγου
986 4034 1212 4103 καὶτῆς
1257 4033 1459 4104 σαρκὸς
1499 4031 1850 4103 συντεθείσης

265 4125 415 4178 ἐστιν
443 4125 661 4195 άληθῶς
681 4143 734 4178 τι
760 4125 888 4179 ἰδεῖν
921 4126 1236 4195 καινότερον
1274 4125 1468 4196 ἰδίωμα
1505 4124 1724 4194 φύσεως
1755 4125 1850 4180 xui.

269 4211 330 4263 ὲν
356 4211 574 4282 Χριστῷ
610 4213 761 4282 παρᾶ
795 4213 863 4266 τά
888 4213 1005 4266 θεῖα
1033 4213 1128 4266 xui.
1155 4212 1491 4283 ἀνθρώπινα,
1519 4213 1752 4277 δεόντως
1783 4213 1851 4268 ἂν

269 4300 394 4353 καθ’
425 4301 567 4370 ὑμᾶς
589 4305 834 4372 κρεῖττον
861 4303 970 4354 τῶν
992 4301 1173 4374 μερῶν
1189 4304 1280 4354 xui
1302 4302 1363 4355 τὸ
1384 4304 1506 4356 κατ’
1529 4303 1690 4356 αὐτὸν
1713 4304 1850 4356 ἀπο-

269 4391 512 4463 τέλεσμα
539 4391 770 4463 ἐροῦμεν
793 4410 807 4459 ;
827 4393 889 4446 Εἰ
911 4392 967 4446 δὲ
989 4393 1138 4446 οὐδὲν
1160 4394 1298 4465 πλὴν
1320 4394 1429 4448 τῶν
1455 4393 1633 4447 αὐτῶν
1655 4397 1850 4466 ὁρᾶται

273 4481 478 4552 μερῶν,
498 4481 616 4544 πῶς
634 4482 727 4535 ἐπὶ
754 4485 864 4544 τοῖς
893 4484 1075 4546 αὐτοῖς
1096 4484 1154 4536 ού
1179 4484 1239 4537 τὸ
1265 4485 1504 4554 ἰσότιμον
1530 4484 1848 4556 δοξάσομεν,

269 4572 412 4629 ἀλλά
442 4573 502 4626 τὸ
531 4576 777 4644 κρεῖττον
807 4574 902 4627 τοῦ
939 4574 1060 4627 ὅλου
1093 4575 1230 4646 πρὸς
1262 4576 1332 4630 τά
1373 4577 1513 4647 μέρη
1540 4577 1610 4630 τὰ
1642 4576 1844 4645 αύτοῦ;
1882 4592 1924 4647 ι)

822 4732 826 4736 .
863 4690 1111 4743 ΚΕΦΑΛ.
1158 4690 1205 4742 Ν
1211 4689 1284 4743 B'.

359 4778 500 4833 ’Λλλ’
525 4780 614 4835 ἵνα
672 4781 919 4850 συνήθως
979 4782 1072 4834 xui
1105 4781 1370 4852 ἑτεράττα
1407 4781 1536 4844 ἴσως
1574 4782 1846 4853 δυνάμενα.

271 4869 626 4943 ἐπινοηθῆναι
679 4874 794 4934 τοῖς
851 4871 1213 4938 ἀντιλέγουσι,
1256 4873 1435 4928 πάντα
1481 4873 1847 4943 προλαϐόντες

271 4961 434 5032 ἡμεῖς
468 4961 835 5031 γυμνάσωμεν
898 4962 1179 5032 (ἀληθείας
1228 4963 1336 5033 γὰρ
1366 4965 1499 5034 ἡμῖν
1536 4967 1601 5018 ἐκ
1630 4965 1849 5027 παντὸς

273 5053 368 5105 xui
400 5053 462 5104 ού
503 5051 658 5122 νίκης
692 5053 965 5123 πάντωςή
1005 5052 1234 5121 ἔφεσις),
1265 5054 1358 5105 xui
1381 5053 1508 5108 τάδε
1542 5055 1677 5124 πρὸς
1707 5057 1852 5106 τοῖσ-

274 5141 333 5195 δε
383 5143 556 5194 εἰπεῖν
604 5141 680 5212 μὴ
730 5141 1157 5213 παραλείψωμεν
1187 5161 1198 5174 ’
1231 5144 1292 5196 τὸ
1333 5145 1390 5211 ἐξ
1439 5145 1852 5216 ἀνομοιομερῶν

273 5233 394 5286 ὅλον
424 5234 833 5302 συνιστάμενον,
861 5235 1047 5305 ἕτερόν
1074 5252 1191 5298 πως
1219 5235 1328 5289 τῶν
1361 5235 1504 5290 ἰδίων
1533 5237 1712 5308 μερῶν
1738 5240 1852 5290 ἐστι

273 5327 355 5396 τῷ
380 5344 438 5378 τε
472 5327 856 5398 συνθετωτέρῳ
877 5328 970 5380 xui
991 5328 1366 5401 ποικιλωτέρῳ
1384 5332 1478 5383 xui
1505 5331 1844 5400 τελειοτέρω,

275 5418 370 5471 xui
397 5407 830 5488 παραλλάττοντι
890 5419 1024 5491 πρὸς
1059 5422 1296 5490 ἑκάτερα
1333 5422 1474 5493 μέρη
1529 5422 1624 5474 τοῦ
1667 5422 1851 5483 ἁπλῶς

275 5511 540 5582 διαφοράν
588 5528 711 5588 τινα
778 5512 910 5582 πρὸς
943 5512 1013 5566 τὰ
1059 5515 1232 5566 οἰκεῖα
1275 5513 1416 5584 μέρη
1459 5512 1805 5584 κτησάμενον
1835 5527 1848 5539 ο

278 5603 534 5671 καθάπερ
580 5605 636 5657 ἐν
668 5605 946 5675 φαρμάκῳ
988 5605 1080 5656 xui.
1108 5605 1241 5678 οἴκῳ
1271 5606 1367 5656 xui
1397 5605 1582 5676 μύδρῳ
1625 5605 1718 5658 xui
1759 5604 1854 5657 ἀν-

281 5695 485 5768 θρώπῳ
514 5697 751 5769 ὁρῶμεν.
785 5699 874 5770 Τῷ
894 5717 952 5752 τε
985 5702 1094 5771 γὰρ
1128 5703 1192 5753 ὲκ
1222 5699 1526 5770 χαλκίτιδος
1553 5703 1648 5754 xui
1675 5701 1854 5754 ἐλαίου

285 5789 610 5860 συνθέματι,
633 5790 910 5862 τρέφουσα
933 5793 1002 5848 τὰ
1034 5793 1188 5846 κοῖλα
1219 5793 1326 5846 τῶν
1356 5793 1527 5846 ἑλκῶν
1567 5811 1856 5864 προσμαρο

280 5885 523 5957 τυρείται
570 5883 816 5956 δύναμις,
844 5886 1018 5960 ἥνπερ
1074 5885 1352 5958 οὐδέτερον
1395 5889 1503 5942 τῶν
1551 5889 1670 5943 κατ’
1720 5889 1854 5944 αὐτὸ

1941 2005 2124 2078 bysso,
2172 2017 2227 2062 et
2274 2007 2556 2066 hominem
2603 2011 2887 2067 meliorem
2931 2013 3114 2067 anima
3160 2022 3216 2068 et
3255 2027 3510 2082 corpore.

1939 2096 2054 2154 Hoc
2083 2100 2241 2154 vobis
2269 2111 2355 2156 est
2383 2103 2820 2169 concedendum,
2855 2104 3057 2160 deinde
3087 2104 3384 2160 dicendum
3407 2104 3514 2158 hoc

1938 2202 2059 2243 esse
2093 2205 2286 2260 reapse
2329 2207 2519 2246 verum
2559 2193 2614 2246 in
2649 2194 2958 2264 aliquibus;
2993 2195 3091 2250 sed
3117 2195 3345 2250 nescitis
3373 2210 3502 2264 quo-

1938 2279 2125 2345 modo,
2152 2296 2254 2335 nec
2289 2282 2406 2336 scio
2437 2284 2714 2352 quomodo
2740 2286 2926 2341 sciatis
2954 2301 3144 2340 verum
3179 2300 3319 2340 esse.
3360 2285 3517 2340 Tunc

1935 2373 2083 2428 enim
2109 2375 2307 2430 melius
2338 2385 2423 2430 est
2459 2385 2632 2431 totum
2657 2378 2890 2448 singulis
2919 2380 3035 2434 suis
3073 2379 3344 2450 partibus,
3385 2395 3514 2433 eum

1937 2480 2003 2519 ex
2032 2467 2434 2537 compositione
2469 2468 2579 2525 illis
2624 2486 2826 2526 novum
2868 2471 3001 2541 quid
3034 2470 3266 2536 accedit,
3295 2471 3411 2526 sive
3455 2471 3520 2523 ﬁ-

1937 2568 2092 2622 gura,
2135 2556 2250 2608 sive
2296 2556 2555 2624 qualitas,
2603 2558 2719 2612 sive
2770 2574 2974 2629 genus:
3024 2559 3078 2614 in
3125 2559 3277 2613 nulla
3325 2575 3516 2614 earum

1937 2651 2075 2708 erat,
2107 2659 2285 2714 neque
2316 2655 2421 2710 est,
2454 2647 2550 2703 sed
2578 2665 2679 2718 per
2710 2651 3168 2722 compositionem
3201 2661 3358 2708 extra
3387 2669 3516 2723 par-

1939 2743 2076 2798 tium
2106 2759 2303 2814 genera
2335 2757 2631 2816 apparent;
2667 2765 2846 2818 eoque
2889 2759 3112 2820 praestat
3157 2751 3354 2808 domus
3383 2752 3522 2821 lapi-

1939 2829 2070 2884 dum
2102 2841 2158 2886 et
2187 2833 2458 2902 lignorum
2485 2846 2704 2898 natura,
2756 2837 3161 2907 quodﬁguram
3194 2849 3249 2892 et
3279 2838 3517 2907 disposi-

1942 2924 2144 2978 tionem
2176 2923 2343 2979 habet
2386 2942 2523 2995 quas
2547 2943 2648 2982 nec
2679 2928 2910 2999 lignum,
2951 2945 3055 2984 nec
3101 2930 3242 3000 lapis
3264 2930 3520 2999 privatim

1941 3014 2126 3080 habet,
2171 3032 2280 3070 non
2329 3030 2510 3073 tamen
2559 3019 2724 3074 aliam
2775 3021 3060 3076 meliorem
3128 3030 3385 3076 naturam
3428 3021 3520 3076 illa

1942 3108 2137 3175 habet;
2167 3110 2422 3166 similiter
2448 3112 2705 3178 aulaeum,
2731 3128 2831 3183 per
2861 3122 3133 3168 texturam
3163 3121 3218 3168 et
3254 3114 3522 3184 conjunc-

1944 3201 2147 3256 tionem
2173 3204 2440 3270 colorum,
2468 3214 2689 3275 praestat
2711 3222 2932 3276 quoque
2953 3221 3146 3261 eorum
3167 3206 3222 3260 in
3253 3221 3312 3262 se
3337 3222 3524 3276 sump~

1944 3299 2124 3346 torum
2168 3303 2224 3348 et
2257 3303 2412 3348 extra
2449 3296 2938 3366 conjunctionem;
2979 3313 3091 3352 non
3125 3297 3275 3360 enim
3310 3297 3523 3352 ratione

1944 3384 2271 3454 simpliciter
2292 3387 2498 3442 coloris
2518 3387 2750 3459 singulis
2773 3389 3054 3444 coloribus
3081 3397 3324 3459 praestat.
3347 3388 3523 3444 Homo

1944 3493 2184 3549 quoque,
2209 3487 2271 3533 ut
2298 3479 2456 3534 vobis
2484 3481 2822 3535 concedatur
2857 3495 2985 3535 eum
3020 3479 3203 3534 anima
3241 3481 3523 3534 meliorem

1945 3585 2088 3634 esse,
2162 3571 2424 3640 quoniam
2491 3571 2558 3626 ad
2625 3571 2951 3628 stabilienda
3005 3580 3188 3626 vestra
3248 3570 3520 3640 dogmata,

1946 3661 2129 3715 omnia
2160 3661 2489 3731 proﬁtemini
2514 3671 2572 3718 ut
2598 3662 2818 3726 accidit,
2839 3678 2908 3718 ex
2929 3662 3330 3732 compositione
3355 3678 3526 3716 novas

1947 3747 2207 3815 quasdam
2262 3751 2544 3804 naturales
2589 3750 2956 3820 proprietates
3010 3760 3163 3806 extra
3221 3767 3423 3822 corpus
3470 3763 3528 3806 et

1948 3839 2186 3893 animam
2217 3841 2482 3911 acquirit:
2525 3842 2581 3896 in
2615 3841 2836 3897 Christo
2869 3842 3054 3913 igitur,
3091 3843 3140 3897 si
3173 3857 3301 3897 vere
3329 3851 3414 3898 est
3439 3849 3524 3896 to-

1950 3937 2064 3984 tum
2094 3945 2161 3985 ex
2196 3931 2377 3988 Verbo
2414 3941 2472 3986 et
2507 3946 2671 3988 carne
2716 3934 3010 4004 conjuncta
3044 3941 3305 3988 constans
3337 3947 3530 4002 quam-

1949 4039 2075 4076 nam
2100 4038 2297 4077 novam
2322 4025 2713 4094 proprietatem
2735 4025 3067 4090 naturalem,
3093 4033 3292 4094 przeter
3312 4024 3528 4079 divinas

1950 4124 2006 4170 et
2032 4115 2299 4170 humanas
2329 4115 2598 4179 dicemus.
2632 4132 2758 4171 cum
2793 4117 3100 4172 secundum
3134 4132 3230 4172 vos
3261 4126 3435 4172 totum
3470 4116 3529 4170 in

1950 4222 2011 4262 se
2040 4217 2124 4262 est
2148 4195 2346 4266 melius
2369 4208 2485 4263 suis
2510 4208 2801 4278 partibus?
2834 4207 2990 4274 Quod
3015 4208 3061 4262 si
3086 4208 3228 4262 nihil
3252 4208 3531 4262 invenitur

1952 4307 2151 4370 prmter
2204 4309 2388 4370 partes
2437 4301 2605 4370 ipsas,
2661 4301 2943 4370 quomodo
2998 4315 3108 4354 non
3160 4301 3530 4371 gloriﬁcamus

1952 4392 2096 4461 quod
2121 4394 2406 4462 aequaliter
2441 4393 2497 4446 in
2533 4391 2642 4447 illis
2665 4400 2751 4447 est
2777 4392 3184 4458 honorandum,
3207 4393 3304 4448 sed
3331 4393 3530 4449 melius

1956 4483 2124 4539 totius
2154 4485 2364 4540 relativi
2393 4485 2461 4540 ad
2493 4499 2623 4539 suas
2653 4487 2874 4555 partes?

2596 4685 2748 4742 CAP.
2785 4687 2894 4743 Lll.

2021 4775 2129 4831 Sed
2174 4792 2325 4832 more
2369 4776 2532 4833 solito
2579 4779 2828 4849 quaedam
2884 4779 3196 4835 refellamus
3255 4779 3361 4833 alia
3407 4794 3531 4850 qua:

1952 4869 2283 4924 adversariis
2320 4869 2377 4923 in
2423 4882 2663 4924 mentem
2710 4870 2899 4924 venire
2945 4877 3190 4939 possent,
3249 4869 3379 4940 quia
3423 4884 3526 4922 nos

1952 4971 2112 5033 urget
2136 4961 2403 5026 veritatis,
2448 4978 2558 5016 non
2590 4971 2772 5017 autem
2806 4971 3014 5015 tantum
3046 4961 3290 5015 victoria:
3349 4976 3525 5014 amor.

1953 5052 2064 5107 Nec
2098 5052 2420 5106 omittamus
2441 5052 2559 5106 haec
2589 5052 2838 5121 post-illa
2866 5051 3086 5105 dicere:
3122 5050 3322 5104 Totum
3356 5049 3528 5119 parti—

1954 5144 2059 5201 bus
2115 5145 2353 5199 diversis
2397 5153 2715 5199 concretum
2771 5142 2919 5197 aliud
2967 5142 3112 5197 forte
3161 5153 3247 5197 est
3303 5158 3368 5197 ac
3412 5143 3532 5211 ejus

1955 5247 2140 5308 partes
2183 5247 2239 5293 et
2275 5254 2342 5292 eo
2387 5236 2535 5306 quod
2578 5237 2898 5290 concretius
2932 5245 3018 5290 est
3065 5244 3124 5290 et
3172 5234 3319 5304 quod
3361 5237 3532 5304 magis

1956 5331 2167 5384 varium
2216 5340 2272 5384 et
2317 5328 2465 5399 quod
2509 5328 2831 5399 perfectius,
2863 5329 3042 5396 aliqua
3075 5343 3105 5380 a
3142 5327 3378 5397 propriis
3407 5341 3532 5395 par-

1960 5423 2108 5478 tibus
2157 5423 2477 5478 diversitate
2525 5431 2743 5490 recepta
2781 5435 2888 5490 qua
2929 5436 3262 5490 unaquaque
3292 5419 3530 5488 simplici

1959 5518 2199 5587 partium
2248 5524 2489 5585 prarstat,
2530 5515 2676 5570 sicut
2703 5513 2757 5566 in
2789 5514 3213 5578 medicamento,
3254 5514 3309 5567 in
3343 5513 3530 5572 domo,

1961 5607 2016 5663 in
2061 5608 2232 5678 ignito
2281 5608 2449 5670 ferro,
2496 5607 2550 5660 in
2589 5605 2815 5660 homine
2862 5605 3144 5670 videmus;
3193 5619 3429 5674 namque
3475 5602 3532 5657 in

1961 5700 2357 5769 compositione
2400 5698 2626 5753 cadmia:
2657 5706 2714 5751 et
2744 5698 2873 5760 olei,
2907 5699 3289 5752 manifestatur
3326 5698 3381 5749 in
3425 5712 3534 5748 nn-

1963 5791 2196 5846 triendis
2247 5790 2536 5844 vulnerum
2601 5789 2956 5844 interioribus
3018 5789 3290 5858 partibus,
3357 5788 3536 5840 virtus

1963 5901 2126 5958 quam
2159 5893 2353 5940 neutra
2383 5883 2618 5955 partium
2643 5884 2699 5939 in
2731 5899 2788 5940 se
2811 5893 3007 5939 natura
3036 5882 3305 5949 habebat;
3337 5880 3536 5937 domus
